4036 6276
412 281 544 340 1531

411 497 672 570 quidem,
705 503 766 552 ut
797 497 897 569 qui
923 498 1349 555 incarnationis
1396 500 1750 573 mysterium
1800 499 2051 567 tollant;

411 586 626 642 horum
650 601 804 642 vero.
834 590 898 641 ut
917 586 1019 657 qui
1037 586 1183 642 deos
1215 589 1340 643 sive
1357 588 1721 645 substantias
1745 589 1962 645 faciant
1984 605 2054 644 ea

411 691 546 747 quas
569 681 784 730 natura
817 676 1020 747 procul
1067 675 1285 733 absunt
1325 694 1360 732 a
1396 680 1749 752 prototypis.
1793 680 2055 751 Quapro-

414 769 540 834 pter
570 763 881 820 adoranda
906 765 1210 833 estimago
1229 766 1434 822 Christi
1465 767 1582 838 (hic
1608 769 1767 823 enim
1791 774 1878 823 est
1899 767 2056 824 colo-

411 853 572 925 phon
602 852 1048 916 dissertationis)
1080 854 1344 920 relative,
1377 871 1497 911 non
1538 863 1735 912 autem
1768 856 1929 912 cultu
1968 857 2052 912 la-

414 941 535 997 triaa
563 959 574 990 :
599 942 711 997 hoc
728 943 886 997 enim
906 947 1131 998 naturae
1151 943 1262 1014 ipsi
1288 945 1496 1000 Christi
1520 946 1797 1001 convenit
1829 963 1842 1012 ;
1867 962 2056 1018 quan-

411 1029 740 1101 doquidem
789 1032 962 1086 unica
993 1038 1076 1087 est
1122 1034 1412 1088 Trinitatis
1460 1035 1646 1090 latria.
1685 1036 1765 1090 Ac
1809 1051 1883 1090 ne
1922 1036 2056 1106 ipsa

411 1118 657 1190 quidem
684 1118 936 1191 Deipara
950 1121 1201 1177 colenda
1223 1128 1308 1177 est
1331 1122 1519 1188 latria,
1545 1139 1739 1196 neque
1756 1140 1900 1179 crux
1925 1124 2057 1194 ipsa

412 1208 676 1265 viviﬁca.
719 1209 809 1265 Sic
839 1225 1034 1281 neque
1066 1211 1272 1266 Christi
1317 1212 1561 1281 imagini
1609 1213 1931 1269 deferenda
1969 1220 2058 1269 est

412 1295 602 1352 latria.
631 1298 731 1353 sed
763 1299 1031 1354 adoratio
1057 1321 1068 1352 :
1093 1300 1173 1356 ita
1208 1308 1266 1356 ut
1287 1316 1498 1356 omnes
1531 1301 1930 1365 adorationes,
1953 1319 2057 1374 per

415 1385 861 1443 mediaillorum
884 1393 1222 1462 prototypa,
1240 1390 1316 1446 ad
1334 1407 1511 1446 unam
1529 1392 1861 1465 solamque
1885 1409 2057 1449 sanc-

413 1479 485 1530 ιω
514 1475 809 1532 Trinitatis
839 1478 1247 1534 adorationem
1266 1479 1614 1536 referantur.
1633 1482 1774 1538 Alite
1793 1498 2056 1555 namque

411 1579 532 1620 non
568 1563 912 1631 latreuticaa,
947 1569 1049 1624 sed
1102 1567 1426 1623 adorativaa
1457 1585 1690 1637 omnes,
1723 1573 2055 1627 secundum

411 1652 729 1709 discrimen
760 1655 1055 1712 inferioris
1081 1663 1182 1712 aut
1214 1658 1530 1714 eminentis
1559 1676 1850 1731 personas.

626 1869 887 1925 CLXVIII.
920 1900 985 1911 —
1010 1869 1232 1928 Joanm'
1263 1872 1662 1932 Grammatice
1693 1877 1786 1948 (*).

1653 285 1716 343 S.
1764 284 2135 343 THEODORI
2173 283 2500 343 STUDITIE

410 422 683 480 quorum
713 422 826 481 par
852 411 938 464 est
965 412 1350 483 utrorumque
1373 409 1755 482 blasphemia
1782 427 1796 465 :
1819 410 2056 467 illorum

2169 417 2399 482 φυσικῶς
2476 417 2782 482 προσκυνεῖν
2821 428 2836 442 ο

3615 283 3758 341 1532

2914 410 2983 462 ὧν
3062 408 3358 484 ἀμφοτέρων
3453 408 3640 473 έπίσης
3693 412 3756 462 τό

2163 497 2473 572 βλάσφημον
2508 519 2521 531 ο
2555 507 2654 551 τῶν
2710 501 2821 573 μὶν,
2877 501 2946 562 ὡς
2989 498 3334 572 ἀναιρούντων
3391 501 3449 552 τό
3497 508 3591 561 τῆς
3619 500 3760 552 οἰκο-

2160 591 2344 660 νομίας
2392 592 2717 661 μυστήριον·
2775 597 2872 641 τῶν
2935 585 2995 641 δὲ
3074 591 3140 649 ὡς
3194 590 3582 652 θεοποιοὺντων,
3641 588 3760 646 ἦτοι

2162 676 2595 729 ούσιοποιούντων
2647 679 2712 730 τὰ
2767 678 2972 750 μακρὰν
3031 675 3296 750 ἀπέχοντα
3340 684 3400 750 τῇ
3451 678 3604 749 φύσει
3655 674 3756 729 ἀπό

2159 774 2260 818 τῶν
2340 769 2708 840 πρωτοτύπων.
2813 773 3100 841 Τοιγαροῦν
3209 769 3589 840 προσκυνητέον
3664 769 3758 823 τὴν

2163 855 2334 908 εἰκόνα
2361 862 2597 928 Χριστοῦ
2624 874 2638 888 ο
2694 852 2798 909 ὧδε
2825 858 2927 930 γὰρ
2953 857 2979 908 ό
3022 854 3248 927 κολοφὼν
3276 861 3367 908 τοῦ
3396 854 3552 926 λόγου
3583 871 3596 884 ⁶
3631 872 3760 925 σχε-

2160 953 2332 1009 τικῶς,
2375 943 2482 996 ἀλλ’
2537 944 2596 996 οὑ
2641 944 2942 1018 λατρευτέον
2976 962 2987 972 ·
3041 951 3194 998 τοῦτο
3236 946 3338 1017 γὰρ
3392 950 3629 1016 φυσικῶς
3678 941 3760 994 ἐπ’

2163 1032 2323 1086 αὑτοῦ
2374 1040 2609 1108 Χριστοῦ
2641 1050 2655 1063 ⁶
2697 1032 2901 1108 ἐπείπερ
2965 1035 2993 1092 ἦ
3049 1033 3262 1105 λατρεία
3317 1037 3416 1104 μία
3461 1039 3555 1093 τῆς
3605 1032 3764 1105 Τριά-

2165 1119 2275 1185 δος.
2313 1127 2413 1176 Καὶ
2466 1118 2590 1174 οὐδὲ
2620 1123 2750 1195 αὐτῇ
2811 1127 3041 1194 Θεοτόκῳ
3070 1121 3371 1195 λατρευτέον
3405 1138 3417 1150 ·
3452 1116 3577 1172 οὑδὶ
3619 1119 3762 1190 αὐτῷ

2163 1219 2236 1282 τῷ
2263 1212 2502 1282 ζωοποιῷ
2537 1219 2765 1287 σταυρῷ.
2827 1212 3004 1274 Οὕτως
3043 1207 3167 1264 οὐδε
3220 1218 3280 1283 τῇ
3315 1216 3551 1280 Χριστοῦ
3603 1208 3765 1262 εἰκόνι

2162 1300 2462 1372 λατρευτέον
2487 1318 2498 1330 ·
2577 1299 2705 1353 ἀλλὰ
2747 1304 3132 1374 προσκυνητέον
3157 1317 3170 1329 ·
3218 1307 3398 1352 πασῶν
3452 1304 3552 1350 τῶν
3599 1317 3766 1372 προσ-

2163 1395 2426 1448 κυνήσεων
2514 1386 2608 1442 διὰ
2655 1392 2818 1461 μέσου
2865 1397 2965 1442 τῶν
3035 1389 3319 1450 κατάύτὰς
3386 1388 3760 1462 πρωτοτύπων,

2165 1481 2250 1532 ἐπὶ
2322 1483 2416 1537 τὴν
2477 1482 2600 1550 μίαν
2658 1483 2748 1531 καὶ
2806 1483 2966 1550 μόνην
3016 1478 3356 1552 λατρευτικην
3403 1477 3765 1548 προσκύνησιν

2164 1577 2255 1628 τῆς
2311 1568 2466 1639 ἁγίας
2517 1565 2742 1642 Τριάδος
2784 1567 3184 1642 ἀναφερομένων.
3241 1569 3310 1620 Ai
3356 1567 3456 1639 γὰρ
3502 1563 3652 1617 ἄλλαι
3705 1562 3764 1616 ού

2164 1657 2523 1732 λατρευτικαὶ,
2602 1656 2731 1710 ἀλλὰ
2804 1662 3164 1733 προσκυνηταὶ
3243 1654 3465 1720 ἅπασαι,
3523 1655 3660 1706 κατὰ
3707 1655 3765 1705 τὸ

2096 1767 2138 1820 Β
2169 1743 2417 1820 διάφορον
2443 1753 2532 1798 τοῦ
2564 1747 2855 1819 ὑφειμένου,
2889 1749 2920 1806 ἦ
2952 1749 3282 1818 προῦχοντος
3310 1747 3615 1816 προσώπου.

2275 1873 2577 1944 ΡΞΗ¹
2607 1904 2672 1914 -
2701 1871 2955 1945 Ἰωάννῃ
2999 1871 3457 1945 Γραμματικῷ.
3498 1865 3659 1941 [ψξ’.]

1758 1964 1894 2024 Quid
1925 1964 1994 2014 sit
2023 1962 2385 2027 suppositum,

484 2038 718 2094 Minime
772 2039 1037 2095 fucatum
1107 2043 1352 2099 sincerae
1407 2044 1708 2100 charitatis
1738 2045 2059 2101 candorem

412 2126 847 2184 demonstravit
885 2129 1320 2187 honorabilitas
1347 2137 1450 2188 tua
1491 2133 1551 2189 in
1598 2134 1690 2190 his
1719 2149 1855 2206 quae
1884 2134 2062 2189 corri-

414 2216 612 2284 genda
632 2216 976 2274 observavit
999 2220 1060 2274 in
1081 2219 1233 2276 libro
1255 2237 1292 2277 a
1313 2221 1483 2277 nobis
1510 2225 1794 2295 imperitis
1817 2238 2058 2293 compo-

413 2304 546 2360 sito.
594 2308 656 2360 Et
713 2313 885 2363 erunt
938 2308 1036 2364 illa
1098 2309 1648 2381 quidemsigillatim
1702 2329 1840 2368 cum
1911 2311 2060 2366 libro

413 2393 794 2452 conferenda.
813 2397 984 2462 Quod
1011 2414 1146 2454 vero
1166 2398 1472 2466 haesitasti,
1499 2417 1619 2472 quo
1643 2408 1820 2473 pacto
1839 2416 2058 2471 suppo-

415 2483 595 2538 situm
629 2483 708 2539 sic
738 2485 1199 2542 intellexerimus
1233 2489 1437 2559 ;quasi
1465 2491 1636 2546 aliter
1664 2507 1699 2546 a
1725 2495 1778 2546 te
1803 2489 2064 2562 accipia-

414 2577 511 2628 tur
560 2572 707 2629 sicut
750 2575 1142 2644 signiﬁcasti:
1192 2576 1604 2634 haesitavimus
1652 2595 1763 2634 nos
1795 2594 2060 2650 quoque,

415 2663 724 2733 quomodo
771 2663 1048 2720 haesitarit
1103 2666 1190 2720 vir
1218 2667 1617 2740 undequaque
1643 2668 2053 2725 doctissimus.

417 2750 804 2821 Suppositum
821 2758 1042 2819 autem,
1056 2753 1147 2808 vis
1160 2754 1751 2821 admirande,beatus
1767 2757 2060 2820 Leontius,

417 2841 587 2912 cujus
618 2841 842 2898 scholia
864 2847 1095 2898 exstant
1121 2845 1637 2915 prmstantissima,
1664 2847 2059 2902 substantiam

416 2946 543 2985 esse
570 2931 1204 3004 dicitcumhypostasi.
1233 2934 1570 3005 Dicitporro
1599 2941 1655 2990 et
1675 2951 1938 3006 magnus
1962 2937 2064 2992 Ba-

416 3018 600 3086 silius,
623 3036 742 3075 non
768 3020 830 3076 in
854 3022 1176 3090 supposito.
1211 3025 1285 3077 De
1314 3029 1522 3079 sancta
1542 3024 1795 3096 loquens
1821 3025 2065 3081 Trinita-

417 3115 491 3164 te.
525 3108 638 3164 Sed
670 3116 725 3164 et
751 3110 1230 3181 sapientissimus
1273 3112 1590 3184 Dionysius
1637 3113 1900 3185 quodam
1931 3114 2064 3170 loco

416 3197 524 3254 ait:
542 3219 569 3250 (ι
587 3198 761 3254 Multa
775 3199 1046 3272 quidem,
1062 3201 1288 3256 ratione
1303 3201 1705 3258 accidentium
1728 3219 1741 3270 ;
1756 3204 1858 3258 sed
1875 3220 2060 3259 unum

413 3288 641 3344 ratione
675 3290 986 3360 suppositi.
1021 3290 1361 3347 Accidentia
1393 3299 1593 3347 autem
1646 3308 1764 3347 non
1817 3293 1874 3347 in
1927 3293 2065 3348 sub-

413 3379 629 3433 stantia
682 3378 1023 3444 universali,
1077 3381 1182 3435 sed
1235 3380 1292 3435 in
1338 3381 1646 3451 hypostasi
1700 3387 2062 3453 spectantur,

415 3467 567 3521 sicut
587 3468 756 3522 nosti.
789 3487 818 3519 »
850 3469 1054 3538 Itaque
1076 3485 1216 3525 cum
1239 3470 1318 3525 ait
1350 3486 1364 3525 :
1397 3470 1615 3526 «Multa
1637 3472 1876 3542 quidem
1894 3472 2066 3528 ratio-

415 3570 489 3610 ne
502 3555 920 3621 accidentium,
939 3573 1124 3612 unum
1151 3573 1285 3613 vero
1297 3559 1524 3614 ratione
1541 3560 1862 3632 suppositi:
1881 3580 1910 3612 »
1927 3577 2066 3632 sup-

414 3645 677 3716 positum
709 3645 993 3701 intellexit
1010 3647 1408 3703 substantiam
1429 3665 1564 3703 cum
1585 3649 1894 3721 hypostasi
1925 3667 1938 3716 ;
1971 3666 2066 3706 ne-

416 3748 559 3804 que,
587 3738 650 3788 ut
677 3748 830 3799 reor,
858 3734 1025 3790 aliter
1049 3752 1234 3807 quam
1263 3737 1489 3800 debuit,
1512 3737 1571 3792 in
1601 3737 1753 3793 libro
1775 3742 2065 3809 scriptum

416 3826 524 3878 est.
553 3820 745 3889 Quare
775 3824 956 3889 enim,
1004 3824 1051 3879 si
1083 3841 1202 3880 non
1234 3831 1322 3880 est
1363 3841 1548 3881 unum
1579 3828 1908 3898 supposito,
1945 3845 2064 3884 non

417 3911 604 3968 tribus
635 3914 811 3968 etiam
842 3913 1186 3969 nominibus
1215 3920 1273 3970 et
1303 3915 1534 3971 rebusa
1559 3917 1851 3985 theologis
1882 3917 2064 3990 expli-

416 4001 649 4057 cabitur
677 4002 705 4056 ?
731 4003 812 4058 ita
840 4009 901 4058 ut
942 4003 1320 4076 suppositum
1355 4005 1516 4061 aliud
1571 4005 1714 4060 nihil
1755 4007 1825 4060 sit
1876 4022 2060 4077 quam

418 4090 750 4147 substantia
771 4108 905 4147 cum
929 4092 1261 4164 hypostasi.
1293 4095 1463 4159 Quod
1481 4095 1525 4149 si
1553 4094 1700 4166 quid
1723 4095 1953 4150 acutius
1982 4095 2064 4149 in-

417 4185 657 4235 ventum
710 4180 948 4237 {uerita
1005 4183 1314 4239 sanctitate
1370 4189 1491 4248 tua,
1551 4184 1610 4239 id
1661 4184 1876 4240 docere
1930 4200 2060 4250 nos,

417 4273 474 4324 et
488 4269 849 4341 perpolitum
877 4270 954 4326 ab
977 4273 1111 4342 ipsa
1128 4288 1347 4327 munus
1366 4273 1651 4344 impertiri
1673 4289 1791 4328 non
1809 4278 2059 4328 recuset.

489 4393 708 4449 CLXIX.
774 4424 841 4434 —
900 4395 1386 4540 Τὴθοιίοηῖιεβφο
1447 4397 1757 4454 Eustratio
1832 4411 2062 4466 praepo-

1115 4483 1164 4523 ει
1192 4484 1225 4524 ο
1345 4514 1357 4526 .

1115 4483 1357 4526 διιοΓ).

2238 2047 2307 2095 T6
2339 2040 2680 2115 ἁνυπόκριτόν
2725 2059 2819 2093 σου
2875 2047 2967 2102 τῆς
2999 2039 3301 2113 εἰλικρινοῦς
3340 2037 3550 2110 ἀγάπης
3597 2030 3772 2088 δέδει-

2168 2152 2262 2204 χεν
2313 2134 2342 2190 ἡ
2373 2135 2610 2203 τιμιότης
2661 2150 2754 2182 σου
2807 2131 2858 2181 ἐν
2898 2137 3004 2189 τοῖς
3054 2129 3487 2202 ἐπανορθωτικοίς
3541 2129 3772 2197 σημειώ-

2169 2241 2321 2293 μασι,
2353 2228 2443 2273 τοῦ
2474 2224 2599 2294 πρὸς
2633 2221 2776 2292 ἡμῶν
2833 2227 2933 2270 τῶν
2983 2219 3199 2290 ἀμαθῶν
3259 2217 3635 2288 συνταχθέντος
3685 2212 3772 2266 λό-

2168 2329 2286 2381 γου.
2322 2315 2424 2363 Καὶ
2471 2312 2584 2380 ἔχει
2623 2312 2712 2380 μὲν
2747 2307 2916 2360 ἐκεῖνα
2942 2306 3102 2368 οὑτως
3125 2311 3156 2365 ἤ
3185 2306 3348 2367 οὕτως
3375 2305 3766 2376 συγκεκρίσθαι

2171 2407 2241 2468 τῷ
2267 2398 2424 2471 λόγῳ.
2483 2395 2692 2456 Ἐπειδὴ
2745 2395 2804 2450 δὲ
2851 2398 3111 2470 ἠπόρησε,
3145 2404 3256 2456 πῶς
3284 2396 3408 2466 ἡμῖν
3443 2397 3678 2452 νενόηται
3711 2395 3768 2443 τὸ

2171 2489 2522 2558 ὑποκείμενον,
2576 2491 2666 2539 καὶ
2713 2487 2778 2546 ὡς
2832 2484 2992 2546 ἄλλως
3046 2481 3460 2554 ἐκλαμϐάνεσθαι
3513 2481 3637 2553 παρ’
3671 2480 3770 2532 αὑ-

2170 2584 2263 2629 τοῦ
2317 2577 2483 2648 [Cod.
2534 2578 2675 2645 Reg.
2735 2574 2942 2646 αὐτῆς],
2983 2576 3119 2626 καθά
3167 2573 3537 2645 ὑπεσημῄνατο
3569 2588 3584 2601 °
3641 2589 3767 2622 συν-

2172 2669 2510 2739 ηπορήσαμεν
2557 2669 2646 2716 καὶ
2697 2666 2863 2735 ἡμεῖς,
2915 2665 2996 2715 ὅτι
3034 2663 3298 2734 ἠπόρησεν
3354 2661 3380 2712 6
3436 2664 3553 2734 περὶ
3595 2660 3767 2712 πάντα

2175 2759 2350 2828 σοφός.
2431 2758 2501 2808 T6
2578 2755 2677 2827 γὰρ
2763 2753 3114 2824 ὑποκείμενον,
3196 2752 3235 2802 ὦ
3291 2752 3565 2821 θαυμάσιε,
3627 2750 3767 2801 κατὰ

2174 2849 2412 2898 Λεόντιον
2463 2846 2549 2895 τὸν
2594 2843 2872 2915 μακάριον,
2927 2841 2987 2893 οὗ
3037 2843 3104 2893 τὰ
3135 2839 3331 2911 σχόλια
3355 2836 3640 2912 ὑπερκαλῆ,
3672 2836 3768 2889 οὑ-

2175 2939 2295 2986 σίαν
2347 2933 2476 2986 εἶναι
2529 2931 2665 3004 λέγει
2717 2931 2849 3003 μετά
2898 2931 3254 2990 ὑποστάσεως.
3301 2933 3457 2999 Λέγει
3509 2922 3569 2979 δι
3616 2931 3708 2978 καὶ
3737 2927 3765 2977 6

2173 3027 2332 3096 μέγας
2359 3022 2646 3088 Βασίλειος,
2695 3020 2806 3072 οὑκ
2858 3021 2916 3072 ἰν
2967 3026 3049 3089 τῷ
3107 3019 3522 3088 ὑποκειμένῳ,
3564 3013 3647 3067 ἐπὶ
3672 3019 3768 3076 τὴς

2174 3113 2328 3184 ἁγίας
2355 3108 2605 3186 Τριάδος.
2643 3109 2800 3164 Ἀλλὰ
2840 3111 2942 3183 γὰρ
2975 3112 3066 3160 καὶ
3113 3109 3138 3159 6
3188 3108 3448 3178 πάνσοφος
3499 3107 3768 3165 Διονύσιος

2173 3199 2277 3254 ὧδέ
2304 3203 2404 3254 πού
2436 3219 2566 3272 φησι
2603 3203 2660 3251 τό
2694 3215 2707 3229 ⁶
2769 3220 2797 3248 ι(
2826 3197 2998 3251 Πολλὰ
3033 3202 3144 3258 τοῖς
3175 3193 3584 3268 συμϐεϐηκόσιν,
3616 3193 3666 3246 ἓν
3691 3191 3766 3265 τῷ

2172 3293 2508 3363 ὑποκειμένῳ.
2564 3287 2935 3360 Συμϐεϐηκότα
2987 3284 3047 3339 δε
3089 3287 3181 3338 ούκ
3229 3284 3278 3337 ἐν
3312 3292 3373 3357 τῇ
3424 3283 3649 3336 καθόλου
3679 3283 3765 3335 ού-

2175 3385 2286 3453 σίᾳ,
2345 3379 2450 3432 ἀλλ’
2509 3379 2558 3430 ἐν
2586 3386 2646 3450 τῇ
2698 3379 2987 3430 ὑποστάσει
3044 3377 3381 3446 τεθεώρηται,
3413 3376 3483 3433 ὡς
3511 3369 3691 3429 οἶσθα,
3733 3392 3764 3424 ››

2170 3468 2331 3522 Ὠστε
2386 3469 2539 3521 εἰπὼν
2583 3471 2640 3519 τό
2669 3487 2681 3500 -
2731 3491 2757 3516 «
2790 3465 2961 3518 Πολλὰ
3004 3471 3113 3525 τοῖς
3166 3460 3572 3535 συμϐεϐηκόσιν,
3613 3462 3663 3513 ἓν
3691 3469 3768 3532 τῷ

2173 3547 2491 3631 ὑποκειμένῳ
2524 3577 2537 3588 ·
2569 3576 2596 3608 »
2666 3559 2724 3609 τό
2789 3556 3142 3627 ὑποκείμενον,
3223 3553 3406 3604 οὐσίαν
3457 3553 3587 3622 μετὰ
3638 3550 3768 3602 ὑπο-

2177 3649 2410 3708 στάσεως
2457 3644 2628 3717 εἶληφε
2660 3664 2674 3676 ·
2707 3649 2796 3696 καὶ
2829 3643 2922 3696 οὑκ
2952 3642 3046 3706 ἔξω
3072 3649 3163 3694 τοῦ
3212 3641 3424 3705 εἰκότος,
3481 3642 3548 3701 ὡς
3595 3634 3766 3709 οἶμαι,

2172 3745 2244 3807 τῷ
2296 3737 2504 3788 κεῖσθαι
2547 3733 2595 3786 ἐν
2644 3742 2716 3804 τῷ
2765 3733 2920 3804 λόγῳ.
2984 3739 3096 3792 Πῶς
3137 3733 3237 3803 γὰρ
3292 3731 3355 3782 ἄν
3388 3737 3461 3800 τῷ
3506 3732 3577 3802 μὴ
3612 3729 3661 3780 ἔν
3691 3736 3769 3800 τῷ

2173 3828 2509 3897 ὑποκειμένῳ,
2541 3826 2610 3896 μὴ
2649 3823 2778 3894 οὑχὶ
2807 3826 2952 3896 τρισὶ
2998 3825 3087 3872 καὶ
3119 3819 3341 3891 ὀνόμασι
3375 3823 3467 3870 καὶ
3489 3819 3770 3892 πράγμασι

2175 3913 2661 3985 θεολογηθήσεται;
2728 3914 2798 3972 ὡς
2873 3906 3001 3963 εἶναι
3073 3912 3131 3961 τό
3213 3910 3548 3980 ὑποκείμενον
3612 3902 3770 3958 οὑδεν

2172 4003 2314 4068 ἄλλο,
2366 4007 2396 4060 ἤ
2452 4001 2634 4054 οὑσίαν
2681 4003 2810 4072 μετὰ
2838 4000 3201 4058 ὑποστάσεως.
3264 3997 3324 4050 Εἰ
3354 3993 3414 4050 δέ
3449 4015 3501 4048 τι
3547 3994 3770 4047 ὀπτικώ-

2172 4112 2314 4164 τερον
2346 4091 2634 4163 ἐξενεχθείη
2686 4088 2846 4163 [cod.
2900 4091 3040 4157 Reg.
3075 4086 3386 4160 ἐξευρεθείηΙ
3415 4083 3464 4136 ἕν
3501 4091 3564 4156 τῇ
3609 4083 3767 4155 ἁγιω-

2174 4185 2302 4255 σύνῃ
2337 4201 2452 4242 σου,
2476 4185 2545 4251 μὴ
2570 4182 2972 4251 παραιτήσηται
2998 4172 3241 4242 διδάξαι,
3265 4178 3323 4227 τὸ
3353 4171 3520 4245 δῶρον
3540 4172 3770 4246 πρόςαὺ-

2170 4279 2266 4332 τῆς
2292 4268 2794 4342 ἐγκαλλωπιξομενον
2825 4265 2985 4340 [cod.
3020 4267 3159 4335 Reg.
3193 4261 3693 4336 ἓγκωμιαζόμενον].

2173 4393 2314 4449 ΡΞΘ¹
2376 4394 2507 4465 «61).
2570 4423 2634 4434 -
2706 4387 3038 4462 Θεόδωρος
3081 4390 3272 4465 ’ὑπερ
3354 4388 3768 4461 Εὑστρατίου

2706 4408 2864 4445 υεοο
2885 4409 3038 4462 ωρος
3120 4408 3233 4441 υπε

2670 4466 3049 4535 ἡγουμένου.
3080 4408 3272 4534 [φιδᾌῖ

1283 4559 1434 4620 Quod
1465 4560 1702 4610 Christus
1737 4560 1805 4609 sit
1837 4556 2328 4620 incircumscriptus
2363 4559 2415 4605 et
2447 4552 2900 4616 circumscriptus.

486 4636 835 4709 Propositio,
882 4654 1067 4711 quam
1101 4655 1262 4696 sanas
1319 4643 1603 4697 doctrinas
1652 4640 1977 4704 arbitraris,
2024 4653 2060 4692 ο

2239 4642 2308 4689 Τὸ
2358 4634 2637 4708 πρόϐλημα
2692 4642 2787 4694 τῆς
2840 4630 3100 4691 δοκούσης
3157 4648 3242 4682 σοι
3283 4625 3612 4695 εὑδοξίας,ὥ
3651 4632 3768 4693 τᾶν,

415 4731 628 4794 amice,
657 4737 721 4786 ut
755 4731 903 4786 alias
935 4731 1356 4787 antecedentes
1387 4730 1478 4786 vel
1507 4731 1939 4802 subsequentes
1972 4728 2054 4783 di-

415 4819 764 4885 ctiunculas,
780 4826 1070 4892 tanquam
1086 4821 1314 4891 ineptas
1326 4826 1382 4875 et
1396 4819 1648 4886 soloacas
1662 4819 1955 4881 omittam,
1983 4817 2060 4873 ad

413 4912 666 4964 verbum
681 4914 769 4964 est
781 4909 880 4980 huj
893 4909 1147 4964 usmodi:
1164 4907 1665 4980 Quandoquidem
1681 4907 1945 4962 Christus
1969 4922 2062 4961 ve-

414 5014 516 5054 rus
532 5000 683 5053 Deus
695 5003 921 5064 noster,
936 4999 1088 5054 duas
1104 4997 1529 5063 naturas,duas
1545 4996 2062 5059 voluntates,duas

416 5086 1054 5160 operationes,unicam
1068 5103 1204 5144 vero
1217 5087 1701 5143 habeatduarum
1721 5091 2061 5141 naturarum

419 5177 1084 5248 personam,cujusnam
1099 5175 1383 5245 efﬁngam
1399 5191 1720 5246 personam
1734 5173 1763 5228 7
1776 5175 2060 5240 Quoniam

417 5264 616 5334 igitur,
634 5268 893 5337 Ecquam
910 5280 1124 5337 person
1134 5263 1651 5334 am,rogasti,audi
1666 5267 1905 5319 attente.
1923 5263 2064 5328 Quae

2172 4725 2254 4777 ἵνα
2320 4724 2482 4777 τοῐλλα
2561 4742 2647 4775 σοι
2726 4723 3096 4794 προηγούμενα
3175 4722 3266 4770 καὶ
3324 4719 3546 4788 ἑπόμενα
3609 4715 3774 4779 λεξεί-

2173 4810 2283 4878 δια,
2346 4815 2414 4873 ὡς
2465 4810 2694 4884 όισύφιλα
2770 4828 2824 4861 τε
2893 4811 2982 4860 καὶ
3062 4806 3494 4877 σεσολοικισμίνα
3569 4812 3720 4876 παρῶ
3753 4821 3766 4834 ·

2171 4906 2403 4954 τοιοῦτόν
2461 4899 2599 4953 ἐστιν
2656 4898 2735 4952 ἐπὶ
2786 4897 2965 4960 λέξεως
2994 4913 3005 4926 ·
3039 4899 3269 4968 Χριστὸς
3302 4895 3327 4945 6
3369 4892 3605 4953 ἀληθινὸς
3638 4896 3770 4955 Θεός

2171 4993 2337 5063 ἡμῶν,
2363 4987 2460 5043 δύο
2500 4992 2700 5062 φύσεις,
2729 4985 2826 5039 δύο
2877 4985 3127 5051 θελήσεις,
3163 4980 3260 5036 δύο
3306 4984 3580 5055 ἐνεργείας,
3626 4982 3675 5033 έν
3709 4978 3770 5034 δε

2170 5085 2451 5155 πρόσωπον
2512 5080 2647 5149 ἔχων
2703 5084 2801 5129 τῶν
2876 5070 2970 5126 δύο
3049 5076 3268 5145 φύσεων,
3340 5076 3478 5132 τίνος
3529 5069 3768 5122 εἰκονίσω

2171 5173 2490 5242 πρόσωπον;
2540 5162 2754 5222 Ἐπειδὴ
2811 5163 2898 5217 οὖν
2946 5163 3240 5235 ἠρώτησας,
3289 5167 3440 5213 Ποῖον
3487 5165 3766 5233 πρόσωπον

2173 5261 2398 5312 ἄκουσον
2446 5258 2692 5330 ἐμμελῶς.
2735 5258 2804 5307 T6
2833 5249 3159 5309 εἰδοποιηθέν
3193 5269 3206 5282 ·
3257 5246 3439 5308 ἐπειδὴ
3478 5249 3504 5300 6
3534 5244 3768 5308 ἁνείδεος

419 5333 678 5411 formam
705 5333 1039 5426 assumpsit
1062 5371 1075 5410 :
1097 5333 1395 5426 siquidem
1418 5352 1629 5410 formai
1651 5367 1866 5424 expers
1885 5353 2077 5423 imagc

2174 5352 2452 5423 χαρακτὴρ
2504 5355 2601 5407 τῆς
2656 5345 2991 5403 ὑποστάσεως
3044 5348 3135 5393 τοῦ
3193 5342 3395 5414 Πατρός
3451 5333 3761 5394 εἰδοποιήθη

1964 5439 2197 5500 ΝΟΤλΕ.

490 5525 1002 5674 ἓῖὴθδὲἓηξὲἕὲ..

2243 5520 2362 5664 ἔδυ)
2402 5518 2471 5575 In
2499 5515 2634 5573 cod.
2671 5517 2810 5584 Reg.
2851 5511 2987 5599 ρξγς.

2270 5589 2364 5659 61)
2405 5589 2471 5646 In
2502 5587 2638 5646 cod.
2670 5587 2816 5657 Reg.
2851 5583 2949 5660 ρξη
2973 5624 2987 5639 .

2270 5583 2364 5659 61)
2405 5589 2471 5646 In
2502 5587 2638 5646 cod.
2670 5583 2816 5657 Reg.
2851 5583 2991 5660 λοξῆ.
