4036 6276
242 306 270 363 1
283 308 390 365 533

1535 305 2046 365 EPISTOLARUM
2082 308 2219 366 LIB.
2260 309 2332 366 Π.

3468 308 3610 366 1534

236 434 297 485 τὸ
328 431 445 485 καθ’
495 433 655 504 ἡμᾶς.
702 434 772 485 T6
820 433 1073 503 ἕγχρονον
1107 445 1121 460 ⁸
1168 426 1351 489 ἓπειδὴ
1393 430 1419 482 6
1466 426 1634 493 ἀῗδιος
1680 433 1838 505 παρά-

1957 432 2309 489 substantias
2337 433 2550 498 Patris,
2568 432 2660 490 for
2672 449 2837 491 mam
2860 433 3080 489 scilicet
3109 436 3375 489 nostram
3395 431 3606 487 induit.

236 541 390 576 τασιν
434 523 548 593 ἔχει
600 520 769 595 [Cod.
830 522 970 590 Reg.
1023 519 1214 592 εἴληφε]
1266 526 1543 594 χρονικήν.
1596 524 1665 574 Τό
1722 524 1845 593 ἔχον

236 611 555 685 ὀφθαλμοὺς,
613 612 738 676 ἦτα,
791 608 929 685 ῥῖνα,
994 614 1186 680 στόμα,
1246 611 1465 683 παρειάς
1499 630 1509 641 ·
1573 606 1753 668 ἐπειδὴ
1818 612 1845 664 6

237 699 651 774 ἀσχημάτιστος
697 699 746 751 ἐν
799 704 1046 771 σχήματι
1094 699 1274 772 εὑρέθη
1328 701 1394 760 ὡς
1446 700 1733 772 ἄνθρωπος.
1774 703 1844 752 T6

542 785 722 847 ἐπειδὴ
765 789 790 840 ό
838 787 1183 860 ἀπερίληπτος
1225 786 1575 861 περιληφθεὶς,
1631 787 1840 860 ἐφιλήθη

1355 873 1535 935 ἓπειδὴ
1575 877 1600 928 ὁ
1650 877 1844 949 ἀναφὴς

236 789 355 863 φιᾏη
366 791 444 842 θέν
482 804 494 817 ’

234 879 336 930 ὑπὸ
394 885 485 931 τοῦ
536 874 820 951 προδότου.
862 880 931 930 T6
981 877 1237 951 ῥαπισθέν
1280 896 1292 909 ·

235 968 426 1039 ἕπαφος
471 971 679 1039 γεγνὼς,
734 965 1028 1041 ἐῤῥαπίσθη
1070 966 1171 1018 ὑπὸ
1215 972 1306 1018 τοῦ
1358 967 1639 1041 ὑπηρέτου.
1690 971 1759 1019 Τὸ
1794 966 1843 1018 ἐν

236 1063 449 1129 σταυρῷ
488 1056 637 1129 όφθὲν
689 1055 1009 1128 έγκάρσιον·
1065 1051 1246 1114 ἐπειδὴ
1305 1055 1331 1107 6
1383 1053 1636 1118 ἀθάνατος
1667 1056 1844 1117 κλίνας

232 1150 325 1204 τὴν
390 1145 615 1218 κεφαλὴν
682 1142 954 1218 παρέδωκε
1003 1147 1061 1196 τό
1119 1151 1346 1216 Πνεῦμα.
1410 1148 1508 1197 Καὶ
1565 1145 1623 1197 οὐ
1694 1141 1841 1197 δυοῖν

234 1240 528 1309 προσώπων
571 1241 724 1286 τοῦτο
771 1232 1081 1306 ἐμφαντικόν
1122 1252 1135 1265 ·
1193 1235 1364 1305 ἄπαγε
1409 1241 1503 1294 τῆς
1557 1232 1792 1294 ἀσεϐείας
1822 1250 1836 1264 ⁸

237 1322 347 1375 ἀλλ’
372 1322 477 1384 ἑνὸς
529 1328 813 1396 προσώπου
842 1329 932 1376 τοῦ
971 1321 1027 1374 ἐκ
1066 1318 1185 1387 δύο,
1216 1326 1307 1375 καὶ
1358 1322 1409 1375 ἐν
1449 1320 1580 1375 δυσὶ
1627 1325 1841 1395 φύσεσιν

235 1416 374 1473 ὄντος
430 1408 744 1487 ἀδιαιρέτως
789 1417 878 1465 καὶ
928 1412 1251 1483 ἀσυγχύτως
1306 1407 1694 1466 ἀποδεικτικόν.
1753 1416 1840 1465 Διό

234 1520 391 1574 φησιν
441 1503 466 1552 6
515 1504 649 1574 ἱερὸς
701 1500 1020 1561 Ἀπόστολος
1053 1521 1065 1533 '
1109 1504 1266 1573 Περὶ
1302 1508 1413 1553 τοῦ
1451 1502 1602 1554 Υἱοῦ
1642 1501 1839 1554 αὐτοῦ

231 1597 347 1642 τοῦ
384 1594 733 1662 γενομένου
766 1589 831 1642 ἐκ
864 1594 1230 1663 σπέρματος
1262 1586 1474 1642 Δαυὶδ
1503 1592 1667 1642 κατά
1698 1592 1840 1666 σάρ-

232 1696 344 1732 κα’
403 1686 511 1731 τοῦ
568 1680 949 1751 ὁρισθέντος
1013 1681 1168 1732 Υἱοῦ
1232 1683 1390 1732 Θεοῦ
1450 1680 1507 1731 ἓν
1566 1676 1840 1752 δυνάμει

1956 522 2097 587 Quae
2133 524 2383 593 tempori
2432 523 2636 579 subest
2667 540 2679 578 :
2711 524 2857 596 quia
2899 530 3153 579 aeternus
3205 522 3609 578 extensionem

1953 610 2139 666 habet
2164 612 2614 683 temporariam,
2638 611 2774 679 Quae
2799 612 3008 668 oculos
3035 611 3235 674 habet,
3270 627 3469 675 aures,
3498 626 3609 667 na-

1955 717 2109 765 sum,
2153 717 2242 767 os,
2275 701 2466 757 malas
2503 717 2516 756 :
2551 703 2692 774 quia
2722 703 2915 771 ﬁgura
2945 718 3177 767 carens,
3206 701 3267 756 in
3293 700 3489 769 ﬁgura
3518 700 3604 754 in-

1955 796 2167 846 ventus
2206 796 2292 846 est
2328 795 2391 846 ut
2419 791 2623 847 homo.
2665 793 2807 857 Quae
2844 791 3120 847 osculum
3149 790 3377 861 excepit
3418 806 3429 844 :
3464 789 3609 862 quia

1954 877 2577 951 incomprehensibilis
2605 881 3099 952 comprehensus,
3127 879 3337 936 osculo
3358 878 3606 934 affectus

1954 973 2045 1023 est
2073 984 2109 1023 a
2149 968 2469 1040 proditore.
2506 970 2648 1034 Quas
2700 968 2939 1040 alapam
2981 968 3219 1041 pertulit
3269 984 3282 1020 :
3329 969 3473 1039 quia
3501 967 3605 1039 qui

1952 1057 2114 1129 tangi
2146 1073 2265 1113 non
2299 1063 2548 1129 poterat,
2579 1058 2629 1113 is
2663 1057 2843 1113 tactui
2872 1058 3062 1114 factus
3090 1058 3406 1122 obnoxius,
3429 1057 3607 1129 alapa

1950 1161 2144 1201 cassus
2177 1152 2263 1202 est
2292 1162 2328 1202 a
2360 1147 2654 1203 ministro.
2682 1148 2821 1212 Quae
2850 1147 2909 1201 in
2950 1162 3124 1203 cruce
3156 1148 3279 1202 visa
3303 1150 3394 1201 est
3416 1151 3605 1202 trans-

1950 1236 2165 1290 versim
2193 1241 2541 1307 exporrecta
2565 1249 2577 1289 :
2607 1237 2750 1308 quia
2766 1234 3119 1291 immortalis
3141 1234 3424 1292 inclinato
3446 1236 3606 1307 capi-

1949 1328 2005 1379 te
2026 1324 2263 1379 tradidit
2293 1325 2586 1396 spiritum.
2623 1328 2823 1396 Neque
2840 1340 2979 1380 vero
3004 1324 3153 1381 duas
3182 1340 3472 1397 personas
3489 1325 3604 1381 hoc

1948 1412 2321 1469 demonstrat
2352 1430 2365 1470 :
2399 1430 2593 1485 apage
2625 1414 2783 1470 hanc
2812 1413 3182 1485 impietatem
3215 1434 3227 1472 :
3271 1413 3377 1469 sed
3417 1430 3602 1470 unam

1947 1518 2294 1574 personam,
2317 1519 2389 1559 ex
2415 1503 2655 1559 duabus
2672 1509 2728 1559 et
2748 1504 2806 1559 in
2830 1503 3068 1558 duabus
3088 1504 3316 1559 naturis
3346 1503 3603 1560 indivise

1947 1591 2382 1663 inconfuseque
2395 1592 2775 1648 exsistentem
2789 1591 3066 1647 ostendit.
3082 1593 3247 1648 Unde
3261 1593 3340 1647 ait
3357 1598 3604 1648 sanctus

1947 1679 2266 1750 Apostolus
2282 1698 2294 1736 :
2310 1682 2395 1738 De
2407 1681 2563 1737 Filio
2585 1697 2709 1749 suo,
2724 1683 2828 1752 qui
2836 1682 3041 1751 factus
3063 1688 3234 1737 est-ex
3254 1682 3470 1738 semine
3481 1683 3606 1737 Da-

232 1770 395 1821 κατὰ
431 1775 676 1839 πνεῦμα
713 1767 1109 1839 ἁγιωσύνης.
1150 1772 1333 1821 Τοίνυν
1357 1764 1570 1839 δέδειχέ
1597 1788 1704 1834 σοι,
1748 1766 1838 1822 διὰ

1949 1770 2038 1823 vid
2062 1772 2385 1825 secundum
2409 1786 2647 1827 carnem
2667 1772 2800 1843 :qui
2818 1771 3280 1840 praedestinatus
3310 1777 3391 1826 est
3412 1771 3605 1830 Filius

231 1864 324 1910 τοῦ
351 1858 530 1922 εἰπεῖν,
559 1860 721 1911 κατά
758 1860 985 1933 σάρκα,
1028 1860 1360 1933 περγραπτόν
1392 1854 1540 1924 εἶναι,
1573 1861 1691 1917 ἤτοι
1720 1857 1841 1921 ἕξει-

230 1951 561 2020 κονισμένονο
581 1943 675 1999 διὰ
696 1944 755 2000 δε
774 1953 867 1999 τοῦ
888 1948 1062 2019 φάναι,
1093 1949 1257 1999 κατά
1289 1967 1360 1999 πν
1378 1954 1543 2020 εῦμα
1572 1946 1843 2020 ἁγιωσύ-

229 2055 300 2093 νη
322 2056 362 2105 ς,
404 2037 791 2110 ἁπεργίραπτόν
820 2035 976 2088 αὐτόν
1016 2036 1275 2111 ὑπάρχειν
1320 2035 1526 2094 Ἰησοῦν
1554 2040 1783 2108 Χριστόν
1816 2049 1833 2064 ⁸

234 2124 317 2198 ἀφ’
349 2126 410 2177 οὗ
451 2124 764 2198 ἐξειληφότες
823 2126 1009 2186 πάντες
1061 2128 1110 2177 οἰ
1160 2126 1395 2199 θεοφόροι
1440 2128 1661 2197 Πατέρες
1710 2124 1839 2198 βοῶ-

235 2234 290 2268 σι
337 2219 630 2288 τρανότατα
682 2217 1033 2289 περιγραπτόν
1091 2212 1242 2266 αὐτόν
1300 2218 1389 2266 καὶ
1430 2212 1834 2289 ἀπερίγραπτον,

234 2305 419 2379 ὁρατόν
442 2322 495 2356 τε
524 2307 615 2356 καὶ
645 2301 887 2378 ἀόρατον,
919 2305 1170 2377 ἓγχρονόν
1195 2322 1247 2355 τε
1276 2307 1367 2356 καὶ
1396 2299 1489 2355 ἀῖδ
1494 2322 1588 2358 ιον.

308 2573 368 2627 Εἰ
395 2569 454 2626 δὲ
483 2572 542 2626 οὐ
573 2579 789 2648 χωρεῖς,
837 2568 1126 2625 Ἰουδαῐκὸν
1170 2574 1228 2624 1'6
1258 2571 1441 2645 λῆμμα
1474 2592 1489 2606 ο
1522 2579 1631 2635 πῶς
1662 2568 1723 2625 δε
1750 2577 1839 2625 καὶ

236 2657 335 2714 δύο
386 2663 583 2735 φύσεων
636 2664 725 2714 τὸν
776 2664 1009 2735 Χριστόν
1066 2661 1244 2733 λέγων,
1308 2665 1408 2734 φὴς
1452 2660 1838 2736 ἀπερίγραπτον

234 2755 387 2822 μόνον
413 2767 425 2780 ·
476 2758 628 2804 τοῦτο
674 2754 775 2823 γὰρ
808 2756 927 2823 μιᾶς
954 2753 1157 2821 φύσεως
1208 2750 1369 2803 αὐτοῦ
1418 2753 1531 2804 ἐστι
1577 2771 1837 2824 σημαντι-

233 2844 342 2896 κόν.
382 2843 452 2892 Τὸ
493 2836 552 2893 δὲ
588 2848 685 2892 τῶν
739 2836 856 2906 δύο,
901 2842 961 2892 τό
1001 2844 1351 2914 περιγραπτὸν
1399 2840 1578 2893 εἰπειῖν
1620 2838 1837 2893 ἀκολού-

235 2929 335 2990 θως
380 2933 469 2982 καὶ
525 2927 931 3003 ἀπερίγραπτον.
983 2929 1184 2981 Οὐκοῦν
1232 2928 1398 3002 ἑαυτῷ
1455 2929 1836 3001 ἑναντιολογεῖς.

232 3018 296 3070 Εἰ
347 3020 446 3091 γὰρ
513 3019 894 3093 άπερίγραπτος
954 3023 1106 3090 μόνον
1176 3015 1323 3071 δοκεῖ
1383 3037 1488 3081 σοι,
1542 3025 1697 3071 τοῦτο
1750 3023 1841 3071 καὶ

1948 1859 2057 1914 Dei
2076 1859 2138 1915 in
2152 1859 2368 1917 virtute
2386 1860 2711 1916 secundum
2724 1860 2999 1930 spiritum
3018 1860 3511 1927 sanctiﬁcationis
3533 1862 3574 1896 ⁷¹
3587 1900 3601 1913 .

1947 1947 2130 2017 Igitur
2160 1949 2420 2004 ostendit
2449 1948 2574 2015 tibi,
2605 1965 2743 2004 cum
2789 1949 2943 2004 dicet
2983 1949 3305 2005 secundum
3340 1964 3601 2019 carnem,

1947 2035 2358 2092 circumscribi
2384 2052 2562 2109 posse
2590 2053 2698 2093 seu
2727 2037 2978 2108 efﬁgiari
3012 2053 3025 2092 :
3058 2054 3199 2092 cum
3229 2037 3372 2092 dicit
3399 2041 3603 2093 autem

1945 2126 2271 2181 secundum
2301 2126 2572 2197 spiritum
2618 2127 3128 2196 sanctiﬁcationis,
3172 2125 3603 2182 incircumscri-

1946 2217 2114 2286 ptum
2149 2230 2278 2270 esse
2307 2215 2569 2271 eundem
2599 2217 2805 2272 Jesum
2830 2217 3147 2273 Christum.
3186 2216 3228 2269 A
3256 2231 3379 2288 quo
3409 2215 3603 2272 edocti

1946 2319 2157 2360 omnes
2186 2304 2367 2361 divini
2396 2310 2598 2378 patres
2618 2306 2956 2363 clarissima
2982 2322 3123 2361 voce
3158 2306 3508 2377 praedicant,
3534 2306 3601 2361 il-

1944 2391 2070 2447 lum
2097 2397 2151 2448 et
2170 2392 2683 2466 circumscriptum
2702 2400 2757 2451 et
2775 2395 3376 2465 incircumscriptum,
3398 2395 3605 2451 visibi-

1947 2481 2063 2536 lem
2096 2486 2152 2537 et
2175 2481 2556 2551 invisibilem,
2582 2485 3012 2555 temporarium
3040 2488 3096 2539 et
3124 2488 3434 2539 aeternum.

2017 2572 2190 2637 Quod
2216 2570 2266 2626 si
2314 2587 2435 2628 non
2475 2573 2773 2645 intelligis,
2805 2574 3056 2629 Judaica
3084 2578 3176 2628 est
3214 2573 3542 2644 propositio
3582 2587 3599 2631 :

1946 2676 2068 2733 quo
2097 2665 2297 2717 autem
2322 2669 2515 2733 pacto,
2541 2662 2797 2718 duarum
2827 2669 3178 2719 naturarum
3202 2662 3498 2718 Christum
3512 2662 3605 2718 di-

1947 2766 2108 2815 cens,
2140 2752 2558 2807 tantummodo
2603 2752 3191 2823 incircumscriptum
3235 2751 3382 2805 dicis
3411 2750 3440 2805 ?
3488 2753 3603 2808 hoc

1948 2838 2106 2894 enim
2136 2839 2374 2895 unicam
2395 2842 2443 2910 ej
2457 2857 2526 2894 us
2545 2846 2822 2896 naturam
2841 2841 3155 2910 signiﬁcat.
3172 2843 3280 2908 Qui
3298 2858 3439 2898 vero
3452 2843 3603 2897 dua-

1948 2944 2080 2983 rum
2114 2928 2293 2994 dicat,
2318 2932 2376 2983 et
2402 2929 2922 3001 circumscriptum
2948 2946 3324 3005 consequens
3339 2937 3425 2987 est
3448 2932 3607 2986 dice-

1949 3033 2031 3082 re,
2046 3023 2103 3073 et
2122 3016 2732 3089 incircumscriptum,
2753 3019 2929 3088 igitur
2951 3020 3053 3075 tibi
3070 3020 3197 3091 ipse
3218 3021 3600 3076 contradicis.

230 3111 515 3179 Μανιχαίῳ
587 3115 658 3179 τῷ
735 3106 1141 3180 ἀπαμφιεννύντι
1212 3110 1299 3160 τὸν
1374 3110 1540 3178 Λόγον
1615 3116 1711 3168 τῆς
1758 3105 1838 3159 ἀν-

1949 3106 2099 3162 Nam
2131 3105 2180 3160 si
2213 3105 2771 3178 incircumscriptus
2808 3111 3040 3163 tantum
3080 3109 3185 3164 tibi
3234 3109 3485 3175 videtur,
3519 3109 3602 3163 id-

1458 3195 1674 3271 ἀπερίγρ
1683 3216 1841 3258 απτος

1736 3305 1843 3346 πως

233 3197 584 3271 θρωπότητος.
656 3196 717 3249 Ὀ
764 3199 865 3270 γὰρ
920 3193 1090 3255 τῆσδε
1162 3199 1377 3269 γυμνὸς.

229 3289 321 3338 καὶ
373 3284 793 3348 ἀνεξεικόνιστος.
851 3287 1053 3339 Ταύτόν
1113 3288 1215 3361 γὰρ
1277 3283 1561 3360 ἀμφότερα.
1616 3284 1681 3339 Ἠ

230 3373 385 3427 πάλιν
434 3392 676 3447 μετεχεις
715 3381 806 3427 τοῦ
865 3380 1108 3447 σώματος
1162 3377 1251 3427 καὶ
1302 3377 1519 3446 αἳματος
1570 3381 1663 3427 τοῦ
1714 3381 1843 3448 Χρι-

234 3471 383 3530 στοῦ,
440 3463 602 3515 αὐτοῦ
659 3467 799 3524 ὄντος
850 3466 986 3516 κατά
1041 3466 1096 3516 σὲ
1155 3462 1570 3538 ἀπιριγράπτου,
1628 3464 1696 3514 ὧν
1759 3461 1842 3516 δι-

231 3557 467 3625 μετέχεις
513 3557 1044 3626 περιγεγραμμένων;
1096 3554 1126 3613 ἣ
1189 3557 1261 3625 μὴ
1322 3557 1531 3625 μέτεχε,
1591 3554 1630 3603 ὦ
1676 3550 1842 3627 βέλτι-

234 3660 339 3706 στε⁹
374 3643 404 3701 ἣ
450 3645 687 3714 μετέχων
735 3641 975 3714 ὁμολόγει
1032 3649 1124 3694 τοῦ
1175 3646 1655 3716 περιγεγραμμένου
1712 3650 1840 3715 Χρι-

234 3738 362 3782 στοῦ
392 3733 630 3802 μετέχειν
684 3734 743 3783 τό
790 3735 1263 3807 περιγεγραμμένον
1310 3740 1462 3804 σῶμα
1522 3736 1612 3784 καὶ
1657 3731 1791 3803 αἷμα
1821 3752 1836 3765 ο

230 3820 315 3872 ἶνα
364 3823 436 3891 μὴ
490 3819 840 3893 Παυλιανίςῃς
876 3837 888 3850 '
935 3823 998 3881 ὡς
1044 3819 1200 3891 ψιλοῦ
1249 3819 1521 3893 ἀνθρώπου
1581 3824 1835 3894 μετέχων,

229 3905 334 3960 ἀλλ’
383 3907 441 3961 οὐ
497 3915 631 3962 Θεοῦ
687 3913 1101 3983 σεσαρκωμένου.
1158 3917 1416 3969 Συνῆκται
1465 3906 1552 3962 οὖν
1610 3909 1662 3973 ἐξ
1715 3908 1837 3969 ἀλη-

232 3999 365 4059 θείας
409 3997 693 4072 ἀραρότως,
737 4000 806 4060 ὡς
846 4000 872 4051 6
924 4000 1253 4072 περιγράφων
1302 4002 1386 4051 τὸν
1440 4000 1687 4073 Χριστόν,
1741 4002 1837 4052 οὐκ

231 4084 667 4160 ἀνθρωπολάτρης
721 4086 858 4140 τίατά
931 4090 1235 4160 Νεστόριον,
1294 4088 1324 4146 ἦ
1381 4087 1837 4160 κτισματολάτρης

229 4178 366 4228 κατά
422 4174 646 4249 Ἄρειον,
732 4180 801 4238 ὡς
858 4175 1220 4249 έφληνάφησας
1296 4174 1594 4248 ἀμαθαίνων
1644 4192 1660 4210 ο
1721 4176 1832 4249 ἀλλ’

230 4263 392 4339 ἀπρὶξ
445 4261 722 4338 ὀρθόδοξος
772 4268 1093 4340 Χριστιανὸς
1140 4264 1487 4325 ἀληθέστατος
1517 4282 1528 4294 ·
1572 4268 1639 4327 ὡς
1686 4272 1777 4318 καὶ
1810 4267 1835 4318 ὁ

229 4358 302 4426 μὴ
361 4356 687 4428 περιγράφων
743 4357 879 4407 κατά
936 4357 1012 4419 σε,
1067 4357 1413 4427 Μανιχαῖζων
1460 4355 1591 4427 ὁμοῦ
1645 4374 1699 4408 τε
1746 4360 1837 4408 καὶ

231 4440 588 4505 Παυλιανίζων
640 4460 654 4473 '

225 4535 423 4604 γυμνὸν
525 4535 654 4585 Θεὸν
729 4532 973 4605 εἰσάγων,
1049 4529 1425 4607 φαντασιωδῶς
1508 4535 1832 4607 ἓνανθρωπή-

230 4640 394 4674 σαντα
444 4636 457 4651 ⁸
517 4623 574 4673 1'6
630 4617 689 4675 δε
754 4628 816 4694 τῇ
875 4622 1005 4694 αὐτῇ
1067 4630 1204 4695 φωνῇ
1264 4630 1357 4675 τοῦ
1416 4621 1831 4698 ἀπεριγράπτου.

227 4711 295 4770 ὡς
367 4708 525 4781 ψιλοῦ
616 4709 887 4786 ἀνθρώπου
985 4716 1217 4783 μετέχων
1295 4720 1448 4784 σῶμα
1539 4717 1627 4764 καὶ
1700 4713 1834 4785 αἷμα

226 4800 364 4852 κατά
429 4798 661 4867 Παῦλονλ
726 4805 816 4853 καὶ
890 4800 948 4853 οὐ
1026 4808 1158 4854 Θεοῦ
1233 4799 1432 4861 ἀληθῶς
1508 4803 1832 4875 ἑνανθρωπή-

230 4908 415 4949 σαντος
428 4933 441 4946 .

371 5189 471 5242 PO’
509 5189 646 5261 (62).
677 5220 743 5232 ——
774 5186 1093 5264 Θεοδώρῳ
1133 5187 1445 5264 διακόνῳ.

1949 3196 2146 3266 ipsum
2162 3200 2218 3250 et
2231 3194 2573 3260 Manichaeo,
2595 3195 2700 3267 qui
2719 3195 2975 3251 Verbum
2992 3198 3209 3268 spoliat
3230 3197 3600 3253 humanitate

1948 3286 2051 3357 qui
2079 3285 2236 3340 enim
2270 3284 2366 3339 illa
2396 3290 2574 3350 caret,
2610 3285 3161 3357 incircumscriptus
3194 3292 3280 3343 est
3323 3292 3380 3342 et
3408 3285 3599 3343 inefﬁ-

1949 3373 2378 3443 giabilis.ldem
2392 3373 2548 3428 enim
2566 3374 3048 3430 suntambo.Aut
3062 3392 3272 3430 rursus
3286 3376 3597 3448 quomodo

1949 3462 2273 3535 participas
2313 3478 2531 3534 corpus
2557 3467 2614 3519 et
2645 3466 3001 3532 sanguinem
3048 3464 3274 3529 Christi,
3308 3480 3446 3520 cum
3472 3465 3599 3536 ipse

1949 3558 2051 3607 tua
2069 3551 2360 3607 sententia
2381 3551 2458 3606 sit
2480 3551 3051 3624 incircumscriptus,
3075 3560 3131 3609 et
3147 3553 3600 3626 circumscripta

1949 3640 2067 3696 sint
2095 3656 2167 3696 ea
2196 3656 2333 3712 quae
2365 3640 2686 3712 participas
2718 3642 2747 3698 ?
2794 3642 2905 3696 Aut
2937 3642 3292 3714 participare
3340 3642 3598 3710 abstine,

1948 3730 2038 3786 vir
2066 3730 2311 3803 optime,
2335 3736 2436 3785 aut
2465 3731 2827 3802 participans
2844 3730 3126 3787 conﬁtere
3154 3740 3207 3788 te
3233 3732 3600 3789 circumscri-

1950 3820 2030 3893 pti
2075 3820 2282 3877 Christi
2313 3819 2828 3890 circumscriptum
2861 3835 3080 3891 corpus
3133 3825 3190 3876 et
3237 3822 3596 3890 sanguinem

1944 3910 2304 3983 participare
2337 3925 2351 3963 :
2387 3914 2449 3963 ut
2478 3923 2599 3963 non
2633 3908 3015 3974 Paulianizes,
3044 3909 3200 3965 velut
3224 3910 3457 3965 nudum
3488 3910 3599 3967 ho-

1946 3998 2193 4063 minem,
2209 4003 2263 4052 et
2288 4012 2409 4052 non
2434 3999 2614 4052 Deum
2640 3996 3018 4053 incarnatum
3040 3998 3423 4070 participans.
3447 4000 3597 4070 Apte

1942 4086 2123 4156 igitur
2139 4102 2206 4140 ex
2233 4086 2477 4141 veritate
2500 4084 2849 4141 conclusum
2878 4091 2986 4149 est,
3010 4102 3146 4141 eum
3177 4086 3282 4158 qui
3300 4087 3595 4144 Christum

1945 4174 2396 4242 circumscribit,
2429 4189 2549 4230 nan
2573 4189 2702 4230 esse
2732 4174 2994 4230 hominis
3017 4175 3395 4231 adoratorem
3422 4174 3596 4246 juxta

1945 4265 2302 4328 Nestorium,
2328 4278 2436 4318 nec
2456 4268 2741 4319 creaturas
2757 4264 3156 4326 adoratorem,
3176 4266 3347 4337 juxta
3368 4266 3593 4331 Arium,

1947 4355 2098 4409 sicut
2149 4358 2211 4408 tu
2258 4352 2528 4423 imperite
2578 4358 2836 4422 nugatus
2866 4369 2929 4409 es
2974 4371 2989 4420 ;
3040 4353 3144 4409 sed
3195 4353 3596 4410 orthodoxum

710 4446 767 4495 τό
826 4446 916 4516 μὲν
969 4451 1030 4517 τῇ
1094 4451 1189 4496 τοῦ
1245 4442 1634 4518 ἀπεριγράπτου
1695 4452 1831 4518 φωνῇ

1950 4443 2270 4507 mordicus,
2309 4442 2808 4515 verissimumque
2838 4442 3239 4498 Christianum
3271 4444 3596 4515 :quemad-

1947 4532 2198 4588 modum
2220 4532 2323 4603 qui
2354 4536 2549 4587 tecum
2577 4546 2699 4587 non
2720 4530 3170 4596 circumscribit,
3202 4532 3262 4586 in
3289 4530 3593 4589 Manichaei

1948 4620 2129 4678 simul
2152 4624 2211 4677 et
2240 4620 2398 4676 Pauli
2426 4620 2683 4676 haereses
2707 4620 2953 4677 incurrit
2987 4640 2999 4680 :
3038 4620 3095 4675 in
3128 4620 3291 4677 illam
3321 4620 3596 4693 quidem,

1944 4712 2078 4783 ipsa
2106 4710 2606 4781 incircumscripti
2637 4726 2778 4766 voce
2803 4710 3093 4766 inducens
3118 4709 3350 4765 nudum
3381 4711 3593 4776 Deum,

1944 4801 2313 4870 phantastice
2357 4800 2667 4856 hominem
2706 4799 2927 4857 factum
2959 4816 2973 4867 ;
3004 4798 3063 4855 in
3106 4799 3265 4854 hanc
3295 4815 3453 4863 vero,
3486 4814 3593 4869 per

1941 4888 2217 4944 eamdem
2250 4888 2738 4961 incircumscripti
2758 4905 2985 4954 vocem,
3007 4892 3068 4944 ut
3092 4886 3196 4959 qui
3228 4887 3373 4943 nudi
3400 4887 3594 4943 homi-

1939 4978 2030 5032 nis
2063 4993 2279 5049 corpus
2303 4984 2357 5033 et
2385 4978 2741 5050 sanguinem
2772 4978 3058 5050 percipiat
3086 4976 3421 5033 secundum
3446 4978 3588 5033 Pau-

1933 5065 2082 5133 lum,
2114 5072 2170 5123 et
2198 5082 2320 5123 non
2352 5066 2457 5124 Dei
2483 5083 2619 5123 vere
2641 5067 2901 5124 hominis
2940 5066 3103 5122 facti.

2245 5193 2437 5249 CLXX.
2468 5222 2538 5233 —
2583 5190 2882 5248 Theodoro
2911 5189 3162 5246 diacono
3192 5188 3273 5261 (Ἰ.

1314 5280 1681 5331 Confutatoria
1713 5281 2085 5333 hmreticarum
2114 5280 2498 5345 quaestionum.

294 5359 443 5414 Ἥκω
483 5368 546 5434 τῇ
597 5358 848 5435 ἐπιτροπῇ
898 5368 993 5424 τῆς
1046 5360 1257 5434 ἀγάπης
1289 5381 1383 5416 σου
1423 5360 1509 5416 έπὶ
1553 5368 1616 5435 τῇ
1673 5360 1835 5417 ἀπαν-

294 5468 343 5505 ⁷¹
376 5468 549 5525 Rom.
580 5481 621 5535 1,
653 5465 709 5523 3.

1977 5361 2179 5429 Venio,
2226 5361 2533 5419 charitatis
2586 5365 2701 5419 tuae
2740 5357 3052 5426 mandato,
3097 5357 3177 5416 ad
3218 5356 3580 5416 refellendas

1804 5538 2030 5598 ΝΟΤᾸΕ.

294 5618 409 5696 (62)
440 5618 507 5676 In
536 5617 674 5676 cod.
705 5619 845 5691 Reg.
876 5617 1015 5694 ρξζ’.

2006 5619 2078 5694 (‘)
2110 5619 2487 5691 Dogmatica.
