4036 6276
437 283 456 332 1
468 277 577 334 535

431 402 849 460 haereticorum
865 404 1258 475 objectiones:
1275 420 1426 476 quas
1442 404 1492 459 si
1504 407 1660 460 recte
1670 403 2080 469 confutavero,
2111 402 2158 456 A

431 493 736 563 scriptioni
767 493 1024 561 sigillum
1060 509 1298 566 appone
1337 511 1350 562 ;
1384 495 1473 549 sin
1505 494 1725 559 minus,
1757 492 2083 564 explicabis

431 581 559 651 ipse
585 581 923 638 dilucidius.
949 583 1096 647 Quia
1120 599 1256 638 vero
1288 583 1606 638 commode
1629 584 1778 637 solvi
1806 582 2085 638 haeretica

429 669 688 740 objectio
711 687 830 725 non
851 677 1063 742 potest,
1090 672 1200 726 nisi
1222 671 1556 743 propositio
1582 672 1712 742 ipsa
1728 675 2083 743 exponatur,

434 758 630 828 priore
662 758 762 815 illa
790 759 922 815 loco
953 765 1256 826 statuetur,
1291 766 1416 816 tum
1448 760 1664 816 deinde
1695 759 1844 816 ﬁdes
1887 760 2086 816 ortho-

433 846 611 903 doxa.

969 1108 1228 1179 Objectio
1265 1111 1548 1167 haeretici.

504 1195 697 1251 Unam
729 1199 1007 1253 naturam
1038 1199 1137 1254 Dei
1170 1199 1341 1254 Verbi
1370 1199 1745 1255 incarnatam
1771 1198 2084 1262 conﬁtens,

435 1287 623 1338 totum
663 1285 954 1356 quiddam
989 1288 1306 1354 Christum,
1341 1290 1464 1342 sive
1511 1304 1694 1343 unam
1734 1286 2082 1343 totalitatem

438 1389 508 1428 ex
537 1375 831 1444 partibus,
863 1376 1171 1432 divinitate
1212 1377 1437 1433 scilicet
1477 1385 1532 1432 et
1572 1377 1959 1441 humanitate,
2001 1376 2087 1430 di-

429 1462 577 1517 citis.
619 1464 1061 1534 Interrogamus
1101 1482 1264 1536 ergo,
1306 1467 1597 1538 quidnam
1641 1473 1861 1522 sanctae
1903 1465 2085 1520 Trini-

434 1551 535 1606 tati
567 1554 976 1608 annumeratis
1007 1554 1035 1609 ?
1061 1561 1347 1620 totumue,
1381 1573 1458 1611 an
1488 1561 1719 1629 partem
1747 1555 1775 1609 εἰ
1808 1558 1868 1610 Et
1904 1555 2085 1625 siqui-

434 1639 573 1695 dem
622 1646 828 1707 totum,
863 1657 981 1698 non
1015 1644 1120 1698 erit
1149 1653 1356 1700 sancta
1388 1647 1636 1700 Trinitas
1687 1645 2084 1700 consubstan-

433 1728 589 1784 tialis
621 1746 633 1783 :
669 1730 712 1783 si
761 1746 900 1785 vero
940 1737 1194 1802 partem.
1225 1739 1328 1788 aut
1379 1734 1746 1788 divinitatem
1789 1749 2081 1788 annume-
2117 1755 2160 1810 Β

432 1822 655 1887 rantes,
696 1824 862 1874 extra
911 1827 1182 1877 sanctam
1231 1821 1572 1879 Trinitatem
1615 1824 1928 1895 perspicue
1979 1823 2083 1877 hu-

434 1905 783 1962 manitatem
814 1908 1141 1980 relinquitis
1171 1926 1184 1974 ;
1216 1912 1772 1969 authumanitatem
1796 1928 2084 1968 annume-

431 2000 650 2061 rantes,
683 1997 1051 2054 divinitatem
1082 2003 1248 2056 extra
1272 2001 1610 2058 Trinitatem
1650 2003 1844 2060 dicere
1875 2004 2082 2075 depre-

436 2084 802 2141 hendemini.

951 2167 1173 2224 Salutio
1201 2170 1558 2243 objectiom’s.

509 2252 701 2309 Unam
750 2258 1030 2312 naturam
1075 2258 1244 2314 Verbi
1293 2260 1664 2318 incarnatam
1713 2261 2081 2331 conﬁtentes,

436 2356 560 2397 non
593 2343 938 2414 simpliciter
965 2350 1148 2402 totum
1189 2348 1480 2419 quiddam
1526 2351 1843 2416 Christum,
1877 2351 1979 2406 sed
2011 2367 2083 2407 ex

438 2430 679 2486 duabus
708 2434 1094 2489 totalitatibus
1119 2436 1292 2491 simul
1322 2439 1676 2507 conjunctis,
1703 2441 2008 2496 divinitate
2029 2447 2084 2496 et

436 2519 1213 2586 humanitate,contitemur:
1235 2527 1565 2582 secundum
1583 2544 1734 2600 quas
1747 2531 2082 2590 totalitates.

438 2623 574 2678 quas
609 2615 671 2662 ut
700 2614 896 2678 partes
924 2611 1002 2665 ad
1031 2615 1526 2684 compositionem
1559 2623 1886 2689 assumptas
1923 2622 2082 2682 sunt,

439 2699 593 2751 totus
623 2703 733 2760 est,
766 2704 1054 2770 tanquam
1099 2700 1275 2766 Deus,
1312 2705 1460 2758 Patri
1492 2711 1547 2761 et
1595 2706 1833 2777 Spiritui
1876 2717 2084 2764 sancto

441 2785 786 2841 naturaliter
808 2788 1160 2859 conjunctus
1193 2807 1207 2856 ;
1235 2803 1290 2846 et
1313 2799 1489 2859 totus,
1518 2795 1676 2850 velut
1713 2796 1916 2863 homo,
1943 2813 2081 2853 cum

442 2879 630 2928 matre
661 2882 716 2930 et
737 2875 908 2930 nobis
926 2878 1393 2936 substantialiter
1418 2890 1729 2956 cooptatus
1753 2903 1766 2952 ;
1799 2886 2081 2957 singulari

441 2961 781 3018 charactere
822 2965 1114 3035 colligans
1141 2974 1404 3026 extrema
1453 2971 1510 3026 in
1544 2974 1762 3044 seipso,
1796 2981 2087 3032 extremo-

441 3067 694 3123 rumque
725 3053 1100 3111 deﬁnitiones
1131 3057 1348 3114 illaesas
1377 3067 1430 3114 et
1456 3062 1800 3118 inconfusas
1832 3065 1892 3118 in
1917 3066 2087 3120 unio—

441 3155 515 3194 ne
568 3157 956 3198 conservans.
998 3146 1056 3199 In
1102 3162 1224 3218 quo
1271 3149 1518 3205 Trinitas
1572 3157 1777 3208 manet
1812 3154 2081 3220 Trinitas,
2116 3117 2163 3178 Ο

441 3230 701 3285 alienum
733 3232 1065 3304 quidquam
1099 3252 1135 3290 a
1173 3243 1386 3292 natura
1417 3255 1522 3310 per
1563 3241 1927 3298 additionem
1967 3259 2086 3298 non

442 3318 760 3374 admittens
797 3339 811 3387 ;
854 3329 910 3376 et
941 3323 1285 3381 humanitas
1345 3335 1547 3383 manet
1599 3330 1968 3397 humanitas,
2011 3331 2089 3387 ab

443 3408 608 3463 unita
630 3408 736 3462 sibi
765 3409 1070 3467 divinitate
1095 3414 1335 3470 minime
1357 3416 1576 3474 divisa.
1609 3420 1980 3491 Quapropter
2001 3437 2090 3476 ra-

442 3497 615 3551 tionis
629 3512 839 3567 expers
857 3499 962 3555 fuit
984 3501 1242 3572 objectio
1266 3511 1385 3572 tua,
1404 3521 1474 3561 ex
1502 3508 1938 3579 Acephalorum
1951 3526 2091 3566 con-

441 3584 817 3642 fundentium
850 3589 1065 3646 haeresi
1091 3591 1399 3649 ebulliens.

730 3693 989 3764 Objectio
1019 3699 1212 3755 altera
1239 3701 1493 3770 ejusdem
1519 3703 1804 3761 haeretici.

513 3780 615 3835 Hic
647 3782 930 3850 Christus,
963 3801 1142 3857 quem
1176 3804 1284 3843 nos
1324 3790 1696 3856 conﬁtemur,
1736 3811 2092 3852 annumera-

444 3873 537 3924 tur
564 3877 785 3927 sanctte
815 3873 1096 3942 Trinitati,
1134 3877 1220 3932 vel
1242 3894 1382 3933 non.
1410 3882 1474 3935 Et
1504 3881 1551 3935 si
1591 3884 1836 3954 quidem
1869 3894 2090 3941 sanctae

443 3957 706 4015 Trinitati
759 3971 1208 4032 annumeratur,
1252 3983 1374 4039 quo
1433 3976 1606 4039 pacto
1661 3972 1786 4042 jam
1844 3974 2092 4029 Trinitas

442 4048 547 4103 erit
573 4050 1094 4109 consubstantialis
1123 4055 1150 4110 ?
1183 4056 1237 4112 Si
1267 4063 1464 4112 autem
1499 4075 1619 4114 non
1641 4070 2088 4130 annumeratur,

442 4153 552 4192 nec
602 4140 753 4193 Deus
783 4141 908 4206 erit,
959 4143 1062 4197 sed
1097 4144 1294 4198 nudus
1344 4152 1572 4202 tantum
1607 4149 1811 4207 homo.
1864 4151 2092 4216 Quibus

443 4241 552 4281 vos
594 4227 790 4282 verbis
832 4228 1271 4288 dubitationem
1300 4234 1557 4302 solvetis,
1591 4237 1836 4294 illaasam
1864 4240 1937 4294 de
1973 4257 2092 4296 uno

445 4316 672 4372 Christo
695 4325 1000 4374 servantes
1019 4322 1398 4394 opinionem;
1429 4329 1640 4382 eadem
1669 4328 1798 4400 ipsa
1819 4330 1991 4385 nobis
2014 4330 2092 4385 ad

440 4403 599 4460 hanc
625 4405 940 4464 sufﬁcient.

961 4500 1190 4557 Salutio
1220 4503 1582 4574 objectionis.

519 4583 619 4639 Hic
650 4585 931 4653 Christus,
955 4604 1134 4660 quem
1164 4607 1272 4647 nos
1297 4594 1670 4661 conﬁtemur,
1704 4596 1924 4668 quibus
1946 4596 2096 4653 veri-

446 4673 578 4728 tatis
603 4675 798 4730 verbis
829 4677 1086 4747 priorem
1120 4681 1517 4751 objectionem
1547 4685 1784 4756 repulit,
1809 4686 2010 4741 iisdem
2042 4692 2098 4742 et

445 4771 794 4834 praesentem
825 4767 1084 4837 repellet,
1119 4775 1181 4826 ut
1205 4786 1338 4842 quae
1370 4788 1575 4844 parem
1605 4776 1864 4830 continet
1891 4775 2098 4847 impie-

445 4859 650 4910 tatem.
696 4855 880 4920 Quem
917 4873 1055 4913 vero
1082 4875 1188 4914 vos
1220 4860 1537 4927 Christum,
1571 4878 1750 4918 unam
1780 4864 1998 4919 scilicet
2025 4881 2094 4920 ex

446 4944 739 5014 partibus,
773 4944 1078 5002 divinitate
1103 4953 1160 5002 et
1186 4947 1575 5018 humanitate,
1611 4952 1961 5008 totalitatem
1995 4968 2098 5008 na-

447 5031 701 5087 turalem
731 5034 1087 5103 praedicatis,
1117 5052 1226 5092 nec
1251 5039 1777 5095 consubstantialis
1807 5047 1898 5096 est
1923 5041 2093 5104 Patri,

446 5121 746 5192 siquidem
779 5125 942 5179 Pater
973 5126 1125 5180 Deus
1156 5126 1349 5181 solum
1380 5134 1489 5192 est,
1518 5134 1713 5184 etnon
1743 5134 1925 5184 homo
1955 5148 1966 5185 :
2003 5145 2099 5184 ne-

448 5227 566 5283 que
590 5211 1111 5269 consubstantialis
1139 5215 1311 5270 matri
1341 5231 1354 5280 ;
1385 5216 1683 5287 siquidem
1701 5223 1889 5273 mater
1912 5219 2098 5274 homo

450 5305 536 5355 est
557 5305 810 5366 tantum,
830 5308 885 5357 et
909 5319 1028 5358 non
1062 5305 1212 5358 Deus
1247 5320 1258 5359 :
1285 5310 1341 5360 et
1362 5309 1596 5375 tempus
1627 5311 1721 5361 est
1752 5313 1811 5362 ut
1840 5306 2099 5362 Christos

449 5391 597 5446 alios
625 5392 924 5462 quaeratis,
950 5392 1172 5461 quibus
1198 5395 1307 5449 iste
1330 5393 1403 5448 sit
1427 5395 1987 5464 consubstantialis;
2017 5397 2098 5451 si-

449 5476 695 5551 quidem
721 5495 838 5535 non
858 5484 950 5535 est
980 5481 1157 5536 ullam
1180 5483 1435 5553 reperire
1456 5490 1732 5540 naturam
1755 5501 1890 5557 quas
1921 5486 2100 5540 unius

455 5575 686 5626 tantum
703 5585 972 5642 personae
990 5572 1234 5644 propria
1251 5573 1343 5629 sit.
1361 5574 1532 5640 Quod
1553 5577 1600 5631 si
1622 5591 1745 5631 non
1764 5575 2097 5642 inveniatis,

1696 279 1757 336 S.
1799 273 2172 335 THEODORI
2215 275 2548 335 STUDI'LE

2124 4473 2168 4528 D

2191 407 2344 461 τήσει
2395 411 2495 456 τῶν
2543 406 2814 478 αἰρετικῶν
2864 404 3239 480 προϐλημάτων
3283 422 3302 440 ο
3359 409 3448 460 καὶ
3497 405 3543 458 εἰ
3597 409 3687 479 μὲν
3734 403 3793 459 εὖ

2192 493 2569 566 ἀπαντήσοιμι,
2628 492 2794 555 ἐπίθες
2846 498 2943 552 τήν
2999 491 3272 567 σφραγῖδα
3308 503 3380 566 τῷ
3430 494 3565 566 λόγῳ
3595 512 3609 524 ·
3642 495 3687 546 εἰ
3730 491 3794 547 δὲ

2190 587 2344 654 μήγε,
2383 587 2724 654 σαφηνίσειας
2762 584 2913 644 αύτός
2951 583 3351 658 εὐκρινέστερον,
3394 584 3535 637 Ἐπεὶ
3584 580 3644 637 δε
3684 584 3795 657 οὐχ

2191 668 2296 723 οἶόν
2353 691 2408 724 τε
2464 673 2519 725 εὖ
2572 673 2712 745 μα’λα
2769 670 3022 726 διαλῦσαι
3069 679 3127 726 τό
3178 675 3436 748 αἱρετικὸν
3490 672 3790 748 πρόϐλημα,

2191 759 2356 831 [Cod.
2410 763 2550 830 Reg.
2605 762 2862 834 φρόνημα]
2897 762 2940 814 εἰ
2981 767 3053 834 μὴ
3107 761 3238 821 αύτὴ
3285 765 3315 820 ή
3348 767 3602 836 πρότασις
3655 762 3796 816 ἀπο-

2193 845 2460 902 δείκνυται
2507 849 2677 923 [ϐοά.
2733 853 2868 917 Reg.
2903 848 3289 922 ύποδείκνυτο],
3345 860 3547 926 πρῶτον
3596 853 3795 904 κείσθω

2192 937 2347 1005 αὕτη,
2379 943 2469 991 καὶ
2517 939 2610 992 εἶθ’
2640 940 2798 1000 οὕτως
2826 942 2854 998 ή
2889 937 3173 1015 ὄρθόδοξος
3204 945 3404 1002 πίστις.
3439 939 3590 1013 ]Cod
3626 943 3793 1011 .Reg.

2190 1027 2396 1100 λύσις.]

2619 1107 2964 1181 Πρὸϐλημα
3002 1110 3354 1184 αἱρετικοῦ.

2261 1199 2400 1250 Μίαν
2443 1198 2596 1268 φύσιν
2626 1204 2717 1249 τοῦ
2757 1205 2892 1250 Θεοῦ
2946 1203 3121 1269 Λόγου
3171 1201 3570 1270 σεσαρκωμένην
3613 1196 3799 1269 ὁμολο-

2190 1291 2421 1355 γοῦντες,
2471 1285 2584 1337 ὅλον
2631 1305 2684 1338 τι
2730 1291 2816 1338 τὸν
2869 1290 3121 1359 Χριστὸν,
3176 1290 3337 1358 ἤγουν
3393 1291 3518 1358 μίαν
3575 1286 3797 1344 ὁλοτητα

2192 1374 2248 1425 ἐκ
2295 1382 2483 1446 μερῶν,
2535 1377 2771 1436 θεότητος
2816 1394 2872 1428 τε
2926 1380 3017 1428 καὶ
3071 1374 3467 1451 ἀνθρωπότητος
3528 1371 3793 1440 δηλονότι,

2189 1462 2377 1534 λέγετε.
2430 1466 2799 1536 Πυνθανόμεθα
2862 1465 2970 1530 οὖν,
3029 1470 3080 1517 τί
3126 1467 3491 1537 συναριθμεῖτε
3537 1472 3598 1537 τῇ
3668 1464 3799 1536 ἁγίᾳ

2189 1551 2379 1627 Τριάδι
2407 1570 2420 1621 ;
2453 1557 2510 1606 τὸ
2541 1554 2676 1624 ὅλον,
2714 1556 2744 1613 ἢ
2786 1558 2842 1606 τό
2880 1558 3029 1626 μέρος
3057 1570 3070 1620 ;
3103 1559 3192 1607 καὶ
3238 1554 3280 1607 εἰ
3311 1557 3400 1626 μὲν
3437 1557 3496 1606 τό
3527 1554 3660 1620 ὅλον,
3701 1553 3799 1605 οὐκ

2192 1645 2338 1695 ἔσται
2367 1644 2645 1714 ὁμοούσιος
2685 1645 2716 1701 ἡ
2750 1642 2878 1714 ἁγία
2905 1644 3066 1715 Τριάς
3097 1663 3110 1675 ·
3147 1643 3190 1695 εἰ
3222 1641 3280 1696 δι
3306 1647 3362 1696 τὸ
3392 1647 3562 1717 μέρος,
3611 1643 3672 1701 ri:
3707 1646 3800 1700 τήν

2195 1734 2414 1789 θεότητα
2462 1733 2915 1802 συναριθμοῦντες,
2994 1728 3135 1791 ἐκτὸς
3191 1739 3286 1792 τῆς
3353 1729 3506 1802 ἁγίας
3571 1725 3804 1804 Τριοίδος

2194 1825 2286 1878 τήν
2335 1821 2711 1893 ἁνθρωπότητα
2757 1817 3033 1892 προδήλως
3091 1819 3498 1892 καταλιμπάνετε
3533 1839 3545 1851 ·
3616 1819 3645 1877 ἣ
3702 1821 3801 1876 τήν

2195 1907 2570 1981 ἅνθρωποι-ητα
2616 1910 3069 1981 συναριθμοῦντες,
3125 1907 3391 1962 ἁλώσεσθε
3431 1915 3527 1969 τῆς
3571 1903 3803 1980 Τριοίδος

2194 1996 2340 2060 ἐκτὸς
2363 2003 2458 2056 τήν
2489 2000 2710 2056 θεότητα
2736 1997 2981 2070 λέγοντες.

2667 2169 2878 2228 Λύσις
2916 2169 3075 2241 πρὸς
3114 2172 3318 2221 τοῦτο.

2265 2258 2403 2307 Μίαν
2457 2256 2610 2326 φύσιν
2662 2261 2754 2307 τοῦ
2808 2258 2983 2326 Λόγου
3033 2259 3433 2328 σεσαρκωμένην
3490 2253 3798 2326 ὁμολογοῦν

2195 2363 2296 2406 τες,
2334 2343 2438 2416 ούχ
2478 2343 2651 2407 ἁπλῶς
2696 2344 2808 2397 ὅλον
2839 2365 2890 2397 τι
2936 2348 3022 2397 τὸν
3075 2348 3329 2420 Χριστόν,
3377 2343 3482 2396 ἀλλ’
3536 2340 3590 2395 ἔκ
3649 2339 3802 2396 δυοῖν

2195 2432 2451 2491 όλοτήτων
2496 2437 2949 2505 συνενηνεγμένων,
3017 2436 3256 2495 θεότητός
3301 2452 3356 2486 τε
3404 2437 3494 2485 καὶ
3535 2430 3805 2506 ἀνθρωπό-

2197 2541 2370 2590 τητος,
2419 2522 2765 2595 ὁμολογοῦμεν
2793 2540 2806 2552 ·
2843 2522 2962 2575 καθ’
3013 2522 3071 2583 ἃς
3123 2523 3374 2584 ὁλότητας
3425 2523 3514 2582 τὰς
3542 2523 3613 2583 ὡς
3664 2527 3797 2595 μέρη

2194 2616 2325 2685 πρὸς
2368 2617 2458 2671 τὴν
2494 2614 2734 2665 σύνθεσιν
2786 2611 3108 2684 εἰλημμένας,
3158 2612 3274 2673 ὅλος
3324 2610 3481 2675 ἔστὶν,
3523 2613 3592 2673 ὡς
3639 2612 3796 2676 Θεὸς,

2196 2710 2267 2773 τῷ
2316 2707 2484 2775 Πατρί
2515 2722 2570 2755 τε
2606 2707 2696 2754 καὶ
2725 2710 2796 2773 τῷ
2843 2705 3102 2774 Πνεύματι
3147 2709 3383 2774 φυσικῶς
3433 2704 3756 2771 συνημμένος
3784 2721 3798 2734 ο

2195 2797 2285 2844 καὶ
2315 2791 2446 2855 ὅλος,
2479 2794 2548 2853 ὡς
2577 2792 2867 2863 ἄνθρωπος,
2909 2799 2970 2863 τῇ
3013 2795 3176 2863 μητρὶ
3228 2795 3318 2843 καὶ
3369 2791 3494 2860 ἡμῖν
3525 2785 3803 2849 ούσιωδῶς

2199 2884 2601 2951 συντεταγμένος
2652 2901 2664 2914 ο
2720 2887 2792 2950 τῷ
2844 2875 3115 2952 μοναδικῷ
3167 2885 3478 2953 χαρακτῆρι
3533 2880 3600 2929 τὰ
3661 2878 3804 2949 ἄκρα

2196 2973 2326 3044 πρός
2381 2969 2561 3022 ἑαυτὸν
2620 2965 2866 3038 συνδέων,
2926 2973 3016 3020 xui.
3080 2971 3202 3029 τούς
3269 2975 3368 3019 τῶν
3420 2967 3590 3038 ἄκρων
3647 2967 3802 3039 ὅρους

2199 3058 2496 3121 ἁλωϐητους
2548 3063 2637 3111 καὶ
2683 3057 3021 3130 ἀσυγχύτους
3072 3057 3123 3109 έν
3161 3064 3224 3128 τῇ
3282 3055 3460 3108 ένὼσει
3513 3051 3802 3127 διαφυλάτ-

2197 3170 2317 3202 των.
2368 3149 2474 3221 Ἐφ’
2525 3149 2563 3219 ᾧ
2616 3150 2646 3206 ἡ
2688 3152 2846 3220 Τριὰς
2895 3152 3032 3219 μένει
3077 3149 3258 3219 Τριὰς,
3310 3144 3575 3217 ἀσυμφυές
3626 3163 3678 3197 τι
3731 3144 3808 3206 εἰς

2199 3240 2504 3312 προσθήκην
2551 3241 2624 3310 μή
2681 3241 2992 3312 προσιεμένη
3027 3253 3040 3266 '
3073 3240 3163 3288 xui.
3197 3237 3227 3294 ἡ
3282 3235 3620 3307 ἁνθρωπὸτης
3664 3237 3809 3304 μένει

2197 3326 2556 3402 ἁνθρωπὸτης,
2613 3335 2708 3388 τῆς
2767 3324 3042 3386 ἐνωθείσης
3115 3323 3248 3396 αὐτῇ
3329 3324 3569 3384 θεότητος
3641 3326 3806 3394 μήπω

2199 3412 2561 3491 διαιρουμένη.
2616 3412 2776 3466 Ὠστε
2839 3432 2937 3466 σου
2987 3409 3245 3484 ἁλογῶδες
3301 3415 3358 3464 τὸ
3423 3409 3701 3486 πρόϐλημα
3751 3409 3808 3462 ἐκ

2198 3507 2292 3566 τὴς
2344 3515 2443 3558 τῶν
2473 3504 2763 3577 Ἀκεφοίλων
2813 3511 3149 3575 συγχυτικῆς
3188 3504 3437 3576 αἱρέσεως
3475 3499 3811 3571 ἁποξευγνύ-

2198 3612 2345 3666 μενον
2354 3635 2367 3648 ι

2295 3706 2415 3752 Τοῦ
2454 3697 2650 3750 αὐτοῦ
2691 3699 3034 3771 αἱρετικοῦ
3073 3697 3286 3770 ἕτερον
3326 3694 3695 3768 πρόϐλημα.

2271 3788 2436 3850 Οὗτος
2467 3789 2492 3839 6
2541 3789 2768 3860 Χριστὸς
2797 3787 2822 3838 6
2872 3787 2996 3858 παρ’
3047 3787 3192 3850 ήμῶν
3242 3785 3647 3858 ὁμολογούμενος
3678 3802 3810 3836 συν-

2200 3879 2498 3952 αριθμεῖται
2539 3884 2601 3948 τῇ
2631 3875 2758 3947 ἁγίᾳ
2785 3871 2999 3950 Τριάδι,
3049 3875 3080 3935 ἣ
3114 3879 3194 3929 ού.
3248 3880 3349 3928 Καὶ
3377 3875 3540 3946 εἰμὲν
3591 3891 3811 3947 συναρι-

2203 3969 2404 4039 θμεῖται
2464 3975 2526 4039 τῇ
2577 3965 2704 4038 ἁγίᾳ
2743 3961 2956 4039 Τριοίδι,
3017 3972 3121 4024 πῶς
3159 3966 3307 4016 ἔσται
3347 3963 3526 4016 λοιπὸν
3577 3963 3607 4021 ἡ
3649 3964 3810 4034 Τριὰς

2200 4059 2524 4128 ὁμοούσιοςς,
2561 4055 2604 4108 εἰ
2630 4052 2689 4107 δὲ
2727 4058 2786 4106 ού
2828 4055 3243 4128 συναριθμεῖται,
3285 4048 3408 4105 ούδε
3461 4054 3590 4112 Θεὸς
3633 4053 3806 4115 ἔσται,

2203 4146 2330 4198 ἀλλὰ
2379 4152 2530 4218 μόνον
2585 4143 2734 4214 ψιλὸς
2785 4144 3075 4212 ἄνθρωπος.
3130 4142 3224 4202 Οἷς
3262 4146 3433 4193 τοίνυν
3495 4141 3638 4212 ὑμεῖς
3714 4143 3811 4196 τὴν

2201 4236 2419 4309 ἀπορίαν
2494 4233 2804 4287 ἐπιλύσεσθε
2856 4231 3047 4303 λογοις,
3098 4235 3192 4289 τὴν
3243 4235 3360 4303 περὶ
3408 4228 3518 4291 ἐνὸς
3574 4235 3811 4302 Χριστοῦ

2201 4325 2534 4397 φυλάττοντες
2592 4319 2750 4384 δόξαν
2807 4322 3124 4393 ἀπήμαντον,
3170 4319 3315 4372 οὗτοι
3365 4323 3456 4370 καὶ
3496 4319 3620 4390 ἡμῖν
3675 4319 3810 4388 πρὸς

2200 4418 2393 4472 ταύτην
2425 4412 2646 4486 ἀρκέσου
2655 4421 2758 4464 σίν.

2679 4501 2895 4561 Λύσις
2931 4501 3090 4574 πρὸς
3127 4503 3332 4550 τοῦτο.

2277 4593 2444 4654 Οὗτος
2495 4592 2521 4643 6
2579 4591 2805 4663 Χριστὸς
2845 4589 2870 4641 6
2908 4586 3028 4662 παρ’
3074 4589 3218 4660 ἡμῶν
3257 4584 3681 4657 ὁμολογούμενος,
3735 4585 3810 4647 οἷς

2204 4684 2376 4755 λόγοις
2419 4679 2741 4738 ἁληθότητος
2787 4677 3126 4751 ἐξεκρούσατο
3172 4680 3268 4734 τὴν
3311 4678 3563 4749 προτέραν
3609 4678 3812 4746 πρότα-

2208 4792 2310 4837 σιν,
2365 4773 2590 4831 τούτοις,
2649 4773 2740 4820 καὶ
2791 4771 2883 4826 τὴν
2958 4773 3230 4840 παροῦσαν
3299 4765 3690 4838 συγκρούσειεν,
3742 4764 3812 4824 ὡς

2209 4859 2499 4935 ἰσοῤῥόπως
2540 4860 2596 4910 τὸ
2629 4855 2810 4917 ἀσεϐὲς
2862 4857 3113 4928 ἔχουσαν.
3147 4861 3238 4906 “Ov
3271 4850 3330 4906 δὲ
3376 4853 3525 4924 ὑμεῖς
3551 4854 3809 4924 Χριστὸν,

2205 4954 2367 5020 ἤγουν
2422 4951 2545 5019 μίαν
2604 4945 2827 5019 ὁλότηρα
2872 4948 3099 5017 φυσικήν
3139 4941 3193 4994 ἐκ
3230 4949 3417 5016 μερῶν,
3464 4942 3703 5001 θεότητος
3757 4959 3813 4993 τε

2205 5045 2296 5092 καὶ
2361 5037 2770 5111 ἁνθρωπότητος,
2845 5032 3167 5106 πρεσϐεύετε,
3228 5035 3344 5085 οὔτε
3404 5031 3684 5102 ὁμοούσιος
3748 5029 3808 5082 ἂν

2207 5132 2283 5186 εἴη
2335 5135 2403 5198 τῷ
2455 5130 2644 5200 Πατρὶ,
2679 5127 2814 5199 εἳπερ
2855 5125 2880 5175 6
2913 5127 3094 5196 Πατὴρ
3135 5124 3265 5183 Θεὸς
3311 5124 3483 5193 μόνον,
3537 5118 3649 5171 ἀλλ’
3678 5118 3807 5191 ούχὶ

2206 5221 2296 5270 καὶ⁹
2337 5215 2608 5288 ἄνθρωπος
2638 5233 2650 5247 ⁶
2685 5216 2802 5266 οὔτε
2831 5214 3108 5283 ὁμοούσιος
3138 5218 3198 5283 τῇ
3233 5214 3414 5284 μητρὶ,
3461 5211 3598 5282 εἰπερ
3639 5209 3669 5265 ἠ
3699 5212 3806 5277 μή·

2206 5325 2301 5378 τηρ
2355 5306 2625 5377 ἄνθρωπος
2670 5308 2842 5375 μόνον,
2895 5300 2999 5352 ἀλλ’
3045 5299 3172 5371 ούχὶ
3228 5303 3318 5350 καὶ
3373 5301 3496 5356 Θεός
3529 5313 3541 5326 ⁸
3576 5300 3667 5348 καὶ
3697 5297 3806 5369 ὦρα

2208 5397 2328 5468 ὑμῖν
2369 5395 2542 5454 ζητεῖν
2588 5391 2789 5461 ἐτέρους
2835 5392 3120 5463 Χριστοὺς,
3167 5388 3243 5450 οἷς
3273 5386 3422 5448 οὗτος
3452 5385 3511 5438 διν
3555 5388 3632 5443 εἴη
3684 5386 3804 5457 ὁμο·-

2208 5488 2386 5546 ούσιος
2413 5503 2425 5516 ·
2475 5482 2581 5535 ἐπεὶ
2628 5485 2699 5554 μὴ
2731 5481 2836 5533 οἷον
2885 5498 2937 5532 τε
2983 5482 3386 5551 μονοπρόσωπον
3416 5477 3571 5548 φύσιν
3616 5478 3802 5547 γνωρί-

2210 5575 2394 5636 ζεσθαι
2421 5590 2432 5602 ·
2477 5572 2535 5625 Ei
2575 5568 2634 5624 δὲ
2661 5570 2766 5643 ούχ
2805 5571 3112 5642 εύρίσκοιτε,
3145 5574 3256 5629 τοῖς
3294 5562 3454 5627 ἰδίοις
3502 5562 3805 5646 προϐλήμα-
