4036 6276
270 270 410 329 1537

1579 266 2090 328 EPISTOLARUM
2130 267 2268 325 LIB.
2311 269 2356 325 ΙΙ
2369 312 2383 325 .

3489 258 3628 319 1538

268 415 351 449 σιν
382 395 679 463 ἕαλωκότες,
720 401 793 465 τῷ
841 400 968 465 κενῷ
1000 392 1324 469 ἀναπλασμῶ
1373 394 1432 447 οὐ
1464 400 1695 470 Χριστὸν
1735 392 1864 449 εἶναι

1988 393 2230 464 aropriis
2279 394 2718 465 objectionibus
2765 396 2940 467 capti,
2970 394 3085 449 hoc
3133 392 3295 449 inani
3344 391 3629 461 ﬁgmento

265 485 389 546 ὅλως
415 482 717 548 δοξάζοιτε.

402 608 550 665 ΡοΑ’
571 609 709 679 (63).
744 639 807 649 -
836 612 1092 680 Νικήνᾳ
1129 610 1501 681 μονάζοντι.
1535 605 1739 682 [ψκδ’.]

1974 483 2270 538 Christum
2303 499 2547 555 prorsus
2580 500 2698 539 non
2727 501 2857 539 esse
2877 482 3191 538 docebitis.

2328 608 2547 663 CLXXI.
2590 608 2811 665 Nicetes
2852 608 3141 664 monacho
3175 606 3258 678 (‘).

267 716 418 777 Quod
447 716 905 782 quemadmodum
940 717 1116 766 omnis
1149 718 1228 765 vir
1255 716 1545 782 perfectus,
1568 717 1783 782 etiamsi
1815 717 1867 763 in
1921 714 2215 782 apostolico
2237 714 2423 763 ordine
2449 720 2732 782 censeatur
2760 716 2964 779 indiget
2991 715 3125 765 libro
3169 712 3478 776 evangelico
3511 726 3524 768 ;
3562 713 3637 759 sic

1258 776 1309 828 et
1335 781 1546 842 pictura
1568 779 1803 829 historiae
1833 776 2042 842 quaa'in
2073 791 2134 826 eo
2159 776 2295 826 libro
2321 778 2643 827 continetur.

339 873 408 923 Τὸ
438 872 580 943 παρὰ
610 876 704 931 τῆς
745 869 1019 929 ὁσιότητος
1067 870 1211 940 ἡμῶν
1260 864 1355 920 διὰ
1399 869 1491 920 τοῦ
1540 868 1861 941 θεοφιλεστά-

269 978 361 1011 του
414 958 800 1032 μητροπολίτου
868 956 1156 1011 ἀποσταλὲν
1212 959 1335 1029 ἡμῖν
1389 955 1589 1030 βιϐλίον
1649 956 1863 1029 ἀνέγνω-

269 1066 386 1120 μέν.
452 1052 553 1101 Καὶ
601 1047 697 1099 οὐκ
738 1050 877 1099 ἔστιν
909 1048 934 1097 ὁ
974 1052 1126 1098 τοῦτο
1180 1046 1612 1119 συγγραψάμενος
1661 1047 1746 1099 ἐπὶ
1790 1053 1862 1115 τῷ

271 1133 503 1209 δόγματι
531 1144 630 1189 τῶν
681 1144 879 1188 σεπτῶν
911 1135 1115 1187 εἱκονων
1164 1134 1503 1208 ὀρθοφρονῶν.
1561 1138 1714 1207 Λέγει
1761 1137 1863 1208 γάρ

268 1221 436 1277 τάδε’
471 1248 498 1275 ‹‹
545 1230 644 1283 Τὴν
692 1223 916 1299 ἄρρητον
964 1228 1053 1276 καὶ
1084 1222 1431 1295 ἀπερίληπτον
1480 1224 1551 1285 εἰς
1605 1226 1746 1296 ἡμᾶς
1775 1230 1866 1274 τοῦ

272 1320 406 1367 Θεοῦ
442 1313 846 1387 φιλανθρωπίαν,
897 1316 1134 1375 καὶτοὺς
1180 1314 1343 1387 ἱεροὺς
1392 1321 1492 1365 τῶν
1537 1312 1697 1385 ἁγίων
1730 1312 1866 1383 ἀγῶ-

270 1422 356 1462 νας
420 1405 468 1454 ἱν
524 1404 809 1476 Γράμμασι
882 1405 970 1472 μεν
1026 1403 1170 1473 ἡμεῖς
1224 1404 1375 1475 ἱεροῖς
1457 1400 1868 1475 ἀνευφημεῖσθαι

274 1488 650 1563 διατυποῦμεν,
711 1488 936 1563 οὐδεμιᾷ
983 1490 1171 1542 πλάσει
1219 1494 1275 1542 τὸ
1324 1489 1393 1563 ἐφ’
1447 1492 1571 1562 ἡμῖν
1631 1490 1661 1549 ἣ
1691 1498 1862 1564 γραφῇ

270 1582 502 1656 καθάπερ
538 1579 706 1654 [Cod.
749 1583 889 1650 Reg.
921 1579 1189 1652 καθάπαξ]
1237 1576 1502 1651 ἡδόμενοι.
1556 1586 1867 1653 Συγχωροῦ-

272 1688 363 1742 μεν
430 1667 490 1723 δὲ
552 1676 659 1732 τοῖς
712 1669 1081 1742 ἁπλουστέροις
1139 1668 1488 1743 ἀτελεστέροις
1540 1668 1718 1730 αὐτοῖς
1773 1669 1869 1720 ῦπ-

272 1760 556 1830 άρχουσιν,
615 1759 715 1810 ὑπὸ
774 1765 1045 1830 συμφυοῦς
1094 1758 1258 1818 αὐτῶς
1297 1756 1583 1829 ἐναγωγῆς,
1626 1761 1714 1808 καὶ
1753 1755 1869 1827 ὄψει

271 1853 335 1918 τῇ
380 1846 555 1907 αὐτοῖς
612 1849 909 1918 συμμέτρῳ,
960 1847 1027 1897 τὰ
1064 1853 1284 1897 τοιαῦτα
1332 1847 1379 1897 ἓν
1429 1845 1721 1916 εἰσαγωγῆς
1757 1848 1870 1918 τρό-

272 1954 355 2007 πῳ
410 1937 712 2007 μανθάνειν.
777 1955 807 1987 )›
858 1939 921 1987 Τί
964 1931 1051 1987 οὖν
1118 1937 1254 1987 ἑστιν
1306 1937 1355 1986 ἐν
1412 1937 1612 1995 τούτοις
1668 1934 1867 2000 εἰπεῖν;

276 2030 485 2097 Πρῶτον
535 2026 623 2096 μεν
692 2024 772 2076 ὅτι
829 2019 1092 2096 διαίρεσιν
1138 2031 1229 2083 τῆς
1285 2028 1411 2095 μιᾶς
1467 2028 1557 2075 καὶ
1621 2022 1869 2087 ἐντελοῦς,

274 2118 363 2165 καὶ
416 2111 547 2185 μηδ’
595 2114 765 2165 ὁτιοῦν
822 2114 1107 2185 πρόσθεσιν
1160 2113 1189 2171 ἢ
1251 2113 1521 2186 ὑφαίρεσιν
1598 2116 1872 2185 προσιεμέ-

274 2221 363 2262 νης
413 2207 639 2263 πίστεως
668 2203 814 2274 ἡμῶν
854 2200 1208 2275 ἀπεργάζεται
1240 2221 1252 2233 ·
1298 2200 1464 2271 ἐαυτῷ
1512 2205 1601 2273 μεν
1653 2206 1747 2260 τὴν
1781 2198 1875 2253 διὰ

275 2298 377 2343 τῶν
428 2292 573 2364 ἱερῶν
631 2294 958 2363 Γραμμάτων
1006 2292 1272 2360 ἀπονέμων
1321 2286 1650 2342 διατύπωσιν
1690 2306 1703 2318 ⁹
1768 2297 1874 2350 τοῖς

279 2379 651 2454 ἁπλουστέροις
709 2375 768 2431 δὲ
821 2376 978 2437 δῆθεν
1022 2383 1113 2430 καὶ
1165 2377 1517 2453 ἀτελεστέροις
1565 2380 1874 2454 ὑπάρχουσι

278 2472 372 2525 τὴν
420 2467 468 2519 ἐν
500 2467 689 2519 πλάσει
726 2472 816 2518 καὶ
844 2474 1013 2540 γραφῇ
1068 2468 1303 2540 ἱστορίαν
1356 2465 1601 2531 ἀποίσάς.
1660 2466 1875 2519 Ἐπειτα

280 2556 420 2627 αὐτῷ
458 2559 549 2629 μεν
603 2554 817 2608 ἀνάπτει
864 2559 921 2607 τὸ
972 2554 1158 2608 τέλειον
1213 2563 1308 2616 τῆς
1337 2559 1560 2630 χάριτος
1590 2574 1603 2587 ⁶
1667 2565 1776 2619 τοῖς
1817 2553 1875 2609 δε

278 2649 373 2703 τὴν
407 2640 702 2703 Ἰουδαῐκὴν
748 2643 1057 2718 ἀπορρίπτει
1094 2650 1405 2708 νηπιότητα,
1448 2642 1710 2717 δεομένοις
1745 2665 1875 2718 συμ·

282 2742 441 2807 φυοῦς
471 2732 982 2805 ἀναγωγῆς.οῦκοῦν
1012 2753 1109 2786 κατ
1133 2732 1304 2786 ἀὐτὸν
1332 2731 1716 2805 διαψεύδεταιό
1743 2737 1874 2810 ἱερὸς

281 2822 601 2886 Ἀπόστολος
651 2831 862 2895 φάσκων
911 2835 924 2848 ·
964 2822 1093 2874 Οὐκ
1154 2824 1241 2874 ἔνι
1306 2820 1665 2889 Ἰουδαῖος,
1726 2821 1877 2877 οὐδὲ

279 2911 533 2971 Ἕλλην’
575 2912 689 2964 οὐκ
727 2914 817 2964 ἔνι
857 2906 1109 2977 δοῦλος,
1154 2908 1305 2964 οὐδὲ
1346 2911 1678 2985 ἐλεύθερος
1709 2933 1721 2945 ·
1765 2913 1877 2965 οῦκ

283 3002 376 3053 ἔνι
413 3002 604 3075 ἄρσεν
660 3005 767 3053 καὶ
810 2999 984 3059 θῆλυ.
1056 3002 1300 3061 Πάντες
1364 3003 1480 3075 γὰρ
1546 3003 1722 3074 ὑμεῖς
1789 3003 1879 3063 εἷς

2048 868 2237 932 Quem
2281 867 2569 923 sanctitas
2597 874 2789 923 vestra
2819 884 2925 939 per
2963 866 3480 936 religiosissimum
3516 877 3643 917 me-

1976 954 2317 1028 tropolitani
2346 956 2422 1010 ad
2456 972 2565 1011 nos
2596 956 2814 1011 librum
2840 957 3019 1021 misit,
3050 956 3325 1023 legimus,
3369 959 3424 1009 et
3446 952 3637 1024 profe-

1976 1051 2089 1113 cto,
2114 1046 2216 1115 qui
2245 1044 2406 1100 hunc
2432 1046 2685 1117 scripsit,
2718 1046 2776 1100 in
2800 1045 3277 1101 venerandarum
3300 1042 3635 1112 imaginum

1977 1134 2260 1202 dogmate
2287 1150 2406 1189 nou
2433 1140 2587 1189 recte
2627 1136 2820 1190 sentit.
2857 1135 2993 1189 Haac
3020 1134 3177 1188 enim
3219 1133 3359 1187 dicit
3386 1151 3398 1189 ;
3434 1154 3454 1180 ι
3484 1128 3635 1186 [nef-

1978 1222 2223 1278 fabilem
2249 1229 2304 1277 et
2334 1223 2898 1293 incomprehensam
2928 1224 3024 1277 Dei
3054 1237 3197 1290 erga
3224 1236 3333 1275 nos
3366 1218 3634 1288 benigni-

1979 1317 2181 1376 tatem,
2222 1317 2277 1365 et
2303 1327 2505 1366 sacros
2534 1311 2889 1367 Sanctorum
2919 1326 3147 1381 agones
3170 1311 3228 1364 in
3261 1310 3485 1364 Litteris
3503 1307 3635 1379 qui-

1979 1400 2115 1455 dem
2132 1401 2315 1455 sacris
2338 1400 2568 1455 laudari
2587 1399 2982 1465 afﬁrmamus,
3006 1399 3169 1455 nullo
3194 1414 3301 1453 nos
3324 1399 3634 1466 ﬁgmento,

1980 1495 2273 1561 quantum
2300 1490 2358 1543 in
2383 1491 2555 1544 nobis
2576 1497 2682 1557 est,
2708 1490 2792 1544 vel
2813 1492 3041 1561 pictura
3065 1489 3221 1543 velut
3242 1487 3640 1556 obiectantes,

1981 1578 2379 1633 Permittimus
2414 1585 2615 1633 autem
2671 1578 3160 1650 simplicioribus,
3195 1593 3331 1631 cum
3360 1573 3635 1647 imperfe-

1979 1667 2190 1721 ctiores
2242 1668 2376 1732 sint,
2437 1682 2543 1739 pro
2590 1667 2843 1723 naturali
2901 1668 3168 1738 ipsorum
3227 1666 3633 1736 persuasione,

1980 1756 2158 1811 etiam
2184 1762 2430 1827 aspectu
2462 1756 2606 1828 ipsis
2657 1763 3040 1825 congruente,
3077 1755 3217 1810 talia
3251 1769 3357 1826 per
3382 1752 3633 1808 modum

1979 1844 2437 1900 introductionis
2466 1845 2686 1901 doceri.
2716 1867 2737 1893 ›
2788 1845 2935 1909 Quid
2964 1846 3039 1899 ad
3070 1844 3199 1899 haec
3235 1844 3411 1912 igitur
3440 1841 3638 1895 dicen-

1980 1933 2128 1989 dum
2150 1933 2285 1987 est?
2317 1934 2573 1989 Primum
2596 1934 2861 2002 quidem,
2886 1933 3051 2005 quod
3076 1934 3250 1987 unius
3265 1937 3321 1986 et
3342 1929 3633 2001 perfectas,

1984 2022 2332 2093 nullamque
2364 2022 2455 2077 vel
2483 2023 2848 2078 additionem
2872 2022 2960 2076 vel
2994 2021 3493 2075 substractionem
3525 2015 3636 2071 ad-

1986 2112 2266 2166 mittentis
2284 2111 2423 2167 ﬁdei
2439 2119 2656 2167 nostris
2684 2113 3042 2166 divisionem
3066 2110 3351 2175 instituit;
3387 2106 3502 2162 sibi
3524 2106 3637 2178 ipsi

1982 2201 2227 2273 quidem
2259 2200 2503 2271 petitam
2559 2216 2632 2255 ex
2684 2200 2869 2255 sacris
2919 2200 3139 2254 Litteris
3177 2195 3639 2253 delineationem

1983 2290 2313 2345 attribuens
2343 2306 2357 2356 ;
2391 2289 2854 2361 simplicioribus
2877 2304 3017 2344 vero
3047 2296 3224 2359 atque
3246 2284 3639 2358 imperfectio-

1983 2379 2149 2434 ribus
2180 2378 2463 2442 videlicet,
2508 2394 2613 2449 per
2655 2378 2825 2433 ﬁctas
2885 2377 2972 2433 vel
3000 2378 3189 2448 pictas
3242 2375 3468 2444 efﬁgies
3515 2373 3641 2427 edi—

1984 2467 2189 2523 scendi
2264 2468 2530 2522 studium
2598 2467 2891 2522 deferens.
2952 2466 3170 2521 Deinde
3228 2464 3338 2519 sibi
3389 2461 3638 2535 quidem

1983 2555 2406 2626 perfectionem
2432 2557 2638 2625 gratiae
2683 2556 2963 2628 adaptat:
2992 2555 3121 2611 aliis
3161 2570 3298 2609 vero
3326 2552 3637 2607 Judaicam

1984 2644 2265 2716 relinquit
2295 2644 2630 2711 infantiam,
2663 2646 2765 2717 qui
2796 2643 3051 2699 naturali
3091 2642 3459 2698 institutione
3487 2640 3640 2694 indi-

1985 2742 2184 2803 geant.
2212 2735 2391 2803 Igitur
2421 2734 2752 2789 secundum
2799 2734 3001 2805 ipsum
3062 2733 3342 2788 mentitur
3397 2735 3637 2784 sanctus

1989 2822 2459 2894 Apostoluscum
2478 2822 2560 2877 ait
2583 2840 2596 2874 :
2617 2823 2755 2878 Non
2768 2823 3136 2887 estJudwus,
3150 2835 3337 2892 neque
3357 2820 3593 2874 Graecus
3619 2833 3634 2869 :

1985 2927 2104 2968 non
2127 2916 2209 2967 est
2219 2926 2442 2980 servus,
2466 2926 2652 2983 neque
2673 2911 2855 2967 liber:
2878 2927 2997 2966 non
3015 2914 3097 2966 est
3112 2910 3433 2977 masculus,
3453 2920 3640 2976 neque

1985 3001 2231 3072 femina.
2243 3001 2452 3057 Omnes
2465 3001 2619 3056 enim
2636 3017 2732 3056 vos
2746 3017 2928 3055 unum
2943 3000 3074 3055 estis
3086 3002 3150 3054 in
3166 2998 3402 3055 Christo
3414 2998 3554 3052 Jesu
3567 2996 3638 3049 ⁷³.

281 3089 425 3142 έστε
466 3089 524 3141 ἐν
565 3098 823 3163 Χριστῷ
866 3088 1097 3147 Ἰησοῦ.
1132 3089 1193 3142 Εἰ
1225 3086 1284 3141 δὲ
1312 3088 1572 3157 ἀληθεύει,
1593 3093 1765 3165 ὥσπερ
1789 3092 1876 3143 οὖν

1991 3093 2088 3147 Sin
2142 3095 2342 3146 autem
2396 3105 2602 3145 verum
2651 3090 2811 3153 dicit,
2870 3095 2931 3144 ut
2982 3093 3137 3144 certe
3190 3088 3350 3153 dicit,
3383 3092 3439 3141 et
3480 3086 3639 3141 Unus

280 3178 587 3248 ἠλήθευται,
616 3184 704 3231 καὶ
735 3180 836 3239 Εἷς
879 3182 1131 3252 Κύριος,
1171 3182 1288 3250 μία
1323 3183 1571 3247 πίστις,
1626 3179 1684 3232 ἓν
1724 3179 1876 3253 βάπ-

278 3286 516 3341 τισμα·
545 3273 625 3329 τίς
663 3269 693 3326 ἡ
739 3272 856 3327 κενὴ
893 3267 1025 3326 αὕτη
1069 3264 1335 3342 διαίρεσις
1380 3268 1454 3330 εἱς
1485 3266 1582 3322 δύο
1628 3275 1879 3342 τμήματα

280 3357 468 3423 duca;
486 3361 543 3409 τὸ
570 3358 710 3418 ἔθνος
731 3361 789 3409 τὸ
816 3356 984 3429 ἅγιον,
1010 3360 1067 3409 τό
1095 3356 1361 3429 βασίλειον
1390 3360 1691 3431 ἱεράτευμα,
1718 3358 1878 3412 ἀποκ-

278 3449 484 3518 ρίνεσαι
514 3461 532 3480 ⁶
566 3450 655 3499 καὶ
685 3449 743 3498 τὸ
769 3448 860 3518 μεν
887 3443 1013 3499 εἶναι
1044 3456 1133 3508 τῆς
1163 3447 1514 3520 ἱντελεστέρας
1554 3452 1744 3522 μοίρας
1776 3466 1789 3478 ·
1820 3454 1876 3502 τὸ

283 3531 343 3587 δε
382 3542 479 3596 τῆς
529 3536 974 3608 ῦφειμενεστέρας.
1034 3534 1271 3602 Ἔπειτα,
1322 3538 1402 3589 ὅτι
1435 3534 1619 3595 ἐπειδὴ
1672 3543 1773 3599 πᾶς
1824 3534 1877 3591 εὖ

282 3633 478 3697 φρονῶν
516 3626 708 3696 ἐφίεται
765 3624 1075 3685 τελειότητος
1110 3644 1124 3657 θ
1174 3629 1453 3696 νεμεσητὸν
1509 3628 1768 3697 ἡγήσεται
1820 3632 1879 3681 τὸ

283 3712 447 3774 ἀτελές
481 3731 493 3743 ’
544 3712 816 3766 κάντεῦθεν
868 3713 923 3776 ἐξ
986 3713 1274 3785 ἀναγκαίου
1328 3715 1578 3788 παρέλκον
1652 3716 1761 3769 ἐστὶ
1821 3722 1879 3770 τό

280 3812 377 3865 τῆς
408 3804 642 3875 ἱστορίας
668 3799 865 3874 δόγμα.
917 3804 1268 3856 Ἐναντιοῦται
1314 3800 1373 3856 δε
1417 3805 1495 3857 ὅτι
1536 3805 1769 3876 μάλιστα
1792 3812 1882 3859 καὶ

281 3900 355 3963 τῷ
402 3891 609 3964 μεγάλῳ
668 3891 937 3963 Βασιλείῳ,
991 3897 1063 3964 μὴ
1119 3893 1377 3953 ταυτίζων
1432 3896 1495 3945 τὰ
1549 3894 1635 3946 ὑπ’
1689 3888 1881 3949 ἑκείνου

284 3980 471 4043 ἐπίσης
503 3977 945 4052 δογματιζόμενα,
989 4003 1017 4030 «
1060 3979 1126 4034 Ἃ
1158 3984 1259 4055 γὰρ
1291 3984 1316 4033 ό
1367 3982 1536 4054 λόγος,
1591 3989 1743 4055 φησὶ,
1794 3996 1885 4047 τῆς

287 4072 521 4144 ἱστορίας
581 4066 653 4122 δι’
692 4068 853 4131 ἀκοῆς
909 4074 1223 4143 παρίστησι,
1276 4079 1444 4124 ταῦτα
1474 4078 1703 4145 γραφικὴ
1764 4094 1885 4126 σιω-

286 4167 443 4211 πῶσα
500 4154 594 4210 διὰ
640 4162 917 4230 μιμήσεως
960 4155 1243 4211 δείκνυσιν.
1280 4181 1308 4213 ›)
1349 4159 1751 4214 Ἀντανίσταται
1780 4164 1884 4236 ἄρα

288 4248 314 4300 ό
356 4243 607 4319 γεννάδας
660 4256 768 4310 τοῖς
810 4249 965 4321 ἱεροῖς
1019 4253 1247 4320 Λογίοις,
1282 4251 1452 4323 ὥσπερ
1492 4255 1582 4303 καὶ
1612 4259 1684 4321 τῷ
1727 4272 1884 4325 κορυ-

288 4340 423 4410 φαίῳ
454 4341 620 4409 Πατρί
654 4354 665 4366 ·
700 4342 789 4389 καὶ
827 4336 1051 4409 οἰόμενος
1108 4338 1257 4389 ἄλλον
1307 4337 1383 4391 ἐπ’
1423 4338 1559 4409 αὐτῷ
1605 4337 1674 4398 δὴ
1718 4345 1883 4413 τούτῳ

289 4434 364 4497 τῷ
411 4422 640 4497 δόγματι
671 4422 1039 4499 διορθοῦσθαι,
1083 4428 1239 4489 αὐτὸς
1280 4433 1581 4501 πεφώραται
1637 4430 1882 4502 ὀφλισκά-

286 4535 385 4567 νων
409 4517 629 4588 μάταια.
661 4519 762 4568 Καὶ
794 4512 888 4567 διὰ
926 4523 1074 4569 τοῦτο
1120 4519 1271 4589 ἡμεῖς
1316 4520 1404 4586 μεν
1453 4520 1619 4577 πάντη
1663 4517 1888 4593 διαγρά-

291 4623 446 4677 φομεν
504 4606 571 4656 τὰ
616 4611 835 4657 τοιαῦτα
899 4602 1332 4678 βατταρίσματα.
1394 4606 1883 4682 ’Υπομιμνῆσκομεν

292 4691 351 4747 δε
403 4697 493 4745 καὶ
544 4698 637 4752 τὸν
692 4695 940 4767 ὑμετέραν
993 4694 1284 4768 ἐμμέλειαν,
1338 4703 1408 4767 τῷ
1448 4697 1588 4769 αὐτῷ
1649 4708 1884 4770 στοιχεῖν

288 4786 466 4835 κανόνι
504 4790 599 4845 τῆς
652 4779 952 4857 ὀρθδοξίας,
994 4780 1197 4837 εἰδυῖαν
1234 4786 1313 4838 ὅτι
1369 4788 1436 4848 ὡς
1483 4783 1655 4839 δεῖται
1682 4794 1779 4849 πᾶς
1809 4794 1887 4841 τέ-

287 4870 439 4938 λειος,
492 4870 586 4924 κᾶν
638 4874 687 4923 ἐν
738 4871 1066 4944 ἀποστολικῷ
1117 4872 1376 4947 ἀξιώματι
1413 4875 1755 4942 κατείλεκται,
1796 4886 1886 4940 τῆς

288 4959 631 5034 εῦαγγελιιιῶς
661 4957 843 5013 δέλτου
868 4979 880 4990 ·
931 4961 1067 5014 οὕτω
1096 4968 1186 5016 καὶ
1211 4972 1307 5026 τῆς
1336 4964 1453 5017 κατ’
1493 4964 1652 5024 αὐτὴν
1690 4986 1884 5040 γραφι-

287 5057 390 5113 ιιῆς
420 5051 651 5123 ἱστορίας
684 5066 697 5080 ·
725 5051 807 5103 ὅτι
861 5054 951 5105 καὶ
996 5058 1093 5122 τῆς
1148 5055 1271 5117 ἴσης
1315 5061 1474 5127 τιμῆς
1503 5073 1557 5108 τε
1604 5058 1691 5108 καὶ
1716 5074 1881 5131 προσ-

288 5142 420 5198 ειυνή
428 5158 557 5201 σεως
594 5137 881 5216 ἀμφότερα.

366 5284 412 5321 ⁷³
446 5284 633 5342 Galat.
663 5300 745 5355 ιιι,
773 5286 862 5343 28.
936 5287 986 5323 ⁷³
1018 5286 1233 5360 Ephes.
1263 5303 1340 5357 ιν,
1372 5288 1426 5346 5.
1500 5289 1550 5326 ⁷⁴
1575 5288 1599 5347 Ι
1628 5292 1777 5348 Petr.
1811 5308 1870 5359 ιι,
1902 5293 1958 5349 9.

1988 3181 2295 3245 Dominus,
2328 3194 2452 3234 una
2491 3179 2658 3248 ﬁdes,
2688 3194 2874 3233 unum
2924 3177 3216 3247 baptisma
3247 3177 3295 3210 ⁷³
3318 3193 3333 3230 :
3357 3188 3639 3246 quaenam

1987 3275 2075 3325 est
2103 3270 2229 3324 haec
2256 3268 2450 3323 inanis
2475 3268 2687 3322 divisio
2712 3267 2773 3321 in
2806 3272 3119 3336 segmenta
3138 3261 3594 3335 duoineequalia
3614 3261 3641 3315 ‘I

1986 3362 2220 3429 gentem
2248 3364 2540 3423 sanctam,
2573 3355 2772 3426 regale
2801 3355 3199 3411 sacerdotium
3234 3354 3300 3419 7‘,
3323 3352 3522 3407 dirimi
3548 3370 3561 3408 :
3587 3355 3644 3405 et

1988 3447 2137 3503 alios
2163 3446 2405 3518 quidem
2440 3446 2805 3518 perfectioris
2822 3446 3008 3517 partis
3030 3460 3180 3510 esse,
3214 3442 3364 3497 alios
3390 3440 3643 3496 deterio-

1988 3538 2088 3593 ris.
2112 3538 2351 3599 Deinde,
2387 3535 2676 3608 quoniam
2738 3535 3150 3605 unusquisque
3184 3534 3231 3587 si
3263 3531 3418 3602 sapit
3444 3527 3639 3600 perfe-

1989 3628 2246 3682 ctionem
2276 3625 2524 3695 expetit;
2556 3624 2694 3679 odio
2720 3624 2971 3694 dignum
3001 3623 3179 3677 ducet
3215 3621 3381 3693 quod
3422 3619 3643 3690 imper-

1990 3715 2209 3770 fectum
2239 3718 2326 3769 est
2352 3732 2365 3782 ;
2392 3720 2570 3785 atque
2599 3713 2739 3768 hinc
2770 3713 3106 3768 necessario
3128 3724 3643 3782 supervacaneum

1993 3810 2083 3860 est
2110 3804 2335 3875 dogma
2387 3803 2652 3874 picturis.
2694 3804 3053 3859 Adversatur
3077 3808 3132 3856 et
3159 3817 3345 3874 quam
3384 3798 3644 3853 maxime

1995 3910 2218 3962 magno
2243 3892 2474 3957 Basilio,
2506 3908 2626 3948 non
2678 3892 3034 3957 assentiens,
3065 3907 3175 3946 nec
3200 3907 3272 3945 ea
3299 3888 3481 3943 simul
3508 3903 3647 3942 con-

1988 3988 2251 4055 jungens
2280 3998 2415 4053 quas
2452 3982 2545 4037 ille
2576 3998 2647 4037 ex
2673 3998 2849 4053 aequo
2879 3981 3099 4036 docuit.
3122 4002 3149 4029 ‹‹
3173 3980 3315 4045 Quae
3347 3978 3527 4041 enim,
3561 3976 3645 4031 in-

1996 4073 2143 4144 quit,
2166 4072 2424 4126 historiaa
2442 4087 2639 4125 sermo
2671 4086 2775 4141 per
2795 4086 2971 4124 aures
2991 4072 3392 4139 repraesentat,
3408 4066 3536 4120 haec
3561 4065 3645 4136 pi-

1997 4167 2165 4216 ctura
2181 4159 2356 4214 silens
2375 4176 2477 4230 per
2493 4159 2887 4214 imitationem
2904 4157 3163 4213 ostendit
3178 4158 3247 4211 ⁷⁵.
3274 4172 3304 4208 »
3329 4158 3644 4225 Repugnat

1999 4266 2140 4320 ergo
2170 4250 2258 4304 vir
2300 4249 2575 4318 egregius
2616 4248 2799 4302 sacris
2852 4248 3188 4318 Scripturis,
3216 4246 3368 4299 sicut
3399 4249 3453 4298 et
3499 4258 3647 4314 prae-

1999 4338 2362 4394 stantissimo
2388 4338 2576 4392 Patri:
2610 4344 2666 4392 et
2695 4336 2841 4391 dum
2894 4336 3079 4391 alium
3136 4337 3195 4390 in
3224 4334 3338 4389 hoc
3376 4333 3511 4403 ipso
3542 4331 3647 4387 do-

1923 4436 1966 4487 D
1998 4434 2199 4499 gmate
2215 4427 2507 4497 corrigere
2531 4426 2748 4491 studet,
2774 4427 2899 4497 ipse
2928 4424 3141 4480 frivola
3181 4424 3408 4478 dixisse
3437 4421 3645 4492 depre-

1995 4517 2291 4573 henditur.
2322 4518 2387 4571 Et
2408 4515 2565 4570 hanc
2599 4532 2841 4586 prorsus
2896 4515 2975 4569 ob
3006 4529 3253 4569 causam
3281 4513 3426 4567 tales
3454 4525 3645 4579 nugas

1995 4623 2107 4662 nos
2145 4606 2390 4678 quidem
2429 4604 2678 4659 omnino
2712 4605 3035 4674 rejicimus.
3069 4600 3650 4657 Commonefacimus

1995 4701 2196 4752 autem
2210 4696 2577 4765 diligentiam
2590 4699 2869 4758 vestram,
2888 4700 2945 4749 ut
2959 4692 3237 4748 eamdem
3268 4694 3553 4762 sequatur
3564 4703 3650 4743 re-

1995 4786 2198 4856 gulam
2215 4784 2353 4839 iidei
2366 4783 2735 4849 orthodoxae,
2753 4783 2965 4846 sciens,
2979 4780 3498 4853 quemadmodum
3515 4793 3647 4849 per-

1995 4875 2182 4931 fectus
2220 4874 2496 4946 quisque,
2523 4872 2656 4929 licet
2704 4871 3036 4944 apostolica
3064 4870 3352 4941 dignitate
3385 4874 3630 4925 ornatus

1997 4965 2090 5031 sit,
2113 4963 2457 5034 evangelica
2499 4969 2629 5033 eget
2660 4964 2916 5031 pagina;
2950 4961 3031 5016 ita
3061 4968 3116 5016 et
3145 4962 3375 5032 pictura
3418 4974 3630 5014 secun-

1994 5054 2143 5111 dum
2194 5052 2358 5109 illam
2411 5068 2724 5123 expressa:
2757 5051 3047 5123 quoniam
3094 5050 3367 5122 ejusdem
3391 5049 3638 5106 honoris

1995 5149 2179 5216 atque
2206 5142 2575 5200 adorationis
2606 5146 2953 5214 utrumque.

2032 5293 2082 5328 ⁷⁵
2114 5294 2281 5349 Hom.
2314 5308 2414 5359 xx,
2447 5292 2508 5348 in
2533 5295 2603 5349 40
2629 5297 2946 5365 martyres.

1865 5423 2094 5485 NOTAE.

364 5554 484 5629 (63)
510 5554 578 5612 In
596 5555 732 5613 cod.
763 5557 904 5629 Reg.
928 5555 1067 5635 pEn'.
1094 5640 1097 5643 ἰ

2107 5561 2173 5636 (⁸)
2206 5563 2571 5635 Dogmatica.
