4036 6276
518 267 659 330 1539

732 398 970 455 CLXXII.
1002 429 1067 437 —
1097 397 1397 468 Hesychia
1426 398 1836 467 protonotario
1866 397 1953 471 (').

1768 270 1807 329 S
1821 318 1834 331 .
1882 262 2253 329 THEODORI
2294 260 2621 329 ΞΤΙΙΒΙΤᾸΞ

3711 268 3838 333 1540

2279 396 2419 450 POB'
2471 397 2602 470 (64).
2660 428 2727 438 -
2778 396 3069 469 Ἠσυχίῳ
3125 403 3633 471 πρωτονοταρίῳ.
3670 400 3836 474 [ψκεξ]

1184 503 1256 552 De
1287 502 1406 552 ﬁlim
1436 504 1838 553 consecratione
1868 518 1878 551 :
1916 506 1969 553 et
1993 517 2058 553 ne
2079 504 2349 554 ullatenus
2384 518 2508 553 cum
2537 504 2801 554 hmreticis
2829 504 3212 554 communicet.

590 603 879 657 Praeclara
900 601 1143 675 quidem
1167 600 1418 673 epistola
1447 600 1955 672 praestantissimae
1979 600 2161 655 honoo
2198 602 2242 655 A

514 689 816 746 riﬁcentiae
838 697 976 755 tuae,
1000 696 1056 745 et
1079 694 1363 762 tanquam
1388 690 1463 744 de
1482 689 1645 745 bono
1666 689 1946 744 thesauro
1969 689 2167 744 cordis

519 780 804 850 profecta,
838 783 896 833 et
920 786 1206 850 tanquam
1239 778 1680 848 pulchritudine
1710 779 1952 833 radians
1974 778 2170 833 chari-

466 878 467 881 ‘
518 870 652 923 tatis
680 889 691 922 :
725 884 845 923 non
873 868 987 923 hoc
1014 874 1213 923 tamen
1236 868 1480 922 nomine
1502 867 1829 932 laudanda,
1863 866 2026 938 quod
2058 883 2168 921 nos

517 957 823 1029 imperitos
857 956 1137 1013 laudibus
1175 955 1512 1012 extollebat.
1543 957 1866 1027 Ecquando
1896 956 2052 1011 enim
2086 955 2167 1011 fa-

516 1052 644 1102 ctus
672 1064 827 1113 sum,
852 1047 1015 1118 quod
1046 1047 1155 1112 ais,
1185 1046 1434 1101 lucerna
1463 1046 1682 1102 ardens
1705 1049 1759 1101 et
1784 1046 1984 1101 lucens
2009 1045 2081 1109 ⁷⁸,
2106 1046 2165 1101 in

516 1151 640 1207 qua
668 1141 727 1191 tu
749 1137 1034 1191 Dominus
1063 1151 1235 1190 meus
1262 1134 1393 1189 luce
1432 1134 1809 1189 collustratus
1839 1133 2167 1189 exsultave-

515 1226 593 1279 ris
614 1225 642 1280 ?
671 1231 774 1280 aut
804 1224 939 1280 fons
975 1224 1390 1295 limpidissime
1422 1221 1639 1291 ﬂuens,
1680 1223 1753 1277 de
1780 1239 1902 1292 quo
1928 1222 2164 1278 dilectio

517 1318 617 1369 tua
644 1328 982 1368 sermonem
1017 1313 1335 1368 salutarem
1386 1311 1695 1367 hauserit?
1725 1318 1938 1367 Annon
1965 1312 2162 1383 potius

514 1402 838 1459 obscurata
866 1408 953 1457 est
990 1417 1021 1456 e
1052 1402 1350 1457 contrario
1383 1400 1566 1456 facies
1596 1407 1801 1456 nostra
1830 1416 2014 1471 supra
2035 1400 2166 1455 fuli-

515 1493 735 1562 ginem,
774 1498 833 1546 ut
859 1508 995 1547 cum
1024 1490 1315 1563 propheta
1343 1490 1557 1561 loquar
1584 1492 1650 1554 ⁷⁷,
1685 1505 1790 1561 per
1822 1489 1960 1545 vitai
1996 1490 2164 1545 inuti-

512 1579 737 1636 litatem
762 1579 790 1634 ?
820 1584 876 1635 et
901 1595 1100 1635 sermo
1130 1587 1330 1634 noster
1366 1579 1562 1649 operis
1596 1578 1823 1633 viribus
1852 1577 2163 1634 destitutus

512 1669 777 1741 elanguit
814 1669 890 1725 ad
944 1668 1340 1724 erudiendum
1391 1667 1566 1723 talem
1610 1666 2163 1734 auditorem?Qua3

512 1760 757 1831 quidem
781 1775 816 1814 a
837 1774 933 1814 me
963 1758 1261 1825 dicuntur,
1290 1772 1410 1813 non
1433 1756 1597 1829 quod
1615 1756 2040 1828 Smyrnensem
2064 1772 2163 1812 cu-

511 1848 769 1904 stodiam
800 1848 1129 1919 vituperem
1160 1863 1176 1913 ;
1207 1847 1362 1903 absit
1390 1846 1403 1901 ι
1433 1847 1781 1902 veneranda
1832 1846 1991 1901 enim
2040 1846 2161 1916 illa,

512 1938 867 1993 venerandae
883 1936 1273 1991 confessionis
1308 1940 1720 1993 meaacustos:
1757 1934 1859 1990 sed
1904 1935 2164 2007 utmeip-

510 2042 644 2081 sum
664 2024 922 2097 culpem,
952 2025 1054 2097 qui
1080 2040 1195 2080 non
1219 2040 1329 2096 pro
1355 2039 1426 2080 eo
1453 2040 1523 2080 ac
1539 2024 1740 2079 decuit
1764 2025 1824 2080 in
1850 2023 1949 2081 illa
1969 2041 2163 2081 versa-

510 2118 603 2171 tus
617 2116 751 2170 sim.
770 2117 978 2170 Verum
998 2114 1090 2169 his
1105 2114 1366 2179 omissis,
1384 2129 1517 2185 quae
1531 2113 1753 2168 indicia
1766 2114 2163 2171 suntcharita-

508 2204 603 2273 tis,
632 2204 707 2260 ad
740 2204 1068 2259 institutum
1090 2202 1421 2258 orationem
1451 2207 1754 2258 converto.
1788 2202 2166 2272 Signiﬁcavit

507 2293 683 2349 nobis
702 2294 940 2349 bonitas
957 2299 1078 2359 tua,
1110 2292 1263 2347 duas
1286 2299 1361 2359 te,
1397 2294 1657 2347 utverbo
1683 2293 1904 2357 dicam,
1938 2292 2160 2348 habere

507 2384 662 2437 ﬁlias
688 2398 723 2437 a
753 2384 869 2437 Deo
899 2381 1071 2437 datas
1100 2403 1111 2444 ;
1145 2388 1201 2436 et
1233 2381 1492 2451 priorem
1528 2380 1800 2453 quidem,
1832 2388 2158 2454 antequam

509 2477 871 2535 nasceretur,
889 2472 1006 2526 Deo
1018 2486 1123 2542 per
1136 2471 1271 2525 vitae
1286 2470 1631 2524 monasticae
1646 2471 2154 2526 consecrationem

508 2559 905 2632 spopondisse
930 2576 945 2625 ;
977 2559 1225 2614 alteram
1252 2559 1308 2613 in
1334 2558 1533 2613 medio
1549 2564 1605 2613 et
1632 2559 1872 2629 ancipiti
1892 2558 2160 2630 reliquis-

509 2666 607 2705 se:
643 2665 802 2704 nunc
833 2655 1031 2703 autem
1059 2652 1291 2703 mutato
1318 2647 1585 2713 consilio,
1618 2647 1745 2702 vice
1777 2663 1947 2702 versa
1963 2648 2157 2704 facere

507 2737 894 2793 constituisse
917 2736 996 2791 ob
1035 2736 1368 2808 quamdam
1401 2736 1819 2792 necessitatem
1853 2752 1989 2809 quae
2017 2737 2158 2791 inci-

506 2827 628 2881 dit:
663 2832 725 2881 ut
750 2841 966 2897 nempe
1022 2828 1139 2880 Deo
1190 2825 1576 2896 promissam,
1603 2826 1833 2880 mundo
1866 2826 2154 2897 ussignes,

505 2916 620 2971 hoc
644 2921 730 2971 est
768 2916 890 2971 viro
922 2916 1122 2970 tradas
1161 2915 1325 2969 omni
1357 2930 1428 2969 ex
1470 2921 1635 2987 parte
1661 2914 1968 2979 laudabili,
2003 2916 2157 2986 ejus-

503 3004 764 3075 demque
790 3020 926 3058 cum
956 3002 1153 3074 puella
1178 3003 1403 3067 aetatis;
1432 3003 1491 3057 in
1546 3002 1746 3058 medio
1776 3007 1973 3058 autem
2021 3003 2152 3058 reli-

504 3099 683 3157 ctam,
709 3092 1040 3147 admodum
1090 3092 1477 3162 juvenculam
1536 3097 1590 3147 et
1621 3092 1913 3163 imparem
1962 3098 2151 3158 aetate,

501 3181 718 3237 offeras
760 3184 914 3246 Deo;
945 3188 1000 3236 et
1042 3181 1100 3236 in
1157 3182 1271 3236 hoc
1303 3180 1577 3236 vacillare
1610 3187 1663 3235 te
1693 3196 1762 3235 ac
1801 3180 2152 3252 perplexum

500 3286 651 3339 esse,
678 3286 753 3326 ne
776 3270 921 3326 forte
952 3270 1011 3325 id
1041 3275 1331 3341 repugnet
1370 3270 1658 3327 voluntati
1685 3271 1807 3326 Dei.
1851 3271 2152 3327 Debueras

2350 599 2491 659 Καλὴ
2541 603 2629 672 μεν
2682 603 2711 659 ἡ
2746 600 2990 659 ἓπιστολὴ
3046 608 3141 663 τῆς
3169 603 3439 674 παγκάλου
3490 622 3583 655 σου
3627 611 3844 677 τιμιότη-

2274 709 2377 754 τος,
2418 694 2508 741 καὶ
2535 692 2605 752 ὡς
2633 689 2721 741 ἀπ’
2763 690 2960 761 ἀγαθοῦ
2993 692 3263 764 θησαυροῦ
3293 700 3387 754 τῆς
3425 689 3645 765 καρδίας
3679 693 3843 767 ἐξαγο-

2272 781 2518 852 ρευθεῖσα
2550 796 2563 809 '
2612 786 2703 831 καὶ
2759 783 2828 841 ὡς
2883 787 2955 850 τῷ
3016 779 3190 832 κάλλει
3235 788 3327 841 τῆς
3375 780 3576 852 ἀγάπης
3626 782 3841 854 ἐναγλαί-

2276 869 2480 922 σθείσα.
2523 867 2599 919 Οὐ
2625 873 2728 940 μὴν
2755 871 2823 930 ὡς
2862 866 3206 940 ἀπεσέμνυνεν
3246 871 3381 941 ἡμᾶς
3409 873 3529 931 τοὺς
3575 869 3837 942 ἀμούσους,

2271 956 2454 1028 λόγους
2504 959 2771 1028 ἐγκωμίων
2814 960 2946 1029 ἔχει.
3005 961 3131 1010 Πότε
3184 960 3281 1033 γὰρ
3325 960 3589 1031 ἐγενόμην,
3645 962 3711 1021 ὡς
3739 965 3841 1033 φης,

2272 1045 2507 1118 λύχνος
2543 1051 2887 1118 καιόμενος
2924 1051 3030 1098 καὶ
3071 1051 3327 1118 φαίνων,
3376 1046 3485 1118 ἒνῷ
3521 1050 3547 1100 ό
3600 1055 3844 1112 Δεσπότης

2271 1154 2371 1206 μου
2402 1134 2705 1205 ἠγαλλιάσω
2733 1134 3077 1207 φωτιζόμενος
3112 1152 3125 1201 ;
3159 1135 3187 1194 ἣ
3227 1140 3372 1207 πηγὴ
3422 1138 3621 1190 νάουσα
3671 1134 3844 1191 διειδέ-

2274 1242 2458 1289 στατα,
2515 1222 2938 1297 ἀφ’ἧήῤῥύσατο
2978 1226 3007 1281 ἡ
3064 1224 3273 1296 φιλότης
3324 1244 3418 1277 σου
3469 1226 3619 1297 λόγον
3674 1233 3835 1286 σωτή-

2270 1328 2427 1384 ριον;
2485 1317 2574 1364 καὶ
2617 1312 2745 1384 οὐχὶ
2792 1312 3086 1365 τούναντίον
3157 1313 3348 1384 μᾶλλον
3404 1313 3682 1367 ἑσκότασεν
3732 1316 3842 1387 ὑπὲρ

2272 1400 2519 1466 ἀσϐόλην,
2570 1409 2905 1475 προφητικῶς
2951 1401 3129 1465 εἰπεῖν,
3180 1405 3237 1453 τό
3292 1398 3428 1463 εἶδος
3483 1404 3629 1475 ἡμῶν
3662 1410 3721 1475 τῇ
3766 1410 3845 1455 τοῦ

2272 1489 2394 1561 βίον
2449 1488 2815 1563 ἀχρηστότητι
2848 1508 2861 1559 ;
2893 1494 2979 1543 καὶ
3012 1491 3037 1541 ό
3067 1490 3220 1561 λόγος
3258 1491 3543 1551 ἠσθένησεν
3584 1492 3675 1543 οὐκ
3721 1494 3844 1563 ἔχων

2268 1583 2363 1637 τὴν
2395 1577 2447 1641 ἐξ
2474 1581 2627 1653 ἔργου
2683 1575 2927 1650 δύναμιν.
2969 1579 3041 1641 εἰς
3083 1575 3349 1651 ἐνίδρυσιν
3392 1588 3485 1633 τοῦ
3536 1578 3842 1647 inminutas;

2272 1673 2372 1721 Καὶ
2414 1675 2583 1720 ταῦτα
2608 1668 2759 1739 λέγω,
2794 1669 2852 1719 οὐ
2904 1672 2998 1726 τὴν
3054 1667 3103 1719 ἐν
3134 1676 3195 1740 τῇ
3252 1671 3455 1743 Σμύρνῃ
3510 1670 3735 1742 φυλακὴν
3761 1688 3844 1722 κα-

2268 1758 2465 1817 κίζων*
2497 1761 2568 1829 μή
2602 1776 2653 1808 τι
2689 1761 2888 1827 γένοιτο
2922 1756 2933 1810 !
2969 1759 2997 1815 ἡ
3029 1759 3119 1828 μὲν
3161 1759 3263 1829 γὰρ
3310 1756 3565 1824 σεϐαστὴ,
3602 1758 3847 1820 σεϐαστῆς

2268 1845 2547 1918 ὁμολογίας
2587 1865 2677 1919 μοι
2728 1850 2991 1921 φρουρός·
3040 1844 3260 1918 ἐμαυτὸν
3310 1843 3369 1899 δὲ
3421 1852 3739 1919 αἰτιώμενος,
3786 1850 3849 1910 ὡς

2270 1935 2367 1987 οὐκ
2414 1934 2566 1997 ἀξίως
2614 1934 2661 1986 ἐν
2689 1936 2820 2007 αὐτῇ
2866 1934 3319 2006 πολιτευσάμενον.
3373 1935 3512 1988 Ἀλλ’
3553 1935 3691 2009 ἀφεὶς
3730 1944 3845 1989 ταῦ-

2268 2043 2353 2088 τα,
2414 2027 2477 2085 ὡς
2528 2032 2623 2086 τῆς
2666 2022 2874 2095 ἀγάπης
2923 2027 3045 2075 ὄντα
3099 2023 3414 2094 συμϐόλαια,
3471 2028 3556 2076 ἐπὶ
3625 2027 3680 2077 τό
3736 2044 3847 2077 κατ-

2269 2119 2470 2185 επεῖγον
2516 2115 2601 2165 τὸν
2656 2113 2806 2183 λόγον
2844 2114 3266 2185 μεθαρμόσόμαι.
3309 2112 3597 2185 Ἐσήμανεν
3651 2115 3769 2185 ἡμῖν
3816 2116 3842 2171 ἠ

2268 2221 2572 2275 χρηστοτης
2616 2220 2730 2267 σου,
2766 2204 2831 2262 ὡς
2865 2198 2962 2253 δύο
2993 2204 3153 2273 ἔχειν,
3202 2208 3466 2275 συντόμως
3523 2205 3697 2268 εἰπεῖν,
3752 2205 3846 2255 9:0-

2270 2289 2542 2366 δωρητους
2573 2293 2855 2363 θυγατέρας
2886 2307 2899 2320 ·
2933 2295 3022 2342 καὶ
3070 2296 3164 2349 τὴν
3190 2295 3279 2363 μὲν
3340 2297 3550 2367 πρώτην
3596 2299 3692 2365 πρό
3739 2310 3847 2364 γενο

2268 2384 2460 2441 νήσεως
2487 2381 2926 2451 καθυποσχίσθαι
2960 2375 3033 2432 δι’
3070 2378 3399 2453 ἀφιερώσεως
3447 2388 3540 2433 τοῦ
3572 2377 3842 2453 μοναδικοῡ

2270 2466 2391 2539 βίου
2426 2476 2539 2539 Θεῷ
2566 2487 2580 2500 ⁸
2636 2472 2728 2526 τὴν
2770 2465 2828 2520 δὲ
2872 2464 3117 2543 δευτέραν
3148 2467 3197 2519 ἐν
3228 2473 3538 2541 μεταιχμίῳ
3571 2471 3801 2543 φερεσθαι
3827 2483 3840 2498 ”

2266 2566 2352 2609 νῦν
2399 2554 2459 2610 δὲ
2522 2556 3028 2630 μεταϐεϐουλεῡσθαι
3084 2557 3296 2621 ἐναλλὰξ
3353 2561 3679 2617 ποιήσασθαι
3724 2560 3843 2610 κατά

2265 2666 2380 2698 τινα
2410 2645 2696 2718 ἀναγκαίαν
2739 2649 3065 2718 περιπέτειαν
3099 2666 3110 2678 ·
3146 2648 3280 2700 ὥστε
3335 2652 3430 2705 τὴν
3474 2649 3844 2719 ὑποσχεθείσαν

2263 2734 2541 2807 ἀπονεῖμαι
2600 2742 2672 2805 τῷ
2714 2740 2918 2807 κόσμῳ,
2967 2738 3125 2806 ἤγουν
3170 2732 3473 2788 ἀποδόσθαι
3518 2732 3671 2809 ἀνδρὶ
3719 2735 3842 2805 καλῷ

2263 2843 2318 2877 τε
2364 2826 2431 2876 τὰ
2454 2826 2641 2888 πάντα,
2692 2828 2782 2876 καὶ
2821 2831 2883 2896 τῇ
2931 2820 3090 2877 παιδὶ
3123 2824 3473 2897 συνηλικιώτῃ
3506 2842 3518 2855 ’
3568 2833 3661 2884 τῆν
3704 2821 3759 2877 δὲ
3802 2823 3843 2875 ίν

2262 2918 2563 2986 μεταιχμίῳ
2602 2910 2798 2985 κομιδῇ
2844 2917 2958 2965 νέαν
3014 2909 3174 2965 οὖσαν
3222 2917 3307 2965 καὶ
3350 2913 3409 2965 οὐ
3467 2917 3842 2986 συντρέχουσαν

2261 3010 2321 3075 τῇ
2371 3003 2571 3076 ἡλικίᾳ,
2615 3001 2877 3055 ἀναθεῖναι
2918 3010 3031 3073 Θεῷ
3075 3020 3089 3033 ·
3132 3001 3227 3053 κᾶν
3270 3004 3437 3074 τούτῳ
3498 3004 3731 3069 σχάζειν,
3769 3005 3842 3054 καὶ

2263 3088 2655 3166 δυσχεραίνειν,
2705 3095 2777 3164 μη
2862 3111 2969 3152 πως
3028 3091 3365 3153 ἐναντιοθελες
3440 3093 3522 3150 εἴη
3582 3100 3654 3164 τῷ
3725 3099 3843 3161 Θεῷ.

2259 3176 2407 3233 Ἔδει
2435 3184 2525 3252 μεν
2567 3176 2677 3245 οὖν,
2709 3178 2776 3231 ὦν
2829 3176 3064 3232 δέσποτα
3092 3186 3391 3252 τιμιώτατε,
3425 3180 3619 3243 ἄλλους
3665 3182 3843 3233 πυνθά-

2259 3272 2441 3322 νεσθαι
2483 3274 2603 3343 περὶ
2633 3265 2789 3322 τοῦδε
2838 3277 2931 3321 τοῦ
2964 3266 3249 3342 δράματος,
3297 3273 3386 3321 καὶ
3415 3269 3543 3345 παρ’
3597 3270 3759 3322 αὐτῶν
3787 3270 3846 3329 ὡς

499 3360 768 3431 quidem.
817 3361 1064 3415 Domine
1111 3360 1592 3424 honoratissime,
1625 3359 1737 3414 hac
1794 3359 1868 3414 de
1900 3376 1961 3414 re
2006 3360 2153 3415 alios

2264 3363 2675 3434 προφερεστέρων
2736 3360 2870 3411 κατὰ
2915 3366 3108 3430 γνῶσιν
3161 3367 3252 3419 τῆς
3303 3360 3447 3431 ἡμῶν
3510 3359 3844 3420 οὐθενότητος,

499 3451 884 3517 interrogare,
919 3450 996 3505 ab
1027 3449 1233 3521 iisque.
1271 3454 1335 3505 ut
1362 3449 1465 3520 qui
1496 3448 1741 3504 scientia
1772 3448 1948 3504 nobis
1993 3455 2153 3505 ante-

500 3538 735 3604 cellant,
776 3538 1136 3593 solutionem
1177 3539 1483 3610 accipere;
1520 3552 1714 3609 neque
1746 3554 1781 3593 a
1811 3537 1986 3593 nobis
2028 3544 2151 3594 tam

498 3629 681 3698 longo
711 3630 981 3684 locorum
1006 3630 1317 3685 intervallo
1336 3629 1648 3699 disjunctis
1683 3644 2037 3701 responsum
2066 3645 2153 3685 re-

500 3718 756 3789 quirere.
784 3723 1056 3773 Attamen
1086 3718 1335 3788 quando
1392 3733 1502 3789 pro
1549 3733 1619 3772 ea
1672 3732 1858 3789 quam
1891 3717 2151 3774 habuisti

499 3806 719 3862 ﬁducia
740 3808 827 3861 sic
846 3807 1099 3863 statuisti
1126 3822 1219 3873 ;re
1239 3822 1375 3862 cum
1402 3807 1498 3861 Dei
1522 3806 1942 3861 amantissimo
1964 3807 2153 3863 archi-

498 3896 787 3966 episcopo
814 3902 869 3951 et
890 3895 1069 3951 fratre
1092 3900 1297 3950 nostro
1323 3895 1722 3960 considerata,
1739 3895 2149 3965 judicavimus

497 4000 633 4040 eam
660 4000 788 4040 esse
818 3988 1033 4057 prmter
1059 3984 1339 4049 ofﬁcium,
1364 3990 1420 4039 et
1451 3989 1663 4054 praeter
1694 3990 1915 4038 rectam
1945 3984 2150 4051 ﬁdem,

498 4080 831 4146 praeterque
860 4090 932 4129 ea
955 4090 1091 4146 quas
1126 4089 1394 4144 unquam
1423 4071 1643 4127 fuerint
1672 4072 1967 4145 exempla.
1996 4074 2151 4130 Olim

499 4168 671 4218 Anna
699 4162 797 4217 illa
827 4162 1073 4218 celebris
1110 4161 1445 4218 Samuelem
1484 4162 1842 4234 priusquam
1874 4177 2150 4218 nascere-

499 4258 594 4308 tur
619 4251 901 4323 pollicita,
966 4267 1145 4324 quem
1199 4252 1555 4321 promiserat
1584 4266 1704 4306 non
1737 4252 2148 4317 commutavit,

499 4341 732 4396 tametsi
750 4340 899 4395 alios
922 4340 1183 4397 habebat
1215 4340 1389 4404 ﬁlios,
1414 4340 1516 4394 sed
1539 4340 1699 4395 hunc
1718 4341 1916 4411 ipsum
1938 4340 2153 4396 obtulit

501 4432 639 4485 Deo.
687 4432 861 4485 Beata
907 4432 1136 4495 Nonna,
1188 4445 1323 4484 cum
1382 4431 1729 4499 Gregorium
1785 4428 2149 4500 Theologum

498 4518 763 4575 similiter
792 4519 1182 4591 promisisset,
1228 4525 1432 4574 votum
1467 4534 1644 4573 suum
1690 4521 1804 4573 Deo
1866 4518 2147 4574 reddidit.

499 4609 748 4665 Sanctus
782 4608 920 4663 item
955 4607 1330 4679 Euthymius,
1362 4610 1478 4663 Deo
1510 4624 1545 4662 a
1589 4607 1940 4678 parentibus
1970 4606 2148 4663 datus

2258 3446 2535 3519 λαμϐάνειν
2586 3451 2677 3505 τὴν
2722 3446 2893 3512 λύσιν,
2928 3452 3017 3500 καὶ
3068 3451 3140 3519 μὴ
3188 3450 3422 3519 τοσούτῳ
3470 3452 3631 3519 μήκει
3684 3444 3849 3519 διῳκι-

2262 3541 2480 3608 σμένους
2537 3537 2676 3608 ἡμᾶς
2723 3543 2784 3607 τῇ
2848 3537 2986 3588 θέσει
3042 3544 3135 3588 τοῦ
3196 3540 3357 3589 τόπου
3421 3535 3846 3609 ἐπαναλαμϐάνειν

2260 3625 2332 3687 εἰς
2387 3623 2687 3700 ἀπόκρισιν.
2742 3624 2922 3697 Ὀμως
2988 3622 3170 3684 ἐπειδὴ
3248 3630 3515 3700 κέκρικάς,
3587 3627 3661 3687 οἷς
3713 3627 3847 3677 πεπί-

2261 3733 2477 3775 στευκας
2504 3715 2719 3789 τρόποις
2751 3730 2765 3743 ·
2813 3721 2965 3767 τοῦτο
3027 3710 3094 3772 δὴ
3153 3717 3285 3787 μετά
3336 3722 3430 3767 τοῦ
3466 3715 3845 3788 θεοφιλεστάτου

2259 3803 2681 3879 ἀρχιεπισκόπου
2725 3808 2815 3856 καὶ
2869 3800 3093 3876 ἀδελφοῦ
3148 3807 3295 3876 ἡμῶν
3382 3809 3730 3858 συνέσκεπται
3787 3804 3847 3864 ὡς

2257 3895 2406 3967 παρά
2450 3896 2508 3945 τό
2549 3889 2664 3945 δίον
2716 3895 2776 3945 τὸ
2815 3898 3052 3967 πρᾶγμα,
3105 3895 3369 3966 καὶπαρά
3420 3898 3517 3953 τὴν
3575 3892 3729 3967 ὀρθὴν
3772 3895 3846 3945 πί-

2261 4000 2375 4033 στιν
2421 3979 2592 4054 [C0d.
2648 3984 2787 4051 Reg.
2840 3984 3067 4055 κρίσιν],
3118 3987 3208 4034 καὶ
3262 3984 3408 4057 παρὰ
3456 3985 3526 4035 τὰ
3579 3982 3631 4046 ἐξ
3678 3982 3847 4042 αἰῶνος

2257 4067 2691 4144 παραδείγματα.
2732 4070 2899 4123 Πάλαι
2948 4076 3107 4123 Ἀννα
3137 4073 3167 4129 ἡ
3202 4068 3446 4143 ἀοίδιμος
3495 4074 3581 4124 τὸν
3623 4068 3845 4143 Σαμουὴλ

2257 4162 2358 4231 πρὸ
2409 4165 2686 4232 γεννήσεως
2724 4161 3090 4233 ὑποσχομένη,
3140 4161 3244 4233 οὐχ
3293 4161 3556 4225 ὑπήλλαξε
3608 4166 3695 4214 τὸν
3735 4162 3843 4212 ὑπο·

2260 4252 2537 4321 σχεθέντα,
2587 4254 2678 4301 καί
2723 4269 2804 4302 τοι
2851 4250 3057 4321 ἔχουσα
3098 4255 3188 4303 καὶ
3242 4250 3441 4318 ἑτέρους
3480 4249 3699 4315 παῖδας,
3732 4247 3845 4301 ἀλλὰ

2258 4346 2439 4390 τοῦτον
2469 4344 2777 4411 προσήγαγε
2806 4347 2877 4410 τῷ
2932 4346 3066 4410 Θεῷ.
3113 4343 3282 4392 Νόννα
3309 4342 3339 4398 ἠ
3398 4344 3656 4412 μακαρία,
3690 4339 3843 4392 ὡσαύ-

2257 4446 2354 4487 τως
2419 4430 2756 4500 ὑποσχομένη
2807 4432 3092 4503 Γρηγόριον
3142 4432 3228 4481 τὸν
3283 4428 3559 4501 Θεολόγον,
3621 4424 3842 4482 ἀπέδωκε

2256 4525 2328 4586 τῷ
2357 4524 2470 4588 Θεῷ
2519 4522 2614 4575 τὴν
2645 4516 2810 4590 εὐχὴν
2849 4516 3033 4580 αὐτῆς.
3071 4522 3170 4571 Καὶ
3199 4521 3302 4590 μὴν
3331 4520 3357 4571 ὁ
3405 4518 3559 4590 ἅγιος
3600 4519 3843 4589 Εὐθὺμιος

2258 4602 2408 4666 δοτὸς
2433 4613 2505 4676 τῷ
2554 4610 2662 4677 Θεῷ
2699 4625 2843 4680 παρα
2874 4614 2987 4668 τοῖς
3020 4614 3232 4678 γονεῦσι
3280 4610 3381 4681 πρὸ
3421 4611 3725 4679 γεννήσεως,
3763 4607 3839 4655 καὶ

496 4702 633 4753 ante
661 4698 1049 4762 nativitatem,
1082 4712 1202 4752 non
1235 4701 1323 4751 est
1353 4704 1561 4769 postea
1585 4701 2008 4751 commutatus.
2037 4698 2144 4761 Qui

2264 4694 2315 4747 οὐ
2369 4691 2683 4753 διήλλακται
2730 4697 2862 4767 μετὰ
2888 4700 2980 4754 τὴν
3029 4700 3289 4767 γέννησιν.
3324 4696 3390 4748 Οἳ
3428 4702 3518 4749 καὶ
3568 4696 3758 4769 χρῆμά
3797 4711 3842 4743 τι

496 4786 873 4842 admirabiles
930 4786 1106 4857 plane
1158 4787 1218 4841 in
1273 4787 1501 4842 mundo
1533 4784 1640 4840 visi
1682 4790 2139 4856 suntzquorum

496 4891 683 4931 causa
716 4882 772 4930 et
799 4882 1073 4947 parentes
1106 4875 1254 4930 beati
1289 4874 1593 4945 praedicati
1624 4879 1781 4928 sunt.
1811 4874 1937 4937 Quo
1967 4874 2143 4945 igitur

496 4972 672 5036 pacto
690 4980 819 5033 nos,
849 4966 936 5019 vir
957 4964 1329 5029 admirande,
1365 4968 1572 5019 contra
1602 4962 1729 5017 haec
1759 4969 2023 5031 agentes,
2047 4978 2144 5017 ex-

494 5059 585 5109 tra
635 5054 1155 5125 reprehensionem
1213 5051 1481 5109 erimus?
1508 5066 1578 5107 ac
1629 5066 1752 5106 non
1788 5051 1986 5121 potius
2014 5066 2141 5122 per-

493 5143 742 5213 stringat
770 5157 882 5199 nos
906 5142 1117 5199 beatus
1148 5145 1371 5207 Petrus,
1403 5139 1623 5196 alicubi
1658 5139 1899 5195 dicens:
1929 5139 2136 5196 Nonne

566 5295 614 5330 ⁷⁸
650 5296 819 5353 Joan.
849 5310 900 5361 ν,
928 5298 1017 5351 35.
1091 5295 1137 5328 ⁷⁷
1170 5292 1380 5350 Thren.
1411 5307 1495 5358 ιν,
1525 5291 1579 5345 8.

2258 4786 2560 4856 θαυμαστὸν
2599 4792 2670 4853 τῷ
2724 4788 2906 4856 κόσμῳ
2960 4786 3214 4857 ὤφθησαν
3247 4805 3259 4817 ’
3304 4784 3357 4848 ἐξ
3386 4785 3454 4836 ὧν
3495 4790 3584 4837 καὶ
3614 4784 3661 4836 οἱ
3692 4787 3841 4839 τοκεῐς

2254 4875 2668 4947 μεμακάρηνται.
2722 4880 2833 4934 Πῶς
2882 4869 2932 4925 δ’
2986 4872 3046 4924 ἂν
3103 4870 3191 4925 οὖν
3243 4875 3415 4945 ἡμεῖς,
3457 4870 3495 4923 ὦ
3548 4873 3840 4945 θαυμαστό-

2255 4980 2375 5014 τατε
2432 4962 2594 5033 [C0d.
2642 4965 2782 5032 Reg.
2835 4962 3198 5037 συνετώτατε],
3249 4965 3391 5037 παρὰ
3436 4970 3603 5016 ταῦτα
3647 4965 3839 5014 ποιοῦν-

2252 5069 2353 5117 τες,
2416 5051 2509 5114 ἔξω
2557 5051 2882 5125 ἐγκλήματος
2944 5057 3240 5126 πέσοιμενς
3300 5058 3389 5105 καὶ
3444 5052 3571 5124 οὐχὶ
3661 5047 3838 5122 μᾶλλον

2250 5141 2545 5213 καθάψοιτο
2573 5143 2719 5215 ἡμῶν
2747 5143 2774 5195 ὁ
2814 5143 3073 5218 μακάριος
3124 5146 3311 5217 Πέτρος
3359 5138 3465 5196 ὧδέ
3491 5160 3593 5194 που
3624 5138 3775 5210 λέγων
3824 5150 3837 5164 ⁸

2130 5418 2361 5477 ΝΟΤᾸΕ.

567 5573 635 5653 (⁸)
666 5571 1033 5645 Dogmatica.

2312 5570 2423 5644 (σι)
2452 5570 2519 5629 In
2547 5570 2686 5632 cod.
2720 5573 2861 5642 Reg.
2886 5569 3021 5645 959'.
3045 5536 3074 5581 ³
