4036 6276
296 264 431 339 ista

1576 270 2082 337 EPISTOLARUM
2123 276 2263 337 LIB.
2303 269 2353 336 ΙῙ
2365 322 2378 335 .

3515 270 3649 343 1342

297 407 467 479 Οὐχὶ
497 409 679 479 μένον
709 423 812 457 σοι
846 406 1039 476 ἔμενε,
1071 406 1179 456 καὶ
1228 405 1462 479 πραθὲν
1502 406 1557 457 ἓν
1586 413 1657 477 τῇ
1696 414 1768 478 σῇ
1811 406 1905 469 ἔξ-

2023 406 2123 461 tibi
2133 420 2377 461 manens
2391 406 2689 473 manebat,
2704 410 2758 461 et
2769 407 3191 464 venumdatam
3214 408 3278 464 in
3293 414 3396 465 tua
3413 416 3543 467 erat
3551 428 3661 482 po-

296 500 492 567 ουσίᾳ
531 497 824 569 ὑπῆρχε;
859 496 925 544 τί
964 493 1064 545 ὅτι
1103 494 1249 545 ἔθου
1290 490 1348 543 ἐν
1393 500 1462 564 τῇ
1505 490 1750 568 κᾶρδίᾳ
1791 512 1902 546 σου

295 588 369 637 τὸ
407 589 672 658 πρᾶγμα
710 590 935 648 τοῦτο;
968 585 1056 633 καὶ
1097 584 1153 633 τό
1208 581 1323 644 ἑξῆς
1352 577 1629 654 δύσφημον
1676 586 1904 655 παρίημι

295 673 481 745 λέγειν,
523 669 691 725 εἰδότι
723 668 1106 742 διαλεγόμενος.
1144 676 1245 724 Καὶ
1268 674 1369 742 γὰρ
1402 669 1525 722 ἐπὰν
1570 670 1740 723 ὁτιοῦν
1780 670 1905 722 ἀπο-

295 765 521 834 ταχθειη
580 770 694 832 Θεῷ
743 757 815 812 δι’
865 764 1029 831 εὐχῆς
1082 759 1285 828 αἰσίας,
1341 760 1408 820 εἰς
1464 764 1639 818 κοινὴν
1705 767 1905 833 χρῆσιν

295 855 596 924 μεταφέρειν
628 850 722 901 οὐκ
756 844 1023 901 ἁκίδυνον.

372 944 527 998 Κοινὴ
561 936 621 991 δι
671 942 875 1011 χρῆσίς
908 940 1051 989 ἐστιν
1098 938 1129 995 ἡ
1178 944 1270 989 τοῦ
1317 936 1438 1010 βίου
1483 936 1755 1009 ἐπιγαμία.
1806 942 1906 990 Καὶ

298 1033 471 1105 ὥσπερ
517 1031 542 1081 ὁ
591 1030 956 1100 ὑποσχόμενος
986 1027 1233 1099 μονάσαι,
1280 1031 1368 1079 καὶ
1409 1028 1491 1079 ἐπὶ
1532 1029 1698 1098 τούτῳ
1733 1031 1907 1099 κείμε-

262 1132 265 1133 ⁷
296 1139 401 1186 νος,
446 1120 814 1179 ὑπονοστήσας
864 1121 954 1169 καὶ
983 1122 1159 1188 γήμας
1205 1120 1580 1189 κατακέκριται
1603 1133 1617 1146 ·
1643 1115 1778 1168 οὕτω
1814 1120 1906 1168 καὶ

298 1211 324 1261 ό
356 1207 693 1283 προελόμενος
722 1209 834 1259 υἱὸν
892 1207 922 1265 ἣ
960 1207 1222 1278 θυγατέρα
1270 1212 1557 1280 προσοῖσαι
1618 1212 1756 1275 Θεῷ,
1798 1203 1908 1257 εἶτα

297 1297 637 1372 μεταλλάξας,
670 1300 764 1355 τὴν
794 1295 957 1353 αὐτὴν
1006 1298 1320 1367 κατάκρισιν
1372 1297 1510 1366 ἔχοι.
1564 1295 1715 1347 Οὕτω
1764 1300 1906 1346 νοοῦ-

296 1407 410 1461 μεν,
473 1388 740 1458 σύγγνωθι
769 1403 781 1414 ·
832 1389 1020 1456 καίπερ
1089 1382 1340 1455 ἐφιέμενοι
1392 1386 1449 1435 τό
1514 1382 1906 1435 ἀναπαυστικόν

300 1497 415 1543 σου,
474 1481 565 1527 καὶ
621 1478 680 1527 τὸ
734 1479 852 1548 περὶ
896 1475 1112 1526 σεαυτὸν
1167 1472 1371 1544 εὐχθὲν,
1412 1470 1486 1533 εἰς
1537 1474 1682 1545 ἔργον
1712 1470 1908 1528 ἀποϐῆ-

294 1586 379 1617 ναι
412 1587 425 1599 σ
458 1564 566 1617 ἀλλ’
598 1564 656 1616 οὐ
690 1562 763 1615 δι’
806 1562 1011 1618 ἐντολὴν
1070 1560 1239 1618 ἐντολὴ
1290 1558 1669 1634 παραϐαίνοιτο
1710 1575 1722 1589 ⁸
1786 1556 1909 1612 οὐδί

298 1652 394 1717 διὰ
447 1658 503 1707 τὸ
563 1656 777 1726 θατέρου
830 1647 1185 1724 σωτηριῶδες,
1246 1653 1304 1702 τὸ
1357 1651 1578 1722 θατέρου
1633 1650 1909 1721 ἐπιζήμιον

297 1745 630 1819 θεραπεύοιτο
677 1739 847 1814 [C0d.
894 1742 1034 1809 Reg.
1085 1736 1561 1812 πραγματεύοιτο]·
1605 1741 1676 1799 ὡς
1706 1741 1755 1790 οἱ
1799 1740 1909 1790 θεο-

296 1839 445 1907 φόροι
515 1835 732 1906 Πατίρες
802 1828 1146 1901 ἀπεφήναντο.

293 1930 567 1979 τοσοῦτον,
624 1920 682 1972 Ἠ
715 1916 773 1972 δὲ
816 1923 967 1992 τρίτη
1017 1916 1230 1975 ἐπιϐολὴ
1294 1924 1385 1969 τοῦ
1434 1916 1613 1989 λόγου,
1671 1918 1752 1969 ὅτι
1807 1916 1911 1969 εἰσί

1236 1834 1336 1880 Καὶ
1412 1836 1579 1879 ταῦτα
1667 1831 1757 1898 μὲν
1827 1826 1909 1880 ἐπὶ

296 2032 427 2073 τινες
475 2014 704 2085 μοναχοὶ
760 2010 829 2070 ὡς
883 2011 942 2059 τό
992 2004 1165 2059 δοκεῖν
1220 2014 1314 2068 τῆς
1352 2006 1512 2078 ὀρθῆς
1544 2011 1764 2067 πίστεως
1794 2005 1911 2059 ἀντ-

301 2106 563 2174 εχόμενοι,
594 2102 687 2150 καὶ
716 2096 931 2156 πολλοὺς
982 2092 1251 2168 διωγμοὺς
1309 2096 1437 2168 ὑπὲρ
1501 2094 1739 2155 ἀληθείας
1784 2097 1911 2148 ὑπο-

298 2194 662 2264 μεμενηκότες,
724 2189 1270 2258 συναναστρεφόμενοι
1330 2181 1389 2236 δὲ
1448 2185 1606 2255 ὅμως,
1664 2188 1755 2237 καὶ
1794 2204 1911 2237 συν·

297 2282 553 2340 εσθίοντες
604 2284 710 2337 τοῖς
750 2278 1050 2349 αἱρετικοίς,
1102 2279 1192 2325 xui.
1244 2272 1780 2344 συγκαταϐαίνοντες,
1822 2276 1913 2325 καὶ

297 2366 581 2441 ἀδιάφορον
627 2370 685 2418 τὸ
733 2370 956 2437 πρᾶγμα
994 2362 1241 2435 οἰόμενοι,
1292 2365 1363 2423 ὡς
1413 2364 1559 2435 παρά
1603 2382 1705 2414 τινι
1747 2367 1915 2436 Πατρὶ

298 2458 770 2530 νενομοθετημένοι,
818 2457 941 2526 τρία
991 2458 1160 2503 ταῦτα
1217 2449 1559 2523 φυλάξασθαι
1601 2467 1613 2481 ’
1659 2455 1728 2523 μὴ
1777 2450 1913 2503 εὐλο-

296 2548 509 2618 γεῖσθαι
570 2545 670 2597 ὑπὸ
728 2549 829 2594 τῶν
884 2540 1257 2613 αἱρετιζόντων
1299 2556 1311 2569 '
1346 2543 1418 2611 μὴ
1477 2538 1799 2611 συμψάλλειν
1825 2540 1913 2591 αὖ·

296 2642 402 2697 τοῖς
445 2636 861 2708 προαρχομένοις
895 2650 908 2663 ο
967 2633 1057 2681 καὶ
1097 2632 1156 2681 τό
1202 2627 1498 2700 ἀπέχεσθαι
1525 2635 1617 2690 τῆς
1644 2635 1914 2692 κοινωνίας

295 2732 386 2779 τοῦ
436 2725 594 2796 ἄρτου
648 2721 845 2777 αὐτῶν,
887 2719 1039 2791 Παρὰ
1088 2719 1155 2769 τὰ
1186 2713 1578 2789 διατεταγμένοι
1608 2725 1717 2779 τοῖς
1750 2718 1913 2790 ἁγίοις

299 2816 535 2887 [lui-pudt
584 2813 641 2864 τό
702 2810 989 2880 λεγόμενον.
1027 2809 1164 2859 Οὔτε
1222 2807 1327 2878 γὰρ
1381 2810 1909 2879 συναναστέρφεσθαι,

298 2904 416 2956 οὔτε
472 2902 779 2965 συνεσθίειν,
834 2897 949 2950 οὔτε
1019 2894 1365 2969 συμψάλλειν,
1419 2894 1528 2947 οὔθ’
1594 2895 1721 2957 ὅλως
1769 2899 1911 2969 ἔχειν

298 2994 413 3045 τινὰ
442 2993 709 3042 κοινωνίαν
758 2990 885 3062 πρὸς
936 2984 1123 3047 αὐτοὺς
1164 2980 1567 3056 καταδέχονται
1601 3003 1613 3016 ·
1650 2985 1777 3037 ἀλλὰ
1823 2992 1912 3038 καὶ

295 3080 356 3134 τό
397 3080 515 3132 οὐαὶ
555 3078 953 3150 ἐπιφθέγγονται
1002 3081 1109 3135 τοῖς
1149 3077 1313 3146 μέχρι
1365 3071 1664 3147 βρώματος,
1697 3078 1786 3125 καὶ
1819 3076 1909 3127 πό.

2014 500 2221 551 testate
2248 494 2276 549 ‘i
2306 496 2503 561 Quare
2524 487 2777 565 posuisti
2805 498 2867 551 in
2898 498 3075 553 corde
3102 505 3202 553 tuo
3234 499 3391 556 hanc
3414 517 3537 557 rem
3558 504 3608 538 ⁷⁸
3630 502 3659 558 ?

2014 585 2079 639 Et
2106 585 2270 656 quod
2316 586 2586 655 sequitur
2626 585 2763 639 mali
2797 584 3015 639 ominis
3044 589 3425 657 praetermitto
3466 609 3478 646 :
3523 608 3660 648 cum

2014 674 2221 729 scienti
2247 673 2481 745 loquar.
2518 674 2829 729 Enimvero
2863 674 2961 730 ubi
2983 677 3297 748 quidpiam
3341 682 3458 735 Deo
3490 680 3663 738 fuerit

2015 763 2167 817 felici
2218 768 2351 817 voto
2404 764 2756 833 sepositum,
2811 765 2871 817 in
2922 780 3310 822 communem
3368 785 3540 824 usum
3602 772 3661 828 id

2015 851 2355 917 transferre,
2389 850 2655 922 periculo
2687 867 2805 907 non
2830 859 3023 909 vacat.

2088 940 2435 996 Communis
2455 944 2658 995 autem
2682 957 2821 995 usus
2848 943 3237 999 estsasculare
3260 947 3660 1006 connubium:

2014 1035 2069 1086 et
2089 1029 2611 1102 quemadmodum
2623 1029 2727 1100 qui
2754 1032 3153 1087 monasticam
3170 1034 3350 1090 vitam
3368 1038 3662 1105 promisit,

2015 1134 2269 1190 eamque
2308 1117 2561 1173 adorsus
2602 1125 2708 1181 est,
2752 1117 2798 1171 si
2841 1120 3174 1174 retrocedat
3221 1127 3275 1177 et
3313 1124 3661 1196 conjugium

2016 1208 2196 1270 ineat,
2229 1208 2665 1262 condemnatur
2699 1223 2712 1261 :
2747 1208 2833 1261 sic
2872 1212 2927 1262 et
2966 1209 3069 1280 qui
3107 1208 3295 1265 ﬁlium
3339 1218 3444 1269 aut
3481 1213 3663 1271 ﬁliam

2015 1296 2227 1351 oﬂ‘erre
2276 1297 2395 1351 Deo
2441 1295 2711 1365 instituit,
2756 1298 2802 1351 si
2846 1303 3056 1368 postea
3095 1305 3303 1365 mutet,
3345 1302 3407 1356 in
3452 1305 3665 1361 eadem

2017 1385 2125 1441 erit
2136 1385 2656 1440 condemnatione.
2676 1386 2766 1440 Sic
2781 1386 3341 1457 sentimus,ignosce
3358 1406 3372 1457 ;
3387 1395 3667 1463 quamvis

2017 1490 2088 1530 ea
2117 1475 2315 1529 dicere
2341 1474 2562 1545 quibus
2594 1474 2940 1544 acquiescas
2969 1478 3305 1547 cupiamus,
3329 1488 3385 1535 et
3416 1482 3473 1536 id
3501 1485 3667 1555 quod

2018 1569 2193 1634 optas
2222 1563 2330 1617 tibi
2360 1579 2431 1617 ex
2466 1563 2760 1618 sententia
2793 1566 3147 1629 succedere;
3184 1582 3305 1623 non
3349 1575 3434 1625 est
3464 1575 3667 1629 tamen

2019 1658 2385 1725 praeceptum
2415 1651 2695 1723 praecepti
2716 1668 2906 1721 cauya
2936 1652 3280 1710 violandum
3309 1673 3322 1722 ;
3354 1673 3462 1714 nec
3495 1675 3565 1716 ex
3597 1677 3668 1719 eo

2020 1740 2185 1812 quod
2209 1739 2465 1795 salutare
2492 1746 2583 1795 est
2612 1739 2798 1803 alteri,
2837 1741 3144 1797 curabitur
3170 1744 3336 1814 quod
3375 1746 3539 1803 alteri
3581 1757 3669 1805 est

2020 1830 2290 1895 noxium,
2333 1830 2485 1884 sicut
2512 1828 2698 1883 divini
2740 1831 2939 1884 Patres
2971 1830 3326 1888 docuerunt.
3359 1838 3439 1890 Ac
3469 1837 3543 1892 de
3573 1838 3669 1894 his

2020 1919 2264 1991 quidem
2288 1917 2405 1972 huc
2438 1932 2650 1988 usque.
2679 1918 2935 1973 Tertium
2960 1919 3220 1991 epistolae
3249 1929 3430 1994 caput
3445 1926 3520 1981 de
3544 1944 3670 1984 mo-

2022 2005 2632 2079 nachisquibusdam,
2648 2005 2753 2076 qui
2767 2013 2987 2062 rectam
3005 2007 3183 2063 fidem
3209 2012 3355 2066 tueri
3372 2013 3670 2087 videntur,

2022 2101 2078 2152 et
2092 2095 2309 2151 multas
2334 2094 2778 2166 persecutiones
2791 2110 2899 2166 pro
2916 2097 3154 2152 veritate
3170 2100 3508 2169 pertulisse;
3533 2120 3672 2161 con-

2025 2190 2335 2240 versantur
2362 2191 2562 2239 tamen
2587 2189 2643 2239 et
2668 2189 3106 2240 convescuntur
3130 2202 3265 2242 cum
3287 2190 3601 2263 haereticis,
3618 2201 3673 2251 et

2022 2274 2531 2335 condescendunt,
2552 2287 2661 2343 pro
2684 2288 2743 2326 re
2775 2271 3131 2329 indiﬁerenti
3159 2276 3445 2333 habentes
3476 2284 3671 2354 (quasi

2022 2362 2179 2417 hanc
2236 2378 2270 2417 a
2314 2364 2480 2416 Patre
2526 2361 2727 2432 aliquo
2757 2360 2946 2432 legem
2980 2366 3340 2438 acceperint)
3392 2370 3499 2424 tria
3542 2371 3671 2429 haec

2023 2466 2250 2517 cavere,
2293 2449 2561 2505 videlicet
2599 2465 2673 2504 ne
2722 2450 3199 2508 benedictionem
3254 2456 3332 2511 ab
3378 2456 3673 2517 haereticis

2023 2541 2336 2613 accipiant,
2379 2554 2453 2594 ne
2479 2554 2616 2593 cum
2647 2537 2758 2593 illis
2790 2538 3048 2610 psallant
3076 2546 3509 2616 praeeuntibus,
3533 2554 3588 2605 et
3610 2557 3674 2608 ut

2025 2647 2060 2686 a
2084 2630 2257 2701 panis
2286 2630 2559 2700 ipsorum
2583 2630 3007 2683 communione
3037 2630 3395 2690 abstineant.
3433 2640 3478 2690 A
3505 2655 3673 2696 sanc-

2022 2724 2219 2774 torum
2252 2722 2487 2773 Patrum
2533 2717 3067 2773 Constitutionibus
3110 2720 3307 2777 aliena
3358 2718 3497 2782 sunt
3536 2744 3671 2800 quas

2022 2808 2245 2863 dicunt.
2276 2810 2421 2863 Nam
2450 2821 2643 2877 neque
2672 2808 3552 2883 conversari,nequeconvesci,
3571 2834 3671 2874 ne-

2021 2914 2137 2971 que
2170 2911 2289 2951 una
2318 2895 2593 2967 psallere,
2621 2910 2817 2966 neque
2844 2895 3029 2951 ullam
3059 2901 3307 2957 omnino
3338 2908 3672 2962 communi-

2022 2987 2314 3042 cationem
2351 2984 2565 3039 habere
2595 2985 2943 3055 permittunt
2978 3004 2991 3038 :
3024 2988 3170 3057 quin
3203 2996 3259 3044 et
3288 3007 3375 3046 vae
3410 3008 3671 3065 pronun-

2023 3077 2173 3131 tiant
2200 3075 2256 3130 in
2286 3090 2388 3130 eos
2419 3073 2523 3144 qui
2545 3073 2635 3127 vel
2660 3073 2719 3128 in
2742 3074 2898 3139 cibo,
2926 3075 3017 3129 vel
3039 3076 3098 3130 in
3129 3085 3292 3148 potu,
3330 3081 3420 3137 vel
3451 3082 3666 3140 affectu

297 3189 482 3243 ματος,
534 3172 622 3220 καὶ
680 3169 918 3237 σχέσεως
968 3169 1302 3215 κοινωνοῦσιν
1353 3162 1546 3222 αὐτοῖς.
1580 3152 1910 3221 ”Ωστε’ἐκκή.

2023 3181 2160 3221 cum
2186 3163 2299 3218 illis
2313 3178 2509 3217 comm
2522 3161 2781 3217 unicant.
2813 3163 3005 3227 Quare
3018 3166 3362 3233 damnatus,
3390 3174 3449 3225 et
3463 3171 3671 3227 alienae

302 3276 494 3331 ρυκτος
535 3259 623 3308 καὶ
661 3248 1233 3328 ἀλλοτριοδιδάσκαλος
1270 3252 1296 3302 ό
1340 3253 1503 3303 ἐκεῖνα
1548 3249 1726 3322 λέγων,
1771 3253 1913 3314 ὅστις

304 3345 367 3399 ἂν
399 3348 480 3405 εἴη
513 3347 563 3397 ἓν
597 3344 908 3418 ἀνθρώποις.

512 3467 675 3524 Ροῐν.
729 3498 797 3508 -
836 3468 1178 3539 Γρηγορίῳ
1217 3464 1461 3537 ὑπάτῳ.
1500 3463 1695 3535 [ψκη’.]

2022 3254 2309 3309 doctrinae
2336 3250 2618 3321 magister
2633 3256 2721 3306 est
2737 3251 2839 3322 qui
2859 3250 2990 3306 haec
3011 3253 3464 3330 dicit,quisquis
3490 3259 3582 3315 ille
3598 3259 3672 3316 sit

2022 3340 2387 3398 mortalium.

2305 3465 2572 3520 CLXXIII.
2613 3494 2682 3504 —
2720 3466 3005 3536 Gregorio
3045 3471 3277 3527 consuli
3305 3471 3387 3543 (').

864 3564 924 3613 In
956 3562 1090 3612 illud
1114 3562 1354 3626 Apostoli
1387 3577 1398 3611 :
1434 3561 1498 3611 In
1526 3563 1638 3625 ipso
1656 3562 1916 3613 inhabitat
1946 3564 2112 3613 omnis
2125 3563 2389 3626 plenitudo
2421 3562 2711 3610 divinitatis
2734 3565 3090 3624 corporaliter.
3662 3592 3676 3615 ›

375 3667 629 3738 Ἐζημίου
664 3666 802 3737 ἡμᾶς
835 3668 1001 3738 μέχρι
1037 3669 1129 3714 τοῦ
1170 3657 1326 3734 δεῦρο
1364 3662 1394 3719 ἡ
1437 3662 1674 3733 τιμιότης
1714 3680 1809 3713 σου
1835 3667 1907 3735 μὴ

301 3755 677 3810 ἃπιστείλασαο
739 3758 929 3827 καίπερ
981 3750 1356 3803 ἐπιστελλουσα
1396 3750 1604 3811 καλῶς·
1652 3753 1723 3812 ὡς
1778 3751 1913 3803 αὐτὰ

300 3849 369 3899 τὰ
396 3849 684 3922 γράμματα
724 3839 898 3900 δηλοῖ.
951 3840 1058 3913 Ἐφ’
1116 3841 1194 3902 οἷς
1249 3844 1340 3892 καὶ
1380 3838 1699 3913 ἐπῃνέσαμεν
1749 3840 1910 3903 αὐτῆς

301 3937 362 3988 οὐ
411 3936 564 4007 μόνον
616 3936 675 3985 τὸ
730 3932 966 4004 εὐμαθὲς,
1025 3929 1153 3981 ἀλλὰ
1208 3934 1298 3981 καὶ
1346 3932 1405 3981 τὸ
1457 3931 1529 3981 ἔτι
1585 3929 1861 4002 φιλομαθές
1894 3946 1906 3959 ⁸

301 4023 623 4096 γλιχομένης
674 4018 921 4081 παιδείας
977 4018 1303 4094 ὑψηλοτέρας
1357 4026 1643 4091 μετασχεῖν
1679 4036 1690 4048 ·
1726 4020 1787 4080 ἧς
1852 4021 1911 4070 τὸ

302 4118 543 4181 πυκτίον,
602 4113 771 4171 καθὼς
828 4110 1164 4173 ἐπεζήτησεν,
1215 4111 1405 4180 ἔχομεν
1447 4110 1559 4180 μὶν,
1594 4108 1651 4160 οὐ
1705 4112 1808 4180 μὴν
1861 4105 1911 4160 δ’

304 4201 546 4255 ἐνταῦθα.
580 4200 702 4255 Ἐὰν
753 4195 809 4252 δὶ
857 4197 1088 4271 συμϐαίη
1142 4196 1426 4268 ἀφικέσθαι
1478 4196 1527 4248 ἐν
1581 4203 1684 4257 τοῖς
1733 4198 1913 4249 αὑτοθι

306 4295 394 4343 τόν
446 4289 822 4363 παροικονόμον
852 4290 1021 4360 ἡμῶν,
1048 4285 1217 4339 λαϐὼν
1288 4284 1340 4349 ἐξ
1415 4285 1571 4359 οὗπερ
1647 4290 1913 4357 τεταμίευ-

305 4399 393 4433 ται
423 4384 581 4432 τόπου
613 4374 916 4431 ἐπιδώσειεν
965 4374 1113 4430 αὐτό.
1160 4376 1299 4433 Καλὴ
1332 4372 1390 4427 δὲ
1429 4377 1459 4434 ἠ
1488 4372 1728 4445 παιδεία,
1765 4373 1804 4426 ὦ
1830 4371 1913 4427 δέ·

308 4488 496 4533 σποτα,
521 4470 611 4529 ἕως
652 4465 712 4519 ἂν
747 4470 989 4540 συνεργὸς
1042 4468 1123 4523 εἴη
1155 4468 1286 4537 πρός
1327 4468 1420 4523 τὴν
1458 4468 1615 4527 ὄντως
1664 4463 1912 4523 ἀληθινὴν
1946 4449 1987 4502 D

307 4555 575 4624 παιδείαν,
633 4555 759 4608 ἀλλὰ
803 4560 875 4628 μὴ
928 4554 1348 4629 κορυϐαντιῶσα,
1412 4549 1758 4613 ἀπαιδεύτους
1798 4548 1913 4604 δια-

308 4642 518 4719 δεικνύῃ
566 4649 686 4707 τοὺς
740 4646 997 4717 μετόχους
1054 4643 1234 4703 αὐτῆς.
1287 4650 1390 4695 Τοῦ
1451 4639 1509 4694 δὲ
1564 4641 1913 4695 ἀποστολικοῡ

303 4735 469 4811 ῥητοῦ
518 4735 548 4793 ἠ
601 4737 801 4787 ἔννοια⁸
862 4740 997 4786 Ὅτι
1039 4735 1099 4785 ἑν
1143 4735 1313 4803 αὐτῷ
1353 4739 1653 4784 κατοικεῖ
1686 4737 1810 4783 πᾶν
1848 4733 1912 4782 τὸ

307 4824 623 4900 πλήρωμα
661 4831 769 4883 τῆς
823 4824 1124 4882 θεότητος
1166 4823 1543 4894 σωματικῶς
1578 4838 1590 4850 ·
1626 4821 1791 4882 οὕτως
1820 4838 1911 4893 μοι

310 4910 455 4967 δοκεῖ
506 4916 648 4985 ἔχειν
682 4929 695 4942 ’
737 4915 1006 4964 τουτέστιν
1056 4912 1137 4963 ὅτι
1186 4912 1237 4963 έν
1283 4918 1347 4983 τῇ
1402 4910 1799 4984 προσληφθείσῃ
1859 4908 1914 4962 ἐκ

311 5006 573 5077 Παρθένου
618 5006 774 5079 σαρκὶ
825 5008 917 5054 τοῦ
961 5006 1154 5073 Λόγου,
1211 5004 1331 5059 ἤτοι
1362 5003 1410 5052 ἓν
1441 5010 1512 5072 τῷ
1555 5008 1681 5072 ναῷ,
1786 5000 1916 5071 ᾠκο-

311 5089 543 5166 δόμησεν
602 5091 789 5162 ἑαυτῷ,
839 5099 1072 5144 κατοικεῖ
1124 5096 1225 5143 πᾶν
1277 5094 1335 5143 τό
1364 5090 1624 5166 πλήρωμα
1670 5097 1766 5151 τῆς
1810 5092 1915 5142 θεό-

308 5201 467 5243 τητος
489 5200 501 5212 ⁸
532 5186 631 5233 πᾶν
670 5186 727 5233 τό
761 5182 1019 5255 πλήρωμά
1048 5199 1228 5253 φησιν,
1270 5179 1329 5233 οὐ
1358 5182 1514 5254 μέρος
1551 5199 1604 5232 τι
1648 5180 1789 5232 καθὰ
1828 5198 1916 5231 πε·-

312 5276 566 5347 φρόνηται
606 5277 712 5332 τοῖς
764 5276 857 5328 τὴν
911 5269 1072 5344 ἁμερῆ
1120 5271 1399 5343 μερίζουσι
1449 5271 1695 5328 θεότητα.
1734 5272 1804 5321 Τὸ
1855 5266 1913 5321 δὲ

314 5367 649 5435 σωματικῶς,
701 5363 865 5433 ἤγουν
904 5357 1175 5422 οὐσιωδῶς
1214 5376 1227 5390 ·
1279 5360 1414 5413 οὕτω
1440 5362 1542 5434 γὰρ
1601 5358 1913 5422 ἐξείληπται

382 5570 434 5607 ’⁸⁸
472 5570 600 5627 Act.
618 5583 681 5636 ν,
708 5569 761 5625 4.
834 5568 885 5604 ⁷³
924 5567 1254 5640 Coloss.-u,
1288 5567 1348 5627 9.

2093 3666 2320 3718 Damno
2352 3661 2547 3718 affecit
2588 3678 2697 3719 nos
2726 3662 3018 3720 hactenus
3056 3666 3517 3728 honoriﬁcentia
3551 3678 3657 3731 tua

2019 3752 2164 3809 nihil
2190 3753 2456 3807 scribens
2484 3752 2834 3819 litterarum,
2859 3757 3139 3827 quamvis
3166 3762 3399 3829 egregie
3429 3763 3673 3829 scribat,

2023 3848 2085 3898 ut
2109 3841 2310 3896 litterae
2331 3842 2474 3912 ipsa:
2487 3840 2924 3898 demonstrant.
2954 3846 3016 3898 1n
3042 3845 3264 3916 quibus
3288 3847 3674 3907 laudavimus

2021 3932 2151 4002 ejus
2179 3946 2299 3985 non
2333 3929 2527 3985 solum
2545 3929 2930 3998 docilitatem,
2961 3933 3067 3988 sed
3093 3941 3380 4005 praeterea
3401 3938 3675 3997 discendi

2022 4034 2261 4092 quoque
2303 4018 2586 4083 studium,
2634 4025 2692 4073 ut
2719 4035 2855 4089 quae
2892 4021 3300 4079 sublimiorem
3336 4027 3671 4085 doctrinam

2021 4108 2270 4180 adipisci
2291 4107 2521 4177 cupiat:
2549 4107 2720 4177 cujus
2744 4108 3013 4164 codicem
3029 4126 3210 4182 quem
3233 4117 3481 4185 expetis,
3496 4117 3675 4173 habe-

2021 4214 2157 4253 mus
2182 4196 2452 4269 quidem,
2480 4211 2602 4251 non
2633 4203 2829 4251 tamen
2859 4197 2973 4253 hoc
3005 4198 3068 4253 in
3096 4198 3249 4255 loco.
3292 4203 3486 4267 Quare
3534 4221 3672 4262 cum

2022 4299 2521 4369 parmconomum
2565 4290 2836 4340 nostrum
2889 4302 2959 4341 eo
3001 4287 3293 4359 proﬁcisci
3344 4294 3673 4364 continget,

2022 4374 2161 4430 lnde
2189 4374 2289 4429 ubi
2320 4374 2593 4429 conditus
2625 4378 2710 4429 est
2738 4374 3000 4430 ablatum
3032 4377 3221 4433 tradet
3245 4378 3370 4434 tibi.
3394 4382 3555 4438 Bona
3581 4398 3675 4439 res

2022 4469 2107 4520 est
2138 4462 2411 4533 eruditio,
2443 4462 2706 4529 domine,
2746 4470 3043 4535 quatenus
3073 4467 3340 4523 conferre
3373 4478 3571 4540 potest
3595 4471 3675 4528 ad

2023 4569 2178 4617 eam,
2210 4567 2345 4625 qua:
2379 4568 2519 4607 vera
2564 4567 2807 4624 prorsus
2837 4559 2943 4619 est,
2985 4554 3321 4612 doctrinam
3373 4574 3385 4612 :
3439 4560 3543 4615 sed
3600 4577 3672 4617 ne

2023 4642 2429 4714 Corybantum
2454 4656 2617 4696 more
2642 4641 2945 4697 insaniens
2962 4642 3273 4715 imperitos
3303 4647 3515 4703 reddat
3540 4648 3672 4705 illos

2023 4732 2123 4803 qui
2153 4732 2266 4785 hac
2286 4729 2493 4785 imbuti
2530 4730 2663 4784 sint.
2696 4732 3020 4801 Apostolici
3047 4749 3224 4804 porro
3243 4734 3386 4790 dicti
3417 4753 3633 4793 sensus
3659 4756 3671 4794 :

2026 4820 2175 4887 Quia
2200 4820 2262 4874 in
2290 4819 2419 4889 ipso
2443 4818 2743 4875 inhabitat
2772 4824 2959 4876 omnis
2979 4823 3291 4891 plenitudo
3332 4825 3667 4883 divinitatis

2022 4909 2494 4979 corporaliter",
2511 4908 2606 4963 hic
2619 4924 2745 4963 esse
2761 4908 2904 4964 mihi
2920 4911 3486 4981 videtur,nimirum,
3504 4917 3669 4989 quod

2022 5000 2081 5054 in
2123 5014 2300 5054 carne
2332 4997 2523 5063 Verbi,
2564 5013 2748 5070 quam
2787 4998 2861 5055 de
2899 4999 3127 5069 Virgine
3163 5004 3510 5075 assumpsit,
3545 5005 3671 5061 sive

2022 5088 2083 5143 in
2133 5087 2354 5159 templo
2400 5087 2567 5157 quod
2618 5087 2727 5142 sibi
2768 5088 3077 5158 exstruxit,
3129 5090 3418 5148 inhabitet
3471 5094 3674 5149 omnis

2024 5176 2328 5249 plenitudo
2358 5175 2698 5231 divinitatis.
2734 5176 2984 5232 Omnem
3026 5177 3461 5249 plenitudinem
3506 5180 3674 5253 dicit,

2022 5282 2143 5322 non
2176 5270 2401 5334 partem
2439 5264 2723 5335 aliquam,
2753 5272 2928 5335 prout
2952 5266 2990 5321 ii
3022 5275 3335 5325 senserunt
3364 5273 3469 5342 qui
3497 5272 3676 5342 parti-

2022 5356 2137 5412 bus
2176 5360 2475 5411 carentem
2515 5353 2785 5410 dividunt
2822 5354 3211 5414 divinitatem.
3255 5358 3674 5429 Corporaliter

2099 5561 2165 5635 (‘)
2198 5560 2566 5632 Dogmatica.
