4058 6274
258 270 399 327 1545

1534 271 1788 328 EPISTO
1798 271 2047 329 LARUM
2088 270 2222 326 LIB.
2265 270 2333 325 ΙΙ.

3479 272 3620 327 1546

258 395 422 457 αὐτῆς
461 395 623 456 ζήλου
654 415 666 428 ο
721 392 1151 467 ἓποικοδομοῡσα
1195 404 1267 467 τῷ
1318 396 1458 467 καλῷ
1512 397 1726 469 θεμελίῳ
1765 398 1858 457 τὰς

1992 395 2403 451 ibservationis
2427 400 2753 451 structuras
2786 396 3113 461 aediﬁcans,
3145 401 3201 451 et
3226 411 3331 468 pro
3360 396 3598 451 humili-

260 493 357 545 τῆς
387 485 657 558 ἀκριϐείας
684 482 1021 557 χρυσοειδείς
1080 483 1390 557 ἐνδομήσεις
1423 502 1436 516 ⁶
1487 486 1745 559 εὐχομένη
1770 486 1859 539 καὶ

263 574 389 646 ὑπὲρ
419 584 479 635 τῆ
492 596 513 637 ς
533 580 888 634 ταπεινώσεως
916 576 1087 647 ἡμῶν.

479 699 769 772 ΡΟΕ’(67).
814 731 883 741 -
917 699 1158 775 Εἰρήνῃ
1188 704 1525 772 πατρικίᾳ.
1571 698 1764 774 [ψλθ¹.]

1970 490 2086 542 tate
2111 490 2317 541 nostra
2336 500 2536 540 orans.

2344 695 2589 752 CLXXV.
2625 726 2693 739 —
2729 696 2922 753 [rene
2945 697 3239 768 patricia.

1280 798 1345 848 Ut
1372 798 1438 846 ad
1475 798 1712 847 ofﬁcium
1739 802 1790 847 et
1826 798 2077 848 virtutem
2113 796 2364 844 maritum
2399 796 2609 844 excitet.

340 882 550 945 Ἐπειδὴ
607 891 1040 961 προσηγόρευσας
1082 888 1222 959 ἡμᾶς
1278 891 1395 947 τοὺς
1443 892 1726 952 ταπεινοὺς,
1778 908 1867 939 κυ-

266 979 377 1051 ρία,
435 972 527 1028 δ’ιά
566 984 656 1029 τοῦ
716 973 1135 1049 αἰδεσιμωτάτου
1200 975 1595 1051 πρεσϐυτέρου·
1651 975 1866 1048 ἀμειϐό-

267 1066 400 1135 μεθα
429 1069 522 1121 τήν
565 1071 927 1140 προσηγορίαν
964 1069 1296 1140 γράμμασιν,
1350 1062 1736 1137 ἀποδεχόμενοί
1774 1085 1867 1118 σου

266 1158 361 1210 τὴν
401 1153 563 1210 καλήν
615 1159 794 1206 πίστιν
848 1159 937 1206 καὶ
988 1158 1082 1213 τήν
1139 1156 1331 1226 θερμήν
1371 1157 1686 1212 πεποίθησιν
1724 1175 1736 1187 ο

267 1248 484 1304 νωκότες
558 1242 783 1295 ἐντεῦθεν
853 1242 1054 1314 ἀγαθήν
1117 1263 1173 1296 σε
1240 1240 1369 1296 εἶναι
1421 1242 1468 1293 ἓν
1519 1243 1745 1314 γυναιξὶ,
1792 1262 1871 1315 φι-

268 1331 440 1383 λόθεον
496 1350 550 1383 τε
614 1338 703 1384 καὶ
778 1332 1173 1405 φιλομόναχον·

271 1419 684 1491 ἐπιφθέγξασθαι
747 1424 805 1473 τὸ
874 1427 1170 1496 Γραφικόνε
1251 1425 1568 1481 Γυναικός
1634 1422 1872 1492 ἀγαθῆς

272 1512 608 1583 μακάριος
660 1511 683 1562 6
742 1509 924 1582 ἀνήρ.
960 1509 1135 1585 Ὀρᾴς,
1172 1507 1211 1561 ὦ
1250 1515 1427 1582 κυρία,
1474 1512 1555 1562 ὅτι
1578 1508 1874 1585 μακᾶρίζε-

1236 1334 1371 1385 ὥστε
1424 1331 1655 1404 ἁρμόσαι
1711 1332 1869 1384 ἐκεῖνο

2050 886 2347 951 Quoniam
2370 900 2474 956 per
2504 884 2895 939 reverendum
2914 885 3075 940 hunc
3090 884 3503 956 presbyterum
3520 885 3629 941 hu-

1977 974 2147 1029 miles
2163 990 2292 1040 nos,
2306 973 2574 1037 domina,
2601 972 2871 1027 salutasti
2888 991 2900 1028 :
2917 978 3193 1029 mutuam
3208 973 3628 1029 salutationem

1978 1078 2082 1135 per
2108 1064 2329 1118 litteras
2354 1062 2761 1133 rependimus,
2785 1064 3088 1133 egregiam
3112 1064 3294 1119 ﬁdem
3327 1069 3511 1129 tuam,
3537 1080 3628 1119 ar-

1977 1152 2340 1224 dentemque
2381 1151 2665 1205 ﬁduciam
2700 1152 3041 1223 probantes,
3079 1158 3257 1224 atque
3289 1152 3425 1207 hinc
3464 1169 3631 1224 egre-

1980 1242 2139 1311 giam
2182 1246 2234 1295 te
2274 1240 2424 1295 inter
2464 1240 2762 1310 mulieres,
2820 1241 3037 1312 Deique
3086 1248 3138 1296 et
3193 1241 3628 1297 monachorum

1981 1336 2284 1385 amantem
2316 1346 2446 1382 esse
2478 1336 2893 1398 agnoscentes,
2935 1336 2996 1384 ut
3020 1329 3165 1384 illud
3194 1331 3507 1402 Scripturte
3538 1347 3633 1387 ac-

1981 1420 2240 1475 clamare
2270 1421 2583 1472 conveniat
2616 1435 2629 1472 :
2658 1419 2931 1473 Mulieris
2966 1419 3130 1474 bona:
3171 1419 3263 1475 vir
3302 1420 3503 1475 beatus
3546 1420 3621 1477 ⁸³.

1982 1507 2178 1575 Vides,
2211 1506 2476 1571 domina,
2519 1506 2782 1562 bonitate
2825 1516 2921 1563 tua
2960 1508 3204 1564 beatum
3248 1526 3284 1563 a
3324 1510 3629 1579 Scriptura

271 1617 361 1650 ται
425 1606 486 1669 τῇ
559 1598 849 1669 ἀγαθότητί
898 1618 991 1651 σου
1050 1600 1150 1650 ὑπὸ
1185 1607 1281 1659 τῆς
1320 1604 1527 1671 Γραφῆς
1566 1600 1591 1649 6
1631 1601 1811 1671 κύριος
1848 1599 1873 1649 6

1992 1596 2295 1669 praedicari
2312 1595 2625 1650 dominum
2654 1596 2968 1667 patricium
2993 1597 3312 1667 conjugem
3336 1597 3492 1653 tibia
3516 1600 3633 1653 Deo

273 1691 567 1758 πατρίκιος,
600 1691 690 1739 καὶ
732 1683 1012 1749 θέοσὸοτὸς
1065 1707 1158 1740 σου
1216 1688 1467 1758 σύζυγος.
1528 1686 1728 1739 Οὐκοῦν
1783 1687 1875 1747 ζη-

271 1775 438 1827 λοῦσα
492 1775 723 1837 ζήλωσον
787 1778 862 1828 ἔτι
912 1782 1300 1851 μακαριώτερον
1367 1776 1522 1827 αὐτὸν
1580 1776 1876 1849 ἀπεργάσα-

276 1867 419 1916 σθαι.
458 1871 574 1924 Πώς
616 1860 664 1916 δ’
698 1865 758 1916 ἄν
799 1861 893 1917 εἷεν
936 1873 1091 1917 τοῦτο
1126 1884 1138 1933 ;
1190 1863 1237 1916 ἐν
1292 1873 1363 1935 τῷ
1405 1884 1461 1917 σε
1515 1866 1591 1917 ἔτι
1630 1863 1877 1936 ἀγαθύνε-

278 1955 444 2005 σθαι·
514 1957 675 2025 ἤγουν
745 1954 1192 2026 ὑπομνηματίξειν
1274 1954 1453 2019 αὐτόν,
1538 1953 1873 2028 παρακαλεῖν,

274 2042 584 2115 ἑκ).ιπαρεῖν,
644 2045 701 2095 τό
755 2049 849 2104 τῆς
899 2048 1221 2116 στρατηγίας
1278 2042 1472 2115 ὕψωμα
1534 2039 1729 2095 διέπειν
1772 2046 1879 2096 θεο-

276 2130 454 2203 φιλῶς,
500 2134 639 2183 καθὰ
711 2136 801 2183 καὶ
860 2128 1069 2184 ὃιέπειο
1152 2134 1557 2184 ἐπισκέπτεσθαι
1632 2131 1879 2206 ὀρφανοὺς

273 2226 363 2272 καὶ
418 2226 591 2295 χήρας
659 2219 708 2271 ἐν
778 2228 838 2292 τῇ
900 2220 1070 2291 θλίψει
1137 2221 1304 2272 αὐτῶν
1347 2242 1358 2254 -
1427 2220 1646 2273 ἄσπιλον
1699 2221 1878 2275 ἑαυτὸν

278 2317 448 2382 τηρεῖν
507 2310 607 2361 ἀπὸ
662 2305 875 2370 ἀδικίας
915 2326 927 2338 ·
977 2308 1326 2381 φιλομόναχόν
1350 2328 1405 2362 τε
1444 2308 1571 2361 εἶναι
1601 2315 1690 2362 καὶ
1743 2311 1881 2383 φιλό-

277 2417 493 2468 πτωχον
528 2417 538 2427 ·
641 2400 923 2471 ἧμερότητι
1037 2404 1345 2472 κεκραμένον
1380 2416 1392 2428 ·
1484 2397 1764 2475 ἐπειδήπερ
1847 2402 1875 2458 ἡ

279 2486 492 2549 ἐξουσία
544 2486 675 2544 αὐτὴ
732 2484 966 2557 ἀρκοῡσά
1020 2489 1131 2539 ἐστι
1220 2487 1549 2550 καταπλῆξαι
1606 2493 1724 2551 τοὺς
1782 2490 1881 2541 ὑπὸ

278 2584 482 2647 χεῖραο
539 2581 629 2627 xui
682 2579 783 2645 μὴν
834 2576 1144 2647 ἀνεχόμενον
1212 2574 1425 2637 ἀπειλῆς
1466 2581 1556 2628 καὶ
1614 2574 1881 2630 παιδευτι-

280 2672 383 2724 κῶς
452 2667 541 2734 μεν
593 2663 913 2734 πλήττοντα,
968 2664 1339 2735 φιλανθρώπως
1379 2661 1439 2716 δὲ
1490 2669 1582 2718 καὶ
1620 2685 1880 2742 μεμετρη-

283 2756 443 2823 μένως
502 2752 829 2824 μαστίζοντα
863 2770 874 2779 ·
956 2756 1159 2827 ἐπείπερ
1230 2755 1347 2805 οὔτε
1402 2757 1462 2805 τό
1520 2756 1702 2827 ἄφετον
1759 2777 1883 2807 παν-

282 2843 484 2893 τάπασι
567 2845 823 2915 σωτήριον
858 2859 870 2872 '
950 2844 1067 2894 οὔτε
1135 2846 1193 2894 τό
1255 2845 1570 2915 ὑπέρμετρον
1634 2845 1883 2902 πλητικόν

284 2926 647 2985 εὐαπόδεκτον.
711 2936 811 2984 Καὶ
876 2935 1037 3004 πρόγε
1096 2934 1319 2997 πάντων,
1382 2936 1440 2983 τὸ
1513 2935 1647 2985 κατά
1703 2938 1883 2986 πίστιν

283 3014 581 3091 ὀρθόδοξον.
641 3018 703 3071 Εἰ
762 3021 862 3092 γὰρ
930 3024 1020 3071 καὶ
1073 3024 1199 3093 πρὸς
1290 3023 1349 3073 τό
1407 3020 1500 3082 ἔξω
1556 3024 1670 3072 ἔστι
1726 3022 1883 3093 λέγειν

280 3104 556 3159 ἀδυνατεῖν
607 3109 741 3159 κατά
770 3110 831 3160 τὰ
884 3110 1155 3180 φθάσαντα
1184 3116 1337 3161 τοῦτο
1378 3109 1646 3181 φυλάττειν
1687 3128 1699 3140 ·
1762 3113 1881 3185 ὅπερ

278 3193 404 3249 οὐδε
434 3204 586 3248 τοῦτο
620 3195 809 3269 ἀρκοῦν
838 3198 909 3259 εἰς
941 3206 1075 3251 Θεοῦ
1109 3198 1390 3270 ἀπολογίαν
1425 3218 1437 3231 ·
1473 3219 1503 3251 ‹(
1534 3208 1624 3261 τῆς
1653 3202 1754 3275 γὰρ
1786 3200 1884 3252 αὐ-

274 3292 366 3337 τοῦ
398 3284 604 3355 ἀγάπης
663 3283 813 3338 οὐδὲν
845 3292 1218 3362 προτιμότερον
1262 3304 1273 3317 ⁸
1310 3310 1339 3341 ››
1371 3287 1479 3339 ἀλλ’
1511 3288 1597 3340 οὖν
1656 3309 1714 3359 γε
1753 3292 1886 3341 κατά

274 3379 362 3427 τὸν
394 3376 497 3426 ἔσω
525 3375 818 3447 ἄνθρωπον,
887 3372 1105 3428 δυνατὸν
1158 3384 1309 3429 τοῦτο
1365 3377 1884 3449 παραφυλάττεσθαι,

277 3467 370 3516 καὶ
446 3462 645 3515 πολλῶν
705 3474 920 3539 σωτῆρα
970 3466 1325 3538 χρηματίζειν
1384 3465 1539 3517 αὐτόν
1588 3472 1678 3518 xui
1731 3486 1884 3538 μονα-

282 3559 417 3604 στῶν
481 3554 567 3602 καὶ
622 3551 835 3619 λαῖκῶν,
893 3559 983 3606 καὶ
1057 3552 1329 3628 ἀρχόντων
1394 3559 1483 3606 καὶ
1560 3554 1882 3627 ἀρχομένων.

278 3647 459 3693 Ταῦτα
517 3638 571 3702 ἕξ
627 3639 838 3711 ἀγαπης
884 3651 1234 3715 πνευματικῆς
1291 3652 1385 3705 τῆς
1439 3647 1565 3717 πρὸς
1624 3646 1759 3715 ὑμᾶς
1808 3663 1886 3696 κι-

275 3731 535 3800 νούμενοι,
615 3729 1003 3805 τεθαῤῥήκαμεν
1093 3733 1395 3803 ὑπομνῆσαι
1424 3750 1436 3763 ·
1526 3729 1722 3795 εἰδότες
1798 3737 1888 3785 καὶ

275 3816 688 3889 ἀνυπομνήστως
717 3821 938 3891 ἔχεσθαι
978 3822 1115 3893 ὑμᾶς
1147 3828 1240 3873 τοῦ
1268 3820 1456 3876 καλοῦ.

409 3934 571 4023 FOQ"
612 3951 747 4023 (68).
788 3976 859 3987 --
898 3947 1141 4018 Βρυένᾳ
1180 3951 1551 4016 στρατηγῷ.
1588 3942 1748 4015 [ψμ¹.]

1983 1692 2215 1741 datum.
2241 1687 2432 1750 Quare
2456 1685 2622 1738 omni
2655 1685 2851 1739 studio
2887 1685 3174 1741 contende
3211 1693 3269 1741 ut
3298 1686 3465 1741 illum
3496 1687 3635 1742 bea-

1985 1774 2195 1830 tiorem
2235 1773 2435 1827 adhuc
2471 1772 2715 1828 efficias.
2768 1774 3041 1839 Quonam
3092 1782 3294 1830 autem
3345 1780 3520 1846 pacto
3573 1775 3634 1830 id

1984 1864 2086 1918 ﬁet
2120 1862 2149 1914 ‘I
2180 1863 2235 1918 Si
2279 1862 2427 1916 bene
2452 1861 2531 1916 illi
2560 1862 2755 1918 facere
2787 1878 2997 1933 pergas
3030 1882 3046 1933 ;
3079 1864 3193 1919 hoc
3228 1869 3335 1928 est,
3377 1865 3422 1918 si
3463 1864 3629 1919 illum

1986 1950 2508 2015 commonefacias,
2540 1950 2815 2016 horteris,
2838 1968 3066 2015 exores,
3102 1960 3161 2007 ut
3191 1952 3459 2008 militaris
3487 1970 3634 2024 prae-

1986 2040 2227 2095 fecturaa
2266 2040 2498 2109 apicem
2530 2055 2601 2094 ex
2630 2038 2728 2093 Dei
2760 2046 2905 2095 nutu
2937 2046 3124 2109 regat.
3152 2041 3301 2095 sicut
3331 2042 3530 2112 reipsa
3552 2057 3640 2096 re-

1988 2130 2105 2199 git;
2134 2135 2194 2182 ut
2223 2128 2630 2199 orphanorum
2661 2128 3098 2199 viduarumque
3122 2145 3327 2184 curam
3347 2130 3404 2184 in
3430 2146 3635 2185 eorum

1988 2234 2272 2273 aerumnis
2298 2223 2500 2285 gerat;
2525 2218 2810 2271 intactum
2845 2232 2906 2271 se
2938 2218 3013 2271 ab
3056 2217 3366 2289 iniquitate
3391 2235 3637 2274 conser-

1991 2312 2086 2361 vet
2116 2324 2130 2371 ;
2161 2306 2596 2361 monachorum
2621 2307 3359 2377 amatorsitetpauperum
3389 2324 3402 2374 ;
3427 2308 3641 2364 huma-

1991 2397 2171 2451 nitate
2195 2402 2558 2467 temperatus
2592 2412 2606 2459 ;
2645 2402 2904 2465 potestas
2933 2396 3231 2467 siquidem
3258 2396 3392 2467 ipsa
3423 2396 3643 2453 sufﬁcit

1991 2493 2054 2541 ut
2075 2485 2325 2540 subditis
2353 2492 2635 2539 terrorem
2662 2484 2885 2554 injiciat
2916 2501 2930 2550 ;
2957 2493 3011 2540 et
3037 2486 3229 2540 minas
3262 2488 3461 2558 utique
3482 2502 3644 2558 sper-

1992 2590 2159 2639 nens,
2201 2580 2253 2628 et
2286 2573 2668 2628 correctionis
2706 2574 2950 2645 quidem
2983 2577 3170 2645 gratia
3213 2574 3492 2645 plectens,
3538 2576 3644 2631 sed

1991 2663 2255 2718 humane
2283 2670 2338 2718 et
2376 2661 2681 2719 moderate
2716 2664 2951 2718 caadens
2988 2679 2998 2717 ε
3033 2665 3176 2735 quia
3217 2680 3325 2719 nec
3365 2665 3643 2720 salutaris

1991 2758 2082 2807 est
2112 2752 2438 2807 immodica
2470 2767 2906 2824 usquequaque
2948 2753 3308 2819 remissio,et
3345 2769 3501 2823 aegre
3534 2754 3645 2809 ad-

1994 2842 2242 2896 mittitur
2276 2857 2409 2913 quae
2449 2841 2691 2895 modum
2732 2841 2964 2896 excedit
2998 2842 3297 2897 severitas.
3338 2848 3484 2897 Ante
3518 2860 3644 2898 om-

1993 2932 2093 2986 nia
2114 2946 2252 2985 vero
2282 2930 2409 2999 ejus
2448 2929 2597 2984 ﬁdes
2623 2931 2694 2985 sit
2714 2931 3069 2985 orthodoxa.
3094 2934 3239 2987 Nam
3264 2932 3369 2986 etsi
3395 2932 3647 2987 fortasse

1993 3019 2153 3075 dicat
2182 3034 2303 3074 non
2331 3034 2505 3089 posse
2526 3018 2603 3075 ad
2629 3034 2700 3074 ea
2728 3034 2863 3090 quae
2898 3027 3331 3089 praecesserunt
3366 3021 3523 3075 hanc
3556 3020 3640 3076 fo-

1992 3110 2071 3163 ris
2105 3124 2329 3163 servari
2363 3107 2565 3179 :quod
2596 3108 2793 3179 ipsum
2820 3115 3019 3163 tamen
3052 3124 3171 3164 non
3197 3108 3414 3164 sufﬁcit
3447 3111 3640 3165 utDeo

1994 3198 2245 3254 satisﬁat
2297 3197 2420 3267 (Dei
2468 3197 2627 3251 enim
2694 3197 2882 3252 amori
2944 3197 3089 3251 nihil
3148 3198 3640 3269 anteponendum

1994 3287 2122 3358 est),
2158 3293 2216 3341 at
2240 3292 2392 3341 certe
2433 3286 2768 3340 secundum
2805 3288 3146 3343 interiorem
3182 3286 3489 3343 hominem
3522 3304 3643 3343 ser-

1993 3376 2121 3432 vari
2164 3382 2353 3446 potest
2385 3391 2397 3428 :
2435 3380 2495 3431 ut
2533 3376 2739 3431 salutis
2789 3382 2996 3431 auctor
3046 3376 3247 3431 multis
3296 3376 3370 3431 sit
3408 3378 3556 3448 ipse,
3589 3385 3645 3434 et

1996 3465 2308 3520 monachis
2347 3465 2602 3530 etlaicis,
2645 3469 2702 3520 et
2733 3465 3104 3537 principibus
3128 3473 3185 3521 et
3215 3466 3486 3521 subditis.
3508 3470 3641 3522 Haec

1996 3553 2286 3625 spirituali
2311 3568 2453 3623 erga
2473 3569 2577 3608 vos
2595 3553 2878 3609 charitate
2905 3555 3154 3625 permoti
3173 3570 3487 3625 suggerere
3509 3555 3645 3611 ausi

1996 3658 2204 3698 sumus
2230 3659 2242 3697 :
2266 3642 2744 3712 nonignorantes
2767 3644 2911 3699 boni
2933 3646 3195 3717 rectique
3218 3645 3438 3711 studio,
3464 3646 3641 3702 etiam

1996 3731 2123 3787 sine
2158 3732 2473 3796 monitore,
2506 3746 2613 3787 vos
2654 3732 2856 3788 teneri.

2338 3946 2600 4002 CLXXVI.
2632 3976 2700 3987 —
2725 3948 2982 4017 Bryena’
3020 3951 3301 4019 stratego.

1547 4051 1865 4101 Consolatur
1891 4050 1956 4102 de
1991 4052 2138 4102 obitu
2165 4053 2371 4102 matris.

352 4162 639 4236 Ἀνηγγέλη
692 4161 816 4231 ἡμῖν
874 4156 900 4207 ὁ
966 4155 1183 4214 θάνατος
1233 4158 1329 4211 τῆς
1385 4155 1647 4224 μακαρίας
1685 4154 1880 4225 μητρὸς

2062 4153 2340 4208 Nuntiata
2371 4152 2543 4208 nobis
2569 4157 2656 4207 est
2687 4168 2848 4208 mors
2875 4153 3065 4207 beatas
3093 4152 3298 4208 matris
3330 4170 3340 4209 :
3370 4158 3426 4208 et
3447 4168 3643 4225 quan-

282 4260 373 4307 χαὶ
420 4257 540 4306 ὅσον
574 4248 917 4319 ἑστονοὲξαμεν
968 4246 1021 4295 τί
1060 4245 1170 4316 χρὴ
1224 4244 1313 4292 καὶ
1343 4240 1547 4311 λέγειν;
1579 4244 1637 4293 οὐ
1671 4238 1765 4293 διὰ
1793 4245 1887 4300 τήν

284 4344 446 4406 ὁσίως
502 4342 901 4411 κεκοιμημένην,
952 4334 1123 4403 ἄπαγε
1153 4348 1165 4361 ⁸
1224 4326 1411 4403 κέρδος
1448 4332 1549 4405 γὰρ
1590 4330 1721 4402 αὐτῇ
1785 4329 1888 4401 ἐγέ.

285 4453 398 4485 νετο
426 4434 455 4489 ἠ
481 4432 827 4503 μετάστασις,
874 4424 1112 4497 φυγούσῃ
1165 4422 1252 4471 τόν
1308 4419 1742 4493 πολυαμάρτητον
1774 4416 1887 4491 βίον

282 4529 466 4575 τοῦτον
502 4538 513 4551 °
576 4517 683 4570 ἀλλ’
738 4518 1020 4574 ἐννοοῦντες
1074 4514 1167 4568 τήν
1218 4513 1314 4567 σὴν
1374 4508 1783 4580 καλοκαγαθίαν,
1818 4511 1889 4568 ὡς

286 4609 769 4683 ἀπορφανισθεῖσαν
848 4601 1035 4666 τέλεον,
1096 4603 1183 4651 xui
1244 4594 1509 4670 μηδεμίαν
1567 4597 1618 4649 ἐν
1658 4606 1728 4668 τῷ
1789 4596 1889 4669 βίῳ

289 4700 633 4772 παραμυθίαν
688 4695 1024 4764 κεκτημένην.
1090 4693 1192 4742 Καὶ
1238 4695 1405 4739 ταῦτα
1458 4687 1506 4738 ἐν
1584 4687 1719 4739 οὕτω
1767 4706 1891 4739 σκυ-

292 4791 473 4862 θρωπῇ
556 4785 876 4836 καταστάσει
952 4781 1302 4853 ὑπάρχουσαν
1339 4794 1351 4806 ⁸

285 4886 379 4936 τῆς
439 4877 589 4935 ὁσίας
644 4868 863 4931 κηδείας
907 4868 1282 4921 ἀπολαύσασαν
1317 4884 1330 4896 ο

1406 4782 1495 4829 καὶ
1549 4774 1672 4829 οὐδὲ
1728 4777 1858 4834 αὐτῆ
1871 4796 1891 4837 ς

1376 4867 1401 4918 ὃ
1432 4871 1596 4938 φέρειν
1639 4863 1751 4919 οἶδε
1803 4886 1891 4938 μι-

288 4969 417 5040 κρὰν
473 4966 799 5037 παρηγορίαν
842 4977 855 4989 ’
925 4958 1077 5031 λόγος
1141 4957 1406 5031 ἓξιτήριος
1472 4960 1561 5008 xui
1626 4956 1893 5008 τελευταία

289 5058 454 5127 φωνὴ,
487 5051 810 5126 πρόσπτυξίς
870 5068 923 5101 τε
956 5052 1135 5120 τιμίου
1183 5045 1450 5116 λειψάνου,
1486 5048 1576 5097 xui
1607 5045 1770 5105 αὐτῆς
1798 5053 1893 5105 τῆς

288 5142 338 5195 ἓν
393 5138 432 5214 ᾧ
499 5142 829 5193 κατατίθεται
895 5140 1055 5198 θήκης
1128 5134 1490 5205 ἐπισκέψεως·
1569 5139 1657 5186 καὶ
1723 5137 1894 5195 ἔοικας

290 5234 348 5284 τὸ
382 5237 475 5283 τοῦ
526 5229 788 5283 Ταντάλου
835 5229 1039 5298 παθεῖν)
1093 5226 1276 5279 εἰικαὶ
1312 5226 1664 5297 μυθικώτερον
1704 5227 1761 5275 τὸ
1814 5223 1897 5275 ἐπί

368 5376 416 5407 ⁸³
451 5370 620 5428 Eccli.
653 5385 817 5436 xxvr,
855 5374 904 5424 1.

1998 4250 2122 4299 tum
2153 4242 2645 4311 ingemuerimus,
2676 4241 2822 4313 quid
2855 4241 3062 4297 attinet
3092 4242 3289 4298 dicere
3317 4241 3345 4297 7
3366 4259 3485 4298 non
3512 4258 3647 4314 pro-

1996 4337 2124 4405 pter
2162 4331 2322 4387 illam
2364 4348 2499 4403 quae
2526 4337 2727 4386 sancte
2753 4330 3134 4394 obdormivit,
3176 4331 3331 4387 absit
3364 4348 3375 4386 :
3412 4333 3645 4387 lucrum

1997 4423 2156 4477 enim
2213 4420 2324 4492 ipsi
2373 4420 2499 4486 fuit,
2537 4421 2701 4492 quod
2754 4420 2956 4475 multis
3012 4424 3271 4491 peccatis
3324 4421 3643 4476 obnoxiam

1996 4509 2153 4565 hanc
2178 4509 2363 4564 vitam
2383 4509 2567 4564 evasit
2595 4524 2606 4563 :
2642 4509 2745 4564 sed
2778 4525 2915 4563 cum
2942 4510 3341 4577 cogitaremus
3364 4510 3646 4565 eximiam

1998 4598 2354 4671 probitatem
2391 4603 2554 4653 tuam
2585 4599 2743 4652 velut
2769 4599 3043 4653 orbatam
3073 4614 3200 4652 esse
3229 4601 3487 4669 penitus,
3516 4615 3651 4653 om-

1997 4689 2180 4759 nique
2211 4688 2269 4741 in
2302 4688 2418 4742 vita
2451 4686 2662 4742 solatio
2693 4687 3039 4742 destitutam
3061 4703 3072 4740 :
3096 4692 3274 4758 atque
3292 4688 3417 4742 haec
3443 4688 3501 4742 in
3527 4694 3647 4743 iam

2000 4777 2145 4832 tristi
2199 4792 2399 4830 rerum
2456 4772 2707 4831 tuarum"
2738 4782 2894 4831 statu
2948 4791 2960 4830 :
3013 4781 3068 4831 et
3124 4776 3289 4847 quod
3328 4792 3435 4830 nec
3487 4776 3652 4846 justa

2000 4871 2219 4921 sanctae
2284 4865 2363 4919 illi
2414 4864 2749 4936 persolvere
2791 4881 2860 4920 ac
2912 4865 3090 4919 funus
3140 4881 3344 4920 curare
3374 4866 3649 4931 licuerit;

1999 4972 2135 5027 quae
2167 4970 2258 5009 res
2290 4954 2554 5025 aliquam
2580 4953 2785 5009 afferre
2813 4953 2961 5009 solet
2985 4955 3455 5009 consolationem
3483 4971 3494 5008 :
3522 4970 3648 5009 mo-

2002 5044 2205 5099 rientis
2245 5045 2430 5099 oratio
2462 5051 2517 5099 et
2552 5051 2851 5115 postrema
2879 5043 3343 5112 vox,chararum
3374 5043 3652 5114 reliquia—

2004 5150 2137 5187 rum
2169 5133 2502 5204 amplexus,
2533 5133 2915 5204 ipsiusquein
2944 5148 3064 5203 quo
3095 5132 3373 5203 depositae
3408 5137 3545 5186 sunt
3569 5132 3648 5187 lo-

2006 5222 2121 5277 culi
2168 5229 2523 5294 conspectus
2572 5238 2585 5274 :
2633 5222 2969 5292 viderisque
3020 5220 3165 5275 mihi
3216 5220 3477 5292 idipsum
3533 5221 3653 5292 pati

1860 5463 2062 5518 ΝΟΤΕ
2074 5504 2089 5517 .

366 5577 486 5649 (67)
523 5576 587 5631 In
608 5573 752 5631 Cod.
785 5576 918 5644 Reg.
943 5572 1088 5647 ροζ’.

587 5680 825 5738 PATROL.
870 5679 975 5736 Ga.
1026 5678 1221 5738 XCIX,

2077 5568 2187 5638 (68)
2226 5568 2291 5623 In
2322 5568 2455 5623 cod.
2498 5568 2638 5639 Reg.
2678 5565 2811 5641 pon'.
2864 5612 2867 5613 γ

3313 5674 3378 5729 49
