4058 6274
475 259 614 313 1547

1743 254 1803 310 S.
1844 250 2214 310 THEODORI
2254 251 2580 309 STUDITAE

3700 251 3841 314 1348

472 383 636 455 quod
667 381 944 438 Tantalus
970 382 1100 451 (etsi
1129 380 1456 437 fabulosior
1485 389 1573 436 est
1600 383 1724 436 haac
1763 396 2122 436 commemo-

2242 380 2464 450 φθεγμα,
2520 377 2568 430 ἒν
2623 383 2809 450 μέσαις
2862 387 3054 452 πηγαῖς
3112 376 3586 452 δίψειτηκομενος,
3637 383 3838 451 ἀκοαῖς,

473 472 643 543 ratio)
667 473 722 526 in
746 471 954 526 mediis
996 469 1260 525 fontibus
1285 471 1374 524 siti
1399 470 1702 524 confectus
1731 485 1746 524 :
1779 485 1914 523 cum
1939 475 1998 523 tu
2023 485 2125 523 au-

473 561 636 617 ribUs
662 567 914 625 tantum,
950 565 1005 614 et
1045 575 1164 614 non
1194 559 1402 624 oculis,
1438 558 1644 613 matris
1687 558 1915 612 obitum
1959 574 2124 614 acce-

475 652 654 723 peris.
699 650 849 714 Quid
891 664 1032 720 ergo
1075 649 1129 702 in
1174 648 1298 702 istis
1339 647 1365 702 ‘P
1404 654 1488 702 An
1523 653 1919 719 praeterquam
1962 649 2130 706 decet

473 741 936 810 ingemiscemus
968 739 996 794 ?
1028 754 1103 792 an
1142 737 1573 809 inexplebiliter
1613 736 1937 792 ﬂebimus?
1965 737 2129 793 effre'

475 835 610 885 nate
635 825 1153 882 stomachabimur
1179 825 1208 877 ‘?
1232 829 1294 880 Et
1316 825 1414 880 ubi
1446 827 1689 880 scientia
1709 826 1738 877 ‘?
1762 825 1860 879 ubi
1894 826 2128 897 sapien-

474 920 552 974 tia
590 919 617 974 ?
658 917 755 972 ubi
797 915 1116 988 prudentia
1140 915 1168 971 7
1199 915 1421 986 quibus
1451 914 1732 969 nobilitas
1781 921 1880 969 tua
1919 922 2130 972 ornata

471 1015 580 1075 est,
611 1013 667 1062 et
695 1007 937 1078 quidem
971 1019 1151 1076 supra
1184 1003 1402 1058 multos
1441 1019 1645 1058 eorum
1671 1003 1775 1074 qui
1812 1004 2126 1072 magistra-

473 1103 595 1152 tum
625 1111 783 1150 nunc
807 1099 1038 1161 gerunt.
1071 1095 1484 1164 Nequaquam,
1509 1109 1544 1144 o
1569 1092 2001 1158 amantissime,
2035 1110 2130 1149 ne-

471 1200 775 1257 quaquam
804 1198 815 1237 :
855 1182 956 1236 sed
991 1181 1088 1236 ubi
1113 1181 1418 1236 moderate
1433 1181 1799 1249 ingemueris
1819 1181 2130 1252 etplanxe-

470 1276 872 1345 ris,quantum
905 1269 1174 1326 videlicet
1203 1270 1349 1324 satis
1376 1277 1434 1324 ut
1470 1270 1751 1325 maternis
1781 1270 2130 1327 funebribus

473 1365 820 1431 defungare,
847 1367 902 1414 et
930 1359 1096 1432 quod
1130 1365 1357 1414 naturae
1385 1365 1471 1413 est
1503 1359 1834 1430 patefacias
1879 1377 1892 1425 ;
1925 1361 2120 1417 redea-

475 1470 608 1509 mus
639 1453 851 1507 iterum
881 1449 957 1504 ad
999 1464 1129 1513 nos,
1165 1448 1210 1502 si
1232 1448 1444 1518 placet,
1481 1448 1842 1518 sublimique
1867 1454 2130 1505 contem-

478 1541 738 1612 platione
774 1554 908 1611 quae
969 1536 1061 1592 hic
1107 1545 1244 1592 sunt
1289 1536 1698 1607 despiciamus
1732 1554 1745 1592 :
1781 1554 1916 1592 cum
1972 1555 2128 1594 som-

474 1631 665 1696 nium,
707 1633 762 1683 et
805 1626 1038 1691 umbra,
1081 1630 1139 1680 et
1175 1625 1354 1680 ludus
1396 1625 1469 1678 sit
1519 1625 1811 1697 quidquid
1863 1627 1918 1680 in
1971 1634 2126 1691 terra

473 1727 580 1784 est,
643 1717 794 1771 sicut
848 1714 1282 1783 Theologorum
1329 1713 1577 1784 quidam
1625 1715 1701 1768 ait

472 1809 572 1880 qui
604 1821 722 1861 non
756 1811 912 1869 sunt,
943 1807 997 1857 et
1030 1808 1202 1858 natos
1233 1802 1492 1859 interire.
1535 1805 1681 1856 Nam
1723 1809 1776 1856 et
1814 1819 1925 1858 nos
1967 1805 2120 1860 viam

472 1897 746 1953 eamdem
773 1893 1194 1962 ingrediemur,
1214 1907 1396 1962 quam
1416 1898 1610 1961 patres
1643 1892 1825 1946 nostri
1861 1901 1995 1949 ante
2016 1911 2124 1949 nos

471 1990 791 2042 tenuerunt
819 2000 830 2036 :
869 1983 1151 2051 idemque
1183 1996 1394 2035 omnes
1427 1996 1495 2034 ex
1529 1989 2017 2053 aequoexspectat
2041 1983 2125 2037 di-

474 2073 806 2130 versorium
845 2089 859 2138 ;
889 2071 1091 2125 forsan
1123 2075 1321 2124 autem
1349 2075 1403 2123 et
1436 2069 1592 2123 aliud
1622 2068 1734 2124 alio
1754 2071 2120 2138 luctuosius;

473 2164 762 2237 quoniam
795 2161 890 2215 hic
919 2160 976 2215 in
999 2174 1144 2230 pace
1176 2158 1442 2228 sepultus
1461 2166 1544 2212 est
1570 2160 1836 2224 fortasse,
1867 2160 1960 2215 bic
1985 2177 2123 2216 vero

472 2269 594 2309 non
637 2254 794 2316 item,
827 2254 931 2304 aut
951 2248 1110 2302 enim
1138 2246 1268 2301 belli
1300 2247 1621 2300 ludibrium
1655 2248 1759 2302 fuit
1782 2264 1796 2313 ;
1823 2254 1925 2302 aut
1947 2251 2124 2305 maris

471 2341 753 2398 ﬂuctibus
783 2338 1104 2408 absorptus
1145 2341 1252 2402 est,
1295 2343 1396 2389 aut
1436 2336 1552 2391 alio
1592 2338 1880 2408 quopiam
1918 2338 2120 2402 modo,

473 2430 681 2502 quales
703 2428 902 2482 videre
925 2432 1014 2480 est
1037 2425 1403 2480 diversorum
1431 2440 1716 2493 generum
1752 2426 2124 2482 miserandas

474 2525 696 2574 mortes
735 2515 1098 2587 repentinas.
1141 2513 1365 2578 Quibus
1399 2517 1668 2583 superior
1706 2516 1920 2569 exstitit
1950 2516 2124 2571 beata

473 2614 681 2672 mater,
710 2621 840 2677 quae
869 2606 927 2658 in
958 2603 1286 2663 sanctitate,
1317 2608 1373 2655 et
1406 2618 1639 2656 crucem
1675 2609 1940 2671 gestante
1985 2607 2122 2674 vita,

473 2696 610 2751 hinc
645 2693 943 2748 mihravit.
1002 2691 1311 2761 Reliquum
1362 2705 1502 2758 ergo
1553 2698 1638 2744 est
1681 2693 1820 2746 utin
1851 2692 1940 2746 his
1972 2694 2120 2749 cele-

471 2783 640 2839 brem
670 2781 828 2836 illam
850 2780 1007 2835 beati
1027 2779 1135 2834 Job
1161 2795 1366 2832 vocem
1404 2795 1763 2848 usurpemus
1794 2796 1804 2834 :
1837 2782 2121 2839 Dominus

472 2872 655 2936 dedit,
688 2870 975 2925 Dominus
1003 2868 1250 2924 abstulit
1269 2883 1292 2922 .·
1313 2867 1462 2922 sicut
1493 2868 1738 2923 Domino
1758 2870 2011 2940 placuit,
2036 2872 2121 2927 ita

466 2963 700 3032 factum
723 2967 806 3016 est
832 2959 899 3012 δ”.
931 2957 1186 3024 Addam,
1219 2957 1414 3010 utilem
1465 2957 1638 3010 nobis
1673 2956 1796 3011 fore
1839 2959 1994 3013 hanc
2026 2977 2121 3015 vo-

470 3067 598 3106 cem
628 3049 687 3104 in
720 3047 938 3121 quibus
969 3045 1383 3101 conﬂictamur
1425 3062 1619 3100 rerum
1663 3047 2117 3104 difficultatibus
2157 3067 2197 3124 ρ

469 3147 526 3195 et
555 3138 842 3210 angustiis
880 3134 1376 3208 quandoquidem
1421 3135 1740 3206 praeclarus
1774 3136 1865 3190 ille
1911 3139 2015 3201 vir,
2062 3147 2123 3194 ut

469 3228 802 3293 nosti,inter
831 3226 1178 3280 innumeras
1219 3239 1539 3288 arumuas,
1571 3226 1893 3292 gratiarum
1940 3229 2123 3283 actio-

473 3335 577 3373 nes
605 3317 724 3370 Deo
753 3312 1040 3370 reddebat
1073 3329 1084 3366 :
1121 3329 1193 3367 ne
1222 3311 1398 3381 igitur
1427 3314 1697 3367 animum
1725 3316 2116 3380 remittamus,

473 3405 857 3468 amicissime,
903 3418 1010 3457 nec
1052 3401 1183 3456 vitae
1226 3401 1398 3455 taedio
1439 3400 1774 3457 efficiamur
1815 3419 1827 3457 :
1873 3406 2122 3460 scientes

472 3512 594 3551 non
637 3493 1066 3564 permissurum
1113 3492 1448 3552 Dominum.
1491 3499 1552 3544 ut
1605 3498 1898 3547 tentemur
1939 3511 2123 3567 supra

470 3601 654 3656 quam
690 3597 1010 3654 possumus
1043 3581 1335 3633 sustinere
1366 3580 1434 3633 ⁸⁵.
1468 3579 1609 3644 Quis
1637 3580 1741 3634 scit
1774 3583 1917 3652 quid
1961 3584 2121 3653 pari-

471 3680 603 3729 tura
618 3673 689 3726 sit
723 3669 1122 3725 crastiuadies
1140 3669 1186 3703 ⁸⁸
1203 3668 1230 3719 ?
1249 3671 1308 3722 Et
1338 3685 1353 3720 .'
1381 3668 1491 3734 Qui
1511 3670 1895 3725 annuntiabit
1921 3673 2121 3728 Abra-

474 3764 630 3826 ham,
657 3763 796 3832 quia
826 3759 1010 3812 lactat
1041 3757 1227 3811 Sarra
1261 3758 1304 3790 ⁸⁷
1335 3756 1361 3810 ?
1389 3757 1764 3827 Symbolicus
1787 3765 1871 3813 est
1899 3777 2117 3816 sermo.

474 3853 728 3907 Oramus
744 3846 1275 3918 itaqueDominum
1297 3845 1490 3915 ipsum
1510 3845 1730 3916 gloriae,
1757 3854 1816 3901 ut
1838 3857 2120 3904 cortuum

472 3949 742 4009 tangens,
779 3937 977 3991 lumen
1011 3936 1069 3988 in
1100 3950 1168 3988 eo
1201 3933 1493 4004 producat
1524 3934 1950 3990 consolationis
1974 3953 2122 3992 nun-

469 4045 652 4100 quam
682 4025 1006 4080 delicientis
1036 4039 1046 4076 2
1079 4029 1138 4076 ut
1164 4022 1223 4076 in
1253 4024 1444 4093 teipso
1471 4023 1700 4076 habens
1733 4040 1854 4094 quo
1897 4032 1949 4080 te
1984 4042 2122 4081 con-

470 4117 693 4178 soleris,
737 4113 977 4168 alterius
1022 4127 1164 4166 voce
1204 4127 1321 4165 non
1377 4125 1576 4179 egeas.
1622 4111 1885 4166 Vidimus
1940 4130 2117 4185 porro

470 4206 748 4260 dilectum
773 4204 951 4256 etiam
982 4199 1221 4255 fratrem
1257 4206 1548 4264 nostrum,
1579 4208 1633 4255 et
1665 4201 2036 4271 spiritualem
2055 4204 2123 4258 ti-

468 4295 634 4356 lium,
668 4292 980 4346 dominum
1019 4289 1855 4360 Joannem,consanguineum
1893 4291 2123 4348 celsitu-

469 4383 625 4437 dinis
658 4388 768 4436 ture
800 4398 816 4450 ;
845 4379 943 4450 qui
968 4393 1076 4433 nos
1101 4385 1435 4447 peccatores
1461 4385 1796 4449 opportune
1828 4380 2118 4450 visitavit;

471 4486 652 4542 quem
699 4475 752 4524 et
797 4467 1000 4538 paucis
1039 4467 1230 4520 verbis
1274 4470 1561 4522 consolati
1605 4485 1814 4522 sumus
1854 4469 1927 4524 de
1952 4469 2120 4526 obitu

472 4561 677 4614 matris
707 4575 718 4613 :
748 4565 803 4610 et
835 4556 1092 4611 fraterna
1117 4555 1582 4625 conspiratione,
1629 4571 1745 4611 una
1783 4557 2014 4626 egimus
2045 4559 2120 4615 de

471 4647 706 4719 pietatis
731 4647 911 4700 etiam
939 4651 1051 4698 tua;
1082 4643 1510 4698 consolatione.

685 4768 979 4824 CLXXVII.
1013 4797 1082 4806 ——
1115 4768 1898 4838 Euphrosynwprwpositz.

1747 1731 1758 1767 :
1802 1716 1968 1770 nasci
2019 1731 2122 1770 eos
2156 1739 2197 1794 Β

2240 471 2438 534 μόναις,
2489 467 2594 520 ἀλλ’
2649 468 2743 520 οὐκ
2793 467 3070 541 ὀφθαλμοῖς
3118 469 3390 522 ὑπολαϐὼν
3441 474 3533 528 τὴν
3586 478 3680 531 τῆς
3734 491 3842 542 μια-

2240 559 2362 629 τρός
2409 562 2678 628 κοίμησιν.
2727 561 2790 609 Τί
2841 553 2929 608 οὖν
2982 557 3033 609 ἐν
3091 561 3340 623 τούτοις;
3394 559 3698 630 στενάζομεν
3736 561 3841 628 ἄρα

2240 650 2372 720 πέρα
2427 653 2518 698 τοῦ
2566 642 2816 713 dion-0;;
2875 643 3334 721 δακρυρῥοὴσομεν
3383 648 3671 715 cithara;
3713 647 3837 700 ἀπο-

2242 730 2639 807 δυσπετήσομεν
2699 733 3010 806 ἀκράτητα;
3069 742 3164 789 Καὶ
3218 745 3317 789 ποῦ
3370 740 3399 794 ἠ
3462 746 3694 808 γνῶσις;
3737 745 3840 789 πού

2241 823 2270 879 ἡ
2327 827 2478 894 σοφία
2507 840 2518 888 ;
2556 830 2656 875 ποῦ
2688 825 2717 881 ἡ
2768 825 2976 886 σύνεσις
3009 842 3022 890 ;
3055 825 3132 885 οἷς
3161 827 3532 897 κατεκοσμήθη
3571 844 3664 877 σου
3693 827 3721 883 ἡ
3759 825 3840 876 εὖ-

2240 914 2430 980 γένεια,
2470 916 2558 962 καί
2609 931 2666 982 γε
2713 912 2838 983 ὑπὲρ
2901 911 3115 973 πολλοὺς
3170 922 3269 965 τῶν
3326 922 3412 966 νῦν
3465 915 3730 988 ὁρωμένων
3788 912 3836 964 ίν

2240 999 2398 1054 τέλει.
2463 997 2742 1072 Μηδαμῶς
2791 997 2900 1067 οὖν,
2957 999 2995 1052 ὦ
3034 1001 3334 1069 ἐπιπόθητε,
3395 1000 3655 1075 μηδαμῶς
3710 1000 3839 1054 ἀλλὰ

2246 1087 2494 1151 στενάξας
2568 1094 2658 1142 καὶ
2719 1089 2946 1151 κλαύσας
3004 1097 3239 1163 μετρίως,
3299 1094 3419 1144 ὅσον
3480 1096 3570 1144 καὶ
3618 1093 3683 1143 τά
3737 1111 3839 1163 μη-

2241 1180 2397 1248 τρικὰ
2452 1175 2729 1236 ἐπικήδεια
2780 1177 3205 1251 ἀφοσιώσασθαι,
3261 1185 3350 1232 καὶ
3406 1183 3463 1232 τὸ
3515 1188 3606 1240 τῆς
3637 1183 3840 1252 φύσεως

2241 1262 2606 1328 ἐπιδείξασθαι
2641 1282 2656 1297 ⁸
2711 1267 2780 1330 εἰς
2829 1267 3046 1330 ἑαυτοὺς
3109 1268 3278 1333 πάλιν,
3338 1268 3381 1320 εί
3436 1266 3629 1342 βούλει,
3679 1274 3840 1339 γενώ-

2239 1356 2393 1426 μεθα,
2494 1361 2584 1408 καὶ
2681 1353 3042 1429 διαϐλίψωμεν
3144 1363 3381 1430 μετεώρῳ
3484 1359 3672 1430 θεωρίᾳ
3773 1359 3840 1410 τὰ

2239 1439 2411 1516 τῇδε·
2492 1448 2562 1506 ὡς
2601 1448 2743 1519 ὄναρ,
2788 1450 2876 1498 καὶ
2926 1449 3070 1510 σκιὰ,
3130 1451 3218 1499 καὶ
3267 1450 3324 1499 τό
3400 1449 3484 1499 ἰπὶ
3569 1455 3668 1518 γῆς
3725 1453 3840 1499 τοῦ.

2238 1550 2296 1583 το
2367 1537 2626 1605 παίγνιον,
2696 1537 2760 1595 ὥς
2829 1537 2930 1588 πού

2238 1620 2331 1672 οὐκ
2410 1625 2554 1683 ὄντας
2631 1625 2890 1694 γενέσθαι,

2240 1715 2337 1762 Καὶ
2389 1713 2490 1784 γὰρ
2544 1715 2638 1769 τὴν
2696 1712 2858 1770 αὐτὴν
2913 1709 3036 1766 ὁδὸν
3099 1719 3186 1765 καὶ
3246 1715 3396 1785 ἡμεῖς
3453 1715 3837 1788 πορευσόμεθα,

2237 1802 2394 1872 ἤνπερ
2447 1802 2495 1852 οἱ
2546 1806 2769 1873 Πατίρες
2819 1804 2964 1874 ἡμῶν
3024 1798 3396 1874 προωδεύκασι
3426 1821 3437 1831 ·
3480 1806 3661 1854 καὶτὸ
3711 1803 3840 1855 αὐτὸ

3024 1555 3152 1608 φησι
3226 1555 3306 1598 τις
3387 1544 3485 1588 τῶν
3566 1535 3837 1606 θεολόγων,

2977 1628 3066 1676 καὶ
3146 1628 3442 1697 γενομένους
3498 1622 3836 1683 ἀναλυθῆνόιι.

2234 1892 2396 1939 πᾶσίν
2428 1888 2480 1950 ἒξ
2509 1891 2629 1941 ἴσου
2663 1889 2897 1962 ἀναμένει
2947 1891 3222 1962 κατάλυμα
3253 1908 3266 1920 ·
3325 1893 3471 1962 τάχα
3525 1887 3584 1943 δι
3630 1896 3720 1943 καὶ
3749 1891 3840 1943 οἷλ-

2233 1974 2322 2027 λου
2377 1977 2500 2029 ἄλλο
2540 1975 2997 2054 τραγῳδικώτερον
3029 1995 3042 2008 '
3101 1981 3180 2032 ὅτι
3219 1988 3312 2032 τοῦ
3369 1983 3459 2051 μεν
3497 1983 3548 2032 ἓν
3594 1980 3771 2054 εἰρήνῃ
3801 1982 3831 2039 ἡ

2233 2069 2368 2136 ταφὴ
2401 2070 2585 2136 τυχὸν,
2627 2074 2718 2119 τοῦ
2773 2065 2831 2120 δι
2862 2068 2965 2140 οὐχ
3015 2068 3194 2130 οὕτως.
3239 2068 3306 2121 Ἣ
3331 2071 3433 2140 γὰρ
3487 2067 3710 2140 πολέμου
3740 2088 3838 2121 πα-

2232 2154 2514 2228 ρανάλωμα
2582 2159 2784 2227 γέγονεν
2825 2172 2837 2184 ·
2903 2160 2934 2215 ἣ
3006 2156 3274 2218 θαλάσσης
3352 2157 3698 2232 ύποῤῥόφημα
3734 2176 3746 2189 ⁸
3803 2157 3834 2218 ἦ

2233 2262 2337 2302 πως
2394 2243 2578 2307 ἄλλως,
2640 2247 2709 2304 ὡς
2791 2246 2977 2318 ὁρᾶται
3031 2249 3097 2298 τὰ
3166 2246 3336 2308 ἄλλοις
3383 2251 3595 2319 τρόποις
3647 2245 3839 2298 ἐλεεινά

2233 2339 2332 2382 τῶν
2385 2330 2630 2394 ἐξαπίνης
2683 2335 2913 2384 θανάτων
2947 2350 2958 2361 ⁶
3008 2334 3074 2384 ὧν
3123 2336 3153 2392 ἠ
3204 2339 3440 2409 μακαρία
3475 2339 3648 2406 μήτηρ
3703 2333 3839 2385 ἀνω-

2232 2423 2375 2490 τέρα,
2410 2419 2457 2471 ἐν
2483 2422 2722 2478 ὁσιότητι
2763 2426 2851 2473 καὶ
2912 2442 3250 2497 σταυροφορῳ
3295 2420 3395 2496 βίῳ
3449 2421 3699 2496 ἀπάρασα
3735 2431 3836 2474 τῶν

2234 2505 2452 2562 ἐνθένδε.
2493 2515 2804 2580 Λειπόμενον
2855 2506 2941 2562 οὖν
2982 2513 3121 2563 ἔστιν
3167 2515 3213 2563 ἐν
3256 2515 3461 2574 τούτοις
3509 2512 3662 2565 εἰπεῖν
3695 2513 3833 2584 ἡμᾶς

2233 2601 2326 2653 τὴν
2380 2593 2624 2669 ἀοίδιμον
2694 2600 2889 2656 ἐκείνην
2956 2607 3046 2650 τοῦ
3106 2604 3368 2673 μακαρίου
3427 2599 3544 2653 Ἰὼϐ
3613 2604 3784 2672 φωνήν
3818 2617 3830 2629 ·

2231 2693 2289 2738 '0
2324 2689 2556 2760 Κύριος
2595 2683 2853 2753 ἔδωκεν,
2891 2689 2916 2740 ὁ
2947 2690 3193 2761 Κύριος
3245 2689 3538 2762 ἀφείλετο
3572 2707 3583 2720 ·
3635 2693 3714 2750 ὡς
3752 2697 3834 2761 τῷ

2236 2780 2444 2850 Κυρίῳ
2484 2773 2737 2840 ἔδωκεν,
2767 2778 2965 2840 οὕτως
3004 2782 3112 2830 καὶ
3149 2780 3425 2849 ἐγένετο.
3462 2781 3754 2851 Προσθείην
3784 2776 3837 2832 δ’

2232 2865 2291 2915 οἶν
2335 2864 2615 2917 λυσιτελεῖν
2694 2867 2834 2937 ἡμᾶς
2880 2871 2973 2925 τὴν
3019 2871 3188 2938 φωνὴν
3258 2871 3472 2936 ταύτην,
3517 2873 3607 2920 καὶ
3660 2866 3708 2920 ἓν
3763 2869 3837 2929 οἷς

2233 2955 2385 3024 ἐσμὲν
2452 2953 2736 3015 θλιπτικῶς
2787 2960 2874 3006 καὶ
2953 2955 3360 3028 ἐξαπορητικῶς.
3411 2957 3548 3010 Ἐπεὶ
3603 2954 3836 3017 κάκεῖνος

2231 3039 2546 3112 ὁάοίδιμος,
2602 3045 2671 3104 ὡς
2721 3039 2896 3108 οἶσθα,
2949 3046 3032 3095 ἐπὶ
3079 3050 3288 3117 μυρίοις
3346 3043 3598 3116 ἀλγεινοῖς
3639 3047 3706 3097 τὰ
3751 3045 3831 3098 εὖ·

2231 3137 2568 3204 χαριστήρια
2618 3139 2689 3201 τῷ
2737 3139 2852 3202 Θεῷ
2900 3128 3155 3185 ἀπεδίδου
3238 3135 3320 3191 Μὴ
3379 3138 3547 3186 τοίνυν
3592 3135 3834 3207 ῥᾳθυμή-

2235 3237 2422 3290 σωμεν,
2473 3215 2513 3269 ὦ
2561 3219 2786 3291 φίλτατε,
2840 3216 2978 3291 μηδὲ
3035 3220 3437 3293 ἓξαπορὴσωμεν
3475 3227 3565 3272 καὶ
3613 3222 3703 3274 τοῦ
3737 3223 3835 3294 ζῇν

2233 3303 2430 3367 εἰδότες
2491 3304 2579 3359 ’ὃτι
2658 3308 2750 3359 οὐκ
2828 3311 2970 3360 ἐάσει
3049 3310 3188 3381 ἡμᾶς
3249 3312 3434 3382 Κύριος
3481 3312 3838 3384 πειρασθῆναι

2232 3396 2358 3470 ὑπὲρ
2413 3397 2439 3448 ὅ
2498 3393 2785 3468 δυνάμεθα.
2845 3402 2938 3459 Τίς
2989 3394 3101 3449 οἵδε
3155 3402 3207 3450 τί
3263 3398 3467 3461 τέξεται
3504 3400 3534 3456 ἠ
3587 3400 3834 3467 ἐπιοῦσα,

2231 3499 2450 3554 καὶΤίς
2490 3492 2840 3564 ἀναγγελεῖ
2891 3493 3194 3568 Ἀϐραὰμ,
3236 3497 3333 3548 ὅτι
3391 3495 3597 3571 Σάρῥα
3651 3497 3840 3556 θηλά-

2233 3582 2328 3642 ζει
2352 3598 2366 3647 ;
2397 3581 2707 3653 συμϐολικός
2755 3584 2779 3634 ὁ
2805 3582 2973 3654 λόγος.
3011 3583 3294 3656 Εύχόμεθα
3318 3593 3406 3637 οῦν
3436 3585 3592 3638 αὐτὸν
3617 3589 3704 3638 τὸν
3731 3590 3840 3640 Κύ-

2230 3688 2340 3743 ριον
2371 3679 2457 3730 τῆς
2489 3667 2665 3735 δόξης,
2695 3670 3018 3744 ἐφαψάμενον
3059 3692 3153 3725 σου
3194 3682 3289 3735 τῆς
3338 3671 3583 3748 καρδίας,
3618 3672 3839 3746 ἐμποιῆ-

2235 3777 2325 3810 σαι
2373 3767 2472 3830 φῶς
2523 3758 2572 3810 ἐν
2625 3759 2755 3832 αὐτῇ
2812 3759 3037 3818 ἀλήκτου
3094 3764 3453 3835 παραμυθίας,
3512 3766 3581 3826 ὡς
3636 3764 3698 3815 ἄν
3761 3768 3839 3817 οῖ-

2230 3849 2376 3899 κοθεν
2408 3849 2640 3919 ἔχουσαν
2691 3851 2780 3909 τὰς
2834 3848 3066 3922 ἀφορμὰς
3121 3858 3218 3912 τῆς
3263 3852 3663 3925 παρακλήσεως,
3693 3851 3840 3925 μηδὲ

2233 3933 2443 3989 δεῖσθαι
2505 3945 2675 4010 φωνῆς
2736 3937 2925 4008 ἐτέρας.
2978 3935 3197 4010 Εῖδομιν
3251 3937 3310 3992 δι
3348 3945 3437 3994 καὶ
3488 3945 3574 3993 τόν
3625 3940 3837 4014 ἀγαπη-

2231 4045 2317 4078 τον
2385 4022 2604 4098 ἀδελφὸν
2676 4028 2822 4098 ἡμῶν
2881 4032 2968 4080 καὶ
3020 4032 3368 4100 πνευματικὸν
3422 4032 3556 4096 υἱέα,
3609 4034 3694 4082 τὸν
3743 4034 3835 4083 κύ.

2230 4134 2341 4190 ριον
2383 4115 2645 4181 Ἰωάννην,
2709 4120 2798 4168 τὸν
2849 4117 3110 4188 ὁμαίμονα
3165 4125 3262 4180 τῆς
3317 4118 3649 4190 ύψηλότητός
3711 4139 3832 4188 σου,

2231 4203 2641 4276 επισκεψάμενον
2695 4206 2836 4276 ἡμᾶς
2890 4209 3012 4268 τοὺς
3064 4206 3404 4279 ἁμαρτωλούς
3456 4211 3596 4261 κατά
3647 4212 3704 4261 τὸ
3763 4211 3834 4263 εἰ-

2231 4298 2361 4353 κός·
2423 4293 2475 4342 ὃν
2520 4297 2608 4345 καὶ
2661 4295 3146 4367 παρεμυθησάμεθα
3211 4291 3446 4370 βραχέσι
3509 4297 3680 4369 λόγοις
3737 4295 3834 4351 διὰ

2231 4385 2288 4433 τὸ
2340 4385 2594 4455 μητρικόν
2657 4384 2869 4444 πάθος·
2943 4389 3032 4436 καὶ
3089 4385 3620 4460 συμπαρεκαλέσαμεν
3667 4390 3831 4440 οἴσειν

2231 4478 2292 4542 τῇ
2352 4466 2601 4543 ἀδελφικῇ
2674 4467 3010 4526 ωνδιαθέσει
3060 4474 3124 4526 τά
3187 4477 3324 4527 κατὰ
3371 4479 3464 4534 τὴν
3536 4475 3830 4530 θεοσέϐειάν

2233 4578 2348 4613 σου.

2298 4772 2442 4825 POZ'
2470 4771 2607 4845 (69).
2639 4801 2711 4815 -
2748 4772 3122 4849 Εύφροσύνῃ
3165 4776 3514 4850 ἡγουμένῃ.
3549 4775 3754 4851 [ψμα’.]

923 4876 1046 4939 Ejus
1073 4876 1192 4924 vita:
1223 4877 1578 4932 sanctitatem,
1613 4889 1674 4925 ac
1710 4877 2020 4940 praeclaram
2058 4881 2365 4931 monasterii
2396 4879 2918 4930 administrationem
2941 4881 3306 4932 commendat.

542 4980 705 5032 Nunc
737 4979 915 5030 etiam
961 4991 1062 5046 per
1109 4973 1330 5029 litteras
1371 4974 1684 5029 iuvisimus
1722 4978 2110 5031 reverentiam

472 5073 658 5131 tuam,
687 5067 832 5121 scire
859 5072 1098 5119 aventes
1127 5079 1308 5136 quam
1343 5068 1681 5118 constanter
1701 5062 1760 5117 in
1795 5063 1912 5118 vita
1945 5065 2117 5137 spiri-

472 5155 611 5212 tuali
655 5155 760 5211 rite
795 5153 1042 5209 ferenda
1080 5167 1439 5226 perseveres.
1482 5151 1708 5207 Etenim
1751 5159 1811 5208 ut
1841 5153 1951 5208 hoc
1980 5170 2119 5226 aga-

543 5289 590 5324 ⁸⁶
617 5287 731 5345 Job
756 5306 792 5355 ι,
825 5292 914 5343 2t.
991 5289 1037 5322 ⁸⁵
1069 5287 1089 5340 l
1121 5289 1250 5343 Cor.
1274 5301 1331 5350 ι.
1362 5284 1444 5340 t3.
1523 5285 1570 5320 ⁸⁸
1601 5283 1732 5341 Jac.
1766 5300 1842 5351 tv,
1896 5289 1975 5343 14.

2301 4981 2400 5031 Καὶ
2466 4978 2549 5028 ἐπὶ
2601 4984 2691 5029 τοῦ
2765 4982 3017 5052 παρόντος
3096 4980 3514 5050 ἓπισκεπτόμεθά
3577 4998 3676 5032 σου
3732 4986 3828 5039 τὴν

2227 5071 2507 5139 τιμιότητα
2562 5061 2655 5118 διὰ
2705 5073 2795 5118 τοῦ
2853 5068 3184 5142 γράμματος,
3261 5066 3567 5140 γλιχόμενοι
3641 5071 3828 5140 μαθεῖν

2229 5156 2368 5219 ὅπως
2396 5157 2558 5229 ὑγιῶς
2604 5151 2869 5214 διατελοίη
2923 5159 3154 5230 φέρουσα
3203 5155 3396 5228 εὐαγῶς
3441 5160 3535 5216 τὴν
3593 5176 3831 5232 πνευμα-

2053 5287 2098 5324 ⁸⁷
2131 5289 2268 5346 Gen.
2296 5305 2405 5358 χχι,
2433 5294 2465 5345 7
2487 5304 2606 5346 sec.
2630 5291 2788 5349 LXX.

2010 5421 2240 5484 NOTE.

542 5531 655 5604 (69)
685 5533 750 5588 In
777 5530 912 5588 cod.
941 5531 1080 5600 Reg.
1105 5527 1241 5606 ροθ’.
