4058 6274
244 316 384 377 1549
1532 320 1846 378 ΕΡΙΞΤΟΙΑ

2008 325 2046 378 VI
2093 324 2230 382 LIB.
2274 323 2343 380 ΙΙ.
3471 321 3610 380 1550

242 446 390 501 τικην
439 443 597 504 ζωήν.
657 449 757 497 Καὶ
803 446 903 516 γὰρ
959 446 1101 515 ἔργον
1157 447 1280 516 ἡμῖν
1320 445 1639 518 ὀφειλόμενον
1692 454 1844 499 τοῦτο

2013 465 2114 513 ωε,
2142 447 2319 503 ofﬁcii
2355 452 2440 503 est
2470 449 2688 503 nostri:
2724 453 3025 521 quatenus
3058 454 3117 503 tu
3140 449 3387 519 teipsam
3418 448 3615 502 humi-

178 536 187 545 ’
242 538 406 582 ποιεῖν
456 552 469 564 ο
522 534 751 606 καθάπερ
802 538 887 585 καὶ
933 533 1065 591 αὕτη
1127 537 1599 605 προσανατέθεικας
1658 536 1779 587 ἑαυτ

2031 539 2104 592 ati
2134 545 2345 591 nostraa
2378 538 2733 593 commisisti
2762 545 2905 608 post
2931 538 3163 593 obitum
3188 537 3377 592 beata:
3413 537 3633 591 matris'

245 627 306 692 τῇ
366 627 673 673 ταπεινώσει
729 624 896 694 ἡμῶν,
949 621 1036 674 ἀπ’
1078 626 1241 685 αὐτῆς
1292 631 1384 685 τῆς
1442 630 1707 696 μακαρίας
1752 644 1847 696 μη-

2011 642 2104 693 ue;
2126 626 2297 695 cujus
2326 626 2617 679 memoria
2641 626 2698 679 in
2732 626 3057 680 viventium
3078 626 3227 680 libro
3252 631 3357 687 est,
3389 630 3448 679 ut
3479 640 3613 695 quae

244 714 359 781 τρός
408 729 501 761 σου
538 728 548 738 ·
593 710 655 771 ἧς
696 714 751 762 τὸ
800 715 1129 783 μνημόσυνον
1160 710 1207 763 ἐν
1258 709 1419 784 βίϐλῳ
1472 716 1714 775 ζώντων’
1759 732 1846 763 κα-

2012 721 2163 769 incte
2188 714 2334 768 vixit
2369 731 2380 768 :
2415 713 2771 786 pietatisque
2799 714 3076 779 formam,
3104 731 3277 769 suam
3306 714 3492 785 ipsius
3527 712 3614 766 vi-

243 798 338 859 λῶς
386 796 676 871 βιωσάσης,
719 804 807 851 καὶ
858 808 1179 875 χαρακτῆρα
1224 800 1485 863 εὐσεϐείας
1535 807 1610 854 τὸν
1663 802 1845 861 ἑαυτῆς

2014 819 2086 857 tm
2128 802 2381 874 reliquit,
2417 818 2536 857 non
2567 803 2763 857 solum
2798 803 2921 867 tibi,
2964 819 3099 874 quae
3133 818 3301 858 sacra
3332 818 3412 867 es,
3447 807 3501 855 et
3532 802 3616 855 di-

252 886 828 959 βίον·καταλιπούσηςν
885 889 942 941 οῦ
996 893 1147 961 μόνον
1209 909 1291 942 σοι
1320 899 1378 962 τῇ
1436 894 1547 962 ἱερᾷ
1600 896 1689 942 καὶ
1744 893 1849 943 θεό-

2014 908 2102 946 lna
2150 893 2331 962 sapis,
2362 896 2418 945 et
2456 891 2524 945 iis
2550 908 2684 964 quis
2730 892 2842 946 sub
2888 908 3071 947 manu
3101 899 3200 947 tua
3232 897 3371 946 sunt
3404 891 3616 945 sorori-

249 996 414 1049 φρονι,
471 984 578 1037 ταῖς
628 997 679 1030 τε
728 979 828 1029 ὑπὸ
886 985 1066 1053 χεῖρα,
1123 978 1249 1030 ἀλλά
1298 984 1387 1031 καὶ
1444 986 1606 1032 πᾶσιν
1656 979 1848 1042 ἄλλοις,

2012 998 2095 1043 us,
2130 981 2231 1034 sed
2277 980 2409 1035 aliis
2443 980 2622 1035 etiam
2650 981 2955 1051 omnibus,
2994 980 3097 1052 qui
3138 986 3298 1035 recta
3344 979 3614 1035 aemulari

250 1065 325 1127 οἷς
375 1064 486 1117 ἐστι
533 1069 688 1126 πόθος
742 1067 928 1126 ζηλοῦν
955 1070 1021 1120 τὰ
1075 1068 1227 1121 καλά.
1278 1072 1347 1121 Τό
1398 1076 1522 1140 γοῦν
1554 1066 1852 1140 ὑπόδειγμα

2009 1069 2322 1124 esiderant.
2358 1069 2505 1124 Cum
2543 1085 2684 1139 ergo
2720 1071 2942 1124 virtutis
2974 1069 3316 1141 exemplum
3359 1084 3394 1123 a
3423 1074 3611 1123 matre

249 1164 340 1215 τῆς
393 1154 576 1229 ἀρετῆς
619 1158 875 1227 μητρόθεν
913 1157 1138 1227 ἔχουσα,
1187 1159 1411 1232 πρόσθες
1468 1163 1558 1209 καὶ
1610 1160 1675 1209 τὰ
1722 1159 1851 1209 κατά

2010 1160 2210 1224 abeas,
2246 1159 2436 1228 adjice
2464 1160 2707 1230 insuper
2735 1175 2871 1230 quae
2902 1164 2999 1213 tua
3030 1166 3187 1223 sunt,
3216 1158 3483 1223 domina,
3509 1160 3612 1212 ob-

252 1249 449 1302 σαυτὴν
475 1246 569 1307 ἔτι,
619 1250 793 1317 κυρία,
828 1245 1227 1317 παρακαλοῦμεν
1259 1262 1272 1275 ⁸
1324 1245 1376 1309 ἐξ
1405 1246 1599 1307 εἷκόνος
1632 1245 1853 1321 ἀρίστης

2015 1253 2272 1311 :stamur,
2306 1256 2365 1302 ut
2395 1264 2460 1302 ex
2493 1247 2724 1319 optima
2758 1249 3015 1316 imagine
3049 1248 3251 1316 imago
3278 1250 3335 1301 et
3364 1246 3501 1317 ipsa
3534 1245 3617 1300 di-

253 1332 399 1385 εἰκὼν
429 1336 668 1404 γινομένη
724 1338 813 1385 καὶ
867 1333 997 1391 αὐτὴ
1050 1336 1224 1386 ἐνθέου
1260 1332 1376 1407 βίου
1422 1342 1533 1396 τοῖς
1563 1336 1724 1410 ὁρῶσί
1777 1354 1851 1400 σε,

2024 1354 2115 1391 uae
2158 1338 2290 1391 vitae
2322 1337 2401 1389 sis
2438 1337 2823 1402 intuentibus,
2855 1334 3372 1405 quemadmodum
3414 1351 3618 1390 revera

253 1422 423 1494 ὥσπερ
477 1426 566 1473 καὶ
626 1426 809 1492 γίνοιο.
868 1426 969 1475 Καὶ
1026 1425 1127 1496 γὰρ
1184 1422 1434 1494 ἀκούομεν
1495 1426 1569 1475 ἔτι
1630 1429 1719 1476 καὶ
1781 1426 1855 1475 ἔτι

2016 1434 2167 1480 itura
2199 1442 2281 1479 es.
2309 1425 2501 1479 Audio
2532 1426 2691 1480 enim
2716 1426 2890 1481 etiam
2914 1430 3091 1496 atque
3119 1426 3296 1480 etiam
3330 1423 3618 1495 praeclara

251 1512 315 1563 τὰ
367 1510 499 1561 καλά
558 1529 614 1562 σε
666 1512 1035 1583 πράττουσαν·
1095 1519 1247 1564 τοῦτο
1302 1517 1392 1584 μὲν
1446 1512 1494 1564 ἐν
1552 1520 1616 1585 τῇ
1687 1515 1853 1570 καθη-

2014 1531 2103 1570 uae
2118 1514 2292 1586 geris,
2318 1515 2534 1585 partim
2551 1514 2707 1569 circa
2730 1515 3143 1584 praefecturam
3163 1530 3457 1576 sororum,
3478 1528 3615 1567 cun-

253 1604 409 1670 γήσει
455 1608 553 1651 τῶν
595 1596 847 1672 ἀδελφῶν,
895 1606 993 1672 μιᾷ
1038 1599 1192 1673 ψυχῇ
1240 1599 1583 1671 ἀγαπητικῶς
1624 1604 1710 1662 τὰς
1762 1604 1855 1654 πά-

2016 1612 2092 1659 tas
2110 1605 2165 1658 in
2182 1605 2385 1658 anima
2405 1619 2523 1657 una
2537 1620 2640 1673 per
2652 1602 2997 1658 charitatem
3018 1604 3353 1667 continens,
3370 1602 3618 1671 vigilans

259 1707 350 1748 σας
382 1693 726 1760 συνέχουσαν,
759 1696 1127 1763 γρηγοροῦσαν
1167 1692 1232 1741 τά
1257 1696 1389 1764 πρὸς
1419 1694 1568 1757 Θεὸν,
1612 1691 1661 1742 ἐν
1692 1711 1860 1765 προσ-

2017 1710 2027 1748 ι
2061 1693 2131 1747 iis
2181 1709 2315 1764 quae
2348 1692 2420 1747 ad
2459 1695 2641 1747 Deum
2688 1697 2973 1762 spectant,
3026 1693 3085 1745 in
3118 1691 3514 1757 orationibus,
3559 1693 3619 1745 in

257 1784 457 1847 ευχαῖς,
521 1777 567 1827 ἐν
620 1774 955 1850 ψαλμῳδίαις
1045 1776 1092 1829 ἐν
1152 1778 1477 1848 ἀναγνώσεσι
1512 1801 1523 1812 ·
1595 1787 1749 1831 τοῦτο
1804 1777 1859 1832 δὲ

2017 1781 2345 1845 salmodiis,
2370 1782 2428 1835 in
2456 1781 2846 1836 lectionibus:
2880 1781 3092 1851 partim
3120 1786 3175 1835 et
3204 1782 3263 1835 in
3290 1781 3485 1836 amica
3516 1780 3616 1834 ho-

257 1872 345 1917 xui
408 1864 455 1916 ἐν
512 1863 804 1938 φιλαδέλφῳ
872 1865 1155 1939 ξενοδοχίᾳ
1214 1868 1551 1941 πολυτρόπως
1627 1866 1859 1942 διαμερι-

2020 1872 2192 1941 situm
2225 1886 2497 1924 sororum
2529 1871 2887 1940 receptione,
2916 1870 3188 1925 animum
3220 1869 3281 1924 in
3308 1886 3479 1925 curas
3510 1869 3622 1924 lar-

258 1954 475 2025 ζομένην
522 1962 638 2017 ταῖς
668 1960 969 2029 φροντίσεσί
1020 1976 1073 2008 τε
1118 1962 1207 2009 καὶ
1239 1953 1517 2010 ἐπιδόσεσι
1551 1975 1564 1987 ⁸
1614 1964 1703 2010 καὶ
1760 1959 1860 2009 οἷόν

2023 1960 2343 2029 itionesque
2384 1958 2657 2012 dividens
2687 1975 2699 2012 :
2734 1958 3017 2029 quodque
3049 1958 3256 2013 oculus
3288 1963 3378 2014 est
3418 1958 3474 2013 in
3500 1974 3625 2013 cor-

259 2063 334 2105 τις
366 2044 621 2116 ὂφθαλμὸς
667 2044 713 2096 ἐν
770 2051 996 2116 σώματι,
1032 2053 1183 2099 τοῦτο
1228 2046 1274 2097 ἐν
1323 2054 1385 2119 τῇ
1440 2044 1740 2112 Βυζαντίδι,
1803 2049 1861 2107 ὡς

2023 2064 2135 2111 ore,
2171 2047 2363 2102 hocin
2387 2047 2702 2118 Byzantina
2730 2047 2893 2111 urbe,
2931 2047 3294 2116 utintelligo,
3330 2054 3625 2102 monaste-

258 2142 511 2201 κατανοῶ,
551 2138 608 2185 τὸ
640 2138 729 2186 σὸν
760 2140 1106 2207 μοναστηριον
1134 2152 1145 2164 ·
1206 2132 1278 2187 δι’
1319 2136 1379 2188 οὗ
1406 2133 1685 2198 δοξάζεται
1712 2140 1860 2202 Θεὸς,

2030 2154 2130 2193 um
2189 2145 2401 2192 tuum:
2456 2139 2628 2206 cujus
2677 2138 2864 2205 gratia
2926 2137 3294 2205 gloriﬁcatur
3352 2140 3521 2202 Deus,
3571 2143 3624 2192 et

258 2227 348 2273 xui
406 2219 594 2281 ἣδεται
655 2222 891 2297 ἀῤῥήτως
956 2224 985 2280 ἡ
1060 2229 1295 2297 μακαρία
1367 2230 1542 2296 μήτηρ
1579 2243 1592 2255 ·
1663 2224 1860 2298 ἐπείπερ

2022 2231 2153 2282 cata
2180 2232 2366 2281 mater
2390 2225 2623 2281 laetatur
2663 2242 2845 2296 supra
2873 2242 3057 2298 quam
3089 2226 3203 2280 dici
3232 2233 3423 2297 potest
3455 2243 3468 2281 :
3512 2227 3624 2281 hoc

259 2312 506 2374 ἠξίωνται
555 2313 603 2363 οἱ
661 2311 804 2383 ἅγιοι
877 2310 1083 2384 βλέπειν
1135 2321 1235 2364 τῶν
1312 2322 1450 2385 σφῶν
1503 2316 1752 2385 μαθητῶν
1802 2316 1861 2365 τὰ

2020 2316 2134 2371 nim
2170 2314 2361 2369 meriti
2394 2320 2530 2369 sunt
2570 2315 2779 2378 sancti,
2817 2320 2875 2369 ut
2913 2315 3340 2385 discipulorum
3378 2331 3622 2370 suorum

258 2402 661 2474 κατορθώματα.
712 2404 929 2472 Χαίροις
984 2397 1094 2465 οὖν,
1158 2400 1329 2472 ἀγαθὸ
1400 2399 1713 2466 διδάσκαλε,
1779 2408 1860 2454 xui

2024 2409 2132 2459 acte
2159 2403 2315 2460 facta
2352 2402 2611 2457 videant.
2647 2401 2846 2457 Gaude
2878 2402 3073 2473 igitur,
3120 2402 3283 2457 bona
3317 2404 3626 2472 magistra,

260 2493 437 2563 μήτηρ
477 2492 831 2559 γνησιεύουσα
884 2498 983 2540 τῶν
1029 2493 1162 2542 κατὰ
1193 2496 1320 2543 Θεὸν
1373 2495 1558 2544 τέκνων
1586 2510 1597 2521 θ
1649 2498 1737 2543 xui
1782 2492 1862 2543 οῦ.-

2027 2511 2033 2548 ;
2061 2508 2197 2547 vera
2236 2497 2422 2546 mater
2455 2491 2787 2545 secundum
2828 2494 3046 2548 Deum:
3101 2491 3333 2563 sibique
3366 2491 3629 2547 habeant

261 2577 340 2630 λοι
397 2580 485 2649 μεν
544 2577 809 2649 ἐχέτωσαν
871 2575 1030 2640 δόξας
1081 2583 1269 2650 γηίνας
1323 2584 1412 2632 xui
1474 2580 1863 2654 λαμπρότητας,

2023 2582 2071 2635 lii
2102 2580 2417 2649 dignitates
2449 2583 2712 2633 terrenas
2747 2584 2803 2633 et
2831 2579 3146 2644 claritates,
3188 2580 3532 2634 diademata
3570 2587 3625 2634 et

266 2663 574 2738 διαδήματα
648 2686 702 2719 τε
773 2672 861 2719 καὶ
925 2673 1302 2741 στεφανώματα
1372 2673 1702 2742 πρόσκαιρα·
1784 2674 1867 2721 σοὶ

2026 2670 2170 2723 revis
2200 2669 2486 2740 temporis
2530 2684 2821 2735 coronas;
2873 2668 2976 2722 tibi
3010 2684 3146 2723 vero
3175 2668 3316 2723 satis
3345 2670 3453 2723 erit
3484 2685 3628 2723 crux

267 2752 325 2807 δὲ
376 2753 583 2826 ἀρκέσει
625 2756 650 2807 6
702 2758 925 2829 σταυρὸς
975 2763 1230 2829 Χριστοῦ,
1277 2759 1302 2807 6
1355 2757 1626 2817 θεόληπτος
1662 2754 1793 2831 βίος,
1843 2758 1867 2809 6

2025 2758 2212 2821 hristi,
2248 2758 2367 2812 vita
2398 2759 2513 2811 Deo
2546 2764 2817 2827 acceptu,
2851 2756 3083 2812 Christo
3115 2758 3299 2813 chara
3327 2758 3625 2826 virginum

264 2846 690 2915 χριστοπὸθητος
744 2846 1026 2915 παρθενών,
1057 2845 1100 2896 εἰ
1156 2842 1215 2897 δε
1245 2842 1439 2917 βούλει,
1471 2849 1537 2897 τὰ
1584 2848 1709 2921 ὑπὲρ
1734 2866 1866 2917 χρυ-

2025 2864 2219 2910 omus,
2241 2862 2331 2913 ac,
2363 2846 2408 2900 si
2431 2846 2611 2900 modo
2634 2847 2736 2910 vis,
2762 2846 3180 2901 desiderabilia
3208 2862 3385 2916 super
3411 2862 3627 2900 aurum

268 2939 376 2985 σίον
402 2938 490 2984 καὶ
538 2932 677 2984 λίθον
729 2937 900 3005 τίμιον
953 2934 1336 3007 τιμαλφέστερα
1363 2935 1516 3005 λόγια
1560 2943 1649 2987 τοῦ
1685 2943 1816 2989 Θεοῦ
1852 2953 1862 2963 ·

2023 2936 2325 3007 tlapidem
2379 2935 2726 3006 pretiosum,
2762 2934 2996 3005 eloquia
3032 2936 3128 2989 Dei
3165 2953 3176 2989 :
3232 2935 3395 3006 pulla
3421 2936 3625 2999 vestis,

263 3026 322 3074 τὸ
349 3026 496 3094 φαιὸν
546 3023 771 3094 ἱμάτιον,
804 3024 833 3080 ἡ
890 3021 1240 3084 ἀκολούθησις
1278 3030 1369 3075 τοῦ
1416 3030 1649 3097 Χριστοῦ
1683 3044 1695 3055 ·
1750 3024 1865 3076 άτι-

2027 3026 2337 3080 )nsectatio
2388 3023 2595 3078 Christi
2633 3039 2644 3074 :
2692 3039 2827 3094 quae
2864 3022 3107 3094 quidem
3151 3024 3392 3079 terrenis
3440 3024 3629 3079 omni-

262 3113 327 3162 νά
392 3114 504 3162 ἐστι
554 3110 716 3182 μείζω
768 3112 971 3163 πάντων
1019 3120 1120 3163 τῶν
1179 3112 1436 3183 ἐπιγείων,
1488 3119 1578 3164 xui
1638 3112 1864 3187 ἀρῥαϐω·

2028 3132 2093 3169 us
2118 3114 2293 3169 bonis
2337 3113 2569 3184 potiora
2598 3118 2755 3177 sunt,
2784 3116 2840 3167 et
2867 3112 3119 3183 pignora
3144 3112 3314 3181 regni
3354 3112 3630 3169 ccclesiis.

262 3204 495 3270 νίσματα
522 3206 617 3259 τῆς
649 3196 921 3271 βασιλείας
953 3207 1051 3251 τῶν
1082 3199 1332 3273 οὐρανῶν.

338 3292 423 3345 Μή
455 3307 540 3340 σοι
579 3287 757 3339 λοιπόν
787 3308 910 3340 ποτε
939 3288 1169 3361 νυστάξη
1216 3292 1273 3341 τὸ
1307 3292 1451 3361 ὄμμα
1489 3296 1583 3350 τῆς
1614 3286 1869 3355 διανοίας,

2057 3292 2341 3345 Caeterum
2371 3303 2686 3361 nunquam
2717 3287 2819 3343 tibi
2853 3288 3132 3343 dormitet
3162 3287 3370 3344 oculus
3398 3289 3631 3356 mentis,

264 3374 406 3449 μηδὲ
451 3379 481 3435 ἡ
540 3376 667 3435 ἀκοὴ
711 3385 800 3437 τῆς
838 3374 1064 3448 καρδίας
1115 3377 1483 3450 ἀνακουστὴση
1518 3396 1528 3407 ·
1563 3375 1701 3450 μηδὲ
1747 3378 1866 3450 λήξῃ

2032 3395 2179 3450 eque
2228 3377 2385 3434 auris
2429 3378 2623 3433 cordis
2672 3377 3085 3444 obsurdescat,
3132 3394 3325 3448 neque
3364 3393 3634 3449 unquam

269 3470 365 3519 σού
422 3485 547 3519 ποτε
594 3467 621 3517 6
675 3468 803 3527 θεῖος
860 3469 981 3542 ἔρως
1016 3485 1028 3497 ’
1091 3466 1219 3519 ἀλλά
1264 3470 1362 3540 γάρ
1410 3472 1498 3519 καὶ
1546 3470 1871 3542 προσθήκαις

2032 3473 2181 3524 esset
2209 3468 2445 3522 divinus
2477 3482 2647 3522 amor
2686 3474 2853 3533 tuus;
2902 3466 3006 3521 sed
3048 3466 3429 3522 incrementis
3460 3469 3634 3522 virtu-

268 3555 461 3630 ἀρετῶν
527 3554 604 3608 ἀεὶ
656 3555 931 3624 ἄπαύξαιο,
986 3558 1262 3609 νύσσουσα
1326 3562 1416 3609 καὶ
1468 3561 1870 3610 κατανύσσουσα

2030 3575 2113 3613 1m
2167 3572 2403 3628 semper
2442 3557 2740 3625 augearis,
2795 3572 3069 3627 pungens
3122 3560 3175 3609 et
3215 3571 3632 3627 compungens

267 3650 362 3704 τὴν
390 3644 599 3718 ψυχὴν,
630 3650 720 3697 καὶ
759 3647 933 3719 ὥσπερ
966 3648 1020 3698 ἔκ
1058 3665 1196 3707 τινος
1235 3654 1411 3717 πηγῆς
1440 3649 1748 3718 προχέουσα
1781 3643 1869 3699 δά-

2036 3648 2278 3713 nimam,
2320 3650 2376 3700 et
2406 3650 2697 3717 tanquam
2740 3662 2810 3700 ex
2841 3645 3000 3700 fonte
3030 3646 3297 3716 quodam
3336 3644 3638 3717 lacrymas

270 3754 446 3809 κρυον.
491 3734 653 3787 Καλὸν
679 3736 777 3807 γάρ
806 3734 946 3787 ἐστιν
975 3735 1054 3787 ὃτι
1102 3735 1336 3807 μάλιστα
1365 3739 1423 3787 τὸ
1477 3732 1619 3809 ὕδωρ
1679 3744 1832 3788 τοῦτο
1861 3754 1872 3764 ·

2038 3736 2325 3791 fundens.
2358 3735 2605 3789 Pulchra
2647 3735 2805 3788 enim
2846 3740 2933 3789 est
2980 3750 3161 3805 quam
3206 3735 3465 3789 maxime
3512 3735 3640 3790 haec

270 3826 508 3898 καθαίρει
565 3823 766 3896 ψυχὴν,
800 3825 910 3876 ἔσθ’
953 3825 1035 3876 ὅτε
1081 3825 1409 3899 ῥυπουμένην
1454 3826 1501 3875 ἐν
1554 3824 1872 3897 λογισμοῖς·

2038 3841 2170 3897 qua,
2200 3830 2255 3880 et
2286 3825 2551 3880 animam
2579 3823 3041 3892 cogitationibus
3064 3823 3362 3878 interdum
3397 3824 3640 3879 sorden-

275 3913 518 3965 σϐέννυσι
556 3920 658 3986 πῦρ
720 3913 773 3976 ἐξ
822 3913 1135 3986 ἀπροσεξίας
1190 3913 1541 3985 ἀναπτόμενον
1594 3914 1695 3965 ὑπὸ
1754 3916 1877 3989 ἔρω-

2041 3931 2111 3969 ιω
2139 3914 2307 3980 eluit;
2330 3914 2529 3982 ignem
2555 3912 2897 3982 exstinguit,
2922 3914 3024 3984 qui
3048 3928 3119 3966 ex
3144 3912 3508 3982 negligentia
3537 3929 3643 3983 per

272 4021 362 4062 τος
400 4006 595 4075 σαρκός
622 4021 634 4035 ο
678 4003 981 4063 κατευνάζει
1012 4000 1308 4077 ταραχώδη
1343 3999 1582 4055 διάθεσιν
1621 4009 1709 4056 καὶ
1751 4000 1874 4056 δυσ-

2042 4004 2187 4059 irnis
2219 4018 2486 4058 amorem
2517 4001 2892 4067 accenditur;
2926 4001 3090 4056 sedat
3121 4001 3521 4056 turbulentam
3555 4001 3644 4056 af-

274 4098 458 4161 μενοῦς
504 4090 798 4163 προσϐολῆς
830 4109 843 4121 ·
900 4094 1127 4164 κάμπτει
1153 4101 1226 4163 τῷ
1270 4096 1377 4143 ὄντι
1421 4095 1549 4145 Θεὸν
1582 4092 1652 4154 εἰς
1703 4092 1835 4145 ἔλεον
1863 4109 1876 4128 ·

2039 4093 2307 4147 actionem
2365 4090 2441 4146 ab
2488 4090 2656 4145 hoste
2705 4090 2985 4161 injectum
3030 4106 3043 4143 :
3095 4089 3331 4144 inﬂectit
3397 4106 3641 4161 prorsus

274 4182 367 4230 xui
398 4178 583 4237 ἱστησι
634 4179 787 4231 πάλιν
836 4180 919 4232 ἐπὶ
976 4188 1067 4241 τῆς
1121 4185 1377 4254 προτέρας
1422 4185 1767 4252 γνησιότητος
1795 4184 1876 4234 τὸν

2046 4197 2182 4235 eum
2213 4181 2290 4235 ad
2324 4179 2788 4233 misericordiam
2822 4194 2835 4232 :
2870 4182 2926 4233 et
2953 4178 3011 4232 in
3032 4177 3285 4249 pristina
3314 4178 3646 4233 sinceritate

278 4270 528 4339 ἐραστήν,
582 4272 713 4341 Σοφὴ
758 4265 911 4335 οὖσα,
945 4275 1048 4321 νόει
1100 4268 1135 4321 ἂ
1194 4270 1350 4341 λέγω.
1408 4266 1607 4323 Δίδωσι
1636 4272 1734 4343 γάρ
1801 4290 1880 4323 σοι

2046 4287 2202 4324 usus
2229 4268 2541 4324 constituet
2581 4274 2933 4322 amatorem.
2970 4266 3213 4337 Sepiens
3245 4282 3379 4321 cum
3421 4267 3523 4331 sis,
3555 4268 3648 4322 in-

282 4358 469 4428 Κύριος
519 4368 702 4431 χάριν,
756 4363 846 4411 xui
902 4355 1089 4411 δώσειέ
1140 4377 1225 4411 σοι
1276 4361 1371 4424 ἔτι,
1422 4358 1494 4421 εἰς
1549 4363 1607 4411 τὸ
1654 4364 1884 4433 στέργειν

2042 4359 2191 4427 :llige
2217 4358 2383 4430 quod
2410 4357 2564 4412 dico.
2601 4359 2705 4411 Dat
2731 4357 2887 4411 enim
2914 4356 3016 4410 tibi
3050 4356 3338 4410 Dominus
3367 4357 3644 4425 gratiam,

282 4445 438 4497 αὐτὸν
529 4450 615 4498 καὶ
701 4445 1150 4520 ἀντιστέργεσθαι,
1247 4450 1424 4500 ποθεῖν
1508 4452 1597 4501 καὶ
1682 4448 1884 4501 ἀντιπο-

2049 4454 2178 4520 tque
2225 4448 2454 4502 utinam
2490 4446 2590 4500 det
2644 4461 2845 4515 porro,
2898 4450 2961 4499 ut
2990 4445 3186 4516 ipsum
3221 4461 3385 4500 ames
3417 4450 3470 4500 et
3514 4447 3651 4500 red-

284 4536 525 4587 θεῖσθαι·
604 4537 672 4598 ὡς
747 4537 807 4588 ἄν
881 4537 980 4600 ἕξει
1055 4542 1146 4590 καὶ
1224 4543 1308 4591 σοὶ
1384 4538 1541 4591 εἰπεῖν
1616 4540 1744 4610 μετά
1800 4544 1886 4590 τοῦ

2047 4538 2238 4602 meris,
2254 4536 2554 4591 desideres
2567 4539 2843 4589 etmutuo
2858 4534 3235 4588 desidereris:
3258 4540 3317 4588 ut
3333 4534 3435 4589 tibi
3455 4534 3649 4590 dicere

284 4623 603 4680 Ἀποστόλου
645 4646 652 4654 ’
689 4631 779 4677 Ζῶ
821 4622 909 4697 δὲ,
961 4627 1181 4679 οὐκέτι
1219 4628 1359 4698 ἐγὼ,
1404 4627 1476 4700 ζῇ
1523 4624 1591 4680 δε
1644 4628 1704 4679 ἐν
1752 4627 1886 4699 ἐμοὶ

2047 4633 2177 4682 ceat
2205 4642 2342 4681 cum
2397 4624 2684 4696 Apostolo
2720 4640 2731 4677 :
2792 4624 2931 4677 Vivo
2963 4626 3173 4685 autem,
3192 4626 3322 4692 jam
3358 4640 3475 4678 non
3521 4640 3649 4693 ego,

284 4719 585 4787 Χριστός.
645 4721 743 4767 Καὶ
767 4718 867 4789 γὰρ
925 4716 950 4767 ό
1007 4715 1221 4789 ἀγαπῶν
1280 4718 1577 4790 ὁλοσχερῶς
1629 4721 1713 4769 τὸν
1767 4720 1886 4770 Θεὸν

2054 4716 2145 4770 ivit
2163 4731 2296 4771 vero
2309 4714 2371 4768 in
2389 4728 2478 4769 me
2496 4713 2853 4769 Christus“.
2878 4714 3104 4767 Etenim
3120 4714 3221 4783 qui
3239 4713 3475 4783 penitus
3490 4718 3656 4768 amat

283 4803 553 4865 ἐξίσταται
604 4804 809 4868 ἑαυτοῦ,
870 4808 918 4857 ἐν
972 4814 1044 4876 τῷ
1105 4805 1430 4879 ἀγαπωμένῳ
1488 4808 1612 4867 ζκαὶ
1680 4816 1746 4857 ῶν
1807 4812 1885 4858 xui

2057 4820 2214 4868 eum,
2249 4804 2367 4858 exit
2396 4803 2469 4857 de
2495 4802 2712 4873 seipso,
2744 4810 2796 4856 et
2826 4803 2883 4857 in
2917 4806 3119 4857 amato
3143 4802 3283 4855 vivit
3310 4807 3361 4857 et
3384 4806 3656 4855 movetur

284 4894 582 4963 κινούμενός
635 4899 724 4945 xui
778 4894 866 4946 ῶν.
934 4897 1193 4955 Τοιαύτην
1254 4916 1310 4949 σε
1362 4898 1387 4948 6
1449 4896 1602 4967 λόγος
1664 4895 1886 4956 ἐπιζητεί

2053 4894 2341 4949 texsistit.
2370 4892 2571 4946 Talem
2600 4897 2651 4946 te
2682 4907 2809 4945 esse
2854 4890 3112 4960 postulat
3150 4890 3320 4954 ratio,
3368 4905 3655 4960 sponsam

287 4986 382 5039 τὴν
433 4985 652 5053 Νύμφην
700 4990 790 5034 τοῦ
856 4990 1119 5055 Χριστοῦ,
1178 4989 1328 5056 καίγε
1383 4987 1473 5045 τάς
1528 4987 1628 5037 ὑπὸ
1687 4987 1743 5037 σε
1809 4987 1889 5037 θυ-

2054 4982 2243 5047 hristi,
2276 4981 2573 5051 simulque
2619 4981 2717 5034 tibi
2758 4980 3113 5034 commissas
3158 4980 3252 5033 Dei
3287 4977 3458 5035 ﬁlias.
3506 4978 3654 5043 Quid

287 5075 509 5143 γατέρας
552 5078 708 5126 Θεοῦ.
744 5076 843 5124 Καὶ
900 5077 951 5124 τί
1002 5077 1059 5125 τὸ
1102 5073 1327 5126 ἐντεῦθεν
1360 5092 1373 5142 ;
1404 5076 1429 5124 6
1483 5078 1717 5145 Νυμφίος
1769 5081 1889 5145 Χρι-

2052 5072 2148 5127 ide
2167 5077 2365 5127 autem
2386 5070 2414 5125 ‘i
2447 5073 2717 5140 Sponsus
2747 5070 3026 5132 Christus,
3056 5067 3312 5121 cmlestis
3334 5066 3654 5135 thalamus,

294 5162 417 5220 στὸς
453 5160 478 5210 6
526 5162 822 5234 ἐπουράνιος
867 5167 1095 5234 νυμφὼν,
1120 5168 1209 5215 καὶ
1240 5166 1305 5215 τὰ
1338 5162 1403 5234 ἀγ
1417 5164 1519 5215 αθά
1561 5171 1651 5223 τῆς
1682 5164 1784 5214 ἄνω
1816 5164 1896 5219 Ἰε.

2060 5177 2069 5217 ;
2096 5162 2257 5216 bona
2280 5175 2548 5230 supernae
2563 5157 2907 5222 Jerusalem,
2938 5157 3051 5211 hoc
3078 5160 3182 5224 est,
3208 5171 3461 5224 regnum
3488 5157 3662 5210 (ταξιο-

290 5248 588 5323 ρουσαλὴμ,
657 5250 789 5309 αὕτη
842 5252 873 5309 ἡ
937 5249 1181 5325 βασιλεία
1231 5260 1330 5305 τῶν
1385 5253 1615 5326 οὐρανῶν
1662 5257 1755 5305 xui
1804 5254 1892 5304 ὅσο

2061 5267 2171 5318 ιω,
2194 5254 2252 5304 et
2270 5263 2670 5321 quzaecumque
2702 5248 2923 5302 sanctis
2957 5245 3035 5299 ad
3063 5244 3325 5316 quietem
3361 5248 3663 5314 promissa

289 5338 605 5410 ἑπήγγελται
628 5337 997 5392 ἀναπαυστικά
1021 5349 1127 5402 τοῖς
1151 5341 1325 5413 ἁγίοις
1356 5358 1369 5372 °
1401 5343 1437 5394 ἄ
1468 5344 1722 5414 φθάσασα
1742 5342 1771 5399 ἡ
1805 5361 1891 5413 μα·

2051 5345 2182 5405 unt;
2215 5353 2349 5410 qua)
2378 5352 2516 5392 cum
2541 5337 2669 5407 jam
2691 5335 2910 5407 adepta
2932 5334 3007 5387 sit
3034 5334 3208 5389 beata
3228 5338 3433 5395 mater,
3460 5333 3653 5387 horta-

290 5431 453 5500 καρία
478 5430 677 5502 μήτηρ,
719 5429 1009 5501 παρακαλεῖ
1057 5429 1311 5502 ἐπιμένειν
1341 5432 1481 5504 ὑμᾶς
1534 5430 1583 5483 ἐν
1638 5438 1701 5502 τῇ
1735 5428 1892 5488 ἀσκή-

2064 5443 2110 5484 Ir
2138 5442 2249 5483 nos
2290 5431 2353 5481 ut
2387 5425 2449 5481 in
2485 5423 2900 5479 exercitatione
2947 5422 3369 5491 persistamus,
3417 5422 3476 5474 in
3520 5435 3666 5475 con-

295 5535 401 5582 σει,
430 5518 479 5569 ἐν
515 5524 579 5590 τῇ
619 5518 851 5590 ὁμονοίᾳ,
899 5522 949 5571 ἒν
987 5527 1049 5593 τῇ
1080 5519 1373 5593 συμψυχίᾳ
1406 5541 1426 5557 ο
1484 5526 1664 5573 πατεῖν
1691 5520 1760 5572 τὰ
1807 5520 1897 5571 πά-

2051 5516 2222 5573 ordia
2250 5520 2308 5571 et
2334 5513 2753 5578 unanimitate;
2787 5510 3268 5584 perturbationes
3309 5510 3493 5564 animi
3524 5524 3651 5567 con-

366 5607 417 5643 ⁸⁸
441 5605 631 5664 Galat.
661 5623 724 5672 ιι,
754 5609 845 5663 22.
