4058 6274
522 304 650 359 1551

1763 287 1823 342 S.
1865 281 2232 340 THEODOBI
2272 279 2596 337 STUDITE

3729 282 3848 336 1552

512 427 847 495 culcemus;
879 438 1118 479 carnem
1151 420 1456 476 oderimus
1491 421 1546 472 et
1576 414 1958 484 sanguinem;
1991 408 2171 465 dediti

2285 409 2368 471 θη,
2401 413 2574 478 μισεῖν
2629 408 2801 481 σάρκα
2827 411 2916 458 καὶ
2969 407 3119 480 αἷμα,
3173 405 3486 478 ἀντέχεσθαι
3525 414 3620 458 τῶν
3671 407 3843 480 ἀρετῶν

521 517 710 572 simus
748 512 1086 576 virtutibus,
1132 525 1237 582 per
1266 523 1420 580 quas
1463 502 1788 561 ineffabilia
1837 503 1961 556 haec
2009 499 2172 554 bona

521 603 806 676 consequi
837 602 990 657 licet.

786 724 1094 783 CLXXVIII.
1128 749 1194 765 -—
1224 719 1552 778 Eudocimo
1598 714 1931 786 spaihario.

2283 493 2354 549 δι’
2385 497 2452 548 ὧν
2496 499 2636 548 ἔστιν
2685 498 2952 568 ἐπιτυχεῖν
3008 492 3171 548 τῶνδε
3217 503 3315 546 τῶν
3363 493 3596 570 ἀρρήτων
3639 494 3847 567 ἀγαθῶν.

2352 706 2498 760 POH'
2543 706 2678 778 (70).
2708 737 2773 747 —
2806 701 3147 777 Εῦδοκίμῳ
3190 707 3557 778 σπαθαρίῳ.

1389 826 1561 891 Ipsius
1595 821 1928 887 patientiam,
1966 822 2019 868 et
2049 819 2104 866 in
2137 812 2377 865 adversis
2410 812 2770 862 constantiam
2800 811 3002 861 laudat.

594 938 810 989 lterum
845 929 1044 986 scribo
1088 927 1165 982 ad
1191 925 1599 981 excellentiam
1634 927 1820 985 luam,
1853 917 2032 990 idque
2060 917 2168 970 im-

519 1022 695 1096 pulsu
736 1021 954 1077 Silvani
986 1013 1468 1072 reverendissimi
1509 1012 1701 1067 fratris
1748 1008 1953 1063 nostri.
2002 1005 2168 1060 Post-

519 1093 701 1183 quam
719 1110 876 1164 enim
899 1109 956 1162 in
983 1111 1377 1176 conspectum
1405 1099 1832 1169 etcolloquium
1850 1096 2027 1159 venit,
2056 1093 2162 1148 hn-

525 1180 727 1256 milem
770 1197 1038 1253 animam
1087 1197 1357 1248 nostram
1390 1188 1705 1261 percussit,
1761 1201 1899 1240 cum
1931 1180 2166 1254 singula

520 1282 1412 1355 enarrasset,quemadmodum
1432 1294 1566 1332 cum
1592 1278 1917 1346 gratiarum
1933 1270 2164 1326 actione

522 1380 696 1443 feras,
738 1375 980 1430 domine
1030 1377 1248 1434 noster,
1293 1367 1458 1440 quod
1490 1365 1722 1429 accidit,
1769 1369 1823 1416 et
1854 1361 1928 1416 ad
1980 1362 2164 1415 Deum

522 1468 744 1524 referas
776 1465 930 1519 hanc
969 1473 1333 1522 aerumnam;
1375 1462 1537 1511 extra.
1576 1461 1626 1508 te
1666 1453 1869 1507 omnia
1902 1456 2166 1504 statuens

522 1571 658 1628 quas
706 1553 1021 1608 hominum
1074 1546 1360 1617 injustitia
1412 1543 1755 1598 machinata
1813 1546 1929 1604 est;
1990 1544 2168 1607 atque

524 1660 709 1700 unum
752 1641 1009 1710 denique
1040 1637 1152 1691 hoc
1182 1649 1480 1707 quaarens,
1521 1647 1642 1702 quo
1683 1634 1856 1700 pacto
1897 1632 2172 1696 accepta-

520 1732 702 1789 bilem
736 1730 988 1784 Domino
1016 1725 1428 1780 universorum
1454 1723 1633 1776 vitam
1666 1719 1938 1773 instituas
1972 1716 2028 1768 in
2069 1728 2169 1784 po-

525 1827 769 1876 sterum.
805 1816 1030 1882 Quibus
1059 1812 1340 1868 omnibus
1370 1808 1563 1864 effecit
1593 1815 1654 1862 ut
1686 1807 1893 1860 merito
1919 1802 2061 1857 illud
2085 1800 2171 1855 di-

525 1924 796 1965 ceremus
835 1927 846 1959 :
899 1905 1095 1960 Bonus
1144 1902 1313 1956 homo
1348 1899 1420 1955 de
1461 1899 1608 1953 bono
1659 1895 1936 1950 thesauro
1977 1889 2170 1946 cordis

523 2000 753 2069 profert
780 1994 1012 2050 bona”.
1039 1992 1264 2045 Etenim
1292 2004 1430 2044 cum
1463 1987 1521 2040 iu
1553 1985 1753 2041 anima
1789 1991 2077 2053 tanquam
2111 1980 2171 2033 in

526 2068 937 2160 promptuario
967 2079 1258 2153 quodam,
1291 2094 1363 2132 ex
1381 2074 1676 2148 praeterita
1699 2071 2066 2127 institutione
2089 2068 2173 2123 di-

527 2159 667 2232 vina
698 2180 754 2229 et
804 2173 1073 2228 humana
1112 2169 1421 2223 thesauros
1475 2164 1732 2218 scientiaa
1781 2159 2166 2215 condideris:

528 2274 794 2336 tempore
823 2258 1094 2316 videlicet
1113 2261 1455 2328 opportuno
1475 2250 1808 2323 spirituales
1837 2247 2060 2320 profers
2083 2245 2174 2299 di-

529 2335 723 2418 vitias,
756 2353 830 2406 ad
864 2348 1116 2403 salutem
1169 2353 1331 2399 tuam
1373 2343 1750 2412 dispensans.
1787 2346 1864 2392 Ac
1902 2335 2053 2399 vide,
2089 2335 2174 2388 vir

528 2444 775 2514 optime,
818 2444 879 2493 ut
917 2439 974 2491 in
1007 2435 1235 2490 bonum
1277 2431 1377 2487 tibi
1423 2429 1705 2485 cesserint
1745 2426 1948 2482 divina
1991 2426 2172 2478 docu-

530 2537 760 2593 menta;
793 2527 962 2582 lectio
988 2531 1041 2579 et
1069 2519 1356 2591 cognitio,
1379 2521 1568 2573 otium
1592 2523 1646 2571 et
1676 2516 2010 2585 occupatio,
2038 2529 2174 2566 con-

532 2634 772 2689 gressus
789 2613 1072 2680 etoratio,
1106 2624 1417 2664 sacrorum
1451 2621 1798 2660 sermonum
1822 2610 1875 2657 et
1896 2601 2172 2657 codicum

531 2706 830 2779 possessio
863 2719 876 2757 :
909 2715 1094 2773 quam
1134 2699 1302 2754 dives
1330 2703 1390 2750 tu
1428 2695 1778 2763 admodum,
1821 2691 1950 2746 licet
1983 2705 2176 2760 pauca

532 2777 634 2851 tibi
659 2796 878 2848 restent
904 2791 1031 2844 vitae
1064 2786 1338 2842 subsidia
1369 2805 1382 2844 :
1417 2799 1601 2855 quam
1633 2781 1860 2853 pulchri
1890 2779 1994 2834 tibi
2021 2777 2176 2833 oculi

531 2889 587 2940 et
617 2883 939 2953 palpebrae,
961 2878 1094 2933 licet
1129 2880 1258 2930 visu
1291 2889 1394 2945 per
1435 2872 1714 2942 injuriam
1764 2869 2007 2923 orbatus
2041 2867 2124 2921 sis
2159 2881 2172 2921 :

531 2988 717 3044 quam
749 2970 991 3024 illustris
1019 2965 1190 3020 valde
1223 2963 1302 3017 sis
1337 2969 1390 3016 et
1421 2959 1738 3030 gloriosus,
1766 2957 1900 3012 licet
1928 2956 2177 3011 inhono-

531 3078 651 3118 ram
666 3068 720 3115 et
734 3057 1040 3127 ingloriam
1056 3053 1225 3108 vitam
1244 3051 1489 3108 tolerare
1502 3048 1860 3103 existimaris.
1873 3047 2021 3100 Enim
2041 3060 2177 3101 vero

2347 913 2629 983 Δευτερεύω
2657 919 2748 962 τοῦ
2801 909 3114 962 ἐπιστέλλειν
3171 917 3233 982 τῇ
3275 914 3542 982 τιμιότητί
3614 930 3703 962 σου
3737 929 3747 940 ·
3779 918 3857 964 καὶ

2274 1008 2425 1052 τοῦτο
2464 1004 2781 1073 προτραεπὶς
2821 1003 2964 1070 παρὰ
3005 999 3280 1051 Σιλουανοῦ
3320 1005 3410 1050 τοῦ
3455 995 3857 1070 αἱδεσιμωτάτου

2275 1089 2420 1160 ἡμῶν
2479 1084 2722 1159 ἀδελφοῦ.
2777 1084 2992 1145 Ἐπειδὴ
3047 1090 3148 1158 γὰρ
3206 1083 3355 1145 ἦλθεν
3405 1087 3476 1148 εἰς
3532 1088 3731 1160 ὁμιλίαν
3781 1094 3863 1147 τὴν

2274 1177 2388 1229 κατ’
2470 1175 2783 1249 ὀφθαλμοὺς,
2852 1175 3164 1228 κατέκλασεν
3249 1177 3393 1246 ἡμῶν
3465 1179 3558 1234 τὴν
3635 1182 3860 1235 ταπεινὴν

2273 1265 2480 1337 ψυχὴν,
2529 1263 2852 1339 ἐξηγορήσας
2891 1266 3086 1317 ἕκαστα
3137 1266 3216 1316 ὅτι
3272 1269 3362 1316 καὶ
3414 1264 3742 1338 εὐχαρίστως
3791 1271 3862 1336 φέ-

2275 1374 2408 1428 ροις,
2475 1356 2500 1405 ὁ
2565 1351 2828 1416 δεσπότης
2895 1355 3063 1425 ἡμῶν,
3131 1357 3190 1406 τὸ
3254 1351 3586 1425 συμϐεϐηκὸς
3651 1359 3736 1406 καὶ
3789 1354 3861 1406 ἐπὶ

2277 1447 2406 1496 Θεὸν
2452 1442 2714 1515 ἀναφέρεις
2767 1447 2824 1496 τὸ
2876 1445 3056 1503 πάθος,
3117 1443 3251 1505 Ἕξω
3313 1443 3494 1495 ἑαυτὸν
3565 1446 3724 1506 τιθεὶς
3774 1452 3861 1495 τῶν

2281 1534 2706 1606 σκαιωρηθέντων
2772 1530 3115 1603 ἀνθρωπίναις
3183 1531 3484 1604 ἐπηρείαις·
3567 1536 3655 1583 καὶ
3736 1532 3864 1591 τέλος

2279 1623 2326 1673 ἓν
2377 1621 2568 1685 ζητῶν,
2628 1623 2764 1682 ὃπως
2838 1617 3215 1691 εὐπρόσδεκτον
3283 1625 3410 1689 πρὸς
3489 1625 3545 1673 τό
3603 1621 3716 1683 ἑξῆς
3784 1627 3863 1678 τὴν

2284 1713 2419 1773 ζωήν
2462 1716 2852 1771 καταστήσειας
2897 1717 2967 1780 τῷ
3018 1716 3248 1781 Δεσπότη
3305 1718 3404 1761 τῶν
3450 1710 3707 1762 ἁπάντων.
3757 1712 3863 1762 Ἐπὶ

2283 1805 2415 1850 πᾶσι
2468 1801 2672 1860 τούτοις
2725 1794 2962 1854 διέθηκεν
3020 1799 3161 1869 ἡμᾶς
3219 1801 3351 1849 κατά
3413 1802 3468 1850 τὸ
3524 1798 3657 1858 εἰκὸς
3723 1797 3865 1850 ἐκεῖνο

2282 1886 2540 1950 εἰπόντας,
2569 1887 2736 1939 ὃτι“0
2777 1886 3018 1958 ἀγαθός
3056 1888 3389 1958 ἄνθρωπος
3449 1889 3514 1938 ἐκ
3581 1895 3693 1938 τοῦ
3731 1886 3866 1958 ἀγα-

2285 1977 2391 2028 θοῦ
2426 1979 2756 2049 θησαυροῦ
2835 1984 2949 2036 τῆς
3040 1971 3325 2049 καρδίας
3406 1974 3705 2027 ἐκϐάλλει
3799 1979 3865 2027 τὰ

2283 2064 2357 2135 ἀγ
2372 2085 2404 2115 α
2418 2067 2443 2116 θ
2458 2066 2508 2118 ά,
2541 2065 2644 2118 Καὶ
2657 2065 2756 2137 γὰρ
2780 2065 2952 2137 ὥσπερ
2979 2065 3028 2115 ἒν
3050 2083 3151 2114 τινι
3172 2068 3409 2135 ταμιείῳ,
3431 2065 3498 2116 τὰ
3513 2063 3568 2114 ἐκ
3587 2070 3647 2121 τῆ
3661 2064 3864 2135 ςπρολα-

2283 2153 2474 2213 ϐοῦσης
2525 2149 2761 2212 παιδείας
2813 2154 2946 2212 θείας
3002 2171 3056 2203 τε
3120 2156 3207 2204 καὶ
3256 2151 3586 2226 ἀνθρωπίνης
3645 2151 3864 2205 ἐναποθέ-

2282 2249 2519 2315 μενοςτῇ
2569 2241 2724 2313 ψυχῇ
2771 2243 3038 2310 γνωστικά
3084 2243 3513 2315 θησαυρίσματα,
3564 2245 3647 2294 ἐπὶ
3699 2249 3868 2315 καιροῦ

2283 2330 2492 2391 εἰκότως
2547 2326 2840 2403 χρειωδους
2897 2333 3099 2400 προῖοις
3153 2331 3217 2380 τά
3273 2333 3603 2400 πνευματικά
3665 2329 3866 2393 πλούτη,

2285 2419 2565 2490 οἰκονομῶν
2618 2423 2674 2471 τὸ
2705 2421 2840 2470 κατά
2897 2422 3112 2470 σεαυτόν
3164 2423 3441 2489 σωτήριον.
3505 2423 3606 2472 Καὶ
3636 2417 3735 2482 ἴδε,
3790 2422 3870 2471 ᾶν-

2289 2509 2458 2582 θρωπε
2497 2506 2677 2578 ἀγαθὲ,
2707 2509 2788 2559 ὅτι
2818 2506 2883 2567 εἰς
2915 2506 3068 2558 καλὸν
3103 2525 3186 2558 σοι
3239 2504 3402 2564 ἀπέϐη
3463 2510 3532 2559 τά
3579 2513 3690 2560 θεῖα
3714 2509 3869 2579 μαθή-

2286 2615 2429 2667 ματα
2455 2613 2466 2624 ·
2517 2597 2547 2653 ἡ
2581 2595 2872 2666 ἀνάγνωσις
2901 2599 2990 2646 καὶ
3021 2597 3048 2653 ἡ
3094 2595 3392 2665 ἐπίγνωσις,
3424 2597 3455 2653 ἡ
3496 2595 3692 2667 σχολὴ,
3731 2601 3812 2648 καὶ
3840 2598 3864 2653 ἡ

2287 2683 2514 2756 ἐντριϐὴ,
2549 2686 2577 2742 η
2611 2683 2828 2745 ἔντευξις
2858 2688 2946 2735 καὶ
2977 2685 3006 2741 ἠ
3063 2687 3364 2756 προσευχὴ,
3461 2693 3655 2746 κτῆσις
3700 2693 3791 2735 τῶν
3813 2686 3862 2735 ὶεο

2286 2781 2387 2847 ρῶν
2418 2773 2579 2843 λογων
2632 2791 2687 2824 τε
2711 2778 2800 2824 καὶ
2832 2768 3021 2824 δελτων
3053 2790 3065 2800 ’
3096 2775 3163 2834 ὡς
3192 2772 3442 2834 πλούσιος
3499 2778 3564 2824 σὺ
3610 2775 3758 2844 ἄγαν,
3787 2774 3867 2824 κᾶν

2288 2865 2361 2922 εὶς
2391 2861 2540 2932 ὀλίγα
2572 2881 2656 2913 σοι
2676 2865 2908 2934 περίεστι
2943 2864 3008 2912 τά
3042 2869 3133 2920 τῆς
3164 2861 3304 2921 ζωῆς
3333 2858 3523 2933 ἐφόδια
3554 2879 3571 2895 ο
3600 2865 3668 2922 ὡς
3691 2862 3868 2921 εὑὼπης

2288 2956 2378 3002 καὶ
2403 2949 2822 3022 καλλιϐλέφαρος,
2854 2951 2949 3001 κᾶν
2980 2954 3072 3007 τὴν
3104 2949 3223 3019 ὄψιν
3257 2946 3446 3021 ἀδικίᾳ
3487 2949 3863 3026 ἀπεστέρησαι·

2290 3043 2353 3100 ὡς
2377 3044 2658 3112 περιφανὴς
2680 3039 2792 3090 λίαν
2823 3042 2912 3090 καὶ
2963 3035 3258 3109 περίδοξος,
3303 3039 3400 3090 κοῖν
3427 3044 3526 3096 τὴν
3567 3040 3747 3108 οἷτιμον
3797 3044 3868 3089 καὶ

534 3143 663 3207 haec
681 3123 842 3203 haud
861 3143 1046 3200 dubie
1068 3141 1343 3214 probatio
1366 3137 2056 3209 estexperimentumque
2074 3136 2179 3188 vir-

2289 3125 2479 3190 οἶδοξον
2542 3129 2682 3188 ζωὴν
2735 3126 2918 3197 ἀντλᾴν
2974 3123 3337 3183 διανενόησαι,
3421 3133 3525 3180 Καὶ
3583 3147 3641 3198 γε
3693 3130 3872 3186 πάντως

532 3241 692 3302 tutis,
719 3245 775 3290 ut
810 3234 967 3289 unde
985 3247 1095 3287 nos
1123 3229 1432 3284 derelictos
1459 3232 1761 3297 putamus,
1788 3223 1925 3278 inde
1955 3239 2062 3277 nos
2082 3223 2180 3276 be-

531 3327 742 3382 neﬁcio
768 3323 1011 3379 affectos
1037 3336 1072 3375 a
1104 3320 1262 3373 bono
1292 3320 1407 3371 Deo
1435 3332 1563 3369 com
1574 3316 1873 3385 periamus
1903 3334 1914 3370 ;
1945 3313 2046 3383 qui
2077 3327 2179 3382 per

530 3431 812 3488 prospera
826 3412 1156 3472 etadversa.
1164 3422 1272 3476 per
1281 3405 1541 3476 gloriam
1556 3411 1606 3459 et
1623 3402 2043 3474 ignobilitatem
2053 3415 2179 3470 ,per

530 3505 848 3575 infamiam
865 3508 918 3556 et
956 3501 1164 3555 bonam
1187 3495 1504 3565 famam“,
1529 3495 1893 3563 etquotquot
1913 3489 2031 3544 alia
2065 3505 2178 3544 vox

532 3591 864 3664 apostolica
901 3587 1188 3650 distinxit,
1232 3586 1411 3639 vitam
1461 3589 1723 3637 nostram
1759 3580 1922 3634 novit
1967 3577 2178 3633 utiliter

531 3682 903 3752 dispensare.

601 3863 793 3928 Atque
836 3856 950 3910 hoc
977 3857 1145 3908 vetus
1173 3855 1264 3905 est
1315 3848 1642 3911 decretum,
1670 3851 1726 3900 et
1769 3844 2040 3899 omnium
2073 3843 2176 3914 qui

529 3947 754 4018 accepti
791 3948 906 3999 Deo
929 3942 1216 3997 suntvitae
1232 3938 1525 4010 probatio.
1553 3937 1730 3990 Sume
1755 3934 1896 3988 mihi
1916 3933 2057 3987 Abel
2080 3932 2176 3988 Dei

522 4034 1124 4103 testimoniojustum
1153 4046 1169 4083 :
1202 4043 1404 4083 annon
1457 4025 1728 4080 fraternae
1763 4039 1975 4077 manus
2025 4021 2178 4076 ludi-

527 4125 722 4180 brium
750 4122 914 4177 fuit“
933 4121 963 4173 ‘I
991 4119 1191 4174 Enoch
1221 4117 1387 4172 illum
1414 4115 1518 4186 qui
1547 4115 1663 4168 Deo
1693 4111 1943 4183 placuit:
1973 4126 2176 4165 annon

527 4221 766 4286 prOpter
798 4212 952 4266 illius
995 4207 1279 4277 temporis
1309 4213 1707 4274 corruptores,
1749 4199 1853 4272 qui
1884 4207 1938 4254 et
1977 4201 2176 4270 ipsum

529 4315 911 4372 corrumpere
927 4298 1288 4362 nitebantur,
1305 4295 1457 4347 Deus
1473 4291 1637 4346 illum
1657 4290 1731 4345 de
1748 4290 1942 4343 medio
1961 4297 2176 4359 rapuit,

529 4397 708 4461 atque
734 4390 789 4442 in
811 4391 1016 4457 ignota
1053 4385 1184 4440 loca
1227 4381 1546 4448 transtulit,
1583 4379 1680 4434 ubi
1723 4379 1797 4433 ad
1833 4378 1987 4432 hanc
2020 4377 2178 4432 diem

2287 3225 2439 3270 τοῦτο
2489 3213 2684 3288 δοκιμή
2735 3221 2814 3278 τίς
2870 3215 2983 3267 ἐστι
3030 3221 3119 3267 καὶ
3167 3212 3398 3288 βάσανος
3448 3215 3662 3290 ἀρετῆς,
3713 3220 3790 3268 ἶνα
3831 3215 3872 3277 ἐξ

2286 3307 2353 3358 ὧν
2441 3302 2673 3376 δοκῶμεν
2766 3304 3239 3376 ἐγκαταλελεῖφθαι,
3337 3307 3571 3358 ἐντεῦθεν
3673 3306 3872 3376 εὕρωμεν

2287 3393 2666 3468 εὐεργετεὶσθαι
2747 3397 2872 3466 πρὸς
2955 3400 3090 3445 Θεοῦ
3179 3400 3269 3444 τοῦ
3353 3392 3601 3464 ἀγαθοῦο
3683 3394 3732 3455 ὃς
3797 3390 3875 3444 διὰ

2287 3491 2385 3532 τῶν
2411 3477 2593 3543 δεξιῶν
2615 3488 2703 3533 καὶ
2727 3480 3032 3554 ἀριστερῶν,
3069 3477 3184 3532 διὰ
3224 3478 3425 3543 δόξης
3464 3488 3576 3534 καὶ
3617 3480 3867 3555 ἀτιμίας

2289 3568 2399 3622 διά
2439 3568 2813 3643 δυσφημίας
2852 3574 2961 3622 καὶ
3002 3569 3338 3642 εὐφημίας,
3369 3576 3460 3622 καὶ
3484 3582 3587 3623 τῶν
3610 3570 3767 3624 ἄλλων
3790 3571 3873 3622 ὃσα

2287 3661 2317 3717 ἡ
2407 3659 2726 3717 ἀποστολικη
2807 3655 3128 3711 διεστείλατο
3190 3664 3327 3730 φωνή
3377 3656 3523 3712 οἶδεν
3610 3660 3871 3732 οἰκονομεῖν

2291 3754 2652 3820 συμφερόντως
2678 3752 2770 3806 τὴν
2803 3748 2940 3808 ζωὴν
2966 3751 3130 3819 ἡμῶν.
3666 3814 3668 3817 ι

2360 3842 2460 3888 Καὶ
2491 3844 2643 3888 τοῦτο
2675 3833 2850 3908 δόγμα
2888 3835 3134 3907 ἀρχαῖον,
3187 3840 3398 3897 καὶτῆς
3443 3845 3546 3888 τῶν
3604 3836 3870 3895 θεολήπτων

2289 3923 2493 3997 ἀνδρῶν
2541 3926 2804 3986 πολιτείας
2850 3930 3215 3999 γνωριστικόν.
3277 3923 3417 3978 Λάϐε
3460 3945 3553 3998 μοι
3605 3924 3756 3979 Ἀϐελ
3799 3930 3871 3978 τόν

2291 4017 2560 4086 θεοκρίτως
2597 4015 2996 4088 μαρτυρηθέντα
3046 4009 3251 4065 δίκαιον
3285 4031 3298 4043 °
3356 4013 3485 4084 οὐχὶ
3533 4013 3869 4086 παρανάλωμα

2290 4101 2573 4175 ἀδελφικῆς
2637 4106 2816 4178 χειρὸς
2867 4105 3088 4173 γέγονε;
3161 4104 3257 4156 Τὸν
3313 4103 3485 4174 Ἐνὼχ
3539 4102 3724 4156 ἐκεῖνον
3771 4108 3869 4170 Θεῷ

2287 4197 2709 4264 εὐαρεστήσαντα
2752 4211 2764 4223 ·
2829 4191 2957 4263 οὐχὶ
3007 4187 3102 4242 διά
3151 4195 3268 4251 τοὺς
3327 4200 3620 4248 τηνικαῦτα
3687 4194 3871 4264 φθορείς

2288 4287 2378 4334 καὶ
2440 4284 2659 4355 φθείρειν
2729 4280 2884 4332 αὐτὸν
2942 4275 3356 4346 ἐσπουδακότας,
3427 4285 3561 4342 Θεὸς
3619 4281 3673 4333 ἐκ
3731 4286 3874 4353 μέσον

2289 4371 2541 4444 ἣρπασεν,
2598 4371 2647 4421 ἐν
2701 4367 2915 4430 ἀδήλοις
2965 4374 3138 4428 τόποις
3169 4372 3528 4440 μεταθέμενος,
3582 4372 3754 4432 ὅςκαὶ
3799 4371 3872 4440 μέ⁸

531 4483 856 4549 permanet.
886 4474 1254 4546 praenuntius
1277 4468 1523 4524 secundi
1543 4467 1834 4522 adventus
1856 4465 2070 4520 Christi
2093 4465 2180 4520 fu-

2288 4480 2362 4512 νει
2414 4464 2578 4533 μέχρι
2620 4466 2712 4510 τοῦ
2769 4455 2921 4532 δεῦρο
2972 4457 3291 4533 προάγγελον
3331 4467 3420 4518 τῆς
3471 4455 3717 4533 δευτέρας
3765 4465 3875 4531 Χριο

561 4583 700 4620 urus
722 4564 750 4619 ?
770 4572 1038 4633 Agnosce
1063 4560 1365 4616 Abraham
1398 4557 1594 4611 multis
1617 4555 1812 4610 modis
1839 4560 2180 4608 tentatuma

529 4658 642 4710 Deo
673 4672 684 4708 :
719 4655 891 4723 cujus
915 4649 1186 4719 probatio
1213 4647 1360 4717 fidei
1387 4648 1574 4701 multo
1590 4643 1913 4714 pretiosior
1942 4658 2093 4697 auro
2110 4644 2176 4690 θ’.

527 4750 715 4816 Atque
761 4753 820 4798 ut
851 4741 996 4796 alios
1030 4738 1498 4811 praetermittam,
1554 4733 1770 4788 multos
1805 4746 2076 4798 numero,
2126 4736 2182 4787 et

524 4835 624 4905 qui
658 4835 808 4887 intra
837 4829 1100 4902 epistolae
1127 4827 1373 4882 modum
1407 4822 1867 4878 commemorari
1895 4837 2013 4875 non
2041 4837 2176 4891 pos-

523 4930 687 4992 sunt;
711 4925 758 4974 si
777 4937 913 4976 cum
936 4918 1220 4974 aerumnis
1241 4915 1376 4982 Job,
1405 4915 1576 4982 cujus
1602 4913 1915 4965 innumera
1939 4909 2180 4964 fuerunt

526 5013 874 5075 certamina,
917 5022 1218 5064 aerumnas
1273 5010 1508 5058 nostras
1559 5001 2016 5067 contendamus,
2068 5000 2177 5054 has

527 5102 729 5172 utique
783 5099 1087 5154 inferiores
1145 5091 1706 5166 deprehendemus;
1760 5095 1817 5143 et
1869 5090 2178 5146 celebrem

524 5188 687 5244 illam
714 5188 843 5260 ejus
864 5203 1068 5242 vocem
1084 5188 1441 5254 usurpantes
1465 5195 1586 5235 una
1605 5194 1742 5234 cum
1764 5179 1892 5248 ipso
1908 5193 2143 5248 pronun
2159 5208 2179 5217 -

503 5278 810 5333 tiabimus.
845 5279 935 5332 Sic
980 5277 1158 5345 igitur
1188 5274 1497 5328 hortamur
1523 5273 1597 5330 te,
1632 5274 1693 5322 ut
1721 5269 1795 5323 de
1830 5266 2007 5321 rebus
2037 5267 2166 5320 tuis

589 5385 635 5419 39
669 5384 865 5439 Matth.
901 5398 989 5450 xu,
1018 5381 1108 5435 35.
1187 5381 1234 5414 9°
1263 5378 1307 5432 ll
1356 5378 1482 5432 Cor.
1519 5392 1592 5442 Vl,
1625 5376 1676 5430 8.

1761 5374 1804 5409 ‘“
1843 5376 1980 5444 Sap.
2008 5389 2086 5436 iv,
2130 5378 2212 5427 tl.

2293 4557 2419 4601 στοῦ
2465 4548 2756 4620 ἐπιφανείας
2804 4547 3081 4619 ἐσόμενος;
3142 4549 3304 4599 Γνῶθι
3351 4551 3437 4599 τὸν
3493 4547 3728 4620 Ἀϐραὰμ
3781 4565 3870 4598 πει-

2291 4640 2572 4713 ραζόμενον
2595 4639 2694 4689 ὑπὸ
2716 4645 2848 4690 Θεοῦ
2873 4637 3235 4712 πολυτρόπως·
3264 4637 3325 4688 οὗ
3355 4641 3411 4689 τό
3441 4633 3744 4710 δοκίμιον
3782 4643 3875 4694 τῆς

2291 4735 2571 4788 πίστεως
2609 4726 3126 4801 πολυτιμότερον
3165 4733 3423 4800 χρυσοῦ
3453 4727 3548 4778 ὃτι
3588 4727 3872 4798 μάλιστα.

2294 4821 2394 4871 Καὶ
2418 4817 2500 4868 ἶνα
2529 4819 2644 4876 τοὺς
2673 4815 2853 4876 ἄλλους
2876 4811 3306 4889 παραδράμοιμι,
3347 4814 3568 4877 πολλοὺς
3607 4819 3767 4877 ὄντας,
3798 4815 3874 4864 καὶ

2291 4908 2385 4958 οὐκ
2452 4905 2498 4957 ἐν
2556 4905 2830 4966 ἐπιστολῆς
2899 4909 3068 4978 μέτρῳ
3142 4903 3675 4976 ὑπομνηματίζεσθαι
3722 4905 3876 4974 ἐγχω-

2289 5004 2530 5072 ροῦντας,
2578 4994 2697 5048 Ἰὼϐ
2749 4998 2836 5046 τόν
2897 4993 3180 5068 μυρίαθλον
3213 4996 3380 5065 τάχα,
3427 4992 3470 5044 εἰ
3513 4991 3872 5064 παραϐάλωμεν

2289 5089 2354 5138 τὰ
2383 5085 2574 5138 ἑαυτῶν
2622 5092 2733 5146 τοῖς
2765 5083 2959 5136 ἐκείνου
3013 5085 3256 5150 πάθεσιν,
3309 5081 3538 5158 εὕροιμεν
3594 5079 3662 5140 δὴ
3714 5076 3876 5137 ἐνδεῶς

2288 5177 2521 5247 ἔχοντα·
2570 5178 2658 5226 καὶ
2742 5172 3178 5246 συμφθεγξόμεθα
3232 5176 3326 5230 τὴν
3382 5171 3572 5224 ἐκείνου
3653 5165 3874 5240 ἀοίδιμον

2287 5269 2455 5337 φωνὴν
2508 5263 2749 5316 ἑκάστοτε
2803 5261 3273 5334 ἀναλαμϐάνοντες.
3341 5263 3522 5322 Οὕτως
3569 5255 3656 5312 οὖν
3714 5275 3872 5331 παρα-

2291 5375 2337 5406 θ²
2368 5375 2385 5426 l
2417 5374 2564 5427 Petr.
2594 5388 2632 5437 1,
2665 5377 2719 5425 7.

2104 5463 2145 5518 Ν
2153 5461 2340 5522 ΟΥΕ..

575 5572 690 5646 (70)
716 5570 772 5625 in
803 5568 936 5625 cod.
969 5570 1108 5639 Reg.
1133 5585 1238 5642 ρπ.
