4058 6274
266 239 288 290 l
300 234 404 288 553

1543 238 2057 298 EPISTOLARUM
2097 242 2229 297 LIB.
2274 241 2346 298 ΙΙ.

3491 242 3505 290 l
3518 235 3624 289 554

261 360 514 432 καλοῦμέν
564 381 641 428 σε,
693 365 995 427 ἑπιπόθητε,
1050 360 1331 416 διαθέσθαι
1360 367 1427 417 τά
1468 368 1603 417 κατὰ
1653 372 1837 419 σαυτόν

1984 373 2231 435 statuas,
2262 366 2634 434 charissime,
2676 369 3040 436 tempusque
3060 360 3440 418 adversitatis
3472 360 3637 415 mul-

262 455 360 501 Καὶ
417 454 503 501 τὸν
566 455 746 522 καιρὸν
805 462 894 512 τῆς
957 450 1296 524 δυσπραγίας
1360 460 1449 504 καὶ
1516 454 1869 517 πολυπαθείας

256 543 511 610 κρείττονι
567 540 804 611 λογισμῷ
850 547 937 593 καὶ
998 539 1344 614 βεϐαιοπίστῳ
1374 548 1548 616 γνώμη
1608 544 1677 605 εἰς
1727 545 1867 597 εὐτυ-

254 631 385 697 χίαν
443 632 530 678 καὶ
581 628 856 681 εὐπάθειαν
927 634 1541 701 μεταστοιχειῶσασθαι.
1610 635 1706 684 Τόν
1762 636 1863 706 γὰρ

253 715 416 777 οὕτως
471 719 831 790 ἐρηρεισμένον
862 724 950 770 καὶ
1008 722 1317 777 πεποιθήσει
1365 727 1498 772 Θεοῦ
1531 720 1720 789 ζῶντα,
1772 722 1862 787 ρύ-

253 800 340 855 δεν
399 811 745 878 παρακινήσει
797 814 898 859 τῶν
952 805 1284 879 ἀνθρωπίνων
1317 827 1331 841 ο
1397 809 1715 884 ὑψηλότερον
1776 830 1864 863 πε-

252 912 449 963 φηνότα
507 896 709 946 πάντων
754 903 855 948 τῶν
903 896 1081 948 λυπεῖν
1134 896 1408 952 εἰωθότων.
1480 897 1584 950 Κᾶν
1636 899 1789 971 λέγῃς
1814 898 1862 951 ἐν

249 989 312 1053 τῇ
363 986 723 1055 παρακροάσει
766 992 859 1035 τοῦ
918 983 1361 1055 ἀναγινώσκοντος
1414 986 1485 1048 εἰς
1538 987 1695 1058 ὕμνον
1752 993 1862 1060 τρέ-

245 1074 458 1135 πεσθαι,
514 1072 573 1124 οὗ
638 1075 812 1145 θαῦμα
864 1093 876 1105 ο
939 1079 1130 1146 πέφυκε
1176 1078 1273 1148 γὰρ
1333 1078 1362 1132 ἡ
1424 1080 1694 1148 ἀφαίρεσις
1766 1085 1860 1137 τῆς

248 1158 415 1229 ὅψεως
472 1169 622 1213 τοῦτο
682 1164 1015 1233 ἒργάζεσθαι.
1080 1162 1182 1215 Κάν
1232 1165 1327 1235 φῇς
1374 1161 1539 1235 μηδεν
1580 1167 1727 1238 ἔργον
1772 1165 1857 1218 ἐπὶ

242 1255 428 1319 χεῖρας
486 1252 647 1321 ἔχειν,
702 1248 1069 1323 ἀπρακτούσης
1126 1260 1218 1313 τῆς
1275 1256 1494 1324 φύσεως,
1545 1250 1711 1324 μηδέν
1764 1274 1848 1306 σοι

245 1336 455 1408 μελέτω.
487 1344 650 1395 Φησὶν
683 1342 707 1390 ό
738 1340 1055 1401 Ἀπόστολος
1088 1360 1100 1372 ·
1132 1342 1387 1411 Ψαλμόν
1428 1344 1627 1413 ἔχεις,
1673 1339 1854 1395 διδα..

243 1430 369 1496 χὴν
407 1430 608 1498 ἔχεις,
640 1428 941 1500 γλῶσσαν
971 1432 1164 1501 ἔχεις,
1202 1429 1616 1501 ἀποκάλυψιν
1649 1434 1844 1502 ἔχεις³

240 1533 447 1567 παντα
508 1521 665 1591 πρὸς
734 1515 1091 1589 οἰκοδομὴν
1156 1521 1456 1589 γινέσθω.
1527 1522 1681 1589 Φάγε,
1742 1526 1845 1584 πίε,

239 1604 495 1659 ὗπνωσον.
530 1613 695 1659 Μόνον
724 1610 780 1658 τὸ
831 1606 1147 1681 εὐχάριστον
1195 1611 1420 1665 κέκτησο
1454 1627 1467 1640 ·
1499 1614 1587 1660 καὶ
1636 1610 1738 1660 ὅσα
1769 1629 1851 1662 σοι

1979 462 2295 527 tarumque
2317 471 2742 519 aerumnarum,
2778 452 3003 507 meliori
3037 451 3394 519 cogitatione
3418 466 3488 504 ac
3510 448 3630 503 ﬁde

1977 546 2116 600 nixa
2146 542 2871 609 seutentia,infelicitatem
2900 541 3469 611 prosperitatemque
3490 553 3633 593 con-

1976 642 2190 690 vertas.
2227 636 2369 688 Eum
2402 633 2561 687 enim
2588 632 2688 703 qui
2718 632 2787 685 sit
2810 630 3198 685 conﬁrmatus
3224 632 3460 699 Deoque
3488 643 3632 681 con-

1974 722 2117 777 ﬁsus
2144 723 2302 788 vivit,
2336 721 2480 776 nihil
2513 736 2711 775 rerum
2733 720 3135 775 humanarum
3164 716 3564 772 commovebit
3599 760 3612 783 ,

1975 818 2038 866 ut
2065 813 2166 882 qui
2207 810 2491 865 omnibus
2532 825 2666 881 quae
2718 808 3016 863 tristitiam
3041 806 3249 867 afferre
3280 806 3487 872 solent,
3522 822 3614 860 su-

1975 901 2171 971 perior
2197 898 2558 971 apparuerit.
2588 898 2753 963 Quod
2782 898 2831 951 si
2863 897 3048 962 dicas,
3100 895 3224 960 tibi,
3256 895 3403 949 dum
3435 894 3621 949 lecto-

1972 1005 2095 1044 rem
2138 989 2331 1053 audis,
2360 1003 2642 1041 somnum
2665 987 2973 1057 obrepere,
3008 984 3151 1039 nihil
3175 984 3389 1038 mirum
3424 1001 3440 1038 :
3469 983 3619 1038 solet

1970 1078 2124 1132 enim
2167 1077 2415 1147 privatio
2444 1076 2611 1130 visus
2637 1074 2749 1129 hoc
2780 1074 3031 1128 efﬁcere.
3050 1073 3107 1129 Si
3134 1072 3355 1127 dixeris
3387 1071 3617 1126 nullum

1968 1172 2021 1220 te
2052 1182 2206 1237 opus
2235 1181 2354 1235 prie
2386 1164 2666 1219 manibus
2689 1164 2929 1227 habere,
2948 1165 3027 1216 ob
3050 1161 3323 1216 inertiam
3350 1167 3577 1215 naturae
3605 1179 3617 1218 :

1967 1271 2040 1309 ne
2073 1256 2175 1309 tibi
2204 1256 2256 1308 id
2292 1270 2449 1308 curas
2480 1254 2571 1307 sit.
2602 1253 2691 1307 Ait
2719 1250 3032 1321 Apostolus
3059 1267 3070 1303 :
3108 1251 3409 1304 Psalmum
3439 1249 3617 1305 habes

1965 1344 2298 1399 doctrinam
2314 1342 2509 1405 habes,
2527 1342 2787 1410 linguam
2801 1339 3408 1407 habes,apocalypsim
3426 1336 3618 1410 [reve-

1964 1432 2268 1502 lationem]
2300 1431 2475 1487 habes
2502 1446 2521 1484 :
2548 1431 2751 1485 omnia
2782 1431 2862 1484 ad
2891 1428 3337 1496 aediﬁcationem
3362 1429 3513 1494 ﬁant
3542 1428 3610 1481 θ’.

1966 1521 2102 1585 Ede,
2129 1521 2285 1585 bibe,
2319 1519 2531 1573 dormi.
2552 1520 2805 1573 Tantum
2838 1523 3006 1585 grato
3038 1517 3117 1569 sis
3132 1514 3356 1579 animo,
3392 1520 3447 1569 et
3476 1530 3612 1587 quas

1964 1625 2035 1664 ex
2057 1610 2248 1680 teipso
2276 1609 2375 1662 tibi
2401 1612 2745 1678 suppetunt,
2768 1612 2825 1660 et
2846 1606 2904 1660 in
2928 1603 3181 1660 naturali
3216 1602 3429 1659 mentis
3458 1604 3611 1660 libro

238 1695 456 1757 οἴκοθεν,
492 1700 580 1746 καὶ
611 1697 658 1746 ἓν
691 1704 762 1765 τῷ
803 1703 1009 1766 φυσικῷ
1062 1704 1155 1747 τοῦ
1184 1705 1275 1747 νοῦ
1317 1695 1507 1768 βιϐλίῳ
1557 1696 1837 1753 ἀπόκειται

1962 1698 2201 1754 condita
2222 1704 2380 1762 sunt,
2398 1696 2543 1765 lege.
2566 1698 2629 1750 Et
2648 1694 3037 1767 postmodum
3064 1700 3233 1748 acute
3260 1693 3608 1764 perspicies,

238 1780 581 1853 ἀναγίνωσκε.
644 1788 742 1836 Καὶ
790 1788 974 1855 μικρόν
1039 1784 1253 1859 ὕστερον
1312 1784 1645 1856 ἀναϐλέψειας
1694 1793 1847 1857 μέγα,

237 1875 327 1921 καὶ
382 1867 518 1933 ῑδοις
551 1876 607 1923 τό
640 1880 745 1944 φῶς
775 1876 833 1924 τὸ
864 1874 1175 1946 ἀπρόσιτον,
1208 1876 1417 1931 Ἰησοῦν
1447 1878 1533 1925 τὸν
1566 1877 1683 1927 Υὶόν
1717 1884 1849 1929 Θεοῦ

236 1957 325 2010 ἀπ’
390 1960 618 2033 οὐρανῶν
687 1960 965 2034 ἐρχόμενον
1020 1964 1153 2033 μετὰ
1215 1959 1371 2025 δόξης
1436 1968 1524 2015 καὶ
1581 1960 1848 2035 δυνάμεως

234 2047 393 2099 αὐτοῦ
433 2048 481 2099 ἓν
515 2054 639 2121 πυρὶ.
679 2050 862 2120 φλογός
889 2068 900 2079 ·
960 2050 1045 2110 οὓς
1091 2054 1181 2123 μὲν
1230 2056 1472 2125 κρίνοντα
1497 2054 1565 2113 ὡς
1608 2049 1844 2115 ἐνδίκους

231 2141 495 2210 κρίσεως·
551 2137 640 2197 οὓς
696 2134 754 2189 δὲ
800 2135 1089 2200 δοξάζοντα
1141 2143 1208 2201 ὡς
1268 2137 1429 2202 δόξης
1482 2145 1794 2213 συνίστορας
1828 2168 1841 2180 ο

229 2226 340 2296 μεθ’
390 2224 457 2277 ὧν
510 2230 619 2288 ε’ίης
670 2232 758 2278 καὶ
811 2227 983 2291 αὐτὸς,
1037 2228 1247 2299 φίλτατέ
1298 2248 1389 2300 μοι
1418 2234 1507 2281 καὶ
1539 2236 1839 2301 τιμιώτατε,

230 2314 619 2387 ἀπαστράπτων
668 2317 761 2367 ἴσα
791 2322 879 2367 καὶ
914 2318 1059 2374 ἡλίου
1116 2315 1311 2390 βολίδι,
1372 2323 1494 2391 Περὶ
1526 2319 1586 2370 οὗ
1618 2326 1842 2393 προώρι-

232 2423 324 2463 σας
398 2408 714 2476 προαστείου
775 2404 843 2464 εἰς
895 2410 1241 2478 μοναστῆριον
1296 2409 1634 2472 καθεστάναι,
1698 2411 1742 2461 εἷ
1790 2428 1843 2460 τι

232 2489 319 2544 οὖν
368 2492 511 2557 ἀλλο,
564 2493 723 2553 οὕτως
750 2493 779 2552 ἦ
832 2494 1034 2566 ἑτέρως,
1076 2498 1122 2546 ἐν
1164 2496 1301 2566 καλῷ
1348 2493 1623 2569 διώριστο,
1671 2500 1840 2551 πάντα

230 2584 294 2640 ὡς
338 2577 445 2639 ἤδη
497 2584 746 2651 γεγονότα
801 2586 931 2643 Θεὸς
977 2580 1188 2645 ἐδέξατο
1243 2602 1254 2613 ’
1312 2587 1450 2656 εἰπερ
1510 2585 1838 2657 εὐχαρίστως

229 2673 321 2726 τὴν
372 2668 641 2741 ἀφαίρεσιν
691 2673 893 2721 πάντων
948 2675 1126 2734 οἴσεις.
1165 2675 1473 2745 Προσεύχου
1525 2681 1637 2747 περὶ
1693 2677 1836 2745 ἡμῶν

228 2766 323 2808 τῶν
355 2757 670 2831 ἁμαρτωλῶν
698 2778 709 2789 ’
760 2760 878 2833 οῖρτι
937 2763 1037 2833 γάρ
1080 2760 1184 2831 οὐχ
1231 2763 1381 2832 ἡμεῖς
1420 2764 1467 2813 οὶ
1515 2761 1833 2837 ἁμαρτωλοὶ,

228 2844 356 2897 ἀλλά
408 2853 496 2899 καὶ
545 2852 590 2899 εἴ
641 2867 715 2908 τις
754 2857 852 2900 τῶν
911 2851 1067 2900 ὁσίων
1121 2849 1452 2912 ἐξαιτήσοιτο
1493 2852 1552 2901 ἄν
1602 2871 1694 2903 σου
1742 2857 1834 2911 τὴν

228 2932 433 3001 δέησιν,
488 2939 557 2995 ὡς
617 2939 898 3009 κάμνοντος
954 2945 1063 3000 τοῖς
1127 2942 1457 3010 παθήμασιν.
1502 2939 1559 2992 Ὀ
1616 2941 1829 3013 θεοφιλέ-

1960 1794 2015 1843 et
2041 1786 2270 1841 videbis
2299 1785 2499 1840 lucum
2532 1783 3022 1852 inaccessibilem,
3042 1782 3245 1836 Jesum
3270 1780 3475 1836 Filium
3508 1783 3608 1837 Dei

1958 1875 2033 1931 de
2061 1875 2224 1932 caelis
2254 1876 2587 1929 venientem
2626 1888 2765 1928 cum
2798 1871 2986 1941 gloria
3009 1876 3065 1926 et
3085 1875 3371 1942 potestate
3403 1886 3514 1925 sua
3546 1870 3607 1925 in

1957 1967 2093 2034 igne
2115 1964 2377 2020 ﬂammae
2405 1963 2550 2029 ;hos
2571 1961 2815 2034 quidem
2839 1960 3365 2024 condemnantem,
3400 1964 3606 2013 utreos

1951 2053 2159 2125 judicii
2193 2055 2240 2088 9‘
2283 2071 2295 2119 ;
2354 2054 2462 2107 hos
2522 2067 2659 2106 vero
2709 2049 3141 2119 gloriﬁcantem
3194 2053 3256 2103 ut
3295 2052 3605 2103 consortes

1956 2142 2158 2213 glorise
2192 2159 2205 2196 :
2237 2140 2601 2213 quibuscum
2630 2138 2710 2193 sis
2740 2145 2795 2194 et
2822 2144 2903 2203 tu,
2936 2137 3296 2193 amicissime
3320 2136 3397 2191 mi
3421 2141 3477 2191 et
3500 2136 3605 2191 ho-

1954 2231 2350 2295 noratissime,
2375 2244 2697 2283 coruscans
2715 2229 2899 2282 instar
2915 2226 3128 2282 solaris
3148 2225 3320 2280 radii.
3345 2226 3424 2279 De
3466 2224 3603 2281 sub-

1956 2320 2185 2375 urbano
2240 2320 2299 2373 in
2342 2333 2463 2389 quo
2518 2317 2951 2372 monasterium
3005 2314 3361 2370 constituere
3400 2314 3602 2369 decre-

1954 2407 2104 2475 visti,
2152 2407 2276 2462 sive
2314 2407 2459 2478 quid
2495 2405 2656 2461 aliud
2700 2406 2814 2460 isto
2855 2403 2949 2459 vel
2986 2404 3085 2459 illo
3127 2403 3307 2459 modo
3337 2410 3491 2458 recte
3532 2419 3601 2457 ac

1950 2496 2230 2566 praeclare
2252 2495 2631 2563 designatum
2660 2499 2750 2549 est
2783 2512 2795 2561 ;
2821 2493 3047 2558 omnia,
3073 2492 3276 2563 utjam
3300 2491 3453 2547 facta
3468 2508 3602 2545 sus-

1948 2586 2103 2654 cepit
2130 2587 2279 2639 Deus
2312 2600 2325 2635 :
2364 2582 2828 2638 modoomnium
2850 2581 3238 2653 privationem
3254 2586 3425 2649 grato
3447 2579 3602 2635 feras

1949 2676 2172 2728 animo.
2201 2675 2315 2730 Ora
2339 2688 2445 2743 pro
2460 2672 2632 2727 nobis
2661 2672 3075 2744 peccatoribus
3099 2687 3117 2724 :
3144 2686 3340 2741 neque
3370 2685 3479 2742 pro
3501 2685 3602 2725 no-

1947 2762 2040 2818 bis
2068 2763 2271 2829 modo,
2299 2761 2402 2833 qui
2422 2767 2759 2832 peccatores
2790 2776 3023 2826 sumus,
3050 2759 3153 2814 sed
3180 2760 3229 2813 si
3254 2759 3390 2831 quis
3417 2760 3597 2815 etiam

1946 2858 2291 2906 sanctorum
2320 2865 2521 2921 preces
2575 2854 2807 2920 expetet
2856 2854 3012 2912 tuas,
3062 2852 3125 2901 ut
3162 2847 3267 2917 qui
3313 2847 3598 2901 aerumnis

1945 2938 2319 2995 conﬂicteris.
2356 2939 2453 2993 Dei
2484 2938 2937 2994 amantissimus
2977 2935 3159 2991 frater
3182 2941 3381 2991 noster
3412 2941 3467 2990 et
3499 2951 3595 2990 ar-

228 3042 416 3085 στατος
472 3020 692 3097 ἀδελφὸς
741 3028 886 3097 ἡμῶν
915 3032 1006 3079 καὶ
1057 3025 1474 3101 ἀρχιεπίσκοπος
1522 3028 1740 3081 πλεῖστα
1776 3049 1833 3082 σε

1949 3029 2363 3101 chiepiscopus
2392 3028 2719 3100 plurimum
2743 3032 2795 3082 te
2828 3024 3069 3081 salutat.

222 3115 620 3187 προσαγορεύει.

366 3237 515 3290 ΡΟΘ¹
546 3240 685 3309 (71).
723 3270 784 3279 -
814 3245 1048 3313 Σεργίῳ
1087 3241 1437 3313 ἡγουμένῳ.
1481 3241 1688 3315 [ψμγ’.]

2298 3240 2568 3297 CLXXIX.
2594 3270 2657 3281 —
2683 3238 2892 3307 Sergio
2912 3237 3230 3308 preposito.

916 3330 1169 3378 Hortatur
1201 3330 1267 3379 ad
1300 3330 1635 3394 vigilantiam
1665 3335 1829 3395 utque
1860 3331 2229 3380 haereticorum
2251 3330 2689 3379 communionem
2722 3328 2868 3377 vitet.

208 3442 215 3449 ο
292 3413 460 3478 Χάρις
508 3412 704 3479 Κυρίῳ,
755 3410 832 3460 ὅτι
876 3411 1098 3480 ὑγιαίνει
1144 3412 1174 3468 ἡ
1209 3418 1447 3482 τιμιότης
1497 3431 1590 3463 σου
1625 3426 1639 3441 ⁸
1678 3420 1828 3464 τοῦτο

212 3498 316 3567 γὰρ
372 3493 639 3566 ἀνήγγειλε
664 3501 722 3549 τό
770 3500 1009 3571 γράμμα,
1062 3504 1149 3550 καὶ
1198 3500 1227 3556 ἠ
1266 3496 1399 3561 δυὰς
1444 3509 1542 3551 τῶν
1574 3497 1826 3573 ἀδελφῶν.

214 3580 610 3655 Ἀπεδεξάμεθα
663 3582 722 3639 δε
752 3592 838 3639 καὶ
887 3593 975 3645 τὴν
1016 3591 1262 3662 πρόθεσιν
1314 3597 1404 3641 τοῦ
1458 3589 1725 3661 ἐπιθυμεῖν
1774 3602 1829 3641 σε

214 3672 447 3743 ἀφῖχθαι
522 3678 652 3745 πρὸς
727 3677 881 3747 ἡμᾶς,
958 3678 1251 3730 κωλυθέντα
1304 3697 1363 3748 γε
1419 3684 1521 3749 μὴν
1580 3681 1679 3731 ὑπὸ
1733 3686 1829 3739 τῆς

216 3763 451 3832 συνοχῆς
508 3772 603 3813 τῶν
660 3762 914 3836 ἐμφυλίων
970 3766 1222 3836 πολέμων,
1274 3772 1362 3818 καὶ
1411 3775 1500 3827 τῆς
1552 3770 1686 3820 κατὰ
1733 3772 1828 3826 τὴν

210 3847 341 3902 ὁδόν
401 3850 652 3924 ἀπηρείας
705 3870 716 3881 ·
774 3854 927 3905 ἅτινα
983 3858 1119 3906 κακά
1182 3858 1367 3928 Κύριος
1423 3858 1447 3907 ό
1503 3862 1632 3917 Θεὸς
1683 3859 1827 3928 ἡμῶν

210 3936 568 3993 διασκεδάσει
624 3942 671 3993 ἐν
721 3945 898 4013 τάχει,
946 3942 1209 4013 ἐπανάγων
1265 3944 1335 4005 εἰς
1386 3945 1591 4017 εἰρήνην
1643 3949 1701 3997 τό
1732 3948 1827 3997 ὑπ-

208 4032 392 4093 ήκοον,
450 4035 600 4100 καίγε
651 4031 988 4083 ἀπαλλάττων
1045 4040 1138 4093 τῆς
1202 4042 1298 4084 τῶν
1356 4032 1653 4107 Ἀγαρηνῶν
1719 4034 1823 4086 ἐπι-

208 4114 436 4188 δρομῆς.
515 4115 915 4191 Ἐδιδάχθημεν
989 4124 1090 4194 γὰρ
1155 4127 1244 4172 καὶ
1316 4126 1408 4179 τὴν
1472 4128 1589 4196 περὶ
1654 4127 1824 4175 αὐτῶν

204 4208 493 4281 ῥομφαίαν,
536 4210 620 4260 οἶα
658 4214 747 4260 καὶ
786 4210 938 4266 ἡλίκη
981 4213 1181 4281 γέγονεν
1228 4212 1278 4262 ἐν
1306 4218 1413 4271 τοῖς
1463 4212 1670 4268 αὐτόθι.
1724 4217 1822 4265 Καὶ

205 4302 383 4346 ταῦτα
451 4300 619 4347 πάντα
697 4299 935 4369 ἓπιτιμιά
1016 4297 1125 4350 ἐστι
1200 4300 1342 4371 παρά
1399 4307 1554 4364 Θεοῦ,
1623 4299 1706 4351 ἐπὶ
1758 4308 1816 4372 τῇ

2010 3411 2243 3467 Gratias
2277 3411 2547 3475 Domino,
2576 3408 2741 3481 quod
2774 3407 3092 3463 incolumis
3135 3407 3210 3461 sit
3256 3406 3589 3461 honorabi-

1937 3499 2073 3555 litas
2098 3506 2197 3554 tua
2241 3516 2254 3564 ;
2286 3499 2398 3555 hoc
2416 3498 2575 3552 enim
2603 3500 2806 3553 litterre
2827 3497 3262 3559 renuntiarunt,
3292 3500 3348 3550 et
3374 3493 3589 3550 fratres

1938 3588 2079 3643 duo.
2124 3588 2470 3658 Pergratum
2498 3589 2678 3642 etiam
2700 3585 3047 3647 habuimus,
3076 3585 3241 3655 quod
3271 3582 3587 3639 consilium

1939 3685 1993 3731 et
2024 3678 2256 3732 animus
2290 3676 2467 3731 fuerit
2507 3676 2611 3730 tibi
2657 3675 2733 3731 ad
2771 3691 2880 3729 nos
2930 3673 3231 3738 veniendi,
3289 3673 3401 3727 nisi
3430 3672 3587 3728 bella

1936 3765 2133 3820 civilia
2170 3766 2563 3827 obstitissent,
2595 3771 2650 3819 et
2697 3764 2927 3833 injuria
2956 3763 3177 3834 quibus
3209 3762 3319 3816 viae
3358 3760 3586 3816 infesta

1937 3861 2075 3908 sunt
2102 3870 2114 3908 :
2147 3870 2282 3926 quae
2314 3854 2700 3909 incommoda
2749 3854 2912 3907 brevi
2937 3850 3256 3921 dissipabit
3288 3850 3576 3904 Dominus

1933 3943 2087 3998 Deus
2109 3950 2328 4008 noster,
2359 3942 2634 3997 subditos
2659 3942 2736 3997 ad
2764 3956 2973 4013 pacem
3002 3954 3293 3995 revocans
3310 3939 3582 3993 eosdem-

1933 4047 2049 4103 que
2072 4031 2333 4086 liberans
2349 4033 2425 4085 ab
2450 4038 2857 4102 Agarenorum
2875 4028 3237 4084 incursione.
3260 4028 3411 4081 Nam
3437 4026 3582 4082 etde

1931 4120 2285 4190 rhomphaea
2314 4119 2550 4174 illorum
2582 4119 2923 4181 didicimus,
2965 4116 3174 4188 quales
3222 4125 3278 4171 et
3315 4121 3574 4187 quantas

1933 4208 2094 4279 apud
2115 4225 2218 4262 vos
2246 4216 2471 4277 strages
2492 4207 2757 4262 ediderit.
2792 4210 2981 4278 Atque
3002 4206 3130 4260 haec
3160 4204 3366 4260 omnia
3383 4219 3579 4276 poena

1930 4303 2087 4362 sunt,
2122 4314 2157 4351 a
2191 4297 2309 4352 Deo
2351 4302 2590 4368 prOpter
2639 4296 3109 4366 impceniteutem
3143 4293 3432 4348 malitiam
3462 4308 3580 4348 no-

204 4382 549 4455 ἀμετανοῆτῳ
601 4388 747 4457 ἡμῶν
803 4391 982 4459 κακίᾳ.
1048 4387 1222 4458 Ὅμως
1300 4391 1385 4453 σὺ,
1444 4390 1559 4461 ἄνερ
1635 4390 1819 4459 ἀγαθὲ,

1949 4392 2113 4441 ὶῐΐᾶῑῐι
2146 4386 2403 4441 inﬂictas.
2444 4388 2524 4439 Tu
2560 4392 2779 4449 tamen,
2815 4386 2901 4439 vir
2928 4385 3105 4448 bone,
3156 4399 3226 4437 ac
3260 4382 3439 4437 frater
3467 4382 3581 4437 ho-

203 4477 303 4525 καὶ
367 4470 549 4545 ἀδελφέ
616 4482 912 4546 τιμιώτατε,
980 4479 1136 4534 στῆθι
1195 4476 1285 4527 καί
1336 4473 1591 4548 ἀνδρίζου
1648 4480 1696 4528 ἐν
1748 4485 1820 4547 τῷ

203 4564 560 4629 καθηγεῖσθαι
615 4572 710 4624 τῆς
760 4563 1105 4635 ἀδελφότητος
1158 4584 1169 4595 ·
1219 4570 1289 4636 μὴ
1338 4567 1641 4617 ὑποπίπτων
1697 4566 1820 4618 ἀθυ-

204 4655 330 4723 μία,
371 4651 464 4702 κᾶν
516 4652 701 4704 πολλαὶ
750 4656 805 4704 αἱ
848 4651 1127 4705 δυσκολίαι
1161 4673 1173 4685 ·

204 4741 470 4813 ἀπορίαις,
504 4742 598 4792 κᾶν
635 4744 663 4799 ἡ
700 4742 858 4813 ἰσχὺς
900 4739 1218 4796 δαπανᾶται.
1263 4742 1424 4797 Ἀλλά
1461 4752 1664 4815 πρῶτον
1705 4747 1814 4814 μὲν,

206 4830 233 4882 ὃ
264 4834 357 4879 καὶ
396 4838 601 4901 πρωτου
641 4829 792 4901 λόγου
834 4833 945 4882 ἐστὶ
977 4831 1210 4902 ζήτημα,
1253 4836 1345 4889 τῆν
1382 4837 1558 4883 πίστιν
1608 4835 1818 4905 φρούρει

209 4917 416 4988 ἀσφαλῆ
473 4923 561 4969 καὶ
608 4916 955 4990 ἀκραδαντον,
1017 4923 1211 4992 φεύγων
1269 4926 1361 4977 τὴν
1398 4926 1664 4972 κοινωνίαν
1718 4929 1815 4972 τῶν

204 5004 521 5079 ἑτεροδόξων
570 5014 796 5079 παντοίῳ
846 5015 1038 5082 τρόπῳ.
1100 5008 1242 5062 Ἰσθι
1290 5012 1390 5082 γάρ
1441 5012 1520 5061 ὃτι
1580 5007 1814 5082 διωγμὸς

204 5098 433 5168 πάρεστι
461 5116 471 5128 ·
522 5102 610 5148 καὶ
654 5098 710 5149 οὐ
762 5097 1099 5161 τελειότητος,
1149 5103 1207 5150 τό
1256 5100 1391 5170 ὑμᾶς
1430 5102 1563 5150 οἶκοι
1606 5100 1813 5159 καθέζε-

1204 5204 1214 5215 ·
1266 5196 1365 5238 τῶν
1422 5187 1664 5248 ζηλωτῶν
1722 5194 1812 5247 τῆς

1226 4659 1296 4725 μὴ
1341 4653 1651 4726 ἀποκάμνων
1704 4662 1819 4715 ταῖς

207 5186 353 5248 σθαι,
400 5191 489 5238 καὶ
542 5183 834 5246 ἀδιώκτους
889 5184 1147 5259 διαμένειν

206 5273 472 5336 εὐσεϐείας
524 5275 684 5326 πολλά
748 5278 1070 5328 πεπονθότων
1130 5293 1142 5305 ·
1200 5280 1289 5327 καὶ
1346 5281 1636 5349 μαρτυρίου
1696 5272 1811 5329 διά-

277 5374 323 5406 ⁹³
354 5374 371 5426 Ι
399 5375 530 5428 Cor.
560 5389 676 5439 xw,
708 5378 796 5428 26.
874 5376 923 5410 9‘
946 5375 991 5429 ll
1037 5375 1245 5429 Thess.
1290 5390 1350 5439 ll,
1388 5374 1439 5439 8,
1475 5390 1556 5428 vr.

1927 4477 2319 4539 noratissime,
2354 4482 2443 4529 sta
2474 4482 2528 4528 et
2560 4473 2799 4529 viriliter
2837 4489 2948 4542 age
2979 4474 3037 4527 in
3070 4472 3423 4544 praefectura
3454 4470 3578 4526 fra-

1928 4570 2079 4618 trum
2116 4586 2127 4623 ;
2171 4579 2278 4618 nec
2307 4564 2505 4616 animo
2524 4563 2724 4626 cadas,
2758 4561 3037 4633 quamvis
3069 4559 3266 4615 multa;
3287 4557 3581 4613 sintdil'ﬁ-

1924 4652 2171 4708 cultates
2204 4669 2219 4716 ;
2252 4668 2357 4706 nec
2390 4650 2630 4706 fatiscas
2661 4650 2719 4704 in
2752 4649 3065 4721 angustiis,
3104 4649 3211 4703 etsi
3243 4649 3393 4703 vires
3421 4663 3569 4703 con-

1924 4748 2259 4795 sumuntur.
2289 4740 2402 4794 Sed
2430 4742 2689 4811 primum
2718 4739 2984 4810 quidem,
3013 4736 3178 4808 quod
3209 4737 3401 4807 primo
3435 4736 3565 4790 loco

1922 4830 2229 4902 quaeritur,
2259 4830 2436 4883 ﬁdem
2455 4844 2628 4883 serva
2653 4828 2891 4883 ﬁrmam
2908 4831 2966 4881 et
2983 4828 3427 4892 inconcussam,
3460 4824 3575 4879 he-

1923 4920 2342 4975 terodoxorum
2372 4918 2860 4972 communionem
2880 4915 3075 4971 modis
3101 4916 3383 4969 omnibus
3403 4914 3566 4969 devi-

1924 5016 2074 5064 tans.
2108 5008 2231 5063 Scis
2270 5006 2426 5060 enim
2473 5005 2687 5061 adesse
2735 5005 3235 5077 persecutionem,
3279 5018 3388 5057 nec
3440 5018 3573 5073 per-

1923 5096 2187 5153 fectionis
2204 5111 2331 5150 esse
2360 5094 2620 5150 residere
2660 5109 2768 5149 vos
2812 5093 2998 5160 domi,
3029 5098 3207 5163 atque
3253 5097 3412 5147 extra
3444 5107 3573 5161 per-

1921 5188 2285 5241 secutionem
2335 5198 2730 5254 permanere;
2771 5183 2938 5250 dum,
3005 5182 3108 5252 qui
3166 5179 3291 5235 zelo
3336 5180 3570 5251 pietatis

1918 5274 2194 5345 ﬂagrant,
2228 5273 2414 5328 multa
2443 5274 2769 5343 patiuntur,
2802 5269 3103 5326 nonnullis
3143 5269 3272 5339 jam
3305 5271 3569 5341 martyrii

1773 5448 1814 5500 Ν
1823 5443 1999 5500 OT/E.

278 5524 396 5595 (71)
430 5526 493 5579 ln
520 5524 654 5579 cod.
690 5526 830 5595 Reg.
861 5526 1011 5600 ρπα’.
