4058 6274
473 225 614 282 1555
1735 229 1798 285 S.
1839 228 2075 284 THEOD

2248 226 2572 284 STUDITE
3689 225 3836 284 1556

466 351 808 408 diademate
838 353 1157 407 coronatis.
1192 353 1565 426 Quapropter
1585 359 1795 410 exacta
1817 354 1972 409 vibis
1991 354 2068 410 vit

2235 350 2371 424 ῗημα
2419 352 2749 424 στεψαμένων
2804 361 2975 408 τινῶν.
3023 352 3184 406 Ὠστε
3231 351 3474 424 ἀκριϐοῦς
3521 353 3662 415 ζωῆς
3705 354 3837 425 ὑμῖν

467 445 556 494 est
587 456 759 510 opus,
801 457 934 511 qua;
967 442 1198 512 expleat
1220 442 1383 513 quod
1415 442 1710 513 reliquum
1752 448 1840 496 est
1871 443 2060 498 aetatis

2232 447 2397 515 χρεία,
2453 440 2857 513 ἀναπληρούσης
2912 446 2968 494 τό
3021 441 3218 504 ἐλλιπὲς
3264 450 3354 502 τῆς
3402 441 3608 503 ἡλικίας
3665 441 3834 515 [cod.

466 528 704 599 qualem
742 534 998 584 sectatus
1027 537 1112 585 est
1143 532 1244 601 qui
1309 539 1484 586 autea
1533 533 1699 585 vobis
1749 531 2008 602 prtefuit,
2058 549 2068 585 ι

2237 535 2361 601 Reg.
2417 532 2787 598 ὑποπτώσεως,
2819 529 3227 604 ρωηίιϐηιὶεε],
3262 530 3322 589 ἢν
3353 531 3600 583 ὑπέπεσεν
3634 533 3659 582 6
3708 551 3839 603 προ-

465 633 652 688 quam
679 619 755 671 ab
789 617 885 673 illo
919 635 1022 673 vos
1063 619 1407 690 suscepistis
1439 640 1449 678 :
1512 621 1688 691 quale
1735 637 1995 693 namque
2029 637 2067 675 e;

2236 620 2656 691 ιαθηγησάμενος
2707 621 2870 691 ὑμῶν,
2940 625 3028 671 καὶ
3085 616 3154 670 δι’
3213 619 3372 670 αὑτοῦ
3436 622 3618 678 πάντες
3685 620 3838 690 ἡμεῖς

467 713 668 776 caput,
702 707 814 761 tale
843 713 900 762 et
929 713 1118 762 totum
1150 724 1388 778 corpus.
1435 712 1497 764 Et
1535 709 1663 764 haec
1695 710 1849 775 dico,
1899 726 2020 765 non
2053 727 2069 764 1

2239 717 2285 780 τῇ
2342 708 2534 760 ἐκείνου
2583 705 2898 780 παραδοχῇ.
2952 709 3055 759 ()ἰα
3111 710 3211 782 γὰρ
3263 709 3292 766 ἠ
3348 708 3561 780 κεφαλὴ,
3600 716 3841 760 τοιοῦτον

465 795 859 867 dissipemini,
878 797 982 851 sed
1010 804 1068 850 ut
1088 797 1398 866 diligenter
1421 799 1883 865 conservemini,
1917 805 1970 854 et
1993 815 2062 854 co

2238 802 2313 850 ιαὶ
2365 801 2422 850 τὸ
2475 797 2587 849 ὅλον
2617 806 2788 868 σῶμα.
2825 803 2924 850 Καὶ
2979 804 3146 848 ταῦτα
3192 796 3344 867 λέγω,
3377 797 3481 868 οὑχ
3536 799 3618 849 ἶνα
3652 794 3840 849 διαλυ-

463 885 1157 953 roboremini,commune
1173 902 1304 941 cum
1322 888 1527 941 haeresi
1541 888 1684 942 nihil
1699 888 2065 944 habentes.Di

2239 889 2369 949 θῆτε,
2417 885 2522 936 ἀλλ’
2573 887 2655 936 ἶνα
2702 887 3033 958 συντηρῆσθε
3085 883 3333 958 ἀκριϐῶς,
3394 890 3483 937 καὶ
3529 884 3841 959 ἔπιῤῥὼννυ-

465 973 942 1038 inde,attendens
957 976 1543 1046 attende,etvigilans
1564 977 1759 1046 vigila,
1785 977 1929 1048 quia
1951 977 2067 1032 mu]

2237 977 2319 1028 σθε
2373 982 2434 1046 τῇ
2502 972 2751 1046 ἀμεθεξίᾳ
2827 983 2917 1034 τῆς
2994 977 3258 1048 αἱρέσεως.
3337 978 3599 1048 Δεύτερον,
3660 979 3839 1046 νήφων

467 1063 543 1116 ab
576 1062 693 1118 alto
725 1063 1148 1135 impugnantes
1179 1080 1309 1128 nos,
1349 1064 1492 1136 quia
1523 1065 1745 1120 diaboli
1776 1066 2069 1138 compluri

2236 1072 2368 1136 νῆφε,
2424 1067 2510 1114 καὶ
2561 1071 2834 1136 γρηγορῶν
2885 1067 3172 1137 γρηγόρει·
3233 1065 3313 1116 ὅτι
3360 1063 3537 1116 πολλοὶ
3584 1065 3633 1115 οἱ
3685 1063 3838 1116 πολε·

467 1151 809 1221 suntlaquei
843 1169 854 1207 :
875 1153 1025 1218 Quia
1040 1160 1324 1224 tanquam
1347 1155 1433 1210 leo
1447 1157 1688 1222 rugiens
1712 1156 2069 1226 quaeritque:

2238 1160 2440 1213 ιιοῡντες
2487 1153 2622 1223 ἡμᾶς
2653 1151 2754 1204 ἀπὸ
2789 1152 2957 1223 ὕψους
2992 1169 3004 1181 ·
3062 1154 3143 1204 ὅτι
3174 1151 3337 1205 πολλά
3388 1155 3454 1205 τά
3486 1155 3722 1226 θήρατρα
3749 1171 3840 1204 το-

466 1240 702 1296 devore!
733 1242 802 1295 9⁵.
835 1246 1018 1313 Atque
1071 1241 1232 1297 hunc
1273 1244 1517 1313 quidem
1575 1243 1874 1315 voluptate
1923 1260 2064 1300 carn

2238 1239 2476 1294 διαϐόλου
2513 1259 2524 1270 ’
2579 1239 2720 1292 Ὀτι
2757 1243 2836 1302 ὡς
2874 1241 3023 1293 λέων
3065 1242 3429 1314 ὠρυόμενος
3469 1245 3654 1304 ζητεῖ
3693 1246 3840 1292 τίνα

467 1329 782 1385 exsorbere
797 1336 1073 1396 conatur;
1099 1332 1282 1386 alium
1299 1348 1436 1387 vero
1451 1333 1878 1387 incredulitatis
1905 1334 2069 1388 morh

2236 1334 2537 1402 καταπίῃ.
2576 1335 2676 1382 Καὶ
2716 1329 2769 1380 ὃν
2814 1333 2904 1400 μὲν
2955 1327 3119 1402 ἠδονῇ
3179 1335 3373 1402 σαρκὸς
3408 1336 3650 1404 πειρᾶται
3679 1331 3838 1406 ῥοφῆ-

469 1435 505 1474 a
531 1434 822 1489 compage
855 1418 1099 1474 fratrum
1134 1420 1426 1475 divellere.
1470 1421 1656 1475 Alium
1710 1421 1943 1476 invidiae
1984 1422 2071 1477 teli

2239 1439 2322 1472 σαι
2358 1435 2368 1446 ·
2416 1419 2470 1471 ὃν
2519 1416 2578 1472 δὲ
2616 1418 2862 1480 ἀπιστίας
2919 1425 3179 1492 νοσήματι
3239 1417 3524 1494 διαρρῆξαι
3579 1428 3673 1481 τῆς
3720 1439 3841 1471 συν-

467 1509 740 1562 vulnerat
775 1514 872 1572 ;ut
906 1509 1048 1564 Cain
1077 1509 1328 1564 alterum
1361 1509 1613 1566 efﬁciat:
1646 1510 1827 1567 alium
1861 1512 2066 1566 avariti

2242 1514 2408 1580 κφείας
2445 1517 2546 1560 τῶν
2599 1505 2854 1581 ἀδελφῶν.
2899 1514 2998 1562 Kal
3056 1509 3206 1561 οῐλλον
3263 1512 3449 1581 φθόνου
3498 1508 3674 1581 βελεσι
3703 1528 3844 1560 κατα

467 1612 612 1651 casu
655 1597 870 1667 dejicit,
902 1599 1118 1653 Judam
1169 1599 1418 1654 alterum
1465 1601 1726 1667 gestiens
1778 1601 2069 1655 ostendert

2239 1604 2522 1671 τιτρώσκει,
2573 1600 2700 1651 Κάῐν
2748 1598 2897 1650 ἄλλον
2939 1595 3218 1661 ἀποδεῖξαι
3258 1595 3563 1671 βουλόμενος
3593 1615 3605 1626 ‘
3669 1599 3841 1668 ἕτερον

465 1691 656 1756 Atque
687 1692 748 1741 ut
772 1687 956 1741 semel
995 1688 1210 1750 dicam,
1249 1704 1403 1758 opus
1439 1689 1568 1758 ejus
1615 1693 1819 1744 noctes
1845 1689 2067 1759 diesqu.

2240 1685 2287 1740 il
2344 1687 2683 1760 φιλαργυρίας
2736 1692 2978 1759 πτώματι
3031 1687 3360 1752 καταϐάλλει,
3413 1684 3617 1740 Ἰούδαν
3667 1683 3842 1739 δεύτε-

467 1781 735 1829 nostrum
768 1780 856 1830 est
893 1776 1156 1832 exitium.
1185 1777 1470 1843 Observa,
1504 1779 1800 1833 custodire
1829 1794 1898 1833 ac
1921 1778 2063 1833 verb

2243 1797 2312 1829 >ον
2373 1781 2631 1851 γνωρίσαι
2681 1776 3010 1848 γλιχόμενος.
3095 1782 3194 1829 Kal
3248 1775 3389 1838 ἅπαξ
3441 1775 3633 1837 ἁπλῶς,
3693 1778 3845 1847 ἔργον

467 1881 608 1920 oves
640 1865 849 1920 Christi
878 1884 891 1933 ;
925 1870 980 1920 et
1013 1882 1240 1921 merces
1275 1867 1376 1922 tibi
1405 1869 1591 1922 multa
1619 1869 1726 1922 erit
1747 1884 1783 1924 a
1817 1871 1953 1923 Deo.
1990 1871 2069 1939 lps

2243 1866 2387 1918 ιύτοῡ
2441 1869 2640 1926 νύκτως
2696 1871 2785 1917 καὶ
2842 1865 2954 1937 μεθ’
3005 1868 3223 1938 ἡμέραν,
3280 1867 3308 1922 ἠ
3372 1864 3490 1916 καθ’
3548 1867 3692 1936 ἡμῶν
3734 1862 3845 1916 ἀπῦ

467 1954 624 2009 enim
657 1955 1066 2026 apostolorum
1103 1957 1418 2028 coryphan
1463 1955 1650 2014 dixit:
1699 1957 1901 2012 Simon
1954 1957 2067 2012 Jon

2245 1954 2402 2009 ὀλεια.
2439 1959 2645 2020 Σκόπει,
2693 1953 2950 2026 φυλάττου
3009 1959 3217 2026 τρόποις
3257 1959 3346 2006 καὶ
3400 1953 3667 2025 λόγοιςτά
3716 1957 3847 2025 πρό-

468 2043 670 2112 diligis
695 2060 785 2100 me
807 2046 948 2114 plus
979 2046 1068 2100 his
1100 2046 1280 2102 Pasce
1303 2061 1435 2102 oves
1465 2061 1622 2101 meas
1653 2047 1720 2100 9°.
1756 2047 1961 2117 Itaque
1990 2062 2070 2116 pl‘t

2248 2043 2362 2095 ἷατα
2409 2052 2500 2096 τοῦ
2547 2051 2805 2115 Χριστοῦ.
2869 2049 2968 2096 Kal
3027 2045 3053 2095 6
3112 2047 3298 2114 μισθός
3349 2062 3442 2094 σου
3493 2042 3652 2102 πολὺς
3699 2044 3850 2116 παρά

470 2131 632 2188 batio
677 2133 897 2189 amoris
943 2150 1084 2205 erga
1126 2135 1324 2206 ipsum
1369 2139 1476 2204 est,
1523 2136 1694 2206 juxta
1733 2135 2072 2206 Scripturan

2245 2137 2376 2185 9:06.
2437 2132 2606 2193 Αύτὸς
2660 2134 2758 2206 γὰρ
2841 2134 3012 2203 ε’ίρηκε
3068 2135 3198 2204 πρὸς
3249 2136 3339 2183 τὸν
3395 2138 3674 2202 κορυφαῖον
3745 2137 3847 2182 τῶν

470 2222 641 2292 virga
671 2220 1000 2294 pastoralis.

2242 2220 2530 2273 ἀποστόλων
2561 2238 2573 2250 ⁸
2628 2226 2832 2293 Σίμων
2873 2220 3064 2286 Ἰωνᾶ,
3131 2221 3335 2291 φιλεῖς
3373 2240 3444 2292 με
3483 2220 3668 2272 πλέον
3706 2221 3844 2271 τού-

2231 2331 2348 2364 των
2375 2329 2388 2378 ;
2419 2314 2730 2382 Ποίμαινε
2768 2313 2845 2362 τὰ
2882 2309 3186 2382 πρόϐατά
3215 2329 3356 2380 μου.
3389 2309 3549 2362 Ὠστε
3573 2305 3848 2371 ἀπόδειξις

2232 2409 2324 2460 τῆς
2353 2399 2424 2461 εἰς
2445 2399 2600 2452 αὑτὸν
2625 2400 2851 2470 ἀγάπης,
2883 2401 2911 2458 ὴ
2943 2404 3261 2472 ποιμαντικὴ
3290 2401 3426 2451 κατά
3445 2399 3594 2469 λόγον
3623 2394 3848 2472 ῥάϐδος.

865 2527 1105 2583 CLXXX.
1138 2559 1207 2569 -—
1240 2528 1546 2597 Stephano
1584 2529 1733 2597 ﬁlio.
2399 2532 2467 2578 Pr

2399 2525 2502 2578 ΡΠ¹
2542 2525 2770 2597 (72-73).
2805 2557 2871 2567 -
2904 2528 3186 2599 Στεφάνῳ
3223 2530 3439 2598 τέκνῳ.
3477 2524 3673 2600 [ψμε¹.]

1514 2627 1819 2676 Monasticaa
1848 2625 2178 2690 paupertatis
2201 2637 2386 2673 curam
2413 2624 2780 2677 commendat.

544 2713 799 2771 Advenit
826 2719 882 2770 et
901 2715 1090 2770 abbas
1117 2715 1451 2781 Anthimus,
1475 2717 1709 2785 egregie
1735 2717 2052 2788 Stephano,
2075 2719 2133 2770 et

2315 2712 2570 2766 Κατέλαϐε
2619 2719 2708 2766 καὶ
2762 2715 2787 2764 6
2842 2712 3000 2774 ἀϐϐᾶς
3047 2713 3318 2785 Ἀνθιμος,
3366 2711 3404 2765 ὦ
3436 2713 3555 2764 καλὲ
3613 2716 3847 2785 Στέφανε,

476 2805 556 2860 tili
586 2805 796 2860 dilecte
820 2821 832 2859 :
856 2820 1135 2875 cumque,
1164 2810 1223 2860 ut
1249 2821 1357 2876 par
1381 2810 1526 2869 erat,
1560 2811 1847 2876 tanquam
1875 2805 2078 2876 teipsu1

2249 2807 2329 2855 καὶ
2384 2805 2461 2854 υίέ
2522 2803 2824 2874 ἠγαπημένε
2878 2819 2892 2832 ⁸
2953 2807 3043 2854 καὶ
3115 2805 3345 2875 καθάπερ
3402 2821 3457 2854 σε
3515 2800 3851 2873 όφειλομένως

477 2895 866 2966 accepissem,
891 2894 1790 2964 interrogaviquemadmodum
1811 2898 1860 2949 te
1876 2909 2075 2962 gerere

2249 2888 2369 2943 ἰδὼν
2427 2889 2683 2964 ἀνέκρινα,
2739 2893 2877 2952 ὅπως
2923 2890 3149 2961 λιάγοις.
3195 2887 3409 2948 Ἐπειδὴ
3467 2891 3492 2941 ὀ
3548 2890 3702 2960 λόγος
3755 2897 3851 2951 τῆς

475 2986 622 3038 Nam
651 2983 793 3054 quia
818 2982 932 3037 hoc
957 2982 1221 3054 postulat
1246 2982 1614 3053 praefecturaa
1643 2983 1815 3048 ratio,
1851 2985 1934 3037 sic
1954 2984 2077 3037 etiai

2244 2985 2568 3055 προστασίας
2621 2978 2833 3032 ἀπαιτεῖ
2887 2987 3060 3044 τοῦτο,
3138 2979 3301 3040 οὑτως
3375 2979 3694 3051 ἐχρησάμην
3763 2983 3846 3029 καὶ

477 3089 623 3128 usus
649 3089 781 3126 sum
813 3086 954 3139 ergo
981 3071 1221 3127 fratrem
1251 3077 1421 3126 tuum
1453 3071 1819 3127 Anthimum.
1845 3075 1910 3127 Et
1939 3073 2079 3127 char

2246 3068 2324 3121 ἐπὶ
2355 3076 2445 3122 τοῦ
2499 3066 2722 3140 ἀδελφοῦ
2770 3089 2862 3121 σου
2908 3068 3176 3140 Ἀνθίμου,
3232 3073 3331 3120 Καὶ
3379 3070 3459 3120 ὅτι
3505 3072 3593 3139 μὲν
3639 3067 3848 3138 ἀγάπην

480 3168 658 3218 tatem
683 3161 928 3233 quidem
961 3165 1235 3216 mutuam
1268 3162 1417 3216 inter
1446 3177 1552 3216 vos
1570 3177 1696 3216 esse
1721 3162 1992 3231 cognovi,
2027 3177 2082 3216 se

2245 3161 2388 3230 ἔχετε
2431 3157 2540 3230 μετ’
2595 3157 2822 3215 ἀλλήλων
2877 3155 3114 3229 διέγνων,
3148 3157 3206 3208 ού
3237 3162 3339 3229 μὴν
3394 3159 3506 3208 οἷαν
3553 3157 3792 3219 ἐπιξητεί
3819 3158 3847 3214 ἡ

479 3267 602 3306 non
632 3251 872 3322 qualem
904 3251 1121 3305 veritas
1152 3249 1330 3318 exigit
1368 3251 1426 3304 in
1466 3253 1765 3320 germanis
1797 3251 2081 3306 secundm

2248 3247 2460 3305 ἀλήθεια
2505 3248 2587 3300 ἐπὶ
2641 3244 2885 3320 ἀδελφοῖς
2931 3251 3274 3318 γνησιεύουσι
3327 3249 3455 3298 κατά
3489 3249 3696 3318 Κύριον.
3751 3250 3850 3298 Kal

482 3341 804 3396 Dominum
835 3339 1139 3395 fratribus.
1175 3339 1327 3404 Quid
1361 3340 1475 3394 hoc
1501 3341 1660 3395 enim
1689 3345 1775 3395 est
1810 3339 1978 3412 quod
2009 3355 2084 3395 no

2251 3342 2290 3389 ri
2319 3343 2470 3388 τοῦτο
2523 3338 2603 3388 ὅτι
2659 3337 2717 3388 οὑ
2767 3343 3104 3388 κοινοποιεῐτε
3151 3337 3340 3401 πάντα,
3374 3333 3501 3386 ἀλλά
3555 3340 3644 3387 καὶ
3693 3335 3853 3394 αὐτὸς

483 3429 834 3484 communia
875 3427 1071 3484 facitis
1113 3428 1363 3493 omnia;
1419 3430 1522 3483 sed
1556 3435 1611 3484 et
1659 3430 1963 3500 privatum
2002 3429 2085 3499 ips

2253 3422 2593 3498 ἱδιοχρυσεῖς,
2644 3430 2732 3477 καὶ
2773 3425 2921 3485 οὗτος
2973 3421 3296 3498 ῖδιοχρυσεῐ,
3350 3426 3472 3498 ὅπερ
3505 3423 3618 3476 ἐστὶ
3650 3419 3855 3496 διαιρε-

479 3534 695 3574 aurum
724 3518 1237 3584 habes,etaurum
1266 3517 1358 3571 ille
1373 3518 1856 3588 privatimhabet,
1878 3518 1937 3572 id
1965 3534 2081 3588 quo

2249 3518 2382 3566 τικὸν
2415 3512 2624 3584 ἀγάπης
2657 3530 2671 3580 ;
2708 3521 2814 3566 Ποῦ
2844 3517 2944 3584 γάρ
2980 3510 3181 3565 δύναιτ’
3223 3512 3283 3564 ἀν
3315 3518 3411 3585 μία
3439 3513 3592 3582 ψυχὴ
3635 3517 3726 3564 καὶ
3758 3516 3851 3582 μία

479 3607 755 3662 dirimere
787 3605 936 3661 solet
965 3606 1313 3660 charitatem
1347 3605 1374 3660 Τ
1396 3607 1710 3671 Quomodo
1743 3608 1900 3661 enim
1929 3607 2081 3661 anim

2249 3599 2439 3676 καρδία
2487 3599 2634 3668 εἶναι,
2669 3604 2797 3655 ὅπου
2856 3606 2913 3654 τό
2945 3605 3064 3674 ἐμόν
3112 3606 3201 3653 καὶ
3231 3605 3288 3653 τό
3343 3606 3433 3653 σὸν
3461 3605 3664 3675 εἴρηται
3700 3618 3714 3666 ;
3750 3601 3851 3652 Ἐν-

480 3713 603 3751 una
635 3701 691 3751 et
731 3711 834 3751 cor
869 3711 1054 3749 unum
1097 3699 1281 3766 queat
1309 3711 1458 3760 esse,
1515 3695 1610 3752 ubi
1647 3713 1845 3750 meum
1878 3703 1933 3750 et
1963 3700 2082 3751 tuul

2249 3695 2412 3745 τεὺθεν
2461 3693 2515 3742 αἰ
2563 3691 2810 3762 ὑποψίαι,
2869 3691 3096 3743 ἐντεῦθεν
3150 3693 3204 3742 αἱ
3255 3690 3584 3742 καταλαλιαί.
3640 3695 3741 3742 Kal
3797 3693 3851 3742 τό

482 3784 834 3840 nominatur
858 3785 888 3835 ‘2
918 3783 1059 3838 Hinc
1091 3784 1481 3854 suspiciones,
1514 3785 1652 3839 hinc
1679 3783 2084 3840 oblocutiones

2252 3785 2436 3854 τρίτον,
2494 3782 2718 3832 ἐντεῦθεν
2767 3780 2871 3851 οὐχ
2903 3781 2928 3830 ὀ
2970 3783 3208 3853 Χριστὸς
3240 3779 3288 3830 ἐν
3321 3779 3464 3849 μέσῳ
3511 3779 3674 3848 ὑμῶν,
3732 3779 3757 3829 ό
3791 3779 3854 3830 εἰ·

479 3873 618 3929 hinc
649 3873 838 3936 tertio,
873 3871 1037 3942 quod
1068 3887 1187 3926 non
1220 3872 1281 3926 in
1319 3872 1520 3928 medio
1551 3878 1814 3927 vestrum
1843 3873 2076 3927 Christu

2252 3876 2390 3921 πων·
2439 3869 2636 3921 Ὅπου
2687 3868 2817 3921 εἰσὶ
2858 3865 2974 3920 δύο
3013 3870 3042 3928 ἣ
3096 3875 3268 3940 τρεῖς
3321 3871 3715 3939 συνηγμένοι
3765 3867 3854 3929 εἰς

479 3961 582 4034 qui
611 3960 758 4016 dixit
787 3977 800 4016 :
836 3961 948 4017 Ubi
975 3967 1114 4015 sunt
1144 3961 1262 4015 duo
1294 3961 1386 4016 vel
1427 3967 1542 4016 tres
1573 3965 1921 4032 congregati
1947 3961 2007 4015 in
2033 3977 2081 4014 ηι

2249 3962 2309 4010 τὸ
2335 3959 2482 4030 ἐμόν
2512 3962 2736 4030 ὄνομα,
2770 3958 2906 4010 ἐκεῖ
2932 3957 3074 4029 εἰμι
3107 3956 3163 4008 ἐν
3211 3961 3380 4029 μέσῳ
3413 3956 3616 4008 αὐτῶν
3641 3974 3651 3985 ·
3689 3955 3851 4008 ἀλλ’ὁ

481 4051 638 4107 mine
667 4065 812 4114 meo,
844 4050 927 4104 ibi
947 4065 1071 4104 sum
1103 4049 1165 4104 in
1192 4050 1380 4104 medio
1419 4065 1620 4104 eorum
1673 4051 1720 4085 97
1756 4067 1768 4114 ;
1812 4050 1915 4103 sed
1945 4049 2080 4103 host

2250 4046 2438 4122 ἐχθρὸς
2491 4055 2590 4099 τῶν
2642 4046 2834 4118 ψυχῶν
2891 4049 3058 4118 ἡμῶν,
3108 4047 3134 4098 6
3167 4042 3458 4117 διατέμνων
3487 4047 3553 4097 τὰ
3607 4044 3733 4114 μέλη
3764 4052 3852 4098 τοῦ

479 4141 819 4195 animarum
844 4144 1210 4202 nostrarum,
1232 4139 1335 4209 qui
1353 4138 1899 4194 dissecatmembra
1925 4139 2081 4193 Chris

2248 4143 2501 4210 Χριστοῦ.
2555 4135 2715 4194 Δῆλον
2765 4137 2864 4207 γὰρ
2899 4137 2979 4187 ὅτι
3027 4137 3155 4187 ὅπου
3211 4132 3630 4206 ἰδιοκτημοσύνη
3676 4139 3766 4186 καὶ
3795 4133 3850 4187 ού

483 4229 870 4300 Perspicuum
897 4228 1054 4282 enim
1071 4232 1179 4292 est,
1215 4226 1323 4282 ubi
1343 4229 1417 4282 sit
1444 4229 1672 4299 privata
1689 4244 1883 4282 rerum
1902 4243 2085 4296 posse:

2250 4230 2500 4291 κοινότης,
2549 4226 2764 4278 ἄπεστιν
2804 4226 2992 4277 ἐκεῖθεν
3039 4226 3064 4276 6
3119 4229 3343 4298 Χριστός
3372 4241 3388 4255 ⁶
3435 4220 3616 4283 ἐπειδὴ
3666 4227 3852 4298 γέγρα-

485 4319 571 4373 sio
605 4323 663 4371 et
694 4333 815 4372 non
859 4316 1285 4382 communitas,
1340 4317 1499 4372 illinc
1543 4318 1753 4374 abesse
1788 4317 2084 4372 Christum

2244 4315 2484 4368 πταιέπὶ
2528 4324 2626 4367 τῶν
2682 4314 3028 4367 ἀποστόλων·
3085 4312 3283 4384 Εἶχον
3341 4313 3596 4366 ἅπαντα
3647 4317 3845 4378 κοινὰ,

481 4406 770 4478 quoniam
793 4407 866 4460 de
887 4405 1170 4476 apostolis
1195 4407 1483 4478 scriptum
1499 4412 1584 4462 est
1611 4423 1624 4461 :
1651 4407 1843 4461 Erant
1877 4407 2000 4460 illis
2017 4421 2083 4460 on

2247 4409 2349 4456 καὶ
2408 4401 2622 4464 οὐδεὶς
2677 4411 2799 4456 τῶν
2856 4423 2916 4455 τι
2971 4405 3399 4476 ὑπαρχόντων
3441 4403 3608 4473 αὐτῷ
3647 4402 3849 4474 ἔλεγεν

483 4498 586 4551 nia.
600 4495 930 4550 communia
945 4510 1084 4564 ;nec
1101 4496 1416 4566 quisquam
1439 4511 1640 4551 eorum
1653 4511 1784 4567 qua
1795 4495 2085 4566 possideln

2245 4491 2420 4546 ἴδιον
2470 4491 2653 4548 εἶναι.
2695 4493 2804 4545 Ούκ
2858 4493 3221 4564 αἰσχυνόμεθα
3266 4491 3406 4564 ἄρτι,
3441 4496 3721 4563 σύγγνωτε,
3757 4489 3847 4545 δύο

485 4585 719 4655 aliquid
742 4599 913 4639 suum
946 4599 1066 4640 esse
1094 4585 1325 4640 dicebat
1344 4585 1411 4638 9⁸.
1445 4585 1574 4639 Non
1589 4585 1771 4655 pudet
1793 4600 1970 4647 nunc,
2001 4584 2087 4638 da‘

2247 4588 2380 4644 ὄντες
2409 4590 2480 4655 μή
2527 4585 2818 4641 κεκτῆσθαι
2847 4586 2993 4635 κοινά
3017 4585 3082 4634 τὰ
3112 4587 3232 4634 ὄντα
3267 4599 3278 4611 ·
3311 4581 3394 4633 ἐπὶ
3421 4591 3518 4633 τῶν
3549 4581 3849 4633 ἀποστόλων

485 4674 899 4744 veniam,lcum
920 4674 1041 4728 duo
1057 4674 1204 4740 sitis,
1221 4674 1382 4728 bona
1403 4674 1461 4728 in
1477 4689 1795 4728 commune
1810 4688 1928 4727 non
1948 4689 2087 4744 poss

2245 4675 2497 4725 τοσούτου
2550 4672 2782 4733 πλήθους
2842 4673 2981 4732 ὄντος
3033 4676 3126 4730 τὴν
3177 4675 3453 4728 κοινότητα
3519 4673 3783 4742 ὑπάρχειν
3834 4687 3846 4734 ;

487 4764 626 4820 ciere
661 4781 672 4817 :
713 4780 847 4818 cum
877 4764 1024 4818 inter
1055 4763 1376 4834 apostolos,
1409 4763 1512 4833 qui
1543 4778 1795 4818 numero
1837 4768 1918 4817 tot
1947 4778 2086 4817 eran

2250 4765 2340 4814 Διά
2396 4769 2548 4814 τοῦτο
2595 4764 2698 4813 ἐκεῖ
2751 4758 2809 4820 ἦν
2867 4763 2891 4811 ὁ
2945 4764 3191 4835 Χριστός.
3249 4760 3329 4813 Ἐν
3385 4761 3506 4830 ὑμῖν
3576 4756 3634 4811 δε
3695 4757 3852 4811 ούδα-

485 4854 888 4909 communitas
909 4851 1253 4907 exsisteret?
1275 4855 1586 4922 Propterea
1602 4852 1681 4905 ibi
1701 4859 1824 4906 erat
1847 4852 2087 4908 Christu‘

2247 4859 2354 4923 μώς
2389 4870 2401 4882 ·
2431 4850 2526 4902 κάν
2558 4849 2722 4922 βαρὺς
2752 4852 2776 4901 6
2801 4850 2951 4920 λόγος
2986 4867 2998 4880 ⁸
3039 4850 3068 4908 ἦ
3097 4853 3198 4921 γὰρ
3232 4847 3290 4900 ἀν
3319 4852 3374 4900 τό
3429 4847 3711 4919 σύμ-ψυχοι
3744 4849 3849 4911 ἦτε,

485 4943 634 4996 inter
666 4959 772 4995 vos
791 4946 992 4996 autem
1013 4957 1421 5012 nequaquam,
1454 4940 1565 4994 etsi
1592 4956 1772 5009 grave
1794 4947 1880 4995 est
1902 4940 2087 4994 dicere

2250 4942 2533 5014 σύμφρονές
2589 4959 2642 4990 τε
2698 4943 2787 4991 καὶ
2845 4935 3175 5011 όμοκάρδιοι,
3240 4937 3470 4995 ἀλλήλων
3527 4939 3852 5008 ἀνεχόμενοι,

488 5031 712 5101 alioqui
737 5031 1061 5085 unanimes
1085 5031 1314 5099 essetis,
1350 5034 1407 5084 et
1437 5029 1894 5093 consentientes,
1915 5035 1972 5083 et
2001 5045 2090 5084 cor

2251 5027 2476 5085 ἀλλήλων
2532 5028 2903 5100 φροντίζοντες,
2982 5027 3276 5101 αὐτάρκεις,
3357 5026 3626 5089 εὐπειθεῖς,
3694 5027 3853 5098 εὑμεί-

489 5120 700 5174 cordes
733 5136 746 5185 ;
781 5119 1035 5174 invicem
1058 5119 1431 5174 sustinentes.
1457 5117 1710 5173 invicem
1734 5124 2091 5183 curantes,v¢

2251 5117 2432 5187 λικτοι,
2510 5117 2695 5192 ἱλαροὶ,
2757 5116 3062 5190 ἀρκούμενοι
3110 5123 3217 5179 τοῖς
3296 5122 3547 5190 παροῦσι,
3615 5114 3853 5185 γλυκεῖαν

490 5208 585 5264 bis
617 5209 1000 5272 sufﬁcientes,
1031 5207 1183 5263 bene
1216 5205 1426 5273 affecti,
1459 5206 1688 5272 blandi,
1720 5207 1965 5271 hilares,
1997 5222 2092 5278 pra

2251 5210 2386 5270 ζωὴν
2417 5209 2644 5279 ἔχοντες,
2694 5211 2782 5259 καὶ
2812 5209 2941 5279 μετὰ
2969 5208 3128 5279 μόνου
3161 5207 3322 5280 ἄρτου
3355 5210 3444 5257 καὶ
3486 5201 3703 5269 ὕδατος,
3737 5205 3852 5256 οἷαν

557 5334 605 5370 ⁸⁵
641 5335 661 5388 ι
692 5337 840 5390 Petr.
871 5350 925 5399 v,
960 5336 1010 5388 8.
1090 5334 1137 5368 θθ
1169 5334 1342 5388 Joan.
1373 5348 1496 5404 xxi,
1530 5333 1715 5388 45-17.
1791 5333 1835 5367 ⁹⁷
1867 5331 2070 5390 Matth.
2105 5348 2263 5400 xvm,
2303 5334 2358 5386 2.
2435 5333 2483 5369 ³⁸
2519 5334 2643 5392 Act.
2676 5348 2753 5403 IV,
2789 5335 2876 5387 32.

2097 5440 2325 5499 ΝΟΤᾹΞ.

557 5529 768 5603 (72-73)
797 5533 862 5588 in
899 5528 1032 5588 cod.
1083 5531 1227 5600 Reg.
1252 5526 1409 5603 ρπβ’.
