4058 6274
304 216 442 272 1557

302 339 446 413 εἶχον
502 345 551 395 οἱ
580 343 743 416 ἅγιοι.
786 351 891 397 Νῦν
942 342 1000 398 δὲ
1029 346 1323 399 τούναντίον
1353 348 1489 398 κατὰ
1528 350 1593 398 τὰ
1646 365 1895 419 προειρη-
1930 354 1969 407 Α

301 435 448 503 μένα.
490 435 585 485 Διὰ
614 442 767 485 τοῦτο
811 439 900 486 καὶ
949 436 974 486 6
1026 438 1397 508 περισπασμός
1453 438 1593 506 ὑμῖν,
1642 436 1724 487 ἶνα
1773 453 1898 508 προ⁸

305 523 456 593 στεθῇ
508 522 557 573 ἔν
606 520 875 595 ἀργύριον,
936 523 964 581 ἡ
1018 523 1065 575 ἓν
1106 528 1333 597 χρύσιον
1382 533 1452 594 τῷ
1500 521 1606 583 ἤδη
1650 542 1893 597 προστοι·

303 607 547 661 ϐασθέντι
605 615 821 683 κέρματι
854 628 867 640 ⁸
944 613 1065 681 ὅπερ
1137 616 1249 665 ἐστὶ
1312 613 1655 685 φιλαργυρίας
1709 614 1893 676 πάθος,

300 702 384 749 καὶ
414 695 706 751 Ἰουδαϊκόν
732 698 1076 771 ἀποτέλεσμα.

374 964 595 1037 Ἐρωτῶ,
650 970 740 1018 καὶ
787 964 1106 1038 ἀποκρίθητέ
1158 987 1248 1038 μοι
1280 984 1292 996 ·
1350 966 1537 1039 Ἐχετε
1594 968 1749 1039 ἄρτον
1806 972 1896 1019 καὶ

299 1050 454 1117 οἶνον,
519 1059 610 1106 καὶ
669 1056 837 1107 ἔλαιον
887 1054 1001 1107 κατ’
1060 1054 1360 1127 ὀλιγότητα,
1409 1061 1503 1108 σύν
1556 1064 1663 1117 τοῖς
1724 1057 1897 1118 ἄλλοις

299 1138 619 1205 ἐπιτηδείοις
683 1149 773 1196 καὶ
830 1152 1179 1217 τροφευτικοίς
1255 1153 1346 1197 τοῦ
1407 1151 1661 1217 σωματος,
1731 1148 1896 1219 μέχρι

299 1234 463 1301 μηνὸς
514 1231 621 1294 ἑνὸς
653 1233 683 1291 ἦ
720 1229 867 1285 δυοῖν
896 1250 909 1299 ;
943 1236 1028 1285 ἐὰν
1075 1237 1443 1299 κατανεύσητε,
1490 1238 1648 1309 χάρις
1698 1242 1892 1308 Κυρίῳ.

300 1318 360 1372 Εἰ
390 1316 448 1371 δὲ
493 1324 587 1390 μὴ,
642 1324 890 1394 πρίασθε,
946 1321 999 1385 ἒξ
1037 1323 1097 1373 οὗ
1142 1318 1352 1375 δέδωκα
1409 1324 1529 1395 ύμῖν
1573 1329 1893 1396 νομίσματος

300 1408 422 1481 οἶρτι
462 1425 474 1437 °
513 1414 603 1461 καὶ
635 1407 808 1471 οὐδεὶς
849 1416 1235 1484 περισπασμὸς,
1266 1417 1355 1463 καὶ
1393 1408 1618 1484 οὐδεμία
1656 1420 1890 1485 ταραχή.

301 1496 559 1555 Ἱκανήσει
597 1501 699 1569 γὰρ
740 1495 844 1551 οἶδ’
873 1501 951 1551 ὅτι
1002 1505 1093 1552 καὶ
1130 1505 1527 1575 τετραμηνιαίου
1583 1507 1780 1574 χρόνου
1827 1503 1894 1563 εἰς

300 1590 505 1658 χρείαν.
578 1592 678 1640 Καὶ
736 1589 815 1640 ὅτε
877 1587 1187 1663 ἀπορήσετε,
1254 1589 1409 1642 πάλιν
1474 1590 1503 1649 ἡ
1582 1593 1805 1643 ἐντεῦθεν
1860 1592 1889 1650 ἡ

300 1674 529 1740 ἄλλοθεν,
592 1679 874 1749 προσθείην
936 1675 985 1729 δ’
1048 1676 1107 1729 ἂν
1164 1683 1253 1730 καὶ
1323 1678 1377 1731 ἐκ
1427 1687 1519 1731 τοῦ
1587 1680 1893 1754 έργοχείρου
1932 1710 1973 1764 Β

299 1765 461 1834 ὑμῶν,
517 1766 542 1816 6
573 1773 765 1837 τρέφων
816 1767 881 1817 τὰ
910 1768 1094 1833 πάντα,
1159 1767 1359 1841 θρέψειε
1387 1773 1477 1820 καὶ
1528 1770 1677 1840 ὑμᾶς.
1734 1769 1895 1829 Οὗτος

299 1854 325 1904 6
393 1849 510 1925 βίος
557 1855 775 1927 ἄριστος
818 1873 829 1883 ·
873 1856 1034 1917 οὕτως
1088 1859 1173 1908 τὸν
1248 1860 1476 1929 Χριστόν
1532 1862 1688 1929 μέσον
1755 1859 1895 1929 ὑμῶν

302 1949 540 2013 σχοίητε,
576 1952 646 2001 πῆ
698 1947 787 2015 μὲν
841 1943 1196 2019 ἐργαζόμενοι,
1252 1954 1323 2005 πῆ
1368 1943 1427 1999 δὲ
1457 1952 1893 2021 προσευχόμενοι,

298 2036 388 2083 καὶ
432 2034 551 2082 ποτε
588 2035 677 2103 μὲν
732 2034 1117 2104 ἡσυχάζοντες,
1166 2038 1289 2087 ποτε
1345 2033 1403 2088 δὲ
1434 2034 1892 2106 ἀναγινώσκοντες.

301 2124 401 2172 Καὶ
472 2119 699 2172 ἀνατελεί
757 2122 876 2191 ύμῖν
927 2131 1027 2194 φῶς
1090 2124 1297 2193 γλυκύ’
1370 2130 1459 2176 καὶ
1526 2132 1636 2186 τοῖς
1706 2127 1897 2199 ὁρῶσιν

298 2209 478 2259 ἔσεσθε
503 2207 715 2279 ἐραστοί
748 2226 760 2238 ‘
795 2214 885 2260 καὶ
928 2214 1056 2271 Θεὸς
1106 2207 1497 2273 δοξασθήσεται
1527 2211 1574 2264 ἐν
1615 2215 1735 2284 ύμῖν
1766 2235 1777 2246 ·
1808 2221 1897 2267 καὶ

298 2292 659 2358 ἁντιδοξάσειν
716 2298 851 2368 ύμᾶς
918 2303 1007 2350 καὶ
1062 2307 1149 2351 νῦν
1232 2305 1319 2352 καὶ
1393 2303 1441 2353 ὲν
1525 2310 1597 2372 τῷ
1663 2303 1897 2374 μέλλοντι

300 2384 467 2439 αἰῶνι.
527 2384 700 2456 Ἠμῶν
768 2405 821 2438 τε
893 2388 1059 2439 αὐτῶν
1138 2396 1238 2440 τῶν
1320 2389 1636 2463 ἁμαρτωλῶν
1716 2394 1897 2444 ἔσεσθε

299 2476 578 2545 καύχημα,
648 2478 737 2526 καὶ
790 2475 907 2536 ὅλης
950 2484 1046 2538 τῆς
1114 2475 1462 2550 ἁδελφότητος
1508 2478 1666 2539 κλέος.
1715 2486 1897 2531 Ταῦτα

300 2564 504 2634 εἴρηκα,
560 2563 666 2633 οὐχ
719 2566 789 2623 ὡς
848 2562 1073 2635 ἐχόντων
1122 2567 1263 2637 ὑμῶν
1304 2572 1533 2640 χρυσίον
1586 2569 1896 2639 τεθησαυρι-

304 2655 485 2721 σμένον
520 2673 531 2684 ·
574 2649 712 2722 μηδὲ
738 2655 815 2711 εἴη
863 2656 1003 2725 ἔχειν
1044 2656 1199 2727 ὑμᾶς,
1250 2658 1317 2717 ὡς
1349 2654 1407 2706 ἂν
1457 2660 1527 2727 μὴ
1584 2655 1847 2713 ἀκούσητε
1880 2673 1891 2685 ·

298 2738 494 2791 Ὀπου
540 2742 565 2791 6
608 2744 938 2813 θησαυρὸς
998 2744 1187 2814 ὑμῶν,
1230 2746 1361 2797 ἐκεῖ
1414 2750 1522 2797 καὶ
1564 2747 1592 2804 ἡ
1656 2742 1897 2819 καρδία

299 2829 468 2899 ὑμῶν
507 2832 713 2881 ἔσται.
763 2835 1039 2905 Θησαυρὸς
1071 2828 1129 2884 δὲ
1165 2834 1277 2885 ἐστι
1325 2842 1567 2905 μοναχῷ,
1601 2833 1687 2885 ἐὰν
1728 2837 1896 2886 ἐπάνω

300 2925 398 2967 τῶν
460 2926 615 2990 τριῶν
692 2922 1047 2991 νομισμάτων,
1107 2924 1243 2973 κατὰ
1321 2926 1378 2974 τὸ
1440 2927 1793 2996 γεγραμμένον
1849 2922 1895 2974 ἐν

298 3012 407 3067 τοῖς
466 3009 725 3078 Πατράσι,
784 3014 1195 3081 περιποιήσηταί
1250 3030 1326 3072 τις
1368 3011 1550 3082 ἐαυτῷ,
1603 3017 1692 3063 καὶ
1744 3019 1896 3064 τοῦτο
1928 3016 1968 3073 C

298 3095 382 3145 ἐπὶ
432 3103 530 3145 τῶν
589 3105 815 3167 πτωχῶν
876 3102 969 3154 τὴν
1041 3094 1312 3150 διάνοιαν·
1378 3101 1485 3151 ἐπεὶ
1543 3101 1629 3170 ὅγε
1675 3099 1898 3173 ἀκριϐὴς

297 3186 555 3254 μοναχὸς,
631 3189 720 3237 καὶ
787 3182 1060 3247 δεσπόζων
1128 3191 1327 3259 κόσμου
1379 3184 1452 3239 δι’
1502 3187 1893 3260 ἀκτημοσύνης,

299 3267 424 3323 οὐδὲ
466 3271 514 3323 ἓν
568 3271 817 3347 ἀργύριον
861 3279 1109 3333 κέκτηται
1143 3293 1155 3305 ·
1210 3280 1298 3328 καὶ
1370 3279 1551 3348 κράζει
1629 3280 1760 3347 μετά
1807 3285 1895 3330 τοῦ

298 3359 452 3431 ἁγίου
513 3362 717 3414 Παύλου
751 3378 765 3391 ⁸

298 3448 661 3510 πλουτίζων
695 3473 707 3483 ·

812 3361 910 3424 Ὠς
969 3368 1234 3435 πτωχὸς
1290 3364 1430 3436 ἒγὼ,
1491 3365 1763 3425 πολλούς
1825 3362 1896 3418 δε

768 3456 875 3503 καὶ
930 3454 1008 3513 ὡς
1045 3456 1120 3504 τὰ
1156 3456 1363 3505 πάντα
1424 3458 1737 3525 κατέχων,
1788 3459 1895 3506 καὶ

297 3533 502 3608 μῆδὲν
542 3541 724 3609 ἔχων.
762 3545 861 3592 Καὶ
891 3543 992 3615 γὰρ
1036 3543 1061 3592 6
1110 3546 1238 3603 Θεὸς
1286 3550 1357 3612 τῷ
1399 3540 1616 3613 τοιούτῷ
1648 3545 1895 3594 πάντοθεν

295 3624 493 3697 ἀνοίγει
527 3629 707 3699 θύραν,
761 3633 849 3681 καὶ
902 3630 1257 3702 ἡσυχάζοντι,
1306 3637 1395 3683 καὶ
1436 3628 1754 3704 διωκομένῳ,
1805 3638 1895 3685 καὶ

297 3714 710 3789 φυλακιζομένῳ,
754 3723 843 3770 καὶ
875 3720 1047 3770 ὁτιοῦν
1082 3721 1351 3791 πάσχοντι
1378 3721 1565 3793 ἕτερον.
1604 3726 1702 3773 Καὶ
1733 3724 1892 3792 Χρισ-

296 3809 513 3877 τοφόρος
535 3806 560 3855 6
593 3813 825 3868 τοιοῦτος
854 3812 942 3858 καὶ
987 3811 1298 3880 Χριστιανὸς
1330 3809 1592 3873 ἀληθινὸς,
1622 3814 1711 3860 καὶ
1740 3810 1895 3881 ἄγγε-

296 3892 377 3952 λος
432 3895 515 3946 ἐπὶ
544 3902 659 3965 γῆς,
714 3900 804 3947 καὶ
858 3898 1159 3968 θεομιμίτος
1215 3895 1365 3970 ἀνὴρ,
1431 3904 1519 3950 καὶ
1578 3896 1892 3971 κληρονόμος

253 4023 260 4031 .
298 3988 453 4047 Θεοῦ,
489 3983 910 4059 συγκληρονόμος
939 3982 998 4038 δὲ
1026 3992 1278 4060 Χριστοῦ.

369 4071 635 4142 Σκέψασθε
685 4069 772 4124 οὖν
829 4074 1029 4141 λοιπὸν,
1084 4072 1123 4125 ὦ
1154 4071 1390 4147 ἀδελφοὶ,
1442 4078 1528 4126 τὸν
1575 4074 1725 4146 λόγον
1756 4093 1769 4103 ·
1803 4080 1893 4127 καὶ

298 4157 343 4211 εἰ
393 4162 482 4231 μεν
526 4168 812 4234 τρινομεῖτε
862 4162 1160 4237 ἀμφότεροι,
1224 4164 1317 4215 ούκ
1367 4162 1651 4221 ἀπόϐλητοι
1704 4164 1751 4215 ἐν
1807 4184 1895 4237 μοι

297 4254 504 4318 ναχοῖς,
548 4249 683 4301 κατὰ
731 4254 788 4302 τὸ
843 4249 1142 4324 ὑπόδειγμα
1182 4256 1237 4303 τὸ
1272 4258 1521 4323 πατρικόν
1552 4270 1563 4281 ·
1617 4252 1659 4305 εἰ
1712 4250 1771 4305 δὲ
1812 4254 1895 4305 ἐπ-

364 4303 404 4318 η
470 4303 504 4311 -ν
959 4303 998 4304 ⁷⁷
1038 4303 1076 4324 It
1115 4303 1139 4304 "
1277 4303 1282 4305 '
1379 4303 1397 4323 1⁷
1623 4303 1632 4305 ’
1721 4303 1766 4305 θ’
1815 4303 1846 4305 *-

300 4339 402 4387 άνω
453 4333 877 4410 δεκανομοῦντες,
928 4343 1097 4401 καθὼς
1151 4340 1403 4407 ἁκούω,ἧ
1448 4348 1538 4393 καὶ
1580 4347 1710 4415 πρός
1745 4362 1756 4372 ·
1813 4364 1895 4414 γι·
1928 4303 1972 4358 D

298 4429 515 4478 νώσκετε
554 4430 796 4481 ἔιπτωτοι
844 4427 972 4481 εἶναι
1022 4437 1115 4491 τῆς
1168 4438 1464 4502 μοναχικῆς
1503 4434 1892 4497 καταστάσεως,

298 4517 388 4565 καὶ
430 4516 737 4589 θεραπευταὶ
787 4518 844 4569 ού
894 4526 1151 4591 Χριστοῦ,
1190 4517 1316 4570 ἀλλὰ
1370 4527 1458 4571 τοῦ
1500 4519 1729 4572 ἐναντίου
1760 4538 1770 4549 ·
1806 4526 1895 4573 καὶ

298 4606 451 4655 τέκνα
493 4605 587 4656 οὐκ
626 4604 749 4677 ἐμοῦ
787 4615 875 4658 τοῦ
905 4616 1169 4678 ταπεινοῦ,
1208 4607 1335 4659 ἀλλὰ
1381 4616 1469 4659 τοῦ
1502 4608 1896 4681 φιλοχρυσοῦν-

297 4711 401 4752 τος.
454 4694 649 4756 Δόξειεν
701 4697 831 4768 ὑμᾶς
878 4696 1058 4768 λέγειν,
1102 4699 1179 4748 ὅτι
1219 4696 1419 4769 Ἔχεις,
1473 4702 1556 4749 ναί
1592 4712 1607 4729 ⁸
1658 4696 1764 4750 ἐπεὶ
1810 4702 1897 4750 καὶ

300 4786 530 4855 Χριστὸς
598 4780 691 4835 διὰ
764 4792 854 4837 τοῦ
904 4786 1280 4857 γλωσσοκόμου
1341 4786 1399 4838 οὗ
1457 4786 1744 4859 ἐπεφέρετο,
1807 4792 1896 4838 καὶ

297 4878 400 4933 πᾶς
421 4874 805 4946 καθηγούμενος
825 4880 913 4926 καὶ
945 4879 1205 4947 προεστὼς
1234 4883 1332 4927 τῶν
1360 4874 1698 4933 Ἐκκλησιῶν.
1742 4875 1898 4928 Ἀλλὰ

301 4957 395 5012 διὰ
444 4966 537 5019 τὴν
564 4962 857 5035 οἰκονομίαν
892 4972 986 5025 τῆς
1016 4961 1383 5036 ἀδελφότητος.
1440 4970 1575 5022 Φησὶ
1605 4967 1705 5036 γὰρ
1757 4964 1804 5016 ἐν
1825 4966 1894 5035 τῷ

299 5048 600 5122 Εύαγγελίῳ
624 5053 648 5103 6
671 5053 1004 5127 Κύριοςπρός
1025 5056 1110 5105 τὸν
1140 5050 1345 5106 Ἰούδαν
1365 5072 1377 5083 ·
1400 5052 1466 5105 ’⁸0
1490 5073 1590 5105 πιε
1608 5060 1626 5105 ἶ
1643 5076 1683 5119 ς,
1716 5058 1896 5112 ποίη-

304 5156 411 5189 σον
450 5141 706 5210 τάχιον.
748 5148 947 5193 Τοῦτο
988 5138 1054 5193 δὲ
1104 5140 1324 5202 οὐδεὶς
1387 5145 1542 5213 ἔγνω
1605 5150 1722 5193 τῶν
1756 5140 1896 5193 ἀνα-

300 5231 608 5297 κειμένων
646 5233 801 5303 πρός
838 5235 898 5281 τί
938 5227 1109 5282 εἶπεν
1159 5231 1351 5301 αύτῷ.
1390 5234 1573 5292 Τινὲς
1604 5234 1719 5302 γὰρ
1762 5227 1892 5283 ἰδό-

301 5335 470 5381 κουν,
503 5319 637 5371 ἐπεὶ
676 5322 742 5370 τὸ
780 5318 1245 5391 γλωσσόκομον
1285 5317 1460 5391 εἶχεν
1488 5316 1755 5385 Ἰούδας,
1786 5322 1892 5372 ὅτι

376 5497 423 5531 ⁸⁸
452 5495 600 5553 Luc.
635 5513 732 5567 xu,
764 5500 856 5556 34.

944 5502 959 5536 ¹
989 5499 1119 5557 Cor.
1160 5516 1234 5567 vi,
1270 5503 1357 5559 10.
1443 5503 1465 5537 ³
1500 5503 1677 5559 Rom.
1716 5515 1836 5569 vui,
1865 5502 1949 5556 18.

1580 219 2085 277 EPISTOLARUM
2131 220 2267 278 LIB.
2309 221 2377 275 ll.

3521 219 3658 274 1558

2008 346 2280 401 sentibus
2333 346 2611 411 contenti,
2655 346 2891 401 dulcem
2941 346 3125 401 vitam
3174 350 3440 415 agentes,
3473 344 3652 399 etiam

2008 451 2147 489 cum
2178 437 2307 492 solo
2348 451 2502 504 pane
2530 442 2586 489 et
2618 451 2798 506 aqua,
2828 435 3064 506 qualem
3100 435 3399 489 duxerunt
3429 432 3646 488 sancti.

2008 526 2172 579 Nunc
2197 541 2333 578 vero
2361 540 2453 577 res
2485 524 2649 579 aliter
2688 539 2748 578 se
2790 524 2987 587 habet,
3024 530 3082 577 ut
3117 523 3391 593 superius
3429 522 3655 577 dictum

2007 618 2114 667 est.
2161 615 2320 667 Hanc
2356 612 2435 666 ob
2468 629 2587 667 rem
2622 616 2679 666 et
2723 612 3026 667 distractio
3076 612 3246 666 vobis
3282 628 3294 665 :
3331 618 3392 665 ut
3433 625 3654 679 argen-

2009 705 2135 755 teus
2169 716 2322 754 unus
2351 700 2441 755 vel
2480 716 2698 754 aureus
2732 716 2884 754 unus
2914 700 3173 755 addatur
3200 700 3277 754 ad
3310 697 3656 753 nummulos

2003 789 2129 860 jam
2155 794 2540 845 coacervatos
2560 806 2571 845 :
2603 789 2768 861 quod
2790 789 3056 844 avaritiae
3078 789 3327 845 morbus
3349 792 3457 853 est,
3477 803 3659 859 opus-

2007 894 2123 949 que
2151 878 2491 933 Judaicum.

2079 968 2311 1035 Quaeso,
2342 968 2695 1037 respondete
2727 967 2890 1032 mihi,
2921 982 3119 1022 nonne
3157 983 3379 1039 panem
3419 965 3656 1021 habetis

2005 1063 2060 1109 et
2084 1056 2309 1121 viuum,
2346 1057 2771 1127 modicumque
2796 1056 3015 1120 oleum,
3042 1072 3180 1110 cum
3208 1056 3337 1110 aliis
3363 1060 3652 1126 opportu-

2009 1145 2120 1207 nis,
2152 1145 2371 1216 quibus
2403 1146 2477 1199 ad
2514 1161 2779 1200 mensem
2836 1161 3018 1198 unum
3073 1143 3301 1199 duosve
3335 1142 3655 1198 sustentari

2006 1249 2223 1303 corpus
2274 1235 2459 1304 pOssit
2504 1236 2529 1289 ‘I
2577 1234 2629 1289 Si
2676 1234 3023 1298 annueritis,
3057 1233 3186 1288 laus
3240 1233 3509 1287 Domino.
3556 1233 3655 1287 Sin

2008 1323 2225 1387 minus,
2260 1323 2433 1377 emite
2484 1325 2759 1393 pecunia,
2804 1339 2988 1394 quam
3035 1322 3205 1376 vobis
3235 1337 3428 1392 nuper
3467 1320 3603 1375 dedi
3638 1336 3654 1385 ;

2006 1416 2063 1465 et
2103 1410 2262 1465 nulla
2294 1412 2401 1466 erit
2422 1412 2748 1477 distractio,
2782 1416 2837 1466 et
2869 1411 3030 1465 nulla
3063 1411 3447 1481 perturbatio.
3480 1409 3656 1463 Sufﬁ-

2006 1501 2116 1554 ciet
2136 1503 2316 1565 enim,
2343 1509 2431 1555 sat
2451 1501 2595 1565 scio,
2612 1500 2698 1555 vel
2719 1500 2794 1555 ad
2808 1505 3066 1571 quatuor
3082 1500 3375 1554 mensium
3397 1498 3658 1553 necessi-

2007 1591 2206 1642 tatem.
2248 1592 2308 1643 Et
2348 1606 2485 1643 cum
2526 1589 2888 1655 indigebitis,
2922 1604 3132 1643 rursus
3172 1588 3398 1659 quialit
3426 1589 3655 1656 omnia,

2007 1677 2162 1731 illinc
2188 1685 2289 1731 aut
2319 1678 2580 1743 aliunde,
2609 1677 2941 1733 addiderim
2972 1692 3103 1745 ego,
3138 1682 3193 1731 et
3222 1693 3288 1731 ex
3318 1692 3496 1747 opere
3528 1692 3659 1730 ma-

2006 1782 2191 1819 nuum
2223 1774 2575 1823 vestrarum.
2607 1782 2708 1821 vos
2733 1766 2971 1821 nutriet.
3015 1765 3149 1819 Haec
3191 1766 3308 1820 vita
3355 1770 3650 1836 praestan-

2006 1854 2236 1909 tissima
2264 1870 2276 1909 :
2312 1856 2393 1908 sic
2412 1855 2704 1909 Christum
2734 1856 2883 1909 inter
2911 1870 3017 1909 vos
3040 1853 3357 1917 habebitis,
3384 1868 3543 1907 nunc
3576 1852 3657 1908 la-

2004 1943 2308 2009 borantes,
2330 1959 2489 1998 nunc
2521 1948 2778 2007 orantes,
2808 1948 2864 1998 et
2894 1943 3191 1997 interdum
3220 1942 3464 2014 quidem
3487 1941 3663 2012 quie-

2008 2039 2259 2097 scentes,
2286 2034 2583 2087 interdum
2603 2032 2886 2101 legentes.
2902 2031 2968 2086 Et
2985 2033 3205 2086 orietur
3228 2030 3398 2086 vobis
3414 2030 3512 2084 lux
3528 2030 3658 2084 dul-

2006 2120 2108 2186 cis,
2142 2127 2197 2176 et
2229 2122 2594 2176 intuentibus
2637 2120 2927 2176 amabiles
2956 2119 3117 2175 eritis
3150 2137 3163 2185 ;
3206 2125 3263 2175 et
3296 2120 3448 2173 Deus
3479 2118 3659 2188 glori-

2004 2209 2282 2265 ﬁcabitur
2313 2210 2371 2264 in
2404 2210 2599 2273 vobis,
2656 2215 2711 2264 et
2750 2209 3008 2263 vicissim
3048 2208 3404 2279 gloriﬁcabit
3445 2223 3572 2277 vos,
3603 2211 3660 2263 et

2008 2314 2165 2353 nunc
2192 2305 2250 2353 et
2291 2299 2349 2353 in
2382 2298 2579 2353 futuro
2621 2298 2861 2353 saeculo.
2896 2304 2974 2353 Ac
3023 2303 3226 2352 nostra
3255 2312 3518 2368 quoque,
3552 2297 3657 2366 qui

2005 2394 2344 2458 peccatores
2376 2404 2606 2449 sumus,
2641 2387 2915 2455 gloriatio
2946 2387 3122 2452 eritis,
3150 2392 3207 2441 et
3237 2386 3529 2440 universae
3556 2401 3654 2438 so-

2004 2477 2229 2531 cietatis
2254 2476 2463 2530 decus.
2496 2476 2627 2530 Haec
2652 2475 2794 2540 dixi,
2829 2490 2948 2531 non
2980 2474 3156 2547 quasi
3190 2490 3404 2529 aurum
3444 2489 3656 2528 recon-

2005 2564 2195 2618 ditum
2224 2581 2329 2620 vos
2356 2565 2628 2619 habeatis
2657 2581 2670 2619 :
2706 2580 2904 2636 neque
2936 2580 3072 2619 vero
3092 2564 3400 2631 contingat
3426 2578 3532 2617 vos
3556 2562 3663 2617 ha-

2003 2653 2164 2718 bere,
2208 2670 2279 2708 ne
2302 2654 2557 2708 audiatis
2590 2672 2601 2708 :
2634 2653 2745 2710 Ubi
2773 2654 3080 2709 thesaurus
3103 2658 3311 2715 vester,
3352 2651 3435 2705 ibi
3479 2658 3531 2706 et
3562 2666 3661 2706 cor

2005 2751 2263 2797 vestrum
2292 2745 2402 2799 erit
2456 2744 2523 2796 η.
2551 2743 2888 2797 Thesaurus
2920 2757 3097 2812 porro
3137 2747 3227 2796 est
3258 2741 3577 2804 monacho,
3611 2739 3660 2795 si

2006 2848 2188 2901 supra
2221 2837 2337 2886 tres
2375 2848 2684 2894 nummos,
2730 2832 2880 2885 sicut
2910 2830 3072 2901 apud
3120 2830 3320 2884 Patres
3366 2830 3653 2900 scriptum

2004 2920 2240 2990 legitur,
2278 2921 2390 2975 sibi
2437 2920 2754 2990 acquirat:
2798 2919 2979 2991 idque
3028 2925 3092 2973 ut
3140 2919 3290 2973 inter
3340 2917 3657 2972 mendicos

2005 3009 2231 3064 censeri
2247 3009 2433 3079 possit
2455 3025 2605 3079 :qua
2619 3015 2861 3063 exactus
2876 3006 3231 3072 monachus,
3250 3012 3305 3061 et
3325 3006 3427 3076 qui
3445 3006 3660 3061 mundi

2005 3098 2287 3152 dominus
2325 3104 2412 3152 est
2452 3114 2554 3169 per
2583 3101 2929 3167 egestatem,
2957 3112 3031 3151 ne
3072 3112 3257 3150 unum
3289 3094 3534 3165 quidem
3563 3111 3655 3150 ar-

2006 3193 2284 3256 genteum
2335 3186 2621 3258 possidet,
2656 3185 2993 3255 clamatque
3023 3200 3160 3238 cum
3193 3190 3398 3239 sancto
3432 3182 3609 3238 Paulo
3640 3201 3651 3238 :

2005 3274 2163 3330 Sicut
2178 3291 2350 3345 egens
2365 3290 2469 3345 ego
2482 3282 2534 3329 et
2548 3275 2764 3330 multos
2780 3275 3227 3341 locupletans;et
3239 3279 3525 3342 tanquam
3539 3287 3656 3327 om-

2004 3363 2107 3418 nia
2120 3364 2447 3432 possidens,
2473 3369 2523 3418 et
2542 3362 2699 3418 nihil
2718 3361 2938 3417 habens
2959 3362 2997 3415 ¹.
3020 3360 3246 3415 Etenim
3278 3363 3430 3413 Deus
3449 3364 3523 3423 et,
3548 3358 3653 3430 qui

2006 3452 2135 3507 talis
2150 3459 2259 3516 est,
2285 3451 2503 3521 ubique
2530 3451 3008 3522 aperitjanuam,
3033 3450 3358 3519 etquietem
3386 3447 3653 3511 habenti,

2003 3548 2059 3595 et
2100 3541 2570 3610 persecutionem
2607 3540 2873 3609 patienti,
2903 3546 2953 3593 et
3001 3538 3059 3592 in
3091 3537 3364 3591 costodia
3394 3536 3652 3601 detento,

2003 3636 2107 3685 aut
2134 3630 2249 3684 alia
2271 3630 2484 3701 quavis
2515 3644 2786 3683 aerumna
2806 3642 3114 3698 oppresso.
3144 3629 3209 3681 Et
3242 3625 3395 3691 talis,
3424 3624 3656 3680 Christi-

2003 3718 2087 3773 fer
2119 3735 2188 3774 ac
2212 3734 2385 3772 verus
2412 3724 2498 3772 est
2530 3717 2926 3782 Christianus,
2955 3721 3009 3770 et
3035 3715 3284 3785 angelus
3314 3716 3370 3769 in
3395 3720 3568 3778 terra,
3599 3719 3655 3768 et

2003 3807 2188 3861 Deum
2230 3806 2471 3861 imitans
2521 3806 2628 3870 vir,
2662 3812 2715 3861 et
2752 3806 2941 3860 hieres
2992 3804 3109 3869 Dei,
3139 3803 3401 3859 cohaeres
3451 3808 3650 3859 autem

2005 3896 2215 3952 Christi
2257 3900 2297 3949 ³.

2072 4072 2363 4127 Attendite
2413 4074 2609 4142 igitur.
2652 4072 2881 4135 fratres,
2923 4070 3001 4126 ad
3048 4070 3209 4125 hunc
3260 4084 3650 4139 sermonem;

2002 4166 2061 4217 et
2088 4163 2135 4216 si
2157 4162 2400 4233 quidem
2428 4169 2543 4216 tres
2583 4168 2811 4216 tantum
2853 4175 3135 4215 nummos
3165 4158 3398 4214 habetis
3445 4158 3649 4224 ambo,

2003 4268 2125 4306 non
2179 4252 2315 4305 estis
2368 4250 2671 4322 rejiciendi
2716 4266 2787 4304 ex
2836 4248 3170 4313 monachis,
3199 4248 3365 4319 juxta
3411 4249 3650 4302 Patrum

2002 4340 2373 4411 exemplum.
2414 4344 2483 4394 At
2510 4342 2558 4395 si
2586 4356 2765 4411 supra
2794 4339 3000 4393 decem
3034 4354 3333 4403 nummos,
3360 4342 3420 4391 ut
3449 4336 3652 4405 audio,

2005 4430 2095 4484 vel
2124 4429 2405 4500 amplius,
2442 4428 2646 4482 scitote
2677 4444 2782 4482 vos
2833 4426 3265 4481 monachorum
3298 4429 3452 4479 statu
3501 4426 3654 4479 exci-

2003 4518 2183 4579 disse,
2219 4518 2594 4589 cultoresque
2640 4533 2790 4582 esse,
2836 4531 2955 4570 non
3011 4514 3240 4577 Christi,
3292 4514 3397 4568 sed
3445 4514 3653 4568 adver-

2003 4607 2137 4662 sarii
2172 4614 2264 4669 ;et
2292 4606 2444 4661 ﬁlios
2476 4623 2622 4671 esse,
2654 4622 2771 4660 non
2794 4604 3142 4660 humilitatis
3173 4619 3341 4668 mete,
3370 4602 3473 4656 sed
3499 4601 3654 4656 illius

2002 4696 2103 4767 qui
2134 4712 2345 4749 aurum
2379 4702 2559 4750 amat.
2603 4693 2811 4748 Dicetis
2860 4693 3104 4747 fortasse
3134 4692 3353 4748 habere
3387 4707 3493 4745 vos
3523 4690 3652 4762 qui-

2003 4785 2165 4848 dem,
2203 4785 2303 4838 sed
2338 4790 2393 4838 et
2441 4784 2738 4839 Christum
2776 4782 3005 4838 loculos
3049 4781 3355 4843 habuisse,
3388 4781 3651 4851 itemque

2005 4873 2386 4943 praepositum
2420 4888 2661 4928 omnem
2686 4888 2753 4926 ac
2794 4870 3109 4943 praesidem
3141 4868 3554 4924 Ecclesiarum.
3582 4873 3655 4924 At

2003 4961 2085 5016 illi
2115 4961 2229 5016 hoc
2271 4970 2559 5033 tauquam
2604 4960 2855 5016 fratrum
2881 4958 3197 5014 cnconomi.
3231 4958 3375 5012 Dicit
3405 4956 3563 5011 enim
3589 4956 3651 5011 in

2006 5050 2320 5119 Evangelio
2355 5050 2637 5104 Dominus
2667 5048 2834 5105 Judaa
2870 5065 2881 5101 :
2919 5047 3081 5112 Quod
3105 5046 3282 5116 facis,
3309 5047 3416 5115 fac
3455 5044 3649 5100 citius.

2004 5140 2125 5194 Hoc
2145 5146 2342 5195 autem
2373 5155 2539 5193 nemo
2565 5138 2731 5193 scivit
2760 5136 3252 5191 discumbentium
3278 5135 3357 5190 ad
3381 5134 3526 5205 quid
3555 5134 3648 5189 di-

2003 5230 2158 5285 xerit
2184 5229 2254 5283 ei.
2277 5228 2527 5296 Quidam
2553 5227 2705 5283 enim
2735 5225 3057 5294 putabant,
3081 5225 3223 5297 quia
3237 5225 3457 5279 locutos
3480 5224 3653 5279 habe-

2004 5319 2101 5375 bat
2121 5318 2329 5383 Judas,
2364 5316 2520 5388 quod
2546 5317 2789 5373 dixisset
2810 5314 2900 5371 ei:
2930 5314 3075 5371 Eme
3098 5329 3166 5370 ea
3186 5329 3318 5386 qua:
3338 5328 3483 5383 opus
3512 5318 3652 5367 sunt
