4058 6274
442 236 582 293 1559

1702 234 1765 290 S.
1805 231 1895 287 TH
1905 231 2173 290 EODORI
2211 233 2538 292 STUDITE

3662 232 3800 290 1560

447 362 608 418 nobis
625 362 706 418 ad
724 362 876 419 diem
893 363 1113 432 festum
1141 381 1160 418 :
1177 367 1281 418 aut
1305 360 1500 432 egenis
1525 366 1590 416 ut
1608 360 1845 432 aliquid
1859 359 2025 416 daret
2048 363 2088 414 ³.

2213 363 2370 431 λέγει
2410 361 2597 431 αὐτῷ,
2641 360 2987 435 Ἀγόρασον
3027 363 3103 413 ὧν
3141 369 3376 437 χρείαν
3426 367 3666 437 ἔχομεν
3705 365 3802 425 είς

447 453 538 508 Sic
570 453 644 506 ad
671 451 1062 506 imitationem
1093 449 1324 514 Christi,
1353 449 1633 504 omnibus
1659 450 1760 521 qui
1787 464 1918 504 vere
1950 464 2092 520 prae-

445 545 604 605 sunt,
624 540 850 596 loculos
878 539 1098 595 habere
1124 540 1276 605 licet,
1303 554 1421 594 non
1449 539 1526 593 ob
1551 537 1710 594 aliud
1733 539 2091 610 quidquam,

446 629 598 686 absit
626 631 637 685 !
667 633 782 685 Deo
805 630 962 684 enim
989 644 1354 700 magnopere
1385 628 1672 699 displicet.
1708 629 1760 683 Si
1789 644 1930 696 ergo
1948 643 2095 698 prae-

449 720 606 774 sides
649 719 828 774 etiam
865 735 973 774 vos
1015 718 1180 786 estis,
1213 723 1267 772 et
1308 717 1480 773 vobis
1512 718 1700 790 aliqui
1746 717 1939 787 largiti
1973 716 2092 771 fue-

447 809 584 872 rint,
617 807 1134 880 quemadmodum
1163 813 1216 862 et
1258 807 1485 862 Christo
1513 808 1644 878 ipsi,
1676 808 1748 863 de
1774 805 2095 876 facultati-

447 897 552 954 bus
577 898 720 962 sm’s,
745 898 893 952 sicut
919 897 1204 968 scriptum
1236 902 1340 962 est,
1369 897 1646 952 mulieres
1669 911 1800 966 quae
1823 896 1990 951 illum
2015 909 2097 950 se-

448 988 785 1058 quebantur
807 989 827 1021 "
853 1003 864 1040 :
895 993 950 1041 et
981 985 1200 1040 sanctis
1227 984 1493 1040 similiter
1523 984 1618 1040 alii
1650 992 1706 1040 et
1734 985 1863 1039 alia:
1897 1001 1908 1038 :
1943 984 2097 1041 bene

446 1077 647 1140 habet,
677 1075 1030 1147 possideatis
1060 1075 1212 1140 licet,
1245 1090 1366 1130 non
1406 1074 1614 1129 decem
1660 1089 1966 1138 nummos,
1991 1073 2096 1128 sed

449 1165 642 1220 decies
676 1164 834 1219 mille
869 1181 880 1218 :
921 1164 1066 1220 nihil
1093 1164 1254 1219 enim
1282 1168 1541 1219 vestrum
1570 1169 1679 1229 est,
1713 1163 1812 1218 sed
1845 1163 2046 1218 Christi
2080 1183 2094 1228 ;

447 1261 502 1310 et
542 1255 986 1325 dispensatores
1025 1270 1132 1308 vos
1164 1253 1302 1308 estis
1336 1252 1636 1308 bonorum
1665 1252 1871 1308 Christi
1902 1271 1914 1320 ;
1944 1253 2095 1307 sicut

447 1349 505 1400 et
535 1343 749 1399 Paulus
782 1341 987 1398 omnia
1017 1342 1355 1413 possidens,
1387 1341 1530 1397 nihil
1567 1341 1844 1408 habebat,
1878 1345 1933 1398 et
1961 1341 2095 1412 qui-

450 1448 686 1504 cunque
715 1432 866 1488 alius
899 1433 975 1488 ad
1001 1431 1164 1487 hunc
1205 1431 1362 1486 diem
1393 1430 1530 1488 citm
1561 1431 1657 1485 Dei
1692 1431 1867 1486 timor
1892 1429 2095 1502 praefe-

449 1527 677 1578 cturam
707 1523 901 1591 gessit.
939 1520 1110 1586 Quod
1150 1521 1198 1575 si
1238 1521 1538 1592 praepositi
1569 1535 1688 1575 non
1727 1519 1889 1589 estis,
1917 1536 1986 1576 ac
2014 1519 2098 1574 di—

449 1615 828 1682 spensatores
841 1609 1204 1677 animarum,
1227 1609 1430 1665 hortor
1455 1609 2099 1680 etobsecro,utquam-

449 1701 711 1773 primum
764 1699 1016 1769 erogetis
1063 1698 1226 1771 quod
1285 1699 1698 1770 praascriptam
1749 1713 2094 1753 mensuram
2128 1741 2171 1795 Β

450 1789 700 1854 excedit,
735 1804 808 1844 ne
834 1789 1096 1844 avaritiae
1127 1787 1341 1843 morbo
1372 1788 1523 1858 capti
1557 1803 1592 1842 a
1631 1785 1895 1851 diabolo,
1926 1786 2098 1841 disci-

453 1878 576 1952 puli
627 1877 837 1934 Christi
880 1893 1011 1934 esse
1066 1877 1371 1932 desinatis.
1407 1879 1538 1932 Haec
1578 1891 1697 1932 non
1747 1875 1913 1932 vobis
1955 1875 2099 1932 solis

451 1968 595 2030 dixi,
627 1967 731 2022 sed
763 1982 868 2038 per
903 1982 1011 2021 vos
1045 1966 1272 2021 cunctis
1303 1965 1582 2021 fratribus
1616 1981 1630 2031 ;
1674 1980 1781 2020 nec
1813 1963 1951 2020 odio
1993 1964 2098 2020 ha-

450 2057 620 2122 bens,
645 2056 800 2111 absit
827 2072 840 2121 ;
876 2055 980 2111 sed
1007 2069 1375 2126 magnopere
1396 2054 1683 2123 diligens;
1705 2069 1897 2126 neque
1919 2055 1976 2109 in
1997 2069 2100 2108 an-

451 2146 680 2216 gustias
708 2145 894 2214 redigi
928 2160 1033 2200 vos
1060 2145 1328 2215 cupiens,
1355 2144 1458 2199 sed
1484 2143 1812 2199 admodum
1842 2142 2097 2198 dilatari.

452 2236 513 2290 In
549 2235 824 2304 angustia
860 2234 1084 2306 quippe
1116 2233 1362 2290 latitudo
1391 2249 1404 2287 :
1446 2239 1503 2289 et
1531 2233 1588 2289 in
1624 2233 1854 2288 tristitia
1885 2247 2098 2288 secun-

451 2324 597 2378 dum
645 2323 962 2389 Christum,
1000 2323 1311 2378 exsultatio
1352 2322 1616 2393 spiritus.
1651 2322 1715 2376 Et
1756 2321 1954 2376 audite
1983 2336 2098 2386 me,

449 2412 572 2481 ﬁlii,
605 2417 980 2484 peccatorem
1025 2416 1179 2466 recte
1205 2411 1639 2476 consulentem,
1666 2410 1925 2479 legitime
1957 2425 2102 2482 pras-

450 2502 768 2573 cipientem
799 2520 814 2571 ;
860 2505 921 2557 ut
953 2516 1059 2572 per
1084 2501 1281 2555 omnia
1311 2505 1366 2554 et
1401 2501 1458 2554 in
1490 2499 1770 2555 omnibus
1798 2499 2099 2570 placentes

452 2590 704 2658 Christo,
735 2589 1009 2646 hmredes
1042 2589 1230 2645 simus
1267 2590 1562 2645 bonorum
1596 2594 1974 2644 aeternorum.

839 2873 1102 2934 CLXXXI.
1139 2905 1196 2916 -—
1223 2876 1432 2934 Maria
1460 2876 1706 2946 regina.

2203 455 2312 508 τὴν
2353 450 2604 522 ἑορτὴν,
2648 452 2674 510 ἢ
2718 459 2852 513 τοῖς
2894 460 3196 523 πτωχοῖς
3237 456 3341 505 ἵνα
3382 450 3466 524 δῷ
3507 473 3585 506 τι.
3619 453 3797 514 Οὕτως

2203 542 2335 592 κατὰ
2365 545 2590 611 μίμησιν
2632 545 2880 614 Χριστοῦ,
2937 540 2984 592 ἐν
3017 547 3150 593 πᾶσι
3181 549 3290 604 τοῖς
3321 541 3582 604 ἀληθινοῖς
3612 561 3799 616 προεσ-

2204 637 2381 692 τῶσιν,
2414 631 2521 681 ἔστι
2556 631 2758 690 πάντως
2780 634 2836 681 τό
2861 630 3258 702 γλωσσόκομον·
3283 636 3373 683 καὶ
3394 632 3452 683 οῦ
3486 629 3559 683 δι’
3582 631 3702 683 ἄλλο
3724 651 3799 696 τι,

2204 717 2413 788 ἄπαγεῒ
2475 717 2722 788 ἔχθιστον
2766 719 2866 792 γὰρ
2914 726 3046 788 Θεῷ.
3102 718 3157 771 Εἰ
3215 714 3302 770 οὖν
3341 725 3429 772 καὶ
3480 722 3626 790 ὑμεῖς
3681 722 3801 771 ἐστε

2203 814 2542 878 προεστῶτες,
2598 810 2687 857 καὶ
2739 802 3072 858 ἐπιδιδοῦσιν
3125 809 3244 877 ὑμῖν
3299 827 3452 872 τινες,
3484 810 3553 869 ὡς
3592 811 3683 859 καὶ
3711 807 3801 859 αῦ-

2203 904 2274 965 τῷ
2296 902 2532 969 Χριστῷ,
2565 893 2626 946 ἐκ
2665 903 2782 946 τῶν
2822 897 3253 969 ὑπαρχόντων
3293 897 3517 961 αὐτῶν,
3550 898 3689 949 καθά
3717 901 3798 968 γέ-

2203 1003 2456 1056 γραπται,
2490 985 2553 1036 αὶ
2596 985 3205 1037 συνακολουθοῦσαι
3244 985 3412 1056 αὐτῷ
3450 993 3757 1056 γυναῖκες
3786 1006 3799 1019 ο

2204 1079 2294 1126 καὶ
2335 1081 2445 1136 τοῖς
2495 1073 2661 1146 ἁγίοις
2704 1075 3058 1147 ὁμοιοτρόπως
3111 1074 3256 1127 ἄλλοι
3287 1080 3373 1127 καὶ
3421 1075 3573 1127 ἄλλαι
3606 1095 3618 1107 ο
3653 1072 3708 1128 εὖ
3740 1075 3802 1126 ἃν

2205 1166 2324 1234 ἔχοι
2354 1178 2366 1190 ⁸
2406 1167 2493 1214 καὶ
2543 1167 2766 1234 σχοίητε
2809 1167 2880 1236 μὴ
2940 1162 3039 1216 ἀπὸ
3091 1159 3222 1216 δέκα
3267 1166 3619 1236 νομισμάτων,
3673 1163 3804 1216 ἀλλὰ

2204 1257 2292 1304 καὶ
2313 1251 2413 1303 ἀπό
2440 1255 2635 1325 μυρίων
2667 1268 2682 1281 ⁶
2726 1249 2876 1305 οὐδὲν
2906 1255 3006 1325 γὰρ
3053 1254 3314 1326 ὑμέτερον,
3347 1252 3473 1304 ἀλλά
3504 1261 3743 1325 Χριστοῦ
3782 1273 3794 1284 ·

2205 1347 2294 1394 καὶ
2323 1341 2582 1412 οἰκονόμοι
2615 1343 2757 1412 ὑμεῖς
2791 1337 2885 1394 διὰ
2913 1348 3006 1393 τοῦ
3039 1349 3272 1413 Χριστοῦ
3305 1359 3316 1370 '
3354 1344 3491 1394 καθά
3534 1348 3623 1394 καὶ
3657 1348 3796 1394 Παῦ-

2202 1431 2287 1493 λος
2315 1433 2381 1483 τὰ
2413 1433 2580 1483 πάντα
2605 1435 2865 1502 κατέχων,
2899 1427 2998 1484 οῦδ
3007 1435 3054 1484 εν
3094 1430 3227 1503 εἶχε,
3269 1437 3356 1485 καὶ
3402 1439 3504 1494 πᾶς
3543 1451 3619 1492 τις
3652 1431 3804 1494 ἄλλος

2205 1524 2368 1592 μέχρι
2397 1527 2486 1572 τοῦ
2535 1516 2690 1594 δεῦρο
2732 1518 2984 1592 θεοφόϐως
3042 1523 3179 1591 ἔχων
3222 1525 3313 1579 τὴν
3363 1527 3710 1594 προστασίαν.
3743 1520 3807 1573 Εἰ

2208 1605 2266 1660 δὲ
2295 1608 2388 1660 οῦκ
2424 1607 2538 1660 ἐστὲ
2566 1609 2884 1682 προστάται,
2925 1613 3015 1661 καὶ
3057 1609 3320 1681 όίκονόμοι
3367 1609 3579 1680 ψυχῶν,
3635 1629 3804 1683 παρα-

2207 1696 2345 1750 καλῶ
2399 1701 2485 1749 καὶ
2539 1695 2812 1762 ἀντιϐολῶ,
2849 1693 3150 1769 διανείματε
3196 1703 3254 1750 τὸ
3301 1702 3447 1770 παρά
3485 1703 3542 1750 τό
3576 1701 3803 1772 ὡρισμέ-

2206 1806 2289 1839 νον
2328 1789 2510 1860 μέτρον
2564 1787 2721 1857 τάχει
2751 1803 2763 1816 ·
2796 1787 2878 1838 ἶνα
2930 1793 3000 1858 μὴ
3055 1795 3126 1858 τῷ
3181 1797 3270 1848 τῆς
3310 1786 3655 1862 φιλαργυρίας
3701 1789 3805 1840 πά-

2211 1877 2285 1928 θει
2333 1875 2536 1937 ἁλόντες
2587 1878 2686 1928 ὑπὸ
2745 1884 2836 1929 τοῦ
2892 1873 3161 1942 διαϐόλου,
3217 1877 3482 1930 ἐπιπέσοιτε
3558 1875 3657 1930 ἀπὸ
3708 1884 3807 1938 τῆς

2208 1967 2490 2036 μαθητείας
2534 1972 2789 2038 Χριστοῦ.
2829 1972 3007 2018 Ταῦτα
3054 1966 3158 2037 οὐχ
3211 1968 3332 2037 ὑμῖν
3366 1971 3538 2038 μόνοις
3595 1969 3803 2039 εἴρηκα,

2211 2052 2338 2105 ἀλλὰ
2365 2057 2454 2106 καὶ
2495 2051 2568 2105 δι’
2599 2055 2740 2124 ὑμῶν
2766 2060 2901 2106 πᾶσι
2935 2063 3044 2115 τοῖς
3072 2051 3314 2126 ἀδελφοῖς
3351 2073 3361 2084 '
3405 2060 3494 2106 καὶ
3520 2054 3576 2106 οῦ
3607 2063 3804 2124 μισῶν,

2210 2144 2381 2214 ἄπαγε
2420 2143 2433 2198 i
2465 2141 2593 2194 ἀλλά
2623 2148 2711 2195 καὶ
2757 2145 2892 2196 πάνυ
2933 2144 3089 2214 φιλῶν
3118 2161 3130 2173 ⁸
3182 2150 3270 2197 καὶ
3309 2143 3368 2196 οὗ
3403 2151 3806 2218 στενοχωρῆσαι

2211 2233 2340 2303 ὑμᾶς
2387 2233 2709 2304 αἱρούμενος,
2765 2230 2892 2284 ἀλλά
2943 2237 3032 2285 καὶ
3088 2235 3222 2285 πάνυ
3269 2237 3664 2306 εὑρυχωρῆσαι.
3723 2232 3808 2284 Ἐν

2209 2323 2311 2392 γὰρ
2353 2329 2414 2393 τῇ
2477 2326 2742 2379 στενότητι
2773 2323 2801 2379 ἠ
2847 2321 3115 2383 πλατύτης
3149 2339 3160 2351 ·
3207 2326 3296 2374 καὶ
3327 2321 3374 2373 ἐν
3405 2329 3466 2393 τῇ
3506 2325 3638 2374 κατά
3671 2321 3808 2392 Χρι-

2214 2413 2336 2462 στὸν
2387 2409 2556 2480 θλίψει
2594 2411 2623 2467 ἡ
2687 2408 2991 2482 ἀγαλλίασις
3033 2418 3124 2462 τοῦ
3164 2414 3474 2482 πνεύματος.
3512 2415 3612 2462 Καὶ
3652 2408 3808 2460 ἀκού-

2213 2502 2338 2552 σατέ
2399 2517 2518 2570 μου,
2595 2503 2762 2563 τέκνα,
2818 2507 2908 2551 τοῦ
2973 2499 3282 2572 ἀμαρτωλοῦ
3358 2499 3521 2558 καλῶς
3576 2497 3805 2570 συμϐου-

2209 2587 2456 2650 λεὺοντος,
2507 2589 2723 2659 ἓννόμως
2779 2590 3218 2662 προστάσσοντος.
3279 2587 3391 2642 Ἱνα
3445 2590 3580 2640 κατὰ
3631 2591 3808 2640 πάντα

2208 2681 2298 2729 καὶ
2361 2675 2408 2728 ἐν
2486 2683 2646 2730 πᾶσιν
2704 2677 3096 2750 εῦαρεστοῦντες
3174 2678 3411 2752 Χριστῷ,

2207 2767 2473 2837 γενώμεθα
2491 2775 2589 2818 τῶν
2621 2765 2839 2818 αἰωνίων
2869 2768 3095 2838 ἀγαθῶν.

2351 2871 2497 2927 ΡΠΑ’
2529 2874 2660 2944 (⁸74).
2713 2904 2757 2914 -
2790 2879 3009 2947 Μαρίᾳ
3048 2872 3414 2946 βασιλίσσῃ
3447 2871 3657 2945 [ψμζ’.]

3493 2677 3815 2752 κληρονόμοι

607 2975 682 3024 Ne
708 2975 760 3022 in
779 2973 976 3038 palatio
998 2988 1121 3023 cum
1157 2974 1263 3023 filia
1289 2977 1531 3039 Augusta
1557 2975 1757 3024 habitet
1794 2990 1805 3020 :
1833 2987 1940 3037 quo
1965 2973 2138 3036 fugiat
2162 2973 2536 3021 haereticorum
2567 2972 2916 3020 consortium.
2945 2973 3154 3032 (Baron.
3185 2985 3272 3021 an.
3302 2972 3410 3026 816,
3445 2985 3498 3019 n.
3535 2971 3647 3031 23.)

520 3065 758 3131 Quales,
793 3080 902 3119 nos
936 3063 1175 3134 abjecti,
1204 3070 1258 3119 et
1303 3066 1548 3138 quinam
1583 3081 1813 3131 sumus,
1843 3078 1994 3136 quos
2040 3064 2098 3117 in
2141 3062 2181 3116 C

448 3155 902 3212 occurrentibus
926 3153 1210 3209 molestiis
1237 3154 1575 3220 defendere,
1609 3159 1664 3208 et
1693 3153 1974 3209 laudibus
2008 3167 2104 3207 su-

449 3261 558 3316 pra
591 3243 836 3299 modum
871 3242 1076 3298 efferre
1116 3250 1171 3298 et
1200 3259 1554 3299 consecrare
1577 3243 1821 3312 dignata
1855 3242 1931 3296 sit
1959 3257 2106 3313 prte-

451 3332 669 3388 cellens
699 3330 1033 3386 dominatio
1057 3331 1200 3386 tua?
1226 3335 1498 3386 Attamen
1529 3331 1692 3402 quod
1714 3332 1884 3386 istam
1920 3330 2104 3400 pieta-

452 3423 522 3478 tis
553 3427 668 3476 tuae
699 3421 1106 3490 dignationem
1149 3422 1614 3492 susceperimus,
1648 3437 1741 3476 res
1767 3422 1895 3492 ipsa
1923 3419 2104 3475 ﬁdem

450 3512 659 3570 faciet:
695 3510 943 3582 quando
961 3510 1138 3565 etiam
1170 3512 1573 3566 necessarium
1605 3515 1712 3576 est,
1745 3509 1963 3565 multos
1996 3508 2104 3564 abs

455 3605 509 3656 te
540 3600 775 3656 liberari
807 3598 958 3654 falsa
989 3599 1352 3669 suspicione,
1385 3615 1519 3671 qua:
1542 3600 1598 3654 in
1632 3598 1974 3668 hujusmodi
2010 3614 2106 3653 oc-

451 3687 798 3745 casionibus
845 3687 994 3743 solet
1041 3688 1326 3759 obrepere
1379 3705 1390 3742 :
1434 3704 1544 3745 nec
1590 3689 1824 3743 mirum.
1871 3686 2104 3742 Effusus

458 3779 617 3834 enim
656 3793 852 3832 sermo
891 3793 1027 3831 cum
1053 3776 1110 3832 in
1152 3777 1371 3832 multos
1400 3778 1801 3849 dispergatur,
1835 3779 1962 3831 tum
1985 3790 2106 3831 non

455 3873 543 3923 est
569 3867 627 3922 in
650 3866 1025 3935 singulorum
1048 3881 1148 3920 ore
1165 3882 1339 3921 verus
1361 3882 1814 3938 usquequaque.
1834 3869 1947 3921 Nos
1966 3879 2106 3920 vero

453 3957 676 4030 quibus
716 3955 912 4010 verbis
948 3960 1186 4010 utemur
1205 3955 1576 4012 afﬂictissimi
1608 3956 1805 4011 cordis
1834 3956 1910 4010 tui
1943 3954 2108 4010 dolo-

454 4063 578 4103 rem
596 4047 933 4114 abstergere
947 4044 1275 4100 conantes?
1294 4049 1394 4100 aut
1407 4061 1672 4117 quonam
1693 4044 1958 4100 molliore
1973 4059 2108 4099 con-

455 4141 614 4192 tactu
637 4135 1031 4206 asperrimum
1057 4134 1239 4189 animi
1273 4150 1512 4189 sensum
1541 4134 1721 4190 lenire
1750 4135 2058 4206 possimus
2081 4134 2116 4205 2

455 4223 739 4280 Pertulisti
766 4238 907 4293 ergo
944 4222 1034 4295 (ut
1062 4224 1139 4279 ab
1170 4223 1334 4279 initio
1376 4224 1739 4294 provehatur
1769 4223 1979 4285 oratio)
2027 4222 2110 4277 in-

451 4316 678 4384 justum
703 4311 976 4383 conjugis
1007 4311 1352 4378 divortium,
1382 4313 1460 4368 ab
1491 4313 1742 4385 imperio
1768 4327 2010 4384 quoque
2033 4311 2108 4365 si-

458 4401 581 4456 mul
596 4400 826 4468 avulsa,
852 4401 1023 4471 cujus
1043 4402 1125 4456 rei
1152 4417 1336 4457 causa
1361 4418 1690 4458 concussus
1712 4407 1797 4457 est
1821 4401 2107 4456 mundus.

458 4490 856 4548 Miserandum
882 4490 1282 4562 spectaculum
1307 4490 1320 4544 i
1356 4492 1635 4548 Adultera
1658 4507 1990 4564 purpuram
2015 4505 2112 4559 ge-

458 4595 612 4646 rens,
643 4584 698 4636 et
727 4580 933 4650 regina
973 4579 1136 4651 pullo
1168 4581 1388 4635 amictu
1416 4587 1564 4637 tecta
1601 4597 1617 4636 :
1663 4580 1888 4635 famula
1919 4580 2111 4650 impc-

459 4684 618 4739 rans,
666 4672 722 4724 et
751 4669 998 4725 domina
1038 4668 1316 4724 serviens.
1356 4671 1546 4742 Atque
1580 4674 1640 4724 ut
1691 4675 1902 4725 caetera
1943 4667 2113 4724 omit-

459 4763 605 4824 tam,
637 4757 764 4822 tibi,
793 4774 927 4830 quaa
961 4774 1140 4830 passa
1170 4774 1253 4823 es,
1286 4760 1521 4815 notiora
1545 4775 1728 4830 quam
1749 4758 1922 4814 nobis
1948 4759 2113 4828 igno-

458 4847 730 4903 rantibus
754 4863 766 4901 :
795 4846 1066 4903 exsilium
1092 4863 1201 4919 pro
1224 4848 1463 4904 veritate
1482 4847 1765 4920 pertulisti
1795 4864 1829 4902 a
1851 4847 2110 4918 propriis

459 4935 782 4991 visceribus
815 4941 1110 5006 separata.
1147 4939 1227 4992 Ex
1257 4953 1376 5010 quo
1403 4942 1458 4992 et
1487 4936 1662 4992 dolor
1680 4936 1781 4991 tibi
1814 4952 2109 5002 summus,

459 5030 515 5080 et
545 5024 848 5098 praecipua
875 5025 1010 5081 laus
1044 5041 1080 5081 a
1127 5027 1263 5092 Deo,
1317 5025 1545 5097 piisque
1585 5025 1886 5080 omnibus.
1921 5025 2113 5081 Tertia.

463 5117 590 5170 haec
616 5113 798 5186 plaga
813 5118 922 5182 est,
950 5114 1024 5170 de
1053 5131 1196 5186 qua,
1215 5114 1361 5188 quid
1386 5113 1616 5180 deceat,
1643 5128 1936 5185 exponere
1957 5112 2112 5184 jussi

534 5293 555 5326 ³
583 5292 750 5348 Joan.
781 5305 907 5356 xm,
947 5290 1036 5358 27,
1071 5289 1165 5348 28.
1249 5289 1272 5326 ⁴
1314 5291 1454 5347 Luc.
1498 5304 1614 5354 vm,
1647 5292 1678 5346 3
1711 5305 1727 5355 ;
1759 5304 1917 5359 χχιιι,
1957 5289 2052 5347 49.

2281 3061 2482 3113 Ὀποῖοι
2544 3063 2695 3132 ἡμεῖς
2768 3065 2857 3113 καὶ
2919 3067 3045 3122 τίνες
3109 3063 3157 3113 οἱ
3234 3059 3468 3128 εὐτελεῖς,
3526 3059 3818 3130 ἀπολογίας

2212 3150 2488 3222 ἠξιωμένοι
2541 3150 2623 3202 ἐπὶ
2673 3157 2777 3211 τοῖς
2838 3150 3102 3222 συμϐᾶσιν
3153 3149 3405 3224 ἀνιαροῖς,
3448 3152 3577 3222 πρὸς
3610 3146 3668 3200 δὲ
3719 3154 3814 3200 καὶ

2213 3239 2438 3302 ἐπαίνοις
2494 3241 2754 3314 ὑπεράγαν
2832 3239 3204 3312 ἀφοσιωθέντες
3277 3241 3419 3312 παρά
3485 3247 3574 3298 τῆς
3652 3240 3818 3310 ὑπερ-

2213 3334 2366 3401 τίμου
2407 3349 2501 3381 σου
2555 3333 2901 3402 κυριότητος;
2956 3327 3132 3399 Ὅμως
3192 3330 3272 3381 ὅτι
3325 3323 3728 3398 ἀποδεδέγμεθα
3756 3332 3815 3377 τό

2215 3417 2673 3489 εῦσυγκατάϐατὸν
2727 3437 2822 3470 σου
2861 3425 2956 3479 τῆς
3000 3417 3280 3483 εὐσεϐείας,
3316 3413 3525 3478 διδάξει
3581 3419 3639 3467 τό
3689 3415 3817 3473 ἀλη-

2219 3510 2300 3569 θὲς
2351 3516 2448 3559 τῶν
2493 3508 2812 3580 πραγμάτων
2865 3507 3120 3578 ἐπείτοιγε
3167 3512 3256 3559 καὶ
3308 3505 3608 3576 ἀναγκαῖον,
3644 3505 3819 3556 άπαλ-

2213 3596 2381 3658 λάξεις
2411 3600 2530 3657 τοὺς
2570 3595 2787 3658 πολλοὺς
2818 3593 3141 3666 ψευδοεποῦς
3185 3595 3511 3665 ὑπολήψεως,
3567 3593 3822 3655 εἰωθυίας

2216 3686 2265 3737 ἐν
2317 3693 2431 3747 ταῖς
2510 3687 2772 3746 τοιαύταις
2837 3686 3122 3737 ὑποθέσεσι
3177 3685 3660 3759 παρεισκρίνεσθαι,
3725 3688 3819 3734 καὶ

2217 3774 2275 3827 οὐ
2335 3777 2636 3846 θαυμαστόν
2716 3773 3077 3839 Ῥυῑσκόμενος
3113 3776 3214 3848 γάρ
3257 3776 3281 3825 ό
3332 3773 3479 3836 λόγος
3531 3768 3820 3824 σκίδναται

2217 3863 2300 3916 ἐπὶ
2330 3863 2535 3924 πολλοῖς
2569 3880 2580 3892 '
2615 3862 2709 3916 οῦκ
2758 3865 2894 3934 ἔχων
2944 3863 3016 3935 ἐφ’
3065 3863 3267 3933 ἑκάστῳ
3309 3861 3523 3922 τάληθὲς
3569 3860 3806 3924 ἐντελῶς.

2215 3951 2386 4024 Ἡμεῖς
2439 3949 2498 4004 δὲ
2542 3956 2707 4013 ποίοις
2758 3951 2932 4024 λόγοις
2983 3953 3318 4024 χρησόμεθα,
3361 3954 3664 4022 πειρώμενοί
3717 3969 3816 4000 σου

2220 4043 2513 4112 θεραπεύειν
2571 4044 2627 4093 τό
2707 4041 2863 4112 ἄλγος
2918 4047 3007 4102 τῆς
3065 4037 3403 4093 πολυωδὺνου
3458 4035 3722 4111 καρδίας;
3780 4040 3810 4097 ἦ

2216 4135 2325 4182 τίσι
2382 4134 2692 4204 πραοτέραις
2763 4129 2982 4203 ἐπαφαῖς
3038 4130 3234 4182 λειᾶναι
3305 4149 3399 4181 σου
3466 4125 3817 4199 δυνηθείημεν

2219 4223 2275 4272 τὸ
2301 4223 2558 4292 τραχῦνον
2608 4227 2704 4282 τῆς
2754 4220 2984 4291 ψυχῆς;
3047 4219 3300 4289 Ἰἰνεγκας
3343 4225 3618 4290 τοιγαροῦν
3671 4216 3731 4268 ἶν’
3761 4217 3816 4280 ἕξ

2221 4308 2394 4384 ἀρχῆς
2443 4311 2567 4381 ἡμῖν
2611 4311 2784 4383 προῖοι
2813 4311 2838 4361 ὁ
2869 4309 3018 4380 λόγος
3055 4328 3064 4338 ·
3109 4305 3293 4361 ἄδικον
3343 4307 3606 4379 ὁμοζύγου
3647 4326 3819 4378 χωρι-

2222 4405 2350 4472 σμόν
2383 4419 2396 4431 ο
2433 4405 2777 4469 συνεκαγεῖσα
2802 4402 2891 4450 καὶ
2939 4405 3028 4449 τοῦ
3068 4399 3311 4468 κράτους,
3343 4397 3416 4469 ἐφ’
3532 4391 3820 4452 δεδόνηται

2220 4491 2244 4540 ό
2310 4493 2528 4560 κόσμος.
2577 4487 2820 4541 Ἕλεεινόν
2873 4486 3081 4558 θέαμαέ
3133 4487 3189 4540 Ἡ
3238 4486 3491 4558 μοιχαλὶς
3560 4505 3818 4558 πορφυρο-

2219 4585 2470 4652 φοροῦσα,
2525 4581 2614 4629 καὶ
2665 4579 2694 4636 ἡ
2757 4575 2970 4649 βασιλὶς
3016 4576 3495 4648 μελανειμονοῦσα·
3561 4577 3585 4633 ἡ
3650 4571 3813 4632 δούλη

2222 4665 2580 4734 δεσπόζουσα,
2630 4670 2718 4718 καὶ
2778 4667 2807 4724 ἠ
2871 4661 3122 4718 δέσποινα
3187 4667 3500 4722 θητεύουσα.
3565 4669 3663 4716 Καὶ
3735 4664 3819 4714 ἶνα

2220 4755 2380 4808 τᾶλλα
2436 4750 2902 4828 παραδράμωμεν·
2965 4761 3058 4805 σοῦ
3106 4761 3199 4815 τῆς
3267 4754 3541 4812 παθούσης
3618 4751 3815 4822 μᾶλλον

2221 4841 2442 4907 εἰδυίας,
2475 4845 2601 4916 ὑπὲρ
2649 4845 2789 4915 ἡμᾶς
2847 4845 2960 4904 τοὺς
3010 4841 3244 4910 ἀγνῶτας
3274 4859 3286 4872 ⁸
3340 4845 3560 4912 ἤνεγκας
3613 4839 3818 4914 ἐξορίαν

2221 4934 2345 5004 ὑπὲρ
2397 4932 2659 4998 ἀληθείας,
2706 4933 3024 5003 ἑκτμηθεῖσα
3056 4939 3146 4983 τοῦ
3193 4935 3414 5001 γνησίου
3472 4928 3815 5000 σπλάγχνου.

2225 5021 2500 5076 Κάνταῦθα
2533 5026 2622 5073 καὶ
2652 5021 2677 5073 ό
2731 5025 2882 5081 πόνος
2931 5023 3108 5092 μέγας,
3164 5025 3253 5071 καὶ
3289 5022 3313 5071 ό
3354 5019 3512 5091 ὑμνος
3555 5037 3640 5071 σοι
3675 5017 3820 5088 μάλα

2221 5113 2363 5184 παρά
2389 5130 2442 5164 τε
2470 5115 2577 5182 Θεῷ
2635 5114 2720 5163 καὶ
2757 5116 2887 5162 πᾶσι
2938 5117 3042 5171 τοῖς
3099 5109 3354 5163 εὐσεϐέσι.
3415 5113 3576 5181 Τρίτη
3638 5105 3815 5178 πληγή

2029 5407 2256 5468 NOTAE.

537 5529 653 5605 (74)
673 5530 738 5595 In
777 5529 912 5590 cod.
947 5531 1090 5602 Reg.
1119 5527 1264 5604 ρπγν.
