4058 6274
242 280 378 340 1561

246 409 276 466 ἠ
310 414 555 480 παροῦσα
593 423 605 436 ·
662 406 736 480 ἐφ’
857 410 914 460 τὸ
950 404 1065 461 δεον
1095 406 1411 483 παραδεῖξαι
1441 411 1832 483 κεκελεύσμεθα.
1874 412 1920 466 Α

247 495 409 550 Ἀλλα
456 499 544 569 μεν
588 495 675 548 οὖν
724 496 868 549 ἄλλοι
920 498 1221 569 φθέγξονται
1276 503 1589 554 συνέπεσθαι
1640 503 1842 574 μητέρα

250 588 489 661 θυγατρί.
543 584 664 638 ’Ὁτι
714 593 862 638 τοῦτο
906 593 995 640 καὶ
1029 591 1227 661 θηρίοις
1274 595 1403 662 φασὶ
1471 596 1664 663 φυσικῇ
1714 589 1837 661 ὁλκῇ

248 674 549 747 συμϐαῖνον.
600 677 734 729 Ἰδοι
782 696 857 737 τις
906 679 966 728 ἄν
1009 694 1018 703 ·
1070 680 1216 748 ἡμεῖς
1246 675 1305 731 δε
1335 681 1383 731 οἱ
1415 677 1628 738 εὐτελεῖς
1658 681 1724 729 τὰ
1752 685 1841 729 τοῦ

248 769 508 818 Δεσπὸτου
543 770 693 826 ’Τίς
740 764 916 817 ἐστιν
951 767 980 824 ἡ
1036 772 1252 840 μήτηρ
1303 787 1472 840 μους
1528 772 1635 818 καὶ
1678 771 1840 828 τίνες

248 854 415 906 εἰσιν
446 856 501 905 οἱ
541 850 815 926 οἶδελφοί
854 874 971 924 μου
1006 871 1019 921 ;
1059 861 1156 908 Καὶ
1188 853 1335 917 αὖθις
1368 877 1379 888 ·
1427 860 1496 910 E'i
1529 876 1625 918 τις
1665 858 1842 929 ἔρχε-

247 962 355 994 ται
384 947 544 1017 πρός
577 963 668 1014 με,
711 947 825 995 καὶ
864 943 932 995 ού
971 952 1157 1015 μισεῖ
1210 949 1311 1003 τὴν
1355 947 1699 1016 θυγατέρα,
1732 944 1841 995 ούκ

240 1032 379 1083 ἔστι
409 1051 525 1102 μου
556 1031 753 1095 άξιος.
776 1036 839 1085 Τί
868 1036 926 1084 τὸ
955 1037 1299 1105 συναγόμενον
1334 1051 1348 1099 ;
1379 1038 1437 1086 τό
1468 1039 1562 1093 την
1604 1038 1701 1092 σὴν
1733 1035 1843 1085 θεο-

250 1119 449 1172 σέϐειαν
478 1123 612 1172 οἶκοι
642 1125 829 1192 μένειν,
858 1129 953 1183 τῆς
987 1121 1295 1192 Αύγούστης
1324 1122 1560 1195 ἐχούσης
1591 1125 1657 1173 τὰ
1693 1118 1843 1195 βασί-

242 1210 354 1263 λεια
383 1209 458 1281 ἐφ’
565 1206 833 1262 δέδεικται
873 1212 901 1268 ἡ
945 1211 1252 1281 εύαγγελικὴ
1286 1214 1535 1285 μάχαιρα
1562 1216 1649 1269 τὴν
1679 1216 1842 1283 τομὴν

248 1299 539 1370 ἐπάγουσα.
601 1306 778 1352 Ταῦτα
827 1302 1108 1370 σύγγνωθι,
1182 1297 1455 1364 δεσποινα,
1524 1304 1617 1353 σύν
1680 1300 1838 1372 πολλῇ

246 1396 493 1460 προσοχῇ
526 1393 615 1440 καὶ
648 1397 849 1461 συνοχῇ
884 1386 1110 1462 καρδίας
1152 1389 1557 1464 τεθαρῥήκαμεν,
1590 1392 1657 1452 ὡς
1684 1390 1744 1441 οἷν
1775 1388 1844 1451 εἰς

249 1474 337 1539 οὖς
370 1477 684 1549 ὁμιλοῦντες,
725 1478 1008 1531 ἐπιστεῖλαι
1060 1479 1188 1551 ὑπερ
1217 1478 1512 1554 ἀμφοτέρων
1555 1483 1845 1553 προσευχό-

244 1585 386 1638 μενοι
415 1568 480 1618 τὰ
526 1572 794 1640 κρείττονα
846 1572 935 1619 καὶ
982 1566 1207 1640 ἐχόμενα
1262 1572 1523 1641 σωτηρίας
1553 1575 1640 1619 νῦν
1678 1587 1731 1620 τε
1756 1573 1845 1620 καὶ

247 1657 377 1729 πρὸς
406 1659 463 1707 τό
487 1655 631 1718 ἑξῆς.

318 1780 462 1835 ΡΠΗ’
493 1781 627 1852 (75).
681 1812 728 1820 -
787 1780 1115 1853 Βασιλείῳ
1162 1783 1528 1853 μονάζοντι.
1570 1780 1768 1855 [ψμν’.]

1521 281 2029 342 EPISTOLARUM
2057 284 2193 343 LIB.
2223 286 2293 341 Il.

1881 1780 1925 1835 B

3474 278 3611 341 i562

1952 428 2186 466 sumus.
2218 413 2281 467 Et
2304 411 2422 467 alia
2448 412 2692 484 quidem
2722 412 2817 467 alii
2850 411 3329 482 pronuntiabunt
3363 428 3375 467 :
3415 411 3602 467 ﬁliam

1955 501 2121 555 matri
2163 500 2389 562 adesse,
2426 516 2681 572 eamque
2713 503 2881 571 sequi
2922 507 3216 571 oportere.
3260 500 3379 556 Hoc
3419 501 3604 565 enim,

1951 588 2137 656 aiunt,
2165 589 2310 659 ipsis
2342 590 2398 643 in
2423 589 2634 645 belluis
2674 596 2900 644 naturae
2941 590 3225 644 instinctu
3291 590 3601 660 contingit,

1951 676 2217 732 Viderint
2246 678 2323 732 illi
2355 700 2366 732 :
2403 694 2511 733 nos
2544 694 2682 733 vero
2704 678 2959 733 humiles
2996 679 3424 748 usurpabimus
3456 678 3603 734 illud

1953 766 2182 821 Domini
2216 782 2227 821 :
2267 767 2406 834 Quae
2431 771 2513 822 est
2565 772 2752 823 mater
2797 782 2940 831 mea,
2992 774 3046 822 et
3078 768 3182 836 qui
3220 771 3358 822 sunt
3380 768 3606 836 fratres

1949 860 2064 912 mei
2091 856 2112 889 ⁸
2141 855 2169 909 ‘t
2191 856 2608 927 Atqueiterum
2652 873 2665 911 :
2699 858 2768 912 Si
2794 856 2924 928 quis
2958 859 3115 911 venit
3153 857 3233 911 ad
3261 871 3369 921 me,
3403 860 3454 909 et
3484 871 3603 911 non

1951 944 2077 1000 odit
2093 945 2300 1011 ﬁliam,
2320 960 2438 1000 non
2452 949 2537 1000 est
2556 960 2648 1000 me
2659 945 2875 1014 dignus
2891 946 2933 998 θ.
2954 945 3104 1009 Quid
3122 945 3559 999 consectarium
3575 942 3603 997 ?

1952 1033 2290 1103 religiosam
2306 1035 2583 1105 pietatem
2603 1041 2762 1089 tuam
2777 1034 2938 1089 domi
2959 1036 3490 1102 manere,Augusta
3503 1049 3609 1104 pa-

1950 1121 2163 1178 latium
2180 1122 2481 1178 obtinente
2515 1139 2526 1178 :
2565 1123 2619 1176 in
2652 1138 2773 1194 quo
2801 1125 3060 1177 cernitur
3079 1123 3459 1191 evangelicus
3485 1122 3607 1193 gla-

1951 1211 2087 1267 dius
2118 1212 2445 1268 sectionem
2487 1212 2799 1267 inducens.
2846 1212 2981 1266 Haec
3018 1212 3282 1280 ignosce,
3335 1212 3604 1277 domina,

1954 1317 2089 1357 cum
2120 1302 2306 1357 multa
2344 1301 2539 1357 cordis
2582 1302 2904 1357 attentione
2952 1307 3007 1356 et
3050 1301 3445 1356 sollicitudine
3477 1301 3607 1355 ausi

1954 1390 2166 1455 simus,
2197 1397 2484 1462 tanquam
2517 1391 2575 1446 in
2611 1407 2818 1446 aurem
2842 1391 3174 1462 loquentes,
3198 1390 3473 1454 scribere,
3499 1404 3607 1460 pro

1953 1479 2253 1535 ambabus
2291 1486 2527 1535 orantes
2585 1479 2829 1535 meliora
2851 1487 2904 1535 et
2959 1480 3136 1537 saluti
3168 1478 3498 1549 pr0priora,
3549 1485 3600 1533 et

1956 1584 2115 1623 nunc
2147 1574 2202 1624 et
2228 1569 2288 1623 in
2312 1568 2603 1624 futurum.

2292 1780 2575 1836 CLXXXII.
2612 1810 2676 1821 -—
2710 1780 2929 1837 Basilia
2955 1782 3265 1837 monacho.

1161 1880 1230 1928 De
1268 1879 1416 1929 obitu
1452 1880 1734 1941 cujusdam
1763 1878 2061 1943 praeposita;
2097 1882 2149 1927 et
2183 1878 2368 1927 decem
2406 1891 2675 1933 sororum,

322 1968 397 2021 Ού
465 1969 861 2040 παραιτούμεθα
913 1970 1126 2042 γράφειν
1158 1972 1244 2021 τὸν
1292 1972 1528 2021 ταπεινὸν
1564 1971 1709 2041 ἡμῶν
1755 1968 1843 2020 λὸ-

249 2077 361 2128 γον,
396 2058 583 2119 ὁσάκις
639 2058 700 2109 οἶν
754 2057 976 2127 εὐλόγως
1015 2057 1237 2118 ἐπιζητῆ
1289 2059 1318 2116 ἡ
1375 2062 1616 2129 τιμιότης
1664 2059 1842 2126 ὑμῶν’

252 2149 388 2219 εἴπερ
439 2151 526 2198 καὶ
581 2149 656 2204 εἴη
714 2145 990 2198 λυσιτελῶν
1043 2148 1181 2217 ὑμῖν.
1225 2150 1365 2200 Αὐτὸ
1403 2150 1503 2217 γὰρ
1561 2154 1710 2199 τοῦτο
1759 2151 1844 2198 καὶ

250 2238 297 2287 ῖν
337 2243 397 2307 τῇ
450 2234 784 2307 προλαϐούσῇ
833 2235 1075 2307 ἐπιστολῇ
1128 2237 1587 2307 ἐπεσημηνάμεθα.
1649 2236 1847 2287 Οὐκοῦν

250 2330 340 2375 καὶ
389 2332 473 2374 νῦν
525 2325 851 2395 προσιέμεθα
897 2323 1073 2391 αὐτόν,
1127 2326 1254 2395 ὁμοῦ
1316 2326 1405 2396 μεν
1441 2324 1845 2395 παρακλητικὸν,

256 2415 387 2481 ὁμοῦ
421 2410 479 2464 δε
531 2418 620 2464 καὶ
654 2414 1068 2483 ύπομνηστικὸν.
1109 2419 1197 2474 Τίς
1232 2410 1289 2465 δε
1346 2415 1371 2465 ὁ
1422 2414 1845 2486 παρακλητικός;

286 2508 383 2553 Οτι
440 2498 620 2559 ἐπειδὴ
701 2500 983 2553 ἁπεϐίωσεν
1055 2504 1104 2553 ἓν
1162 2503 1339 2574 Κυρίῳ
1393 2504 1421 2560 ἡ
1482 2504 1845 2574 καθηγουμένη

261 2595 354 2642 σὺν
404 2586 671 2659 δεκαδικῷ
731 2588 934 2661 ἀριθμῷ
982 2587 1348 2661 ἀδελφότητος,
1416 2592 1479 2651 ὥς
1542 2611 1688 2663 φατε,
1755 2592 1848 2643 ούκ

262 2678 453 2739 ἀπαθὲς
509 2684 566 2731 τὸ
616 2676 815 2754 δρᾶμα,
869 2678 996 2731 ἀλλὰ
1058 2684 1147 2732 καὶ
1197 2679 1308 2732 λίαν
1339 2679 1642 2733 ἐκστατικὸν
1676 2683 1848 2733 ’ἐπεί-

255 2789 348 2842 περ
402 2769 620 2841 κεφαλῆς
678 2767 917 2831 ἀπούσης
973 2766 1085 2821 ὅλον
1150 2773 1207 2821 τό
1276 2778 1427 2841 σῶμα
1504 2773 1698 2843 νεκρὸν,
1759 2776 1845 2823 καὶ

253 2858 413 2930 μελῶν
500 2867 596 2910 τῶν
681 2861 1003 2930 τιμιωτάτων
1083 2858 1396 2911 ἐκκοπέντων
1452 2862 1518 2911 τὰ
1588 2860 1846 2912 ἐναπολει-

254 2948 441 3018 φθέντα
478 2942 720 3017 εἰδεχθῆ.
753 2954 992 2998 Τοιοῦτον
1047 2942 1133 2998 οὖν
1186 2948 1305 2999 ὅσον
1337 2950 1393 2998 τό
1426 2949 1561 2999 κατὰ
1594 2951 1766 3022 σάρκα
1789 2952 1846 3000 τὸ

252 3039 478 3105 γεγονός.
513 3033 646 3087 Ἀλλ’
693 3032 872 3093 ἐπειδὴ
916 3038 1329 3106 πνευματικὰ
1386 3044 1848 3107 πνευματικοῖς

246 3128 740 3197 συγκρίνονται,
797 3125 926 3195 ὁμοῦ
952 3128 1040 3195 μὲν
1069 3124 1321 3197 λυπηρὸν,
1350 3126 1481 3197 ὁμοῦ
1508 3122 1565 3177 δὲ
1590 3130 1679 3177 καὶ
1703 3145 1844 3197 περι-

246 3216 407 3285 χαρες
436 3216 492 3263 τὸ
527 3211 730 3283 συμϐάν
765 3230 775 3242 ’
819 3216 877 3264 τὸ
917 3215 1005 3284 μεν
1063 3210 1155 3265 διὰ
1192 3218 1286 3271 τὴν
1349 3218 1617 3288 στέρησιν,
1671 3218 1728 3266 τὸ
1788 3211 1845 3267 δε
1876 3255 1916 3312 C

250 3297 345 3353 διὰ
397 3305 491 3360 τὴν
543 3298 752 3353 ἐλπίδα.
815 3302 1193 3373 Παρεπέμψατε
1252 3304 1647 3374 καθηγουμένην
1708 3305 1843 3376 ἱερὰν

243 3392 326 3443 ὅτι
375 3390 624 3462 μάλιστα,
680 3393 851 3449 καθὼς
900 3389 1193 3461 διηγεῖσθε,
1237 3388 1461 3463 ἀδελφὰς
1508 3392 1793 3464 σεϐασμίας
1827 3409 1840 3422 ⁸

240 3486 423 3552 χαρᾶς
470 3482 717 3539 ὑπόθεσις
748 3495 762 3509 ⁸
814 3480 1013 3532 ἐκείνων
1086 3484 1174 3551 μεν
1235 3489 1333 3532 τῶν
1390 3482 1841 3554 προσληφθεισῶν,

242 3570 632 3641 ἑτοιμαζουσῶν
691 3571 812 3641 ὑμῖν
870 3578 1023 3621 τόπον
1056 3568 1395 3631 ἀναπαύσεως
1451 3567 1544 3621 διὰ
1592 3570 1844 3641 πρεσϐευ-

241 3666 395 3719 τικῆς
444 3657 732 3721 ἐντεύξεως,
781 3661 847 3719 ὡς
898 3659 958 3708 ἄν
1012 3659 1059 3709 οἱ
1088 3657 1674 3730 προκαταλαμϐάνοντες
1724 3660 1841 3711 καθ’

245 3744 369 3798 ὁδὸν
415 3749 479 3799 τὰ
530 3747 873 3816 καταλύματα
906 3764 918 3775 ·
976 3748 1121 3818 ἡμῶν
1176 3743 1234 3798 δι
1287 3755 1386 3797 τῶν
1436 3746 1837 3819 ἀπομεινάντων,

246 3837 407 3906 ἧγουν
457 3834 836 3907 ἁπομεινασῶν,
901 3835 1193 3895 ζηλούντων
1244 3840 1333 3887 καὶ
1388 3836 1658 3895 ζηλουσῶν
1720 3855 1845 3910 προ-

241 3924 631 3977 καταλαϐέσθαι
687 3928 771 3976 τὸν
826 3924 1020 3995 ἀγαθὸν
1054 3923 1189 3995 βίον,
1245 3930 1334 3975 καὶ
1394 3929 1488 3983 τὴν
1538 3930 1727 3996 σεμνὴν
1756 3945 1841 3977 πο-

558 4018 647 4065 καὶ
726 4012 803 4065 ἀεὶ
880 4017 980 4065 ἐκεῖ
1040 4011 1326 4086 βλεπόντων
1384 4020 1474 4066 καὶ
1523 4011 1842 4087 βλεπουσὼν,

242 4104 375 4154 ὅπου
424 4106 606 4175 μικρὸν
658 4101 873 4174 ὕστερον
941 4102 1321 4174 συντευξόμεθα
1398 4110 1459 4176 τῇ
1519 4106 1654 4155 κατὰ
1716 4107 1845 4156 Θεὸν

242 4196 407 4263 μητρὶ
450 4196 538 4242 καὶ
589 4198 705 4252 ταῖς
736 4187 1001 4263 ἀδελφαῖς.
1034 4188 1144 4243 Ἴδε
1189 4199 1421 4244 τοιοῦτον
1469 4196 1526 4244 τὸ
1557 4191 1673 4244 καθ’
1708 4194 1844 4263 ὑμᾶς

242 4278 469 4346 πάθημα
521 4275 691 4328 εὔελπι
742 4281 831 4328 καὶ
886 4280 1190 4349 περιχαρες,
1247 4281 1335 4329 καὶ
1420 4282 1525 4348 οὐχ
1605 4280 1674 4339 ὡς
1745 4287 1844 4330 τῶν

242 4366 383 4416 κατὰ
436 4366 607 4438 σάρκα
657 4366 974 4423 τεθνηκότων
1004 4383 1015 4394 ·

246 4454 452 4526 άλόγοις
507 4451 828 4527 βαλλόμενοι,

241 4013 436 4065 λιτείαν
468 4031 480 4042 ·

1093 4366 1143 4417 οἵ
1214 4368 1423 4440 θρήνοις
1474 4372 1563 4419 καὶ
1612 4375 1845 4428 κοπετοῖς

912 4456 1003 4506 ἶσα
1080 4462 1183 4515 τοῖς
1248 4460 1317 4526 μὴ
1378 4458 1593 4527 ἔχουσιν
1657 4454 1847 4509 ἄλπίδα

245 4545 437 4610 ἔθνεσι,
486 4543 654 4606 λύπης
711 4544 1091 4616 πεπλήρωνται.
1155 4548 1249 4597 Δια
1304 4552 1450 4597 τοῦτο
1489 4542 1613 4597 οὐδὲ
1663 4545 1848 4603 tmen-

2028 1967 2322 2023 Humilem
2358 1984 2695 2023 sermonem
2753 1973 3027 2023 nostrum
3078 1967 3280 2022 litteris
3322 1968 3607 2023 mandare

1960 2073 2077 2112 non
2102 2057 2448 2120 abnuimus,
2479 2057 2709 2128 quoties
2741 2073 2876 2111 eum
2907 2058 3132 2112 ratione
3166 2059 3223 2110 id
3246 2059 3463 2126 expetit
3497 2058 3603 2111 lio-

1958 2146 2333 2201 noriﬁcentia
2362 2150 2509 2201 tua:
2562 2147 2857 2216 siquidem
2919 2146 2977 2200 id
3034 2147 3207 2201 nobis
3255 2147 3433 2200 etiam
3469 2146 3605 2200 utile

1959 2234 2149 2289 fuerit.
2186 2237 2301 2289 Hoc
2332 2234 2701 2305 enimipsum
2722 2234 3330 2306 princedeutiquoque
3356 2233 3608 2304 epistola

1960 2324 2454 2394 signiﬁcavimus.
2506 2325 2879 2394 Quapropter
2911 2323 3074 2379 illum
3110 2338 3268 2377 nunc
3296 2324 3473 2377 etiam
3511 2339 3607 2378 ex-

1960 2413 2266 2483 ponimus,
2328 2412 2543 2483 partim
2593 2412 2836 2483 quidem
2910 2411 3401 2475 consolatorium,
3475 2427 3606 2481 par-

1960 2503 2062 2557 tim
2096 2517 2232 2556 vero
2272 2502 2817 2555 commonitorium.
2874 2502 3002 2564 Qua
3051 2501 3107 2554 in
3163 2516 3223 2553 re
3273 2500 3606 2555 consolato-

1958 2590 2134 2646 rius?
2172 2592 2340 2657 Quia,
2386 2591 2550 2661 quod
2618 2591 2674 2645 in
2738 2589 2988 2645 Domino
3037 2590 3195 2643 diem
3255 2590 3399 2643 obiit
3454 2604 3603 2660 pra:-

1958 2682 2153 2753 posita
2206 2696 2343 2735 cum
2397 2680 2643 2735 denario
2698 2695 2949 2735 numero
2995 2694 3292 2741 sororum,
3345 2682 3403 2732 ut
3455 2678 3602 2733 dici-

1960 2771 2049 2832 tis,
2084 2785 2203 2824 non
2232 2784 2457 2823 vacuus
2498 2768 2718 2823 doloris
2749 2774 2837 2823 est
2871 2783 3088 2832 sermo,
3135 2766 3236 2820 sed
3295 2767 3397 2838 qui
3430 2767 3602 2820 vehe-

1961 2864 2187 2914 menter
2204 2856 2553 2930 perturbare
2570 2863 2827 2911 mentem
2845 2858 3072 2928 possit:
3103 2854 3600 2926 quandoquidem

1957 2947 2149 3019 capite
2177 2946 2378 3001 ablato
2394 2951 2579 3000 totum
2604 2950 3137 3016 corpusmortuum
3152 2950 3258 3013 est,
3276 2951 3331 2997 et
3359 2943 3605 2999 nobilis-

1957 3037 2124 3092 simis
2157 3036 2435 3091 membris
2468 3035 2764 3100 abscissis,
2800 3041 3010 3088 caetera
3050 3049 3184 3104 quae
3208 3037 3456 3102 irestant,
3491 3032 3598 3086 de-

1958 3124 2172 3181 formia
2236 3124 2369 3180 Tale
2400 3125 2673 3193 igiturest
2694 3125 3025 3178 secundum
3049 3138 3291 3177 carnem
3317 3121 3481 3192 quod
3504 3136 3599 3176 ac-

1956 3214 2115 3270 cidit.
2146 3214 2258 3269 Sed
2290 3213 2433 3284 quia
2462 3212 2801 3280 spiritualia
2816 3210 3603 3278 spiritualibuscomparan-

1954 3311 2053 3357 tur
2077 3306 2093 3337 ⁷
2132 3320 2145 3358 :
2190 3309 2247 3357 et
2279 3306 2438 3356 triste
2470 3301 2648 3356 simul
2677 3308 2784 3368 est,
2817 3308 2871 3354 et
2904 3299 3081 3354 simul
3121 3299 3560 3369 perjucundum
3588 3314 3601 3352 :

1954 3393 2092 3447 illud
2120 3391 2365 3464 quidem
2400 3397 2637 3461 propter
2673 3390 3065 3459 privationem
3098 3404 3109 3443 :
3148 3389 3261 3443 hoc
3303 3403 3440 3442 vero
3473 3403 3609 3458 pro-

1955 3489 2082 3551 pter
2103 3495 2291 3548 spem.
2312 3478 2603 3534 Extulistis
2618 3478 3005 3549 prmpositam
3034 3492 3274 3532 summa
3293 3476 3607 3545 praeditam

1955 3572 2286 3631 sanctitate,
2340 3568 2488 3621 sicut
2534 3564 2851 3636 exponitis,
2916 3580 3150 3620 sorores
3181 3563 3604 3618 venerandas:

1952 3656 2169 3712 laetitiae
2201 3662 2621 3723 argumentum
2656 3670 2668 3709 :
2704 3654 2850 3709 dum
2888 3654 3000 3708 illze
3049 3653 3290 3724 quidem
3336 3668 3473 3724 quae
3508 3668 3612 3706 as-

1955 3750 2209 3815 sumpta:
2242 3750 2397 3807 sunt,
2422 3744 2595 3815 quasi
2628 3743 2924 3812 legatione
2950 3743 3282 3810 funguntur
3310 3746 3371 3794 ut
3392 3741 3611 3811 quietis

1954 3834 2153 3889 locum
2195 3833 2362 3888 vobis
2406 3838 2759 3903 praeparent,
2817 3832 2969 3886 sicut
3028 3832 3130 3902 qui
3162 3829 3492 3884 diversoria
3546 3830 3605 3883 in

1958 3925 2162 3979 itinere
2196 3927 2618 3993 praeoccupant
2649 3939 2662 3973 :
2699 3937 2805 3974 vos
2838 3936 2977 3975 vero
3003 3920 3106 3990 qui
3142 3918 3349 3983 relicti,
3382 3922 3439 3972 et
3472 3933 3607 3988 quae

1954 4011 2170 4066 relictae
2192 4012 2350 4078 estis,
2397 4010 2619 4065 bonam
2651 4009 2856 4077 vitam,
2894 4022 3262 4078 gravemque
3294 4021 3608 4061 conversa-

1959 4101 2200 4165 tionem,
2240 4106 2535 4155 maturare
2566 4099 2832 4153 certatim
2858 4097 3128 4162 studetis,
3155 4110 3513 4167 semperque
3544 4094 3604 4149 i1-

1958 4190 2053 4245 luc
2083 4189 2496 4260 spectatis,ubi
2528 4188 2913 4259 postmodum
2942 4187 3112 4242 matri
3154 4186 3212 4240 in
3244 4186 3363 4239 Deo
3387 4184 3615 4239 sorori-

1960 4279 2195 4349 busque
2224 4293 2627 4333 occurremus.
2648 4276 2800 4331 Talis
2828 4291 3041 4346 nempe
3075 4279 3261 4329 vester
3290 4278 3381 4328 est
3411 4271 3607 4338 dolor,

1960 4383 2087 4422 cum
2119 4382 2222 4437 spe
2255 4372 2308 4421 et
2348 4365 2557 4421 laetitias
2587 4365 2946 4435 conjunctus
2982 4380 2996 4431 ;
3029 4379 3223 4434 neque
3258 4369 3316 4416 ut
3349 4368 3612 4417 mortuo-

1960 4472 2093 4511 rum
2125 4455 2453 4510 secundum
2487 4469 2725 4509 carnem
2763 4454 2893 4525 :qui
2914 4452 3189 4508 lamentis
3224 4456 3277 4505 et
3310 4450 3613 4522 plangori-

1962 4546 2075 4600 bus
2110 4545 2333 4599 insanis
2354 4543 2649 4614 oppressi,
2674 4542 2919 4613 perinde
2951 4558 3019 4597 ac
3051 4546 3254 4609 gentes
3271 4556 3408 4611 quas
3440 4554 3607 4610 spem

246 4637 387 4703 μητὴ
432 4632 609 4694 αὐτοῖς
660 4633 688 4691 ἠ
744 4635 1089 4704 μετάστασις,
1121 4633 1251 4685 ἀλλὰ
1301 4638 1389 4685 καὶ
1438 4633 1551 4686 λίαν
1599 4639 1839 4706 φευκτέα,

1963 4649 2081 4689 non
2118 4633 2330 4688 habent
2358 4634 2399 4694 ⁸,
2429 4633 2659 4687 tristitia
2692 4630 3030 4702 implentur.
3070 4632 3446 4699 QuaprOpter
3502 4644 3610 4682 nec

246 4722 397 4793 Ἡμῖν
431 4718 490 4774 δε
520 4722 611 4782 οἷς
649 4724 717 4773 τὸ
751 4722 865 4794 ζῇν
904 4726 1210 4794 Χριστός,
1252 4725 1459 4775 καὶτὸ
1502 4722 1847 4776 ἀποθανεῖν

243 4806 487 4883 κέρδος
519 4827 532 4840 ·
589 4817 765 4883 χαρᾶς
818 4814 1117 4883 περιπίτεια
1172 4813 1200 4869 ἠ
1254 4816 1505 4883 κοίμησις
1554 4820 1650 4864 τῶν
1699 4832 1848 4864 πνευ-

245 4907 480 4972 ματικῶν
572 4904 834 4973 Πατέρων,
917 4903 981 4960 ὡς
1066 4899 1113 4951 ἐν
1193 4905 1367 4973 Κυρίῳ
1451 4901 1669 4966 ζώντων,
1757 4907 1843 4955 καὶ

244 4987 438 5060 μᾶλλον
486 4997 579 5049 τῆς
639 4985 821 5040 ἐνθάδε
868 4991 1005 5052 ζωῆς
1064 4988 1379 5061 ὑψηλότερον
1434 4994 1522 5041 καὶ
1581 4990 1846 5043 ἁθανατω-

244 5096 413 5151 τερον.

319 5252 729 5330 Ἀπορῥίψαντες
778 5251 865 5308 οὖν
918 5259 1006 5308 καὶ
1080 5255 1441 5331 ἀπορῥίῲασαι
1497 5262 1669 5309 πᾶσαν
1720 5256 1839 5310 ἆλο-

318 5380 344 5417 ⁸
376 5380 572 5438 Matth.
600 5395 699 5448 xn,
731 5380 821 5437 48.
899 5382 921 5417 ⁸
956 5383 1095 5439 Luc.
1120 5397 1235 5448 xxv,
1266 5383 1356 5437 26.
1436 5384 1456 5417 ⁷
1488 5382 1509 5437 Ι
1536 5384 1667 5439 Cor.
1695 5398 1753 5449 ιι,
1794 5383 1880 5439 t3.

1959 4722 2227 4794 aptanda
2258 4721 2372 4776 illie
2404 4726 2489 4776 est
2527 4719 2861 4788 emigratio,
2895 4719 2997 4773 sed
3023 4718 3193 4774 valde
3233 4717 3605 4785 refugienda.

1959 4812 2136 4869 Nobis
2169 4827 2326 4874 vero,
2358 4810 2566 4882 quibus
2595 4810 2788 4865 vivere
2814 4809 3081 4864 Christus
3112 4811 3215 4877 est,
3266 4811 3320 4862 et
3352 4807 3503 4861 mori
3524 4807 3611 4861 lu-

1956 4918 2123 4957 crum
2155 4903 2196 4963 θ.
2231 4902 2645 4970 inexspectata:
2684 4898 2895 4953 laetitiae
2935 4897 3171 4951 occasio
3215 4900 3301 4949 est
3333 4895 3608 4964 spiritua—

1953 4990 2099 5047 lium
2131 4990 2366 5046 Patrum
2402 5003 2586 5053 mors,
2602 4992 2891 5059 tanquam
2916 4986 2974 5039 in
2988 4985 3240 5040 Domino
3254 4984 3601 5047 viventium,

1958 5081 2074 5135 vita
2108 5079 2317 5143 multo,
2345 5094 2529 5151 quam
2578 5076 2707 5132 hinc
2740 5081 2965 5140 nostra,
2997 5074 3088 5139 sit,
3147 5071 3497 5128 sublimiore
3546 5075 3601 5126 et

1952 5167 2293 5225 immortali.

2023 5256 2377 5327 Abjicientes
2415 5268 2556 5324 ergo
2595 5253 2810 5323 singuli
2844 5256 2899 5307 et
2946 5248 3197 5321 singulm
3222 5264 3466 5306 omnem
3498 5248 3602 5303 tri-

1955 5383 1977 5417 ⁸
2006 5383 2052 5438 Il
2083 5382 2289 5439 Thess.
2317 5396 2397 5449 iv,
2436 5381 2522 5437 12.
2599 5380 2621 5416 ⁸
2652 5377 2910 5451 Philipp.
2943 5393 2999 5441 ι,
3031 5380 3079 5431 1.

1823 5480 2054 5539 ΝΟΤΑΕ.

320 5575 448 5649 (75)
477 5575 543 5636 In
566 5574 701 5635 cod.
734 5577 872 5649 Reg.
915 5573 1065 5652 ρπδ’.
