4058 6274
490 224 628 282 1563

1729 231 1790 288 S.
1833 232 2197 289 THEODORI
2235 231 2564 289 STUDITJE

3699 232 3836 290 1564

477 352 702 408 stitiam
724 353 1002 410 aratione
1032 354 1313 419 alienam,
1339 360 1393 411 et
1432 357 1755 426 degeneres
1785 358 2120 430 lacrymas:

2247 378 2331 430 γον
2362 358 2529 418 λύπην
2579 366 2670 412 καὶ
2721 359 2923 433 ἀγεννὲς
2976 359 3226 436 δάκρυον,
3277 363 3393 415 καθ’
3437 363 3463 414 ὃ
3520 363 3834 418 κατέστησε,

476 447 650 510 prout
681 457 784 512 per
806 442 1020 497 Christi
1047 445 1300 514 gratiam
1333 446 1631 501 constituti
1667 448 1826 510 estis,
1875 447 1970 502 hic
2001 449 2128 520 qui-

476 529 614 594 dem
646 531 705 584 in
736 531 999 599 regendo
1029 533 1290 587 virorum
1325 534 1665 599 domicilio;
1709 535 1837 590 haec
1888 553 2026 592 vero
2067 537 2129 592 in

476 617 756 673 domicilii
785 621 1076 688 virginem
1098 621 1449 692 praefectura
1483 641 1494 676 :
1528 623 1725 680 Sobrii
1752 632 1952 692 estote,
1992 625 2130 697 vigi-

477 708 597 763 late
623 709 691 771 ¹⁰,
716 708 971 765 viriliter
997 710 1173 780 agite,
1206 712 1634 781 confortamini
1662 733 1682 768 :
1713 715 1912 772 omnia
1942 721 2133 771 vestra

473 795 536 850 in
568 797 859 853 charitate
891 800 956 863 ‘1,
989 799 1194 854 omnia
1247 801 1304 854 in
1354 802 1777 858 mandatorum
1830 804 2126 869 custodia,

470 885 638 954 juxta
670 889 1100 958 praeceptiones
1147 891 1338 944 sancti
1380 891 1593 946 Basilii.
1647 898 1836 963 Atque
1877 894 2003 948 haec
2070 894 2130 949 in

473 973 713 1028 duobus
746 979 1121 1032 monasteriis
1151 979 1363 1032 vostris
1393 981 1663 1047 vigeant;
1687 988 1746 1036 ut
1783 983 1908 1036 sine
1943 981 2134 1037 offen-

475 1062 642 1116 sione
672 1069 729 1119 et
766 1065 1228 1135 reprehensione
1262 1068 1438 1123 vitam
1461 1068 1766 1134 ducentes,
1793 1070 2132 1140 gloriﬁcetis

475 1153 660 1207 Deum
690 1153 748 1207 in
782 1169 1024 1224 corpore
1063 1162 1256 1211 vestro
1280 1161 1336 1212 et
1376 1157 1434 1211 in
1458 1158 1666 1230 spiritu
1698 1168 1894 1216 vestro
1932 1176 1944 1213 :
1995 1160 2132 1215 alte-

475 1256 729 1312 rumque
760 1242 838 1298 ab
870 1243 1052 1299 altero
1077 1248 1510 1301 monasterium
1541 1248 1844 1314 excitetur,
1863 1257 1912 1303 et
1930 1252 2132 1305 sancte

477 1332 777 1400 conspiret
810 1349 821 1387 :
869 1337 919 1388 te
947 1334 1236 1400 videlicet,
1280 1335 1459 1390 fratre
1493 1336 1728 1402 Basilio,
1772 1339 1873 1409 qui
1909 1339 1984 1394 ad
2024 1354 2132 1393 nos

477 1420 781 1490 scripsisti,
823 1427 881 1476 et
937 1422 1111 1479 nobis
1175 1425 1605 1495 comprobatus
1642 1441 1727 1493 es,
1775 1427 1950 1482 simul
1991 1429 2135 1482 assi-

478 1513 688 1572 stente,
704 1525 1032 1582 curamque
1053 1512 1444 1582 participante
1465 1515 1770 1585 utriusque
1788 1516 2132 1572 monasterii

476 1598 680 1668 quoad
713 1605 904 1669 potes:
931 1601 1209 1671 quamvis
1226 1603 1660 1672 praesidisonus
1679 1619 1798 1658 non
1833 1606 2128 1660 sustines:

2241 451 2428 522 χάριτι
2461 456 2695 522 Χριστοῦ
2725 466 2740 480 ⁸
2798 452 2934 524 ὁμὲν
2983 451 3066 504 ἐπὶ
3108 460 3168 525 τῇ
3194 455 3486 522 καθηγὴσει
3516 458 3609 502 τοῦ
3640 447 3840 522 ἀνδρῶ-

2240 556 2325 598 νος
2358 559 2369 571 ’
2402 539 2432 596 ἠ
2459 535 2518 590 δὲ
2542 539 2627 591 ἐπὶ
2653 548 2712 611 τῇ
2743 538 3006 612 ἀφηγήσει
3035 549 3126 593 τοῦ
3156 543 3479 612 παρθενῶνος
3507 557 3518 568 ·
3560 544 3650 596 Νὴ
3672 557 3837 610 φετε,

2239 635 2644 700 γρηγορεῖτε,
2688 626 3107 701 ἀνδρίζεσθε,
3158 631 3642 704 κραταιοῦσθε’
3697 630 3843 680 πάν-

2240 735 2318 767 τα
2371 718 2539 788 ὑμῶν
2588 719 2645 769 ἐν
2695 717 2768 790 ἀγ
2783 721 2929 792 άπη,
2963 721 3134 771 πάντα
3159 718 3206 770 ἐν
3227 719 3425 792 φυλακῇ
3453 717 3686 783 ἐντολῶν,
3705 718 3843 768 κατὰ

2241 807 2330 866 τὰς
2369 807 2638 868 ὑποθήκας
2669 814 2759 859 τοῦ
2794 807 2947 878 ἁγίου
3002 807 3296 861 Βασιλείου.
3353 805 3559 869 Μεταξὺ
3599 803 3657 858 δε
3696 807 3840 876 ὑμῶν

2241 900 2348 947 τοῖν
2404 891 2552 947 δυοῖν
2603 901 2968 970 μοναστηρίων
3027 899 3261 949 ἔστωσαν
3296 914 3308 927 ·
3373 899 3454 948 ἶνα
3507 894 3841 967 ἀπρόσκοπον

2241 988 2330 1036 καὶ
2381 982 2624 1055 ἀνένοχον
2685 983 2802 1057 βίον
2858 983 3151 1046 δεικνύοντες
3206 991 3296 1038 καὶ
3357 982 3693 1049 διανύουσαι,
3753 980 3842 1036 δο-

2243 1073 2437 1136 ξάσητε
2489 1077 2574 1125 τόν
2631 1077 2760 1127 Θεὸν
2814 1073 2862 1126 ἐν
2914 1083 2985 1145 τῷ
3047 1081 3253 1147 σώματι
3328 1075 3469 1146 ὑμῶν
3539 1077 3628 1125 καὶ
3669 1072 3719 1124 ἕν
3768 1079 3841 1142 τῷ

2241 1165 2494 1233 πνεύματι
2567 1164 2710 1234 ὑμῶν
2745 1183 2759 1198 ο
2830 1165 2994 1238 ἕτερον
3076 1164 3161 1235 ὑφ’
3240 1163 3414 1238 ἐτέρου
3490 1167 3841 1234 μοναστὴριον

2245 1252 2534 1324 θεοπρεπῶν
2628 1255 3070 1322 συγκροτούμενόν
3149 1271 3202 1304 τε
3275 1257 3364 1303 καὶ
3446 1253 3842 1322 συνιστάμενον,

2245 1335 2488 1396 δηλονότι
2521 1346 2615 1391 σου
2663 1347 2755 1391 τοῦ
2804 1337 3029 1411 ἀδελφοῦ
3085 1339 3378 1405 Βασιλείου,
3405 1347 3498 1392 τοῦ
3527 1343 3617 1391 καὶ
3648 1357 3840 1410 γεγρα·

2244 1432 2396 1499 φὸτος
2451 1429 2596 1499 ἡμῖν,
2673 1433 2760 1480 καὶ
2823 1434 3263 1500 συνεγνωσμένου,
3332 1434 3694 1501 συμπαρόντος
3754 1431 3843 1478 καὶ

2245 1516 2845 1588 συναντιλαμϐανομένου
2899 1518 3140 1592 ἑκατέρας
3190 1527 3290 1569 τῶν
3342 1526 3507 1590 μονῶν
3565 1517 3683 1570 καθ’
3722 1517 3844 1568 ὅσον

2243 1607 2348 1658 οἶόν
2397 1610 2582 1672 τε,καὶ
2629 1611 2702 1678 μὴ
2761 1606 2837 1658 ὃτι
2883 1606 2988 1677 οὐχ
3036 1607 3248 1678 ὑπέχεις
3278 1605 3429 1676 λόγον
3459 1613 3785 1679 προεστῶτος
3823 1618 3836 1630 ⁸

477 1685 580 1738 sed
612 1687 789 1757 quasi
818 1687 1112 1744 desiderio
1146 1695 1244 1744 tuo
1279 1705 1378 1760 per
1411 1694 1778 1748 successoris
1808 1695 2132 1763 promotio-

2247 1694 2353 1746 ἀλλ’
2407 1697 2476 1756 ὡς
2531 1702 2625 1756 τῆς
2676 1698 2890 1766 ἐφέσεως
2950 1715 3044 1747 σου
3074 1695 3440 1770 πληρωθείσης
3495 1691 3588 1747 διὰ
3625 1702 3720 1754 τῆς
3752 1701 3846 1746 τοῦ

477 1788 618 1829 nem
648 1775 895 1846 expleto,
931 1777 1186 1848 teipsum
1217 1778 1850 1851 enixiusimpondens,
1880 1788 1936 1836 et
1965 1783 2135 1853 adju-

477 1877 626 1918 vans
652 1863 754 1919 ubi
781 1870 872 1919 est
899 1867 1326 1936 opus.Habetis
1353 1868 1572 1939 itaque,
1590 1869 1666 1924 ad
1683 1871 1913 1925 virtutis
1941 1872 2132 1926 incre-

481 1957 769 2021 mentum,
814 1954 1098 2024 praaclara
1128 1956 1404 2028 exempla
1435 1973 1640 2012 eorum
1671 1975 1976 2024 earumve,
2028 1961 2129 2032 qui

477 2044 698 2112 etquae
750 2040 1046 2097 obierunt.
1092 2044 1326 2098 Habetis
1357 2045 1512 2100 vitas
1547 2053 1913 2113 sanctorum,
1976 2048 2133 2117 leges

480 2129 939 2203 sanctionesque
971 2132 1205 2187 Patrum
1240 2152 1252 2200 ;
1282 2133 1539 2198 habetis,
1579 2137 1741 2206 quod
1797 2136 1889 2191 his
1935 2138 2131 2208 majus

479 2222 584 2283 est,
613 2219 1020 2274 universorum
1077 2221 1446 2277 conditorem
1485 2226 1667 2279 Deum
1719 2225 1778 2279 in
1815 2226 2013 2281 medio
2042 2242 2135 2281 ve-

479 2307 1067 2379 strum,juxtaipsius
1096 2311 1576 2378 promissionem,
1603 2314 2132 2371 minimefallacem

480 2396 720 2451 Habetis
753 2403 1019 2452 sanctam
1083 2400 1396 2470 Deiparam
1423 2401 1879 2468 auxiliatricem,
1923 2419 2133 2458 omnes

481 2488 720 2538 sanctos
733 2487 1167 2542 intercessores.
1183 2487 1420 2543 Habetis
1436 2494 1490 2544 et
1504 2492 1847 2545 tenuitatem
1865 2498 2133 2547 nostram

480 2579 822 2644 promptam
851 2579 908 2629 et
929 2583 1202 2645 paratam
1234 2575 1486 2632 vobisin
1529 2578 1709 2634 bono.
1745 2580 1961 2636 Omnia
1991 2596 2132 2650 ergo

480 2661 632 2716 bene
665 2664 836 2731 agite,
862 2664 1068 2720 omnia
1097 2664 1364 2736 pacitice.
1407 2667 1650 2738 Semper
1678 2670 1973 2739 gaudete,-
2006 2670 2131 2726 sine

479 2750 916 2808 intermissione
941 2760 1107 2809 orate
1136 2774 1155 2810 :
1179 2753 1242 2808 in
1274 2755 1544 2810 omnibus
1569 2757 1803 2825 gratias
1817 2757 1994 2828 agite,
2018 2757 2133 2813 cla-

483 2844 608 2894 mat
650 2856 904 2910 magnus
941 2842 1258 2912 Apostolus
1313 2843 1358 2877 ¹³
1398 2844 1568 2914 cujus
1599 2846 2130 2902 intercessionibus

485 2929 711 2984 utinam
744 2929 1046 2986 salvemur
1067 2937 1121 2987 et
1147 2948 1253 2986 nos
1283 2937 1339 2987 et
1364 2948 1493 2988 vos.

803 3056 1110 3114 CLXXXIII.
1141 3089 1201 3098 -
1232 3059 1385 3115 Eliae
1408 3060 1784 3130 presbytero.

2244 1782 2614 1857 προϐληθέντος
2645 1780 2916 1855 ἀναδοχῆς
2949 1801 2960 1813 ·
3020 1784 3209 1855 μᾶλλον
3242 1783 3422 1836 ἑαυτὸν
3464 1782 3846 1836 συνεισϐάλλων

2243 1878 2333 1924 καὶ
2365 1875 2730 1944 συνεπαμύνων
2778 1876 2844 1925 τὰ
2900 1870 3101 1927 δέοντα.
3162 1872 3352 1945 Ἔχετε
3389 1880 3666 1946 τοιγαροῦν
3709 1872 3848 1924 καλὰ

2243 1958 2652 2034 παραδείγματα
2708 1961 2780 2024 εἰς
2838 1960 3022 2034 ἀρετῆς
3081 1959 3338 2026 ἐπίδοσιν,
3383 1964 3476 2023 τὰς
3527 1959 3847 2032 ἐκδημησά-

2247 2071 2341 2113 σας
2395 2050 2485 2102 εἶτ’
2542 2047 2628 2102 οὖν
2658 2047 3086 2123 ἐκδημήσαντας.
3143 2050 3332 2123 Ἔχετε
3381 2055 3502 2113 τοὺς
3556 2048 3703 2124 βίους
3741 2060 3845 2103 τῶν

2246 2140 2424 2211 ἁγίων,
2480 2142 2573 2201 τὰς
2646 2141 2950 2211 νομοθεσίας
3027 2148 3125 2191 τῶν
3199 2146 3458 2214 Πατερων.
3540 2139 3723 2211 Ἔχετε
3785 2144 3846 2192 τὸ

2245 2228 2422 2300 μεῖζον
2469 2228 2633 2280 αὐτῶν
2688 2232 2777 2281 τότ
2826 2233 3044 2287 ποιητὴν
3102 2237 3200 2280 τῶν
3262 2229 3386 2280 ὃλων
3428 2231 3556 2282 Θεὸν
3611 2227 3659 2280 ἐν
3698 2233 3847 2300 μέσῳ

2245 2319 2386 2389 ὑμων
2432 2319 2568 2368 κατὰ
2627 2322 2718 2375 τὴν
2780 2313 2985 2388 ἀψευδῆ
3047 2317 3207 2369 αὑτοῦ
3268 2317 3603 2390 ἐπαγγελίαν.
3655 2316 3852 2388 Ἔχετε

2244 2411 2338 2463 τὴν
2369 2405 2522 2476 ἁγίαν
2583 2413 2835 2459 Θεοτοκον
2891 2409 3185 2478 ἐπίκουρον,
3245 2409 3362 2468 τοὺς
3416 2407 3614 2467 πάντας
3665 2403 3854 2475 ἀγίους

2245 2493 2587 2566 πρεσϐευτάς.
2660 2493 2845 2565 Ἔχετε
2893 2500 2978 2547 καὶ
3027 2499 3120 2552 τὴν
3171 2497 3315 2566 ἡμῶν
3352 2495 3664 2551 οὐθενότητα
3725 2512 3854 2566 προ-

2247 2585 2570 2655 θυμουμένην
2628 2583 2749 2653 ὑμῖν
2799 2583 2846 2634 ἐν
2902 2581 3137 2653 τάγαθῷ.
3193 2585 3370 2636 Πάντα
3399 2579 3485 2635 οὖν
3517 2579 3569 2635 εὖ
3595 2581 3851 2655 πράξατε,

2248 2676 2416 2724 πάντα
2473 2673 2738 2746 εἰρηνικῶς
2791 2668 3140 2726 διατελέσατε.
3203 2675 3486 2725 Πάντοτε
3523 2675 3806 2746 ξχαίρετε
3837 2692 3850 2704 ·

2244 2754 2693 2818 ἀδιαλείπτως
2753 2759 3211 2829 προσεύχεσθε
3245 2775 3257 2786 ·
3315 2755 3373 2808 ἐν
3423 2761 3612 2808 παντὶ
3653 2756 3856 2826 εὐχα-

2242 2867 2270 2920 ρ
2288 2853 2496 2898 ιστείτ
2509 2865 2549 2916 ε,
2581 2845 2728 2918 βοᾷό
2755 2849 2913 2917 μέγας
2939 2845 3260 2907 Ἀπόστολος
3288 2864 3299 2876 ·
3327 2845 3388 2898 οὗ
3408 2853 3525 2908 ταῖς
3551 2844 3857 2920 πρεσϐείαις

2248 2937 2530 3007 σωθείημεν
2561 2938 2650 2986 καὶ
2680 2936 2831 3006 ἡμεῖς
2860 2939 2950 2986 καὶ
2975 2935 3140 3006 ὑμεῖς.

2386 3059 2529 3112 ΡΠΓ¹
2560 3060 2704 3130 (76).
2739 3089 2808 3099 —
2844 3059 3024 3130 Ἠλίᾳ
3078 3078 3153 3132 πρ
3173 3056 3514 3131 εσϐυτέρῳ.
3551 3055 3704 3128 [ψν’.]

1387 3157 1461 3206 De
1483 3159 1662 3221 pueris
1697 3160 1787 3222 qui
1811 3163 2092 3222 parentum
2125 3158 2403 3209 voluntate
2424 3157 2575 3206 inviti
2612 3156 2923 3206 tondentur.

556 3232 839 3290 Osculum
876 3235 1120 3306 quidem
1151 3241 1342 3302 tuum,
1373 3238 1456 3292 vir
1471 3244 1696 3304 sancte,
1720 3240 2133 3296 venerandum

2316 3241 2386 3290 T6
2443 3241 2532 3309 μὲν
2591 3237 2792 3309 φίλημά
2852 3256 2968 3304 σου,
3018 3237 3058 3287 ὧ
3114 3239 3213 3310 ἰερε
3266 3237 3504 3309 ἄνθρωπε
3541 3241 3635 3287 τοῦ
3693 3241 3854 3299 Θεοῦ,

482 3337 668 3394 quam
701 3323 977 3389 maxime,
1010 3325 1289 3397 idemque
1321 3327 1658 3382 concordiae
1691 3343 1938 3383 servans
1987 3329 2136 3383 indic

485 3411 645 3466 cium
677 3429 689 3466 :
725 3411 1107 3480 interrogatio
1137 3421 1358 3476 autem,
1394 3415 1491 3470 vix
1521 3416 1716 3471 audeo
1737 3417 1953 3483 dicere,
1989 3417 2137 3472 indi-

487 3505 676 3568 gesta,
729 3516 836 3554 nec
866 3501 1005 3556 satis
1048 3501 1352 3572 explorata
1407 3503 1722 3560 humilitati
1771 3512 2005 3560 nostrae.
2049 3505 2135 3560 Ad

480 3587 642 3642 hunc
670 3589 832 3643 enim
854 3588 1014 3645 diem
1049 3605 1167 3646 non
1199 3591 1611 3657 audieramus,
1645 3609 1862 3663 pueros
1895 3610 1929 3648 a
1969 3602 2136 3664 patre

483 3691 588 3748 per
621 3678 742 3737 vim
782 3694 853 3733 ac
905 3684 1024 3733 non
1079 3685 1291 3748 sponte
1343 3679 1630 3736 detonsos
1680 3682 1880 3737 fuisse.
1914 3685 2057 3739 Nam
2089 3684 2136 3738 si

485 3763 660 3835 plane
686 3766 942 3822 infantes
976 3768 1032 3833 ii,
1062 3768 1186 3823 sive
1216 3775 1354 3824 ante
1386 3769 1782 3840 pubertatem,
1815 3786 1931 3826 non
1964 3778 2052 3826 est
2075 3771 2137 3827 in

483 3853 629 3923 ipsis
662 3854 1071 3912 voluntarium
1106 3878 1118 3911 :
1167 3873 1364 3930 neque
1405 3860 1567 3914 enim
1620 3865 1850 3915 rectum
1875 3875 1910 3915 a
1951 3875 2138 3930 pravo

484 3949 736 4013 possunt
764 3944 1112 4017 dignoscere
1140 3966 1154 4002 :
1189 3946 1294 4002 sed
1319 3962 1527 4004 eorum
1553 3949 1822 4013 arbitrio,
1841 3964 1980 4005 cum
1997 3949 2140 4005 ado—

485 4033 751 4100 laverint,
779 4049 874 4090 res
901 4039 1026 4091 tota
1054 4035 1558 4106 permittenda....

557 4213 818 4271 ......Res
851 4214 1269 4284 permittenda.
1303 4215 1466 4271 Unde
1497 4217 1675 4272 nobis
1707 4233 1776 4272 ac
1807 4217 1981 4273 vobis
2014 4215 2140 4272 ani-

488 4301 570 4354 mi
599 4300 797 4356 futura
821 4306 910 4357 est
950 4307 1008 4357 et
1036 4303 1306 4373 corporis
1330 4305 1510 4360 salus.
1544 4306 1659 4361 Sed
1691 4306 1766 4361 de
1814 4307 1904 4362 his
1942 4307 2088 4362 satis
2123 4321 2137 4360 :

487 4389 778 4460 quoniam
805 4405 912 4445 nec
935 4390 1082 4446 mihi
1125 4390 1335 4461 prolixi
1354 4395 1648 4450 sermonis
1680 4399 1768 4449 est
1791 4394 2139 4461 otium,aliis

488 4483 782 4550 occupato
814 4479 1064 4548 negotiis
1087 4480 1248 4535 haud
1282 4480 1558 4537 facilibus
1577 4484 1878 4554 expeditu.
1918 4485 1992 4538 De
2016 4483 2143 4553 epi-

2249 3331 2434 3380 σεπτόν
2461 3329 2541 3379 ὅτι
2567 3326 2818 3398 μάλιστα,
2846 3330 2936 3378 καὶ
2992 3329 3049 3377 τό
3102 3334 3196 3386 τῆς
3223 3324 3543 3397 συμψυχίας
3570 3323 3856 3385 ἀποσῶζον

2244 3422 2520 3490 γνώρισμα
2553 3433 2564 3445 '

2247 3503 2593 3561 ἀκατάλληλον
2669 3507 2760 3555 καὶ
2810 3503 2868 3555 οὐ
2923 3507 3336 3575 συνεγνωσμένον
3414 3509 3476 3574 τῇ
3544 3507 3855 3554 ταπεινώσει

2622 3419 2677 3466 τό
2740 3412 2797 3467 δε
2850 3413 3110 3488 ἐρώτημα,
3185 3414 3279 3466 οὐκ
3337 3410 3442 3466 οἶδ’
3504 3415 3640 3474 ὃπως
3701 3417 3854 3480 εἴπω,

2247 3597 2410 3666 ἡμῶν.
2465 3589 2687 3646 Οὐδέπω
2739 3595 2837 3665 γὰρ
2901 3597 2987 3645 καὶ
3051 3598 3274 3666 τήμερον
3333 3590 3652 3664 ἀκηκόαμεν,
3725 3594 3858 3664 πρὸς

2245 3685 2438 3755 πατρὸς
2503 3681 2904 3753 ἁναγκαστικῶς
2957 3687 3046 3734 καὶ
3098 3681 3193 3733 οὐκ
3266 3679 3572 3741 ἐθελουσίως
3625 3678 3860 3753 ἀποκαρ-

2249 3773 2400 3830 θῆναι
2434 3766 2653 3832 παῖδας.
2701 3770 2760 3823 Εἰ
2813 3773 2903 3842 μὲν
2954 3772 3055 3842 γὰρ
3115 3767 3312 3842 κομιδῇ
3383 3773 3582 3836 νήπιοι,
3620 3770 3712 3822 εἶτ’
3768 3765 3858 3821 οὖν

2245 3864 2467 3931 πρὸτῆς
2523 3859 2746 3922 ἡλικίας,
2809 3859 2903 3911 οὐκ
2950 3861 3000 3911 ἐν
3059 3858 3236 3920 αὐτοῖς
3289 3861 3348 3910 τὸ
3407 3857 3612 3916 θελητόν
3651 3873 3664 3885 ’
3733 3855 3859 3911 οὐδε

2245 3950 2348 4022 γάρ
2401 3948 2504 4001 εἰσι
2557 3945 2939 4018 διαγνωστικοὶ
2982 3947 3140 4000 καλοῦ
3207 3966 3258 4000 τε
3307 3951 3398 4000 καὶ
3457 3954 3621 4000 κακοῦ
3655 3963 3666 3976 ·
3731 3945 3862 4000 ἀλλὰ

2246 4046 2308 4109 τῇ
2357 4046 2455 4090 τῶν
2503 4039 2776 4110 φυσάντων
2848 4039 3152 4109 προαιρέσει
3215 4034 3459 4088 ἀνοικτέον
3502 4034 3662 4109 [cod.
3712 4037 3857 4105 Reg.

2249 4125 2555 4196 ἀνενεκτίον]
2598 4130 2656 4178 1'6
2688 4131 3001 4200 πρᾶγμα....

2487 4215 2604 4285 (77)
2653 4213 2920 4267 ἀναθετέον
2977 4217 3031 4266 τὸ
3062 4219 3307 4285 πρᾶγμα,
3361 4211 3490 4283 Παρ⁹
3519 4212 3579 4265 οὗ
3611 4219 3702 4264 καὶ
3728 4213 3858 4282 ἡμῖν

2248 4309 2338 4356 καὶ
2383 4304 2503 4375 ὑμῖν
2543 4307 2600 4354 τὸ
2647 4307 2905 4376 σωτήριον
2965 4303 3153 4374 ψυχῆς
3193 4322 3248 4354 τε
3304 4307 3395 4355 καὶ
3459 4307 3722 4374 σώματος.
3757 4306 3860 4354 Καὶ

2249 4397 2367 4466 περὶ
2396 4397 2485 4464 μεν
2519 4394 2709 4444 τούτων
2769 4392 2878 4451 ἅλις
2909 4413 2921 4424 ·
2987 4391 3068 4443 61':
3117 4387 3256 4462 μηδὲ
3309 4395 3490 4463 καιρός
3535 4410 3625 4462 μοι
3654 4409 3862 4464 μακρη-

2249 4488 2441 4552 γορεῖν,
2475 4483 2521 4533 ἐν
2553 4480 2721 4541 ἄλλοις
2757 4479 3132 4551 ἀσχολουμενῳ
3186 4481 3492 4553 πράγμασιν
3540 4479 3634 4531 οὐκ
3681 4476 3861 4531 εὐδια-

491 4582 675 4638 scopo
713 4565 855 4633 Chii,
889 4568 1034 4639 quid
1065 4568 1178 4624 hoc
1207 4576 1263 4624 et
1293 4571 1453 4625 istud
1483 4587 1693 4627 narras
1721 4570 1748 4625 ‘i
1797 4574 1914 4627 Nos
1947 4587 2140 4642 neque

2250 4569 2444 4625 λύτοις.
2475 4574 2598 4641 Περὶ
2626 4566 2685 4621 δὲ
2713 4576 2804 4622 τοῦ
2855 4569 3142 4621 ἐπισκόπου
3175 4573 3330 4634 Χίου,
3374 4572 3425 4620 τί
3469 4575 3622 4621 τοῦτο
3652 4566 3859 4620 κάκεῖνο

490 4655 685 4712 virum
715 4655 774 4710 in
804 4666 1192 4727 conspectum
1222 4666 1513 4724 nostrum,
1557 4661 1656 4715 ubi
1680 4661 1798 4715 huc
1835 4661 2011 4726 venit,
2041 4661 2143 4716 ad-

490 4744 783 4808 misimus,
809 4746 1162 4816 suspicionis
1179 4747 1429 4803 vitandae
1444 4765 1663 4808 causae.
1682 4765 1876 4820 neque
1892 4749 2141 4804 omnino

490 4837 617 4891 sine
646 4851 930 4906 responso
956 4835 1294 4892 dimisimus
1327 4854 1340 4892 :
1373 4838 1540 4908 quod
1567 4854 1760 4911 neque
1793 4839 1880 4895 fas
1911 4838 2019 4894 fuit
2051 4838 2142 4896 vel

561 4943 658 4996 “1
691 4944 834 4996 Petr.
871 4957 926 5007 v,
953 4942 1006 4996 8.
1085 4944 1128 4977 “
1168 4946 1335 4998 lCor.
1363 4960 1479 5010 xw,
1519 4945 1710 5008 13,14.

1796 4946 1843 4980 ¹²
1869 4944 2070 5000 Matth.
2101 4959 2263 5007 xxm,
2296 4946 2384 4998 20.

2250 4663 2550 4732 γέγραφαςς
2607 4657 2781 4729 Ἡμεῖς
2831 4661 2946 4709 οὔτε
3006 4662 3094 4708 τὸν
3175 4653 3344 4729 ἀνδρα
3401 4656 3474 4718 εἰς
3527 4656 3646 4727 ὄψιν
3710 4658 3858 4728 ἡμῶν

2252 4749 2515 4819 ἠγάγομεν
2573 4747 2856 4804 ἐληλυθότα
2899 4747 3142 4814 ἐνταῦθα,
3213 4748 3308 4807 τὰς
3357 4745 3586 4816 ὑποψίας
3645 4741 3864 4817 διαφεύ-

2250 4856 2436 4908 γοντες,
2479 4840 2594 4888 οὔτε
2635 4837 2801 4894 πάντη
2861 4834 3203 4908 ἀνυπόκριτον
3253 4835 3497 4907 εἰάσαμεν
3527 4851 3539 4864 ’
3598 4834 3680 4886 ὅτι
3720 4830 3864 4907 μηδέ

2467 4943 2511 4977 ¹⁸
2548 4941 2796 4998 lThess.
2832 4958 2887 5009 ν,
2922 4942 3005 4996 16.

2064 5032 2290 5088 NOTAE.

587 5111 676 5185 Z6)
707 5110 932 5185 [uoci].
963 5115 1099 5183 Reg.
1132 5111 1263 5185 ρπε’.

587 5182 677 5252 77)
713 5182 796 5236 Ibi
826 5182 1433 5252 magnasatislacuna
1457 5184 1513 5238 in
1546 5183 1962 5253 Regiocodice.
1998 5184 2134 5250 Quae

492 5258 687 5310 autem
722 5257 1317 5324 sequuntur,alterius
1349 5255 1614 5324 epistolae
1632 5255 1896 5324 esse(cui
1913 5262 2132 5320 tamen,

492 5324 635 5395 quia
664 5323 901 5396 initium
931 5325 1114 5392 deest,
1172 5323 1444 5396 apposita
1469 5342 1590 5381 non
1627 5326 1702 5381 sit
1733 5323 1843 5382 sua
1906 5328 2138 5381 numeri

493 5394 657 5468 nota)
688 5394 957 5468 indicare,
984 5394 1497 5467 videtur'Syllabus
1528 5396 1931 5468 Epistolarum
1959 5396 2021 5451 in
2043 5412 2139 5453 eo-

494 5465 645 5540 dem
660 5465 864 5540 codice
896 5485 909 5525 :
946 5467 1212 5540 iciienim
1241 5465 1391 5524 inter
1422 5465 1836 5540 inscriptiones
1870 5467 2138 5540 epistolas

497 5537 610 5611 ρπε¹
672 5537 822 5610 Ἠλίᾳ
883 5539 1236 5613 πρεσϐῦτέρῳ,
1290 5545 1347 5596 et
1375 5537 1638 5613 epistolaa
1694 5539 1817 5613 ρπζ¹
1876 5537 2139 5612 Αὐξεντίῳ

2246 5185 2536 5254 ἡγουμένῳ,
2577 5184 2774 5239 media
2810 5188 2897 5238 est
2929 5182 3235 5254 inscriptio
3262 5185 3525 5254 Maxapiai
3549 5184 3856 5252 μονάζοντι,

2246 5253 2397 5326 ρπς-’ζ
2432 5255 2544 5309 Etsi
2580 5261 2780 5310 autem
2807 5254 3154 5332 superioris
3209 5253 3531 5332 _fra_gmenti
3564 5268 3742 5332 voces
3779 5254 3860 5307 ul-

2250 5323 2408 5381 timas
2431 5331 2776 5396 repetantur
2804 5323 2970 5380 initio
3005 5325 3370 5395 posterioris,
3399 5339 3590 5396 eoque
3612 5323 3861 5396 videan-

2250 5393 2570 5476 turpart'es
2601 5412 2733 5476 esse
2767 5398 2943 5476 unius
2981 5393 3382 5476 ejusdemque
3435 5393 3726 5476 epistolae,
3761 5395 3858 5476 cui

2250 5467 2742 5524 nihiladmodum
2762 5467 2944 5540 desit;
2977 5472 3176 5540 tamen
3208 5483 3344 5540 quae
3371 5473 3719 5540 sequuntur,
3759 5467 3860 5522 vix

2249 5544 2500 5612 possent
2527 5555 2668 5596 cum
2695 5538 3108 5612 superioribus
3143 5535 3437 5595 sententia
3454 5535 3781 5593 'cohterere.
