4058 6274
286 281 437 338 1565

1590 282 1993 340 EPISTOLAR
2003 283 2100 340 UM
2137 286 2274 342 LIB.
2321 286 2391 343 II.

3510 286 3649 344 1566

291 409 496 480 θεμιτὸν
540 411 630 460 καὶ
674 408 763 459 τὸν
810 411 1046 479 τυχόντα
1096 406 1501 481 ἀποπέμπεσθαι
1538 424 1550 435 '
1586 413 1656 481 μή
1718 410 1798 462 ὅτι
1836 429 1896 481 γε

2006 427 2194 467 unum
2225 428 2255 466 e
2282 411 2483 467 multis
2512 412 2813 483 repellere,
2848 414 3068 468 nedum
3101 414 3368 485 ejusdem
3400 414 3649 469 instituti

289 499 608 569 όμόσχημον
693 503 782 550 καὶ
868 496 1160 560 ἐπισκοπῆς
1244 503 1402 570 ὄνομα
1488 500 1890 572 κεκληρωμένον.

287 588 670 659 Ἠσμενίσαμεν
752 583 839 638 οὖν
893 588 971 639 ὅτι
1025 586 1244 658 ὀψέποτε
1300 587 1614 661 ἀπενόσφισε
1686 591 1895 641 ἐπισκο-

290 683 411 739 πῆς,
470 676 698 747 ἑλόμενος
751 674 855 728 ὧδέ
912 697 1011 728 που
1070 676 1417 751 παρεῤῥίφθαι
1459 696 1469 706 ⁸
1521 678 1893 739 ὑποϐάλλοντες

293 765 448 817 αὐτὸν
502 770 587 817 καὶ
654 765 899 836 ἐπιτιμίῳ
956 772 1277 838 προσήκοντι
1316 784 1328 796 ⁸
1381 770 1554 840 ὥσπερ
1610 773 1891 825 πεποιήκα-

290 875 381 927 μεν
416 858 497 907 ἓπὶ
538 862 647 917 τοῖς
696 857 887 927 ὁμοίως
930 856 1067 926 αὐτῷ
1127 853 1381 930 δράσασι.
1440 862 1536 911 Καὶ
1571 860 1595 909 ό
1629 862 1757 918 Θεὸς
1794 867 1891 909 τῶν

291 946 670 1016 μετανοούντων
738 943 866 996 ἐστί.
947 948 1042 997 Καὶ
1107 953 1259 997 τοῦτο
1325 945 1532 1018 ἐναργὲς
1596 944 1894 1018 ὑπόδειγμα

292 1038 562 1104 μετανοίας
615 1032 932 1095 ἐπεζήτηται
978 1036 1068 1085 καὶ
1126 1034 1249 1106 παρ’
1298 1036 1444 1107 ἡμῶν
1500 1040 1589 1087 καὶ
1646 1040 1772 1110 πρός
1806 1036 1892 1088 ἄλ-

291 1123 389 1174 λων
432 1130 532 1173 τῶν
591 1121 841 1194 ἰατρεύειν
897 1125 1303 1195 ἐπιτεταγμένων
1356 1125 1385 1182 ή
1443 1132 1533 1176 τοῦ
1582 1127 1892 1177 ὑποπεπτω-

292 1216 443 1270 κότος
502 1212 852 1284 ὑποχώρησις
902 1220 999 1272 τῆς
1053 1211 1344 1274 ἐπισκοπῆς
1388 1231 1400 1244 ·
1447 1218 1535 1265 καὶ
1597 1211 1757 1288 εἶρξις
1800 1223 1893 1276 τῆς

296 1302 611 1373 ἱερουργίας,
678 1304 774 1351 σὺν
833 1303 1074 1372 ἐπιτιμίῳ
1143 1302 1235 1363 ἕως
1291 1310 1477 1374 καιροῦ
1547 1303 1770 1374 εἰρήνης.
1838 1304 1897 1356 Εἰ

296 1385 382 1440 οὖν
429 1396 595 1440 ταῦτα
644 1388 978 1460 ὡμολόγηται
1016 1397 1089 1460 τῷ
1143 1387 1298 1461 ἀνδρί
1329 1407 1345 1423 °
1381 1396 1510 1451 τίνες
1568 1388 1694 1463 ἦμεν
1752 1394 1897 1462 ἡμεῖς

294 1477 637 1529 ἀποσείεσθαι
675 1482 763 1528 τόν
814 1483 1119 1548 προσιόντα,
1172 1483 1261 1530 καὶ
1317 1482 1610 1553 ἑχθραίνειν
1653 1480 1700 1532 ἐν
1732 1485 1896 1552 τούτῳ

296 1574 451 1636 Θεῷ;
508 1571 589 1623 Μή
641 1570 725 1631 σὺ,
776 1564 815 1617 ὧ
866 1570 1143 1631 θαυμάσιε,
1203 1567 1400 1641 βαρέως
1457 1573 1628 1641 φέροιο
1690 1573 1773 1622 ἐπὶ
1824 1578 1896 1640 τῷ

296 1650 491 1727 ἀνδρί·
521 1653 616 1705 κᾶν
661 1656 737 1707 ὅτι
786 1655 1016 1726 μάλιστα
1067 1657 1104 1707 οἶ
1138 1656 1299 1726 λέγεις
1346 1662 1673 1728 πεπραχέναι
1722 1659 1892 1725 αὐτόν,

298 1739 672 1795 ἀποδέδεικται
723 1743 887 1802 ἀληθῆ
936 1742 1065 1796 εἶναι
1106 1761 1116 1771 ·

297 1850 385 1903 μεν
452 1833 545 1892 ἓως
610 1840 703 1884 τοῦ
764 1837 1037 1897 παρόντος,
1106 1838 1240 1896 οὔτε,
1310 1834 1353 1886 εἰ
1413 1840 1502 1887 καὶ
1579 1835 1895 1909 ἀκηκόαμεν,

296 1925 532 1993 κρίνομεν
583 1921 738 1973 αὐτόν
769 1920 817 1973 ἐν
850 1925 1068 1984 τούτοις.
1100 1928 1397 1997 Γέγραπται
1421 1926 1521 1998 γάρ
1557 1943 1568 1954 ·
1602 1930 1696 1983 Μή
1740 1926 1765 1977 ὁ
1803 1930 1897 1977 νό-

295 2029 406 2080 μος
444 2012 617 2081 ήμῶν
656 2015 862 2083 κρίνει
911 2015 1015 2062 τὸν
1054 2014 1406 2084 ἄνθρωπον,
1449 2008 1549 2064 ἐὰν
1589 2018 1668 2085 μή
1713 2013 1892 2065 ἀκού-

298 2117 374 2169 σῃ
417 2098 557 2172 παρ’
622 2100 818 2152 αὑτοῦ
857 2105 1188 2173 πρότερον,
1238 2106 1345 2153 καὶ
1384 2109 1507 2172 γνῷ
1548 2107 1608 2153 τί
1673 2110 1893 2167 noui;

298 2190 397 2239 Καὶ
428 2187 580 2239 πάλιν
623 2190 648 2240 ό
681 2189 997 2249 Ἀπόστολος
1025 2189 1159 2259 λέγει
1192 2212 1205 2223 ο
1247 2193 1413 2243 Κατὰ
1450 2190 1891 2264 πρεσϐυτέρου

294 2282 696 2348 κατηγορίαν
745 2283 823 2349 μή
882 2275 1287 2349 παραδέχου,
1344 2279 1520 2340 ἐκτός
1577 2280 1748 2353 εἰμὴ
1791 2280 1893 2333 ἐπὶ

297 2360 411 2416 δύο
451 2369 481 2423 ἣ
524 2374 714 2438 τριῶν
754 2369 1113 2440 μαρτᾶρων.
1146 2366 1363 2420 Ἐπειτα
1391 2366 1515 2421 οὐδὲ
1549 2373 1744 2421 τούτων
1770 2375 1893 2445 πρό-

294 2472 460 2505 κειται
488 2453 641 2524 λόγος
671 2455 699 2513 ἦ
730 2455 939 2517 ἐξουσία
964 2464 1055 2508 τοῦ
1079 2461 1267 2528 κρίνειν
1293 2473 1305 2485 ⁶
1335 2457 1465 2509 ἀλλὰ
1496 2463 1610 2532 περὶ
1636 2466 1732 2511 τοῦ
1768 2480 1892 2534 προ-

298 2544 509 2595 σίεσθαι
532 2547 653 2604 τοὺς
697 2545 1134 2607 ὑποπεπτωκότας
1176 2550 1269 2603 τήν
1299 2548 1570 2617 μετάνοιαν
1601 2565 1613 2576 ·
1647 2567 1890 2619 ταμιευο-

296 2635 456 2701 μένων
526 2640 625 2683 τῶν
678 2634 777 2685 ὑπὸ
844 2641 939 2695 τῆς
989 2639 1289 2705 τιμιότητός
1328 2655 1421 2687 σου
1473 2635 1800 2707 λελεγμένων,
1859 2641 1888 2698 ή

297 2720 517 2773 ἐνταῦθα
566 2730 730 2796 καιρῷ
782 2720 854 2793 τῷ
913 2719 1081 2775 δέοντι
1131 2731 1233 2783 τοῖς
1292 2734 1588 2797 προεστῶσι
1635 2734 1725 2787 τῆς
1782 2728 1894 2780 Ἐκ-

297 2811 537 2873 κλησίας,
606 2812 635 2870 ή
705 2810 753 2861 ἐν
821 2820 891 2882 τῷ
958 2812 1190 2883 μέλλοντι
1257 2813 1406 2864 αἰῶνι
1469 2821 1539 2865 τῶ
1601 2823 1751 2889 κριτῇ
1794 2826 1893 2869 τῶν

298 2898 559 2956 ἁπάντων,
624 2903 711 2952 Διό
768 2900 1102 2972 συμϐουλεύω
1153 2909 1214 2972 τῇ
1275 2908 1611 2975 χρηστότητί
1666 2925 1760 2956 σου
1803 2904 1895 2977 ἀφ-

297 2992 443 3061 εμένη
500 2996 598 3039 τῶν
636 2990 798 3059 λόγων
842 2988 1041 3041 ἐκείνων
1089 2989 1137 3041 ἐν
1181 2999 1252 3061 τῷ
1294 2994 1414 3051 τέως
1461 2992 1795 3066 εὐχαριστεῖν
1824 3003 1894 3065 τῷ

298 3081 472 3149 Κυρίῳ
504 3077 586 3128 ἐπὶ
630 3086 690 3149 τῇ
741 3085 831 3129 τοῦ
878 3075 1072 3151 ἀνδρὸς
1099 3084 1344 3150 μετανοίᾳ
1383 3096 1394 3108 '
1434 3084 1501 3141 ὡς
1554 3079 1613 3131 ἄν
1656 3087 1894 3156 συνεργοὶ

296 3168 468 3236 εἴημεν
519 3173 632 3236 Θεῷ
662 3174 732 3236 τῷ
780 3166 1009 3238 φιλοῦντι
1059 3168 1323 3228 σώζεσθαι
1375 3172 1542 3221 πάντα
1579 3171 1889 3239 ἄνθρωπον·

294 3253 390 3305 κάν
422 3257 591 3326 τούτῳ
621 3255 883 3327 εἰρήνην
923 3259 1168 3327 ἔχωμεν
1207 3263 1365 3331 πρός
1404 3262 1597 3310 αῦτὸν
1639 3255 1750 3310 διὰ
1786 3266 1895 3311 τοῦ

298 3348 543 3417 Κυρίου
592 3346 765 3414 ἡμῶν
807 3345 1025 3402 Ἰησοῦ
1066 3353 1385 3417 Χριστοῦ,
1424 3352 1523 3400 Καὶ
1582 3347 1723 3408 τελος
1776 3350 1895 3400 ὃταν

292 3431 460 3504 λάϐῃς
490 3436 690 3507 καιρόν,
725 3437 863 3505 εἴπερ
912 3439 1002 3486 καὶ
1051 3435 1244 3499 ζητεῖς,
1301 3440 1415 3487 τότε
1454 3436 1740 3497 deorum;
1786 3442 1899 3510 κρίο

294 3541 423 3573 νοιο.
477 3526 546 3573 Τό
599 3519 657 3574 δὲ
709 3531 796 3573 νῦν
854 3526 1156 3596 προσεύχου
1220 3529 1337 3597 περὶ
1401 3526 1567 3596 ἡμῶν,
1633 3526 1898 3586 σώζεσθαι

295 3612 433 3677 ἡμᾶς
465 3610 619 3682 ψυχῇ
664 3631 719 3663 τε
774 3616 862 3664 καὶ
895 3618 1097 3683 σώματι
1127 3630 1139 3641 ·
1168 3614 1245 3665 ὅτι
1294 3613 1641 3685 ὁμολογοῦμεν
1694 3624 1898 3666 πάντων

296 3698 579 3772 ἀνθρώπων
644 3700 1059 3775 ἁμαρτωλότεροι
1120 3702 1269 3754 εἶναι.
1337 3701 1394 3753 Ὀ
1472 3705 1659 3775 Κύριος
1724 3704 1749 3754 ό
1812 3701 1898 3776 ἀρ-

299 3794 649 3858 χιεπίσκοπος
750 3789 968 3841 πλεῖστά
1085 3810 1141 3842 σε
1233 3794 1630 3863 προσαγόρεύει,

298 3879 594 3949 αγορευθεὶς
663 3879 763 3929 ὑπὸ
838 3886 932 3938 τῆς
990 3888 1158 3950 φωνῆς
1236 3899 1328 3931 σου
1367 3898 1378 3909 °
1439 3883 1540 3932 ἐπεὶ
1607 3885 1694 3932 καὶ
1774 3882 1900 3932 πάν-

298 3984 379 4025 τες
455 3969 503 4017 οἱ
568 3965 679 4037 μεθ’
744 3968 889 4038 ἡμῶν
961 3963 1193 4039 ἀδελφοί.
1265 3967 1501 4042 Ἐῥρωσο
1579 3970 1627 4020 ἓν
1700 3972 1897 4042 Κυρίῳ,

303 4051 512 4127 ἀδελφέ.

410 4179 547 4231 ΡΠΔ¹
579 4180 722 4251 (78).
761 4211 827 4220 --
854 4179 1177 4252 Αΰξεντίῳ
1215 4183 1565 4253 ἡγουμένῳ.
1593 4178 1794 4253 [ψνδᾚ

1736 3811 1898 3865 προσ-

2006 500 2218 565 virum,
2251 508 2306 556 et
2327 501 2665 571 episcopale
2694 519 2913 557 nomen
2943 502 3249 573 adeptum.
3280 504 3486 574 Itaque
3516 518 3653 571 gra-

2005 588 2168 644 tulati
2201 607 2409 643 sumus
2440 590 2604 661 quod
2632 591 3049 661 episcopatum
3071 593 3308 647 tandem
3339 592 3650 655 abdicarit,

2003 678 2224 746 eligens
2251 679 2336 733 vel
2370 679 2453 732 sic
2487 695 2591 749 pro
2624 679 2891 748 neglecto
2918 680 3121 735 haberi
3152 696 3162 733 :
3197 681 3393 751 ipsum
3427 696 3648 735 conve-

2002 766 2183 822 nienti
2215 783 2403 837 poenae.
2433 768 2799 838 subjecimus
2830 785 2841 823 :
2868 770 3385 840 quemadmodum
3418 770 3650 839 egimus

2003 856 2061 909 in
2089 857 2155 910 iis
2187 856 2285 928 qui
2323 856 2546 911 similia
2570 863 3007 928 perpetrarunt.
3042 860 3192 912 Deus
3224 866 3426 913 autem
3453 861 3645 930 poeni-

2004 944 2249 999 tentium
2289 950 2395 999 est.
2432 948 2493 999 Et
2520 944 2635 999 hoc
2673 944 3052 1000 manifestum
3084 946 3441 1015 poenitentiae
3481 960 3653 1013 argu-

2003 1039 2267 1087 mentum
2314 1035 2661 1105 requisitum
2694 1040 2779 1089 est
2827 1040 2950 1088 tum
2994 1051 3029 1088 a
3078 1034 3252 1089 nobis
3297 1041 3425 1089 tum
3464 1035 3541 1090 ab
3580 1035 3652 1089 iis

2003 1121 2224 1192 quibus
2252 1122 2399 1177 alios
2422 1123 2672 1178 sanandi
2697 1138 2840 1177 cura
2859 1123 3231 1179 demandata
3255 1129 3363 1192 est,
3388 1140 3520 1178 eum
3552 1124 3654 1195 qui

2003 1210 2207 1281 lapsus
2222 1216 2330 1275 est,
2358 1211 2431 1266 de
2458 1212 2807 1283 episcopatu
2833 1211 3041 1266 cedere
3069 1218 3157 1266 :et
3178 1228 3213 1267 a
3241 1213 3427 1267 sacris
3446 1213 3652 1276 arceri,

2005 1302 2335 1369 cum'pcena
2350 1301 2660 1356 subeunda
2678 1316 2866 1372 usque
2892 1300 2966 1355 ad
2987 1307 3220 1372 tempus
3246 1302 3430 1373 pacis.
3457 1302 3511 1356 Si
3526 1302 3655 1355 haec

2006 1390 2206 1459 itaque
2241 1391 2326 1443 vir
2350 1389 2443 1444 ille
2479 1405 2599 1460 prae
2628 1405 2689 1444 se
2720 1395 2921 1461 aperte
2954 1390 3081 1444 tulit
3115 1407 3127 1445 :
3163 1393 3413 1461 quinam
3446 1406 3656 1444 sumus

2008 1493 2116 1531 nos
2146 1482 2208 1531 ut
2229 1478 2613 1534 accedentem
2647 1478 3023 1549 repellamus,
3049 1480 3174 1533 etin
3203 1480 3407 1534 odium
3438 1478 3655 1534 idcirco

2008 1567 2106 1620 Dei
2154 1567 2532 1622 incurramus
2568 1568 2595 1623 ?
2643 1571 2721 1623 Ne
2763 1573 2845 1631 tu,
2881 1568 2969 1621 vir
3008 1567 3384 1632 admirande,
3428 1567 3655 1622 homini

2008 1654 2086 1709 illi
2117 1671 2496 1719 succenseas,
2526 1656 2616 1711 vel
2643 1656 2690 1711 si
2721 1656 3000 1721 maxime,
3033 1671 3168 1728 quae
3211 1655 3288 1712 ab
3318 1672 3388 1710 eo
3423 1660 3658 1727 patrata

1166 1743 1269 1797 ἐπεὶ
1320 1748 1465 1817 ἡμεῖς
1514 1750 1629 1798 οὔτε
1672 1746 1896 1805 ἀκηκόα.

2008 1759 2236 1808 narras,
2275 1759 2410 1798 vera
2442 1762 2573 1799 esse
2600 1750 2823 1800 constet
2857 1744 3391 1816 :quandoquidem
3421 1760 3530 1799 nos
3560 1758 3658 1799 ne-

2005 1848 2123 1903 que
2153 1832 2209 1886 in
2242 1833 2402 1887 hunc
2437 1834 2597 1888 diem
2630 1833 2970 1888 audivimus
2998 1851 3010 1888 :
3045 1849 3174 1898 nec,
3207 1833 3343 1888 licet
3371 1833 3658 1888 audiisse-

2007 1937 2159 1987 mus,
2189 1923 2385 1991 ipsum
2416 1923 2489 1977 de
2515 1923 2605 1977 his
2632 1922 2999 1993 judicamus.
3033 1924 3328 1992 Scriptum
3351 1929 3437 1977 est
3463 1922 3654 1977 enim:

2002 2010 2294 2081 Nunquid
2311 2012 2408 2067 lex
2420 2018 2627 2067 nostra
2639 2012 2881 2081 judicat
2904 2012 3219 2078 hominem,
3237 2010 3355 2066 nisi
3363 2012 3534 2078 prius
3547 2026 3658 2066 au-

2003 2100 2179 2155 dierit
2205 2100 2279 2155 ab
2310 2101 2452 2169 ipso.
2478 2108 2531 2156 et
2554 2103 2889 2171 cognoverit
2911 2101 3058 2172 quid
3077 2101 3269 2170 faciat
3303 2102 3350 2136 υ
3379 2099 3408 2154 ?
3440 2102 3502 2154 Et
3530 2115 3656 2154 rur-

2004 2205 2135 2243 sum
2170 2189 2489 2260 Apostolus
2523 2190 2633 2244 ait:
2655 2190 2957 2245 Adversus
2978 2191 3388 2259 presbyterum
3414 2204 3654 2245 accusa-

1978 2279 2216 2333 tionem
2236 2279 2364 2333 noli
2386 2278 2665 2347 recipere,
2692 2279 2810 2333 nisi
2833 2280 2941 2333 sub
2972 2278 3199 2333 duobus
3231 2285 3336 2333 aut
3355 2278 3544 2333 tribus
3574 2283 3653 2333 te-

2000 2367 2187 2422 stibus
2215 2368 2283 2419 ‘5.
2328 2368 2545 2422 Deinde
2577 2383 2768 2439 neque
2798 2368 2949 2422 ratio
2980 2367 3239 2438 suppetit
3278 2366 3364 2420 vel
3393 2370 3655 2437 potestas

2001 2455 2075 2510 de
2105 2455 2197 2510 his
2224 2455 2559 2526 judicandi,
2598 2456 2699 2510 sed
2728 2471 2831 2510 eos
2858 2455 2959 2527 qui
2989 2471 3049 2508 se
3074 2455 3435 2526 paenitentiae
3460 2455 3657 2524 subje-

2002 2544 2203 2611 cerint,
2248 2543 2602 2598 admittendi
2634 2566 2644 2597 :
2676 2544 2991 2598 reservatis
3028 2543 3095 2597 iis
3128 2559 3302 2614 quaaa
3330 2542 3658 2598 reverentia

2001 2636 2106 2687 tua
2136 2638 2608 2688 commemorata
2635 2638 2795 2697 sunt,
2823 2631 2913 2687 vel
2944 2633 3000 2686 in
3035 2634 3146 2686 hac
3170 2633 3286 2687 vita
3315 2636 3657 2702 Opportuno

2002 2726 2290 2791 tempore,
2317 2722 2649 2792 praepositis
2675 2721 2980 2786 Ecclesiae;
3012 2720 3099 2775 vel
3120 2721 3178 2775 in
3211 2721 3409 2775 futuro
3436 2720 3656 2774 saeculo

2000 2812 2183 2881 judici
2234 2811 2526 2866 omnium.
2580 2810 2990 2875 Quamobrem
3037 2816 3243 2864 auctor
3284 2826 3417 2863 sum
3455 2807 3656 2879 pietati

2005 2906 2140 2966 tuae,
2165 2899 2535 2955 dimissishis
2562 2898 3375 2968 sermonibusnuncquidem
3406 2898 3655 2952 Domino

2005 2990 2226 3058 gratias
2252 3004 2427 3057 agere
2454 2988 2532 3042 ob
2564 2988 2671 3042 viri
2702 2987 3111 3058 paenitentiam
3138 2988 3184 3021 ¹⁶
3218 3003 3232 3049 ;
3261 2992 3319 3040 ut
3348 2985 3657 3056 adjutores

1927 3112 1970 3168 ρ
2005 3077 2103 3131 Dei
2155 3078 2366 3141 simus,
2425 3078 2525 3147 qui
2587 3075 2713 3129 vult
2768 3090 3012 3129 omnem
3062 3074 3366 3128 hominem
3426 3073 3656 3128 salvum

2004 3166 2127 3221 ﬁeri
2157 3167 2203 3201 1⁷
2229 3183 2240 3219 :
2276 3171 2331 3220 et
2363 3170 2610 3219 eatenus
2638 3179 2851 3234 pacem
2879 3163 3204 3218 habeamus
3224 3163 3304 3218 ad
3334 3164 3525 3230 ipsum
3548 3177 3659 3229 per

2006 3255 2321 3311 Dominum
2368 3262 2637 3309 nostrum
2681 3254 2877 3308 .Iesum
2926 3251 3230 3308 Christum
3272 3252 3338 3302 ιδ.
3396 3250 3657 3321 Denique

2005 3362 2143 3400 cum
2171 3344 2467 3415 acceperis
2502 3349 2760 3413 tempus,
2784 3342 3078 3412 siquidem
3107 3341 3220 3395 hoc
3249 3340 3489 3412 quieris,
3517 3344 3657 3394 tunc

2002 3432 2573 3505 justitiasjudicabis
2590 3433 2659 3488 ιο.
2685 3433 2747 3485 In
2768 3431 3045 3501 praesenti
3066 3445 3205 3484 vero
3228 3444 3336 3500 pro
3356 3428 3530 3483 nobis
3552 3445 3660 3484 ora

2009 3529 2070 3578 ut
2100 3522 2245 3577 salvi
2275 3528 2399 3577 tum
2442 3521 2645 3575 animo
2679 3526 2803 3575 tum
2835 3534 3084 3590 corpore
3118 3519 3341 3573 simus:
3388 3533 3528 3572 nam
3563 3534 3659 3571 su-

2008 3629 2115 3684 pra
2170 3610 2448 3665 mortales
2490 3626 2700 3664 omnes
2743 3624 2851 3663 nos
2892 3614 3235 3679 peccatores
3287 3607 3656 3678 proﬁtemur.

2012 3701 2298 3756 Dominus
2323 3699 2812 3770 archiepiscopus
2826 3696 3149 3767 plurimam
3178 3696 3281 3750 tibi
3306 3696 3558 3750 salutem
3574 3695 3660 3750 di-

2008 3791 2103 3855 cit,
2133 3804 2312 3862 quem
2354 3793 2410 3842 et
2440 3794 2539 3842 tuo
2582 3787 2826 3842 nomine
2867 3786 3266 3842 salutavimus
3297 3801 3309 3840 :
3344 3784 3562 3840 deinde
3605 3787 3662 3838 et

2008 3894 2218 3935 omnes
2247 3877 2351 3950 qui
2378 3877 2698 3932 nobiscum
2724 3880 2859 3930 sunt
2883 3875 3113 3929 fratres.
3140 3873 3276 3930 Vale
3300 3873 3359 3928 in
3388 3872 3657 3937 Domino,

2011 3968 2209 4023 frater.

2282 4177 2589 4235 CLXXXIV.
2624 4207 2691 4217 —
2730 4174 3031 4231 Auxentio
3070 4175 3411 4245 praeposito.

1300 4279 1605 4342 Respondet
1639 4280 1704 4328 ad
1740 4279 2002 4344 quasdam
2040 4278 2159 4341 ejus
2193 4276 2658 4338 interrogationes.

374 4368 443 4417 Τό
496 4369 585 4437 μεν
632 4369 854 4439 γράμμα
918 4375 1014 4429 τῆς
1068 4372 1367 4439 τιμιότητός
1431 4388 1526 4420 σου
1586 4366 1894 4441 ἐδεξάμεθα,
1932 4368 1974 4421 D

302 4460 392 4506 καὶ
446 4456 513 4516 ὡς
575 4452 635 4513 ἦν
685 4458 808 4527 ἡμῖν
865 4454 1085 4508 δυνατόν
1145 4455 1426 4527 ἐπήλθομεν
1466 4477 1478 4489 ·
1531 4460 1595 4509 τὰ
1643 4464 1731 4529 μὲν
1781 4458 1899 4510 καθ’

302 4545 450 4614 ἡμῶν
512 4543 744 4615 ἐγκώμια
796 4543 1101 4619 πορρωτέρω
1181 4548 1396 4617 θέμενοι,
1479 4549 1545 4608 ὡς
1594 4546 1687 4597 οὐκ
1744 4544 1898 4608 ἀξίων

301 4633 729 4704 ἐγκωμιαστικῆς
793 4631 907 4686 οὐδ’
968 4634 1095 4695 ὅλως
1166 4633 1469 4706 ἐμφάσεωςο
1528 4637 1609 4687 ὅτι
1670 4640 1741 4706 μή
1808 4640 1897 4687 καὶ

300 4731 724 4796 κατηγορητικῆς
770 4723 958 4793 μᾶλλον
1011 4724 1367 4794 ἐπισκώψεως.
1412 4730 1555 4785 Τίνες
1594 4727 1691 4795 γὰρ
1747 4723 1896 4795 ἐσμὲν

300 4813 451 4882 ἡμεῖς
498 4813 546 4862 οἱ
603 4812 827 4883 ἀχρεῖοι,
863 4818 951 4864 καὶ
1004 4809 1125 4864 οὐδὲ
1156 4812 1405 4883 ὀνόματος
1461 4812 1597 4875 ἄξιοι
1638 4813 1696 4864 οὗ
1732 4812 1897 4864 ἐπικε-

302 4899 537 4970 κλήμεθα
570 4916 584 4965 ;
621 4904 750 4971 Πρός
803 4897 860 4952 δε
915 4904 980 4952 τὰ
1049 4901 1426 4961 ἐπιζητηθέντα
1500 4921 1583 4953 σοι
1646 4901 1897 4973 κεφάλαια

307 4991 562 5058 Γραφικὰ,
596 4992 729 5040 πάνυ
767 4987 1117 5062 ἐξενίσθημεν,
1170 4990 1250 5041 ὄτι
1298 4995 1387 5042 καὶ
1440 4995 1565 5064 πρός
1620 4992 1771 5061 ἡμῶν
1796 5000 1896 5042 τῶν

308 5074 519 5148 ἀμαθῶν
572 5078 602 5135 ή
650 5075 919 5148 ἐξήγησις,
974 5084 1125 5148 καίγε
1162 5084 1276 5152 περὶ
1329 5082 1573 5131 τοιούτων
1608 5077 1893 5150 ἐμφάσεων,

380 5266 426 5300 ¹⁴
464 5267 634 5321 Joan.
674 5280 769 5330 v11,
812 5269 899 5320 5t.

309 5351 505 5402 Lxxw,
538 5339 590 5392 3.

978 5266 1025 5301 1⁵
1066 5265 1087 5318 l
1123 5267 1269 5321 Tim.
1313 5282 1365 5331 ν,
1412 5271 1496 5323 19.

1575 5267 1621 5302 1⁸
1667 5266 1866 5321 Ezech.
1910 5282 2109 5331 χχχιιι,
2159 5270 2238 5320 lt.

2083 4368 2322 4422 Litteras
2347 4362 2814 4420 honoriﬁcentia:
2843 4366 2955 4417 tuae
2976 4360 3343 4430 accepimus,
3377 4363 3432 4414 et
3457 4359 3660 4431 quoad

2008 4457 2305 4524 integrum
2340 4454 2515 4507 nobis
2540 4452 2652 4506 fuit
2670 4451 2947 4521 legimus,
2972 4450 3260 4504 encomiis
3286 4449 3502 4503 nostris
3528 4464 3667 4519 pro-

2008 4546 2101 4599 cul
2130 4543 2431 4614 seqositis,
2470 4546 2531 4597 ut
2556 4542 2658 4614 qui
2690 4540 3114 4594 encomiastica
3137 4537 3663 4607 laudationedigni

2007 4634 2171 4688 nullo
2200 4632 2379 4686 modo
2420 4647 2651 4694 sumus,
2688 4629 2787 4683 sed
2825 4627 3194 4683 accusatoria
3224 4628 3421 4697 potius
3454 4641 3663 4696 expro-

2008 4721 2294 4777 bratione.
2330 4720 2585 4785 Quinam
2615 4718 2775 4773 enim
2807 4734 3016 4772 sumus
3046 4731 3156 4769 nos
3186 4715 3443 4776 inutiles,
3464 4730 3536 4770 ne
3563 4731 3665 4770 no-

2009 4812 2169 4866 mine
2199 4810 2449 4881 quidem
2475 4808 2639 4877 digni
2661 4823 2781 4879 quo
2816 4806 3282 4878 nuncupamur?
3304 4804 3386 4859 Ad
3408 4804 3507 4858 illa
3526 4820 3662 4859 vero

2010 4900 2321 4971 Scripturze
2354 4898 2546 4968 capita
2573 4897 2646 4952 de
2673 4896 2892 4969 quibus
2922 4894 3314 4962 interrogasti,
3344 4893 3666 4947 vehemen-

2009 4994 2087 5043 ter
2127 4987 2569 5057 obstupuimus,
2611 4985 2775 5055 quod
2806 5000 2842 5039 a
2882 4983 3054 5039 nobis
3094 4983 3349 5037 indoctis
3389 4981 3663 5038 facienda

2008 5080 2077 5133 sit
2094 5077 2411 5142 enarratio,
2438 5080 2493 5130 et
2517 5075 2762 5146 quidem
2782 5088 3141 5129 arcanorum
3163 5070 3482 5143 ejusmodi,
3508 5087 3662 5142 quo-

2319 5265 2364 5300 ”
2403 5265 2422 5319 Ι
2458 5263 2605 5319 Tim.
2647 5282 2703 5329 ΙΙ,
2743 5265 2795 5318 4.
2878 5262 2923 5297 1⁸
2964 5263 3133 5317 Rom.
3174 5276 3232 5325 v,
3280 5265 3326 5315 t.
3410 5261 3455 5297 1³
3495 5259 3653 5316 Psal.

1872 5442 2095 5499 ΝΟΤᾸΕ.

381 5566 494 5640 (78)
523 5567 585 5624 In
614 5565 751 5624 cod.
779 5568 920 5639 Reg.
952 5566 1082 5644 ρπζ.
