4058 6274
462 279 600 334 1567

1723 281 1786 338 S.
1829 280 2194 338 THEODORI
2234 279 2560 337 STUDITIE

3673 273 3812 330 i568

454 418 591 460 rum
621 405 968 462 dilucidatio
985 406 1063 461 ad
1089 406 1324 462 divinos
1345 412 1576 463 tantum
1605 407 1953 477 interpretes
1973 423 2097 478 per-

2211 406 2245 457 ἆ
2299 404 2476 463 ἀνήκει
2527 408 2700 476 μόνοις
2749 410 2858 465 τοῖς
2917 404 3179 474 θεοφόροις
3233 397 3626 466 διαλευκαίνειν,
3687 398 3811 473 παρ’

457 497 658 559 tineat,
679 510 714 549 a
743 493 1107 566 quibusjam
1140 496 1300 550 edita
1329 502 1418 550 est
1443 496 1790 561 declaratio,
1813 495 2096 550 maxime-

455 598 572 653 que
592 585 667 638 ad
702 583 950 638 verbum
973 600 1006 639 a
1030 600 1249 653 magno
1275 589 1333 639 et
1362 584 1564 641 divino
1591 585 1820 640 Basilio.
1849 588 2098 656 Sumpto

457 671 636 739 igitur
647 674 1078 728 commentario
1092 674 1141 744 ej
1154 691 1220 728 us
1233 675 1429 728 codice
1444 674 1499 728 in
1517 675 1951 739 lsaiam,disces
1967 689 2100 744 quae

457 761 789 826 desideras;
824 763 1146 833 praesertim
1181 779 1317 817 cum
1349 763 1615 833 epistolae
1650 764 1894 818 modum
1935 778 2098 818 exce-

455 848 556 902 dat
572 867 584 916 ;
600 865 735 920 quae
758 852 1049 919 integram
1063 850 1446 922 scriptionem
1463 853 1661 920 exigit,
1681 852 1884 906 talium
1900 867 2098 906 rerum

455 937 827 1007 disceptatio.
863 940 1028 1003 Quod
1054 956 1189 994 vero
1211 939 1296 994 ais
1324 942 1689 1011 propositam
1722 957 1852 995 esse
1883 941 2100 994 Judasis

461 1025 778 1081 verborum
803 1029 1240 1082 contentionem
1269 1047 1281 1086 :
1315 1029 1439 1082 sine
1469 1029 1972 1094 Christomachos,
2002 1032 2101 1083 Pa-

459 1120 614 1169 trum
638 1117 880 1187 optime,
901 1116 1162 1172 furerein
1177 1119 1426 1189 seipsos.
1445 1119 1725 1184 Quienim
1741 1118 1930 1190 ipsius
1948 1119 2097 1172 Chri-

459 1204 552 1269 sti,
577 1205 692 1259 veri
714 1205 810 1260 Dei
826 1205 1029 1270 nostri,
1049 1205 1383 1261 doctrinam
1407 1207 1806 1277 exploserunt,
1833 1208 1936 1277 qui
1960 1222 2099 1277 apo-

459 1293 744 1348 stolorum
780 1300 1077 1365 praecepta
1107 1294 1471 1366 repulerunt,
1505 1297 1608 1367 qui
1636 1299 1907 1350 omnium
1935 1296 2103 1350 deni-

455 1397 572 1452 que
598 1382 933 1436 divinorum
955 1384 1191 1438 Patrum
1211 1385 1370 1438 celsa
1391 1383 1629 1456 eloquia
1643 1384 1914 1440 detestati
1932 1383 2102 1440 sunt;

455 1470 616 1526 haud
634 1486 778 1526 sane
792 1472 1103 1526 conveniat
1130 1489 1265 1528 cum
1283 1474 1372 1528 his
1401 1473 1842 1537 ambulare,aut
1873 1490 2101 1529 sermo-

455 1575 592 1615 nem
616 1561 898 1614 conferre.
919 1561 1108 1617 Sinite
1123 1563 1278 1626 illos,
1301 1563 1378 1616 ait
1395 1563 1700 1628 Dominus,
1720 1563 1862 1619 caeci
1873 1570 2007 1618 sunt
2032 1566 2101 1618 ³ο.

456 1651 519 1702 Et
539 1649 831 1720 propheta
851 1650 929 1704 ait
953 1667 965 1704 :
997 1651 1131 1706 Non
1155 1658 1239 1707 est
1258 1652 1545 1721 gaudium
1568 1652 1781 1722 impiis,
1807 1652 1962 1707 dixit
1992 1654 2097 1707 Do-

2209 496 2276 546 ὧν
2303 499 2392 546 καὶ
2427 497 2455 552 ἡ
2510 491 2833 565 διασάφησις
2889 491 3109 562 ἐγεγόνει
3146 510 3152 517 ·
3190 495 3340 560 καίγε
3395 489 3628 561 μάλιστα
3675 491 3810 540 κατά

2207 584 2340 647 λέξιν
2388 587 2487 636 ὑπό
2533 591 2624 635 τοῦ
2664 583 2888 656 μεγάλου
2942 586 3028 632 καὶ
3079 583 3215 632 θείου
3265 579 3556 633 Βασιλείου.
3620 576 3806 632 Λαϐὼν

2207 674 2294 726 οὖν
2325 678 2382 725 τὸ
2414 673 2481 733 εἰς
2519 676 2605 724 τὸν
2662 672 2883 723 Ἡσαΐαν
2933 670 3299 745 ἑρμηνευτικὸν
3358 665 3516 720 αὐτού
3571 673 3806 733 πυκτίον,

2207 765 2422 835 μαθήσῃ
2466 765 2531 814 τὰ
2583 763 2998 832 ἐπιζητούμενα”
3056 758 3215 818 ἄλλως
3268 777 3320 810 τε
3382 759 3462 810 ὅτι
3494 762 3582 808 καὶ
3621 761 3808 830 μέτρον

2207 850 2501 924 ὑπερϐαίνει
2567 849 2863 914 ἐπιστολῆς,
2919 848 3041 907 ὅλης
3105 854 3410 919 συγγραφῆς
3491 842 3706 916 δεομένη
3772 846 3802 901 ἡ

2206 949 2305 992 τῶν
2358 942 2600 992 τοιούτων
2630 938 2907 1010 ἐπίκρισις.
2966 940 3097 1008 Πρός
3147 932 3204 987 δὲ
3235 938 3314 987 ὃτι
3368 943 3473 995 τοῖς
3527 930 3806 994 Ἰουδαίοις

2207 1031 2508 1101 λογομαχία
2555 1033 2824 1103 πρόκειται
2853 1045 2863 1056 ·
2899 1029 2957 1078 ἔα
2995 1029 3113 1086 τούς
3165 1030 3603 1099 Χριστομάχους,
3637 1020 3676 1074 ὦ
3699 1029 3805 1074 Πα-

2207 1123 2363 1191 τέρων
2420 1120 2622 1185 οῖριστε,
2672 1117 2859 1186 λυττᾴν
2926 1116 2998 1176 εἰς
3073 1114 3305 1175 ἑαυτούς.
3367 1115 3433 1165 Οἱ
3487 1114 3588 1184 γὰρ
3643 1111 3805 1162 αὐτοῦ

2209 1215 2444 1281 Χριστοῦ
2471 1215 2561 1258 τοῦ
2604 1205 2848 1263 ἀληθινοῦ
2895 1211 3027 1257 Θεοῦ
3076 1205 3217 1274 ἡμῶν
3247 1205 3332 1263 τὰς
3360 1198 3602 1272 διδαχόις
3647 1199 3807 1274 ἀποῤ-

2207 1298 2546 1370 ῥαπίσαντες,
2603 1297 2691 1354 τάς
2747 1313 2800 1346 τε
2841 1303 2938 1344 τὼν
2997 1291 3297 1344 ἀποστόλων
3349 1292 3618 1349 ὑποθήκας
3673 1305 3806 1356 παρ-

2211 1387 2489 1457 ωσάμενοι,
2549 1389 2635 1435 καὶ
2693 1378 2992 1440 συλλήϐδην
3019 1383 3222 1434 πάντων
3253 1388 3351 1432 τῶν
3404 1381 3656 1450 Θεοφόρων
3712 1377 3804 1436 τὰς

2209 1471 2500 1546 ύψηγορίας
2556 1469 2928 1544 βδελυξάμενοι
2974 1491 2986 1502 ⁸
3041 1470 3209 1541 σχολῇ
3274 1469 3321 1539 γ’
3389 1467 3448 1518 ἃν
3519 1465 3603 1537 ὑφ’
3657 1466 3805 1536 ἡμῶν

2209 1561 2395 1622 αύτούς
2471 1557 2805 1631 όδηγεῖσθαι,
2873 1563 2900 1617 ἦ
2965 1563 3224 1629 συναίρειν
3299 1556 3470 1627 λόγον,
3549 1557 3803 1613 καθῆκον.

2208 1650 2426 1721 Ἀφετε
2465 1650 2717 1713 αύτούς,
2749 1650 2988 1722 όΚύριος
3026 1643 3153 1712 εἷπε,
3187 1647 3416 1717 τυφλοί
3456 1645 3604 1697 εἰσι.
3643 1647 3745 1696 Καὶ
3777 1642 3804 1692 6

454 1737 648 1793 minus
680 1740 750 1790 ³1.
779 1741 1174 1810 Prmterquam
1207 1742 1362 1795 enim
1388 1741 1548 1812 quod
1583 1742 1724 1795 nihil
1750 1742 2097 1812 juvaremur

2212 1744 2488 1813 Προφήτης
2509 1737 2848 1810 φησίν-Οὐκ
2882 1739 3021 1788 ἔστι
3051 1741 3310 1807 χαίρειν
3348 1741 3484 1795 τοῖς
3517 1731 3802 1798 ἀσεϐέσι,

457 1840 526 1880 ex
553 1841 760 1881 eorum
777 1826 1105 1900 colloquio;
1136 1845 1244 1883 nos
1265 1829 1429 1899 ipsos
1460 1829 1766 1884 venenatis
1785 1830 1981 1885 verbis
2009 1845 2098 1885 ve-

456 1913 541 1968 lut
582 1916 944 1985 serpentium
979 1916 1182 1972 afﬂatu
1214 1916 1601 1973 lasderemus.
1656 1921 1804 1974 Deus
1844 1923 2102 1975 conteret

453 2003 656 2059 dentes
669 2019 868 2060 eorum
884 2006 943 2060 in
967 2007 1340 2076 ore-ipsorum
1363 2026 1382 2062 :
1399 2009 1589 2062 motas
1615 2008 1847 2063 leonum
1873 2008 2098 2076 confre-

453 2093 538 2162 git
554 2093 838 2148 Dominus
853 2098 918 2148 η.
938 2095 1247 2151 Sufficiam
1262 2098 1386 2151 haec
1405 2096 1525 2151 tibi.
1545 2097 1693 2161 Quid
1709 2104 1908 2152 autem
1927 2097 2098 2152 nobis

453 2184 791 2236 necessario
815 2184 1223 2254 praestandum
1239 2191 1345 2249 est,
1366 2191 1425 2239 ut
1448 2186 1792 2256 placeamus
1806 2185 2100 2240 Domino?

454 2269 580 2334 Quo
607 2278 781 2340 pacto
807 2271 1026 2327 diaboli
1048 2271 1296 2344 laqueOs
1327 2271 1726 2342 effugiemus?
1746 2275 2026 2328 nimirum
2051 2273 2098 2329 si

455 2358 665 2430 spiritu
706 2365 994 2431 tanquam
1043 2361 1150 2416 alis
1208 2362 1608 2428 sublevemur,
1665 2379 1799 2436 quae
1855 2380 2095 2419 sursum

456 2454 594 2502 sunt
619 2455 971 2520 qumrentes,
1005 2467 1140 2521 quae
1173 2468 1405 2505 sursum
1453 2457 1591 2506 sunt
1629 2452 1950 2524 sapientes,
1996 2453 2095 2508 ubi

455 2536 715 2592 Christus
745 2545 830 2593 est
860 2539 918 2592 in
951 2539 1194 2594 dextera
1230 2541 1325 2594 Dei
1358 2541 1661 2598 sedens“:
1691 2547 1848 2596 unde
1874 2549 1930 2596 et
1959 2557 2096 2596 ven-

455 2631 621 2680 turus
651 2633 740 2681 est
768 2644 903 2682 cum
936 2629 1164 2698 angelis
1182 2628 1408 2684 virtutis
1424 2647 1546 2685 suae
1569 2630 1626 2684 in
1651 2630 1897 2686 ﬂamma
1916 2631 2092 2699 ignis,

454 2712 774 2770 vindictam
807 2715 1064 2772 inferens
1097 2718 1164 2771 iis
1195 2718 1298 2788 qui
1326 2734 1441 2773 non
1482 2725 1773 2773 noverunt
1805 2723 2008 2788 Deum,
2040 2724 2097 2775 et

454 2802 558 2872 qui
589 2818 711 2857 non
754 2803 1044 2860 obediunt
1089 2807 1407 2874 Evangelio
1437 2808 1565 2877 ejus
1597 2809 1680 2874 ³⁴;
1715 2810 1826 2863 hoc
1869 2812 1956 2862 est
1997 2811 2086 2863 Ju-

453 2889 615 2956 dasis,
645 2899 700 2946 et
725 2893 1482 2963 qui‘consentiuntJudteis,
1511 2897 2000 2966 autperversione
2022 2897 2094 2952 ﬁ-

453 2979 547 3034 dei
579 2986 680 3033 aut
711 2981 842 3036 vitae
873 2983 1182 3052 pravitate.

2206 1829 2379 1898 λέγει
2422 1831 2680 1901 Κύριος.
2717 1829 2850 1897 Πρός
2878 1828 2976 1897 γὰρ
3008 1834 3079 1896 τῷ
3109 1820 3275 1896 μηδὲν
3323 1823 3630 1894 ὠφελεῖσθαι
3656 1820 3704 1872 ἐν
3736 1827 3800 1891 τῇ

2210 1915 2444 1988 συμϐολῇ
2499 1923 2589 1967 τοῦ
2665 1915 2844 1985 λόγου,
2927 1919 3015 1966 καὶ
3085 1913 3297 1974 ἑαυτούς
3369 1909 3806 1986 παραϐλάψοιμεν

2208 2013 2316 2068 τοῖς
2365 2005 2584 2066 ἰοϐόλοις
2637 2006 2862 2079 ῥήμασι,
2911 1999 3069 2060 δίκην
3119 2005 3273 2073 ὄφεως
3330 2004 3802 2072 φαρμακευόμενοι,

2211 2102 2252 2147 Ο
2283 2098 2438 2154 Θεὸς
2480 2092 2834 2167 συντρίψει
2873 2097 3027 2152 τούς
3067 2088 3338 2151 ὀδόντας
3377 2089 3580 2140 αὐτῶν
3620 2087 3676 2138 ἐν
3717 2093 3804 2157 τῷ

2211 2190 2486 2255 στόματι
2527 2183 2767 2234 αὐτῶνο
2811 2184 2922 2242 τὰς
2953 2180 3156 2241 μύλας
3194 2189 3315 2231 τῶν
3354 2178 3620 2230 λεόντων
3662 2196 3803 2228 συν-

2207 2273 2473 2325 έθλασεν
2514 2273 2538 2323 ό
2581 2274 2831 2342 Κύριος.
2879 2269 3193 2323 Ἱκανούσθω
3254 2287 3338 2319 σοι
3394 2274 3579 2318 ταῦτα.
3623 2270 3688 2318 Τί
3743 2262 3804 2316 δὲ

2208 2361 2525 2434 ὀφειλόμενον
2574 2363 2697 2431 ἡμῖν
2757 2359 2807 2422 ἐξ
2883 2358 3190 2429 ἀναγκαίου,
3241 2359 3379 2418 ὅπως
3439 2356 3805 2430 εύαρεστὴσω-

2205 2470 2294 2523 μεν
2349 2459 2420 2520 τῷ
2480 2451 2656 2522 Κυρίῳ
2690 2465 2702 2515 ;
2740 2455 2851 2510 Πῶς
2900 2446 3286 2519 διαφευξόμεθα
3337 2449 3426 2505 τὰς
3480 2447 3650 2515 πάγας
3707 2450 3803 2495 τοῦ

2207 2537 2505 2604 διαϐόλους
2561 2538 2800 2595 Δηλονότι
2853 2539 3133 2610 ὑπόπτεροι
3185 2543 3255 2605 τῷ
3305 2537 3562 2606 πνεύματι
3620 2539 3805 2604 γίγνοι-

2205 2648 2367 2701 μενοι,
2422 2631 2486 2678 τὰ
2544 2628 2648 2678 ἄνω
2712 2627 3005 2686 ζητοῦντες.
3073 2629 3137 2676 τὰ
3194 2626 3297 2676 ἅνω
3368 2631 3682 2696 φρονοῦντες,
3739 2622 3802 2674 οὗ

2205 2719 2230 2769 6
2290 2720 2516 2788 Χριστός
2582 2718 2740 2779 ἐστιν,
2807 2713 2854 2765 ἐν
2919 2710 3068 2783 δεξιᾷ
3130 2720 3222 2765 τοῦ
3277 2717 3404 2765 Θεοῦ
3464 2714 3754 2782 καθήμενος
3789 2728 3800 2740 ·

2205 2806 2290 2878 ἀφ’
2348 2806 2407 2857 οὗ
2453 2809 2537 2856 καὶ
2581 2804 2690 2866 ἣξει
2740 2803 2847 2874 μετ’
2924 2801 3152 2874 ἀγγέλων
3210 2799 3474 2872 δυνάμεως
3533 2800 3690 2851 αὐτοῦ
3751 2803 3801 2851 ἓν

2201 2899 2329 2969 πυρὶ
2382 2893 2608 2964 φλογός·
2662 2888 2900 2951 διδόντος
2985 2888 3260 2947 ἐκδίκησιν
3330 2897 3436 2948 τοῖς
3491 2893 3561 2961 μὴ
3625 2885 3801 2940 εἰδόσι

2203 2989 2352 3048 Θεὸν,
2408 2987 2493 3034 καὶ
2550 2989 2658 3042 τοῖς
2719 2985 2789 3052 μὴ
2844 2982 3171 3033 ὑπακούουσι
3219 2987 3291 3048 τῷ
3348 2977 3647 3049 Εύαγγελίῳ
3701 2978 3801 3027 αύ-

455 3075 566 3134 τοῦ,
626 3072 787 3140 ἤγουν
838 3068 1130 3136 Ἰουδαίοις,
1190 3077 1280 3124 καὶ
1330 3076 1374 3125 εἷ
1418 3092 1530 3126 τισι
1585 3077 1876 3146 σύμφροσιν
1938 3070 2230 3137 Ἰουδαίων,
2290 3077 2382 3124 καὶ
2431 3072 2564 3123 κατά
2622 3075 2848 3132 πίστεως
2916 3064 3260 3143 διαστροφὴν,
3319 3072 3407 3119 καὶ
3476 3069 3614 3119 κατὰ
3681 3063 3808 3138 βίου

461 3157 812 3230 στρεϐλότητα
823 3203 835 3216 ,

525 3247 657 3302 Haec
686 3248 992 3314 meditare,
1027 3267 1062 3305 ο
1094 3251 1305 3318 amice,
1336 3253 1393 3306 in
1427 3252 1518 3306 his
1549 3252 1773 3316 insiste,
1809 3259 1870 3308 ut
1899 3252 2095 3323 profe-

2273 3256 2452 3303 Ταῦτα
2491 3249 2696 3321 μελέτα,
2743 3246 2782 3299 ὦ
2828 3253 2941 3313 τᾶν,
2973 3248 3022 3299 ἒν
3051 3249 3256 3306 τούτοις
3283 3247 3396 3298 ἴσθι
3431 3260 3444 3273 ·

455 3339 584 3390 ctus
616 3345 750 3391 tuus
783 3338 1134 3393 manifestus
1176 3341 1246 3394 sit
1291 3342 1347 3394 in
1389 3342 1692 3396 omnibus.
1727 3342 2002 3396 Hortatur
2042 3346 2096 3396 te

454 3424 672 3479 Paulus
719 3442 978 3495 magnus
1021 3444 1218 3500 preco
1269 3430 1522 3484 veritatis
1568 3446 1581 3482 :
1623 3431 1853 3486 Stuttas
1903 3434 2094 3486 autem

454 3515 822 3584 quaestiones,
851 3521 903 3572 et
928 3518 1326 3586 genealogias,
1365 3526 1418 3574 et
1455 3523 1874 3587 contentiones,
1909 3525 1961 3574 et
1992 3535 2098 3587 pu-

453 3617 602 3673 gnas
625 3603 904 3660 Judaicas
935 3606 1132 3662 devita
1154 3607 1220 3656 “.
1260 3609 1326 3662 Ut
1355 3613 1554 3662 autem
1589 3609 1644 3662 in
1665 3625 1903 3663 summa
1933 3608 2005 3661 de
2031 3607 2099 3660 iis

453 3705 588 3760 quae
621 3694 980 3763 proposuisti
1019 3695 1514 3764 respondeamus,
1557 3701 1747 3751 totum
1781 3711 2098 3766 argumen-

453 3783 580 3834 tum
610 3781 948 3852 prophetice
974 3782 1046 3836 de
1073 3783 1337 3838 adventu
1367 3789 1454 3838 est
1486 3785 1720 3838 Domini
1749 3783 1934 3838 nostri
1963 3786 2100 3838 Jesu

457 3867 668 3924 Christi
719 3886 729 3924 :
787 3871 845 3925 in
894 3887 1014 3942 quo
1059 3878 1114 3926 et
1155 3875 1414 3943 populus
1466 3871 1570 3943 qui
1617 3873 1903 3943 expulsus
1953 3877 2097 3938 erat,

448 3958 749 4013 restitutus
788 3964 899 4023 est,
933 3976 967 4014 a
998 3965 1256 4031 quatuor
1294 3961 1422 4016 aliis
1459 3977 1566 4014 seu
1606 3961 1877 4033 partibus
1914 3967 2098 4028 terrae,

451 4052 506 4100 et
530 4047 693 4117 quod
715 4047 777 4104 in
793 4049 1068 4105 manibus
1089 4050 1374 4121 descripti
1389 4057 1528 4106 sunt
1554 4051 1712 4105 muri
1732 4053 1780 4086 ²⁶
1809 4066 1979 4106 novae
2002 4050 2100 4104 Je-

449 4134 938 4200 rusalem,crucis
974 4140 1322 4208 passionem
1353 4139 1669 4209 signiﬁcat.
1704 4141 1897 4196 Clavis
1919 4139 2101 4209 siqui-

450 4225 590 4279 dem
619 4242 833 4281 manus
861 4232 1098 4282 sanctas
1129 4229 1422 4292 confixus,
1448 4229 1720 4284 homines
1749 4228 1992 4283 retrahit
2023 4227 2099 4282 ab

451 4312 779 4370 immodica
823 4317 1044 4386 peccati
1095 4316 1426 4382 aﬂectione,
1470 4324 1524 4372 et
1567 4319 1866 4389 speciosos
1907 4317 2101 4371 reddit

450 4402 779 4474 archetypa
815 4404 1252 4474 pulchritudine
1297 4407 1711 4462 deiﬁcationis.
1759 4408 1974 4472 Quare,
2017 4407 2098 4460 ad

450 4491 793 4562 exemplum
829 4495 1275 4549 resurrectionis
1310 4502 1440 4566 post
1471 4502 1581 4550 tres
1604 4495 1728 4550 dies
1751 4503 2097 4565 noctesque,

3510 3245 3592 3296 ἶνα
3642 3263 3737 3296 σου
3769 3246 3799 3301 ἠ

2206 3343 2442 3414 προκοπὴ
2495 3334 2740 3410 φανερὰῇ
2794 3337 2840 3388 ἐν
2890 3343 3048 3392 πᾶσι,
3099 3335 3507 3409 Παρακελεύεταί
3549 3353 3632 3385 σοι
3664 3340 3807 3385 Παῦ-

2205 3426 2291 3488 λος
2333 3429 2358 3479 ό
2415 3431 2573 3499 μέγας
2627 3435 2719 3488 τῆς
2774 3425 3016 3486 ἀληθείας
3073 3423 3270 3498 κήρυξ”
3323 3427 3446 3484 Τὰς
3487 3419 3555 3474 δὲ
3593 3425 3811 3494 μωρὰς

2209 3517 2529 3578 ζητήσεις
2592 3521 2698 3567 καὶ
2758 3514 3210 3586 γενεαλογίας,
3276 3517 3382 3564 καὶ
3451 3515 3633 3586 ἕρεις,
3692 3516 3810 3563 καὶ

2208 3609 2423 3677 μάχας
2460 3602 2829 3666 Ἰουδαῑκὰς
2868 3600 3462 3677 παραιτήσαιο.Ἰνα
3495 3598 3617 3653 δὲέν
3649 3620 3813 3672 κεφα-

2207 3693 2334 3764 λαίῳ
2371 3698 2488 3767 περὶ
2535 3693 2601 3744 ὧν
2655 3697 2947 3764 προέτεινας
2982 3691 3360 3763 ἀποκριθώμεν,
3390 3692 3501 3742 ὅλον
3533 3693 3589 3741 τὸ
3621 3690 3810 3761 λῆμμα

2207 3791 2300 3844 τῆς
2339 3788 2652 3855 προφητείας
2679 3786 2795 3853 περὶ
2822 3790 2916 3842 τῆς
2964 3785 3258 3852 παρουσίας
3287 3787 3376 3831 τοῦ
3426 3780 3622 3851 Κυρίου
3656 3781 3806 3850 ἡμῶν

2210 3871 2386 3928 Ἰησοῦ
2442 3878 2676 3944 Χριστοῦ
2720 3870 2859 3922 ἐστιν
2895 3887 2906 3900 ·
2941 3869 2988 3922 ἐν
3104 3876 3193 3920 καὶ
3225 3871 3250 3920 6
3278 3868 3396 3929 λαὸς
3443 3870 3467 3920 6
3501 3867 3811 3938 ἀπωσμένος

2208 3960 2535 4012 ἁνασέωσται
2596 3960 2652 4012 ἐκ
2718 3969 2815 4011 τῶν
2882 3961 3149 4033 τεσσάρων
3197 3961 3477 4030 πτερύγων,
3546 3960 3644 4008 εἴτε
3715 3953 3808 4008 οὖν

2209 4051 2439 4124 περάτων
2470 4058 2562 4111 τῆς
2593 4057 2708 4120 γῆς.
2740 4053 2809 4101 Τό
2862 4067 2916 4100 τε
2946 4046 3046 4100 ἐπὶ
3084 4056 3202 4099 τῶν
3241 4055 3481 4118 χειρῶν
3521 4045 3805 4120 ἐζωγρα-

2211 4147 2285 4210 φῆ
2304 4141 2455 4191 σθαι
2494 4141 2569 4190 τὰ
2606 4143 2795 4210 τείχη
2832 4146 2924 4198 τῆς
2953 4141 3063 4198 νέας
3090 4135 3449 4210 Ἰερουσαλὴμ,
3491 4139 3548 4186 τὸ
3581 4154 3801 4206 σταυρι-

2209 4231 2297 4280 κόν
2349 4228 2513 4288 πάθος
2554 4224 2725 4284 δηλοῖ.
2773 4228 3012 4301 Ἐπείπερ
3061 4226 3202 4286 ἣλοις
3251 4225 3636 4298 ἐμπεπαρμένος
3684 4231 3803 4285 ταῖς

2210 4316 2382 4388 ἁγίαις
2433 4321 2641 4390 χερσὶν,
2692 4316 2880 4388 ἀφηλοῖ
2930 4320 2988 4366 τὸ
3043 4313 3358 4388 ἀνθρώπινον
3407 4322 3500 4374 τῆς
3537 4312 3804 4384 ἐμπαθοῦς

2209 4407 2324 4457 καθ’
2382 4405 2638 4478 ἁμαρτίαν
2695 4405 2860 4468 ἕξεως,
2893 4410 2982 4456 καὶ
3013 4407 3194 4477 ὡραιοῖ
3222 4413 3294 4472 τῲ
3347 4402 3626 4474 ὰρχετύπω
3677 4401 3802 4453 κάλ-

2208 4494 2280 4546 λει
2333 4503 2422 4554 τῆς
2478 4497 2720 4555 θεωσεως.
2779 4496 2887 4566 Ἐφ’
2937 4494 3013 4555 οἷς
3051 4497 3236 4566 μικρὸν
3268 4489 3361 4544 διὰ
3407 4499 3495 4551 τῆς
3527 4509 3807 4564 τριημερο-

453 4580 605 4635 Leva
633 4581 832 4636 oculos
881 4587 1011 4637 tuos
1056 4582 1120 4637 in
1150 4584 1425 4648 circuitu,
1456 4591 1506 4638 et
1536 4585 1693 4652 ﬁlios
1724 4590 1855 4638 tuos
1899 4599 2097 4638 omnes

2207 4587 2392 4635 νύκτου
2413 4582 2968 4655 ἆναστάσεως,⁷Αρον
3007 4582 3214 4653 κύκλῳ
3252 4585 3397 4641 τούς
3437 4579 3807 4652 ὀφθαλμούς

451 4668 583 4724 vide
609 4685 631 4723 .'
652 4684 782 4725 ecce
807 4674 1149 4741 congregati
1167 4679 1304 4727 sunt
1337 4676 1390 4728 et
1421 4677 1706 4727 venerunt
1738 4673 1817 4727 ad
1845 4678 1917 4727 te.
1963 4672 2097 4727 Vivo

447 4773 572 4827 ego,
607 4758 750 4814 dicit
771 4759 1056 4814 Dominus
1084 4761 1150 4812 ³⁷.
1185 4761 1322 4825 Quae
1355 4767 1562 4832 postea
1586 4767 1934 4832 sequuntur,
1961 4779 2098 4816 con-

451 4862 605 4903 nexa
635 4849 994 4919 prophetice,
1033 4848 1166 4904 laeta
1195 4857 1331 4904 sunt
1361 4855 1417 4903 et
1444 4850 1671 4914 festiva,
1711 4857 1765 4905 et
1796 4852 1972 4922 plena
2000 4852 2099 4921 ju-

451 4936 773 4992 cunditatis
806 4953 820 5003 ;
853 4944 909 4992 et
947 4939 1046 5009 qui
1080 4943 1250 5008 grato
1281 4945 1366 4994 est
1405 4938 1629 5004 animo,
1679 4939 1982 5008 intelliget,
2027 4941 2098 4993 si-

450 5026 692 5097 mulque
739 5026 1093 5082 acclamabit
1145 5028 1579 5096 congruentia:
1631 5028 1904 5098 ingratus
1959 5045 2096 5083 vero

447 5113 689 5170 Iudaeus
720 5131 906 5185 pravo
937 5115 1044 5170 erit
1087 5117 1286 5182 corde,
1328 5132 1396 5171 ac
1437 5131 1630 5187 neque
1666 5119 1861 5182 Vetus,
1904 5134 2099 5190 neque

454 5205 688 5258 Novum
727 5206 1168 5261 Testamentum
1209 5205 1409 5261 audiet
1455 5204 1532 5260 ad
1574 5205 1849 5261 salutem.
1893 5207 1938 5260 Α
1979 5223 2100 5279 quo

449 5291 774 5349 liberemur
803 5299 1149 5349 sanctorum
1183 5293 1485 5366 precibus,
1515 5294 1880 5350 sanctiﬁcata
1911 5298 2096 5359 Pater,

531 5498 579 5534 ³ο
603 5495 803 5554 Matth.
834 5511 931 5560 xv,
969 5498 1050 5551 14.
1129 5495 1173 5532 ²¹
1207 5495 1318 5551 lsa.
1350 5509 1538 5560 XLVII],
1570 5497 1658 5549 22.

463 5571 514 5607 ³⁸
539 5568 654 5626 Isa.
685 5582 844 5635 nix,
877 5571 960 5624 16.
1038 5567 1084 5604 ιτ
1116 5568 1232 5623 lsa.
1257 5582 1351 5633 1.x,
1382 5568 1437 5621 4.

1736 5495 1784 5530 ³³
1817 5492 1965 5550 Psal.
1997 5508 2127 5562 Lvn,
2155 5493 2208 5550 7.

2211 4693 2342 4735 σου,
2373 4678 2477 4725 καὶ
2519 4669 2618 4724 ἴδε
2655 4674 2897 4732 πάντας
2935 4674 3242 4733 τούςυίούς
3276 4666 3580 4722 σουσίδού
3617 4674 3809 4726 συνή-

2207 4763 2454 4832 χθησαν
2494 4766 2600 4812 καὶ
2642 4757 2828 4818 ἦλθον
2868 4765 3026 4835 πρὸς
3067 4763 3151 4812 σε.
3180 4767 3269 4812 Ζῶ
3301 4760 3438 4830 ἐγὼ,
3470 4759 3643 4830 λέγει
3689 4762 3812 4810 Κύ-

2207 4870 2352 4926 ριος.
2377 4850 2631 4922 Ἐπομενα
2672 4853 2874 4912 τούτοις
2913 4853 2976 4902 τὰ
3032 4854 3332 4922 συνημμένα
3395 4856 3456 4919 τῇ
3492 4853 3809 4920 προφητείᾳ,

2207 4943 2522 5013 χαρίσματά
2573 4958 2626 4990 τε
2657 4944 2746 4991 καὶ
2801 4939 3110 5013 εἰρτάσιμα,
3142 4943 3231 4989 καὶ
3282 4936 3454 5009 πλήρη
3487 4932 3752 5006 θυμηδίας
3790 4954 3802 4965 '

2207 5034 2296 5081 καὶ
2355 5030 2379 5080 ό
2424 5032 2512 5101 μεν
2567 5028 2858 5100 εὐγνώμων⁹
2912 5031 3104 5080 εἵσεται
3133 5031 3222 5078 καὶ
3255 5024 3800 5097 συνεπιφθέγξεταιτὸι

2211 5118 2385 5171 εἰκότα
2421 5137 2433 5149 ·
2477 5119 2501 5169 6
2558 5114 2616 5170 δὲ
2667 5120 2916 5189 άγνώμων
2963 5112 3215 5176 Ἰουδαῖος
3276 5110 3805 5190 στρεϐλοκαρδιάσει,

2211 5212 2300 5259 καὶ
2347 5209 2462 5259 οὔτε
2516 5206 2766 5269 Παλαιᾶς,
2812 5209 2929 5257 οὔτε
2963 5209 3094 5266 Νέας
3145 5205 3406 5264 Διαθήκης
3458 5201 3802 5254 ἐπακούσεται

2211 5296 2392 5366 ὑγιῶς,
2433 5295 2510 5348 Οὔ
2549 5296 2862 5370 ῥυσθείημεν
2909 5294 3090 5365 εὐχαῖς
3138 5293 3315 5365 ἁγίων,
3369 5293 3650 5363 ἡγιασμένε
3702 5294 3810 5344 Ποί-

2858 5491 2905 5526 ²⁴
2932 5491 2975 5545 ΙΙ
3000 5490 3204 5548 Thess.
3238 5509 3275 5558 ι,
3304 5493 3356 5547 8.

2286 5493 2334 5528 ³³
2367 5491 2591 5549 Coloss.
2621 5507 2700 5557 ιιι,
2736 5495 2781 5545 1.
2858 5491 2905 5526 ³⁸
2932 5491 2975 5545 ll
3000 5490 3204 5548 Thess.
3238 5509 3275 5557 ι,
3304 5493 3356 5547 8.
3433 5491 3480 5526 ³⁸
3503 5488 3608 5545 Tit.
3635 5503 3716 5555 ιιι,
3750 5493 3806 5544 9.
