4058 6274
284 307 419 363 1569

1543 296 2052 360 EPISTOLARUM
2093 303 2229 360 LIB.
2273 304 2343 363 Il.

3484 310 3622 367 1570

258 452 365 506 τερ,
424 437 514 495 καὶ
555 434 840 503 σωθείημεν
880 429 928 483 ἐν
972 439 1034 502 τῇ
1088 430 1333 504 βασιλείᾳ
1382 438 1482 485 τῶν
1528 430 1775 503 οὐρανῶν,
1811 428 1858 481 ἐν

1984 434 2023 484 at
2044 430 2346 486 salvemur
2365 432 2423 487 in
2453 448 2638 501 regno
2665 434 2976 499 caelorum,
3004 434 3064 489 in
3093 435 3326 492 Christo
3349 437 3489 490 Jesu
3515 436 3622 491 Do-

267 528 481 594 Χριστῷ
510 520 689 578 Ἰησοῦ
718 528 789 591 τῷ
817 524 992 593 Κυρίῳ
1022 521 1187 591 ἡμῶν.
1222 520 1411 590 Ἀμήν,

370 649 516 698 ΡΠΕ¹
544 647 680 715 ('79).
707 675 775 686 —
813 640 1157 715 Εύδοκίμῳ
1194 646 1533 715 σπαθαρίῳ
1572 641 1747 715 [ψνε’.]

1972 521 2134 574 mino
2161 526 2386 575 nostro.
2418 523 2634 576 Amen.

2243 646 2531 702 CLXXXV.
2566 677 2628 689 --
2663 648 2981 704 Eudocimo
3010 649 3343 717 spat/tario.

1426 740 1744 790 Consolatur
1777 740 1843 789 de
1877 741 2113 790 caecitate
2142 742 2447 794 oculorum.

343 836 445 884 Καὶ
495 831 578 904 ἀφ’
638 831 829 884 ἑαυτῶν
906 832 1345 903 ἑπαισθανόμεθα,
1410 832 1531 882 ὅσον
1597 833 1654 882 τὸ
1707 830 1866 900 ἄλγος

254 925 435 973 καὶτὸ
467 923 632 982 πάθος
687 924 745 973 τὸ
795 924 1062 992 συμπεσὸν
1100 928 1161 992 τῇ
1204 926 1470 992 τιμιότητί
1522 939 1636 974 σου.
1669 925 1776 971 Νῦν
1809 909 1866 971 δὲ

260 1006 445 1067 ἐπειδὴ
498 1010 794 1080 ἠκούσαμέν
855 1028 948 1061 σου
1002 1014 1090 1060 καὶ
1143 1018 1240 1060 τῶν
1290 1008 1714 1060 πολυστενάκτων
1764 1028 1867 1079 φω-

259 1106 377 1164 νῶν,
430 1095 810 1156 ὑποδηλουσῶν
868 1100 1066 1150 ἕκαστα
1115 1108 1214 1150 τῶν
1277 1096 1679 1169 συμϐεϐηκότων
1728 1095 1868 1149 ἀνια.

261 1194 386 1261 ρῶν,
438 1187 588 1240 πλέον
647 1186 1065 1259 ἐπῃσθάνθημεν,
1122 1191 1210 1239 καὶ
1253 1187 1673 1259 συνηλγήσαμεν,
1733 1188 1868 1239 κατά

259 1281 316 1330 τὸ
371 1279 518 1339 εὶκος.
580 1278 715 1331 Ἀλλ’
768 1280 906 1349 ὅμως
954 1279 1086 1338 ὅπως
1147 1276 1207 1329 ἂν
1254 1275 1552 1349 μεθοδεύοις
1620 1281 1685 1329 τὰ
1735 1278 1866 1348 πρά-

259 1386 440 1438 γμοιτοι
487 1371 622 1419 κατὰ
677 1363 890 1419 δικαίαν
936 1370 1134 1419 ἔκτισιν
1174 1374 1307 1419 Θεοῦ
1354 1366 1726 1424 ἀπαντήσαντά
1758 1385 1860 1429 σοι,

262 1452 315 1508 εὖ
368 1456 607 1529 πράττων
662 1455 755 1506 κάν
808 1459 996 1526 τούτῳ,
1049 1459 1116 1518 ὡς
1169 1461 1353 1517 κακίας
1409 1456 1598 1528 μᾶλλον
1651 1460 1739 1507 καὶ
1771 1454 1861 1507 οὐκ

262 1552 453 1616 αρετῆς
510 1542 739 1618 βάσανον
792 1548 883 1606 τὰς
935 1544 1180 1619 ἐπιφορὰς
1234 1544 1528 1617 ἐνεχθῆναι.
1584 1544 1760 1617 Ἡμεῖς
1813 1540 1862 1595 δ’

260 1630 349 1685 οὖν
408 1633 466 1685 οὐ
520 1636 830 1706 παυσόμεθα
884 1641 969 1685 καὶ
1005 1637 1081 1685 ἔτι
1122 1638 1249 1709 πρὸς
1275 1639 1332 1685 τὸ
1378 1637 1604 1705 εὔσημον
1663 1638 1751 1685 καὶ
1783 1633 1863 1684 εύ-

262 1718 589 1793 διάγνωστον
644 1722 1006 1794 ἀνθυποφέρειν
1049 1728 1134 1774 τὸν
1167 1723 1344 1794 λογον,
1402 1724 1713 1794 Ἐστέρησαι
1757 1740 1866 1773 τοι-

258 1818 452 1885 γαροῦν
497 1810 682 1881 ὅψεως.
743 1816 843 1864 Καὶ
882 1811 1111 1882 ἀλγεινὸν
1151 1816 1284 1880 (πῶς
1321 1815 1421 1885 γὰρ
1455 1814 1516 1863 οῦ
1550 1812 1610 1882 ;),
1653 1814 1738 1863 τὸν
1774 1811 1867 1861 λύ-

260 1919 387 1972 χνον
443 1908 534 1952 τοῦ
579 1909 820 1973 σώματος
878 1900 1251 1953 ἀπολωλεκέναι
1285 1901 1445 1956 Ἀλλά
1496 1900 1649 1953 πάλιν
1708 1900 1867 1971 εὐχα-

261 1993 556 2064 ριστήριον,
604 1993 684 2042 ὅτι
729 1991 1077 2062 ἀϐλεπτοῦμεν
1123 1994 1189 2042 τὰ
1240 1998 1329 2042 τοῦ
1377 1995 1579 2061 κόσμου
1621 1991 1818 2060 μάταια
1852 2007 1864 2019 ·

259 2076 316 2139 ἑξ
373 2074 529 2151 οὗπερ
607 2080 957 2154 ὑποφέρεσθαι
1033 2083 1225 2151 πέφυκε
1280 2083 1382 2138 πᾶς
1438 2085 1556 2138 νοῦς
1631 2077 1724 2128 οῦκ
1793 2074 1869 2127 εύ-

260 2170 469 2228 κταίως.
531 2170 770 2239 Εἵρχθης
818 2164 1059 2240 προόδων
1112 2173 1202 2219 καὶ
1254 2164 1488 2220 συνόδων
1546 2165 1774 2217 ἀστικῶν
1818 2183 1872 2217 τε

260 2260 350 2307 καὶ
408 2254 759 2327 ἀνακτορικῶν
788 2275 802 2288 ⁸
855 2255 959 2307 ἀλλ’
1020 2254 1108 2308 οὖν
1160 2276 1220 2327 γε
1275 2256 1595 2326 λελύτρωσαι
1649 2254 1870 2311 Ἐκκλη-

266 2348 385 2405 σίας
458 2349 900 2418 πονηρευομένων,
968 2351 1059 2397 καὶ
1136 2344 1567 2416 πναναστροφῆς
1639 2362 1871 2417 παρανο-

264 2435 516 2503 μούντων.
576 2430 746 2494 Οἶδας
800 2434 825 2485 ὃ
872 2434 1024 2505 λέγω,
1095 2434 1341 2505 ἑφιλῶθης
1397 2436 1463 2485 τὰ
1520 2434 1867 2505 ύπάρχοντα;

267 2527 356 2573 καὶ
406 2541 559 2574 τουτο
610 2520 1013 2595 δυσφορώτατον
1046 2539 1058 2550 ⁸
1094 2522 1202 2574 ἀλλ’
1249 2526 1389 2593 ἔχεις
1419 2528 1475 2573 τό
1532 2526 1735 2593 κούφως
1792 2525 1872 2592 φέ-

268 2612 472 2682 ρεσθαι,
530 2616 619 2663 καὶ
686 2612 982 2684 ὑπερπλέειν
1043 2620 1140 2663 τῶν
1199 2609 1456 2684 βιωτικῶν
1511 2613 1870 2684 περιστάσεων

269 2702 358 2750 καὶ
420 2699 877 2772 συναλλαγμάτων.
928 2708 1037 2753 Ποῦ
1073 2701 1187 2752 ποτ’
1247 2699 1306 2750 ἂν
1362 2700 1514 2775 εὗρες,
1573 2696 1613 2749 ὦ
1668 2700 1873 2770 θαυμά-

272 2804 373 2852 σιε,
416 2791 568 2839 τόπον
596 2796 849 2854 τοιοῦτον,
884 2789 989 2841 οἶον
1037 2796 1146 2854 νῦν,
1197 2787 1245 2840 ἐν
1278 2789 1317 2860 ᾧ
1348 2791 1458 2841 ἔστι
1500 2808 1556 2840 σε
1589 2788 1871 2850 σχολάζειν

271 2882 404 2945 Θεῷ,
463 2875 548 2928 λαὶ
602 2886 793 2947 γνῶναι
850 2877 1005 2929 αὑτὸν
1053 2878 1172 2929 καθ’
1220 2878 1340 2930 ὅσον
1388 2878 1493 2929 οἷον
1524 2893 1623 2943 τε;
1661 2884 1766 2928 Ποῦ
1815 2873 1873 2927 δε

269 2968 451 3036 καιρὸν
489 2972 721 3018 τοιοῦτον
773 2975 1102 3040 προσευχῆς,
1162 2974 1474 3037 στεναγμοῦ,
1527 2966 1870 3046 κατανύξεως,

268 3053 591 3115 ἕκπετάσεως
651 3064 866 3129 χειρῶν,
919 3058 1039 3108 ὅσον
1090 3060 1363 3130 πρόκειται
1416 3057 1536 3125 ὑμῖν
1596 3055 1873 3107 ἀπολαύειν

265 3145 321 3194 ἐκ
358 3150 461 3204 τῆς
489 3145 858 3215 ἑπενεχθείσης
907 3144 1147 3220 ἐπηρείας
1184 3162 1198 3211 ;
1232 3145 1355 3215 Οὐχ
1385 3146 1511 3217 ὁρᾷς
1550 3146 1629 3196 ὅτι
1671 3144 1738 3204 εἰς
1779 3164 1873 3195 κα-

269 3232 356 3283 λόν
399 3251 483 3284 σοι
538 3234 806 3292 ἀπήντηκε
860 3236 926 3285 τὰ
977 3235 1283 3307 πράγματα,
1336 3238 1747 3309 περιτραπείσης
1783 3240 1877 3292 τῆς

268 3326 459 3382 κακίας
521 3330 620 3373 τῶν
695 3321 975 3397 ἀνθρώπων
1031 3322 1101 3383 εἰς
1173 3327 1435 3397 σωτηρίαν
1495 3338 1635 3388 σου;
1686 3321 1735 3374 ἓν
1792 3321 1877 3372 ἐπὶ

266 3411 477 3463 πάντων
534 3408 921 3482 διαγνωστέον’
978 3413 1055 3464 ὅτι
1114 3413 1249 3464 κατά
1300 3416 1393 3470 τὴν
1445 3416 1699 3484 προτέραν
1756 3410 1872 3463 ἀνα-

273 3505 502 3574 στροφὴν
553 3498 945 3576 δυστέκμαρτον
992 3498 1053 3559 ἧν
1104 3500 1444 3554 ἐπιλαϐέσθαι
1471 3509 1562 3553 τοῦ
1614 3506 1874 3576 σωτηρίου

275 3592 655 3661 συντάγματος,
715 3590 910 3642 πολλῶν
969 3594 1146 3657 ὄντων,
1214 3592 1280 3652 ὡς
1335 3587 1511 3656 οἶσθα,
1580 3597 1679 3641 τῶν
1738 3588 1876 3640 ἀντι-

264 3684 594 3751 πραττόντων
625 3688 698 3750 τῷ
746 3680 945 3732 εὐσεϐεῖ
994 3687 1193 3750 σκοπῷ.
1226 3686 1333 3732 Νῦν
1375 3677 1434 3731 δὲ
1463 3682 1704 3737 ἤνοικται
1753 3679 1873 3748 ὑμῖν

270 3767 397 3839 οὐχὶ
433 3774 563 3840 μόνη
615 3776 711 3831 τῆς
757 3773 1028 3842 μετανοίας
1067 3771 1098 3827 ἡ
1137 3771 1270 3843 θύρα
1302 3788 1314 3801 ο
1350 3767 1477 3820 ἀλλὰ
1529 3773 1619 3819 καὶ
1672 3775 1761 3827 τῆς
1788 3766 1871 3819 οὐ·

268 3862 453 3930 ρανίου
487 3856 765 3929 βασιλείας
818 3860 847 3917 ἡ
883 3854 1091 3919 εἴσοδος
1121 3875 1133 3887 ·
1165 3862 1254 3909 καὶ
1284 3862 1386 3918 πᾶς
1416 3876 1496 3918 τις
1546 3864 1648 3909 τῶν
1693 3860 1871 3929 εὖφρο-

267 3949 486 3997 νούντων
546 3949 594 3998 ἓν
652 3955 725 4017 τῷ
771 3951 915 4022 μέρει
945 3956 1045 3999 τῶν
1093 3948 1397 4018 σωζομένων
1452 3965 1509 3998 σε
1558 3945 1820 4008 τετάξεται
1855 3961 1867 3974 ⁶

267 4040 360 4086 καὶ
406 4040 523 4109 περὶ
573 4035 645 4089 πῦ
697 4042 801 4097 πᾶς
852 4033 1139 4096 σπουδαῖος
1188 4034 1440 4107 ἐπείγεται
1473 4076 1488 4092 .
1536 4040 1625 4087 καὶ
1665 4034 1725 4087 οὗ
1771 4041 1873 4086 ποῦ

267 4132 452 4195 τυχεῖν
528 4123 680 4178 οῦδὲν
732 4135 831 4177 τῶν
884 4126 1121 4178 ἁπάντων
1180 4124 1570 4196 ἀνταξιῶτερον.
1638 4126 1754 4177 Εἴθε
1810 4121 1870 4183 ἧν

270 4232 382 4273 πως
438 4212 773 4287 ἀντάλλαγμα
821 4219 1063 4286 γενέσθαι
1124 4215 1195 4277 εἰς
1232 4218 1288 4267 τὸ
1343 4213 1667 4286 ἀμείψασθαι
1722 4212 1871 4270 ἀλλή-

2050 831 2114 886 Et
2162 848 2265 903 per
2305 849 2415 888 nos
2462 836 2624 904 ipsos
2663 835 3087 901 sentiebamus,
3138 842 3401 907 quantus
3439 836 3625 892 dolori

1978 927 2323 992 quantaque
2348 922 2746 978 sitcalamitas
2768 940 2903 995 quae
2927 924 3625 980 accidithonoriﬁcentiaa

1981 1014 2115 1064 tuae.
2162 1011 2332 1065 Nunc
2378 1027 2536 1076 vero,
2576 1019 2893 1083 postquam
2922 1019 2974 1067 te
3025 1014 3386 1085 audivimus,
3440 1021 3495 1069 et
3536 1014 3628 1069 lu-

1978 1103 2213 1153 ctuosas
2245 1115 2442 1165 voces,
2471 1116 2605 1171 quae
2645 1102 2951 1157 molestias
2984 1119 3136 1173 quas
3172 1119 3386 1172 passus
3420 1120 3507 1169 es,
3548 1105 3628 1157 si-

1978 1186 2226 1254 gillatim
2259 1190 2639 1253 enarrabant,
2675 1190 2935 1261 amplius
2964 1191 3282 1256 sensimus,
3321 1202 3375 1246 et
3402 1193 3627 1247 condo-

1979 1275 2196 1330 luimus
2244 1284 2306 1331 ut
2353 1293 2462 1347 par
2495 1286 2637 1333 erat.
2683 1284 2972 1335 Czeterum
3027 1297 3270 1352 quoque
3317 1281 3496 1336 modo
3550 1282 3625 1336 ad

1971 1364 2199 1434 justam
2234 1367 2330 1420 Dei
2362 1366 2687 1421 vindictam
2705 1367 2833 1422 haec
2864 1370 3085 1424 referas
3118 1384 3253 1441 quae
3284 1369 3384 1424 tibi
3409 1386 3625 1425 evene-

1974 1459 2133 1517 runt,
2159 1461 2311 1509 recte
2343 1455 2400 1509 in
2421 1455 2533 1509 hoc
2558 1457 2735 1511 etiam
2760 1473 2969 1527 agens,
2994 1459 3163 1528 quasi
3190 1474 3472 1513 aerumnae
3496 1461 3625 1514 istae

1977 1542 2051 1596 ad
2084 1544 2449 1612 puniendam
2482 1545 2766 1599 malitiam
2802 1546 3000 1616 potius
3029 1563 3210 1617 quam
3246 1548 3321 1601 ad
3359 1551 3619 1618 proban-

1976 1630 2118 1684 dam
2153 1636 2422 1686 vnrtutem
2452 1632 2666 1687 fuerint
2696 1633 2954 1688 inductas
2981 1654 2993 1692 :
3031 1651 3147 1689 non
3177 1634 3450 1691 differam
3477 1636 3629 1691 ultra

1977 1719 2208 1774 disertis
2264 1728 2320 1774 et
2367 1723 2701 1792 perSpicuis
2756 1725 2953 1778 verbis
3016 1741 3140 1779 rem
3197 1726 3416 1797 eloqui.
3489 1727 3629 1781 Visu

1978 1808 2179 1879 itaque
2209 1809 2455 1864 orbatus
2486 1827 2567 1865 es.
2596 1813 2778 1867 Grave
2813 1828 3051 1883 prorsus
3086 1831 3099 1867 :
3127 1814 3228 1885 qui
3258 1815 3417 1869 enim
3448 1830 3629 1883 grave

1978 1912 2100 1951 non
2127 1898 2525 1953 sitlucernam
2560 1902 2825 1971 corporis
2857 1902 3128 1956 amisisse
3158 1901 3185 1956 ‘3
3224 1907 3292 1957 At
3326 1910 3414 1958 est
3451 1904 3625 1958 vicis-

1981 1986 2093 2040 sim
2129 1989 2284 2041 unde
2338 1988 2541 2055 gratiae
2582 1996 2859 2058 agantur,
2897 1990 3038 2061 quia
3086 1993 3292 2046 mundi
3337 1993 3629 2047 vanitates

1980 2090 2101 2129 non
2130 2077 2451 2141 cernimus,
2477 2093 2545 2131 ex
2564 2094 2685 2148 quo
2711 2077 2843 2132 ferri
2870 2080 3140 2150 trahique
3171 2083 3441 2135 omnium
3469 2093 3629 2136 men-

1982 2171 2063 2218 tes
2096 2165 2287 2219 solent
2322 2166 2488 2219 aliter
2512 2182 2694 2236 qnam
2729 2168 3062 2238 optandum
3104 2171 3193 2223 sit.
3228 2170 3517 2224 lnhiberis
3552 2169 3631 2225 ab

1981 2254 2325 2321 egressibus
2347 2255 2889 2328 congressibusque
2917 2264 3040 2311 tum
3065 2258 3446 2313 urbanistum
3471 2259 3633 2329 pala-

1982 2342 2159 2396 tinis:
2209 2344 2312 2397 sed
2355 2344 2469 2397 hoc
2520 2345 2699 2399 modo
2739 2344 2886 2399 liber
2930 2346 3120 2400 factus
3159 2364 3221 2400 es
3255 2364 3289 2402 a
3333 2353 3628 2402 conventu

1982 2431 2462 2500 malignantium,
2490 2439 2542 2487 et
2567 2434 2844 2489 societate
2868 2434 3075 2506 iniqua
3106 2436 3430 2504 agentium.
3466 2435 3632 2490 Intel-

1980 2520 2111 2589 ligis
2139 2520 2286 2591 quid
2312 2522 2525 2587 dicam,
2563 2522 2855 2592 spoliatus
2893 2539 2954 2577 es
2988 2523 3385 2589 facultatibus,
3414 2532 3467 2580 et
3517 2525 3631 2579 hoc

1981 2608 2130 2664 ferre
2177 2608 2639 2665 difﬁcillimum:
2688 2612 2788 2665 sed
2831 2612 3017 2667 habes
3066 2629 3188 2685 quo
3215 2614 3420 2668 leviter
3452 2614 3630 2679 feras,

1981 2705 2037 2753 et
2068 2700 2269 2753 saeculi
2306 2701 2854 2770 Opportunitatibus
2892 2704 3386 2775 commerciisque
3419 2704 3497 2757 sis
3533 2718 3633 2757 su-

1982 2790 2199 2857 perior.
2245 2790 2495 2843 Ubinam
2542 2805 2831 2860 unquam,
2883 2790 2969 2844 vir
3008 2791 3385 2857 admirande,
3432 2791 3630 2846 locum

1983 2875 2161 2931 talem
2194 2883 2405 2931 nactus
2436 2893 2518 2944 es,
2551 2879 2793 2948 qualem
2823 2895 2998 2945 nunc,
3044 2880 3103 2933 in
3135 2896 3255 2950 quo
3283 2880 3387 2935 tibi
3418 2896 3634 2935 vacare

1990 2967 2104 3019 Deo
2125 2965 2275 3031 licet,
2306 2966 2625 3037 ipsumque
2648 2982 2847 3030 nosse,
2873 2969 3074 3039 quoad
3098 2968 3217 3023 ﬁeri
3246 2975 3441 3039 potest
3470 2968 3497 3023 ?
3526 2969 3634 3024 Ubi

1988 3060 2106 3109 tam
2138 3055 2527 3109 commodum
2562 3062 2798 3127 tempus
2823 3058 3129 3123 orationis,
3160 3058 3440 3126 gemitus,
3474 3074 3634 3112 com-

1990 3143 2345 3213 punctionis,
2370 3147 2756 3215 expansionis
2793 3162 3106 3211 manuum,
3141 3163 3325 3218 quam
3355 3163 3477 3218 quo
3520 3146 3635 3201 frui

1988 3232 2158 3287 vobis
2177 3235 2235 3286 in
2261 3244 2539 3304 promptu
2564 3240 2751 3289 estex
2778 3233 3001 3290 inﬂicta
3024 3235 3402 3290 calamitate?
3419 3241 3633 3289 Annon

1991 3320 2152 3375 vides
2192 3322 2354 3376 bono
2386 3330 2487 3377 tuo
2521 3338 2612 3377 res
2652 3323 2920 3389 cessisse,
2956 3338 3244 3380 conversa
3284 3326 3341 3378 in
3384 3324 3635 3379 salutem

1988 3416 2154 3464 tuam
2181 3411 2494 3465 hominum
2526 3413 2790 3482 nequitia
2814 3411 2841 3465 ?
2882 3414 3074 3468 Unum
3103 3428 3281 3484 super
3319 3414 3522 3468 omnia
3552 3414 3636 3468 di-

1982 3498 2399 3568 judicandum,
2434 3500 2594 3571 quod
2621 3500 2679 3554 in
2715 3501 2895 3570 priori
2920 3502 3050 3556 vitae
3074 3502 3438 3567 conditione,
3474 3502 3636 3557 intel-

1986 3586 2138 3641 lectu
2172 3589 2278 3642 fuit
2306 3587 2565 3651 difﬁcile,
2599 3604 2675 3643 an
2700 3589 2907 3644 salutis
2940 3592 3097 3645 viam
3120 3591 3446 3654 insisteres,
3485 3591 3635 3646 mul-

1988 3676 2081 3742 tis,
2108 3682 2169 3731 ut
2189 3679 2367 3743 nosti,
2398 3676 2494 3748 pio
2524 3679 2830 3749 proposito
2853 3680 3283 3734 resistentibus.
3309 3683 3477 3735 Nunc
3503 3695 3639 3735 vero

1984 3772 2189 3837 aperta
2210 3766 2382 3820 vobis
2414 3772 2499 3820 est
2528 3782 2647 3821 non
2678 3766 2875 3821 solum
2906 3768 3267 3838 paenitentiae
3293 3769 3501 3839 janua,
3533 3769 3635 3823 sed

1983 3855 2147 3924 regni
2195 3870 2436 3926 quoque
2484 3855 2773 3909 cmlorum
2820 3857 3153 3924 ingressus;
3201 3863 3374 3929 teque
3424 3874 3638 3912 omnes

1982 3947 2084 4016 qui
2112 3952 2265 3998 recte
2316 3944 2595 4010 sentiunt,
2639 3945 2698 3998 in
2748 3944 3173 3999 salvandorum
3218 3947 3427 4000 ordine
3456 3947 3635 4001 collo-

1984 4034 2204 4089 cabunt
2238 4048 2249 4087 :
2293 4032 2464 4102 cujus
2516 4034 2598 4086 rei
2629 4033 2825 4087 studio
2877 4035 3017 4087 boni
3056 4049 3267 4089 omnes
3307 4034 3639 4108 ducuntur,

1983 4130 2038 4179 et
2063 4124 2234 4193 cujus
2259 4121 2560 4191 adeptioni
2586 4120 2747 4175 nulla
2774 4122 3045 4176 omnium
3074 4137 3167 4176 res
3183 4128 3424 4194 estquae
3452 4124 3640 4194 aequi-

1987 4212 2182 4284 parari
2224 4213 2432 4282 possit.
2485 4212 2717 4265 Utinam
2758 4211 3118 4281 permutatio
3158 4211 3285 4267 ﬁeri
3327 4219 3531 4283 posset
3561 4211 3643 4267 ad

271 4301 380 4363 λοις
431 4307 522 4364 τὰς
563 4305 860 4367 αἰσθήσεις.
920 4310 1019 4358 Καὶ
1043 4305 1234 4358 πολλοῦ
1277 4306 1337 4357 ἄν
1370 4305 1533 4377 εὐχῆς
1582 4323 1673 4376 μοι
1729 4304 1870 4376 ἔργον

1986 4318 2195 4357 sensus
2242 4302 2493 4355 invicem
2546 4300 3036 4355 commutandos.
3088 4304 3152 4355 Et
3196 4302 3341 4356 mihi
3378 4301 3641 4373 quidem

269 4388 333 4450 ἦν
381 4400 443 4464 τῇ
500 4392 767 4469 ἀφαιρέσει
817 4403 907 4455 τῆς
937 4395 1100 4466 ὅψεως
1155 4397 1595 4467 σνναφαιρεθῆναι
1639 4397 1728 4444 καὶ
1776 4400 1874 4443 τῶν

270 4484 371 4553 πρὸ
432 4489 526 4544 τῆς
575 4482 735 4554 ὅψεως
769 4488 987 4559 κέντρων
1046 4493 1138 4545 τῆς
1167 4484 1449 4558 ἁμαρτίας.
1505 4481 1661 4535 Ἀλλὰ
1710 4488 1878 4533 ταῦτα

272 4574 364 4643 μὲν
410 4576 546 4624 κατὰ
594 4574 768 4645 φιλίας
821 4578 1030 4645 τρόπον.
1078 4577 1137 4626 Σὲ
1169 4571 1227 4625 δε
1262 4576 1287 4625 ὁ
1321 4573 1514 4644 ἀγαθὸς
1571 4575 1700 4633 Θεὸς
1731 4572 1875 4642 ἡμῶν

270 4661 648 4734 παρακαλέσειε
720 4662 1050 4737 παρακλήσει
1125 4663 1285 4735 πολλῇ
1366 4665 1525 4714 οἴσειν
1577 4671 1747 4713 πάντα
1800 4660 1877 4711 εὐ-

269 4755 567 4823 χαρίστως,
625 4755 760 4804 κατὰ
824 4758 1050 4825 μίμησιν
1106 4760 1199 4805 τοῦ
1257 4756 1520 4824 μακαρίου
1583 4749 1738 4803 Ἰὼϐ·
1789 4753 1878 4800 καὶ

272 4838 511 4902 ἀξιωσειε
562 4847 652 4893 καὶ
702 4842 767 4902 εὶς
809 4846 900 4900 τὴν
946 4842 1058 4895 κατ’
1120 4841 1415 4913 ὀφθαλμοὺς
1470 4839 1677 4912 ὁμιλίαν
1720 4839 1878 4891 ἐλθεῖν

272 4930 412 5001 ἡμας
459 4947 582 4981 ποτε
614 4946 627 4959 ”
680 4932 764 4983 ἶνα
810 4933 911 4983 ὅσα
961 4940 1048 4983 νῦν
1105 4929 1377 5004 διαφεύγει
1429 4937 1539 4991 τοῖς
1576 4932 1875 5001 γράμμασι,

274 5018 421 5090 ζώσῃ
473 5028 609 5093 φωνῇ
664 5018 1132 5094 ἀναπληρώσαιμεν
1167 5039 1179 5051 ⁸
1213 5027 1303 5073 καὶ
1352 5019 1541 5092 μᾶλλον
1594 5024 1882 5075 τηνικαῦτα

270 5112 605 5180 γνωρίσωμεν
659 5108 929 5180 ἀλλήλους,
998 5112 1053 5161 ἐκ
1127 5115 1320 5182 μικρᾶς
1376 5114 1625 5183 πρότερον
1699 5111 1882 5179 πείρας

272 5196 688 5270 ἀπογευσάμενοί
720 5218 817 5252 σου
847 5208 939 5262 τῆς
964 5199 1209 5268 γλυκείας
1234 5198 1467 5271 ἀγάπης.

1982 4391 2205 4445 summi
2234 4390 2347 4445 voti
2386 4405 2480 4444 res
2528 4389 2695 4454 foret,
2734 4405 2872 4443 cum
2908 4391 3067 4443 visus
3106 4390 3425 4461 adeptione
3456 4390 3646 4446 adimi

1988 4480 2167 4534 simul
2207 4494 2308 4534 eos
2346 4480 2448 4550 qui
2488 4477 2674 4532 oculis
2714 4478 3135 4543 observantur,
3179 4479 3452 4535 stimulos
3501 4496 3645 4551 pec-

1987 4570 2120 4625 cati.
2151 4568 2368 4622 Verum
2395 4568 2515 4622 haec
2541 4567 2815 4621 amicitiae
2837 4568 2970 4637 jure
2998 4568 3161 4623 dicta
3188 4571 3300 4623 sint
3326 4568 3644 4626 hactenus.

1984 4660 2057 4713 Te
2100 4672 2237 4712 vero
2288 4658 2485 4711 bonus
2526 4656 2683 4710 Deus
2738 4663 2936 4711 noster
2990 4656 3395 4712 consolatione
3450 4658 3644 4713 multa

1987 4747 2341 4811 consoletur,
2370 4752 2428 4801 ut
2458 4762 2595 4800 cum
2610 4747 2939 4814 gratiarum
2966 4747 3199 4802 actione
3230 4745 3382 4802 feras
3406 4747 3645 4814 omnia,

1988 4838 2144 4892 beati
2184 4836 2294 4890 Job
2334 4835 2629 4906 exemplo,
2672 4836 3066 4906 digneturque
3114 4844 3425 4907 praestare,
3481 4841 3542 4891 ut
3580 4837 3642 4891 in

1991 4932 2266 4980 mutuum
2326 4924 2687 4993 colloquium
2743 4940 2946 4979 coram
3010 4926 3322 4979 veniamus
3380 4940 3491 4979 nos
3538 4926 3648 4981 ali-

1988 5015 2236 5086 quando
2269 5031 2283 5082 ;
2315 5029 2435 5084 quo
2466 5029 2535 5068 ea
2582 5028 2717 5083 qum
2758 5028 2918 5067 nunc
2961 5013 3164 5067 litteris
3207 5014 3488 5084 explicari
3522 5030 3647 5070 non

1992 5112 2261 5176 possunt,
2296 5106 2430 5158 viva
2460 5119 2603 5157 voce
2636 5103 3027 5173 suppleamus
3058 5118 3071 5168 ;
3108 5108 3167 5157 et
3200 5110 3338 5157 tunc
3381 5104 3647 5175 amplius

1992 5200 2200 5250 mutuo
2231 5208 2341 5248 nos
2373 5208 2794 5263 agnoscamus,
2827 5192 2929 5263 qui
2959 5207 3030 5246 ex
3065 5193 3223 5247 tenui
3256 5193 3509 5249 antehac
3545 5209 3652 5248 ex-

1993 5283 2285 5355 perientia
2311 5281 2550 5337 dulcem
2580 5286 2749 5337 tuam
2778 5280 3126 5336 charitatem
3158 5281 3642 5353 degustavimus.

1824 5492 1832 5497 -
1861 5463 2087 5520 ΝΟΤΛΕ.

345 5564 460 5638 (79)
502 5566 565 5621 In
592 5566 728 5622 cod.
764 5569 900 5635 Reg.
938 5567 1089 5639 ρπη¹.
