4058 6274
448 289 580 354 1871

731 420 1045 476 CLXXXVI.
1081 451 1145 461 ——
1198 421 1419 476 Nicetes
1464 420 1812 492 Spathario.

1704 289 1764 351 S.
1802 285 2165 352 THEODORI
2203 286 2531 351 STUDITE

3659 293 3796 353 1572

2302 419 2468 502 ΡΠςδ
2516 420 2648 492 (80).
2683 451 2748 460 --
2800 425 3052 492 Νικήτᾳ
3093 422 3452 495 σπαθαρίῳ.
3497 418 3686 493 [ψνζ’.]

1877 536 1948 585 De
1979 532 2160 584 uxoris
2190 531 2359 583 obitu.

520 627 576 680 ln
611 625 806 696 parvis
837 623 1079 696 quidem
1115 623 1420 679 doloribus
1460 625 1896 680 consolationes
1933 627 2093 680 inve-
2124 622 2169 675 Α

449 715 572 769 nire
620 714 789 769 facile
821 719 906 768 est
937 714 988 768 ei
1039 715 1138 784 qui
1191 712 1441 768 afﬂictos
1490 714 1784 769 consolari
1840 714 1996 769 velit.
2029 715 2093 768 In

446 802 793 872 hujusmodi
850 818 987 856 vero
1030 803 1295 856 maximo
1335 802 1559 868 dolore,
1602 819 1718 874 quo
1771 804 1960 873 pietas
1996 809 2094 857 tua

450 891 697 946 obsessa
729 898 838 956 est,
872 907 1150 962 quaenam
1187 891 1422 961 reperiri
1478 891 1875 946 consolatoria
1905 891 2094 946 oratio

447 987 628 1052 queat
658 981 684 1035 ?
716 987 815 1035 aut
841 980 976 1051 quis
1009 995 1325 1035 maerorem
1359 985 1587 1034 tantum
1621 996 1826 1035 curare
1856 994 2096 1051 aggres-

452 1086 574 1134 sus,
605 1070 744 1123 scite
784 1067 841 1122 id
875 1075 1155 1139 praastare
1202 1067 1442 1139 possit?
1485 1070 1526 1124 Ο
1554 1069 1891 1124 luctuosum
1940 1084 2096 1122 nun-

449 1158 596 1213 tium
621 1158 633 1213 l
663 1157 924 1228 Abrepta
953 1157 1051 1212 tibi
1073 1163 1158 1211 est
1189 1157 1438 1211 domina
1468 1158 1600 1229 conj
1615 1174 1706 1222 nx,
1733 1163 1793 1212 ut
1827 1157 2096 1228 proxime

451 1247 822 1302 audivimus:
857 1245 1061 1300 ablata
1089 1252 1173 1300 est
1208 1245 1384 1299 unica
1405 1245 1735 1300 consolatio
1768 1246 1826 1300 in
1860 1246 1930 1299 iis
1961 1260 2096 1316 quas

450 1335 730 1392 accidunt
758 1334 1045 1390 aerumnis
1072 1351 1083 1388 :
1109 1332 1364 1405 spoliata
1378 1341 1464 1389 est
1483 1341 1838 1390 ornamento
1866 1350 1974 1390 suo
1999 1334 2098 1389 be-

451 1425 686 1480 nedicta
699 1425 944 1479 domus:
964 1423 1270 1477 tristantur
1286 1423 1436 1477 rami
1471 1424 1669 1478 excisa
1681 1423 1842 1478 bona
1857 1422 2057 1478 radice
2083 1438 2095 1477 :

449 1514 657 1570 famuli
705 1521 762 1568 et
793 1511 1034 1569 famulae
1069 1511 1186 1566 huc
1244 1510 1380 1566 illuc
1429 1511 1729 1569 oberrant.
1784 1511 2096 1566 dominam

451 1619 585 1675 quae
599 1603 848 1657 domum
868 1600 1274 1666 collustrabat,
1291 1607 1634 1671 praesentem
1652 1617 1773 1656 non
1786 1601 2096 1656 habentes.

451 1692 666 1749 Omnia
718 1690 989 1746 mmroris
1031 1688 1254 1760 plena:
1300 1689 1545 1744 fortasse
1589 1693 1648 1744 et
1684 1705 1785 1746 aer
1837 1691 1963 1760 ipse
1997 1689 2100 1744 tibi

452 1787 716 1839 mutatus
745 1779 823 1834 ob
856 1778 1070 1833 mentis
1112 1778 1528 1833 mutationem.
1579 1778 1684 1834 Ubi
1715 1784 1803 1834 est
1832 1779 1928 1834 illa
1968 1795 2099 1851 quae

450 1876 507 1927 te
537 1869 700 1924 domi
743 1885 776 1922 a
817 1866 1094 1939 palatinis
1134 1867 1713 1923 commorationibus
1751 1868 2098 1926 redeuntem

451 1959 712 2015 hilariter
740 1953 1121 2026 excipiebat?
1156 1955 1259 2011 Ubi
1302 1955 1400 2010 illa
1429 1971 1564 2026 quae
1595 1971 1811 2025 genere
1863 1960 2100 2029 propin-
2137 1961 2174 2014 Β

451 2065 604 2122 quos
637 2045 1080 2118 perhumaniter
1120 2043 1456 2115 excipiebat
1487 2043 1514 2097 ?
1557 2061 1692 2116 quae
1737 2047 1850 2101 hoc
1883 2047 2100 2114 ethoc,

454 2143 633 2209 atque
665 2141 724 2189 ut
757 2134 964 2205 paucis
995 2134 1215 2199 dicam,
1244 2133 1450 2187 omnia
1500 2133 1606 2189 rite
1635 2133 2014 2205 disponebat,
2050 2143 2107 2192 et

456 2226 530 2283 ad
546 2227 766 2281 exitum
785 2221 1542 2294 perducebat,dispensans
1563 2229 1847 2279 etcurans
1866 2226 2106 2296 singula

454 2331 591 2388 quae
617 2314 694 2369 ad
715 2314 965 2368 domum
992 2311 1638 2383 spectabant,quaeque
1652 2312 1729 2367 ad
1745 2313 2104 2370 domesticos

457 2403 549 2460 vel
576 2401 835 2472 hospitio
863 2405 1154 2470 receptos.
1198 2400 1486 2456 Abierant
1514 2407 1570 2454 et
1601 2401 1952 2458 interierunt
1980 2419 2106 2458 om-

455 2493 578 2557 nia,
611 2497 668 2546 et
699 2499 984 2561 tanquam
1028 2489 1083 2542 in
1115 2488 1431 2542 solitudine
1481 2489 1655 2544 bonis
1686 2491 1969 2546 omnibus
1999 2509 2106 2547 no-

458 2582 593 2637 stris
622 2580 814 2636 orbati
874 2594 1106 2632 sumus.
1147 2576 1298 2632 Talis
1329 2593 1398 2632 ac
1452 2584 1615 2634 tanta
1668 2586 1777 2645 est,
1838 2581 2103 2649 domine,

457 2669 828 2726 honorandae
879 2666 1094 2720 animae
1129 2672 1245 2720 tuae
1291 2665 1619 2730 calamitas,
1656 2675 1718 2723 ut
1768 2669 1995 2725 nullum
2029 2671 2106 2726 ab

457 2758 806 2816 hominibus
833 2755 1108 2810 solatium
1135 2755 1412 2810 leniendo
1434 2756 1787 2813 inﬂammati
1811 2761 2007 2815 cordis
2025 2761 2106 2815 tui

457 2847 646 2904 dolori
669 2863 776 2918 par
799 2845 992 2909 fuerit,
1020 2845 1124 2898 sed
1156 2861 1190 2898 a
1213 2845 1338 2900 solo
1361 2845 1480 2900 Deo
1499 2846 1598 2918 qui
1622 2846 1878 2902 humiles
1904 2850 2104 2915 corde,

459 2953 564 3009 per
586 2936 884 2992 bonarum
909 2933 1338 3002 cogitationum
1363 2936 1803 3004 susceptionem
1833 2938 2108 2994 consola-

459 3033 576 3084 tur.
619 3025 720 3080 llla
772 3024 1015 3095 quidem
1067 3023 1287 3077 beata:
1336 3039 1476 3078 nam
1509 3023 1684 3079 beata
1716 3034 1820 3093 est,
1865 3042 2002 3098 quae
2051 3032 2108 3083 et

455 3115 638 3172 ﬁdem
665 3128 808 3184 erga
833 3113 1012 3166 Deum
1028 3110 1264 3165 ﬁrmam
1295 3111 1564 3178 coluit,et
1588 3112 1769 3168 vitam
1795 3115 2106 3183 egithone-

457 3213 638 3276 stam;
674 3203 846 3272 cujus
876 3200 1094 3255 indicia
1117 3198 1303 3254 multa
1325 3206 1480 3266 sunt,
1510 3217 1768 3272 quorum
1797 3219 1907 3259 nos
1928 3205 2107 3261 etiam

2273 625 2392 677 Ἐπὶ
2422 627 2511 696 μὲν
2568 632 2774 698 πικροῖς
2828 627 3047 677 πάθεσιν
3108 627 3249 677 ἔστιν
3297 624 3608 699 ἐξευρίσκειν
3653 624 3800 677 εὐκό-

2203 711 2301 773 λως
2355 717 2448 774 τὰς
2503 713 2853 787 παρακλήσεις
2934 718 3022 766 τὸν
3074 716 3480 786 προαιρούμενον
3555 732 3804 786 παραμυ-

2209 802 2412 853 θεῖσθαι
2464 807 2581 864 τοὺς
2629 808 3000 874 κακουμένους.
3057 803 3172 856 Ἐπὶ
3205 801 3262 855 δὲ
3301 806 3519 875 τοιούτῳ
3571 808 3801 875 μεγίστῳ

2204 893 2380 955 πάθει,
2410 893 2458 942 ἓν
2491 892 2529 963 ᾧ
2573 894 2890 966 περιεσχέθη
2942 895 2971 950 ή
3010 891 3263 964 θεοφίλειά
3315 912 3430 956 σου,
3489 897 3566 954 τίς
3595 892 3655 944 ἂν
3713 897 3803 944 καὶ

2205 977 2487 1052 ἑξευρεθείη
2539 980 2692 1052 λόγος
2749 981 3133 1054 πάρακλητικός
3167 998 3181 1048 ;
3215 986 3294 1043 τίς
3335 978 3393 1033 δὲ
3445 983 3469 1033 ό
3523 980 3804 1054 ἐπιχειρῶν

2209 1070 2531 1139 θιοραπεύειν
2587 1078 2819 1122 τοιοῦτον
2872 1071 3028 1141 ἄλγος
3081 1073 3413 1142 ἐπιστημνως
3472 1067 3721 1128 δυνηθείη
3789 1089 3803 1137 ;

2208 1157 2246 1208 ὢ
2300 1165 2395 1220 τῆς
2446 1158 2766 1221 ἀπευκταίας
2813 1158 2972 1221 ἀκοῆς
3007 1159 3018 1213 l
3059 1157 3353 1234 Ἀπερῥάγη
3389 1180 3473 1212 σοι
3519 1161 3549 1217 ἠ
3581 1163 3742 1232 κυρία
3771 1160 3802 1216 ή

2208 1247 2480 1318 ὁμόζυγος,
2516 1251 2584 1310 ὡς
2613 1249 2732 1320 ἄρτι
2781 1251 3037 1306 ήκουσται
3072 1249 3196 1320 ἡμῖν
3226 1263 3242 1279 ο
3293 1246 3523 1321 ἀφῃρέθη
3555 1251 3614 1300 τό
3652 1251 3806 1318 μόνον

2208 1338 2537 1408 παραμύθιον
2599 1335 2646 1388 ἐν
2697 1344 2813 1398 ταῖς
2862 1337 3212 1409 συμϐατικαῖς
3251 1339 3624 1409 περιστάσεσιν
3660 1351 3672 1362 ⁸
3710 1334 3809 1388 ἀπ-

2209 1427 2478 1496 εκόσμήθη
2511 1426 2540 1482 ἡ
2598 1424 2912 1497 εὐλογημένη
2971 1425 3118 1477 ἑστία
3151 1445 3163 1457 ·

2209 1522 2304 1574 τῆς
2360 1513 2563 1584 ἀγαθῆς
2617 1514 2774 1588 ῥίζης
2831 1517 3192 1576 ἐκκοπείσης·
3256 1516 3305 1566 οἱ
3359 1516 3662 1587 θεράποντες
3717 1519 3810 1566 καὶ

2213 1604 2266 1654 αἱ
2299 1604 2606 1676 θεράπαιναι
2680 1600 2785 1655 ὧδε
2857 1602 3066 1655 κάκεῖσε
3117 1602 3546 1676 περιειλούμεναι,
3602 1606 3666 1663 ὡς
3712 1602 3810 1654 οὐκ

2211 1693 2438 1762 ἔχουσαι
2493 1695 2551 1744 τό
2607 1696 2918 1745 Δεσποτικόν
2976 1697 3253 1766 πρόσωπον
3306 1691 3592 1764 ἐπιλάμπον
3639 1699 3701 1763 τῇ
3737 1691 3813 1744 οἰ-

3221 1427 3268 1478 οῖ.
3306 1423 3492 1478 κλάδοι
3539 1433 3806 1498 κατηφεῖς,

2210 1784 2318 1852 κίᾳ.
2373 1783 2448 1832 Τὰ
2475 1782 2642 1833 πάντα
2680 1785 2964 1852 κατηφείας
3004 1782 3172 1852 μεστά
3196 1797 3212 1814 ⁶
3240 1780 3387 1852 τάχα
3415 1786 3505 1832 καὶ
3533 1782 3558 1832 ὁ
3589 1779 3688 1855 ἀήρ
3723 1799 3811 1834 σοι

2211 1868 2543 1941 ἠλλοιωμένος
2584 1878 2646 1943 τῇ
2709 1868 2979 1922 ἀλλοιώσει
3035 1878 3134 1921 τῶν
3181 1878 3392 1942 φρενῶν.
3441 1877 3545 1922 Ποῦ
3585 1872 3614 1927 η
3647 1889 3815 1945 προσ-

2215 1962 2382 2028 ιεμένη
2420 1978 2476 2011 σε
2526 1959 2798 2010 ἐπανιόντα
2845 1962 2980 2011 οἴκοι
3033 1967 3334 2032 περιχαρῶς
3390 1958 3490 2011 ἀπὸ
3539 1967 3637 2011 τῶν
3690 1958 3816 2009 ἀνα-

2212 2056 2463 2118 κτορικῶν
2503 2045 2831 2122 διατριϐῶν;
2880 2054 2988 2099 Ποῦ
3018 2049 3048 2104 ἡ
3099 2052 3212 2108 τοὺς
3260 2045 3669 2118 ἀγχιστεύοντας
3727 2044 3817 2100 δε-

2214 2134 2456 2206 ξιουμένη
2505 2135 2788 2202 ἐπιεικώς;
2842 2138 2871 2194 ἡ
2918 2133 3058 2200 τόδε,
3090 2141 3178 2188 καὶ
3229 2132 3354 2188 τόδε
3386 2141 3475 2188 καὶ
3533 2138 3633 2189 ὅσα
3671 2135 3812 2201 ἐστὶ,

2217 2229 2484 2296 συντόμως
2559 2225 2731 2284 εἰπεῖν,
2816 2222 3160 2277 διευθετοῦσα
3213 2231 3303 2277 καὶ
3380 2224 3813 2296 συμϐιϐάζουσα,

2215 2313 2563 2384 οἰκονομοῦσά
2590 2334 2640 2366 τε
2670 2319 2761 2366 καὶ
2802 2314 3136 2388 οἰκουροῦσα,
3189 2314 3290 2366 ὃσα
3347 2315 3411 2366 τά
3457 2315 3571 2366 κατ’
3621 2313 3762 2367 οἶκον
3798 2331 3812 2344 ·

2215 2407 2316 2455 ὅσα
2344 2406 2407 2454 τὰ
2460 2407 2592 2475 πρὸς
2645 2403 2826 2463 ἄλλους
2877 2403 3098 2464 οἰκείους
3145 2422 3200 2455 τε
3239 2408 3326 2454 καὶ
3379 2403 3812 2475 ἐπιξενουμένους.

2216 2494 2392 2544 Πάντα
2443 2495 2652 2562 οἴχεται
2699 2497 2787 2543 καὶ
2841 2491 3071 2544 ἀπόλωλε
3109 2507 3122 2518 ·
3175 2497 3263 2544 καὶ
3307 2497 3587 2564 γεγόναμεν
3640 2494 3708 2553 ὡς
3764 2493 3816 2544 ἐν

2214 2579 2406 2652 ἕρημίᾳ
2452 2582 2655 2632 πάντων
2712 2588 2813 2631 τῶν
2865 2584 3162 2652 προσόντων
3203 2579 3409 2651 ἀγαθῶν
3456 2579 3814 2652 ἀπεστερημέ-

2213 2689 2308 2722 νοι.
2338 2676 2580 2721 Τοιοῦτον
2611 2673 2700 2720 καὶ
2738 2669 3042 2726 τηλικοῦτον
3067 2671 3124 2719 τό
3169 2671 3335 2730 πάθος
3364 2676 3458 2730 τῆς
3512 2674 3684 2742 τιμίας
3718 2689 3818 2722 σου

2213 2758 2414 2830 ψυχῆς,
2451 2755 2490 2810 ὦ
2540 2755 2794 2823 δέσποτα,
2828 2762 2917 2810 καὶ
2964 2755 3186 2828 οὐδεμία
3217 2760 3526 2830 παραμυθία
3575 2764 3701 2830 πρὸς
3732 2758 3820 2810 ἀν-

2216 2851 2431 2922 θρώπων
2509 2849 2812 2918 ἱκανουμένη
2889 2848 3198 2898 καταλεᾱναι
3250 2851 3341 2904 τήν
3399 2846 3818 2920 φλεγμαίνουσάν

2217 2958 2310 2991 σου
2365 2933 2610 3010 καρδίαν,
2640 2936 2670 2994 ἢ
2703 2939 2847 3010 παρὰ
2875 2941 3032 3007 μόνον
3067 2943 3200 2988 Θεοῦ
3252 2944 3343 2988 τοῦ
3390 2937 3820 3010 παρακαλοῦντος

2213 3031 2336 3088 τοὺς
2386 3029 2659 3086 ταπεινοὺς
2709 3033 2770 3097 τῇ
2827 3020 3046 3096 καρδίᾳ,
3082 3021 3176 3076 διὰ
3225 3032 3315 3085 τῆς
3345 3033 3444 3076 τῶν
3497 3024 3704 3096 ἀγαθῶν
3735 3026 3816 3078 λο-

2213 3123 2418 3188 γισμῶν
2497 3113 2820 3185 ἀναλήψεως.
2881 3113 3077 3172 Ἐκείνη
3139 3115 3228 3184 μὲν
3289 3109 3375 3165 οὖν
3423 3117 3451 3172 ἠ
3505 3120 3744 3186 μακαρία
3800 3135 3815 3148 ·

2215 3207 2450 3277 μακαρία
2505 3205 2606 3276 γὰρ
2660 3202 2820 3269 ἔστιν,
2879 3201 2953 3254 ἐπ’
3009 3201 3070 3253 ἂν
3135 3206 3227 3260 τήν
3282 3207 3459 3254 πίστιν
3505 3207 3635 3276 πρὸς
3685 3207 3817 3257 Θεὸν

457 3297 725 3365 expertes
755 3305 873 3344 non
894 3289 1143 3346 fuimus:
1174 3289 1250 3343 ad
1277 3295 1631 3359 extremum,
1658 3306 1792 3361 quae
1818 3298 2104 3364 tanquam

2217 3293 2458 3350 ὶκέκτητο
2509 3291 2739 3364 ἀσφαλῆ,
2783 3295 2873 3343 καὶ
2920 3295 3006 3342 τόν
3063 3288 3180 3361 βίον
3231 3287 3443 3343 διετέλει
3493 3297 3674 3363 σεμνόν
3707 3313 3721 3325 ·
3756 3293 3819 3344 οὗ

460 3399 676 3440 aurum
728 3382 786 3434 in
835 3381 990 3448 igne,
1033 3377 1315 3433 diuturno
1365 3394 1434 3434 ac
1465 3378 1686 3434 difﬁcili
1730 3381 1942 3437 morbo
1970 3399 2109 3453 pro-

461 3474 604 3529 bata
633 3470 771 3525 hinc
811 3468 1084 3524 evolavit.
1129 3468 1319 3531 Quare
1356 3466 1470 3522 hoc
1509 3469 1686 3523 nobis
1729 3471 1872 3525 satis
1907 3478 1994 3526 est
2031 3474 2107 3528 ad

465 3558 960 3622 consolationem,
986 3555 1150 3627 quod
1174 3555 1349 3610 talem
1378 3573 1614 3612 uxorem
1641 3558 1716 3614 ad
1752 3561 1933 3613 Deum
1964 3577 2110 3632 prae-

464 3650 722 3713 miseris,
763 3662 899 3718 quas
939 3645 1352 3716 pulcherrimae
1395 3647 1864 3704 conversationis
1907 3666 2109 3705 exem—

465 3738 628 3810 plum
671 3750 842 3788 suam
882 3733 1068 3803 ipsius
1121 3732 1300 3786 vitam
1341 3733 1515 3787 nobis
1573 3734 1828 3806 reliquit.
1873 3738 2113 3793 Accedit

464 3826 650 3899 quod,
680 3839 816 3878 cum
848 3823 908 3876 in
939 3821 1156 3875 divinis
1183 3821 1314 3892 ipse
1346 3821 1424 3874 sis
1456 3822 1748 3890 eruditus,
1779 3841 1896 3880 non
1929 3827 2113 3882 debes

463 3932 535 3971 ex
564 3929 635 3969 eo
685 3910 850 3984 quod
883 3909 1114 3975 accidit,
1143 3910 1507 3965 conturbari.
1554 3911 1677 3968 Scis
1705 3915 1885 3977 enim.
1933 3915 2112 3970 simul

465 4012 642 4075 atque
672 4003 732 4056 in
761 4001 916 4056 hanc
944 3999 1139 4056 lucem
1179 4001 1294 4054 Deo
1337 3999 1564 4054 volente
1605 4003 1914 4059 nascendo
1955 4007 2115 4060 veni-

461 4110 618 4157 mus,
646 4091 823 4146 nobis
851 4089 1075 4143 exitum
1107 4088 1475 4159 impendere.
1525 4105 1767 4158 prorsus
1811 4092 2112 4150 nativitati

464 4183 769 4238 adnexum
817 4193 925 4232 nec
953 4176 1351 4234 immortalem
1387 4176 1570 4232 ullum
1611 4179 1917 4236 hominem
1958 4199 2109 4248 esse,

466 4287 576 4326 nec
588 4268 931 4339 conjugium
949 4267 1134 4326 ullum
1150 4266 1400 4322 indissol
1413 4265 2111 4344 ubile.Contemplemur,

467 4359 515 4414 si
548 4359 760 4430 placet,
807 4357 885 4412 ab
910 4355 1096 4411 Adam
1127 4356 1205 4410 ad
1235 4356 1395 4411 hunc
1428 4372 1620 4428 usque
1647 4357 1828 4423 diem,
1862 4364 1918 4415 et
1947 4376 2114 4431 repe-

465 4449 688 4504 riemus
719 4445 898 4502 aliam
927 4461 998 4500 ex
1024 4445 1160 4512 alia,
1188 4445 1459 4516 quandiu
1488 4445 1664 4500 stabit
1694 4446 1789 4501 hic
1821 4449 2110 4519 mundus,

467 4537 928 4593 descendentem
959 4534 1416 4589 successionem.
1451 4535 1561 4592 Ubi
1598 4542 1736 4590 sunt
1777 4537 1881 4608 qui
1910 4543 1963 4592 te
2007 4554 2116 4609 ge-

468 4630 747 4690 nuerunt,
783 4624 1048 4689 Domine,
1074 4628 1131 4677 et
1153 4623 1256 4695 qui
1277 4623 1408 4678 illos
1433 4631 1823 4693 procrearunt
1842 4625 1872 4678 7
1896 4631 1952 4681 et
1981 4644 2116 4682 sur—
2147 4660 2193 4715 Β

468 4732 607 4771 sum
636 4730 840 4769 versus
871 4727 1240 4777 commeans,
1273 4712 1428 4768 aliud
1465 4712 1608 4766 nihil
1641 4715 1896 4784 reperies
1926 4731 2111 4788 quam

466 4805 696 4862 ﬂuxum
719 4821 788 4860 ac
809 4803 1114 4857 deﬂuxum
1140 4802 1199 4856 in
1216 4801 1564 4856 hominibus
1585 4818 1710 4857 esse
1733 4811 2112 4874 perpetuum.

471 4895 623 4960 Quid
648 4893 823 4962 igitur
850 4907 1010 4946 nunc
1035 4897 1123 4946 est
1147 4891 1312 4962 quod
1341 4893 1628 4962 quaeritur
1653 4891 1680 4945 ‘I
1715 4894 1780 4947 Ut
1809 4894 1970 4962 apud
2005 4911 2114 4950 nos

473 4987 684 5049 simus,
716 4987 771 5037 et
801 4996 1110 5050 nunquam
1144 4978 1561 5034 obliviscendaa
1589 4979 1820 5036 mulieri
1850 4998 2119 5054 congrua

471 5073 716 5146 quidem
759 5075 900 5141 jusa
930 5069 1347 5139 persolvamus
1397 5069 1530 5138 (pro
1559 5085 1679 5140 qua
1711 5086 1822 5125 nos
1847 5087 2116 5144 quoque,

472 5161 728 5220 humiles
754 5176 872 5215 non
894 5159 1215 5215 minimum
1237 5159 1452 5228 precati
1478 5173 1686 5212 sumus
1709 5164 1771 5213 ut
1795 5159 1853 5213 in
1870 5160 1983 5215 hac
2001 5161 2119 5217 vita

473 5255 848 5325 permaneret
874 5265 891 5317 ;
917 5247 1147 5306 tametsi
1179 5246 1464 5312 exauditi,
1498 5251 1561 5302 ut
1590 5253 1958 5318 peccatores,
1994 5265 2116 5306 non

2215 3387 2557 3454 γνωρίσματα
2613 3379 2796 3443 πολλὰ,
2845 3379 2913 3430 ὧν
2965 3383 3054 3431 καὶ
3085 3381 3230 3451 ἡμεῖς
3286 3379 3380 3432 οὐκ
3411 3381 3622 3454 ἄμοιροι
3673 3401 3820 3434 τετυ.

2217 3477 2460 3543 χήκαμεν
2503 3488 2514 3498 ·
2549 3473 2606 3521 τό
2641 3466 2699 3521 δὲ
2745 3468 3054 3532 τελευταῖον,
3116 3469 3196 3520 ὅτι
3226 3471 3294 3529 ὡς
3325 3473 3532 3541 χρυσός
3588 3468 3637 3520 έν
3684 3475 3821 3544 πυρὶ

2217 3569 2279 3633 τῇ
2310 3567 2607 3634 μακροτέρα
2658 3563 2747 3610 καὶ
2795 3554 3064 3628 δυσοίστῳ
3101 3562 3237 3628 νόσῳ
3291 3554 3680 3629 δοκιμασθεῖσα
3721 3558 3818 3612 ἀπ-

2219 3653 2345 3705 έπτη
2405 3656 2503 3700 τῶν
2556 3642 2775 3700 ἐνθένδε.
2833 3646 3034 3698 Οὐκοῦν
3085 3644 3296 3719 ἀρκετὸν
3348 3648 3472 3719 ἡμῖν
3532 3653 3682 3700 τοῦτο
3751 3649 3822 3708 εἰς

2220 3741 2550 3809 παρηγορίαν
2586 3753 2597 3764 ⁶
2653 3737 2732 3788 ὅτι
2784 3735 3101 3794 τηλικαύτην
3159 3735 3418 3807 όμόζυγον
3469 3737 3819 3809 παρέπεμψας

2223 3829 2310 3897 μὲν
2344 3833 2478 3896 Θεῷ,
2528 3821 2828 3896 ὑπόδειγμα
2879 3824 3156 3885 καλλίστης
3200 3824 3456 3885 πολιτείας
3485 3829 3573 3878 τόν
3627 3825 3820 3888 ἑαυτῆς

2223 3913 2341 3989 βίον
2389 3914 2723 3986 ἐναφήσασαν
2778 3915 2922 3985 ἡμῖν.
2987 3919 3086 3966 Καὶ
3133 3913 3292 3974 ἄλλως
3339 3915 3419 3965 ὅτι
3463 3916 3529 3965 τὰ
3585 3917 3698 3967 θεῖα
3749 3915 3819 3967 ὢν

2222 3999 2631 4074 πεπαιδευμένος
2673 4001 2850 4070 αὐτὸς,
2906 4001 2963 4053 ού
2997 4009 3245 4054 τοσοῦτον
3303 4000 3514 4073 ὀφείλεις
3561 4004 3822 4064 ἓκσταθῆ-

2221 4112 2305 4144 ναι
2351 4090 2434 4144 ἐπὶ
2499 4100 2570 4162 τῷ
2621 4095 2877 4162 γεγονότι.
2938 4087 3102 4151 Οἶδας
3157 4093 3258 4166 γὰρ
3312 4092 3393 4143 ὅτι
3448 4091 3521 4154 εἰς
3573 4097 3818 4163 γέννησιν

2220 4179 2518 4241 ἒληλυθότες
2569 4181 2683 4232 κατ’
2732 4178 2973 4232 εὐδοκίαν
3032 4187 3187 4246 Θεοῦ,
3220 4181 3424 4241 πάντως
3475 4188 3534 4245 τῇ
3585 4187 3824 4252 γεννήσει

2222 4270 2598 4342 συνεζευγμένη
2672 4273 2758 4321 καὶ
2813 4270 2844 4326 ἡ
2905 4265 3085 4331 ἔξοδος
3142 4271 3267 4340 ἡμῖν
3317 4274 3672 4342 προσγίνεται,
3735 4277 3824 4324 καὶ

2221 4355 2391 4418 οὐδεὶς
2464 4359 2732 4430 ἄνθρωπος
2807 4357 3085 4424 ἀθάνατος,
3137 4363 3227 4410 καὶ
3291 4354 3515 4430 οὐδεμία
3591 4360 3826 4430 συζυγία

2222 4445 2584 4510 ἀδιάζευκτος.
2662 4445 3148 4520 Ἀναθεωρήσωμεν,
3221 4446 3265 4498 εἰ
3321 4443 3484 4509 δοκεῖ,
3543 4452 3664 4508 τοὺς
3721 4448 3823 4502 ἀπὸ

2222 4535 2399 4608 Ἀδὰμ
2449 4539 2613 4609 μέχρι
2664 4540 2908 4610 τήμερον,
2961 4540 3049 4587 καὶ
3100 4537 3386 4608 εὑρήσομεν
3443 4541 3536 4594 τήν
3593 4538 3824 4597 ὑπάλλη-

2221 4625 2304 4677 λον
2337 4623 2371 4679 δ
2379 4622 2607 4696 ιαδοχὴν
2665 4632 2948 4677 κατιοῦσαν
2980 4624 3072 4686 ἓως
3115 4623 3175 4676 ἂν
3229 4629 3317 4677 καὶ
3364 4631 3590 4684 συσταίη
3639 4628 3664 4678 ὁ
3695 4625 3828 4699 τῇδε

2223 4721 2436 4787 κόσμος.
2491 4721 2598 4766 Ποῦ
2650 4716 2698 4766 οἱ
2751 4717 3004 4786 φύσαντές
3054 4732 3130 4777 σε,
3186 4711 3440 4780 δέσποτα,
3486 4720 3573 4768 καὶ
3617 4718 3667 4767 οἰ
3696 4715 3827 4769 ἐκεί-

2225 4823 2338 4864 νους
2365 4809 2589 4864 τεκόντες
2623 4819 2636 4870 ;
2691 4807 2779 4854 καὶ
2829 4798 3162 4863 ἀναποδίζων
3201 4799 3351 4855 οὐδὲν
3400 4803 3520 4858 ἄλλο
3560 4807 3823 4878 εὑρήσεις,

2226 4894 2255 4953 ἦ
2288 4893 2413 4968 ῥοὴν
2460 4896 2550 4944 καὶ
2606 4890 2868 4966 ἄπορῥοήν
2914 4893 2980 4944 τὰ
3026 4890 3344 4964 ἀνθρώπινα.
3373 4897 3437 4945 Τί
3480 4888 3567 4944 οὖν
3595 4891 3708 4946 ἐστι
3738 4903 3828 4946 νῦν

2227 4986 2285 5034 τὸ
2345 4983 2656 5054 ζητούμενον
2712 4998 2725 5048 ;
2787 4982 2922 5042 ὅπως
2973 4980 3046 5042 εἰς
3094 4983 3235 5053 ἡμᾶς
3291 4984 3474 5042 αὐτοὺς
3528 4985 3825 5055 γενοίμεθα,

2228 5076 2318 5123 καὶ
2372 5073 2438 5123 τὰ
2492 5073 2581 5143 μὲν
2648 5069 2823 5122 εἰκότα
2883 5072 3124 5142 ἑπιτάφια
3181 5069 3545 5142 ἐπιτελέσωμεν
3599 5079 3660 5143 τῇ
3725 5071 3832 5124 ἀει-

2228 5165 2444 5234 μνήστῳ
2473 5179 2485 5192 ·
2542 5160 2668 5235 ὑπὲρ
2701 5160 2760 5220 ἧς
2811 5164 2901 5211 καὶ
2931 5161 3078 5230 ἡμεῖς
3140 5161 3188 5212 οἱ
3217 5166 3448 5212 ταπεινοὶ
3506 5160 3600 5212 οὑκ
3647 5160 3833 5231 ἐλάχι-

2231 5251 2368 5304 ύστα
2395 5248 2650 5322 ηξάμεθα,
2677 5248 2718 5301 εἰ
2749 5251 2840 5301 καὶ
2888 5247 2984 5300 οὐκ
3034 5248 3367 5321 ήκούσθημεν
3399 5251 3465 5310 ὡς
3505 5247 3828 5322 ἁμαρτωλοὶ,

2033 5425 2266 5484 ΝΟΤΕ.

548 5553 664 5626 (80)
690 5554 756 5610 ln
780 5549 917 5609 cod.
947 5552 1089 5622 Reg.
1117 5547 1263 5625 μεθ’.
