4058 6274
260 276 402 339 1573

1542 278 2059 345 EPISTOLARUM
2096 289 2232 345 LIB.
2268 280 2338 344 ΙΙ.

3472 287 3615 351 1574

259 414 317 463 τὸ
360 411 622 484 ἐπιμεῖναι
646 410 808 468 αὐτὴν
855 408 903 462 ἓν
932 407 1070 480 τῷδε
1098 417 1170 481 τῷ
1227 408 1325 484 βιῳ
1356 431 1368 444 ο
1402 414 1466 465 τὰ
1516 408 1574 465 δε
1603 421 1700 465 τῶν
1734 417 1857 465 παί-

1988 414 2279 484 ἰιθι-ἰωιιε)
2315 420 2376 469 ut
2403 430 2540 486 quas
2584 415 2659 470 ad
2708 415 2862 471 ﬁlios
2892 422 3182 488 spectant,
3207 423 3361 475 recte
3396 421 3618 475 consti-

262 497 389 567 δων,
431 497 484 554 εὖ
549 497 873 570 διαθώμεθα,
936 504 1025 552 καὶ
1076 503 1140 552 τὰ
1174 502 1399 575 ἡμέτερα
1452 498 1632 563 ἑξόδια
1667 522 1858 576 προευ-

262 595 606 661 τρεπίσωμεν,
649 588 1029 659 ἔμϐιοτεύοντες
1087 597 1159 659 τῷ
1220 589 1324 661 βίῳ
1384 592 1675 665 θεοπρεπῶς
1711 609 1721 619 ·
1777 592 1859 643 ἵνα

263 681 609 751 μεταστάντες
655 687 753 730 τῶν
811 675 1029 743 ἐνθένδε,
1075 680 1300 736 ὁπηνίκα
1351 678 1612 754 ἐπιτρέπει
1652 682 1682 738 ἡ
1732 686 1853 753 πρό-

261 786 395 831 νοια,
452 768 737 840 εὑρήσομεν
783 765 947 819 ἐκεῖσε
990 772 1084 825 τὴν
1138 768 1298 826 καλὴν
1346 770 1605 840 ὁμόζυγον
1637 768 1685 820 ἐν
1718 769 1859 820 ἀπεί-

262 875 374 929 ροις
432 856 590 909 αἰῶσι
638 861 939 929 χαίρουσαν
993 860 1087 908 σὺν
1138 859 1263 928 ἡμῖν
1309 858 1487 918 αὐτοῖς
1540 857 1622 909 ἐπὶ
1661 858 1859 929 μεθέξει

262 953 362 998 τῶν
415 944 721 1019 ἀπορρήτων
795 944 1021 1016 ἀγαθῶν.
1081 952 1259 999 Ταῦτα
1327 949 1371 999 εἰ
1427 952 1513 999 καὶ
1596 946 1859 1018 ἐλάχιστα

264 1038 390 1107 πρὸς
421 1039 745 1108 παρηγορίαν
780 1052 792 1063 ⁸

268 1142 384 1189 σου,
454 1126 566 1183 ἣτις
623 1128 712 1175 καὶ
796 1126 1086 1197 χαρισθείη
1169 1126 1294 1197 ἡμῖν
1352 1128 1572 1197 εὔθυμος
1637 1131 1725 1177 καὶ
1782 1124 1862 1177 εύ-

265 1231 634 1286 παρηγορητος
674 1215 758 1265 ἐπὶ
799 1221 890 1273 τῆς
929 1212 1012 1266 ἐπὶ
1068 1216 1235 1267 πάντα
1282 1214 1349 1275 εἰς
1400 1218 1529 1269 Θεὸν
1574 1214 1862 1274 ἀναθέσεως

266 1302 428 1374 ὑμῶν.

375 1425 519 1478 ΡΠΖ¹
551 1426 687 1498 (81).
720 1432 1048 1481 -Λέοντι
1087 1426 1506 1501 Σακελλαρίῳ.
1561 1426 1750 1501 [ψνη’.]

848 1036 987 1106 ὅμως
1026 1037 1106 1088 ὅτι
1158 1032 1484 1088 ἐπιδεικτικά
1519 1044 1613 1096 τῆς
1653 1035 1861 1107 ἀγάπης

1967 510 2224 572 tuamus,
2259 510 2313 558 et
2362 504 2437 558 ad
2466 506 2685 558 exitum
2721 509 2990 559 nostrum
3026 522 3137 561 nos
3169 522 3616 578 comparemus,

1966 594 2145 649 vitam
2181 593 2337 648 hanc
2362 593 2479 649 Deo
2506 593 2683 662 digne
2704 596 3097 662 transigentes
3124 613 3135 649 :
3167 603 3225 650 ut
3257 597 3397 651 hinc
3426 604 3615 653 trans-

1966 682 2061 737 lati
2099 688 2237 737 tunc
2270 699 2406 737 cum
2458 683 2694 752 jusserit
2741 684 3132 753 providentia,
3166 686 3280 739 illic
3312 688 3621 742 nancisca-

1969 788 2103 826 mur
2124 774 2420 840 egregiam
2452 774 2583 840 conj
2599 788 2769 843 ngeni
2789 772 3029 827 inﬁnitis
3053 774 3285 828 saeculis
3302 776 3618 831 nobiscum

1968 862 2024 914 in
2041 860 2901 931 participationeineffabilium
2919 860 3216 916 bonorum
3234 864 3618 932 gaudentem.

1970 948 2125 1013 Haec,
2166 949 2299 1003 licet
2330 949 2545 1017 exigua
2577 950 2650 1003 ad
2703 949 3201 1011 consolationem,
3239 957 3506 1007 nostram
3541 959 3622 1008 ta-

1970 1053 2106 1091 men
2163 1039 2537 1092 testabuntur
2593 1038 3067 1094 benevolentiam
3116 1055 3259 1109 erga
3305 1047 3401 1094 te:
3439 1058 3621 1113 quem

1970 1126 2143 1181 velim
2177 1143 2416 1197 semper
2463 1143 2590 1182 esse
2623 1128 2783 1183 bono
2814 1130 3019 1183 animo
3063 1135 3121 1183 et
3162 1131 3238 1183 ad
3272 1131 3624 1187 consolatio-

1972 1232 2108 1272 nem
2138 1215 2496 1287 capiendam
2527 1223 2736 1287 parato
2773 1232 2882 1287 pro
2914 1223 3014 1272 tua
3039 1218 3097 1272 in
3120 1218 3238 1273 Deo
3270 1218 3510 1274 ﬁducia.

2293 1427 2633 1483 CLXXXVII.
2662 1459 2727 1469 —
2754 1429 2935 1485 Leoni
2959 1429 3311 1487 Sacellario.

1390 1526 1597 1575 Gratias
1624 1527 1736 1589 agit
1760 1529 1811 1575 et
1842 1525 2071 1575 virtutes
2099 1525 2214 1587 ejus
2241 1523 2514 1588 prtedicat.

342 1613 446 1667 Καὶ
522 1619 724 1685 σιωπᾷν
790 1614 883 1666 οὐκ
958 1614 1338 1688 ἕπιτρεπόμεθα
1406 1624 1503 1667 τῶν
1563 1615 1863 1689 εὐεργεσιῶν

2049 1617 2113 1669 Et
2138 1615 2306 1670 silere
2335 1615 2506 1669 nobis
2538 1630 2658 1669 non
2690 1615 2821 1670 licet
2875 1618 2978 1688 qui
3025 1634 3278 1673 summas
3310 1623 3365 1673 et
3394 1618 3627 1676 deside-

268 1710 366 1764 τῆς
425 1707 683 1774 μεγίστης
739 1707 827 1755 καὶ
880 1703 1199 1762 ἑπιποθὴτου
1257 1724 1350 1757 σου
1415 1705 1682 1776 ὑπεροχῆς
1737 1703 1867 1756 ἀπο-

1988 1708 2119 1758 ratae
2151 1702 2511 1757 excellentiae
2543 1710 2653 1758 tuas
2681 1704 2984 1758 beneﬁciis
3008 1705 3278 1773 fruimur,
3311 1711 3629 1779 etrespon-

268 1790 503 1851 λαύοντες
531 1811 543 1823 ’
601 1797 689 1844 καὶ
738 1791 968 1863 ἀπαντᾷν
1025 1793 1137 1845 κατ’
1195 1793 1342 1856 ἀξίαν
1391 1793 1485 1845 ούκ
1529 1795 1863 1867 εὐποροῦμεν,

269 1880 425 1952 λόγου
475 1879 780 1955 ἀποροῦντες
826 1887 1204 1956 προσήκοντος.
1240 1883 1299 1934 Εἰ
1346 1879 1403 1935 δε
1433 1884 1510 1934 ὅτι
1549 1885 1578 1940 ἡ
1638 1882 1868 1954 θεοφιλής

275 1989 370 2022 σου
409 1969 563 2041 ψυχὴ
593 1975 663 2042 μὴ
698 1970 858 2033 οὕτως
890 1975 1070 2036 οἴεται,
1094 1973 1151 2023 ού
1187 1974 1507 2044 θαυμαστόν.
1534 1970 1594 2023 Ἠ
1653 1969 1864 2041 ἀγάπη

270 2061 394 2132 γὰρ,
430 2064 577 2131 φησὶ,
621 2063 689 2111 τὸ
728 2064 928 2112 κακόν
969 2061 1037 2113 ού
1075 2060 1418 2131 λογίζεται
1447 2080 1458 2092 ·
1504 2063 1612 2112 ἐπεὶ
1651 2064 1740 2112 καὶ
1790 2063 1869 2112 ἔκ·-

272 2148 436 2200 παλαι
482 2151 540 2199 τὸ
594 2148 719 2200 αύτὸ
760 2151 903 2201 εἴωθε
954 2148 1168 2221 φιλικῶς
1217 2148 1592 2221 ὑπολαμϐάνειν
1650 2154 1739 2201 καὶ
1789 2168 1867 2201 σε·

275 2239 476 2309 μνύνειν
508 2238 639 2307 ὑμᾶς
680 2234 878 2311 δωρεὰν
933 2242 1053 2298 τοὺς
1082 2236 1360 2311 ἀλητίμους
1389 2257 1401 2270 ⁸
1455 2243 1543 2289 καὶ
1575 2240 1641 2299 ὥς
1692 2257 1865 2310 φασιν,

276 2320 401 2377 ούδε
447 2329 741 2396 συγκρίνειν
789 2328 932 2396 ἔχεις
969 2330 1095 2399 πρὸς
1134 2325 1384 2387 ἀλλήλους
1422 2327 1537 2378 καθ’
1569 2328 1860 2399 ὑπεροχήν.

276 2413 434 2465 Ἀλλά
462 2416 628 2465 ταῦτα
675 2416 786 2485 μὲν,
819 2417 888 2475 ὡς
938 2418 1159 2486 εἴρηται,
1201 2424 1295 2477 τῆς
1346 2418 1485 2489 ἱερᾶς
1530 2425 1757 2488 στοργῆς
1808 2416 1872 2466 τὰ

281 2500 600 2572 συμϐόλαια.
664 2502 832 2565 Αὐτός
880 2500 958 2570 δὲ,
993 2502 1033 2554 ὦ
1073 2510 1453 2565 παντεπαίνετε,
1499 2507 1669 2565 ἔοιακς
1722 2504 1873 2577 ἀκρό-

278 2590 425 2650 πολίς
463 2610 539 2651 τις
592 2587 898 2663 ἑνιδρύσθαι
927 2590 976 2643 ἐν
1006 2600 1068 2664 τῇ
1116 2589 1361 2664 βασιλίδι
1417 2600 1516 2644 τῶν
1546 2594 1738 2645 πόλεων
1772 2612 1783 2625 ’
1839 2594 1870 2651 ἦ

279 2679 499 2739 τάληθὲς
539 2679 842 2754 οἰκειότερον
891 2681 1070 2750 εἰπεῖν,
1128 2681 1277 2753 λιμὴν
1330 2681 1727 2755 πολυχώρητος,
1775 2682 1876 2734 θλι-

282 2767 504 2840 ϐομένων
552 2767 843 2837 ἀνάπαυλα,
885 2767 1157 2840 διψώντων
1196 2770 1351 2842 λόγου
1405 2772 1654 2843 ἐμμελοῦς
1706 2774 1877 2823 ἰκανὸν

281 2860 632 2931 παραμύθιον,
690 2862 1042 2925 καθεκάστην,
1120 2862 1186 2920 ὡς
1263 2860 1439 2928 εἰπεῖν,
1510 2857 1880 2933 εἰσδεχόμενος

282 2951 373 2998 καὶ
424 2946 648 3016 ἰώμενος,
709 2949 999 3021 θεραπεύων
1037 2968 1090 3000 τε
1128 2953 1216 3000 καὶ
1266 2948 1633 3021 ἀφοσιούμενος
1663 2954 1881 3012 τούτους

1976 1792 2114 1846 dere
2151 1808 2258 1863 pro
2288 1792 2574 1861 dignitate
2598 1808 2716 1846 non
2751 1809 3098 1862 possumus,
3132 1797 3480 1865 congruenti
3514 1813 3627 1852 ser-

1979 1897 2156 1935 mone
2187 1881 2469 1935 destituti.
2500 1881 2669 1945 Quod
2692 1897 2830 1935 vero
2854 1881 3041 1936 Deum
3065 1899 3279 1938 amans
3302 1887 3504 1940 anima
3529 1892 3629 1941 tua

1979 1985 2097 2024 non
2129 1971 2213 2024 sic
2229 1970 2425 2031 sentit,
2461 1971 2676 2023 mirum
2708 1986 2826 2025 non
2850 1980 2957 2025 est.
2990 1971 3270 2027 Charitas
3293 1973 3541 2045 quippe,
3566 1980 3632 2029 ut

1978 2058 2078 2124 ait,
2112 2074 2230 2113 non
2282 2058 2501 2128 cogitat
2537 2059 2756 2113 malum
2805 2062 2852 2094 ’³
2885 2077 2898 2126 ;
2930 2060 3072 2131 quia
3123 2060 3487 2132 jampridem
3543 2063 3632 2118 id-

1977 2146 2175 2217 ipsum
2193 2146 2366 2202 solita
2392 2147 2692 2203 estamice
2720 2164 3104 2218 praesumere,
3138 2155 3193 2203 et
3223 2150 3630 2220 nosindignos

1978 2237 2161 2305 gratis
2193 2236 2421 2291 honore
2453 2236 2689 2290 afﬁcere
2720 2254 2733 2303 ;
2771 2242 2946 2309 teque
2977 2254 3112 2293 cum
3172 2238 3303 2294 aliis
3339 2245 3628 2311 tanquam

1979 2324 2513 2388 excellentioribns,
2559 2326 2765 2380 minim
2821 2327 3030 2392 audes,
3068 2328 3146 2382 uti
3179 2327 3411 2393 dicitur,
3471 2344 3635 2384 com-

1982 2430 2214 2485 parare.
2275 2414 2491 2469 Verum
2533 2414 2683 2479 haec,
2746 2421 2807 2470 ut
2859 2415 3002 2480 dixi,
3059 2432 3243 2471 sacra:
3300 2417 3632 2473 dilectionis

1986 2507 2127 2557 sunt
2146 2502 2384 2557 indicia.
2417 2505 2498 2557 Tu
2530 2519 2691 2567 vero,
2726 2503 3128 2577 undequaque
3175 2505 3513 2572 laudabilis,
3547 2508 3634 2561 vi-

1986 2592 2144 2646 deris
2167 2591 2226 2646 in
2252 2592 2487 2646 urbium
2514 2594 2737 2660 regina,
2770 2597 3058 2664 tanquam
3083 2610 3189 2649 arx
3219 2595 3499 2667 quaedam
3521 2596 3636 2651 col-

1987 2680 2234 2746 locatus,
2265 2685 2385 2745 aut,
2414 2685 2476 2733 ut
2509 2681 2743 2751 proprie
2773 2682 2964 2751 magis
2996 2699 3200 2737 verum
3228 2684 3446 2750 dicam,
3475 2685 3636 2738 velut

1987 2779 2192 2841 portus
2228 2770 2686 2840 capacissimus,
2723 2769 3077 2826 aﬂlictornm
3136 2773 3393 2844 requies,
3426 2772 3633 2828 audire

1983 2858 2252 2929 jucunda
2283 2858 2661 2928 cupientibus
2692 2859 3021 2915 consolatio
3073 2862 3312 2924 idonea,
3344 2861 3630 2932 quotidie,

1992 2953 2053 3004 ut
2078 2948 2296 3012 dicam,
2326 2946 2646 3002 admittens
2696 2953 2753 3003 et
2784 2964 3027 3013 sanans,
3069 2966 3397 3019 procurans
3428 2956 3481 3004 et
3510 2950 3640 3005 reli-

281 3035 567 3099 κάκείνονς,
626 3036 837 3107 μείζους
900 3041 990 3089 καὶ
1070 3036 1323 3098 ἐλάττους,
1382 3040 1531 3109 ἱερεῖς
1594 3044 1684 3090 καὶ
1740 3038 1876 3112 ἀρχ-

1990 3039 2152 3107 giose
2178 3036 2379 3091 colens
2405 3036 2514 3090 hos
2546 3041 2602 3090 et
2658 3036 2809 3103 illos,
2841 3038 3099 3108 majores
3130 3054 3199 3093 ac
3239 3042 3517 3101 minores,
3551 3054 3641 3094 sa-

288 3132 461 3198 ιερεῖς,
542 3124 751 3186 ἐντελεῖς
816 3130 904 3178 καὶ
961 3127 1280 3199 ὑφειμένους.
1359 3126 1447 3187 Ὠς
1502 3127 1880 3201 μεγαλοπρεπές

288 3232 383 3266 σου
418 3217 475 3265 τὸ
531 3216 662 3266 θεῖον
716 3213 942 3287 ἀξίωμα,
982 3219 1072 3267 καὶ
1124 3219 1182 3267 τὸ
1238 3215 1462 3287 θεοφιλὲς
1512 3217 1877 3290 πρακτήριονῑ

285 3308 553 3376 Προσήκει
613 3323 697 3355 σοι
747 3308 833 3356 καὶ
865 3306 930 3356 τά
986 3312 1082 3357 τού
1141 3302 1384 3377 ἀοιδίμου
1427 3304 1542 3358 Ἰὼϐ
1579 3314 1645 3357 τά
1680 3304 1882 3378 ἐπιφθέ-

282 3395 728 3467 γματαοίηατὴρ
774 3391 1081 3466 ἐγενόμην
1121 3392 1428 3467 ὀρφανῶν,
1470 3398 1620 3455 ποὺς
1661 3392 1729 3447 δὲ
1766 3416 1884 3467 χω-

282 3481 424 3547 λῶν,
504 3487 697 3535 παντὶ
760 3480 827 3535 δε
909 3481 1215 3555 ἀνθρώπῳ
1295 3482 1612 3555 ἀνέῳκταί
1668 3504 1785 3556 μου
1850 3486 1879 3542 ἡ

288 3572 316 3623 θ
334 3573 406 3645 ύρ
423 3590 474 3636 α,
518 3575 608 3623 καὶ
634 3573 735 3623 ὅσα
757 3574 961 3633 τούτοις
991 3577 1326 3644 συνεπόμενα.
1355 3577 1422 3624 Σὺ
1450 3576 1507 3624 τὸ
1528 3572 1766 3644 λείψανον
1797 3582 1887 3633 τῆς

289 3659 554 3720 εὐσεϐείας
587 3677 600 3689 ·
634 3661 792 3721 αύτός
831 3664 887 3713 τὸ
919 3660 1184 3733 κειμήλιον
1215 3670 1305 3723 τῆς
1332 3659 1640 3734 όρθοδοξίας
1668 3680 1679 3693 '
1710 3666 1795 3714 καὶ
1822 3664 1889 3714 τὰ

291 3748 452 3800 πολλά
481 3754 806 3825 παρατρέχει
846 3751 871 3802 ό
901 3750 1085 3822 λόγος·
1119 3750 1201 3802 ἵνα
1230 3755 1301 3824 μὴ
1361 3747 1486 3824 δόξῃ
1540 3755 1671 3827 πρὸς
1727 3754 1888 3825 χάριν

291 3835 474 3908 λέγειν,
536 3843 625 3891 καὶ
682 3839 952 3891 κολακείαν
1014 3842 1079 3891 τὰ
1138 3839 1209 3901 εἰς
1273 3845 1551 3915 πρόσωπον
1610 3840 1887 3902 ἀκοντιζό-

289 3944 437 3996 μενα.
491 3925 671 3999 Ὅμως
727 3932 851 4000 μίαν
900 3933 1069 4001 φωνὴν
1124 3930 1367 4002 προσθεὶς
1430 3927 1749 3981 ἀποπαύσειε
1796 3936 1888 3980 τοῦ

287 4013 498 4085 λέγειν·
554 4021 651 4089 μία
703 4019 1016 4089 παραμυθία
1077 4022 1267 4091 Πατρὶ,
1334 4021 1616 4091 μονογενής
1690 4037 1743 4070 τε
1800 4022 1890 4070 καὶ

290 4103 591 4179 φιλοπάτωρ
638 4108 773 4171 υἱὸς,
820 4111 909 4158 καὶ
968 4114 1029 4177 τῇ
1082 4102 1326 4180 βασιλίδι
1374 4107 1517 4159 πόλει
1556 4109 1584 4164 ἡ
1623 4110 1689 4165 σὴ
1726 4126 1891 4179 μεγα-

290 4192 488 4265 λοφυής
512 4199 600 4247 καὶ
628 4194 937 4269 περιϐόητος
965 4194 1319 4270 ἀρισταρχία.

290 4317 773 4392 PllH’(8'2).—Tiji
810 4322 1145 4395 σπαθαρίᾳ
1183 4327 1293 4372 τοῦ
1333 4317 1890 4392 Φλαϐιανοῦ.[ψνθ’]

1990 3127 2254 3183 cerdotes
2279 3129 2336 3180 et
2355 3124 2690 3196 episcOpos,
2725 3125 3013 3194 primores
3038 3132 3095 3181 et
3124 3126 3421 3181 subditos.
3450 3130 3640 3192 Quam

1992 3214 2310 3285 magniﬁca
2340 3221 2423 3268 est
2447 3213 2703 3282 dignitas
2735 3220 2837 3268 tua
2889 3215 3113 3279 divina,
3148 3222 3204 3269 et
3236 3218 3352 3270 Deo
3402 3222 3645 3287 accepta

1992 3304 2353 3361 exercitatio.
2386 3302 2512 3357 Tibi
2560 3303 2736 3357 etiam
2793 3305 3158 3358 conveniunt
3214 3304 3509 3359 decantati
3535 3305 3646 3360 Job

1994 3395 2176 3449 verba
2204 3407 2217 3449 :
2249 3394 2424 3449 Pater
2445 3407 2605 3447 eram
2620 3392 3054 3462 orphanorum,
3079 3401 3133 3450 et
3143 3408 3245 3461 pes
3266 3394 3642 3460 claudorum,

1996 3488 2048 3541 et
2068 3483 2228 3540 omni
2257 3481 2483 3537 homini
2519 3488 2729 3549 aperta
2772 3488 2900 3537 erat
2919 3483 3121 3552 janua
3151 3498 3279 3539 mea
3306 3485 3392 3549 '9;
3424 3490 3478 3538 et
3529 3484 3647 3539 alia

1995 3590 2129 3648 quae
2157 3576 2508 3644 sequuntur.
2543 3574 2624 3626 Tu
2667 3570 2931 3641 reliquias
2990 3571 3242 3641 pietatis,
3278 3578 3336 3627 tu
3380 3580 3647 3643 recepta-

1998 3662 2197 3718 culum
2228 3661 2636 3715 orthodoxiaa:
2671 3667 2725 3715 et
2759 3660 2942 3715 multa
2991 3662 3381 3731 prmtermittit
3434 3663 3645 3726 oratio,

1999 3769 2072 3807 ne
2099 3751 2176 3806 ad
2207 3750 2456 3817 gratiam
2491 3748 2654 3819 loqui
2685 3764 2820 3819 quas
2871 3750 2927 3802 in
2962 3765 3027 3803 os
3084 3750 3384 3815 dicuntur,
3419 3754 3475 3803 et
3502 3750 3649 3804 adu-

1997 3841 2105 3897 lari
2139 3840 2425 3895 videatur.
2459 3838 2713 3893 Verbum
2748 3845 2949 3893 tamen
2981 3855 3166 3893 unum
3199 3838 3429 3893 addens
3457 3841 3648 3894 conti-

1999 3935 2206 3985 cescet.
2262 3927 2444 3982 Patris
2494 3942 2612 3981 una
2665 3931 2751 3981 est
2800 3927 3151 3993 consolatio,
3204 3928 3543 3995 unigenitus
3593 3933 3649 3982 et

2000 4023 2230 4091 patrem
2253 4032 2467 4071 amans
2500 4014 2680 4079 ﬁlius,
2711 4023 2832 4070 tum
2853 4014 3075 4085 reginas
3100 4015 3228 4070 urbi
3258 4016 3651 4085 magnanima

2000 4112 2055 4163 et
2085 4106 2333 4162 celebris
2358 4105 2586 4176 optima
2612 4111 2714 4159 tua
2745 4104 3199 4160 administratio.

2202 4318 2565 4375 CLXXXVIII.
2611 4350 2663 4358 -ο
2698 4318 3038 4390 δραιὴανίκ
3066 4318 3355 4375 Flaviani
3384 4319 3470 4392 (').

1785 4418 1843 4466 In
1877 4417 2024 4468 obitu
2050 4416 2166 4470 ﬁlii.

366 4504 625 4577 Ἔφθασεν
678 4507 708 4564 ἡ
743 4506 973 4565 ἀπευκτὴ
1008 4505 1225 4579 ἀγγελία
1253 4515 1343 4559 τοῦ
1374 4511 1493 4582 περὶ
1521 4514 1612 4559 τοῦ
1643 4505 1876 4579 ἀειμνήσ·

2078 4505 2344 4561 Pervenit
2373 4521 2563 4577 usque
2592 4506 2666 4561 ad
2696 4504 3091 4561 humilitatem
3118 4522 3360 4578 quoque
3385 4511 3653 4563 nostram

291 4602 389 4651 τοῦ
411 4596 527 4647 υἱοῦ
559 4615 653 4647 σου
684 4598 903 4660 πάθους,
929 4600 1192 4669 μέχρικαὶ
1220 4604 1314 4658 τῆς
1344 4599 1490 4668 ἡμῶν
1516 4600 1890 4657 ταπεινώσεως.

296 4684 444 4757 Ἐνῇ
487 4685 661 4757 ὥσπερ
703 4686 750 4736 οἱ
802 4688 896 4745 τὰς
937 4683 1096 4747 ἀκοὰς
1136 4682 1432 4759 βροντηδὸν
1481 4684 1896 4757 καταπλαγέντες

295 4778 638 4844 πεπτὴχασιν
670 4773 797 4834 ὅλως
829 4795 842 4808 ο
894 4774 1052 4835 οὕτως
1098 4776 1223 4846 ἡμῖν
1253 4776 1278 4826 ό
1325 4764 1479 4846 λόγος
1529 4772 1896 4846 ἐξαπορεῖσθαι

298 4867 569 4926 πεποίηκε,
624 4868 706 4915 καὶ
766 4859 905 4935 μηδὲ
946 4866 1087 4935 ἔχειν
1141 4883 1192 4916 τι
1240 4864 1563 4936 φθέγξασθαι
1606 4864 1750 4926 ἄξιον
1802 4871 1897 4924 τῆς

298 4948 514 5014 ὀδύνης,
547 4951 615 5004 Ὠ
643 4956 694 5004 τί
730 4956 934 5024 γέγονεν
962 4952 1176 5016 ἐξάπινα
1206 4971 1220 5020 ;
1259 4962 1367 5016 πῶς
1398 4958 1568 5025 ᾤχετο
1613 4952 1740 5027 ἀνὴρ
1775 4955 1897 5005 θαυ-

297 5044 517 5115 μαστός,
570 5043 695 5094 αὐτὸ
751 5050 848 5104 τῆς
898 5042 1107 5104 ἡλικίας
1156 5045 1294 5114 ἄγων
1348 5047 1407 5096 τὸ
1464 5041 1770 5116 βιώσιμον;
1832 5044 1897 5101 ὡς

296 5129 613 5204 μεγαλοήλιξ
640 5130 653 5185 ι
704 5132 773 5191 ὡς
827 5134 1012 5204 ὡραῖος
1056 5135 1144 5189 τὴν
1202 5130 1321 5203 ὄψιν
1383 5130 1395 5185 1
1453 5134 1521 5195 ὡς
1572 5130 1780 5204 εὐγενὴς
1830 5132 1889 5182 τό

382 5254 429 5291 ³⁸
456 5255 479 5311 Ι
511 5256 639 5312 Cor.
671 5272 788 5322 xm,
820 5260 871 5311 5.
949 5258 996 5292 ³⁸
1032 5254 1142 5312 Job
1168 5273 1329 5322 xxxx,
1366 5261 1456 5315 I5.

2005 4594 2203 4651 feralis
2236 4596 2483 4650 nuntius
2509 4595 2584 4650 de
2640 4601 2873 4650 aeternas
2904 4596 3208 4650 memoriae
3241 4595 3342 4650 ﬁlii
3377 4597 3455 4651 tui
3488 4613 3651 4652 casu.

2007 4687 2224 4755 Inquo,
2251 4682 2770 4755 quemadmodum
2791 4684 3060 4753 iiquibus
3084 4700 3257 4739 aures
3284 4690 3503 4739 tonitru
3529 4700 3654 4756 per-

2007 4787 2199 4826 cussaa
2222 4777 2379 4836 sunt,
2410 4772 2508 4826 toti
2535 4778 2691 4825 metu
2748 4776 3245 4839 consternantur;
3278 4773 3359 4827 ita
3411 4789 3519 4827 nos
3561 4773 3655 4828 hic

2005 4877 2212 4916 rumor
2240 4860 2299 4914 in
2328 4876 2599 4916 summas
2634 4862 2943 4930 angustias
2972 4861 3219 4930 redegit,
3251 4866 3313 4916 ut
3344 4878 3451 4916 nec
3478 4863 3660 4917 verba

2006 4954 2327 5021 suppetant
2353 4966 2485 5021 quae
2510 4950 2680 5021 paria
2709 4949 2825 5004 sint
2850 4948 3061 5004 dolori.
3096 4951 3138 5005 Ο
3166 4950 3309 5022 quid
3338 4951 3657 5023 derepente

2007 5039 2229 5095 factum
2258 5039 2385 5094 est?
2412 5038 2719 5110 quomodo
2750 5038 3002 5093 excessit
3026 5040 3115 5093 vir
3138 5039 3553 5105 admirandus,
3589 5056 3660 5096 ea

2006 5131 2176 5185 aetate
2199 5142 2336 5200 quas
2368 5128 2628 5184 maxime
2657 5126 2847 5184 vitalis
2875 5132 2983 5191 est,
3013 5142 3197 5200 quam
3229 5143 3511 5200 procerus
3536 5134 3661 5186 sta-

1874 5371 2098 5429 ΝΟΤιΕ.

380 5490 465 5634 2;)!
485 5487 913 5546 Consolatoria.

475 5560 585 5634 )In
624 5558 757 5617 cod.
786 5559 933 5631 Reg.
961 5568 1015 5634 pc

475 5560 585 5634 )In
624 5558 757 5617 cod.
786 5559 933 5631 Reg.
961 5557 1105 5649 pqa'.

2117 5484 2233 5559 (82)
2262 5488 2327 5542 In
2350 5484 2465 5543 cod
2493 5486 2635 5555 Reg.
2668 5483 2805 5575 ρῳ.
