4058 6274
491 231 629 296 1575

1739 241 1800 297 S.
1841 237 2210 296 THEODORI
2250 238 2582 296 STUDITE

3700 240 3839 296 15⁸16

487 367 664 422 tura?
693 383 879 439 quam
911 368 1160 439 pulcher
1205 371 1453 440 aspectu
1482 368 1510 421 ‘I
1541 384 1728 440 quam
1760 367 1977 423 nobilis
2009 385 2144 424 san-

2259 368 2389 439 αἷμα
2421 371 2433 424 l
2468 371 2533 428 ὡς
2572 367 2775 429 εύκλεὴς
2803 371 2861 421 1'6
2900 365 3063 430 κῦδος
3095 368 3108 422 l
3159 371 3226 430 ὡς
3265 373 3412 440 μόνος
3450 367 3842 444 ἓγκαταλελειμ-

488 455 715 525 guine?
747 473 931 528 quam
1001 456 1202 511 illustri
1259 457 1421 512 fama
1473 456 2143 528 gloriosus?tanquam

489 544 652 600 solus
678 546 918 601 relictus
951 546 1159 601 faustae
1189 547 1360 601 matri
1390 545 1742 611 consolatio,
1779 551 2040 618 paternae
2065 547 2147 604 fa-

488 633 665 689 miliae
685 634 1156 698 ﬁrmamentum,
1176 635 1374 703 generi
1397 634 1581 690 decus
1603 639 1660 690 et
1681 643 2101 691 ornamentum
2131 653 2144 702 ;

489 723 827 779 addiderim
861 729 918 780 et
947 725 1123 793 regiis
1157 725 1390 796 palatiis
1444 726 1790 780 inusitatum
1839 732 2144 795 spectacu-

486 811 633 867 lum.
685 813 786 867 Hic
838 813 1166 884 longinqua
1217 817 1271 868 in
1327 813 1569 883 regione
1622 829 1714 868 res
1767 813 2144 884 imperatoris

487 901 936 967 administrans,
969 903 1268 958 avolavit:
1300 911 1548 957 matrem
1579 903 1917 973 relinquens
1940 903 2147 958 lauda-

490 991 810 1055 tissimam,
844 991 1184 1062 relinquens
1215 992 1465 1046 simulet
1493 991 1776 1046 illustrem
1802 995 2142 1061 conjugem,

489 1095 628 1134 cum
661 1079 1146 1148 egregiistiliolis,
1182 1081 1477 1136 etlautam
1501 1081 2146 1152 domum,sanguinem

489 1167 973 1235 celeberrimum,
991 1186 1110 1223 rem
1126 1169 1497 1240 opulentam,
1520 1169 1843 1224 industrios
1861 1168 2142 1235 famulos,

490 1258 805 1327 stipatores
857 1257 1170 1313 dominum
1224 1262 1518 1322 amantes,
1544 1259 1672 1312 haec
1721 1265 1777 1312 et
1803 1257 2146 1323 illa;simul

489 1347 731 1402 omnia:
768 1361 840 1400 ne
870 1347 1097 1400 minuta
1120 1363 1376 1418 quaeque
1409 1346 1751 1414 singillatim
1777 1354 2146 1402 consectetur

488 1436 716 1492 oratio:
753 1435 972 1489 dehinc
1004 1435 1082 1490 ab
1117 1435 1328 1489 exteris
1375 1436 1494 1490 oris
1549 1435 1802 1490 domum
1849 1451 2139 1496 reversus.

489 1537 644 1578 onus
677 1522 1110 1588 miserandum,
1141 1523 1543 1578 lamentabilis
1603 1539 1893 1578 occursus
1926 1529 1982 1578 et
2012 1522 2145 1578 urbi

491 1610 692 1679 regiae,
747 1618 801 1666 et
856 1611 1066 1666 domui
1123 1613 1600 1683 spectatissima.
1637 1613 1680 1668 0
1741 1612 2145 1667 calamitatem

492 1700 881 1755 immodicam
908 1699 920 1753 2
962 1699 1368 1769 lngemuerint
1395 1701 1547 1755 muri
1580 1701 1692 1772 ipsi
1724 1700 1911 1766 urbis,
1938 1716 2009 1755 ne
2057 1699 2148 1753 di-

491 1804 626 1844 cam
656 1789 950 1860 principes
990 1793 1047 1843 et
1069 1789 1353 1860 mquales.
1385 1789 1584 1858 Ingeiu
1598 1789 1788 1844 uerint
1813 1794 1869 1844 et
1894 1792 2148 1860 impera-

490 1881 647 1932 tores
680 1876 816 1948 ipsi,
841 1877 1107 1946 germine
1137 1877 1327 1932 orbati
1363 1878 1559 1933 multis
1589 1877 1936 1933 nominibus
1959 1876 2148 1933 admi-

486 1966 699 2034 rando,
760 1965 1089 2037 lacrymata
1148 1967 1398 2022 fortasse
1466 1967 1698 2022 urbana
1758 1967 2076 2022 multitudo
2131 1983 2142 2022 :

494 2061 711 2110 maesta
768 2061 966 2110 autem
1029 2055 1236 2110 merito
1286 2055 1456 2110 fuerit
1513 2059 1790 2111 universa
1845 2057 2143 2126 cognatio.

494 2143 663 2209 Quod
699 2144 743 2198 si
771 2143 897 2198 haec
943 2143 1024 2199 ita
1055 2152 1212 2209 sunt,
1248 2145 1384 2216 quis
1435 2144 1708 2199 dolorem
1743 2150 1934 2210 tuum,
1970 2160 2006 2198 o
2037 2145 2144 2198 do-

495 2232 681 2299 mina,
729 2231 997 2287 luctuose
1053 2235 1194 2287 satis
1225 2233 1522 2304 explicet?
1547 2235 1682 2304 quis
1713 2239 1770 2288 et
1816 2233 2090 2304 conjugis
2119 2232 2146 2287 ?

493 2323 631 2392 quis
662 2326 718 2376 et
744 2323 963 2376 sororis
986 2322 1014 2378 7
1043 2320 1176 2393 quis
1212 2329 1267 2376 et
1312 2322 1777 2376 domesticorum
1797 2323 1825 2378 7
1854 2325 1966 2376 Nec
1998 2324 2146 2393 ipsa:

493 2409 811 2465 ﬂuminum
843 2409 1201 2480 proﬂuentes
1232 2398 1404 2482 aqua;
1424 2411 1482 2465 in
1514 2411 1812 2482 lacrymas
1845 2427 2147 2466 conversae

496 2498 668 2553 vobis
723 2499 796 2553 ad
857 2498 1119 2553 lamenta
1177 2499 1533 2554 sufﬁcerent.
1567 2501 1716 2565 Quid
1769 2499 1911 2555 aer?
1943 2516 2146 2555 annon

498 2587 688 2643 oculis
736 2587 940 2641 vestris
996 2592 1259 2642 mutatus
1291 2587 1425 2642 est?
1456 2589 1547 2642 sol
1606 2604 1798 2658 neque
1830 2593 1994 2643 ortus
2038 2597 2146 2655 est,

499 2675 621 2730 sole
651 2675 866 2730 domus
896 2676 1166 2730 amisso?
1195 2679 1323 2730 Haec
1355 2683 1533 2748 atque
1569 2678 1660 2730 liis
1693 2676 1908 2732 similia
1940 2694 2149 2748 sugge-

499 2764 569 2818 rit
599 2763 769 2818 dolor
795 2763 869 2819 ad
897 2763 1245 2833 lugendum.
1266 2766 1377 2820 Sed
1401 2765 1543 2836 quia
1564 2764 1871 2820 mulierem
1905 2765 2150 2837 alloqui-

501 2868 634 2907 mur
659 2859 716 2907 et
733 2853 948 2907 divinis
969 2853 1109 2907 olim
1140 2854 1455 2919 eruditam,
1487 2861 1540 2908 et
1565 2870 1699 2926 quae
1722 2870 1904 2908 omne
1925 2854 2150 2910 virtutis

501 2949 920 3012 argumentum
955 2942 1012 2996 in
1048 2959 1157 2996 sua
1189 2943 1384 3012 ipsius
1411 2943 1527 2997 vita
1552 2944 1812 3009 exhibet,
1847 2943 2000 2999 sicut
2026 2960 2151 2999 om-

2256 462 2400 529 μένος
2445 460 2776 532 παραμύθιον
2829 463 2989 530 μητρὶ
3041 458 3209 531 αἰσία,
3271 459 3411 530 οἰκίᾳ
3448 463 3663 530 πατρῴα
3711 460 3845 532 ἔρει-

2259 566 2387 618 σμα,
2467 551 2598 618 γένει
2665 546 3073 619 ἐγκαλλώπισμα
3113 565 3124 578 ⁸
3189 549 3470 620 προσθείην
3531 544 3580 599 δ’
3639 545 3698 598 ἆν
3755 551 3848 598 καὶ

2259 632 2541 708 βασιλείοις
2596 635 2776 697 αύλαῖς
2833 636 2968 699 ξένον
3009 638 3200 710 ὅραμα.
3265 633 3430 698 Οὗτος
3481 640 3528 688 ἐν
3573 632 3842 707 ἀλλοδαπῇ

2256 727 2321 776 τὰ
2363 722 2618 797 βασιλέως
2672 725 3044 798 διοικούμενος,
3103 729 3306 783 άπίπτη
3339 745 3350 756 ⁸
3402 725 3697 777 καταλιπών
3756 729 3848 796 μὶν

2255 819 2346 872 τὴν
2376 813 2682 886 περιϐόητον
2711 819 2932 889 μητέρα,
2988 815 3350 867 συναπολιπὼν
3381 812 3440 868 δε
3485 821 3574 866 καὶ
3626 819 3720 872 τὴν
3751 833 3846 866 πε-

2255 901 2463 976 ρίδοξον
2516 905 2774 974 ὁμόζυγα,
2826 908 2918 956 σύν
2970 907 3195 975 εύγενέσι
3239 909 3513 974 νεογόνοις,
3577 909 3666 956 καὶ
3716 906 3849 975 λαμ-

2255 995 2390 1065 πρὰν
2444 991 2639 1058 ἑστίαν,
2674 997 2731 1044 τὸ
2778 993 3192 1066 πολυθρύλλητον
3246 995 3395 1065 αἷμα,
3446 997 3504 1045 1'6
3536 993 3851 1044 πολυούσιον

2255 1091 2450 1154 κτῆμα,
2506 1087 2628 1144 τοὺς
2687 1078 2890 1145 δεξιοὺς
2944 1084 3220 1155 ὑπηρέτας,
3281 1086 3394 1143 τοὺς
3444 1079 3854 1153 φιλοδεσπότους

2255 1173 2620 1243 παραστάτας,
2675 1178 2842 1222 ταῦτα
2871 1172 3103 1236 κάκεῖνα,
3153 1172 3282 1242 ὁμοῦ
3321 1174 3386 1222 τὰ
3431 1175 3619 1236 πάντα,
3662 1174 3733 1231 ὡς
3790 1169 3852 1222 ἂν

2255 1263 2326 1330 μὴ
2377 1261 2869 1332 κατακερματίζοιεν
2908 1259 2957 1312 ἓν
2996 1262 3212 1312 ἕκαστον
3244 1262 3268 1311 6
3321 1261 3472 1330 λόγος
3513 1276 3525 1288 ⁸
3579 1259 3687 1311 εἶτα
3745 1259 3854 1311 ἐπι·

2255 1347 2473 1400 ανελθὼν
2504 1349 2558 1399 ἐκ
2615 1356 2711 1410 τῆς
2763 1348 2906 1411 ξένης
2937 1346 3136 1410 οἶκαδε,
3196 1354 3382 1420 φόρτος
3438 1347 3667 1415 ἐλεεινός,
3723 1367 3854 1400 σκυ-

2258 1439 2459 1511 θρωπόν
2525 1436 2806 1509 ἁπάντημα
2870 1443 2958 1488 καὶ
3028 1435 3274 1509 βασιλίδι
3357 1437 3522 1502 πόλει,
3579 1444 3670 1489 καὶ
3746 1437 3854 1499 ἀξι-

3579 1255 3687 1311 εἶτα

2257 1529 2471 1597 αγάστῳ
2530 1526 2698 1599 ἑστίᾳ.
2756 1525 2824 1578 Ὠ
2879 1535 2968 1587 τῆς
3047 1526 3470 1598 ὑπερϐαλλούσης
3529 1531 3856 1598 συμφορᾶς]

2257 1614 2512 1677 Στενάξειε
2543 1612 2593 1668 δ’
2644 1614 2704 1666 ἂν
2756 1620 2844 1666 καὶ
2892 1615 3023 1667 αὐτὰ
3067 1618 3132 1666 τὰ
3184 1620 3338 1686 τείχη
3391 1622 3479 1675 τῆς
3527 1615 3734 1677 πόλεως,
3777 1619 3852 1682 μὴ

2180 1725 2220 1778 Β
2257 1706 2338 1756 ὅτι
2368 1705 2622 1778 ἄρχοντες
2651 1710 2740 1756 καὶ
2772 1705 3034 1775 ὁμήλικες,
3091 1705 3383 1767 στενάξειαν
3412 1701 3464 1756 δ’
3495 1703 3553 1755 ἆν
3581 1709 3669 1756 καὶ
3706 1705 3856 1755 αὐτοὶ

2258 1795 2306 1845 οἱ
2366 1794 2759 1867 αὐτοκράτορες,
2821 1792 3225 1855 ἀποϐεϐληκότες
3301 1796 3441 1866 ἔρνος
3519 1793 3856 1864 πολυθαύμα-

2261 1901 2401 1935 στον.
2438 1886 2720 1954 Δακρύσειε
2743 1885 2891 1954 τάχα
2919 1889 3007 1934 καὶ
3043 1884 3068 1934 6
3095 1881 3356 1944 ἐπιπόλιος
3385 1881 3564 1954 ὅμιλος
3592 1899 3603 1911 ⁸
3639 1880 3856 1934 ἐπιστυ-

2255 1973 2440 2041 γνάσει
2499 1967 2558 2023 δε
2602 1971 2808 2030 εἰκότως
2861 1976 2951 2023 καὶ
3006 1977 3106 2022 πᾶν
3155 1975 3211 2022 τό
3254 1976 3422 2041 γένος,
3475 1971 3534 2022 Εἰ
3591 1967 3859 2023 δὲταῦτα

2257 2060 2437 2124 οὑτως,
2483 2063 2562 2120 τίς
2610 2064 2666 2111 τό
2712 2062 2796 2112 ἐπὶ
2852 2065 2935 2112 σοὶ
2983 2063 3146 2120 πάθος
3200 2055 3664 2133 ἐκτραγῳδήσειεν,
3695 2056 3734 2109 ὦ
3767 2055 3862 2110 δί-

2259 2167 2448 2199 σποινα
2484 2153 2601 2213 ςτίς
2631 2145 2689 2200 δε
2719 2153 2772 2200 1'6
2804 2157 2898 2210 τῆς
2937 2149 3201 2221 ὁμοζύγου
3243 2167 3258 2219 ;
3289 2153 3362 2208 τίς
3397 2145 3454 2200 δὲ
3484 2152 3540 2199 1'6
3580 2155 3676 2208 τῆς
3707 2143 3860 2200 ἁδελ-

2258 2243 2402 2308 φῆς;
2449 2242 2522 2297 τίς
2580 2233 2639 2289 δὲ
2691 2242 2747 2288 τὸ
2795 2245 2892 2289 τῶν
2923 2237 3129 2289 οἰκετῶν
3163 2255 3175 2301 ;
3211 2233 3325 2289 οὐδ’
3353 2236 3411 2288 ἂν
3465 2245 3562 2288 τῶν
3612 2243 3859 2305 ποταμῶν

2257 2328 2323 2378 τὰ
2371 2324 2605 2399 ῥεύματα
2658 2326 2730 2387 εἰς
2783 2323 3010 2398 δάκρυον
3059 2329 3470 2398 μεταποιούμενα
3542 2324 3864 2395 ἐξαρκέσειεν

2257 2416 2378 2485 ὑμῖν
2409 2417 2785 2488 ὑπηρετεῖσθαι
2817 2425 2886 2485 τῷ
2930 2418 3117 2488 θρήνῳ.
3173 2420 3235 2466 Τί
3285 2411 3394 2466 δεό
3446 2412 3544 2485 ἀήρ
3579 2431 3591 2479 ;
3622 2413 3715 2465 οὑκ
3766 2413 3866 2470 ὴλ-

2257 2503 2468 2555 λοίωται
2522 2512 2630 2565 τοῖς
2682 2503 2960 2575 ὀφθαλμοῖς
3013 2505 3154 2575 ὑμῶν
3207 2497 3354 2576 ἆρα;
3396 2504 3541 2554 καὶὸ
3575 2502 3714 2560 ἣλιος
3764 2500 3861 2552 ούκ

2261 2592 2634 2656 ἁνατεταλκὼς,
2693 2598 2777 2644 τόν
2841 2601 2936 2654 τῆς
3012 2592 3188 2653 ἑστίας
3267 2593 3408 2651 ἣλιον
3479 2591 3860 2657 ἀπολωλεκώς;

2258 2689 2502 2734 Τοσαῦτα
2535 2686 2618 2732 καὶ
2669 2683 2768 2732 ὅσα
2797 2684 2996 2741 τούτοις
3052 2681 3305 2752 ἐφάμιλλα
3353 2679 3627 2733 ὑποϐάλλει
3663 2683 3721 2731 τὸ
3755 2680 3858 2729 πά⁶

2263 2773 2346 2832 θος
2388 2767 2781 2844 ἀποδύρασθαι.
2832 2769 2969 2823 Ἀλλ’
3014 2765 3194 2828 ἐπειδὴ
3245 2773 3370 2841 πρός
3407 2777 3633 2840 γυναῖκα
3670 2770 3799 2838 ἡμῖν
3833 2767 3860 2816 6

2259 2857 2411 2929 λόγος
2457 2859 2618 2910 πάλαι
2674 2861 2738 2910 τὰ
2780 2860 2892 2910 θεῖα
2921 2855 3358 2930 πεπαιδευμένην,
3413 2863 3503 2910 καὶ
3545 2857 3665 2914 ὅλην
3723 2857 3858 2907 ὑπό-

2264 2949 2404 3000 θεσιν
2462 2947 2645 3020 ἀρετῆς
2692 2951 2778 2998 τόν
2836 2947 3025 3008 ἑαυτῆς
3080 2945 3194 3019 βίον
3247 2944 3660 2999 ὑποδεινύουσαν
3711 2963 3724 2975 '
3791 2947 3859 3004 ὡς

501 3031 666 3086 nium
694 3046 880 3102 prope
899 3046 1075 3085 aures
1100 3031 1376 3103 oculique
1395 3037 1681 3086 testantur
1705 3048 1718 3098 ;
1745 3031 2150 3087 admonitione

501 3119 681 3141 mula-
722 3135 836 3141 ..-..
887 3126 965 3141 -.-Α
1006 3134 1150 3141 -..-__
1216 3136 1340 3141 ---μ
1417 3120 1557 3141 1-__:
1618 3120 1837 3141 L_L__-L
1895 3122 2118 3141 _A-_I:_-

2262 3043 2516 3109 μαρτυρεῖ
2555 3033 2751 3107 σχεδόν
2768 3041 2915 3087 πᾶσα
2942 3035 3068 3092 ἀκοὴ
3099 3040 3189 3087 καὶ
3221 3037 3368 3106 ὄψις·
3402 3035 3460 3088 ού
3483 3034 3673 3096 πολλῆς
3700 3041 3862 3108 χρεία

500 3119 690 3174 multa
721 3135 840 3172 non
882 3126 970 3173 est
999 3134 1175 3190 opus,
1209 3136 1346 3174 cum
1397 3120 1559 3174 domi
1618 3120 1838 3176 habeat
1895 3122 2150 3176 medica-

501 3215 704 3263 menta
725 3207 1168 3264 consolationis.
1201 3208 1407 3263 Multos
1438 3209 1674 3264 codices
1708 3225 1910 3265 sacros
1938 3210 1997 3264 in
2030 3226 2152 3265 ma-

502 3313 616 3352 nus
661 3297 1017 3368 sumpsisti:
1070 3295 1258 3352 multa
1313 3300 1547 3353 Patrum
1601 3299 1822 3368 scripta
1859 3298 2148 3368 evolvisti,

502 3392 674 3442 nocte
706 3385 922 3456 dieque
951 3401 1172 3441 vacans
1203 3386 1594 3450 orationibus,
1628 3388 1685 3441 in
1720 3387 1996 3458 precibus
2018 3403 2149 3460 per-

502 3479 774 3540 noctans,
807 3474 922 3530 hoc
945 3481 1056 3540 est,
1085 3476 1143 3530 in
1181 3476 1485 3530 nocturnis
1513 3476 1862 3547 diurnisque
1893 3477 2150 3548 psalmo-

501 3579 635 3619 rum
684 3563 1172 3635 hymnorumque
1235 3563 1764 3619 modulationibus.
1813 3567 1886 3620 Ex
1931 3566 2151 3637 quibus

503 3658 556 3708 et
588 3652 1045 3716 continentia,et
1074 3652 1290 3706 attritio
1321 3653 1588 3723 corporis
1613 3652 1640 3706 ?
1668 3651 1988 3708 liberalitas
2011 3670 2151 3724 erga

501 3755 816 3814 pauperes,
849 3756 991 3812 erga
1024 3740 1362 3795 sacerdotes
1393 3746 1448 3796 et
1476 3740 1806 3796 monachos
1832 3741 2153 3798 observan-

502 3829 607 3897 tia,
636 3837 692 3886 et
713 3828 1007 3901 quidquid
1035 3828 1097 3884 in
1115 3829 1243 3884 aliis
1267 3829 1502 3897 pietatis
1526 3829 1843 3899 generibus
1873 3831 2153 3886 laudatur

503 3923 559 3974 et
587 3921 836 3974 canitur.
874 3918 1042 3972 Domi
1092 3933 1235 3986 ergo
1266 3925 1321 3972 et
1363 3933 1399 3973 a
1431 3919 1616 3990 teipsa
1663 3926 1754 3974 sat
1783 3919 1971 3974 habes
1996 3921 2153 3975 unde

502 4009 720 4063 animae
748 4022 1035 4077 suggeras
1065 4022 1200 4077 quae
1253 4007 1626 4063 conveniant.
1659 4007 1772 4062 Sed
1811 4014 1866 4063 et
1895 4024 2151 4079 sponsae,

504 4101 560 4151 et
605 4097 762 4163 ﬁlim,
795 4105 850 4151 et
901 4095 1003 4150 toti
1053 4095 1510 4151 Abrahamiticaa
1568 4095 1799 4166 domui,
1862 4103 2152 4168 tanquam

504 4185 845 4240 communis
877 4184 1180 4253 magistra,
1217 4191 1273 4238 et
1301 4185 1524 4239 virtutis
1578 4187 1904 4255 exemplar,
1937 4193 1994 4240 et
2017 4202 2155 4258 quea

499 4274 865 4346 jampridem
879 4273 1218 4328 divinorum
1234 4272 1364 4344 eloq
1376 4275 1542 4328 uioru
1554 4291 1608 4328 ω
1624 4274 1937 4330 thesauros
1954 4275 2158 4329 condi-

507 4363 642 4417 disti
667 4380 682 4429 ;
711 4370 879 4434 potes
905 4368 959 4417 et
989 4362 1044 4416 in
1075 4369 1339 4432 tempore
1372 4362 1541 4418 tritici
1579 4379 1922 4418 mensuram
1959 4363 2156 4418 distri-

507 4452 689 4506 buere
744 4454 811 4504 ³ο.
871 4451 1219 4516 Memineris,
1275 4467 1311 4506 o
1360 4466 1651 4520 generosa
1701 4458 1757 4507 et
1798 4452 2156 4507 admiranda
2189 4432 2231 4486 Β

507 4541 658 4596 inter
691 4541 990 4605 mulieres,
1020 4555 1128 4595 nec
1161 4555 1380 4595 novum
1401 4556 1508 4595 nec
1533 4547 1743 4611 praeter
1769 4541 2158 4611 expectatio-

509 4644 647 4684 nem
679 4629 944 4684 evenisse
982 4627 1146 4700 quod
1204 4629 1434 4684 accidit.
1475 4629 1891 4700 Contemplare
1943 4645 2157 4685 omnes

511 4717 613 4789 qui
643 4717 721 4772 ab
751 4717 942 4771 Adam
974 4717 1209 4772 fuerunt
1257 4718 1334 4773 ad
1365 4718 1526 4772 hunc
1569 4734 1756 4789 usque
1803 4719 1986 4784 diem,
2015 4725 2072 4774 et
2096 4718 2158 4773 in

511 4805 810 4877 profunda
864 4806 960 4860 Dei
1007 4806 1232 4877 judicia
1284 4806 1740 4875 ingrederegac
1802 4807 1956 4872 vide,
2016 4808 2160 4880 quia

512 4895 683 4951 homo
709 4895 870 4950 velut
897 4896 1102 4964 fenum
1126 4915 1146 4950 :
1173 4895 1296 4950 dies
1314 4897 1440 4964 ejus
1463 4895 1622 4951 velut
1652 4895 1873 4951 umbra:
1903 4902 2160 4964 praeter-

511 4988 650 5040 eunt
681 4985 748 5037 ³1.
782 4984 1074 5048 Quoniam
1127 4984 1304 5052 igitur
1357 4986 1697 5054 progenitor
1751 4985 2018 5040 mortalis
2056 5001 2160 5055 per

512 5079 847 5144 peccatum,
881 5075 1159 5126 mortales
1192 5078 1248 5126 et
1281 5072 1499 5142 posteri
1547 5071 1802 5128 invicem
1836 5073 2161 5129 succeden-

513 5166 618 5217 tes.
670 5164 881 5216 Verum
925 5177 996 5216 ex
1047 5176 1168 5232 quo
1213 5160 1498 5224 Christus,
1529 5175 1688 5215 mors
1739 5177 1861 5216 non
1897 5162 2160 5232 amplius

513 5266 676 5306 mors
727 5257 834 5314 est,
889 5249 994 5304 sed
1036 5247 1390 5304 immortalis
1442 5251 1908 5318 regenerationis
1940 5251 2161 5322 princi-

515 5339 705 5412 pium.
735 5338 948 5393 Pietate
988 5336 1290 5406 insignem
1331 5335 1542 5404 ﬁlium,
1565 5342 1622 5395 et
1647 5337 2075 5406 orthodoxum,
2101 5346 2162 5398 et

589 5500 638 5535 ³⁸
667 5497 803 5553 Luc.
834 5514 935 5562 xu,
964 5495 1053 5551 42.
1131 5497 1174 5531 ³¹
1212 5496 1357 5552 Psal.
1389 5514 1485 5566 cu,
1523 5497 1609 5554 15.

2263 3127 2603 3196 ὑπομνήσεως
2632 3143 2644 3154 ⁸
2699 3127 2898 3177 οἴκοθεν
2941 3126 3171 3196 ἔχουσαν
3221 3128 3284 3176 τὰ
3323 3126 3570 3197 φάρμακα
3607 3131 3698 3184 τῆς
3757 3142 3864 3174 πα-

2261 3217 2544 3286 ραμυθίας.
2581 3214 2778 3276 Πολλὰς
2805 3216 2939 3286 ἱερὰς
2978 3212 3192 3284 βίϐλους
3233 3212 3315 3265 ἐπὶ
3360 3221 3546 3286 χεῖρας
3596 3215 3809 3285 εἴληφας
3847 3229 3860 3243 ⁸

2262 3303 2425 3355 πολλὰ
2478 3305 2711 3374 πατρικά
2762 3302 3148 3373 ἀναγνωσματα
3201 3299 3582 3363 διεξελήλυθας.
3637 3306 3862 3375 Νύκτωρ

2261 3411 2315 3444 τε
2371 3396 2455 3443 καὶ
2515 3391 2628 3462 μεθ’
2676 3393 2870 3463 ἡμέραν
2932 3391 3278 3462 σχολάζουσα
3337 3397 3448 3451 ταῖς
3504 3397 3864 3462 προσευχαῖς,

2261 3487 2375 3542 ταῖς
2425 3477 2671 3537 δεήσεσιν
2726 3478 3043 3551 ἐπιμένουσα
3093 3487 3205 3540 ταῖς
3251 3482 3560 3552 παννύχοις⁹
3623 3481 3718 3531 εἶτ’
3777 3476 3863 3531 οὖν

2259 3575 2580 3643 νυκτεριναῖς
2629 3573 2717 3619 καὶ
2763 3569 3031 3641 ἡμεριναῑς
3085 3565 3424 3640 ψαλμῳδίαις
3484 3587 3538 3620 τε
3592 3574 3680 3621 καὶ
3741 3571 3863 3641 ὑμν-

2261 3655 2468 3730 ῳδίαις.
2504 3656 2616 3729 Ἀφ’
2650 3656 2716 3708 ὧν
2743 3661 2831 3709 καὶ
2878 3659 2936 3708 τό
2987 3657 3251 3730 ἐγκρατὲς,
3298 3662 3387 3708 καὶ
3431 3659 3488 3707 1'6
3523 3657 3868 3708 ὑπωπιαστι-

2261 3748 2350 3796 κόν
2397 3752 2491 3797 τοῦ
2531 3752 2771 3818 σώματος
2802 3763 2813 3775 ⁸
2867 3749 2925 3798 τὸ
2979 3750 3104 3817 πρὸς
3153 3749 3270 3808 τούς
3311 3741 3498 3806 ἐνδεεῖς
3537 3742 3866 3811 ἐπιδοτικόν,

2265 3835 2414 3905 ἱερεῖς
2465 3853 2519 3886 τε
2571 3841 2660 3886 καὶ
2702 3837 2968 3906 μοναστάς
3017 3835 3382 3907 θεραπευτικόν
3415 3851 3427 3863 ⁸
3481 3837 3538 3885 1'6
3586 3833 3671 3886 ἐπὶ
3740 3834 3870 3886 πολ-

2261 3921 2366 3982 λοῖς
2421 3919 2507 3974 οὖν
2586 3922 2756 3982 ἀλλοις
2813 3923 3074 3984 εὐσεϐείας
3147 3927 3357 3996 τρόποις
3429 3924 3749 3995 ὑμνούμενον
3815 3943 3867 3976 τε

2262 4016 2352 4062 καὶ
2409 4007 2686 4084 ᾀδόμενον.
2754 4013 2968 4064 Οἰκοθεν
3014 4019 3289 4086 τοιγαροῦν
3341 4016 3430 4063 καὶ
3487 4012 3608 4082 παρ’
3663 4011 3866 4074 ἑαυτῆς

2267 4102 2448 4162 ἱκανῶς
2491 4103 2635 4172 ἔχεις
2684 4102 2878 4171 ἐπᾷσαι
2930 4109 2991 4172 τῇ
3039 4100 3194 4172 ψυχῇ
3241 4102 3308 4152 τὰ
3345 4101 3542 4157 εἰκότα.
3594 4106 3670 4152 Ού
3733 4107 3860 4174 μὴν,

2266 4187 2393 4240 ἀλλὰ
2442 4195 2533 4241 καὶ
2565 4197 2625 4261 τῇ
2665 4192 2862 4261 νύμφη,
2909 4195 2998 4242 καὶ
3050 4198 3108 4262 τῇ
3168 4192 3405 4263 θυγατρὶ,
3453 4195 3541 4242 καὶ
3599 4194 3746 4262 πάσῃ
3797 4198 3860 4263 τῇ

2267 4277 2622 4350 Ἀϐρααμιαίᾳ
2653 4278 2803 4350 ἑστίᾳ
2835 4296 2846 4307 ·
2877 4281 2944 4339 ὡς
2990 4282 3160 4339 κοινὸς
3201 4275 3540 4343 διδάσκαλος,
3573 4281 3640 4340 ὡς
3673 4279 3868 4352 ἀρετῆς

2267 4363 2587 4438 ὑπόδειγμα,
2641 4370 2710 4430 ὡς
2760 4369 2979 4419 ἔκπαλαι
3008 4371 3073 4418 τὰ
3113 4369 3223 4420 θεῖα
3269 4368 3419 4437 λογια
3460 4369 3867 4440 θησαυρίσασα,

2267 4461 2358 4507 καὶ
2397 4459 2445 4507 ἓν
2477 4465 2644 4528 καιρῷ
2683 4459 2740 4507 τὸ
2795 4461 3120 4528 σιτομέτριον
3164 4456 3365 4527 ἑκάστῳ
3397 4452 3654 4528 διαιέμειν
3705 4461 3867 4530 ἔχου-

2269 4564 2354 4597 σα.
2399 4546 2814 4617 Ἀναμνησθητι,
2856 4546 2896 4596 ὦ
2946 4551 3157 4616 γενναία
3203 4553 3292 4597 καὶ
3346 4547 3624 4618 θαυμαστὴ
3669 4549 3718 4599 ἑν
3764 4567 3867 4618 γυ-

2267 4633 2451 4698 ναιξὶν,
2485 4637 2555 4694 ὡς
2590 4631 2741 4686 οὐδὲν
2795 4635 2931 4696 ξένον
2974 4641 3064 4687 καὶ
3109 4644 3206 4687 τῶν
3241 4635 3362 4707 παρ’
3393 4632 3588 4687 ἐλπίδα
3615 4640 3674 4686 τὸ
3731 4655 3872 4708 συμ-

2269 4721 2500 4783 ϐεϐηκός.
2555 4723 2942 4795 Ἀναθεὼρησον
2994 4729 3110 4784 τοὺς
3159 4723 3258 4775 ἀπὸ
3319 4719 3496 4794 Ἀδὰμ
3549 4728 3719 4798 μέχρι
3769 4732 3870 4787 τῆς

2273 4815 2496 4882 σήμερον
2515 4829 2527 4842 ·
2553 4816 2640 4863 καὶ
2669 4816 2919 4882 χώρησον
2941 4812 3012 4874 εἰς
3036 4815 3102 4864 τὰ
3129 4820 3219 4864 τοῦ
3245 4819 3376 4865 Θεοῦ
3399 4808 3566 4884 βαθέα
3593 4819 3835 4886 κρίματα
3855 4831 3869 4843 ⁸

2269 4905 2358 4952 καὶ
2389 4897 2492 4964 ἴδε,
2525 4901 2604 4952 ὅτι
2655 4901 2986 4973 ἄνθρωπος
3025 4904 3175 4954 ὡσεὶ
3214 4906 3478 4973 χόρτοςο
3521 4903 3584 4953 αἱ
3625 4904 3872 4975 ἡμέραι

2270 4989 2466 5042 αὑτοῦ
2507 4991 2657 5042 ὡσεὶ
2697 4996 2877 5043 σκιαὶ
2915 4993 3343 5064 παράγουσιν.
3388 4989 3530 5044 Ἐπεὶ
3561 4987 3653 5043 οὖν
3684 4994 3709 5044 6
3743 5011 3875 5064 προ-

2267 5081 2443 5154 πάτωρ
2477 5081 2662 5142 θνητὸς
2691 5077 2785 5132 διὰ
2825 5080 3104 5154 ἁμαρτίαν,
3138 5083 3320 5141 θνητός
3346 5084 3431 5132 καὶ
3473 5081 3499 5131 ὁ
3527 5086 3679 5150 γόνος
3707 5081 3875 5140 ἀλλη-

2267 5165 2476 5238 λούχως
2529 5167 2616 5218 ἰὼν
2666 5167 2829 5242 μέχρι
2867 5177 2957 5220 τοῦ
2997 5165 3173 5242 δεῦρο.
3227 5167 3361 5222 Ἀλλ’
3392 5170 3530 5240 ὅμως
3575 5171 3659 5220 ὅτι
3688 5168 3776 5242 ἀφ’
3808 5171 3875 5222 οὗ

2267 5259 2520 5329 Χριστός,
2567 5257 2741 5308 οὐκέτι
2792 5259 3026 5326 θάνατος,
3056 5259 3082 5309 6
3113 5259 3351 5322 θάνατος,
3408 5256 3515 5308 ἀλλ’
3563 5259 3714 5329 ἀρχὴ
3771 5279 3873 5312 παν

2265 5343 2581 5416 λιγγενεσίας
2615 5343 2896 5402 ἀθανάτου.
2939 5345 3138 5406 Εύσεϐἥ
3185 5342 3371 5412 παῖδα,
3411 5349 3497 5398 καὶ
3546 5344 3862 5418 όρθόδοξον,
