4058 6274
264 282 407 350 1877

1546 278 2059 346 EPISTOLARUM
2098 292 2236 346 LIB.
2283 284 2352 348 II.

3482 268 3622 347 157i;

265 421 613 493 φιλομόναχόν
672 438 725 471 τε
780 424 869 471 καὶ
916 418 1219 490 φιλάγαθον,
1290 420 1377 468 καὶ
1406 419 1737 487 γεγέννηκας,
1770 420 1859 466 καὶ

1985 418 2408 473 :nonachorum
2440 422 2764 484 amantem,
2799 424 2854 473 et
2876 419 3017 475 boni
3044 420 3404 484 studiosum,
3440 428 3493 474 et
3524 433 3623 489 ge-

263 509 631 585 προῦπεμψας.
681 507 850 561 Ἔστω
926 526 1010 559 σοι
1083 508 1393 580 παραμυθία
1444 504 1713 576 αὐτάρκης
1772 508 1861 554 καὶ

264 598 607 672 εὐχαριστίας
692 599 954 657 ὑπόθεσις.
1045 601 1144 649 Καὶ
1217 594 1614 668 παρακαλοῦμέν
1667 612 1723 644 σε
1768 597 1861 650 τὴν

268 687 684 762 θεοπαράκλητον
729 691 819 738 καὶ
865 688 1180 737 πανσύνετον
1216 702 1227 714 °
1284 692 1451 754 γενοῦ,
1508 686 1576 744 ὡς
1630 681 1677 732 ἐν
1730 687 1863 733 πᾶσι

264 782 371 837 τοῖς
423 777 608 839 ἄλλοις,
704 774 969 827 κάνταῦθα
1038 772 1441 845 μεγαλοψυχίας
1526 767 1861 842 ὑπόδειγμαο

264 865 418 917 καλὸν
449 864 681 938 ἐντάφιον
722 869 811 916 καὶ
850 872 922 935 τῷ
970 863 1217 933 παγκάλῳ
1270 862 1386 931 υὶῷ,
1438 863 1506 921 ὡς
1557 865 1647 911 καὶ
1690 858 1867 930 ψυχι-

265 963 367 1017 κῶς
432 957 725 1027 ἱμειρομένη
799 957 867 1006 τὰ
923 957 1080 1023 αὐτῷ⁴
1130 950 1489 1019 ἐπιϐάλλοντα,
1576 948 1865 1023 ἀπόμοιραν

266 1052 380 1115 Θεῷ
410 1044 735 1099 εἰσοίσουσα.
762 1045 921 1114 Τάχα
946 1045 1046 1114 γὰρ
1079 1038 1172 1093 διὰ
1220 1048 1368 1093 τοῦτο
1400 1044 1518 1099 Θεὸς
1548 1058 1604 1091 σε
1631 1038 1866 1110 ἐταμιεύ,

268 1152 397 1186 σατο
426 1142 524 1185 τῶν
574 1132 932 1204 προλαϐόντων
983 1132 1235 1194 ὑστάτην,
1298 1132 1380 1181 ἱνα
1430 1130 1599 1179 πάντα
1655 1129 1865 1201 θεοπρε-

266 1232 371 1283 πῶς
440 1219 740 1294 διαθεμένη,
801 1222 1045 1280 εὐκταίως
1105 1221 1406 1293 συναπάρης
1466 1226 1565 1269 τῶν
1642 1214 1863 1282 ἐνθένδε,

266 1318 355 1363 καὶ
384 1312 783 1385 κληρονομήσης
827 1315 919 1363 σὺν
976 1310 1151 1370 αὐτοῖς
1199 1309 1338 1368 ζωὴν
1396 1307 1620 1363 αἰώνιον,
1689 1313 1868 1358 Ταῦτα

266 1407 355 1453 καὶ
406 1402 431 1452 ὁ
488 1397 704 1473 ἀδελφὸς
762 1401 909 1472 ἡμῶν
963 1400 988 1450 ό
1050 1397 1441 1470 θεοφιλέστατος
1517 1395 1868 1467 ἀρχιεπίσκο-

266 1509 363 1551 πος
447 1492 901 1562 συμφθεγγόμενος
971 1486 1107 1551 ἐστι,

268 1598 392 1652 μου.

341 1702 486 1757 ΡΠΘ’
510 1704 641 1775 (83).
668 1733 732 1744 -
762 1701 1188 1756 Παντολέοντι
1224 1699 1559 1772 λογοθέτῃ.
1596 1696 1790 1770 [ψξα’.]

1206 1485 1631 1558 πολυτιμιωτάτη
1708 1489 1868 1557 κυρία

1973 506 2172 563 nuisti.
2206 513 2260 561 et
2292 507 2650 579 pramisisti.
2686 509 2765 564 Sit
2796 508 2899 562 tibi
2933 507 3261 563 consolatio
3287 508 3526 575 idonea,
3569 513 3626 564 et

1972 596 2295 664 gratiarum
2322 597 2693 665 agendarum
2717 602 3158 668 argumentum.
3196 599 3402 670 Utique
3429 597 3627 653 horta-

1975 691 2196 748 mnrte,
2231 685 2363 739 licet
2392 685 2652 739 divinius
2685 686 2991 741 incitatam
3032 692 3087 741 et
3125 687 3483 757 prudentem
3512 702 3619 742 un-

1973 774 2291 845 dequaque
2320 793 2332 827 :
2367 779 2514 839 esto,
2546 774 3066 846 quemadmodum
3097 774 3154 829 in
3183 776 3407 830 cateris
3430 776 3623 831 omni-

1975 863 2109 929 bus,
2141 862 2234 917 hic
2257 864 2433 917 etiam
2463 863 2665 934 magni
2685 863 2867 918 animi
2898 864 3239 935 exemplum
3267 865 3622 936 :pulchrum

1974 950 2150 1005 funus
2179 952 2581 1021 pulcherrimo
2606 952 2721 1022 ipsi
2754 968 2998 1023 quoque
3028 951 3167 1018 ﬁlio,
3212 959 3502 1025 tanquam
3546 953 3620 1009 de

1974 1041 2044 1095 iis
2065 1055 2199 1111 qua
2226 1040 2301 1094 ad
2334 1039 2499 1095 illum
2530 1045 2819 1111 spectant,
2850 1042 2943 1113 pie
2984 1041 3253 1106 sollicita,
3284 1043 3342 1097 in
3366 1042 3469 1097 Dei
3497 1057 3633 1114 par-

1976 1133 2089 1183 tem
2125 1127 2402 1183 offerens.
2438 1130 2749 1200 Propterea
2771 1130 2929 1184 enim
2960 1130 3205 1186 fortasse
3229 1130 3382 1187 Deus
3413 1136 3466 1187 te
3498 1130 3628 1187 illo-

1975 1234 2106 1272 rum
2162 1219 2263 1289 qui
2332 1224 2762 1289 pracesserunt
2793 1218 3067 1274 ultimam
3133 1220 3478 1285 reservavit,
3561 1225 3627 1277 ut

1976 1306 2451 1377 omnibusdigne
2464 1308 2581 1362 Deo
2594 1307 2918 1379 dispositis,
2938 1308 3180 1364 feliciter
3193 1308 3333 1364 hinc
3347 1310 3624 1379 emigres,

1976 1403 2031 1450 et
2060 1411 2195 1449 cum
2222 1397 2364 1467 ipsis
2396 1397 2575 1452 vitam
2606 1402 2889 1452 aternam
2911 1399 3192 1453 sortiaris.
3224 1401 3356 1454 Hac
3373 1404 3427 1454 et
3452 1398 3631 1455 frater

1977 1490 2177 1539 noster
2193 1486 2289 1540 Dei
2304 1486 2761 1541 amantissimus
2776 1486 3263 1557 archiepiscopus
3294 1504 3415 1544 una
3426 1487 3631 1543 nobis-

1976 1590 2116 1630 cum
2141 1573 2423 1646 loquitur,
2456 1574 2704 1631 domina
2745 1591 2881 1630 mea
2906 1575 3084 1646 longe
3122 1576 3618 1633 honoratissima.

2190 1699 2499 1755 CLXXXIX.
2534 1730 2598 1739 —
2630 1700 3011 1757 Pantoleonti
3035 1701 3399 1772 Logotheta.

1287 1804 1664 1867 Deprecatoria
1689 1817 1784 1866 pro
1816 1803 2094 1853 Theodoto
2122 1804 2576 1868 Protospathario.

342 1896 520 1969 Ἴσμεν
566 1902 653 1949 καὶ
716 1901 773 1948 1'6
831 1894 1286 1970 εὐπαρῥησίαστον
1342 1897 1625 1965 νεμεσητὸν
1705 1895 1868 1965 ὑπάρ-

2050 1894 2285 1949 Scimus
2320 1896 2570 1950 nimiam
2612 1895 2896 1968 loquendi
2932 1898 3265 1954 libertatem
3298 1897 3631 1969 expositam

269 2006 388 2059 χειν
421 2004 432 2014 ’
493 1988 913 2057 σννεπιστάμεθα
966 1990 1055 2037 καὶ
1107 1989 1194 2035 τὸν
1225 1988 1406 2055 καιρὸν
1448 1981 1707 2039 συστολὴν
1746 1984 1869 2054 ἡμῖν

272 2077 558 2148 ἐπιτρέπειν
591 2092 603 2103 ·
642 2074 745 2126 ἀλλ’
805 2078 944 2146 ὅμως
992 2079 1048 2126 1'6
1096 2072 1412 2145 ὑπερϐάλλον
1464 2080 1561 2133 τῆς
1598 2070 1868 2143 ἀμυθήτου

274 2184 368 2216 σου
410 2169 529 2235 περὶ
569 2166 706 2235 ἡμᾶς
750 2168 870 2224 τοὺς
920 2166 1189 2223 ταπεινοὺς
1242 2158 1543 2213 εὐδιάθετον
1576 2161 1869 2230 ἠνάγκασεν

272 2258 412 2326 ημᾶς
455 2253 828 2326 τολμηρότερον
876 2255 1195 2324 χρησασθαι
1244 2256 1334 2302 καὶ
1392 2248 1529 2320 τῷδε
1584 2258 1657 2321 τῷ
1703 2269 1871 2321 γραμ-

270 2350 459 2415 ματίῳ.
518 2341 785 2413 Τολμηρόν
827 2344 927 2413 γάρ
982 2340 1123 2391 ἐστιν
1173 2342 1236 2399 ὡς
1276 2339 1478 2399 ἀληθῶς
1510 2338 1567 2390 οὐ
1605 2344 1758 2409 μόνον
1806 2340 1871 2389 τά

272 2433 389 2484 καθ’
446 2431 656 2489 ἑαυτοὺς
715 2430 1004 2502 ἀναφέρειν,
1059 2428 1185 2479 ἀλλὰ
1230 2433 1321 2480 καὶ
1373 2429 1499 2499 ὑπὲρ
1557 2427 1737 2498 ἐτέρων
1789 2423 1871 2477 δε-

275 2519 499 2579 δεῆσθαι
524 2538 535 2548 ·
592 2521 749 2589 ὅμως,
779 2521 847 2579 ὡς
895 2520 1114 2591 εἴρηται,
1150 2521 1206 2567 τό
1238 2518 1367 2567 πολύ
1416 2535 1509 2567 σου
1551 2516 1752 2587 εὐμενὲς
1780 2519 1870 2566 καὶ

276 2607 493 2662 διπλοῦν
542 2607 766 2671 εὐσεϐὲς,
841 2605 1219 2681 παρεθάρρυνεν
1269 2608 1410 2677 ἡμᾶς
1462 2606 1751 2676 τολμῆσαι.
1807 2609 1870 2656 Τί

274 2696 360 2751 οὖν
405 2703 462 2750 τὸ
514 2700 827 2769 λεγόμενον;
874 2701 990 2767 περὶ
1042 2693 1307 2747 Θεοδότου
1346 2703 1438 2746 τοῦ
1486 2696 1870 2767 πρωτοσπαθα-

274 2808 410 2862 ριου,
465 2789 520 2849 ὅς
572 2791 705 2847 ὅπως
760 2787 899 2837 ἐστὶν
949 2784 1245 2854 ἐναγώνιος,
1304 2784 1451 2835 αἰτία
1507 2792 1599 2835 τοῦ
1676 2803 1870 2835 συναπ-

275 2879 489 2950 άραντος
537 2875 676 2946 αὐτῷ
707 2875 980 2944 οἰκονόμου
1029 2881 1124 2934 τῆς
1164 2873 1477 2934 Ἐκκλησίας
1509 2872 1555 2923 ἐν
1599 2880 1661 2944 τῇ
1694 2875 1866 2938 Δύσει,

276 2964 617 3037 διαγινώσκει
681 2967 885 3026 πάντως
940 2966 969 3021 ἡ
1023 2963 1404 3036 ἀνυπέρϐλητός
1463 2982 1558 3014 σου
1607 2964 1867 3035 ὑπεροχή.

272 3062 361 3116 Τίς
408 3052 495 3105 οὖν
549 3054 693 3114 ἄλλος
741 3053 801 3104 ἂν
857 3052 1139 3124 ἐξευρεθείη
1200 3051 1437 3125 άρρωγός
1483 3052 1566 3103 ἐπὶ
1618 3059 1679 3123 τῇ
1737 3051 1873 3102 ἀντι-

270 3143 427 3214 λήψει
458 3151 550 3194 τοῦ
581 3140 766 3216 ἀνδρὸς
802 3161 815 3206 ;
864 3147 944 3202 τίς
994 3139 1042 3193 δ’
1076 3143 1137 3192 οἶν
1167 3142 1591 3214 έχεφρονέστερος
1634 3148 1729 3199 τῆς
1777 3148 1875 3199 σῆς

270 3232 609 3305 μεγαλονοίας
650 3228 878 3283 συνιδεῖν
904 3234 959 3282 1'6
993 3228 1151 3295 δέον;
1212 3236 1292 3290 τίς
1337 3227 1395 3281 δε
1450 3235 1539 3281 καὶ
1591 3230 1617 3280 6
1670 3228 1874 3293 ἐπὶτοῦ

270 3324 499 3394 κράτους
551 3326 608 3373 τὸ
644 3322 869 3390 ὐπόγυον
924 3322 1060 3389 ἔχων
1120 3320 1266 3371 πλέον
1306 3328 1401 3379 τῆς
1448 3326 1542 3378 σῆς
1579 3336 1876 3389 γνησιευτι-

271 3419 372 3470 κῆς
400 3412 777 3484 παραστάσεως
812 3426 825 3474 ;
864 3414 958 3468 Δός
1014 3410 1039 3460 ὅ
1087 3409 1293 3479 εῖληφας
1344 3411 1487 3479 παρά
1532 3415 1666 3460 Θεοῦ
1717 3407 1871 3473 ἔλεος,

273 3497 509 3553 δέσποτα
556 3501 887 3571 παμποθητε,
942 3507 1014 3568 τῷ
1076 3495 1318 3569 δεομένῳ.
1384 3493 1876 3569 Προκυλινδούμεθά

275 3609 373 3642 σου
410 3597 521 3651 τοῖς
550 3594 744 3660 τιμίοις
795 3591 1012 3660 ἴχνεσι·
1053 3584 1214 3659 βουλή
1267 3605 1360 3638 σου
1410 3589 1475 3646 ὡς
1525 3583 1685 3658 βουλὴ
1730 3585 1876 3656 ἀγγέ-

273 3679 364 3731 λου
400 3701 411 3711 ·
448 3683 585 3750 φωνή
631 3697 725 3729 σου
785 3681 852 3738 ὡς
894 3674 1039 3749 βολὶς
1103 3676 1481 3749 ἀστράπτουσα
1530 3684 1591 3747 τῇ
1644 3694 1697 3726 τε
1750 3676 1875 3745 λαμ-

280 3772 501 3839 πρότητι
549 3777 645 3829 τῆς
696 3766 1016 3841 παρρησίας,
1066 3773 1156 3816 καὶ
1192 3774 1252 3837 τῇ
1284 3772 1373 3825 τῆς
1408 3764 1609 3835 ἀγάπης
1647 3764 1872 3836 ἀγλαία-

278 3857 340 3918 ἧς
394 3858 437 3909 εἰ
484 3856 721 3919 ἀξιωθείη
776 3860 1003 3927 μέτοχος
1046 3856 1287 3925 γενέσθαι
1332 3855 1356 3903 6
1400 3855 1567 3913 ἱκέτης
1602 3871 1716 3917 σου,
1752 3856 1873 3905 πάν-

275 3964 372 4005 τως
402 3948 462 3997 ἄν
515 3946 609 4007 ἔξω
662 3964 761 3996 που
817 3948 1031 4014 γένηται
1087 3952 1186 3993 τῶν
1252 3951 1677 4013 κατηγορητικών
1720 3940 1876 4014 βελῶν

277 4043 371 4086 τοῦ
401 4036 750 4106 ἀντικειμένου
797 4034 958 4103 αὐτῷ,
1016 4035 1084 4093 ὡς
1132 4028 1281 4093 οἶδας
1340 4033 1365 4082 6
1406 4030 1713 4101 ὑφηλόνους,
1744 4032 1880 4081 κατὰ

280 4121 567 4195 διαφόρους
615 4129 852 4196 τρόπους.
901 4121 1076 4192 Ἡμεῖς
1134 4139 1187 4172 τε
1233 4122 1282 4172 οἱ
1328 4125 1561 4171 ταπεινοὶ
1595 4125 1880 4191 προσοίσο-

280 4219 373 4285 μέν
416 4232 499 4264 σοι
544 4212 733 4271 πολλὰς
778 4213 872 4271 τὰς
930 4211 1279 4282 εὐχαριστίας
1334 4228 1385 4261 τε
1423 4214 1512 4259 και
1571 4210 1880 4280 προσευχὰς

282 4303 412 4373 ὑπὲρ
454 4302 629 4372 ὑγείας
668 4302 964 4372 ἀμφοτέρων
1022 4301 1184 4370 ὑμῶν,
1233 4308 1327 4357 τὴς
1387 4298 1545 4356 καλῆς
1598 4300 1755 4357 ὅντως
1794 4301 1881 4347 καὶ

284 4389 609 4459 ἀξιαγάστου
641 4394 921 4460 συζυγίας.
980 4393 1079 4441 Καὶ
1135 4390 1281 4459 τάχα
1328 4388 1454 4459 ὑπερ
1496 4392 1588 4443 τὴν
1620 4394 1719 4436 τῶν
1750 4387 1883 4457 χρύ-

288 4499 384 4531 σεα
425 4475 571 4551 δῶρα
627 4484 1016 4552 προσφερόντων
1070 4478 1163 4528 οὐκ
1220 4476 1503 4548 ἀτιμοτέρα
1564 4477 1641 4532 εἴη
1676 4476 1798 4545 ὑμῖν
1848 4475 1876 4530 ἡ

288 4570 613 4642 θεοπάροχος
650 4566 840 4639 δωρεὰ,
895 4574 986 4620 καὶ
1038 4568 1065 4624 ἠ
1122 4568 1222 4617 ἀπό
1267 4570 1458 4639 Κυρίου
1509 4567 1877 4636 χορηγουμένη

285 4659 539 4730 εὐμένεια,
578 4658 645 4717 εἰς
700 4662 961 4730 σωτηρίαν
1006 4655 1189 4726 ψυχῆς
1247 4674 1300 4705 τε
1340 4656 1468 4719 ὁμοῦ
1518 4658 1607 4705 καὶ
1641 4659 1882 4724 σώματος

285 4750 431 4820 ὑμῶν
460 4755 548 4807 τῆς
575 4748 923 4817 παμποθήτου
964 4750 1052 4796 καὶ
1076 4748 1414 4815 πανευφήμου
1445 4740 1668 4803 δυάδος.

436 4944 525 5021 Ριτ
557 4959 690 5033 (st).
726 4989 791 5001 -
830 4959 1108 5031 Θεοφάνη
1151 4956 1522 5030 μονάζοντιο
1555 4954 1740 5026 [ψξξκ]

1979 1998 2107 2038 esse
2127 1984 2575 2054 reprehensioni
2593 2001 2605 2040 :
2629 1986 2856 2041 scimus
2874 1993 3162 2058 praterea
3179 1992 3414 2057 tempus
3430 1989 3631 2053 ipsum

1979 2072 2317 2127 cautionem
2358 2072 2535 2127 nobis
2576 2074 2874 2144 imperare
2910 2093 2923 2127 :
2955 2080 3218 2131 attamen
3258 2090 3632 2147 exsuperans

1979 2168 2094 2216 tua
2120 2177 2260 2232 erga
2282 2177 2390 2216 nos
2420 2161 2679 2218 humiles
2717 2164 3150 2235 inexplicabilis
3191 2163 3627 2220 benevolentia

1982 2250 2331 2318 magnitudo
2360 2250 2553 2319 coegit
2584 2266 2696 2306 nos
2737 2252 3026 2308 audacius
3055 2254 3151 2308 his
3189 2254 3370 2309 etiam
3421 2253 3629 2308 litteris

1982 2340 2083 2392 uti.
2117 2338 2398 2393 Audacia
2425 2340 2585 2394 enim
2611 2356 2822 2396 revera
2852 2348 2959 2407 est,
2985 2357 3108 2397 non
3150 2342 3346 2397 solum
3378 2342 3452 2397 de
3491 2357 3632 2413 pro-

1982 2428 2123 2498 priis
2154 2427 2332 2482 rebus
2364 2430 2485 2482 suis
2515 2431 2751 2495 referre,
2783 2430 2887 2484 sed
2915 2446 3021 2502 pro
3054 2431 3186 2486 aliis
3212 2433 3391 2487 etiam
3421 2431 3631 2502 depre-

1979 2517 2097 2571 cari
2128 2532 2141 2570 :
2171 2523 2224 2573 et
2255 2521 2479 2583 tamen,
2514 2524 2577 2573 ut
2623 2518 2850 2573 dictum
2881 2526 2987 2583 est,
3023 2521 3244 2577 eximia
3284 2522 3632 2576 humanitas

1980 2609 2103 2669 tua,
2135 2611 2192 2660 et
2225 2606 2466 2675 gemina
2519 2607 2729 2677 pietas,
2779 2608 3158 2663 conﬁrmavit
3198 2625 3310 2664 nos
3356 2614 3419 2664 ut
3449 2608 3633 2664 aude-

1978 2710 2198 2749 remus.
2232 2690 2382 2758 Quid
2431 2711 2573 2766 ergo
2613 2702 2698 2749 est
2750 2698 2917 2768 quod
2956 2697 3412 2769 loquimuriDe
3451 2698 3635 2753 Theo-

1980 2783 2121 2837 doto
2152 2783 2665 2854 Protospathario,
2697 2788 2933 2857 quiquo
2967 2793 3140 2857 pacto
3173 2788 3235 2842 in
3279 2787 3629 2842 discrimine

1982 2881 2264 2936 versetur,
2300 2879 2541 2944 propter
2565 2889 2952 2930 aconomum
2993 2879 3287 2941 Ecclesia,
3328 2878 3473 2949 quia
3515 2892 3635 2933 una

1981 2978 2119 3016 cum
2146 2964 2274 3032 ipso
2304 2964 2613 3032 navigavit
2648 2964 2708 3018 in
2742 2965 3143 3033 Occidentem,
3185 2967 3352 3021 novit
3382 2982 3629 3037 prorsus

1981 3052 2473 3121 incomparabilis
2520 3054 2845 3109 eminentia
2899 3062 3017 3109 tua.
3062 3057 3204 3120 Quis
3255 3055 3430 3127 igitur
3479 3054 3633 3110 alius

1984 3140 2230 3194 inveniri
2279 3140 2518 3210 adjutor
2565 3142 2772 3211 possit,
2820 3143 2925 3212 qui
2975 3144 3083 3198 viri
3149 3160 3397 3199 causam
3439 3143 3631 3197 susci-

1905 3256 1951 3315 Ο
1987 3227 2299 3298 piat?Quis
2328 3243 2550 3296 magna
2578 3235 2676 3284 tua
2706 3237 2904 3285 mente
2929 3232 3368 3301 intelligentior,
3400 3238 3462 3286 ut
3486 3230 3635 3303 quid

1987 3317 2141 3371 facto
2161 3318 2235 3370 sit
2259 3332 2414 3387 opus
2447 3317 2765 3389 perspiciat
2794 3318 2822 3372 ?
2846 3320 2987 3384 Quis
3020 3328 3220 3376 autem
3252 3322 3425 3392 cujus
3447 3333 3635 3393 opera

1987 3407 2249 3476 paratior
2274 3411 2331 3460 et
2360 3406 2607 3460 validior
2638 3408 2908 3479 sitquam
2925 3410 3267 3465 sinceratua
3291 3410 3576 3482 protectio
3607 3406 3636 3461 7

1986 3496 2178 3559 Quam
2209 3512 2244 3549 a
2273 3495 2389 3549 Deo
2419 3496 2702 3566 accepisti
2735 3498 3227 3564 misericordiam,
3252 3499 3497 3554 domine
3529 3498 3628 3553 de-

1987 3584 2432 3647 sideratissime,
2466 3584 2767 3655 impertire
2805 3586 3148 3657 postulanti.
3188 3588 3504 3644 Honoratis
3527 3605 3634 3646 ve-

1988 3674 2174 3744 stigiis
2202 3673 2314 3728 tuis
2347 3673 2759 3729 advolvimur:
2781 3676 3094 3731 consilium
3126 3682 3294 3732 tuum
3318 3678 3470 3734 sicut
3499 3695 3638 3737 con-

1989 3762 2184 3831 silium
2211 3761 2405 3833 angeli
2437 3782 2449 3820 :
2485 3779 2598 3817 vox
2638 3770 2739 3818 tua
2774 3765 2932 3819 velut
2962 3763 3162 3835 fulgur
3216 3782 3541 3823 coruscans
3581 3773 3641 3825 et

1988 3851 2272 3907 libertatis
2318 3852 2603 3919 claritate,
2638 3860 2695 3908 et
2744 3852 3062 3924 splendore
3089 3854 3392 3910 charitatis
3422 3874 3434 3911 :
3465 3858 3641 3929 cujus

1992 3942 2283 4012 particeps
2310 3942 2356 3995 si
2378 3940 2505 3995 ﬁeri
2536 3943 2814 3996 meruerit
2842 3942 3095 4013 supplex
3122 3949 3279 4012 tuus,
3314 3944 3643 4000 adversarii

1991 4030 2081 4083 sui
2109 4031 2504 4084 accusationis
2521 4030 2718 4098 jacula
2736 4032 2971 4101 penitus
2987 4031 3200 4086 evadet
3228 4032 3406 4087 variis
3444 4034 3638 4089 modis

1990 4119 2094 4188 qui
2141 4118 2245 4172 tibi
2301 4134 2406 4188 pro
2436 4119 2554 4173 alta
2600 4125 2794 4173 mente
2828 4124 2929 4174 tua
2982 4120 3275 4191 perspecti
3314 4126 3474 4176 sunt.
3523 4125 3638 4178 Nos

1995 4222 2133 4261 vero
2165 4206 2422 4260 humiles
2452 4209 2780 4276 gratiarum
2810 4207 3076 4263 actiones
3110 4209 3397 4280 plurimas
3429 4211 3640 4267 redde-

1995 4312 2152 4360 mus,
2224 4302 2277 4350 et
2337 4312 2541 4366 preces
2590 4312 2697 4367 pro
2752 4297 3158 4353 incolumitate
3237 4300 3502 4371 utrisque
3553 4316 3647 4355 ve-

1995 4389 2203 4451 strum,
2246 4383 2507 4455 pulchra
2529 4386 2776 4440 omnino
2804 4394 2861 4440 et
2888 4386 3543 4459 admiranda-copula.
3578 4390 3644 4444 Et

1995 4472 2243 4528 fortasse
2298 4472 2570 4529 beneﬁcii
2620 4473 2827 4540 divini,
2857 4480 2913 4530 et
2950 4491 2988 4530 a
3047 4477 3299 4531 Domino
3352 4476 3645 4532 submini-

1995 4569 2188 4618 strata
2237 4562 2628 4618 humanitatis
2685 4563 2849 4619 haud
2901 4563 3100 4619 minus
3161 4566 3418 4635 pretium
3473 4566 3643 4621 vobis

1994 4650 2316 4717 ambobus,
2341 4652 2789 4707 amabilissimis
2827 4660 2883 4708 et
2913 4653 3259 4708 clarissimis
3308 4654 3470 4719 viris,
3503 4669 3646 4710 con-

1994 4739 2173 4794 stabit
2200 4741 2277 4795 ad
2312 4743 2528 4796 anima
2560 4741 2736 4796 simul
2765 4747 2818 4796 et
2845 4743 3113 4811 corporis
3153 4743 3329 4798 vestri
3363 4742 3641 4811 salutem,

1992 4843 2179 4900 quam
2210 4831 2257 4883 si
2294 4830 2441 4901 quia
2477 4845 2661 4884 aurea
2680 4829 2841 4885 dona
2868 4829 3220 4900 proferrent.

2199 4953 2346 5010 CXC.
2373 4983 2444 4998 —
2476 4954 2817 5023 Theophani
2863 4952 3004 5025 (84')
3025 4955 3315 5011 monacho
3352 4955 3439 5028 (').

932 5056 1083 5115 Quod
1115 5056 1368 5110 Christus,
1397 5053 1635 5103 Christus
1658 5066 1765 5101 non
1797 5054 1893 5108 est,
1925 5052 2027 5101 nisi
2062 5052 2531 5101 circumscribatur
2566 5054 2748 5100 nostra
2777 5052 2981 5115 efﬁgie.

372 5151 431 5201 Εἴ
461 5167 543 5201 σοι
592 5146 732 5221 φίλον
778 5150 837 5200 τὸ
875 5153 1003 5222 πρὸς
1049 5148 1192 5218 ἡμῶν
1240 5154 1338 5196 τῶν
1391 5142 1599 5195 εὐτελῶν
1644 5143 1883 5215 γράμμα,

2069 5143 2124 5199 Si
2158 5147 2210 5197 te
2232 5142 2577 5197 humilitatis
2600 5147 2814 5197 nostra
2836 5142 3042 5198 littera
3071 5141 3387 5229 delectant,
3407 5158 3652 5199 rursum

1872 5285 2096 5341 ΝΟΤλΕ.

371 5426 481 5498 (83)
519 5428 581 5500 In
607 5426 739 5500 cod.
764 5425 908 5496 Reg.
938 5410 1074 5500 ρὸϐς

370 5495 485 5569 (84⁷)
525 5499 590 5553 In
616 5498 750 5553 cod.
782 5495 917 5565 Reg.
938 5495 1088 5570 '977’.

370 5565 502 5644 (84')
517 5565 1039 5641 Cerameo,postea
1049 5565 1499 5638 archiepiscopo
1510 5565 1893 5621 Tauromeni-

589 5667 826 5726 PATROL.
866 5664 971 5722 Gn.
1010 5663 1189 5723 XCIX
1207 5706 1225 5725 .

2001 5426 2163 5493 tano,
2190 5421 2362 5493 cujus
2381 5425 2615 5477 existant
2646 5421 2908 5478 Homilia
2934 5422 2995 5477 in
3026 5421 3353 5492 Evangelia
3388 5419 3657 5476 Domini-

2002 5492 2159 5549 calia
2196 5501 2252 5547 et
2272 5492 2453 5557 festa,
2486 5500 2603 5551 etc.

2073 5565 2143 5637 (⁴’)
2174 5566 2546 5635 Dogmatica.

3180 5614 3455 5718 πω.
