4058 6274
478 233 504 290 1
516 238 618 292 579

1740 231 1800 291 S.
1842 231 2206 292 THEODORI
2249 235 2562 295 STUDITE

3680 241 3808 302 4580

473 361 696 433 accipe,
741 363 824 416 vir
857 359 1230 425 charissime,
1255 375 1376 416 non
1424 377 1550 432 quae
1593 361 1890 416 facundia
1931 366 1988 416 et
2009 359 2122 416 ele-

2237 358 2420 434 δίχοιο
2449 368 2538 416 καὶ
2569 364 2732 431 αὖθις,
2781 365 2820 416 ὦ
2866 366 3184 438 τριπόθητε⁸
3235 364 3387 420 οὐδὲν
3431 371 3518 438 μὶν
3568 371 3687 442 ἔχον
3738 371 3813 424 εύο

476 449 1040 520 gantiaquidquam
1059 449 1339 514 habeant,
1361 455 1425 504 ut
1448 456 1510 504 tu
1525 450 1842 504 blandiens
1866 450 2013 504 dicis
2035 457 2127 519 ;at

475 553 612 608 qua
629 536 936 591 charitatis
953 537 1298 607 symbolum
1315 541 1452 591 sunt
1467 537 1674 606 procul
1702 537 1888 592 dubio
1907 553 1919 591 ε
1937 553 2129 609 quan-

474 631 653 696 toque
683 625 1012 680 crebriores
1045 623 1262 678 fuerint
1291 623 1620 680 litterarum
1653 625 1834 691 vices,
1877 631 2040 681 tanto
2072 630 2130 681 et

473 714 778 771 charitatis
793 712 1279 769 crescataﬂ'ectus
1297 729 1308 768 :
1326 729 1447 784 quo
1469 713 1617 785 quid
1643 715 2126 786 optabilius,esse

473 803 661 875 possit
687 803 715 858 ?
747 803 959 858 Verum
977 803 1107 858 hac
1124 804 1310 858 missa
1341 803 1632 858 faciamus
1663 820 1676 858 :
1715 803 1788 858 ad
1814 804 2128 875 sequentia

473 897 684 965 pergat
701 892 912 948 oratio.
931 891 1086 957 Quid
1099 891 1213 947 hoc
1231 898 1320 947 est
1340 892 1506 962 quod
1530 893 1695 962 apud
1709 909 1816 947 vos
1834 897 2124 948 tentatum

473 987 561 1038 est
591 982 725 1036 novi
755 980 783 1035 i’
803 987 860 1036 et
887 980 1134 1053 quinam
1165 980 1224 1036 hi
1264 982 1403 1036 novi
1443 980 1756 1046 dracones,
1791 981 2124 1053 Charybdis

475 1073 662 1126 instar
691 1070 1080 1126 absorbentes
1110 1070 1370 1134 animas,
1428 1086 1562 1142 qua
1612 1069 1876 1126 veritatis
1943 1070 2124 1126 verbo

471 1160 722 1216 ﬁrmata
737 1176 856 1216 non
869 1158 1048 1215 sunt?
1071 1162 1152 1214 Tu
1177 1159 1424 1231 quidem
1450 1160 1615 1216 haud
1639 1160 1991 1216 nominasti:
2011 1175 2123 1214 nos

474 1264 635 1316 vero,
682 1252 860 1306 etiam
906 1255 1230 1322 antequam
1278 1249 1482 1304 littera
1528 1255 1642 1305 tua
1697 1248 2121 1319 signiﬁcarent,

470 1339 852 1395 vehementer
864 1339 1228 1411 planximus,
1250 1340 1424 1394 unius
1446 1339 1724 1404 hominis,
1742 1355 1930 1394 causa
1945 1339 2123 1394 hare-

473 1429 590 1496 tici,
626 1445 732 1483 seu
783 1429 982 1500 potius
1032 1444 1237 1484 revera
1276 1427 1612 1500 blasphemi
1654 1427 1715 1483 in
1767 1431 1974 1493 Deum,
2019 1427 2123 1499 qui

473 1517 817 1574 chartularii
843 1533 1065 1573 munus
1091 1517 1217 1572 istic
1244 1517 1320 1572 ab
1347 1519 1705 1589 imperatore
1733 1517 1988 1589 adeptus
2013 1523 2121 1584 est,

469 1606 629 1663 hanc
658 1607 1057 1662 celeberrima
1090 1607 1297 1664 Sicilia
1333 1607 1659 1678 perniciem
1686 1607 1952 1661 dicentes
1975 1606 2123 1661 obti-

470 1698 646 1769 gisse.
672 1695 837 1752 lstud
867 1702 1069 1751 autem
1097 1697 1342 1751 exitium
1376 1711 1496 1751 non
1535 1711 1606 1750 ex
1651 1694 1993 1765 dogmatica
2019 1696 2123 1751 do-

471 1787 659 1841 ctrina
679 1784 1006 1842 conﬂatum
1031 1791 1119 1840 est
1145 1802 1158 1840 :
1183 1785 1468 1841 doctrina
1491 1786 1649 1840 enim
1674 1800 1886 1856 expers
1913 1786 2123 1854 ingens

470 1875 602 1931 hac
628 1881 860 1930 statua:
890 1875 994 1930 sed
1013 1873 1092 1930 ab
1121 1875 1310 1946 impia
1333 1873 1893 1946 menteprofectum,
1921 1879 2122 1945 atque,

471 1971 536 2020 ut
571 1964 738 2037 quod
762 1965 958 2020 verius
983 1970 1072 2020 est
1102 1964 1354 2031 dicatur,
1390 1964 1469 2019 ad
1499 1965 1864 2035 impietatem
1899 1964 2122 2034 amajo-

469 2055 860 2111 ribusnatum
893 2071 906 2109 :
935 2053 1253 2126 etquidem
1273 2070 1409 2108 cum
1433 2053 1670 2108 duobus
1701 2052 1833 2108 aliis
1872 2067 2124 2108 consan-

473 2143 726 2216 guineis.
758 2143 873 2200 Sed
885 2143 993 2198 hos
1015 2142 1288 2209 Trinitas,
1305 2142 1448 2209 scio,
1466 2141 1825 2214 proﬂigabit,
1843 2147 1899 2197 et
1923 2147 2124 2197 vestro

473 2233 795 2288 etaliorum
821 2233 923 2303 qui
945 2231 1252 2288 veritatem
1281 2247 1400 2286 una
1417 2230 1748 2287 defendunt
1769 2246 1871 2286 ore
1896 2231 2122 2286 divino.

471 2323 557 2377 Tu
577 2337 715 2377 vero
739 2325 796 2376 et
825 2322 909 2376 tui
939 2320 1164 2375 similes
1197 2320 1443 2376 minime
1475 2320 1668 2374 turbet
1697 2319 1896 2374 adhuc
1921 2319 2124 2374 furens

471 2411 738 2466 haresis.
766 2408 1045 2464 Nondum
1065 2410 1228 2464 enim
1259 2424 1584 2464 excussum
1607 2412 1663 2462 et
1692 2413 2014 2463 contusum
2036 2413 2124 2463 est

474 2500 714 2564 malum,
747 2513 856 2553 nec
874 2499 1014 2554 satis
1036 2499 1233 2553 adhuc
1252 2497 1542 2570 probatus
1561 2496 1828 2552 ﬁdelium
1854 2497 1913 2551 in
1938 2499 2120 2552 Deum

474 2604 648 2644 amor
671 2606 684 2640 :
709 2603 778 2642 ac
799 2591 1086 2658 praterea
1103 2596 1224 2642 non
1256 2601 1586 2658 possumus
1612 2585 1840 2656 ingredi
1862 2587 1921 2640 in
1944 2586 2124 2657 abys-

476 2693 610 2733 sum
635 2677 1000 2748 judiciorum
1029 2676 1149 2740 Dei,
1175 2678 1486 2748 quomodo
1508 2675 1800 2747 populum
1834 2691 2012 2729 suum
2038 2676 2126 2729 in-

472 2767 768 2822 ﬁdelitatis
786 2765 1042 2835 procella
1060 2781 1247 2837 usque
1261 2765 1412 2820 adeo
1429 2763 2123 2834 agitarisinat.Caterum

474 2854 770 2911 sermonis
801 2855 1104 2910 conclusio
1130 2861 1234 2919 est,
1271 2858 1335 2908 ut
1369 2857 1474 2926 qui
1487 2853 1729 2924 probati
1748 2859 1908 2917 sunt,
1935 2853 2125 2909 mani-

467 2946 612 3016 festi
638 2945 788 3013 ﬁant
821 2945 868 2979 ⁸³
903 2960 916 3010 ;
951 2945 1103 2998 sicut
1132 2943 1444 3014 sapientia
1485 2944 1863 3016 dispensator
1906 2943 2124 2997 Paulus

471 3035 637 3090 dixit.
667 3035 1042 3105 Quapropter
1071 3032 1403 3098 hortamur,
1430 3032 1917 3102 etobsecramus,
1945 3047 2018 3087 ne
2039 3030 2123 3088 fa-
2152 3068 2193 3126 Ο

473 3123 689 3195 tigeris,
713 3138 908 3194 neque
937 3137 1132 3177 cesses
1161 3121 1534 3176 adversarios
1565 3136 1906 3190 coarguere,
1939 3135 2010 3176 ex
2035 3121 2123 3176 in-

473 3213 616 3269 timo
647 3213 842 3267 cordis
872 3215 952 3266 tui
985 3226 1146 3282 penu
1175 3209 1382 3265 divina
1419 3225 1704 3281 promens
1735 3209 2119 3275 documenta,

472 3306 652 3375 atque
679 3301 818 3357 hinc
851 3301 1162 3372 perspicue
1198 3302 1640 3365 demonstrans,
1675 3300 1964 3356 Christum
1997 3315 2119 3354 non

470 3407 600 3448 esse
624 3391 936 3456 Christum,
965 3390 1077 3444 nisi
1097 3389 1271 3458 juxta
1286 3390 1546 3459 figuram
1575 3394 1841 3444 nostram
1871 3388 2122 3444 circum-

471 3481 784 3536 scribatur.
839 3481 987 3535 Nam
1044 3479 1092 3534 si
1134 3494 1274 3534 caro
1324 3479 1514 3533 factus
1554 3482 1657 3543 est,
1699 3477 1900 3550 utique
1939 3477 2120 3533 veluti

471 3585 611 3626 caro
637 3567 1176 3624 circumscribetur.
1208 3567 1374 3632 Quod
1419 3582 1560 3622 vero
1598 3582 1722 3622 non
1758 3567 2120 3622 circumscri-

471 3659 644 3724 bitur,
679 3659 738 3712 id
784 3658 937 3712 intra
981 3657 1422 3711 humanitatem
1474 3671 1594 3710 non
1639 3662 1746 3725 est,
1797 3657 1903 3711 sed
1956 3661 2120 3713 extra

466 3749 626 3804 hanc
653 3747 818 3803 haud
838 3746 1038 3807 dubie,
1074 3760 1308 3801 necnon
1340 3751 1504 3800 extra
1529 3746 1814 3812 locum,et
1841 3751 2074 3818 tempus
2102 3762 2115 3799 :

471 3840 627 3894 Deus
656 3837 876 3902 nudus,
907 3850 1089 3907 quem
1112 3839 1326 3890 natura
1365 3835 2033 3906 incomprehensibilem
2064 3841 2122 3890 et

471 3926 849 3983 indefinitum
887 3924 1140 3980 dicimus
1172 3929 1228 3979 et
1265 3924 1622 3993 cogitamus.
1665 3930 1854 3996 Atque
1893 3923 2008 3980 hoc
2047 3940 2119 3979 ex

470 4032 666 4072 rerum
683 4020 899 4071 natura
913 4029 1016 4086 per
1028 4019 1249 4070 certam
1264 4013 1527 4068 veritatis
1550 4013 2120 4069 demonstrationem

471 4105 640 4178 sequi
665 4120 908 4160 necesse
934 4107 1023 4159 est
1055 4120 1068 4158 :
1097 4102 1504 4159 circumscribi
1543 4118 1761 4174 nempe
1801 4103 2118 4167 Christum,

469 4195 604 4250 etin
627 4193 888 4264 imagine
927 4191 1166 4249 adorari
1203 4209 1216 4247 :
1254 4212 1279 4243 ι(
1315 4193 1620 4264 Siquidem
1653 4192 1712 4246 in
1743 4193 2006 4262 imagine
2031 4207 2122 4247 ar-

471 4283 795 4356 chetypum
824 4287 1299 4353 reprasentatur,
1325 4301 1355 4334 »
1376 4281 1758 4337 sicutalicubi
1786 4280 2020 4336 divinus
2042 4281 2124 4336 ait

470 4371 836 4444 Dionysius:
878 4376 936 4426 et
956 4370 1098 4426 alibi
1140 4387 1154 4426 :
1200 4391 1224 4421 α
1267 4371 1528 4426 Alterum
1564 4369 1623 4424 in
1665 4371 1869 4434 altero,
1909 4377 2123 4441 prater

467 4462 813 4517 substantia
837 4459 1258 4515 diﬂerentiam.
1283 4463 1521 4524 nQuare
1549 4460 1651 4531 qui
1673 4467 1851 4529 negat
1877 4460 2121 4530 depingi

469 4551 786 4616 Christum,
820 4551 868 4603 is
894 4555 1102 4605 natum
1135 4548 1442 4605 hominem
1472 4565 1601 4604 esse
1626 4549 1902 4618 negavit:
1938 4554 1992 4603 et
2018 4549 2119 4621 qui

471 4644 599 4712 ejus
629 4641 953 4710 imaginem
982 4655 1105 4694 non
1136 4639 1370 4703 adorat,
1397 4653 1645 4711 prorsus
1675 4654 1748 4693 ne
1769 4640 1964 4710 ipsum
1991 4638 2122 4710 qui-

470 4732 609 4787 dem
640 4729 1278 4793 adorat,.licetadorare
1296 4744 1359 4782 se
1385 4735 1546 4798 putet
1567 4747 1578 4785 :
1599 4727 2118 4799 quandoquidem,

471 4827 537 4876 ut
557 4837 752 4876 sermo
780 4835 945 4875 sacer
993 4819 1072 4872 ait
1103 4835 1114 4872 :
1148 4818 1420 4885 [nﬁdeles
1460 4818 1822 4883 conﬁtentur
1848 4832 1908 4872 se
1934 4818 2122 4872 Deum

471 4927 657 4979 nosse,
681 4909 862 4979 factis
902 4912 1097 4964 autem
1129 4914 1348 4977 negant
1381 4907 1449 4959 ³³.
1487 4909 1616 4961 Hac
1643 4921 1753 4976 ego
1782 4907 2120 4962 reverentia

471 5011 588 5057 tua
617 5016 738 5054 non
770 5008 1052 5069 tanquam
1077 4998 1371 5066 ignoranti
1398 4995 1671 5066 exposui,
1705 4996 1810 5050 sed
1835 5003 2122 5066 tauquam

471 5089 684 5147 eadem
723 5087 1014 5151 sentienti,
1058 5102 1128 5142 ac
1170 5085 1347 5140 veluti
1387 5091 1617 5154 guttam
1659 5101 1726 5139 ex
1766 5085 2120 5154 dogmatum

474 5180 687 5253 pelago
730 5176 1003 5233 hauriens
1045 5191 1060 5244 ;
1097 5191 1234 5231 cum
1277 5175 1523 5230 inﬁnita
1571 5179 1863 5246 praterea
1903 5189 2120 5244 suppe-

475 5275 602 5327 tant
647 5272 880 5324 Patrum
939 5267 1267 5334 sententia,
1333 5280 1452 5320 una
1504 5280 1645 5320 cum
1698 5269 1892 5318 vetere
1932 5263 2122 5318 histo-

472 5360 561 5419 ria
585 5358 664 5416 ab
693 5355 939 5416 exordio
962 5357 1099 5430 ipso
1135 5353 1493 5428 evangelica
1531 5351 2002 5427 pradicationis,
2047 5356 2120 5408 ad

543 5547 795 5608 ⁸⁸1001⁸.
825 5545 1014 5617 x1,19.
1088 5543 1137 5582 ⁸³
1177 5544 1344 5611 Τὶιοι,
1381 5544 1472 5603 16.

2236 457 2424 524 πρεπές
2465 471 2518 504 τε
2579 459 2669 504 καὶ
2720 451 2992 526 εὐφραδὲς,
3026 457 3094 516 ὡς
3150 457 3338 530 χάριτι
3392 461 3512 526 φης,
3566 463 3623 510 τό
3654 457 3702 510 δ’
3731 457 3812 512 οὖν

2233 547 2326 600 τῆς
2351 539 2562 612 ἀγάπης
2619 542 2877 613 σύμϐολον
2923 549 3010 596 xui
3064 547 3198 596 πάνυ
3231 545 3648 618 ὁμολογουμένως
3677 565 3687 576 ⁸
3729 553 3813 601 καί

2233 648 2290 700 γε
2317 631 2437 681 ὅσον
2477 632 2506 687 ἠ
2564 628 2834 693 ἀντίδοσις
2881 641 2978 683 τῶν
3031 636 3349 706 γραμμάτων
3379 640 3594 706 γίνοιτο,
3642 645 3814 689 τοσοῦ-

2234 736 2320 769 τον
2348 719 2375 776 ἡ
2405 726 2501 780 τῆς
2531 718 2738 790 ἀγάπης
2767 718 3000 782 διάθεσις
3031 722 3259 784 αὔξοιτο.
3295 723 3371 775 Οὔ
3400 728 3453 775 τί
3472 725 3531 776 ἄν
3554 727 3631 783 εἴη
3666 744 3816 777 σπου-

2235 803 2542 882 δαιότερον;
2577 808 2732 860 Ἀλλά
2759 817 2911 861 τοῦτο
2955 818 3040 861 νῦν
3091 814 3283 864 κείσθω
3313 811 3535 864 ἐνταῦθα
3566 831 3577 842 ⁸
3611 818 3736 887 πρὸς
3762 811 3815 866 δε

2233 899 2291 948 το
2324 896 2443 959 ἑξῆς
2472 894 2752 970 βαδιστέος
2807 900 2832 950 6
2887 899 3055 969 λόγος.
3110 905 3174 952 Τί
3214 906 3270 952 τὸ
3323 911 3410 952 νῦν
3455 905 3814 973 καινοτομηθεν

2232 983 2280 1036 ἄν
2339 994 2448 1046 τοῖς
2504 987 2722 1055 αύτοθι;
2764 991 2852 1039 καὶ
2912 995 3043 1050 τίνες
3116 991 3164 1040 οἱ
3229 997 3478 1062 νεοφανεῖς
3554 988 3818 1065 δράκοντες

2231 1071 2589 1146 Χαρυϐδηδὸν
2651 1083 3014 1138 καταπίνοντες
3085 1076 3272 1148 ψυχὰς
3323 1083 3394 1150 μὴ
3455 1081 3819 1152 ἑστηριγμένας

2230 1171 2303 1234 τῷ
2351 1163 2484 1235 λόγῳ
2515 1173 2605 1225 τῆς
2655 1163 2942 1232 ἀληθείας;
2998 1166 3156 1226 Δύτὸς
3184 1170 3274 1238 μεν
3319 1164 3407 1220 οὖν
3452 1168 3546 1220 οὐκ
3577 1167 3819 1240 ἑξωνομάο

2229 1267 2417 1314 τισας⁶
2450 1255 2600 1325 ἡμεῖς
2633 1251 2711 1319 δε,
2767 1261 2856 1306 καὶ
2897 1258 2996 1328 πρὸ
3043 1263 3138 1317 τῆς
3196 1252 3472 1318 δηλώσεως
3529 1266 3626 1309 τῶν
3656 1278 3820 1332 γραμ-

2229 1345 2424 1414 μάτων,
2481 1343 2919 1415 κατεστενάξαμεν
2954 1346 3035 1395 ότι
3081 1344 3313 1416 μάλιστα
3354 1345 3433 1418 ἐφ’
3481 1344 3634 1418 ἀνδρὶ
3689 1348 3821 1420 αἱρε-

2228 1442 2374 1502 τικῲ,
2427 1431 2616 1503 μᾶλλον
2667 1429 2726 1484 δὲ
2769 1431 3068 1505 βλασφήμῳ
3121 1442 3191 1504 τῷ
3241 1438 3348 1486 ὄντι
3392 1435 3459 1494 εἰς
3527 1440 3675 1500 Θεὸν,
3732 1435 3821 1488 λα-

2229 1527 2384 1592 χόντι
2441 1520 2491 1571 ἐν
2519 1528 2622 1582 τοῖς
2673 1521 2856 1574 αύτόθι
2907 1526 3048 1594 παρά
3100 1531 3192 1575 τοῦ
3261 1526 3483 1597 κράτους
3529 1524 3822 1598 χαρτουλα-

2228 1612 2412 1683 ρεύειν,
2462 1612 2622 1661 ἐκεῖνο
2679 1609 2925 1676 εἰπόντες,
2993 1613 3072 1662 ὃτι
3122 1631 3178 1683 γε
3234 1620 3323 1672 τῆς
3380 1612 3693 1684 περιϐοήτου
3749 1620 3823 1666 Σι-

2157 1720 2198 1775 B
2229 1700 2400 1761 κελίας
2444 1701 2659 1771 ἔφθασεν
2705 1699 2929 1774 ὄλεθρος.
2991 1697 3125 1753 Τόδε
3175 1706 3229 1754 τὸ
3289 1710 3440 1773 πῆμα
3483 1701 3576 1754 οὐκ
3617 1701 3670 1754 ἐκ
3702 1699 3824 1774 δογ-

2229 1795 2450 1860 ματικῆς
2494 1794 2674 1861 πείρας
2746 1795 3119 1860 τετεχνωμίνον
3164 1808 3174 1818 ·
3232 1789 3442 1863 ἀπειρόν
3492 1794 3596 1864 γὰρ
3639 1795 3695 1843 τὸ
3746 1791 3823 1843 ἀν-

2233 1875 2566 1952 δριαντάριον
2602 1895 2614 1907 ⁸
2669 1875 2776 1929 ἀλλ’
2827 1877 2880 1940 ἐξ
2937 1877 3154 1940 ἀσεϐοῦς
3229 1885 3434 1951 γνώμης
3497 1880 3823 1952 πεπληρωμέ-

2230 1986 2332 2032 νον,
2387 1971 2477 2019 καὶ
2531 1967 2613 2018 ἵνα
2662 1967 3036 2039 τάληθέστερον
3072 1969 3276 2042 ῥηθείη,
3323 1971 3578 2042 πατρόθεν
3632 1969 3714 2022 ἐπὶ
3769 1973 3822 2021 τὸ

2231 2055 2433 2108 ἀσεϐεῖν
2480 2056 2698 2128 ἠγμένον
2726 2075 2739 2088 ⁸
2791 2061 2880 2109 xui
2927 2077 2983 2128 γε
3037 2061 3130 2110 σὺν
3179 2054 3331 2110 δυσὶν
3387 2058 3561 2122 ἀλλοις
3609 2060 3824 2130 ὁμαίμο-

2233 2163 2334 2199 σιν.
2371 2144 2532 2199 Ἀλλά
2579 2148 2796 2206 τούτους
2851 2149 2940 2218 μεν
3007 2148 3037 2204 ὴ
3094 2150 3251 2218 Τριὰς
3305 2144 3408 2200 οἶδ’
3445 2150 3527 2200 ὅτι
3563 2147 3822 2222 ἐπιρῥαπί-

2232 2252 2384 2300 σειεν,
2445 2232 2634 2294 ἐνθέοις
2677 2241 2935 2306 στόμασιν
2989 2237 3129 2307 ὑμῶν
3187 2255 3241 2288 τε
3297 2242 3386 2288 καὶ
3438 2246 3540 2288 τῶν
3615 2236 3825 2289 ἐνταῦθα

2229 2325 2674 2395 ύπερμαχούντων
2705 2331 2800 2385 τῆς
2831 2322 3092 2385 ἀληθείας.
3155 2329 3212 2377 Σὲ
3253 2321 3312 2378 δι
3350 2331 3440 2377 καὶ
3468 2330 3576 2391 τὸν,
3612 2327 3717 2388 οἷος
3741 2329 3820 2390 σὺ,

2229 2409 2396 2484 μηδὲν
2444 2412 2679 2474 ξωιζέτω
2734 2414 2764 2470 ἡ
2813 2415 2887 2465 ἔτι
2949 2414 3190 2466 λυττῶσα
3238 2417 3464 2488 αἵρεσις,
3526 2419 3686 2467 Οὔπω
3727 2417 3820 2488 γὰρ

2229 2503 2554 2574 ἐκτέτριπται
2602 2505 2660 2553 τὸ
2728 2506 2907 2566 κακὸν,
2997 2507 3112 2556 οὔτε
3196 2501 3588 2576 δεδοκίμασται
3648 2507 3823 2567 ἱκανῶς

2229 2599 2329 2642 τῶν
2381 2599 2580 2643 πιστῶν
2636 2595 2694 2642 τὸ
2747 2591 2998 2662 φιλόθεον,
3054 2599 3142 2645 xui
3173 2598 3345 2665 τρίτον
3390 2594 3495 2665 οὐχ
3544 2591 3644 2646 οἶοί
3682 2594 3822 2665 ἐσμεν

2230 2679 2524 2746 ἐμϐατεύειν
2577 2679 2649 2740 εἰς
2703 2679 2939 2732 ἄϐυσσον
2995 2683 3258 2754 χριμάτων
3319 2690 3451 2736 Θεοῦ
3491 2699 3503 2710 ⁸
3576 2685 3692 2735 καθ’
3744 2682 3825 2744 οὓς

2228 2774 2453 2842 τρόπους
2485 2767 2728 2840 ἀνέχεται
2758 2768 2928 2841 ἀκμήν
2979 2767 3395 2831 κλυδωνίζεσθαι
3447 2779 3523 2842 τῷ
3573 2772 3712 2842 σάλῳ
3743 2779 3825 2832 τῆς

2230 2855 2479 2918 ἀπιστίας
2537 2862 2622 2909 τὸν
2667 2857 2787 2909 λαόν
2855 2858 3034 2913 αὐτοῦ.
3119 2859 3256 2917 Πλὴν
3331 2864 3693 2933 συμπέρασμα
3743 2868 3824 2912 τοῦ

2227 2945 2405 3018 λόγου,
2439 2947 2539 2997 ἶνα
2591 2949 2648 2998 οἱ
2702 2946 2966 3019 δόκιμοι
3019 2953 3276 3022 φανεροὶ
3332 2953 3649 3020 γίγνοιτο,
3697 2950 3822 3010 ὡςό

2229 3043 2317 3096 τῆς
2345 3041 2487 3096 σοίας
2517 3040 2708 3107 ταμίας
2760 3035 2964 3098 Παῦλος
2990 3035 3181 3108 λέλεχε.
3227 3041 3311 3088 Διὸ
3356 3043 3442 3089 xui
3503 3039 3822 3114 παρακαλοῦ-

2230 3144 2320 3196 μεν
2391 3131 2479 3177 καὶ
2529 3123 2889 3196 ἀντιϐολοῦμεν
2947 3129 3018 3196 μὴ
3079 3129 3334 3195 ἓκκακεῖν,
3394 3122 3819 3199 διακατελέγχειν

2232 3232 2290 3267 σε
2341 3218 2461 3276 τοὺς
2517 3216 2866 3280 ὑπεναντίους,
2919 3213 2974 3266 ἐκ
3048 3223 3148 3266 τῶν
3191 3211 3397 3267 ἀδύτων
3454 3223 3683 3288 ταμείων
3742 3225 3824 3276 τῆς

2229 3301 2456 3378 καρδίας
2486 3323 2580 3356 σου
2611 3308 2872 3377 προφέρων
2935 3305 2999 3355 τὰ
3052 3305 3163 3356 θεῖα
3194 3301 3508 3376 διδάγματα
3543 3323 3554 3336 ⁸
3599 3311 3688 3358 καὶ
3712 3308 3822 3357 ὑπο-

2231 3389 2480 3445 δεικνύων
2527 3394 2753 3444 ἒντεῦθεν
2798 3388 3081 3466 ἀριδήλως,
3149 3392 3229 3444 ὃτι
3302 3397 3531 3466 Χριστὸς
3587 3395 3646 3447 ού
3709 3403 3822 3470 Χρι-

2233 3485 2372 3547 στὸς,
2425 3481 2468 3533 εἰ
2519 3486 2589 3553 μὴ
2623 3483 2992 3556 πιριγράφοιτο
3053 3489 3116 3554 τῇ
3159 3483 3275 3534 καθ’
3307 3484 3447 3554 ἡμᾶς
3488 3480 3632 3556 ἰδέᾳ.
3675 3487 3818 3557 Εἴπερ

2228 3573 2329 3646 γὰρ
2375 3571 2508 3644 σάρξ
2558 3569 2799 3642 ἐγεγόνει,
2863 3573 3059 3632 πάντως
3117 3576 3206 3623 καὶ
3289 3574 3358 3633 ὡς
3412 3573 3548 3646 σὰρξ
3593 3576 3822 3646 περιγρά-

2231 3677 2394 3731 φεται.
2449 3663 2514 3709 Ὅ
2566 3654 2624 3710 δε
2672 3662 2742 3728 μὴ
2793 3660 3188 3730 περιγράφοιτο,
3247 3667 3397 3712 τοῦτο
3438 3660 3534 3711 οὐκ
3585 3664 3709 3713 εἴσω
3748 3659 3822 3712 ἀν-

2231 3749 2580 3820 θρωπότητος,
2629 3745 2735 3798 ἀλλ’
2797 3746 2892 3809 ἔξω
2951 3744 3195 3804 δηλονότι
3251 3753 3338 3800 καὶ
3371 3754 3533 3801 τόπου
3576 3755 3666 3801 καὶ
3705 3751 3822 3822 χρό-

2228 3855 2317 3888 νου
2347 3853 2359 3866 ⁸
2413 3838 2543 3898 Θεὸς
2608 3839 2802 3907 γυμνὸς
2854 3843 2916 3909 τῇ
2970 3835 3287 3908 ἀπεριληψίᾳ
3339 3857 3392 3890 τε
3449 3843 3540 3890 καὶ
3592 3838 3823 3911 ἀοριστίᾳ

2229 3929 2315 3977 καὶ
2365 3924 2633 3996 λεγόμενος
2711 3929 2796 3976 καὶ
2879 3927 3169 3997 νοούμενος.
3235 3931 3332 3978 Καὶ
3378 3934 3528 3979 τοῦτο
3573 3927 3822 4000 ἀραρότως

2231 4015 2302 4076 εἰς
2360 4013 2732 4086 ἀναμφίλεκτον
2800 4011 3070 4076 ἀπόδειξιν
3127 4023 3222 4076 τῆς
3271 4014 3520 4078 ἀληθείας
3585 4020 3820 4088 φυσικαῖς

2231 4102 2562 4165 ἀκολουθίαις
2663 4102 3078 4175 ἀναγκαζόμενον
3113 4121 3126 4133 ⁸
3215 4107 3634 4178 περιγράφεσθαι
3699 4111 3819 4178 Χριο

2233 4195 2375 4256 στὸν,
2439 4193 2535 4243 κᾶν
2574 4199 2634 4264 τῇ
2693 4191 2845 4244 εἰκόνι
2907 4195 3372 4266 προσκυνούμενον.
3429 4212 3458 4242 (ι
3493 4193 3727 4267 Ἐπείπερ
3778 4188 3821 4241 ἓν

2231 4281 2362 4353 αὐτῇ
2405 4285 2463 4332 τὸ
2509 4280 2808 4353 ἀρχέτυπον
2848 4280 3189 4354 ἰκπέφασται,
3222 4283 3285 4342 ὥς
3324 4284 3423 4334 πού
3477 4301 3637 4354 φησιν
3668 4283 3692 4333 6
3721 4283 3822 4332 θεο-

2232 4373 2433 4444 φάντωρ
2465 4375 2732 4434 Διονύσιος
2767 4387 2779 4400 ⁸
2835 4390 2866 4424 ν
2930 4377 3018 4422 xui
3076 4370 3309 4442 ἀλλαχοῦ
3347 4392 3357 4402 ⁸
3416 4391 3444 4423 (ι
3472 4370 3740 4443 Ἑκάτερον
3775 4370 3820 4420 ἓν

2231 4460 2454 4533 ἑκατέρῳ
2503 4463 2645 4530 παρά
2694 4464 2750 4511 τὸ
2809 4467 2902 4522 τῆς
2976 4459 3156 4520 οὐσίας
3210 4457 3479 4533 διάφορον,
3510 4480 3538 4512 ν
3599 4459 3756 4512 Ὠστε
3797 4457 3820 4508 6

2233 4548 2634 4621 ἀπαναινόμενος
2693 4549 3084 4624 ἔγγράφενσθαι
3141 4554 3388 4622 Χριστὸν,
3451 4550 3675 4622 ἣρνηται
3744 4547 3822 4598 ἄν·

2235 4641 2436 4712 θρωπον
2466 4642 2727 4709 γεγονέναι
2762 4655 2774 4667 ⁸
2817 4643 2906 4690 καὶ
2961 4639 2986 4690 ὁ
3041 4643 3111 4711 μὴ
3167 4647 3474 4711 προσκυνῶν
3522 4637 3682 4690 αὐτοῦ
3737 4639 3823 4692 τὴν

2232 4728 2421 4793 εἰκόνα,
2472 4727 2688 4779 ούτίπον
2745 4734 3029 4800 προσκυνεῖ
3103 4728 3258 4780 αὑτὸν
3323 4732 3380 4780 τὸ
3433 4727 3680 4794 καθόλου,
3735 4723 3824 4776 κάν

2229 4818 2417 4890 νομίζῃ
2474 4824 2780 4891 προσκυνεῖν
2818 4835 2829 4846 ·
2889 4815 2998 4870 ἐπεί
3058 4837 3215 4889 φησιν
3274 4819 3299 4869 6
3355 4819 3483 4890 ἱερὸς
3541 4813 3823 4887 λόγοςοοί

2231 4909 2504 4958 ἄπιστοι
2561 4906 2959 4977 ὁμολογοῦσι
3035 4911 3176 4960 Θεὸν
3253 4903 3522 4971 εἰδέναι,
3575 4912 3709 4965 τοῖς
3761 4897 3822 4953 δι

2233 4999 2449 5070 ἔργοις
2487 5003 2858 5070 αρνοῦνται.
2883 5003 3060 5049 Ταῦτα
3077 4995 3182 5067 οὐχ
3206 4998 3274 5058 ὡς
3300 4994 3559 5068 ἀγνοούση
3583 5001 3644 5066 τῇ
3665 4994 3824 5064 τιμιόρ

2232 5090 2353 5142 τητί
2387 5105 2479 5137 σου
2512 5081 2849 5150 ὑπεδήλωσα,
2881 5084 2987 5137 ἀλλ’
3016 5088 3082 5147 ὡς
3126 5086 3656 5157 συνομογνωμονούσῃ
3693 5101 3704 5114 ⁸
3739 5083 3821 5132 καὶ

2231 5176 2404 5250 ὥσπερ
2461 5170 2657 5250 ῥανίδα
2715 5175 2770 5225 ἑκ
2825 5173 3078 5245 πελάγους
3164 5169 3441 5247 δογμάτων
3497 5171 3814 5230 ἀνελκύσας·

2231 5267 2362 5339 πρὸς
2410 5272 2479 5336 τῷ
2531 5268 2620 5315 καὶ
2674 5264 2884 5340 οἱπειρον
2936 5262 3093 5337 ἐσμὸν
3141 5264 3272 5316 εἶναι
3325 5270 3589 5337 πατρικῶν
3623 5273 3640 5288 ⁸
3697 5257 3820 5331 μετὰ

2234 5358 2321 5406 καὶ
2369 5360 2461 5415 τῆς
2514 5352 2867 5429 ἀρχαιολογου
2921 5353 3156 5430 ἱστορίας
3211 5351 3300 5407 ἀπ’
3359 5352 3519 5415 αὐτῆς
3569 5343 3813 5427 paterae;
