  <div class='ocr_page' id='page_1' title='image "/cluster/home/n/w/nwhite01/storage/ocr_20150623/99/mdp.39015005675577/796.png"; bbox 0 0 4058 6274; ppageno 0'>
   <div class='ocr_carea' id='block_1_1' title="bbox 226 280 1835 355">
    <p class='ocr_par' dir='ltr' id='par_1_1' title="bbox 226 280 1835 355">
     <span class='ocr_line' id='line_1_1' title="bbox 226 280 1835 355; baseline -0.002 -1"><span class='ocrx_word' id='word_1_1' title='bbox 226 292 357 355; x_wconf 70' lang='lat'>1581</span> <span class='ocrx_word' id='word_1_2' title='bbox 1496 280 1835 351; x_wconf 86' lang='lat' dir='ltr'>EPISTOLA</span> 
     </span>
    </p>
   </div>
   <div class='ocr_carea' id='block_1_2' title="bbox 1947 280 3577 355">
    <p class='ocr_par' dir='ltr' id='par_1_2' title="bbox 1950 295 3577 352">
     <span class='ocr_line' id='line_1_2' title="bbox 1950 295 3577 352; baseline 0 -1"><span class='ocrx_word' id='word_1_3' title='bbox 1950 295 2004 351; x_wconf 90' lang='lat' dir='ltr'><strong>M</strong></span> <span class='ocrx_word' id='word_1_4' title='bbox 2049 296 2183 351; x_wconf 78' lang='lat' dir='ltr'>LIB.</span> <span class='ocrx_word' id='word_1_5' title='bbox 2229 296 2294 352; x_wconf 91' lang='grc' dir='ltr'>ΙΙ,</span> <span class='ocrx_word' id='word_1_6' title='bbox 3427 298 3577 352; x_wconf 78' lang='grc'>1582</span> 
     </span>
    </p>
   </div>
   <div class='ocr_carea' id='block_1_3' title="bbox 221 405 1835 496">
    <p class='ocr_par' dir='ltr' id='par_1_3' title="bbox 221 418 1823 496">
     <span class='ocr_line' id='line_1_3' title="bbox 221 418 1823 496; baseline -0.002 -21"><span class='ocrx_word' id='word_1_7' title='bbox 221 430 311 476; x_wconf 83' lang='grc' dir='ltr'>τοῦ</span> <span class='ocrx_word' id='word_1_8' title='bbox 358 425 715 496; x_wconf 77' lang='grc' dir='ltr'>κηρύγματος,</span> <span class='ocrx_word' id='word_1_9' title='bbox 765 421 837 483; x_wconf 81' lang='grc' dir='ltr'>εἰς</span> <span class='ocrx_word' id='word_1_10' title='bbox 882 423 1143 473; x_wconf 87' lang='grc' dir='ltr'>σύστασιν</span> <span class='ocrx_word' id='word_1_11' title='bbox 1196 428 1290 482; x_wconf 82' lang='grc' dir='ltr'>τῆς</span> <span class='ocrx_word' id='word_1_12' title='bbox 1338 418 1625 493; x_wconf 78' lang='grc' dir='ltr'>ἀμωμήτου</span> <span class='ocrx_word' id='word_1_13' title='bbox 1676 422 1823 494; x_wconf 76' lang='grc' dir='ltr'>ἡμῶν</span> 
     </span>
    </p>
   </div>
   <div class='ocr_carea' id='block_1_4' title="bbox 1947 405 3586 496">
    <p class='ocr_par' dir='ltr' id='par_1_4' title="bbox 1947 405 3586 480">
     <span class='ocr_line' id='line_1_4' title="bbox 1947 405 3586 480; baseline 0.002 -5"><span class='ocrx_word' id='word_1_14' title='bbox 1947 421 2173 477; x_wconf 64' lang='lat' dir='ltr'>illibatae</span> <span class='ocrx_word' id='word_1_15' title='bbox 2248 421 2387 479; x_wconf 81' lang='lat' dir='ltr'>ﬁdei</span> <span class='ocrx_word' id='word_1_16' title='bbox 2463 426 2679 477; x_wconf 61' lang='lat' dir='ltr'>nostra:</span> <span class='ocrx_word' id='word_1_17' title='bbox 2756 417 3100 478; x_wconf 72' lang='lat' dir='ltr'>Christianae</span> <span class='ocrx_word' id='word_1_18' title='bbox 3177 405 3586 480; x_wconf 84' lang='lat' dir='ltr'>conﬁrmatio-</span> 
     </span>
    </p>
   </div>
   <div class='ocr_carea' id='block_1_5' title="bbox 222 516 2095 585">
    <p class='ocr_par' dir='ltr' id='par_1_5' title="bbox 222 516 2095 585">
     <span class='ocr_line' id='line_1_5' title="bbox 222 516 2095 585; baseline 0 -20"><span class='ocrx_word' id='word_1_19' title='bbox 222 519 322 565; x_wconf 86' lang='grc' dir='ltr'>τῶν</span> <span class='ocrx_word' id='word_1_20' title='bbox 353 519 682 585; x_wconf 82' lang='grc' dir='ltr'>Χριστιανῶν</span> <span class='ocrx_word' id='word_1_21' title='bbox 729 516 976 572; x_wconf 82' lang='grc' dir='ltr'>πίστεως.</span> <span class='ocrx_word' id='word_1_22' title='bbox 1936 526 2095 566; x_wconf 88' lang='lat' dir='ltr'>nem.</span> 
     </span>
    </p>
   </div>
   <div class='ocr_carea' id='block_1_6' title="bbox 399 624 1835 725">
    <p class='ocr_par' dir='ltr' id='par_1_6' title="bbox 399 632 1682 725">
     <span class='ocr_line' id='line_1_6' title="bbox 399 632 1682 725; baseline -0.004 -35"><span class='ocrx_word' id='word_1_23' title='bbox 399 635 534 725; x_wconf 44' lang='lat' dir='ltr'>PSA’</span> <span class='ocrx_word' id='word_1_24' title='bbox 565 636 699 707; x_wconf 83' lang='lat'>(85).</span> <span class='ocrx_word' id='word_1_25' title='bbox 735 665 801 677; x_wconf 82' lang='lat'>-—</span> <span class='ocrx_word' id='word_1_26' title='bbox 841 634 1119 706; x_wconf 74' lang='grc' dir='ltr'>Φιλοθέῳ</span> <span class='ocrx_word' id='word_1_27' title='bbox 1160 638 1443 708; x_wconf 80' lang='grc' dir='ltr'>κτήτορι.</span> <span class='ocrx_word' id='word_1_28' title='bbox 1492 632 1682 708; x_wconf 52' lang='grc' dir='ltr'>[ψξτιᾍ]</span> 
     </span>
    </p>
   </div>
   <div class='ocr_carea' id='block_1_7' title="bbox 1947 624 3302 725">
    <p class='ocr_par' dir='ltr' id='par_1_7' title="bbox 2298 624 3302 706">
     <span class='ocr_line' id='line_1_7' title="bbox 2298 624 3302 706; baseline 0.002 -16"><span class='ocrx_word' id='word_1_29' title='bbox 2298 636 2472 690; x_wconf 86' lang='lat' dir='ltr'>CXCI.</span> <span class='ocrx_word' id='word_1_30' title='bbox 2513 665 2581 675; x_wconf 95' lang='lat'>—</span> <span class='ocrx_word' id='word_1_31' title='bbox 2614 624 2929 692; x_wconf 77' lang='lat' dir='ltr'>Philotheo</span> <span class='ocrx_word' id='word_1_32' title='bbox 2965 637 3302 706; x_wconf 78' lang='lat' dir='ltr'>possessori.</span> 
     </span>
    </p>
   </div>
   <div class='ocr_carea' id='block_1_8' title="bbox 1336 731 2458 795">
    <p class='ocr_par' dir='ltr' id='par_1_8' title="bbox 1336 731 2458 795">
     <span class='ocr_line' id='line_1_8' title="bbox 1336 731 2458 795; baseline 0.001 -16"><span class='ocrx_word' id='word_1_33' title='bbox 1336 731 1545 780; x_wconf 78' lang='lat' dir='ltr'>Laudat</span> <span class='ocrx_word' id='word_1_34' title='bbox 1574 731 1687 794; x_wconf 87' lang='lat' dir='ltr'>ejus</span> <span class='ocrx_word' id='word_1_35' title='bbox 1716 731 1957 790; x_wconf 80' lang='lat' dir='ltr'>virtutes,</span> <span class='ocrx_word' id='word_1_36' title='bbox 1994 745 2185 795; x_wconf 86' lang='lat' dir='ltr'>genus,</span> <span class='ocrx_word' id='word_1_37' title='bbox 2206 732 2458 795; x_wconf 87' lang='lat' dir='ltr'>patriam.</span> 
     </span>
    </p>
   </div>
   <div class='ocr_carea' id='block_1_9' title="bbox 2013 821 3597 892">
    <p class='ocr_par' dir='ltr' id='par_1_9' title="bbox 2013 821 3597 892">
     <span class='ocr_line' id='line_1_9' title="bbox 2013 821 3597 892; baseline 0 -15"><span class='ocrx_word' id='word_1_38' title='bbox 2013 823 2290 889; x_wconf 84' lang='lat' dir='ltr'>Magnum</span> <span class='ocrx_word' id='word_1_39' title='bbox 2332 821 2565 876; x_wconf 90' lang='lat' dir='ltr'>lucrum</span> <span class='ocrx_word' id='word_1_40' title='bbox 2593 826 2759 892; x_wconf 89' lang='lat' dir='ltr'>putat</span> <span class='ocrx_word' id='word_1_41' title='bbox 2780 822 3235 879; x_wconf 85' lang='lat' dir='ltr'>honoriﬁcentia</span> <span class='ocrx_word' id='word_1_42' title='bbox 3265 827 3387 889; x_wconf 90' lang='lat' dir='ltr'>tua,</span> <span class='ocrx_word' id='word_1_43' title='bbox 3419 825 3482 878; x_wconf 89' lang='lat' dir='ltr'>ut</span> <span class='ocrx_word' id='word_1_44' title='bbox 3511 824 3597 879; x_wconf 92' lang='lat' dir='ltr'>ait</span> 
     </span>
    </p>
   </div>
   <div class='ocr_carea' id='block_1_10' title="bbox 1940 910 3591 984">
    <p class='ocr_par' dir='ltr' id='par_1_10' title="bbox 1940 910 3591 984">
     <span class='ocr_line' id='line_1_10' title="bbox 1940 910 3591 984; baseline 0.001 -19"><span class='ocrx_word' id='word_1_45' title='bbox 1940 926 2077 965; x_wconf 93' lang='lat' dir='ltr'>cum</span> <span class='ocrx_word' id='word_1_46' title='bbox 2108 910 2327 966; x_wconf 79' lang='lat' dir='ltr'>litteras</span> <span class='ocrx_word' id='word_1_47' title='bbox 2360 916 2596 966; x_wconf 90' lang='lat' dir='ltr'>nostras</span> <span class='ocrx_word' id='word_1_48' title='bbox 2622 911 2871 983; x_wconf 90' lang='lat' dir='ltr'>accepit,</span> <span class='ocrx_word' id='word_1_49' title='bbox 2901 911 3200 984; x_wconf 88' lang='lat' dir='ltr'>simulque</span> <span class='ocrx_word' id='word_1_50' title='bbox 3234 928 3370 967; x_wconf 91' lang='lat' dir='ltr'>cum</span> <span class='ocrx_word' id='word_1_51' title='bbox 3404 912 3591 984; x_wconf 86' lang='lat' dir='ltr'>ipsius</span> 
     </span>
    </p>
   </div>
   <div class='ocr_carea' id='block_1_11' title="bbox 1940 999 3593 1069">
    <p class='ocr_par' dir='ltr' id='par_1_11' title="bbox 1940 999 3593 1069">
     <span class='ocr_line' id='line_1_11' title="bbox 1940 999 3593 1069; baseline 0 -13"><span class='ocrx_word' id='word_1_52' title='bbox 1940 1017 1975 1056; x_wconf 90' lang='lat' dir='ltr'>a</span> <span class='ocrx_word' id='word_1_53' title='bbox 2005 999 2180 1055; x_wconf 87' lang='lat' dir='ltr'>nobis</span> <span class='ocrx_word' id='word_1_54' title='bbox 2221 999 2281 1053; x_wconf 88' lang='lat' dir='ltr'>ﬁt</span> <span class='ocrx_word' id='word_1_55' title='bbox 2316 1000 2557 1054; x_wconf 87' lang='lat' dir='ltr'>mentio.</span> <span class='ocrx_word' id='word_1_56' title='bbox 2595 1001 2711 1055; x_wconf 84' lang='lat' dir='ltr'>Hoc</span> <span class='ocrx_word' id='word_1_57' title='bbox 2745 1016 2884 1055; x_wconf 90' lang='lat' dir='ltr'>vero</span> <span class='ocrx_word' id='word_1_58' title='bbox 2924 1000 3145 1055; x_wconf 68' lang='lat' dir='ltr'>divinas</span> <span class='ocrx_word' id='word_1_59' title='bbox 3195 999 3411 1055; x_wconf 89' lang='lat' dir='ltr'>mentis</span> <span class='ocrx_word' id='word_1_60' title='bbox 3454 1007 3593 1069; x_wconf 65' lang='lat' dir='ltr'>tuae,</span> 
     </span>
    </p>
   </div>
   <div class='ocr_carea' id='block_1_12' title="bbox 1940 1088 3598 1160">
    <p class='ocr_par' dir='ltr' id='par_1_12' title="bbox 1940 1088 3598 1160">
     <span class='ocr_line' id='line_1_12' title="bbox 1940 1088 3598 1160; baseline 0.001 -15"><span class='ocrx_word' id='word_1_61' title='bbox 1940 1104 2162 1160; x_wconf 88' lang='lat' dir='ltr'>magna</span> <span class='ocrx_word' id='word_1_62' title='bbox 2190 1088 2520 1143; x_wconf 87' lang='lat' dir='ltr'>humilitate</span> <span class='ocrx_word' id='word_1_63' title='bbox 2542 1089 2801 1160; x_wconf 68' lang='lat' dir='ltr'>praeditaa</span> <span class='ocrx_word' id='word_1_64' title='bbox 2825 1090 3165 1144; x_wconf 89' lang='lat' dir='ltr'>encomium</span> <span class='ocrx_word' id='word_1_65' title='bbox 3195 1095 3305 1155; x_wconf 89' lang='lat' dir='ltr'>est,</span> <span class='ocrx_word' id='word_1_66' title='bbox 3337 1106 3458 1146; x_wconf 89' lang='lat' dir='ltr'>non</span> <span class='ocrx_word' id='word_1_67' title='bbox 3491 1106 3598 1146; x_wconf 92' lang='lat' dir='ltr'>no-</span> 
     </span>
    </p>
   </div>
   <div class='ocr_carea' id='block_1_13' title="bbox 1941 1177 3599 1248">
    <p class='ocr_par' dir='ltr' id='par_1_13' title="bbox 1941 1177 3599 1248">
     <span class='ocr_line' id='line_1_13' title="bbox 1941 1177 3599 1248; baseline 0.002 -16"><span class='ocrx_word' id='word_1_68' title='bbox 1941 1178 2265 1247; x_wconf 89' lang='lat' dir='ltr'>strum,qui</span> <span class='ocrx_word' id='word_1_69' title='bbox 2295 1177 2531 1247; x_wconf 87' lang='lat' dir='ltr'>abjecti,</span> <span class='ocrx_word' id='word_1_70' title='bbox 2555 1182 2611 1232; x_wconf 88' lang='lat' dir='ltr'>et</span> <span class='ocrx_word' id='word_1_71' title='bbox 2638 1177 2863 1233; x_wconf 89' lang='lat' dir='ltr'>nullius</span> <span class='ocrx_word' id='word_1_72' title='bbox 2887 1177 3346 1248; x_wconf 88' lang='lat' dir='ltr'>pretiihomines</span> <span class='ocrx_word' id='word_1_73' title='bbox 3363 1195 3599 1236; x_wconf 89' lang='lat' dir='ltr'>sumus.</span> 
     </span>
    </p>
   </div>
   <div class='ocr_carea' id='block_1_14' title="bbox 1938 1266 3593 1339">
    <p class='ocr_par' dir='ltr' id='par_1_14' title="bbox 1938 1266 3593 1339">
     <span class='ocr_line' id='line_1_14' title="bbox 1938 1266 3593 1339; baseline 0.001 -18"><span class='ocrx_word' id='word_1_74' title='bbox 1938 1270 2215 1321; x_wconf 84' lang='lat' dir='ltr'>Attamen</span> <span class='ocrx_word' id='word_1_75' title='bbox 2242 1266 2415 1336; x_wconf 77' lang='lat' dir='ltr'>juxta</span> <span class='ocrx_word' id='word_1_76' title='bbox 2444 1266 2730 1320; x_wconf 84' lang='lat' dir='ltr'>ﬁduciam</span> <span class='ocrx_word' id='word_1_77' title='bbox 2762 1271 2927 1321; x_wconf 89' lang='lat' dir='ltr'>tuam</span> <span class='ocrx_word' id='word_1_78' title='bbox 2964 1266 3303 1322; x_wconf 89' lang='lat' dir='ltr'>mercedem</span> <span class='ocrx_word' id='word_1_79' title='bbox 3333 1268 3593 1339; x_wconf 86' lang='lat' dir='ltr'>accipies</span> 
     </span>
    </p>
   </div>
   <div class='ocr_carea' id='block_1_15' title="bbox 1940 1355 3596 1429">
    <p class='ocr_par' dir='ltr' id='par_1_15' title="bbox 1940 1355 3596 1429">
     <span class='ocr_line' id='line_1_15' title="bbox 1940 1355 3596 1429; baseline 0.001 -18"><span class='ocrx_word' id='word_1_80' title='bbox 1940 1372 1974 1411; x_wconf 91' lang='lat' dir='ltr'>a</span> <span class='ocrx_word' id='word_1_81' title='bbox 1995 1356 2157 1426; x_wconf 88' lang='lat' dir='ltr'>justo</span> <span class='ocrx_word' id='word_1_82' title='bbox 2183 1355 2408 1425; x_wconf 88' lang='lat' dir='ltr'>judicio</span> <span class='ocrx_word' id='word_1_83' title='bbox 2435 1356 2573 1410; x_wconf 91' lang='lat' dir='ltr'>boni</span> <span class='ocrx_word' id='word_1_84' title='bbox 2607 1355 2708 1409; x_wconf 86' lang='lat' dir='ltr'>Dei</span> <span class='ocrx_word' id='word_1_85' title='bbox 2749 1355 2955 1418; x_wconf 88' lang='lat' dir='ltr'>nostri,</span> <span class='ocrx_word' id='word_1_86' title='bbox 2984 1356 3087 1427; x_wconf 89' lang='lat' dir='ltr'>qui</span> <span class='ocrx_word' id='word_1_87' title='bbox 3119 1357 3596 1429; x_wconf 88' lang='lat' dir='ltr'>uniuscujusque</span> 
     </span>
    </p>
   </div>
   <div class='ocr_carea' id='block_1_16' title="bbox 293 818 1831 897">
    <p class='ocr_par' dir='ltr' id='par_1_16' title="bbox 293 818 1831 897">
     <span class='ocr_line' id='line_1_16' title="bbox 293 818 1831 897; baseline -0.003 -21"><span class='ocrx_word' id='word_1_88' title='bbox 293 826 443 894; x_wconf 86' lang='grc' dir='ltr'>Μέγα</span> <span class='ocrx_word' id='word_1_89' title='bbox 507 818 692 897; x_wconf 80' lang='grc' dir='ltr'>κέρδος</span> <span class='ocrx_word' id='word_1_90' title='bbox 751 822 959 893; x_wconf 75' lang='grc' dir='ltr'>ἡγεῖταί</span> <span class='ocrx_word' id='word_1_91' title='bbox 1017 839 1109 872; x_wconf 89' lang='grc' dir='ltr'>σου</span> <span class='ocrx_word' id='word_1_92' title='bbox 1155 821 1186 878; x_wconf 75' lang='grc' dir='ltr'>ἡ</span> <span class='ocrx_word' id='word_1_93' title='bbox 1240 826 1501 892; x_wconf 87' lang='grc' dir='ltr'>τιμιότης,</span> <span class='ocrx_word' id='word_1_94' title='bbox 1561 821 1629 881; x_wconf 86' lang='grc' dir='ltr'>ὦς</span> <span class='ocrx_word' id='word_1_95' title='bbox 1682 839 1831 892; x_wconf 85' lang='grc' dir='ltr'>φησι,</span> 
     </span>
    </p>
   </div>
   <div class='ocr_carea' id='block_1_17' title="bbox 221 909 1832 985">
    <p class='ocr_par' dir='ltr' id='par_1_17' title="bbox 221 909 1832 985">
     <span class='ocr_line' id='line_1_17' title="bbox 221 909 1832 985; baseline -0.002 -21"><span class='ocrx_word' id='word_1_96' title='bbox 221 909 481 985; x_wconf 81' lang='grc' dir='ltr'>δεχομένη</span> <span class='ocrx_word' id='word_1_97' title='bbox 534 913 679 983; x_wconf 83' lang='grc' dir='ltr'>ἡμῶν</span> <span class='ocrx_word' id='word_1_98' title='bbox 736 912 1049 984; x_wconf 87' lang='grc' dir='ltr'>γράμματα,</span> <span class='ocrx_word' id='word_1_99' title='bbox 1110 911 1241 981; x_wconf 84' lang='grc' dir='ltr'>ὁμοῦ</span> <span class='ocrx_word' id='word_1_100' title='bbox 1280 929 1333 962; x_wconf 90' lang='grc' dir='ltr'>τε</span> <span class='ocrx_word' id='word_1_101' title='bbox 1384 914 1473 961; x_wconf 85' lang='grc' dir='ltr'>καὶ</span> <span class='ocrx_word' id='word_1_102' title='bbox 1520 929 1832 982; x_wconf 85' lang='grc' dir='ltr'>μνημονευο·</span> 
     </span>
    </p>
   </div>
   <div class='ocr_carea' id='block_1_18' title="bbox 221 995 1829 1075">
    <p class='ocr_par' dir='ltr' id='par_1_18' title="bbox 221 995 1829 1075">
     <span class='ocr_line' id='line_1_18' title="bbox 221 995 1829 1075; baseline -0.002 -21"><span class='ocrx_word' id='word_1_103' title='bbox 221 1005 347 1075; x_wconf 88' lang='grc' dir='ltr'>μένη</span> <span class='ocrx_word' id='word_1_104' title='bbox 400 1005 529 1075; x_wconf 86' lang='grc' dir='ltr'>πρὸς</span> <span class='ocrx_word' id='word_1_105' title='bbox 577 1003 722 1074; x_wconf 81' lang='grc' dir='ltr'>ἡμῶν</span> <span class='ocrx_word' id='word_1_106' title='bbox 778 1001 971 1056; x_wconf 74' lang='grc' dir='ltr'>αὐτῶν.</span> <span class='ocrx_word' id='word_1_107' title='bbox 1019 1000 1185 1054; x_wconf 86' lang='grc' dir='ltr'>Τοῦτο</span> <span class='ocrx_word' id='word_1_108' title='bbox 1241 995 1300 1051; x_wconf 74' lang='grc' dir='ltr'>δὲ</span> <span class='ocrx_word' id='word_1_109' title='bbox 1350 1007 1438 1060; x_wconf 85' lang='grc' dir='ltr'>τῆς</span> <span class='ocrx_word' id='word_1_110' title='bbox 1472 1007 1568 1061; x_wconf 85' lang='grc' dir='ltr'>σῆς</span> <span class='ocrx_word' id='word_1_111' title='bbox 1626 1002 1829 1071; x_wconf 85' lang='grc' dir='ltr'>θεόφρο-</span> 
     </span>
    </p>
   </div>
   <div class='ocr_carea' id='block_1_19' title="bbox 1505 1092 1833 1161">
    <p class='ocr_par' dir='ltr' id='par_1_19' title="bbox 1505 1092 1833 1161">
     <span class='ocr_line' id='line_1_19' title="bbox 1505 1092 1833 1161; baseline -0.006 -20"><span class='ocrx_word' id='word_1_112' title='bbox 1505 1092 1833 1161; x_wconf 81' lang='grc' dir='ltr'>κεχρημένης</span> 
     </span>
    </p>
   </div>
   <div class='ocr_carea' id='block_1_20' title="bbox 222 1178 1831 1253">
    <p class='ocr_par' dir='ltr' id='par_1_20' title="bbox 222 1178 1831 1253">
     <span class='ocr_line' id='line_1_20' title="bbox 222 1178 1831 1253; baseline -0.002 -21"><span class='ocrx_word' id='word_1_113' title='bbox 222 1181 500 1253; x_wconf 72' lang='grc' dir='ltr'>ἐγκώμιον,</span> <span class='ocrx_word' id='word_1_114' title='bbox 552 1180 659 1252; x_wconf 83' lang='grc' dir='ltr'>οὑχ</span> <span class='ocrx_word' id='word_1_115' title='bbox 704 1181 849 1251; x_wconf 79' lang='grc' dir='ltr'>ἡμῶν</span> <span class='ocrx_word' id='word_1_116' title='bbox 903 1187 1002 1231; x_wconf 83' lang='grc' dir='ltr'>τῶν</span> <span class='ocrx_word' id='word_1_117' title='bbox 1058 1185 1311 1230; x_wconf 85' lang='grc' dir='ltr'>ταπειτῶν</span> <span class='ocrx_word' id='word_1_118' title='bbox 1368 1178 1525 1247; x_wconf 83' lang='lat' dir='ltr'>[cod.</span> <span class='ocrx_word' id='word_1_119' title='bbox 1586 1181 1724 1247; x_wconf 84' lang='lat' dir='ltr'>Reg.</span> <span class='ocrx_word' id='word_1_120' title='bbox 1754 1178 1831 1229; x_wconf 80' lang='grc' dir='ltr'>εύ-</span> 
     </span>
    </p>
   </div>
   <div class='ocr_carea' id='block_1_21' title="bbox 221 1264 1831 1342">
    <p class='ocr_par' dir='ltr' id='par_1_21' title="bbox 221 1264 1831 1342">
     <span class='ocr_line' id='line_1_21' title="bbox 221 1264 1831 1342; baseline -0.004 -20"><span class='ocrx_word' id='word_1_121' title='bbox 221 1268 417 1342; x_wconf 87' lang='grc' dir='ltr'>τελῶν],</span> <span class='ocrx_word' id='word_1_122' title='bbox 477 1274 568 1321; x_wconf 84' lang='grc' dir='ltr'>καὶ</span> <span class='ocrx_word' id='word_1_123' title='bbox 619 1264 827 1329; x_wconf 76' lang='grc' dir='ltr'>οὐδενός</span> <span class='ocrx_word' id='word_1_124' title='bbox 883 1266 1038 1330; x_wconf 85' lang='grc' dir='ltr'>ἀξίων</span> <span class='ocrx_word' id='word_1_125' title='bbox 1094 1267 1271 1338; x_wconf 88' lang='grc' dir='ltr'>λόγου.</span> <span class='ocrx_word' id='word_1_126' title='bbox 1330 1265 1505 1337; x_wconf 84' lang='grc' dir='ltr'>Ὀμως</span> <span class='ocrx_word' id='word_1_127' title='bbox 1548 1268 1682 1319; x_wconf 85' lang='grc' dir='ltr'>κατὰ</span> <span class='ocrx_word' id='word_1_128' title='bbox 1738 1270 1831 1324; x_wconf 76' lang='grc' dir='ltr'>την</span> 
     </span>
    </p>
   </div>
   <div class='ocr_carea' id='block_1_22' title="bbox 221 1088 1402 1162">
    <p class='ocr_par' dir='ltr' id='par_1_22' title="bbox 221 1088 1402 1162">
     <span class='ocr_line' id='line_1_22' title="bbox 221 1088 1402 1162; baseline -0.003 -19"><span class='ocrx_word' id='word_1_129' title='bbox 221 1112 306 1154; x_wconf 93' lang='grc' dir='ltr'>νος</span> <span class='ocrx_word' id='word_1_130' title='bbox 407 1088 645 1152; x_wconf 88' lang='grc' dir='ltr'>διανοίας</span> <span class='ocrx_word' id='word_1_131' title='bbox 719 1091 1166 1162; x_wconf 70' lang='grc' dir='ltr'>ταπεινοφροσύνῃ</span> <span class='ocrx_word' id='word_1_132' title='bbox 1244 1088 1402 1161; x_wconf 74' lang='grc' dir='ltr'>πολλῇ</span> 
     </span>
    </p>
   </div>
   <div class='ocr_carea' id='block_1_23' title="bbox 222 1356 1831 1427">
    <p class='ocr_par' dir='ltr' id='par_1_23' title="bbox 222 1356 1831 1427">
     <span class='ocr_line' id='line_1_23' title="bbox 222 1356 1831 1427; baseline -0.003 -16"><span class='ocrx_word' id='word_1_133' title='bbox 222 1361 535 1417; x_wconf 85' lang='grc' dir='ltr'>πεποίθησιν</span> <span class='ocrx_word' id='word_1_134' title='bbox 591 1357 755 1419; x_wconf 75' lang='grc' dir='ltr'>αὐτῆς</span> <span class='ocrx_word' id='word_1_135' title='bbox 809 1356 1032 1427; x_wconf 74' lang='grc' dir='ltr'>λήψεται</span> <span class='ocrx_word' id='word_1_136' title='bbox 1079 1360 1161 1408; x_wconf 86' lang='grc' dir='ltr'>τόν</span> <span class='ocrx_word' id='word_1_137' title='bbox 1208 1358 1396 1426; x_wconf 89' lang='grc' dir='ltr'>μισθὸν</span> <span class='ocrx_word' id='word_1_138' title='bbox 1446 1357 1544 1407; x_wconf 88' lang='grc' dir='ltr'>ὑπό</span> <span class='ocrx_word' id='word_1_139' title='bbox 1594 1364 1683 1415; x_wconf 75' lang='grc' dir='ltr'>τῆς</span> <span class='ocrx_word' id='word_1_140' title='bbox 1739 1362 1831 1407; x_wconf 83' lang='grc' dir='ltr'>τοῦ</span> 
     </span>
    </p>
   </div>
   <div class='ocr_carea' id='block_1_24' title="bbox 223 1441 1402 1519">
    <p class='ocr_par' dir='ltr' id='par_1_24' title="bbox 223 1441 1402 1519">
     <span class='ocr_line' id='line_1_24' title="bbox 223 1441 1402 1519; baseline -0.004 -19"><span class='ocrx_word' id='word_1_141' title='bbox 223 1446 426 1519; x_wconf 82' lang='grc' dir='ltr'>ἀγαθοῦ</span> <span class='ocrx_word' id='word_1_142' title='bbox 529 1449 675 1519; x_wconf 84' lang='grc' dir='ltr'>ἡμῶν</span> <span class='ocrx_word' id='word_1_143' title='bbox 754 1454 887 1499; x_wconf 75' lang='grc' dir='ltr'>Θεοῦ</span> <span class='ocrx_word' id='word_1_144' title='bbox 988 1441 1402 1517; x_wconf 90' lang='grc' dir='ltr'>δικαιοκρισίας,</span> 
     </span>
    </p>
   </div>
   <div class='ocr_carea' id='block_1_25' title="bbox 224 1532 1831 1606">
    <p class='ocr_par' dir='ltr' id='par_1_25' title="bbox 224 1532 1831 1606">
     <span class='ocr_line' id='line_1_25' title="bbox 224 1532 1831 1606; baseline -0.003 -17"><span class='ocrx_word' id='word_1_145' title='bbox 224 1542 317 1595; x_wconf 80' lang='grc' dir='ltr'>τὴν</span> <span class='ocrx_word' id='word_1_146' title='bbox 352 1541 534 1589; x_wconf 81' lang='grc' dir='ltr'>πίστιν</span> <span class='ocrx_word' id='word_1_147' title='bbox 590 1536 812 1588; x_wconf 80' lang='grc' dir='ltr'>ἑκάστου</span> <span class='ocrx_word' id='word_1_148' title='bbox 866 1533 1110 1606; x_wconf 79' lang='grc' dir='ltr'>ἀμοιϐαῖς</span> <span class='ocrx_word' id='word_1_149' title='bbox 1158 1537 1444 1599; x_wconf 76' lang='grc' dir='ltr'>οὐρανίαις,</span> <span class='ocrx_word' id='word_1_150' title='bbox 1497 1554 1587 1585; x_wconf 87' lang='grc' dir='ltr'>και</span> <span class='ocrx_word' id='word_1_151' title='bbox 1622 1533 1688 1593; x_wconf 82' lang='grc' dir='ltr'>εἰς</span> <span class='ocrx_word' id='word_1_152' title='bbox 1718 1532 1831 1585; x_wconf 86' lang='grc' dir='ltr'>ἑαυ-</span> 
     </span>
    </p>
   </div>
   <div class='ocr_carea' id='block_1_26' title="bbox 224 1617 1829 1696">
    <p class='ocr_par' dir='ltr' id='par_1_26' title="bbox 224 1617 1829 1696">
     <span class='ocr_line' id='line_1_26' title="bbox 224 1617 1829 1696; baseline -0.003 -19"><span class='ocrx_word' id='word_1_153' title='bbox 224 1629 312 1678; x_wconf 90' lang='grc' dir='ltr'>τὸν</span> <span class='ocrx_word' id='word_1_154' title='bbox 370 1628 427 1677; x_wconf 89' lang='grc' dir='ltr'>τό</span> <span class='ocrx_word' id='word_1_155' title='bbox 477 1631 568 1676; x_wconf 80' lang='grc' dir='ltr'>τοῦ</span> <span class='ocrx_word' id='word_1_156' title='bbox 621 1624 777 1684; x_wconf 85' lang='grc' dir='ltr'>πέλας</span> <span class='ocrx_word' id='word_1_157' title='bbox 830 1628 1134 1694; x_wconf 81' lang='grc' dir='ltr'>γιγνόμενον</span> <span class='ocrx_word' id='word_1_158' title='bbox 1196 1617 1554 1696; x_wconf 85' lang='grc' dir='ltr'>Χριστοειδὼς</span> <span class='ocrx_word' id='word_1_159' title='bbox 1603 1619 1829 1673; x_wconf 71' lang='grc' dir='ltr'>ἀνατιθεη</span> 
     </span>
    </p>
   </div>
   <div class='ocr_carea' id='block_1_27' title="bbox 220 1706 1832 1786">
    <p class='ocr_par' dir='ltr' id='par_1_27' title="bbox 220 1706 1832 1786">
     <span class='ocr_line' id='line_1_27' title="bbox 220 1706 1832 1786; baseline -0.004 -20"><span class='ocrx_word' id='word_1_160' title='bbox 220 1718 397 1786; x_wconf 88' lang='grc' dir='ltr'>μένου.</span> <span class='ocrx_word' id='word_1_161' title='bbox 450 1712 622 1784; x_wconf 80' lang='grc' dir='ltr'>Ἡμεῖς</span> <span class='ocrx_word' id='word_1_162' title='bbox 673 1710 731 1764; x_wconf 74' lang='grc' dir='ltr'>δὲ</span> <span class='ocrx_word' id='word_1_163' title='bbox 783 1720 855 1781; x_wconf 83' lang='grc' dir='ltr'>τῷ</span> <span class='ocrx_word' id='word_1_164' title='bbox 899 1715 1007 1763; x_wconf 84' lang='grc' dir='ltr'>ὄντι</span> <span class='ocrx_word' id='word_1_165' title='bbox 1056 1716 1334 1783; x_wconf 87' lang='grc' dir='ltr'>χαίρομεν,</span> <span class='ocrx_word' id='word_1_166' title='bbox 1388 1706 1542 1783; x_wconf 77' lang='grc' dir='ltr'>ἀνδρὶ</span> <span class='ocrx_word' id='word_1_167' title='bbox 1601 1710 1832 1779; x_wconf 85' lang='grc' dir='ltr'>τοσούτῳ</span> 
     </span>
    </p>
   </div>
   <div class='ocr_carea' id='block_1_28' title="bbox 220 1797 1828 1873">
    <p class='ocr_par' dir='ltr' id='par_1_28' title="bbox 220 1797 1828 1873">
     <span class='ocr_line' id='line_1_28' title="bbox 220 1797 1828 1873; baseline -0.004 -18"><span class='ocrx_word' id='word_1_168' title='bbox 220 1808 313 1855; x_wconf 86' lang='grc' dir='ltr'>καὶ</span> <span class='ocrx_word' id='word_1_169' title='bbox 370 1802 659 1873; x_wconf 78' lang='grc' dir='ltr'>τηλικούτῳ</span> <span class='ocrx_word' id='word_1_170' title='bbox 701 1800 955 1873; x_wconf 79' lang='grc' dir='ltr'>φιλιάζειν</span> <span class='ocrx_word' id='word_1_171' title='bbox 1005 1805 1353 1871; x_wconf 76' lang='grc' dir='ltr'>γνωρίσαντες</span> <span class='ocrx_word' id='word_1_172' title='bbox 1396 1816 1408 1827; x_wconf 92' lang='grc'><strong>·</strong></span> <span class='ocrx_word' id='word_1_173' title='bbox 1465 1798 1525 1850; x_wconf 81' lang='grc' dir='ltr'>οὗ</span> <span class='ocrx_word' id='word_1_174' title='bbox 1585 1799 1612 1856; x_wconf 75' lang='grc' dir='ltr'>ἡ</span> <span class='ocrx_word' id='word_1_175' title='bbox 1675 1797 1828 1871; x_wconf 84' lang='grc' dir='ltr'>ἀρετή</span> 
     </span>
    </p>
   </div>
   <div class='ocr_carea' id='block_1_29' title="bbox 222 1885 1833 1965">
    <p class='ocr_par' dir='ltr' id='par_1_29' title="bbox 222 1885 1833 1965">
     <span class='ocr_line' id='line_1_29' title="bbox 222 1885 1833 1965; baseline -0.004 -22"><span class='ocrx_word' id='word_1_176' title='bbox 222 1888 560 1965; x_wconf 86' lang='grc' dir='ltr'>διαπρύσιος,</span> <span class='ocrx_word' id='word_1_177' title='bbox 596 1895 685 1941; x_wconf 80' lang='grc' dir='ltr'>καὶ</span> <span class='ocrx_word' id='word_1_178' title='bbox 718 1891 742 1940; x_wconf 98' lang='lat'>6</span> <span class='ocrx_word' id='word_1_179' title='bbox 796 1891 1002 1949; x_wconf 87' lang='grc' dir='ltr'>ἔπαινος</span> <span class='ocrx_word' id='word_1_180' title='bbox 1058 1885 1415 1949; x_wconf 84' lang='grc' dir='ltr'>δικαιότατος,</span> <span class='ocrx_word' id='word_1_181' title='bbox 1468 1892 1558 1938; x_wconf 84' lang='grc' dir='ltr'>καὶ</span> <span class='ocrx_word' id='word_1_182' title='bbox 1592 1891 1649 1938; x_wconf 88' lang='grc' dir='ltr'>τὸ</span> <span class='ocrx_word' id='word_1_183' title='bbox 1689 1886 1833 1938; x_wconf 85' lang='grc' dir='ltr'>πολί-</span> 
     </span>
    </p>
   </div>
   <div class='ocr_carea' id='block_1_30' title="bbox 220 1973 1832 2052">
    <p class='ocr_par' dir='ltr' id='par_1_30' title="bbox 220 1973 1832 2052">
     <span class='ocr_line' id='line_1_30' title="bbox 220 1973 1832 2052; baseline -0.005 -19"><span class='ocrx_word' id='word_1_184' title='bbox 220 1999 388 2052; x_wconf 85' lang='grc' dir='ltr'>τευμα</span> <span class='ocrx_word' id='word_1_185' title='bbox 435 1979 643 2039; x_wconf 78' lang='grc' dir='ltr'>πολλοῖς</span> <span class='ocrx_word' id='word_1_186' title='bbox 688 1974 988 2048; x_wconf 79' lang='grc' dir='ltr'>ὑπόδειγμα</span> <span class='ocrx_word' id='word_1_187' title='bbox 1042 1985 1152 2039; x_wconf 85' lang='grc' dir='ltr'>τοῖς</span> <span class='ocrx_word' id='word_1_188' title='bbox 1204 1976 1464 2029; x_wconf 85' lang='grc' dir='ltr'>ἐθέλουσιν</span> <span class='ocrx_word' id='word_1_189' title='bbox 1521 1974 1743 2028; x_wconf 83' lang='grc' dir='ltr'>εύσεϐεἰν</span> <span class='ocrx_word' id='word_1_190' title='bbox 1786 1973 1832 2026; x_wconf 85' lang='grc' dir='ltr'>ἐν</span> 
     </span>
    </p>
   </div>
   <div class='ocr_carea' id='block_1_31' title="bbox 220 2063 1833 2141">
    <p class='ocr_par' dir='ltr' id='par_1_31' title="bbox 220 2063 1833 2141">
     <span class='ocr_line' id='line_1_31' title="bbox 220 2063 1833 2141; baseline -0.004 -20"><span class='ocrx_word' id='word_1_191' title='bbox 220 2076 282 2141; x_wconf 79' lang='grc' dir='ltr'>τῇ</span> <span class='ocrx_word' id='word_1_192' title='bbox 342 2070 581 2141; x_wconf 76' lang='grc' dir='ltr'>παρούσῃ</span> <span class='ocrx_word' id='word_1_193' title='bbox 667 2073 829 2138; x_wconf 79' lang='grc' dir='ltr'>γενεᾷ,</span> <span class='ocrx_word' id='word_1_194' title='bbox 892 2069 961 2129; x_wconf 83' lang='grc' dir='ltr'>ὡς</span> <span class='ocrx_word' id='word_1_195' title='bbox 1014 2068 1063 2118; x_wconf 88' lang='grc' dir='ltr'>ἐν</span> <span class='ocrx_word' id='word_1_196' title='bbox 1120 2074 1355 2139; x_wconf 75' lang='grc' dir='ltr'>περιωπῇ</span> <span class='ocrx_word' id='word_1_197' title='bbox 1438 2069 1590 2138; x_wconf 84' lang='grc' dir='ltr'>ὅρους</span> <span class='ocrx_word' id='word_1_198' title='bbox 1644 2063 1833 2136; x_wconf 80' lang='grc' dir='ltr'>ἀρετῶν</span> 
     </span>
    </p>
   </div>
   <div class='ocr_carea' id='block_1_32' title="bbox 221 2153 1833 2230">
    <p class='ocr_par' dir='ltr' id='par_1_32' title="bbox 221 2153 1833 2230">
     <span class='ocr_line' id='line_1_32' title="bbox 221 2153 1833 2230; baseline -0.004 -20"><span class='ocrx_word' id='word_1_199' title='bbox 221 2162 573 2230; x_wconf 85' lang='grc' dir='ltr'>προκείμενον.</span> <span class='ocrx_word' id='word_1_200' title='bbox 635 2161 733 2209; x_wconf 79' lang='grc' dir='ltr'>Καὶ</span> <span class='ocrx_word' id='word_1_201' title='bbox 788 2158 1097 2228; x_wconf 88' lang='grc' dir='ltr'>φερωνύμως</span> <span class='ocrx_word' id='word_1_202' title='bbox 1153 2157 1221 2217; x_wconf 86' lang='grc' dir='ltr'>ὡς</span> <span class='ocrx_word' id='word_1_203' title='bbox 1282 2154 1483 2214; x_wconf 86' lang='grc' dir='ltr'>ἀληθῶς</span> <span class='ocrx_word' id='word_1_204' title='bbox 1544 2153 1833 2225; x_wconf 75' lang='grc' dir='ltr'>ἐξέλαμψας</span> 
     </span>
    </p>
   </div>
   <div class='ocr_carea' id='block_1_33' title="bbox 225 2245 1833 2320">
    <p class='ocr_par' dir='ltr' id='par_1_33' title="bbox 225 2245 1833 2320">
     <span class='ocr_line' id='line_1_33' title="bbox 225 2245 1833 2320; baseline -0.002 -23"><span class='ocrx_word' id='word_1_205' title='bbox 225 2247 479 2320; x_wconf 79' lang='grc' dir='ltr'>φιλόθεος,</span> <span class='ocrx_word' id='word_1_206' title='bbox 559 2245 751 2317; x_wconf 78' lang='grc' dir='ltr'>φίλτρῳ</span> <span class='ocrx_word' id='word_1_207' title='bbox 805 2253 938 2298; x_wconf 81' lang='grc' dir='ltr'>Θεοῦ</span> <span class='ocrx_word' id='word_1_208' title='bbox 992 2248 1051 2296; x_wconf 87' lang='grc' dir='ltr'>τὸ</span> <span class='ocrx_word' id='word_1_209' title='bbox 1118 2246 1394 2316; x_wconf 80' lang='grc' dir='ltr'>ἄπραγμον</span> <span class='ocrx_word' id='word_1_210' title='bbox 1454 2249 1543 2296; x_wconf 87' lang='grc' dir='ltr'>καὶ</span> <span class='ocrx_word' id='word_1_211' title='bbox 1602 2245 1833 2314; x_wconf 77' lang='grc' dir='ltr'>ἡσύχιον</span> 
     </span>
    </p>
   </div>
   <div class='ocr_carea' id='block_1_34' title="bbox 225 2330 1833 2410">
    <p class='ocr_par' dir='ltr' id='par_1_34' title="bbox 225 2330 1833 2410">
     <span class='ocr_line' id='line_1_34' title="bbox 225 2330 1833 2410; baseline -0.004 -22"><span class='ocrx_word' id='word_1_212' title='bbox 225 2337 597 2410; x_wconf 82' lang='grc' dir='ltr'>αἱρησάμενος,</span> <span class='ocrx_word' id='word_1_213' title='bbox 649 2333 957 2405; x_wconf 80' lang='grc' dir='ltr'>ἐπιτηρησει</span> <span class='ocrx_word' id='word_1_214' title='bbox 1013 2335 1157 2385; x_wconf 80' lang='grc' dir='ltr'>θείων</span> <span class='ocrx_word' id='word_1_215' title='bbox 1213 2333 1442 2398; x_wconf 83' lang='grc' dir='ltr'>ἐντολῶν,</span> <span class='ocrx_word' id='word_1_216' title='bbox 1490 2336 1579 2383; x_wconf 85' lang='grc' dir='ltr'>καὶ</span> <span class='ocrx_word' id='word_1_217' title='bbox 1637 2330 1833 2383; x_wconf 81' lang='grc' dir='ltr'>ἐπιτεύ-</span> 
     </span>
    </p>
   </div>
   <div class='ocr_carea' id='block_1_35' title="bbox 228 2421 1834 2494">
    <p class='ocr_par' dir='ltr' id='par_1_35' title="bbox 228 2421 1834 2494">
     <span class='ocr_line' id='line_1_35' title="bbox 228 2421 1834 2494; baseline -0.003 -18"><span class='ocrx_word' id='word_1_218' title='bbox 228 2424 302 2487; x_wconf 84' lang='grc' dir='ltr'>ξει</span> <span class='ocrx_word' id='word_1_219' title='bbox 331 2433 430 2475; x_wconf 81' lang='grc' dir='ltr'>τῶν</span> <span class='ocrx_word' id='word_1_220' title='bbox 462 2423 680 2475; x_wconf 85' lang='grc' dir='ltr'>αἰωνίων</span> <span class='ocrx_word' id='word_1_221' title='bbox 736 2421 964 2493; x_wconf 86' lang='grc' dir='ltr'>ἀγαθῶν.</span> <span class='ocrx_word' id='word_1_222' title='bbox 1024 2426 1207 2474; x_wconf 83' lang='grc' dir='ltr'>Καίτοι</span> <span class='ocrx_word' id='word_1_223' title='bbox 1251 2423 1527 2494; x_wconf 82' lang='grc' dir='ltr'>ὑπάρχων,</span> <span class='ocrx_word' id='word_1_224' title='bbox 1580 2426 1669 2472; x_wconf 83' lang='grc' dir='ltr'>καὶ</span> <span class='ocrx_word' id='word_1_225' title='bbox 1699 2423 1834 2472; x_wconf 89' lang='grc' dir='ltr'>κατὰ</span> 
     </span>
    </p>
   </div>
   <div class='ocr_carea' id='block_1_36' title="bbox 232 2507 1833 2584">
    <p class='ocr_par' dir='ltr' id='par_1_36' title="bbox 232 2507 1833 2584">
     <span class='ocr_line' id='line_1_36' title="bbox 232 2507 1833 2584; baseline -0.002 -19"><span class='ocrx_word' id='word_1_226' title='bbox 232 2510 375 2565; x_wconf 81' lang='grc' dir='ltr'>ἰδέαν</span> <span class='ocrx_word' id='word_1_227' title='bbox 430 2512 570 2574; x_wconf 78' lang='grc' dir='ltr'>ἄξιος</span> <span class='ocrx_word' id='word_1_228' title='bbox 620 2507 945 2584; x_wconf 81' lang='grc' dir='ltr'>τυραννίδος,</span> <span class='ocrx_word' id='word_1_229' title='bbox 1002 2512 1255 2563; x_wconf 80' lang='grc' dir='ltr'>καὶκατὰ</span> <span class='ocrx_word' id='word_1_230' title='bbox 1303 2515 1443 2581; x_wconf 86' lang='grc' dir='ltr'>γένος</span> <span class='ocrx_word' id='word_1_231' title='bbox 1473 2509 1833 2584; x_wconf 88' lang='grc' dir='ltr'>ὑπέρλαμπρος</span> 
     </span>
    </p>
   </div>
   <div class='ocr_carea' id='block_1_37' title="bbox 229 2596 1833 2671">
    <p class='ocr_par' dir='ltr' id='par_1_37' title="bbox 229 2596 1833 2671">
     <span class='ocr_line' id='line_1_37' title="bbox 229 2596 1833 2671; baseline -0.001 -19"><span class='ocrx_word' id='word_1_232' title='bbox 229 2605 287 2653; x_wconf 88' lang='grc' dir='ltr'>τὸ</span> <span class='ocrx_word' id='word_1_233' title='bbox 322 2603 453 2671; x_wconf 86' lang='grc' dir='ltr'>αἷμα</span> <span class='ocrx_word' id='word_1_234' title='bbox 486 2618 496 2629; x_wconf 90' lang='grc'><strong>·</strong></span> <span class='ocrx_word' id='word_1_235' title='bbox 534 2599 640 2651; x_wconf 87' lang='grc' dir='ltr'>ἀλλ’</span> <span class='ocrx_word' id='word_1_236' title='bbox 674 2601 699 2650; x_wconf 91' lang='lat'>6</span> <span class='ocrx_word' id='word_1_237' title='bbox 732 2602 859 2659; x_wconf 85' lang='grc' dir='ltr'>θεῖος</span> <span class='ocrx_word' id='word_1_238' title='bbox 898 2601 1053 2659; x_wconf 86' lang='grc' dir='ltr'>πόθος</span> <span class='ocrx_word' id='word_1_239' title='bbox 1096 2596 1285 2658; x_wconf 87' lang='grc' dir='ltr'>σϐέσας</span> <span class='ocrx_word' id='word_1_240' title='bbox 1328 2606 1491 2650; x_wconf 82' lang='grc' dir='ltr'>ταῦτα</span> <span class='ocrx_word' id='word_1_241' title='bbox 1521 2600 1710 2665; x_wconf 83' lang='grc' dir='ltr'>πάντα,</span> <span class='ocrx_word' id='word_1_242' title='bbox 1744 2604 1833 2650; x_wconf 84' lang='grc' dir='ltr'>καὶ</span> 
     </span>
    </p>
   </div>
   <div class='ocr_carea' id='block_1_38' title="bbox 226 2686 1833 2762">
    <p class='ocr_par' dir='ltr' id='par_1_38' title="bbox 226 2686 1833 2762">
     <span class='ocr_line' id='line_1_38' title="bbox 226 2686 1833 2762; baseline -0.002 -19"><span class='ocrx_word' id='word_1_243' title='bbox 226 2687 491 2762; x_wconf 76' lang='grc' dir='ltr'>οὐδαμινά</span> <span class='ocrx_word' id='word_1_244' title='bbox 521 2686 715 2752; x_wconf 84' lang='grc' dir='ltr'>δείξας,</span> <span class='ocrx_word' id='word_1_245' title='bbox 749 2690 869 2761; x_wconf 85' lang='grc' dir='ltr'>ὅπερ</span> <span class='ocrx_word' id='word_1_246' title='bbox 902 2693 989 2741; x_wconf 82' lang='grc' dir='ltr'>καὶ</span> <span class='ocrx_word' id='word_1_247' title='bbox 1022 2688 1227 2754; x_wconf 77' lang='grc' dir='ltr'>ἀληθὲς,</span> <span class='ocrx_word' id='word_1_248' title='bbox 1262 2691 1389 2760; x_wconf 84' lang='grc' dir='ltr'>πρὸς</span> <span class='ocrx_word' id='word_1_249' title='bbox 1421 2691 1511 2745; x_wconf 80' lang='grc' dir='ltr'>τὴν</span> <span class='ocrx_word' id='word_1_250' title='bbox 1539 2688 1833 2759; x_wconf 86' lang='grc' dir='ltr'>ὑπέρφωτον</span> 
     </span>
    </p>
   </div>
   <div class='ocr_carea' id='block_1_39' title="bbox 1493 1443 1835 1517">
    <p class='ocr_par' dir='ltr' id='par_1_39' title="bbox 1493 1443 1829 1516">
     <span class='ocr_line' id='line_1_39' title="bbox 1493 1443 1829 1516; baseline -0.003 -21"><span class='ocrx_word' id='word_1_251' title='bbox 1493 1443 1829 1516; x_wconf 85' lang='grc' dir='ltr'>ἀμειϐομένου</span> 
     </span>
    </p>
   </div>
   <div class='ocr_carea' id='block_1_40' title="bbox 1947 1443 3599 1517">
    <p class='ocr_par' dir='ltr' id='par_1_40' title="bbox 1947 1443 3599 1517">
     <span class='ocr_line' id='line_1_40' title="bbox 1947 1443 3599 1517; baseline 0.001 -19"><span class='ocrx_word' id='word_1_252' title='bbox 1947 1445 2121 1499; x_wconf 79' lang='lat' dir='ltr'>iidem</span> <span class='ocrx_word' id='word_1_253' title='bbox 2159 1443 2496 1499; x_wconf 68' lang='lat' dir='ltr'>coelestibus</span> <span class='ocrx_word' id='word_1_254' title='bbox 2542 1444 2802 1514; x_wconf 66' lang='lat' dir='ltr'>praemiis</span> <span class='ocrx_word' id='word_1_255' title='bbox 2854 1449 3293 1509; x_wconf 86' lang='lat' dir='ltr'>remuneratur,</span> <span class='ocrx_word' id='word_1_256' title='bbox 3341 1449 3396 1500; x_wconf 90' lang='lat' dir='ltr'>et</span> <span class='ocrx_word' id='word_1_257' title='bbox 3434 1445 3599 1517; x_wconf 87' lang='lat' dir='ltr'>quod</span> 
     </span>
    </p>
   </div>
   <div class='ocr_carea' id='block_1_41' title="bbox 1942 1532 3594 1606">
    <p class='ocr_par' dir='ltr' id='par_1_41' title="bbox 1942 1532 3594 1606">
     <span class='ocr_line' id='line_1_41' title="bbox 1942 1532 3594 1606; baseline 0.001 -19"><span class='ocrx_word' id='word_1_258' title='bbox 1942 1535 2212 1604; x_wconf 77' lang='lat' dir='ltr'>proximo</span> <span class='ocrx_word' id='word_1_259' title='bbox 2237 1532 2464 1587; x_wconf 88' lang='lat' dir='ltr'>factum</span> <span class='ocrx_word' id='word_1_260' title='bbox 2492 1539 2601 1598; x_wconf 92' lang='lat' dir='ltr'>est,</span> <span class='ocrx_word' id='word_1_261' title='bbox 2630 1538 2689 1588; x_wconf 92' lang='lat' dir='ltr'>ut</span> <span class='ocrx_word' id='word_1_262' title='bbox 2720 1533 2829 1587; x_wconf 89' lang='lat' dir='ltr'>sibi</span> <span class='ocrx_word' id='word_1_263' title='bbox 2861 1533 2974 1605; x_wconf 88' lang='lat' dir='ltr'>ipsi</span> <span class='ocrx_word' id='word_1_264' title='bbox 3008 1534 3277 1588; x_wconf 89' lang='lat' dir='ltr'>Christus</span> <span class='ocrx_word' id='word_1_265' title='bbox 3313 1534 3594 1606; x_wconf 87' lang='lat' dir='ltr'>imputat.</span> 
     </span>
    </p>
   </div>
   <div class='ocr_carea' id='block_1_42' title="bbox 1942 1621 3601 1692">
    <p class='ocr_par' dir='ltr' id='par_1_42' title="bbox 1942 1621 3601 1692">
     <span class='ocr_line' id='line_1_42' title="bbox 1942 1621 3601 1692; baseline 0.002 -16"><span class='ocrx_word' id='word_1_266' title='bbox 1942 1625 2056 1677; x_wconf 87' lang='lat' dir='ltr'>Nos</span> <span class='ocrx_word' id='word_1_267' title='bbox 2073 1638 2210 1676; x_wconf 89' lang='lat' dir='ltr'>vero</span> <span class='ocrx_word' id='word_1_268' title='bbox 2226 1621 2564 1691; x_wconf 83' lang='lat' dir='ltr'>gaudemus</span> <span class='ocrx_word' id='word_1_269' title='bbox 2582 1622 2778 1692; x_wconf 90' lang='lat' dir='ltr'>reipsa</span> <span class='ocrx_word' id='word_1_270' title='bbox 2798 1638 2931 1676; x_wconf 92' lang='lat' dir='ltr'>cum</span> <span class='ocrx_word' id='word_1_271' title='bbox 2951 1622 3152 1692; x_wconf 89' lang='lat' dir='ltr'>palam</span> <span class='ocrx_word' id='word_1_272' title='bbox 3176 1622 3434 1678; x_wconf 86' lang='lat' dir='ltr'>facimus</span> <span class='ocrx_word' id='word_1_273' title='bbox 3451 1639 3549 1679; x_wconf 88' lang='lat' dir='ltr'>am</span> <span class='ocrx_word' id='word_1_274' title='bbox 3560 1624 3601 1678; x_wconf 91' lang='lat' dir='ltr'>i-</span> 
     </span>
    </p>
   </div>
   <div class='ocr_carea' id='block_1_43' title="bbox 1942 1709 3599 1781">
    <p class='ocr_par' dir='ltr' id='par_1_43' title="bbox 1942 1709 3599 1781">
     <span class='ocr_line' id='line_1_43' title="bbox 1942 1709 3599 1781; baseline 0.001 -16"><span class='ocrx_word' id='word_1_275' title='bbox 1942 1727 2042 1765; x_wconf 87' lang='lat' dir='ltr'>cos</span> <span class='ocrx_word' id='word_1_276' title='bbox 2069 1727 2178 1765; x_wconf 89' lang='lat' dir='ltr'>nos</span> <span class='ocrx_word' id='word_1_277' title='bbox 2210 1726 2337 1764; x_wconf 91' lang='lat' dir='ltr'>esse</span> <span class='ocrx_word' id='word_1_278' title='bbox 2377 1710 2525 1765; x_wconf 89' lang='lat' dir='ltr'>tanti</span> <span class='ocrx_word' id='word_1_279' title='bbox 2565 1726 2633 1765; x_wconf 92' lang='lat' dir='ltr'>ac</span> <span class='ocrx_word' id='word_1_280' title='bbox 2676 1709 2809 1765; x_wconf 81' lang='lat' dir='ltr'>talis</span> <span class='ocrx_word' id='word_1_281' title='bbox 2840 1710 2969 1775; x_wconf 92' lang='lat' dir='ltr'>viri,</span> <span class='ocrx_word' id='word_1_282' title='bbox 3002 1711 3174 1781; x_wconf 89' lang='lat' dir='ltr'>cujus</span> <span class='ocrx_word' id='word_1_283' title='bbox 3206 1712 3394 1767; x_wconf 89' lang='lat' dir='ltr'>virtus</span> <span class='ocrx_word' id='word_1_284' title='bbox 3441 1712 3599 1767; x_wconf 90' lang='lat' dir='ltr'>cele-</span> 
     </span>
    </p>
   </div>
   <div class='ocr_carea' id='block_1_44' title="bbox 1944 1799 3597 1870">
    <p class='ocr_par' dir='ltr' id='par_1_44' title="bbox 1944 1799 3597 1870">
     <span class='ocr_line' id='line_1_44' title="bbox 1944 1799 3597 1870; baseline 0.001 -16"><span class='ocrx_word' id='word_1_285' title='bbox 1944 1800 2222 1864; x_wconf 88' lang='lat' dir='ltr'>berrima,</span> <span class='ocrx_word' id='word_1_286' title='bbox 2251 1799 2867 1870; x_wconf 89' lang='lat' dir='ltr'>lausquejustissima,</span> <span class='ocrx_word' id='word_1_287' title='bbox 2892 1804 2946 1855; x_wconf 91' lang='lat' dir='ltr'>et</span> <span class='ocrx_word' id='word_1_288' title='bbox 2973 1800 3207 1855; x_wconf 76' lang='lat' dir='ltr'>vivendi</span> <span class='ocrx_word' id='word_1_289' title='bbox 3226 1802 3377 1857; x_wconf 87' lang='lat' dir='ltr'>ratio</span> <span class='ocrx_word' id='word_1_290' title='bbox 3394 1802 3597 1858; x_wconf 86' lang='lat' dir='ltr'>multis</span> 
     </span>
    </p>
   </div>
   <div class='ocr_carea' id='block_1_45' title="bbox 1944 1887 3601 1961">
    <p class='ocr_par' dir='ltr' id='par_1_45' title="bbox 1944 1887 3601 1961">
     <span class='ocr_line' id='line_1_45' title="bbox 1944 1887 3601 1961; baseline 0.002 -18"><span class='ocrx_word' id='word_1_291' title='bbox 1944 1890 2037 1960; x_wconf 92' lang='lat' dir='ltr'>pie</span> <span class='ocrx_word' id='word_1_292' title='bbox 2065 1890 2120 1943; x_wconf 91' lang='lat' dir='ltr'>in</span> <span class='ocrx_word' id='word_1_293' title='bbox 2148 1888 2260 1942; x_wconf 90' lang='lat' dir='ltr'>hoc</span> <span class='ocrx_word' id='word_1_294' title='bbox 2293 1888 2511 1943; x_wconf 82' lang='lat' dir='ltr'>saeculo</span> <span class='ocrx_word' id='word_1_295' title='bbox 2528 1888 2719 1943; x_wconf 83' lang='lat' dir='ltr'>vivere</span> <span class='ocrx_word' id='word_1_296' title='bbox 2747 1887 3470 1961; x_wconf 82' lang='lat' dir='ltr'>volentibus,exemplum</span> <span class='ocrx_word' id='word_1_297' title='bbox 3492 1895 3601 1956; x_wconf 90' lang='lat' dir='ltr'>est,</span> 
     </span>
    </p>
   </div>
   <div class='ocr_carea' id='block_1_46' title="bbox 1943 1976 3596 2051">
    <p class='ocr_par' dir='ltr' id='par_1_46' title="bbox 1943 1976 3596 2051">
     <span class='ocr_line' id='line_1_46' title="bbox 1943 1976 3596 2051; baseline 0.002 -20"><span class='ocrx_word' id='word_1_298' title='bbox 1943 1982 2231 2049; x_wconf 88' lang='lat' dir='ltr'>tanquam</span> <span class='ocrx_word' id='word_1_299' title='bbox 2255 1976 2314 2030; x_wconf 90' lang='lat' dir='ltr'>in</span> <span class='ocrx_word' id='word_1_300' title='bbox 2329 1993 2567 2031; x_wconf 92' lang='lat' dir='ltr'>summo</span> <span class='ocrx_word' id='word_1_301' title='bbox 2593 1977 2812 2031; x_wconf 86' lang='lat' dir='ltr'>montis</span> <span class='ocrx_word' id='word_1_302' title='bbox 2840 1977 3126 2031; x_wconf 87' lang='lat' dir='ltr'>virtutum</span> <span class='ocrx_word' id='word_1_303' title='bbox 3149 1979 3361 2033; x_wconf 85' lang='lat' dir='ltr'>vertice</span> <span class='ocrx_word' id='word_1_304' title='bbox 3379 1996 3596 2051; x_wconf 90' lang='lat' dir='ltr'>propo-</span> 
     </span>
    </p>
   </div>
   <div class='ocr_carea' id='block_1_47' title="bbox 1942 2065 3590 2137">
    <p class='ocr_par' dir='ltr' id='par_1_47' title="bbox 1942 2065 3590 2137">
     <span class='ocr_line' id='line_1_47' title="bbox 1942 2065 3590 2137; baseline 0.002 -18"><span class='ocrx_word' id='word_1_305' title='bbox 1942 2066 2140 2121; x_wconf 88' lang='lat' dir='ltr'>situm.</span> <span class='ocrx_word' id='word_1_306' title='bbox 2158 2071 2237 2119; x_wconf 87' lang='lat' dir='ltr'>Ac</span> <span class='ocrx_word' id='word_1_307' title='bbox 2253 2071 2351 2120; x_wconf 90' lang='lat' dir='ltr'>tuo</span> <span class='ocrx_word' id='word_1_308' title='bbox 2368 2071 2521 2119; x_wconf 89' lang='lat' dir='ltr'>certe</span> <span class='ocrx_word' id='word_1_309' title='bbox 2544 2065 2770 2120; x_wconf 87' lang='lat' dir='ltr'>nomini</span> <span class='ocrx_word' id='word_1_310' title='bbox 2796 2072 3195 2137; x_wconf 81' lang='lat' dir='ltr'>congruenter</span> <span class='ocrx_word' id='word_1_311' title='bbox 3221 2067 3590 2123; x_wconf 88' lang='lat' dir='ltr'>Pbilotheum</span> 
     </span>
    </p>
   </div>
   <div class='ocr_carea' id='block_1_48' title="bbox 1943 2154 3593 2229">
    <p class='ocr_par' dir='ltr' id='par_1_48' title="bbox 1943 2154 3593 2229">
     <span class='ocr_line' id='line_1_48' title="bbox 1943 2154 3593 2229; baseline 0.001 -19"><span class='ocrx_word' id='word_1_312' title='bbox 1943 2161 1994 2210; x_wconf 91' lang='lat' dir='ltr'>te</span> <span class='ocrx_word' id='word_1_313' title='bbox 2037 2154 2374 2219; x_wconf 85' lang='lat' dir='ltr'>exhibuisti,</span> <span class='ocrx_word' id='word_1_314' title='bbox 2429 2154 2525 2208; x_wconf 89' lang='lat' dir='ltr'>Dei</span> <span class='ocrx_word' id='word_1_315' title='bbox 2577 2171 2780 2210; x_wconf 92' lang='lat' dir='ltr'>amore</span> <span class='ocrx_word' id='word_1_316' title='bbox 2815 2155 2995 2210; x_wconf 90' lang='lat' dir='ltr'>vitam</span> <span class='ocrx_word' id='word_1_317' title='bbox 3036 2156 3416 2229; x_wconf 86' lang='lat' dir='ltr'>tranquillam</span> <span class='ocrx_word' id='word_1_318' title='bbox 3463 2162 3520 2212; x_wconf 89' lang='lat' dir='ltr'>et</span> <span class='ocrx_word' id='word_1_319' title='bbox 3556 2174 3593 2213; x_wconf 90' lang='lat' dir='ltr'>a</span> 
     </span>
    </p>
   </div>
   <div class='ocr_carea' id='block_1_49' title="bbox 1942 2242 3589 2314">
    <p class='ocr_par' dir='ltr' id='par_1_49' title="bbox 1942 2242 3589 2314">
     <span class='ocr_line' id='line_1_49' title="bbox 1942 2242 3589 2314; baseline 0.002 -16"><span class='ocrx_word' id='word_1_320' title='bbox 1942 2244 2193 2313; x_wconf 88' lang='lat' dir='ltr'>negotiis</span> <span class='ocrx_word' id='word_1_321' title='bbox 2209 2247 2501 2297; x_wconf 86' lang='lat' dir='ltr'>remotam</span> <span class='ocrx_word' id='word_1_322' title='bbox 2517 2242 2759 2314; x_wconf 88' lang='lat' dir='ltr'>eligens,</span> <span class='ocrx_word' id='word_1_323' title='bbox 2779 2248 2838 2297; x_wconf 89' lang='lat' dir='ltr'>ut</span> <span class='ocrx_word' id='word_1_324' title='bbox 2850 2243 3056 2298; x_wconf 88' lang='lat' dir='ltr'>divina</span> <span class='ocrx_word' id='word_1_325' title='bbox 3069 2261 3264 2300; x_wconf 87' lang='lat' dir='ltr'>serves</span> <span class='ocrx_word' id='word_1_326' title='bbox 3279 2245 3589 2311; x_wconf 87' lang='lat' dir='ltr'>mandata,</span> 
     </span>
    </p>
   </div>
   <div class='ocr_carea' id='block_1_50' title="bbox 1942 2330 3593 2403">
    <p class='ocr_par' dir='ltr' id='par_1_50' title="bbox 1942 2330 3593 2403">
     <span class='ocr_line' id='line_1_50' title="bbox 1942 2330 3593 2403; baseline 0.002 -16"><span class='ocrx_word' id='word_1_327' title='bbox 1942 2338 1998 2388; x_wconf 89' lang='lat' dir='ltr'>et</span> <span class='ocrx_word' id='word_1_328' title='bbox 2019 2338 2239 2387; x_wconf 81' lang='lat' dir='ltr'>aeterna</span> <span class='ocrx_word' id='word_1_329' title='bbox 2260 2332 2421 2387; x_wconf 91' lang='lat' dir='ltr'>bona</span> <span class='ocrx_word' id='word_1_330' title='bbox 2450 2332 2857 2403; x_wconf 90' lang='lat' dir='ltr'>consequaris.</span> <span class='ocrx_word' id='word_1_331' title='bbox 2893 2335 2958 2387; x_wconf 87' lang='lat' dir='ltr'>Et</span> <span class='ocrx_word' id='word_1_332' title='bbox 2983 2348 3123 2388; x_wconf 87' lang='lat' dir='ltr'>vero</span> <span class='ocrx_word' id='word_1_333' title='bbox 3150 2350 3288 2389; x_wconf 93' lang='lat' dir='ltr'>cum</span> <span class='ocrx_word' id='word_1_334' title='bbox 3321 2335 3398 2389; x_wconf 89' lang='lat' dir='ltr'>sis</span> <span class='ocrx_word' id='word_1_335' title='bbox 3428 2340 3484 2390; x_wconf 92' lang='lat' dir='ltr'>et</span> <span class='ocrx_word' id='word_1_336' title='bbox 3512 2330 3593 2390; x_wconf 87' lang='lat' dir='ltr'>ob</span> 
     </span>
    </p>
   </div>
   <div class='ocr_carea' id='block_1_51' title="bbox 1943 2422 3592 2493">
    <p class='ocr_par' dir='ltr' id='par_1_51' title="bbox 1943 2422 3592 2493">
     <span class='ocr_line' id='line_1_51' title="bbox 1943 2422 3592 2493; baseline 0.001 -16"><span class='ocrx_word' id='word_1_337' title='bbox 1943 2422 2200 2477; x_wconf 88' lang='lat' dir='ltr'>formam</span> <span class='ocrx_word' id='word_1_338' title='bbox 2243 2422 2461 2489; x_wconf 90' lang='lat' dir='ltr'>dignus</span> <span class='ocrx_word' id='word_1_339' title='bbox 2510 2422 2780 2493; x_wconf 90' lang='lat' dir='ltr'>imperio,</span> <span class='ocrx_word' id='word_1_340' title='bbox 2826 2426 2902 2491; x_wconf 90' lang='lat' dir='ltr'>et,</span> <span class='ocrx_word' id='word_1_341' title='bbox 2947 2422 2993 2476; x_wconf 90' lang='lat' dir='ltr'>si</span> <span class='ocrx_word' id='word_1_342' title='bbox 3038 2438 3230 2493; x_wconf 85' lang='lat' dir='ltr'>genus</span> <span class='ocrx_word' id='word_1_343' title='bbox 3274 2427 3592 2493; x_wconf 88' lang='lat' dir='ltr'>spectetur,</span> 
     </span>
    </p>
   </div>
   <div class='ocr_carea' id='block_1_52' title="bbox 1945 2510 3596 2581">
    <p class='ocr_par' dir='ltr' id='par_1_52' title="bbox 1945 2510 3596 2581">
     <span class='ocr_line' id='line_1_52' title="bbox 1945 2510 3596 2581; baseline 0.002 -17"><span class='ocrx_word' id='word_1_344' title='bbox 1945 2511 2239 2580; x_wconf 83' lang='lat' dir='ltr'>sanguine</span> <span class='ocrx_word' id='word_1_345' title='bbox 2271 2510 2584 2581; x_wconf 89' lang='lat' dir='ltr'>perillustri</span> <span class='ocrx_word' id='word_1_346' title='bbox 2619 2526 2630 2563; x_wconf 89' lang='lat'><strong>:</strong></span> <span class='ocrx_word' id='word_1_347' title='bbox 2663 2510 2903 2564; x_wconf 89' lang='lat' dir='ltr'>divinus</span> <span class='ocrx_word' id='word_1_348' title='bbox 2946 2517 3144 2565; x_wconf 92' lang='lat' dir='ltr'>tamen</span> <span class='ocrx_word' id='word_1_349' title='bbox 3172 2528 3343 2567; x_wconf 92' lang='lat' dir='ltr'>amor</span> <span class='ocrx_word' id='word_1_350' title='bbox 3373 2513 3596 2568; x_wconf 88' lang='lat' dir='ltr'>exstin-</span> 
     </span>
    </p>
   </div>
   <div class='ocr_carea' id='block_1_53' title="bbox 1944 2598 3593 2669">
    <p class='ocr_par' dir='ltr' id='par_1_53' title="bbox 1944 2598 3593 2669">
     <span class='ocr_line' id='line_1_53' title="bbox 1944 2598 3593 2669; baseline 0.003 -17"><span class='ocrx_word' id='word_1_351' title='bbox 1944 2614 2132 2668; x_wconf 91' lang='lat' dir='ltr'>guens</span> <span class='ocrx_word' id='word_1_352' title='bbox 2162 2598 2291 2654; x_wconf 80' lang='lat' dir='ltr'>haec</span> <span class='ocrx_word' id='word_1_353' title='bbox 2312 2599 2535 2663; x_wconf 91' lang='lat' dir='ltr'>omnia,</span> <span class='ocrx_word' id='word_1_354' title='bbox 2557 2606 2610 2653; x_wconf 93' lang='lat' dir='ltr'>et</span> <span class='ocrx_word' id='word_1_355' title='bbox 2631 2598 2943 2654; x_wconf 90' lang='lat' dir='ltr'>nihiliesse</span> <span class='ocrx_word' id='word_1_356' title='bbox 2956 2599 3199 2669; x_wconf 91' lang='lat' dir='ltr'>docens,</span> <span class='ocrx_word' id='word_1_357' title='bbox 3225 2602 3593 2657; x_wconf 91' lang='lat' dir='ltr'>sicutverum</span> 
     </span>
    </p>
   </div>
   <div class='ocr_carea' id='block_1_54' title="bbox 1944 2688 3597 2760">
    <p class='ocr_par' dir='ltr' id='par_1_54' title="bbox 1944 2688 3597 2760">
     <span class='ocr_line' id='line_1_54' title="bbox 1944 2688 3597 2760; baseline 0.001 -17"><span class='ocrx_word' id='word_1_358' title='bbox 1944 2695 2049 2755; x_wconf 90' lang='lat' dir='ltr'>est,</span> <span class='ocrx_word' id='word_1_359' title='bbox 2084 2694 2138 2743; x_wconf 92' lang='lat' dir='ltr'>et</span> <span class='ocrx_word' id='word_1_360' title='bbox 2167 2688 2385 2743; x_wconf 66' lang='lat' dir='ltr'>divinae</span> <span class='ocrx_word' id='word_1_361' title='bbox 2418 2688 2873 2758; x_wconf 88' lang='lat' dir='ltr'>pulchritudinis</span> <span class='ocrx_word' id='word_1_362' title='bbox 2904 2688 3287 2760; x_wconf 89' lang='lat' dir='ltr'>splendorem</span> <span class='ocrx_word' id='word_1_363' title='bbox 3319 2691 3485 2745; x_wconf 87' lang='lat' dir='ltr'>omni</span> <span class='ocrx_word' id='word_1_364' title='bbox 3510 2691 3597 2745; x_wconf 85' lang='lat' dir='ltr'>lu-</span> 
     </span>
    </p>
   </div>
   <div class='ocr_carea' id='block_1_55' title="bbox 224 2774 1835 2858">
    <p class='ocr_par' dir='ltr' id='par_1_55' title="bbox 224 2774 1835 2852">
     <span class='ocr_line' id='line_1_55' title="bbox 224 2774 1835 2852; baseline -0.002 -20"><span class='ocrx_word' id='word_1_365' title='bbox 224 2788 318 2839; x_wconf 83' lang='grc' dir='ltr'>τῆς</span> <span class='ocrx_word' id='word_1_366' title='bbox 351 2782 489 2840; x_wconf 84' lang='grc' dir='ltr'>θείας</span> <span class='ocrx_word' id='word_1_367' title='bbox 540 2781 858 2852; x_wconf 86' lang='grc' dir='ltr'>ὡραιότητος</span> <span class='ocrx_word' id='word_1_368' title='bbox 887 2774 979 2850; x_wconf 74' lang='grc' dir='ltr'>ἦρέ</span> <span class='ocrx_word' id='word_1_369' title='bbox 1020 2798 1114 2830; x_wconf 90' lang='grc' dir='ltr'>σου</span> <span class='ocrx_word' id='word_1_370' title='bbox 1160 2781 1281 2838; x_wconf 80' lang='grc' dir='ltr'>τούς</span> <span class='ocrx_word' id='word_1_371' title='bbox 1328 2784 1423 2838; x_wconf 81' lang='grc' dir='ltr'>τῆς</span> <span class='ocrx_word' id='word_1_372' title='bbox 1473 2774 1702 2837; x_wconf 84' lang='grc' dir='ltr'>διανοίας</span> <span class='ocrx_word' id='word_1_373' title='bbox 1750 2777 1835 2850; x_wconf 88' lang='grc' dir='ltr'>ὀφ-</span> 
     </span>
    </p>
   </div>
   <div class='ocr_carea' id='block_1_56' title="bbox 1947 2774 3594 2858">
    <p class='ocr_par' dir='ltr' id='par_1_56' title="bbox 1947 2776 3594 2848">
     <span class='ocr_line' id='line_1_56' title="bbox 1947 2776 3594 2848; baseline 0.003 -17"><span class='ocrx_word' id='word_1_374' title='bbox 1947 2777 2104 2833; x_wconf 90' lang='lat' dir='ltr'>mine</span> <span class='ocrx_word' id='word_1_375' title='bbox 2137 2776 2502 2848; x_wconf 85' lang='lat' dir='ltr'>superiorem</span> <span class='ocrx_word' id='word_1_376' title='bbox 2525 2777 2729 2833; x_wconf 91' lang='lat' dir='ltr'>oculos</span> <span class='ocrx_word' id='word_1_377' title='bbox 2755 2783 2869 2832; x_wconf 70' lang='lat' dir='ltr'>tuae</span> <span class='ocrx_word' id='word_1_378' title='bbox 2900 2778 3115 2833; x_wconf 90' lang='lat' dir='ltr'>mentis</span> <span class='ocrx_word' id='word_1_379' title='bbox 3136 2780 3357 2845; x_wconf 83' lang='lat' dir='ltr'>erexit;</span> <span class='ocrx_word' id='word_1_380' title='bbox 3382 2780 3594 2836; x_wconf 89' lang='lat' dir='ltr'>utilluc</span> 
     </span>
    </p>
   </div>
   <div class='ocr_carea' id='block_1_57' title="bbox 230 2865 1214 2940">
    <p class='ocr_par' dir='ltr' id='par_1_57' title="bbox 230 2865 1214 2940">
     <span class='ocr_line' id='line_1_57' title="bbox 230 2865 1214 2940; baseline -0.004 -19"><span class='ocrx_word' id='word_1_381' title='bbox 230 2868 477 2940; x_wconf 83' lang='grc' dir='ltr'>θαλμοὺς,</span> <span class='ocrx_word' id='word_1_382' title='bbox 548 2867 736 2938; x_wconf 85' lang='grc' dir='ltr'>αἴγλην</span> <span class='ocrx_word' id='word_1_383' title='bbox 813 2865 917 2917; x_wconf 87' lang='grc' dir='ltr'>ἐκεῖ</span> <span class='ocrx_word' id='word_1_384' title='bbox 988 2866 1214 2938; x_wconf 76' lang='grc' dir='ltr'>βλέπειν,</span> 
     </span>
    </p>
   </div>
   <div class='ocr_carea' id='block_1_58' title="bbox 226 2953 1833 3028">
    <p class='ocr_par' dir='ltr' id='par_1_58' title="bbox 226 2953 1833 3028">
     <span class='ocr_line' id='line_1_58' title="bbox 226 2953 1833 3028; baseline -0.002 -19"><span class='ocrx_word' id='word_1_385' title='bbox 226 2960 333 3009; x_wconf 73' lang='grc' dir='ltr'>ἐκεῖ</span> <span class='ocrx_word' id='word_1_386' title='bbox 381 2958 705 3028; x_wconf 82' lang='grc' dir='ltr'>μετατιθέναι</span> <span class='ocrx_word' id='word_1_387' title='bbox 760 2958 815 3006; x_wconf 89' lang='grc' dir='ltr'>τὸ</span> <span class='ocrx_word' id='word_1_388' title='bbox 892 2953 1200 3026; x_wconf 88' lang='grc' dir='ltr'>πολίτευμα,</span> <span class='ocrx_word' id='word_1_389' title='bbox 1270 2954 1329 3005; x_wconf 82' lang='grc' dir='ltr'>οὗ</span> <span class='ocrx_word' id='word_1_390' title='bbox 1387 2956 1537 3028; x_wconf 84' lang='grc' dir='ltr'>χαρὰ</span> <span class='ocrx_word' id='word_1_391' title='bbox 1588 2953 1833 3013; x_wconf 86' lang='grc' dir='ltr'>ἀνεκλάλη</span> 
     </span>
    </p>
   </div>
   <div class='ocr_carea' id='block_1_59' title="bbox 222 3042 1836 3120">
    <p class='ocr_par' dir='ltr' id='par_1_59' title="bbox 222 3042 1836 3120">
     <span class='ocr_line' id='line_1_59' title="bbox 222 3042 1836 3120; baseline -0.001 -22"><span class='ocrx_word' id='word_1_392' title='bbox 222 3065 330 3112; x_wconf 86' lang='grc' dir='ltr'>τος,</span> <span class='ocrx_word' id='word_1_393' title='bbox 361 3047 479 3097; x_wconf 86' lang='grc' dir='ltr'>ἔνθα</span> <span class='ocrx_word' id='word_1_394' title='bbox 512 3045 619 3104; x_wconf 77' lang='grc' dir='ltr'>ζωὴ</span> <span class='ocrx_word' id='word_1_395' title='bbox 672 3043 933 3117; x_wconf 79' lang='grc' dir='ltr'>ἀκήρατος</span> <span class='ocrx_word' id='word_1_396' title='bbox 989 3044 1144 3113; x_wconf 92' lang='lat' dir='ltr'>[cod.</span> <span class='ocrx_word' id='word_1_397' title='bbox 1179 3045 1318 3114; x_wconf 80' lang='lat' dir='ltr'>Reg.</span> <span class='ocrx_word' id='word_1_398' title='bbox 1367 3042 1675 3120; x_wconf 78' lang='grc' dir='ltr'>ἀμήρυτος],</span> <span class='ocrx_word' id='word_1_399' title='bbox 1708 3046 1836 3096; x_wconf 85' lang='grc' dir='ltr'>ὅπου</span> 
     </span>
    </p>
   </div>
   <div class='ocr_carea' id='block_1_60' title="bbox 222 3129 1839 3207">
    <p class='ocr_par' dir='ltr' id='par_1_60' title="bbox 222 3129 1839 3207">
     <span class='ocr_line' id='line_1_60' title="bbox 222 3129 1839 3207; baseline -0.001 -20"><span class='ocrx_word' id='word_1_400' title='bbox 222 3137 257 3193; x_wconf 79' lang='grc' dir='ltr'><strong>ἡ</strong></span> <span class='ocrx_word' id='word_1_401' title='bbox 292 3132 547 3206; x_wconf 71' lang='grc' dir='ltr'>ἕλλαμψις</span> <span class='ocrx_word' id='word_1_402' title='bbox 577 3141 670 3195; x_wconf 85' lang='grc' dir='ltr'>τῆς</span> <span class='ocrx_word' id='word_1_403' title='bbox 702 3137 968 3204; x_wconf 88' lang='grc' dir='ltr'>μακαρίας</span> <span class='ocrx_word' id='word_1_404' title='bbox 1014 3136 1103 3184; x_wconf 85' lang='grc' dir='ltr'>καὶ</span> <span class='ocrx_word' id='word_1_405' title='bbox 1130 3131 1361 3205; x_wconf 81' lang='grc' dir='ltr'>ἀρχικῆς</span> <span class='ocrx_word' id='word_1_406' title='bbox 1407 3129 1649 3207; x_wconf 84' lang='grc' dir='ltr'>Τριάδος.</span> <span class='ocrx_word' id='word_1_407' title='bbox 1680 3132 1839 3187; x_wconf 85' lang='grc' dir='ltr'>Ἀλλὰ</span> 
     </span>
    </p>
   </div>
   <div class='ocr_carea' id='block_1_61' title="bbox 217 3220 1841 3297">
    <p class='ocr_par' dir='ltr' id='par_1_61' title="bbox 217 3220 1841 3297">
     <span class='ocr_line' id='line_1_61' title="bbox 217 3220 1841 3297; baseline -0.002 -21"><span class='ocrx_word' id='word_1_408' title='bbox 217 3227 427 3297; x_wconf 77' lang='grc' dir='ltr'>γένοιτό</span> <span class='ocrx_word' id='word_1_409' title='bbox 479 3242 584 3288; x_wconf 86' lang='grc' dir='ltr'>σοι,</span> <span class='ocrx_word' id='word_1_410' title='bbox 638 3220 676 3273; x_wconf 85' lang='grc' dir='ltr'>ὦ</span> <span class='ocrx_word' id='word_1_411' title='bbox 736 3224 1010 3293; x_wconf 79' lang='grc' dir='ltr'>θαυμάσιε</span> <span class='ocrx_word' id='word_1_412' title='bbox 1048 3225 1136 3273; x_wconf 89' lang='grc' dir='ltr'>καὶ</span> <span class='ocrx_word' id='word_1_413' title='bbox 1168 3220 1444 3278; x_wconf 79' lang='grc' dir='ltr'>ἐπιπόθητε</span> <span class='ocrx_word' id='word_1_414' title='bbox 1491 3224 1637 3293; x_wconf 79' lang='grc' dir='ltr'>ἡμῖν,</span> <span class='ocrx_word' id='word_1_415' title='bbox 1687 3221 1841 3274; x_wconf 78' lang='grc' dir='ltr'>ἐπαύ-</span> 
     </span>
    </p>
   </div>
   <div class='ocr_carea' id='block_1_62' title="bbox 1294 2865 1832 2938">
    <p class='ocr_par' dir='ltr' id='par_1_62' title="bbox 1294 2865 1832 2938">
     <span class='ocr_line' id='line_1_62' title="bbox 1294 2865 1832 2938; baseline 0.004 -22"><span class='ocrx_word' id='word_1_416' title='bbox 1294 2865 1395 2917; x_wconf 83' lang='grc' dir='ltr'>ἐκεί</span> <span class='ocrx_word' id='word_1_417' title='bbox 1462 2868 1832 2938; x_wconf 84' lang='grc' dir='ltr'>φαντάζεσθαι,</span> 
     </span>
    </p>
   </div>
   <div class='ocr_carea' id='block_1_63' title="bbox 220 3308 1839 3384">
    <p class='ocr_par' dir='ltr' id='par_1_63' title="bbox 220 3308 1839 3384">
     <span class='ocr_line' id='line_1_63' title="bbox 220 3308 1839 3384; baseline 0 -21"><span class='ocrx_word' id='word_1_418' title='bbox 220 3313 380 3376; x_wconf 86' lang='grc' dir='ltr'>ξησις</span> <span class='ocrx_word' id='word_1_419' title='bbox 436 3308 624 3384; x_wconf 82' lang='grc' dir='ltr'>ἀρετῆς</span> <span class='ocrx_word' id='word_1_420' title='bbox 676 3313 752 3363; x_wconf 80' lang='grc' dir='ltr'>ἔτι</span> <span class='ocrx_word' id='word_1_421' title='bbox 816 3315 906 3362; x_wconf 79' lang='grc' dir='ltr'>καὶ</span> <span class='ocrx_word' id='word_1_422' title='bbox 967 3313 1061 3373; x_wconf 79' lang='grc' dir='ltr'>ἔτι,</span> <span class='ocrx_word' id='word_1_423' title='bbox 1122 3315 1209 3361; x_wconf 84' lang='grc' dir='ltr'>καὶ</span> <span class='ocrx_word' id='word_1_424' title='bbox 1269 3311 1578 3382; x_wconf 87' lang='grc' dir='ltr'>θησαύρισις</span> <span class='ocrx_word' id='word_1_425' title='bbox 1632 3310 1839 3382; x_wconf 77' lang='grc' dir='ltr'>ἀγαθῶν</span> 
     </span>
    </p>
   </div>
   <div class='ocr_carea' id='block_1_64' title="bbox 217 3397 1837 3476">
    <p class='ocr_par' dir='ltr' id='par_1_64' title="bbox 217 3397 1837 3476">
     <span class='ocr_line' id='line_1_64' title="bbox 217 3397 1837 3476; baseline -0.002 -21"><span class='ocrx_word' id='word_1_426' title='bbox 217 3404 409 3476; x_wconf 78' lang='grc' dir='ltr'>ἔργων,</span> <span class='ocrx_word' id='word_1_427' title='bbox 461 3400 534 3463; x_wconf 90' lang='grc' dir='ltr'>εἰς</span> <span class='ocrx_word' id='word_1_428' title='bbox 584 3403 643 3453; x_wconf 89' lang='grc' dir='ltr'>τὸ</span> <span class='ocrx_word' id='word_1_429' title='bbox 699 3399 1101 3473; x_wconf 80' lang='grc' dir='ltr'>μεγαλεμπόρως</span> <span class='ocrx_word' id='word_1_430' title='bbox 1150 3397 1351 3471; x_wconf 85' lang='grc' dir='ltr'>ἀπᾶραί</span> <span class='ocrx_word' id='word_1_431' title='bbox 1405 3418 1462 3452; x_wconf 87' lang='grc' dir='ltr'>σε</span> <span class='ocrx_word' id='word_1_432' title='bbox 1490 3408 1588 3450; x_wconf 87' lang='grc' dir='ltr'>τῶν</span> <span class='ocrx_word' id='word_1_433' title='bbox 1621 3398 1837 3467; x_wconf 78' lang='grc' dir='ltr'>ἐνθένδε,</span> 
     </span>
    </p>
   </div>
   <div class='ocr_carea' id='block_1_65' title="bbox 216 3483 1839 3563">
    <p class='ocr_par' dir='ltr' id='par_1_65' title="bbox 216 3483 1839 3563">
     <span class='ocr_line' id='line_1_65' title="bbox 216 3483 1839 3563; baseline -0.003 -19"><span class='ocrx_word' id='word_1_434' title='bbox 216 3490 311 3544; x_wconf 68' lang='grc' dir='ltr'>ἰπὶ</span> <span class='ocrx_word' id='word_1_435' title='bbox 347 3489 545 3563; x_wconf 83' lang='grc' dir='ltr'>μεθέξει</span> <span class='ocrx_word' id='word_1_436' title='bbox 594 3497 691 3541; x_wconf 86' lang='grc' dir='ltr'>τῶν</span> <span class='ocrx_word' id='word_1_437' title='bbox 724 3486 938 3543; x_wconf 86' lang='grc' dir='ltr'>άῑδίων.</span> <span class='ocrx_word' id='word_1_438' title='bbox 992 3490 1062 3539; x_wconf 83' lang='grc' dir='ltr'><strong>Σὰ</strong></span> <span class='ocrx_word' id='word_1_439' title='bbox 1112 3492 1205 3559; x_wconf 76' lang='grc' dir='ltr'>μεν</span> <span class='ocrx_word' id='word_1_440' title='bbox 1239 3483 1327 3540; x_wconf 81' lang='grc' dir='ltr'>οὖν</span> <span class='ocrx_word' id='word_1_441' title='bbox 1358 3496 1451 3548; x_wconf 80' lang='grc' dir='ltr'>τῆς</span> <span class='ocrx_word' id='word_1_442' title='bbox 1480 3493 1839 3562; x_wconf 87' lang='grc' dir='ltr'>προσηγορίας</span> 
     </span>
    </p>
   </div>
   <div class='ocr_carea' id='block_1_66' title="bbox 216 3573 1840 3652">
    <p class='ocr_par' dir='ltr' id='par_1_66' title="bbox 216 3573 1840 3652">
     <span class='ocr_line' id='line_1_66' title="bbox 216 3573 1840 3652; baseline -0.002 -19"><span class='ocrx_word' id='word_1_443' title='bbox 216 3581 454 3635; x_wconf 76' lang='grc' dir='ltr'>ἕντανθα</span> <span class='ocrx_word' id='word_1_444' title='bbox 505 3580 717 3631; x_wconf 87' lang='grc' dir='ltr'>κείσθω.</span> <span class='ocrx_word' id='word_1_445' title='bbox 778 3574 991 3635; x_wconf 78' lang='grc' dir='ltr'>Ἐπειδὴ</span> <span class='ocrx_word' id='word_1_446' title='bbox 1046 3573 1103 3629; x_wconf 74' lang='grc' dir='ltr'>δὲ</span> <span class='ocrx_word' id='word_1_447' title='bbox 1133 3582 1221 3629; x_wconf 86' lang='grc' dir='ltr'>καὶ</span> <span class='ocrx_word' id='word_1_448' title='bbox 1269 3583 1508 3652; x_wconf 76' lang='grc' dir='ltr'>περὶτοῦ</span> <span class='ocrx_word' id='word_1_449' title='bbox 1564 3576 1840 3650; x_wconf 83' lang='grc' dir='ltr'>πρεσϐυτέ-</span> 
     </span>
    </p>
   </div>
   <div class='ocr_carea' id='block_1_67' title="bbox 218 3662 1839 3741">
    <p class='ocr_par' dir='ltr' id='par_1_67' title="bbox 218 3662 1839 3741">
     <span class='ocr_line' id='line_1_67' title="bbox 218 3662 1839 3741; baseline -0.002 -20"><span class='ocrx_word' id='word_1_450' title='bbox 218 3689 321 3741; x_wconf 88' lang='grc' dir='ltr'>ρου</span> <span class='ocrx_word' id='word_1_451' title='bbox 384 3671 725 3739; x_wconf 83' lang='grc' dir='ltr'>ἓπηρὼτησας</span> <span class='ocrx_word' id='word_1_452' title='bbox 784 3662 956 3735; x_wconf 81' lang='grc' dir='ltr'>αὖθις,</span> <span class='ocrx_word' id='word_1_453' title='bbox 1009 3664 1285 3729; x_wconf 78' lang='grc' dir='ltr'>ὑποδείξας</span> <span class='ocrx_word' id='word_1_454' title='bbox 1340 3669 1397 3717; x_wconf 88' lang='lat'><strong>1&#39;6</strong></span> <span class='ocrx_word' id='word_1_455' title='bbox 1448 3664 1839 3740; x_wconf 87' lang='grc' dir='ltr'>ἀνεξαγόρευτον</span> 
     </span>
    </p>
   </div>
   <div class='ocr_carea' id='block_1_68' title="bbox 225 3752 1840 3829">
    <p class='ocr_par' dir='ltr' id='par_1_68' title="bbox 225 3752 1840 3829">
     <span class='ocr_line' id='line_1_68' title="bbox 225 3752 1840 3829; baseline -0.001 -20"><span class='ocrx_word' id='word_1_456' title='bbox 225 3757 441 3829; x_wconf 80' lang='grc' dir='ltr'>ὄφλημα</span> <span class='ocrx_word' id='word_1_457' title='bbox 473 3775 485 3787; x_wconf 89' lang='grc'>·</span> <span class='ocrx_word' id='word_1_458' title='bbox 525 3755 683 3808; x_wconf 88' lang='grc' dir='ltr'>ἐκεῖνο</span> <span class='ocrx_word' id='word_1_459' title='bbox 735 3755 967 3827; x_wconf 90' lang='grc' dir='ltr'>λέγομεν,</span> <span class='ocrx_word' id='word_1_460' title='bbox 1012 3757 1091 3807; x_wconf 87' lang='grc' dir='ltr'>ὅτι</span> <span class='ocrx_word' id='word_1_461' title='bbox 1123 3756 1147 3807; x_wconf 92' lang='lat'>6</span> <span class='ocrx_word' id='word_1_462' title='bbox 1176 3760 1342 3806; x_wconf 84' lang='grc' dir='ltr'>κανὼν</span> <span class='ocrx_word' id='word_1_463' title='bbox 1390 3752 1512 3807; x_wconf 77' lang='grc' dir='ltr'>οὑδὲ</span> <span class='ocrx_word' id='word_1_464' title='bbox 1561 3756 1631 3817; x_wconf 83' lang='grc' dir='ltr'>εἰς</span> <span class='ocrx_word' id='word_1_465' title='bbox 1683 3753 1840 3826; x_wconf 87' lang='grc' dir='ltr'>διγα-</span> 
     </span>
    </p>
   </div>
   <div class='ocr_carea' id='block_1_69' title="bbox 220 3843 1840 3919">
    <p class='ocr_par' dir='ltr' id='par_1_69' title="bbox 220 3843 1840 3919">
     <span class='ocr_line' id='line_1_69' title="bbox 220 3843 1840 3919; baseline -0.002 -21"><span class='ocrx_word' id='word_1_466' title='bbox 220 3854 451 3919; x_wconf 79' lang='grc' dir='ltr'>μοῦντος</span> <span class='ocrx_word' id='word_1_467' title='bbox 482 3848 649 3917; x_wconf 84' lang='grc' dir='ltr'>γάμον</span> <span class='ocrx_word' id='word_1_468' title='bbox 702 3844 1007 3903; x_wconf 83' lang='grc' dir='ltr'>ἐστιαθῆναι</span> <span class='ocrx_word' id='word_1_469' title='bbox 1064 3848 1150 3896; x_wconf 87' lang='grc' dir='ltr'>τόν</span> <span class='ocrx_word' id='word_1_470' title='bbox 1184 3843 1528 3916; x_wconf 83' lang='grc' dir='ltr'>πρεσϐύτερον</span> <span class='ocrx_word' id='word_1_471' title='bbox 1586 3865 1840 3918; x_wconf 84' lang='grc' dir='ltr'>παραχω-</span> 
     </span>
    </p>
   </div>
   <div class='ocr_carea' id='block_1_70' title="bbox 219 3933 1838 4009">
    <p class='ocr_par' dir='ltr' id='par_1_70' title="bbox 219 3933 1838 4009">
     <span class='ocr_line' id='line_1_70' title="bbox 219 3933 1838 4009; baseline -0.001 -22"><span class='ocrx_word' id='word_1_472' title='bbox 219 3942 318 4009; x_wconf 84' lang='grc' dir='ltr'>ρεῖ</span> <span class='ocrx_word' id='word_1_473' title='bbox 342 3954 353 3965; x_wconf 82' lang='grc'><em>’</em></span> <span class='ocrx_word' id='word_1_474' title='bbox 388 3939 534 4006; x_wconf 85' lang='grc' dir='ltr'>πόσῳ</span> <span class='ocrx_word' id='word_1_475' title='bbox 566 3954 624 4006; x_wconf 84' lang='grc' dir='ltr'>γε</span> <span class='ocrx_word' id='word_1_476' title='bbox 651 3934 839 4007; x_wconf 90' lang='grc' dir='ltr'>μᾶλλον</span> <span class='ocrx_word' id='word_1_477' title='bbox 875 3942 1202 4006; x_wconf 84' lang='grc' dir='ltr'>στεφανῶσαι</span> <span class='ocrx_word' id='word_1_478' title='bbox 1224 3936 1309 3985; x_wconf 86' lang='grc' dir='ltr'>τὸν</span> <span class='ocrx_word' id='word_1_479' title='bbox 1340 3942 1571 3986; x_wconf 77' lang='grc' dir='ltr'>τοιοῦτον</span> <span class='ocrx_word' id='word_1_480' title='bbox 1605 3950 1616 4000; x_wconf 90' lang='grc'>;</span> <span class='ocrx_word' id='word_1_481' title='bbox 1649 3933 1707 3986; x_wconf 79' lang='grc' dir='ltr'><strong>Ὀ</strong></span> <span class='ocrx_word' id='word_1_482' title='bbox 1737 3937 1838 4006; x_wconf 81' lang='grc' dir='ltr'>γὰο</span> 
     </span>
    </p>
   </div>
   <div class='ocr_carea' id='block_1_71' title="bbox 233 4023 1836 4097">
    <p class='ocr_par' dir='ltr' id='par_1_71' title="bbox 233 4023 1836 4097">
     <span class='ocr_line' id='line_1_71' title="bbox 233 4023 1836 4097; baseline -0.002 -18"><span class='ocrx_word' id='word_1_483' title='bbox 233 4029 497 4097; x_wconf 86' lang='grc' dir='ltr'>στέφανος</span> <span class='ocrx_word' id='word_1_484' title='bbox 564 4024 846 4076; x_wconf 79' lang='grc' dir='ltr'>ἐπιτίθεται</span> <span class='ocrx_word' id='word_1_485' title='bbox 903 4023 984 4076; x_wconf 81' lang='grc' dir='ltr'>ἐπὶ</span> <span class='ocrx_word' id='word_1_486' title='bbox 1046 4032 1115 4094; x_wconf 87' lang='grc' dir='ltr'>τῷ</span> <span class='ocrx_word' id='word_1_487' title='bbox 1171 4031 1374 4074; x_wconf 87' lang='grc' dir='ltr'>νικῶντι</span> <span class='ocrx_word' id='word_1_488' title='bbox 1424 4028 1514 4080; x_wconf 79' lang='grc' dir='ltr'>τὴν</span> <span class='ocrx_word' id='word_1_489' title='bbox 1559 4023 1836 4096; x_wconf 88' lang='grc' dir='ltr'>ἀκρασίαν,</span> 
     </span>
    </p>
   </div>
   <div class='ocr_carea' id='block_1_72' title="bbox 218 4109 1840 4187">
    <p class='ocr_par' dir='ltr' id='par_1_72' title="bbox 218 4109 1840 4187">
     <span class='ocr_line' id='line_1_72' title="bbox 218 4109 1840 4187; baseline -0.002 -20"><span class='ocrx_word' id='word_1_490' title='bbox 218 4119 322 4167; x_wconf 83' lang='grc' dir='ltr'>καὶ</span> <span class='ocrx_word' id='word_1_491' title='bbox 384 4116 442 4164; x_wconf 91' lang='grc' dir='ltr'>τὸ</span> <span class='ocrx_word' id='word_1_492' title='bbox 491 4122 585 4175; x_wconf 82' lang='grc' dir='ltr'>τῆς</span> <span class='ocrx_word' id='word_1_493' title='bbox 636 4115 912 4187; x_wconf 85' lang='grc' dir='ltr'>παρθενίας</span> <span class='ocrx_word' id='word_1_494' title='bbox 978 4112 1114 4172; x_wconf 88' lang='grc' dir='ltr'>κλίος</span> <span class='ocrx_word' id='word_1_495' title='bbox 1198 4109 1609 4182; x_wconf 82' lang='grc' dir='ltr'>ἀποσωσαμένῳ.</span> <span class='ocrx_word' id='word_1_496' title='bbox 1665 4112 1722 4164; x_wconf 68' lang='grc' dir='ltr'>Ὀ</span> <span class='ocrx_word' id='word_1_497' title='bbox 1783 4110 1840 4164; x_wconf 69' lang='grc' dir='ltr'>δὲ</span> 
     </span>
    </p>
   </div>
   <div class='ocr_carea' id='block_1_73' title="bbox 218 4197 1841 4274">
    <p class='ocr_par' dir='ltr' id='par_1_73' title="bbox 218 4197 1841 4274">
     <span class='ocr_line' id='line_1_73' title="bbox 218 4197 1841 4274; baseline -0.001 -20"><span class='ocrx_word' id='word_1_498' title='bbox 218 4201 498 4274; x_wconf 80' lang='grc' dir='ltr'>διγαμῶν,</span> <span class='ocrx_word' id='word_1_499' title='bbox 530 4205 683 4274; x_wconf 14' lang='grc' dir='ltr'>,πρὸς</span> <span class='ocrx_word' id='word_1_500' title='bbox 712 4211 781 4271; x_wconf 84' lang='grc' dir='ltr'>τῷ</span> <span class='ocrx_word' id='word_1_501' title='bbox 836 4207 905 4273; x_wconf 76' lang='grc' dir='ltr'>μὴ</span> <span class='ocrx_word' id='word_1_502' title='bbox 955 4202 1096 4263; x_wconf 79' lang='grc' dir='ltr'>ἄξιος</span> <span class='ocrx_word' id='word_1_503' title='bbox 1125 4197 1248 4252; x_wconf 80' lang='grc' dir='ltr'>εἶναι</span> <span class='ocrx_word' id='word_1_504' title='bbox 1296 4202 1706 4271; x_wconf 79' lang='grc' dir='ltr'>στεφανωθῆται,</span> <span class='ocrx_word' id='word_1_505' title='bbox 1751 4206 1841 4253; x_wconf 81' lang='grc' dir='ltr'>καὶ</span> 
     </span>
    </p>
   </div>
   <div class='ocr_carea' id='block_1_74' title="bbox 221 4287 1841 4363">
    <p class='ocr_par' dir='ltr' id='par_1_74' title="bbox 221 4287 1841 4363">
     <span class='ocr_line' id='line_1_74' title="bbox 221 4287 1841 4363; baseline -0.002 -18"><span class='ocrx_word' id='word_1_506' title='bbox 221 4294 524 4363; x_wconf 78' lang='grc' dir='ltr'>ἐπιτιμίοις</span> <span class='ocrx_word' id='word_1_507' title='bbox 597 4289 947 4347; x_wconf 87' lang='grc' dir='ltr'>ὑποϐέϐληται</span> <span class='ocrx_word' id='word_1_508' title='bbox 1021 4298 1320 4350; x_wconf 85' lang='grc' dir='ltr'>κανονικῶς.</span> <span class='ocrx_word' id='word_1_509' title='bbox 1402 4296 1518 4351; x_wconf 88' lang='grc' dir='ltr'>Πῶς</span> <span class='ocrx_word' id='word_1_510' title='bbox 1592 4287 1678 4341; x_wconf 81' lang='grc' dir='ltr'>οὖν</span> <span class='ocrx_word' id='word_1_511' title='bbox 1746 4291 1841 4342; x_wconf 83' lang='grc' dir='ltr'>ούκ</span> 
     </span>
    </p>
   </div>
   <div class='ocr_carea' id='block_1_75' title="bbox 216 4378 1841 4451">
    <p class='ocr_par' dir='ltr' id='par_1_75' title="bbox 216 4378 1841 4451">
     <span class='ocr_line' id='line_1_75' title="bbox 216 4378 1841 4451; baseline -0.002 -16"><span class='ocrx_word' id='word_1_512' title='bbox 216 4378 407 4436; x_wconf 78' lang='grc' dir='ltr'>ἔδεισε</span> <span class='ocrx_word' id='word_1_513' title='bbox 476 4387 805 4451; x_wconf 86' lang='grc' dir='ltr'>στεφανῶσαι</span> <span class='ocrx_word' id='word_1_514' title='bbox 860 4384 977 4439; x_wconf 84' lang='grc' dir='ltr'>τοὺς</span> <span class='ocrx_word' id='word_1_515' title='bbox 1029 4381 1129 4429; x_wconf 87' lang='grc' dir='ltr'>ὑπὸ</span> <span class='ocrx_word' id='word_1_516' title='bbox 1170 4384 1381 4439; x_wconf 89' lang='grc' dir='ltr'>κανόνας</span> <span class='ocrx_word' id='word_1_517' title='bbox 1429 4382 1690 4451; x_wconf 85' lang='grc' dir='ltr'>κειμένους</span> <span class='ocrx_word' id='word_1_518' title='bbox 1748 4388 1841 4441; x_wconf 84' lang='grc' dir='ltr'>τῆς</span> 
     </span>
    </p>
   </div>
   <div class='ocr_carea' id='block_1_76' title="bbox 218 4465 1841 4541">
    <p class='ocr_par' dir='ltr' id='par_1_76' title="bbox 218 4465 1841 4541">
     <span class='ocr_line' id='line_1_76' title="bbox 218 4465 1841 4541; baseline -0.002 -19"><span class='ocrx_word' id='word_1_519' title='bbox 218 4468 495 4541; x_wconf 79' lang='grc' dir='ltr'>διγαμίας</span> <span class='ocrx_word' id='word_1_520' title='bbox 528 4485 541 4535; x_wconf 84' lang='grc'>;</span> <span class='ocrx_word' id='word_1_521' title='bbox 579 4467 707 4541; x_wconf 82' lang='grc' dir='ltr'>Παρ⁹</span> <span class='ocrx_word' id='word_1_522' title='bbox 760 4470 904 4540; x_wconf 77' lang='grc' dir='ltr'>ἡμῶν</span> <span class='ocrx_word' id='word_1_523' title='bbox 954 4474 1143 4533; x_wconf 88' lang='grc' dir='ltr'>τοίνυν,</span> <span class='ocrx_word' id='word_1_524' title='bbox 1206 4471 1489 4540; x_wconf 77' lang='grc' dir='ltr'>συγγνωθι,</span> <span class='ocrx_word' id='word_1_525' title='bbox 1545 4471 1626 4519; x_wconf 84' lang='grc' dir='ltr'>ἵνα</span> <span class='ocrx_word' id='word_1_526' title='bbox 1676 4465 1841 4541; x_wconf 76' lang='grc' dir='ltr'>μηδὲν</span> 
     </span>
    </p>
   </div>
   <div class='ocr_carea' id='block_1_77' title="bbox 216 4556 1842 4630">
    <p class='ocr_par' dir='ltr' id='par_1_77' title="bbox 216 4556 1842 4630">
     <span class='ocr_line' id='line_1_77' title="bbox 216 4556 1842 4630; baseline -0.001 -19"><span class='ocrx_word' id='word_1_527' title='bbox 216 4556 291 4619; x_wconf 74' lang='grc' dir='ltr'>ἦν</span> <span class='ocrx_word' id='word_1_528' title='bbox 353 4557 475 4609; x_wconf 80' lang='grc' dir='ltr'>ἄλλο</span> <span class='ocrx_word' id='word_1_529' title='bbox 529 4557 769 4629; x_wconf 82' lang='grc' dir='ltr'>αἰτίαμα,</span> <span class='ocrx_word' id='word_1_530' title='bbox 821 4557 915 4608; x_wconf 82' lang='grc' dir='ltr'>οὑκ</span> <span class='ocrx_word' id='word_1_531' title='bbox 969 4556 1336 4630; x_wconf 77' lang='grc' dir='ltr'>ἐπιτέτραπται</span> <span class='ocrx_word' id='word_1_532' title='bbox 1389 4560 1446 4609; x_wconf 89' lang='grc' dir='ltr'>τὸ</span> <span class='ocrx_word' id='word_1_533' title='bbox 1498 4558 1722 4609; x_wconf 88' lang='grc' dir='ltr'>καθόλου</span> <span class='ocrx_word' id='word_1_534' title='bbox 1779 4560 1842 4610; x_wconf 86' lang='grc' dir='ltr'>ἰε-</span> 
     </span>
    </p>
   </div>
   <div class='ocr_carea' id='block_1_78' title="bbox 213 4652 521 4724">
    <p class='ocr_par' dir='ltr' id='par_1_78' title="bbox 213 4652 521 4724">
     <span class='ocr_line' id='line_1_78' title="bbox 213 4652 521 4724; baseline -0.013 -23"><span class='ocrx_word' id='word_1_535' title='bbox 213 4652 474 4724; x_wconf 85' lang='grc' dir='ltr'>ρουργεῑν</span> <span class='ocrx_word' id='word_1_536' title='bbox 510 4666 521 4677; x_wconf 91' lang='grc'><strong>·</strong></span> 
     </span>
    </p>
   </div>
   <div class='ocr_carea' id='block_1_79' title="bbox 213 4731 1839 4807">
    <p class='ocr_par' dir='ltr' id='par_1_79' title="bbox 213 4731 1839 4807">
     <span class='ocr_line' id='line_1_79' title="bbox 213 4731 1839 4807; baseline -0.002 -17"><span class='ocrx_word' id='word_1_537' title='bbox 213 4731 520 4793; x_wconf 82' lang='grc' dir='ltr'>ταδιδόναι</span> <span class='ocrx_word' id='word_1_538' title='bbox 560 4736 680 4803; x_wconf 83' lang='grc' dir='ltr'>ὑμῖν</span> <span class='ocrx_word' id='word_1_539' title='bbox 738 4743 836 4787; x_wconf 87' lang='grc' dir='ltr'>τῶν</span> <span class='ocrx_word' id='word_1_540' title='bbox 895 4735 1252 4807; x_wconf 85' lang='grc' dir='ltr'>ἁγιασμάτων,</span> <span class='ocrx_word' id='word_1_541' title='bbox 1316 4738 1455 4806; x_wconf 80' lang='grc' dir='ltr'>παρὰ</span> <span class='ocrx_word' id='word_1_542' title='bbox 1510 4739 1839 4806; x_wconf 81' lang='grc' dir='ltr'>σεσωσμένον</span> 
     </span>
    </p>
   </div>
   <div class='ocr_carea' id='block_1_80' title="bbox 566 4642 1843 4718">
    <p class='ocr_par' dir='ltr' id='par_1_80' title="bbox 566 4642 1843 4718">
     <span class='ocr_line' id='line_1_80' title="bbox 566 4642 1843 4718; baseline 0.001 -20"><span class='ocrx_word' id='word_1_543' title='bbox 566 4646 659 4697; x_wconf 75' lang='grc' dir='ltr'>οὐκ</span> <span class='ocrx_word' id='word_1_544' title='bbox 700 4642 804 4698; x_wconf 81' lang='grc' dir='ltr'>οἶδ’</span> <span class='ocrx_word' id='word_1_545' title='bbox 834 4647 914 4698; x_wconf 84' lang='grc' dir='ltr'>ὅτι</span> <span class='ocrx_word' id='word_1_546' title='bbox 965 4646 1108 4718; x_wconf 83' lang='grc' dir='ltr'>εἰμή</span> <span class='ocrx_word' id='word_1_547' title='bbox 1160 4667 1210 4697; x_wconf 94' lang='grc' dir='ltr'>τι</span> <span class='ocrx_word' id='word_1_548' title='bbox 1240 4648 1352 4697; x_wconf 77' lang='grc' dir='ltr'>κατ’</span> <span class='ocrx_word' id='word_1_549' title='bbox 1402 4646 1716 4718; x_wconf 79' lang='grc' dir='ltr'>οἰκονομίαν,</span> <span class='ocrx_word' id='word_1_550' title='bbox 1751 4667 1843 4718; x_wconf 83' lang='grc' dir='ltr'>με·-</span> 
     </span>
    </p>
   </div>
   <div class='ocr_carea' id='block_1_81' title="bbox 214 4822 1840 4898">
    <p class='ocr_par' dir='ltr' id='par_1_81' title="bbox 214 4822 1840 4898">
     <span class='ocr_line' id='line_1_81' title="bbox 214 4822 1840 4898; baseline 0 -22"><span class='ocrx_word' id='word_1_551' title='bbox 214 4822 591 4898; x_wconf 84' lang='grc' dir='ltr'>πρεσϐυτέρου</span> <span class='ocrx_word' id='word_1_552' title='bbox 623 4822 1011 4895; x_wconf 84' lang='grc' dir='ltr'>τετελεσμένων,</span> <span class='ocrx_word' id='word_1_553' title='bbox 1063 4828 1186 4896; x_wconf 82' lang='grc' dir='ltr'>Περὶ</span> <span class='ocrx_word' id='word_1_554' title='bbox 1243 4831 1333 4875; x_wconf 83' lang='grc' dir='ltr'>τοῦ</span> <span class='ocrx_word' id='word_1_555' title='bbox 1374 4824 1726 4895; x_wconf 70' lang='grc' dir='ltr'>ἀναγνώστου,</span> <span class='ocrx_word' id='word_1_556' title='bbox 1762 4827 1840 4877; x_wconf 88' lang='grc' dir='ltr'>ὅτι</span> 
     </span>
    </p>
   </div>
   <div class='ocr_carea' id='block_1_82' title="bbox 215 4909 1839 4988">
    <p class='ocr_par' dir='ltr' id='par_1_82' title="bbox 215 4909 1839 4988">
     <span class='ocr_line' id='line_1_82' title="bbox 215 4909 1839 4988; baseline -0.002 -18"><span class='ocrx_word' id='word_1_557' title='bbox 215 4913 549 4986; x_wconf 66' lang='grc' dir='ltr'>ἑτι-ἔστρεψεν</span> <span class='ocrx_word' id='word_1_558' title='bbox 604 4911 1004 4984; x_wconf 78' lang='grc' dir='ltr'>ἔπιτιμιασθεὶς,</span> <span class='ocrx_word' id='word_1_559' title='bbox 1065 4909 1270 4965; x_wconf 85' lang='grc' dir='ltr'>δίκαιόν</span> <span class='ocrx_word' id='word_1_560' title='bbox 1322 4916 1461 4964; x_wconf 73' lang='lat' dir='ltr'>iam</span> <span class='ocrx_word' id='word_1_561' title='bbox 1520 4914 1607 4973; x_wconf 65' lang='lat' dir='ltr'>Em;</span> <span class='ocrx_word' id='word_1_562' title='bbox 1654 4921 1839 4988; x_wconf 83' lang='grc' dir='ltr'>καιροῦ</span> 
     </span>
    </p>
   </div>
   <div class='ocr_carea' id='block_1_83' title="bbox 221 4997 1841 5075">
    <p class='ocr_par' dir='ltr' id='par_1_83' title="bbox 221 4997 1841 5075">
     <span class='ocr_line' id='line_1_83' title="bbox 221 4997 1841 5075; baseline 0.001 -22"><span class='ocrx_word' id='word_1_563' title='bbox 221 4997 477 5058; x_wconf 81' lang='grc' dir='ltr'>συνόδου</span> <span class='ocrx_word' id='word_1_564' title='bbox 531 5005 600 5073; x_wconf 77' lang='grc' dir='ltr'>μὴ</span> <span class='ocrx_word' id='word_1_565' title='bbox 659 4999 1099 5061; x_wconf 81' lang='grc' dir='ltr'>ἀποστολίζεσθαι</span> <span class='ocrx_word' id='word_1_566' title='bbox 1152 5000 1305 5053; x_wconf 81' lang='grc' dir='ltr'>αὑτόν</span> <span class='ocrx_word' id='word_1_567' title='bbox 1339 5018 1349 5029; x_wconf 94' lang='grc'>·</span> <span class='ocrx_word' id='word_1_568' title='bbox 1382 5003 1406 5052; x_wconf 97' lang='lat'>6</span> <span class='ocrx_word' id='word_1_569' title='bbox 1438 5004 1526 5071; x_wconf 69' lang='grc' dir='ltr'>μὲν</span> <span class='ocrx_word' id='word_1_570' title='bbox 1577 5004 1677 5073; x_wconf 85' lang='grc' dir='ltr'>γὰρ</span> <span class='ocrx_word' id='word_1_571' title='bbox 1723 5021 1841 5075; x_wconf 87' lang='grc' dir='ltr'>πρε-</span> 
     </span>
    </p>
   </div>
   <div class='ocr_carea' id='block_1_84' title="bbox 222 5090 1839 5164">
    <p class='ocr_par' dir='ltr' id='par_1_84' title="bbox 222 5090 1839 5164">
     <span class='ocr_line' id='line_1_84' title="bbox 222 5090 1839 5164; baseline -0.001 -19"><span class='ocrx_word' id='word_1_572' title='bbox 222 5091 489 5161; x_wconf 74' lang='grc' dir='ltr'>σϐύτερος</span> <span class='ocrx_word' id='word_1_573' title='bbox 543 5092 769 5164; x_wconf 77' lang='grc' dir='ltr'>εἴργεται</span> <span class='ocrx_word' id='word_1_574' title='bbox 822 5098 915 5152; x_wconf 86' lang='grc' dir='ltr'>τῆς</span> <span class='ocrx_word' id='word_1_575' title='bbox 967 5090 1289 5162; x_wconf 84' lang='grc' dir='ltr'>λειτουργίας</span> <span class='ocrx_word' id='word_1_576' title='bbox 1358 5092 1756 5162; x_wconf 82' lang='grc' dir='ltr'>ἐπιτιμιασθεὶς,</span> <span class='ocrx_word' id='word_1_577' title='bbox 1815 5093 1839 5144; x_wconf 90' lang='lat'>6</span> 
     </span>
    </p>
   </div>
   <div class='ocr_carea' id='block_1_85' title="bbox 222 5176 1840 5250">
    <p class='ocr_par' dir='ltr' id='par_1_85' title="bbox 222 5176 1840 5250">
     <span class='ocr_line' id='line_1_85' title="bbox 222 5176 1840 5250; baseline 0.001 -18"><span class='ocrx_word' id='word_1_578' title='bbox 222 5180 294 5237; x_wconf 73' lang='grc' dir='ltr'>δὲ</span> <span class='ocrx_word' id='word_1_579' title='bbox 364 5176 603 5240; x_wconf 84' lang='grc' dir='ltr'>διάκονος</span> <span class='ocrx_word' id='word_1_580' title='bbox 667 5187 759 5241; x_wconf 79' lang='grc' dir='ltr'>τῆς</span> <span class='ocrx_word' id='word_1_581' title='bbox 820 5176 1111 5244; x_wconf 88' lang='grc' dir='ltr'>διακονίας,</span> <span class='ocrx_word' id='word_1_582' title='bbox 1158 5184 1246 5231; x_wconf 83' lang='grc' dir='ltr'>καὶ</span> <span class='ocrx_word' id='word_1_583' title='bbox 1302 5180 1327 5231; x_wconf 90' lang='grc' dir='ltr'>ό</span> <span class='ocrx_word' id='word_1_584' title='bbox 1373 5178 1698 5250; x_wconf 84' lang='grc' dir='ltr'>ἀναγνώστης</span> <span class='ocrx_word' id='word_1_585' title='bbox 1753 5188 1840 5241; x_wconf 77' lang='grc' dir='ltr'>τῆς</span> 
     </span>
    </p>
   </div>
   <div class='ocr_carea' id='block_1_86' title="bbox 1945 2865 3594 2938">
    <p class='ocr_par' dir='ltr' id='par_1_86' title="bbox 1945 2865 3594 2938">
     <span class='ocr_line' id='line_1_86' title="bbox 1945 2865 3594 2938; baseline 0.003 -19"><span class='ocrx_word' id='word_1_586' title='bbox 1945 2871 2193 2938; x_wconf 89' lang='lat' dir='ltr'>spectes,</span> <span class='ocrx_word' id='word_1_587' title='bbox 2228 2865 2364 2919; x_wconf 90' lang='lat' dir='ltr'>illuc</span> <span class='ocrx_word' id='word_1_588' title='bbox 2394 2865 2983 2937; x_wconf 88' lang='lat' dir='ltr'>contemplationem,</span> <span class='ocrx_word' id='word_1_589' title='bbox 3016 2866 3154 2921; x_wconf 90' lang='lat' dir='ltr'>illuc</span> <span class='ocrx_word' id='word_1_590' title='bbox 3193 2871 3594 2924; x_wconf 88' lang='lat' dir='ltr'>conservatio-</span> 
     </span>
    </p>
   </div>
   <div class='ocr_carea' id='block_1_87' title="bbox 1944 2955 3590 3024">
    <p class='ocr_par' dir='ltr' id='par_1_87' title="bbox 1944 2955 3590 3024">
     <span class='ocr_line' id='line_1_87' title="bbox 1944 2955 3590 3024; baseline 0.001 -14"><span class='ocrx_word' id='word_1_591' title='bbox 1944 2971 2082 3011; x_wconf 86' lang='lat' dir='ltr'>nem</span> <span class='ocrx_word' id='word_1_592' title='bbox 2116 2961 2278 3010; x_wconf 91' lang='lat' dir='ltr'>tuam</span> <span class='ocrx_word' id='word_1_593' title='bbox 2309 2956 2650 3021; x_wconf 80' lang='lat' dir='ltr'>transferas,</span> <span class='ocrx_word' id='word_1_594' title='bbox 2684 2955 2785 3009; x_wconf 92' lang='lat' dir='ltr'>ubi</span> <span class='ocrx_word' id='word_1_595' title='bbox 2817 2955 3105 3024; x_wconf 86' lang='lat' dir='ltr'>gaudium</span> <span class='ocrx_word' id='word_1_596' title='bbox 3148 2962 3235 3010; x_wconf 89' lang='lat' dir='ltr'>est</span> <span class='ocrx_word' id='word_1_597' title='bbox 3266 2956 3590 3024; x_wconf 76' lang='lat' dir='ltr'>ineffabile,</span> 
     </span>
    </p>
   </div>
   <div class='ocr_carea' id='block_1_88' title="bbox 1947 3043 3595 3118">
    <p class='ocr_par' dir='ltr' id='par_1_88' title="bbox 1947 3043 3595 3118">
     <span class='ocr_line' id='line_1_88' title="bbox 1947 3043 3595 3118; baseline 0.001 -18"><span class='ocrx_word' id='word_1_598' title='bbox 1947 3044 2050 3100; x_wconf 92' lang='lat' dir='ltr'>ubi</span> <span class='ocrx_word' id='word_1_599' title='bbox 2080 3045 2199 3099; x_wconf 89' lang='lat' dir='ltr'>vita</span> <span class='ocrx_word' id='word_1_600' title='bbox 2224 3044 2595 3111; x_wconf 88' lang='lat' dir='ltr'>immortalis,</span> <span class='ocrx_word' id='word_1_601' title='bbox 2622 3043 2721 3099; x_wconf 90' lang='lat' dir='ltr'>ubi</span> <span class='ocrx_word' id='word_1_602' title='bbox 2738 3044 3073 3099; x_wconf 88' lang='lat' dir='ltr'>coruscatio</span> <span class='ocrx_word' id='word_1_603' title='bbox 3094 3044 3281 3100; x_wconf 70' lang='lat' dir='ltr'>beatae</span> <span class='ocrx_word' id='word_1_604' title='bbox 3310 3051 3363 3101; x_wconf 90' lang='lat' dir='ltr'>et</span> <span class='ocrx_word' id='word_1_605' title='bbox 3390 3062 3595 3118; x_wconf 89' lang='lat' dir='ltr'>supre-</span> 
     </span>
    </p>
   </div>
   <div class='ocr_carea' id='block_1_89' title="bbox 1948 3132 3593 3203">
    <p class='ocr_par' dir='ltr' id='par_1_89' title="bbox 1948 3132 3593 3203">
     <span class='ocr_line' id='line_1_89' title="bbox 1948 3132 3593 3203; baseline 0.002 -16"><span class='ocrx_word' id='word_1_606' title='bbox 1948 3150 2061 3187; x_wconf 67' lang='lat' dir='ltr'>mae</span> <span class='ocrx_word' id='word_1_607' title='bbox 2088 3132 2404 3187; x_wconf 88' lang='lat' dir='ltr'>Trinitatis.</span> <span class='ocrx_word' id='word_1_608' title='bbox 2450 3133 2559 3189; x_wconf 86' lang='lat' dir='ltr'>Sed</span> <span class='ocrx_word' id='word_1_609' title='bbox 2601 3133 2904 3203; x_wconf 86' lang='lat' dir='ltr'>contingat</span> <span class='ocrx_word' id='word_1_610' title='bbox 2946 3133 3072 3201; x_wconf 87' lang='lat' dir='ltr'>tibi,</span> <span class='ocrx_word' id='word_1_611' title='bbox 3108 3133 3197 3187; x_wconf 91' lang='lat' dir='ltr'>vir</span> <span class='ocrx_word' id='word_1_612' title='bbox 3235 3135 3593 3191; x_wconf 78' lang='lat' dir='ltr'>admirando</span> 
     </span>
    </p>
   </div>
   <div class='ocr_carea' id='block_1_90' title="bbox 1948 3222 3595 3294">
    <p class='ocr_par' dir='ltr' id='par_1_90' title="bbox 1948 3222 3595 3294">
     <span class='ocr_line' id='line_1_90' title="bbox 1948 3222 3595 3294; baseline 0.002 -17"><span class='ocrx_word' id='word_1_613' title='bbox 1948 3222 2245 3294; x_wconf 87' lang='lat' dir='ltr'>nobisque</span> <span class='ocrx_word' id='word_1_614' title='bbox 2276 3222 2687 3287; x_wconf 83' lang='lat' dir='ltr'>desiderande,</span> <span class='ocrx_word' id='word_1_615' title='bbox 2718 3222 2915 3291; x_wconf 89' lang='lat' dir='ltr'>majus</span> <span class='ocrx_word' id='word_1_616' title='bbox 2932 3222 3245 3294; x_wconf 88' lang='lat' dir='ltr'>majusque</span> <span class='ocrx_word' id='word_1_617' title='bbox 3259 3224 3488 3280; x_wconf 90' lang='lat' dir='ltr'>virtutis</span> <span class='ocrx_word' id='word_1_618' title='bbox 3510 3225 3595 3280; x_wconf 90' lang='lat' dir='ltr'>in-</span> 
     </span>
    </p>
   </div>
   <div class='ocr_carea' id='block_1_91' title="bbox 1948 3310 3595 3382">
    <p class='ocr_par' dir='ltr' id='par_1_91' title="bbox 1948 3310 3595 3382">
     <span class='ocr_line' id='line_1_91' title="bbox 1948 3310 3595 3382; baseline 0.002 -15"><span class='ocrx_word' id='word_1_619' title='bbox 1948 3316 2341 3377; x_wconf 88' lang='lat' dir='ltr'>crementum,</span> <span class='ocrx_word' id='word_1_620' title='bbox 2369 3310 2731 3367; x_wconf 88' lang='lat' dir='ltr'>etbonorum</span> <span class='ocrx_word' id='word_1_621' title='bbox 2745 3326 2998 3382; x_wconf 90' lang='lat' dir='ltr'>operum</span> <span class='ocrx_word' id='word_1_622' title='bbox 3021 3313 3328 3382; x_wconf 86' lang='lat' dir='ltr'>congeries</span> <span class='ocrx_word' id='word_1_623' title='bbox 3353 3329 3366 3371; x_wconf 90' lang='lat'><strong>:</strong></span> <span class='ocrx_word' id='word_1_624' title='bbox 3391 3318 3454 3369; x_wconf 93' lang='lat' dir='ltr'>ut</span> <span class='ocrx_word' id='word_1_625' title='bbox 3470 3330 3595 3370; x_wconf 88' lang='lat' dir='ltr'>ma-</span> 
     </span>
    </p>
   </div>
   <div class='ocr_carea' id='block_1_92' title="bbox 1949 3398 3596 3474">
    <p class='ocr_par' dir='ltr' id='par_1_92' title="bbox 1949 3398 3596 3474">
     <span class='ocr_line' id='line_1_92' title="bbox 1949 3398 3596 3474; baseline 0.002 -19"><span class='ocrx_word' id='word_1_626' title='bbox 1949 3403 2046 3470; x_wconf 89' lang='lat' dir='ltr'>gni</span> <span class='ocrx_word' id='word_1_627' title='bbox 2094 3402 2437 3456; x_wconf 85' lang='lat' dir='ltr'>mercatoris</span> <span class='ocrx_word' id='word_1_628' title='bbox 2467 3401 2651 3455; x_wconf 87' lang='lat' dir='ltr'>instar</span> <span class='ocrx_word' id='word_1_629' title='bbox 2675 3400 2815 3455; x_wconf 91' lang='lat' dir='ltr'>hinc</span> <span class='ocrx_word' id='word_1_630' title='bbox 2855 3398 3049 3455; x_wconf 86' lang='lat' dir='ltr'>solvas</span> <span class='ocrx_word' id='word_1_631' title='bbox 3088 3400 3165 3455; x_wconf 86' lang='lat' dir='ltr'>ad</span> <span class='ocrx_word' id='word_1_632' title='bbox 3197 3402 3596 3474; x_wconf 87' lang='lat' dir='ltr'>participatio-</span> 
     </span>
    </p>
   </div>
   <div class='ocr_carea' id='block_1_93' title="bbox 1948 3488 3593 3560">
    <p class='ocr_par' dir='ltr' id='par_1_93' title="bbox 1948 3488 3593 3560">
     <span class='ocr_line' id='line_1_93' title="bbox 1948 3488 3593 3560; baseline 0.002 -16"><span class='ocrx_word' id='word_1_633' title='bbox 1948 3506 2087 3544; x_wconf 90' lang='lat' dir='ltr'>nem</span> <span class='ocrx_word' id='word_1_634' title='bbox 2102 3490 2655 3554; x_wconf 74' lang='lat' dir='ltr'>aeternorum.Quod</span> <span class='ocrx_word' id='word_1_635' title='bbox 2670 3488 2847 3559; x_wconf 89' lang='lat' dir='ltr'>igitur</span> <span class='ocrx_word' id='word_1_636' title='bbox 2859 3489 2938 3544; x_wconf 90' lang='lat' dir='ltr'>ad</span> <span class='ocrx_word' id='word_1_637' title='bbox 2954 3493 3120 3544; x_wconf 88' lang='lat' dir='ltr'>tuum</span> <span class='ocrx_word' id='word_1_638' title='bbox 3135 3506 3354 3546; x_wconf 90' lang='lat' dir='ltr'>nomen</span> <span class='ocrx_word' id='word_1_639' title='bbox 3367 3492 3593 3560; x_wconf 87' lang='lat' dir='ltr'>attinet,</span> 
     </span>
    </p>
   </div>
   <div class='ocr_carea' id='block_1_94' title="bbox 1947 3577 3594 3650">
    <p class='ocr_par' dir='ltr' id='par_1_94' title="bbox 1947 3577 3594 3650">
     <span class='ocr_line' id='line_1_94' title="bbox 1947 3577 3594 3650; baseline 0.002 -17"><span class='ocrx_word' id='word_1_640' title='bbox 1947 3578 2046 3633; x_wconf 90' lang='lat' dir='ltr'>hic</span> <span class='ocrx_word' id='word_1_641' title='bbox 2079 3577 2210 3632; x_wconf 85' lang='lat' dir='ltr'>ﬁnis</span> <span class='ocrx_word' id='word_1_642' title='bbox 2241 3583 2389 3633; x_wconf 91' lang='lat' dir='ltr'>esto.</span> <span class='ocrx_word' id='word_1_643' title='bbox 2423 3577 2573 3642; x_wconf 91' lang='lat' dir='ltr'>Quia</span> <span class='ocrx_word' id='word_1_644' title='bbox 2604 3594 2741 3633; x_wconf 90' lang='lat' dir='ltr'>vero</span> <span class='ocrx_word' id='word_1_645' title='bbox 2775 3578 2847 3632; x_wconf 93' lang='lat' dir='ltr'>de</span> <span class='ocrx_word' id='word_1_646' title='bbox 2880 3578 3228 3650; x_wconf 84' lang='lat' dir='ltr'>presbytero</span> <span class='ocrx_word' id='word_1_647' title='bbox 3255 3580 3432 3636; x_wconf 92' lang='lat' dir='ltr'>etiam</span> <span class='ocrx_word' id='word_1_648' title='bbox 3461 3597 3594 3636; x_wconf 83' lang='lat' dir='ltr'>rur—</span> 
     </span>
    </p>
   </div>
   <div class='ocr_carea' id='block_1_95' title="bbox 1950 3667 3599 3740">
    <p class='ocr_par' dir='ltr' id='par_1_95' title="bbox 1950 3667 3599 3740">
     <span class='ocr_line' id='line_1_95' title="bbox 1950 3667 3599 3740; baseline 0.003 -19"><span class='ocrx_word' id='word_1_649' title='bbox 1950 3684 2050 3721; x_wconf 87' lang='lat' dir='ltr'>sus</span> <span class='ocrx_word' id='word_1_650' title='bbox 2079 3667 2471 3736; x_wconf 87' lang='lat' dir='ltr'>interrogasti,</span> <span class='ocrx_word' id='word_1_651' title='bbox 2500 3683 2743 3737; x_wconf 69' lang='lat' dir='ltr'>pmnam</span> <span class='ocrx_word' id='word_1_652' title='bbox 2776 3667 3019 3722; x_wconf 90' lang='lat' dir='ltr'>minime</span> <span class='ocrx_word' id='word_1_653' title='bbox 3042 3684 3385 3739; x_wconf 82' lang='lat' dir='ltr'>expressam</span> <span class='ocrx_word' id='word_1_654' title='bbox 3416 3671 3599 3740; x_wconf 88' lang='lat' dir='ltr'>signi-</span> 
     </span>
    </p>
   </div>
   <div class='ocr_carea' id='block_1_96' title="bbox 1947 3756 3596 3830">
    <p class='ocr_par' dir='ltr' id='par_1_96' title="bbox 1947 3756 3596 3830">
     <span class='ocr_line' id='line_1_96' title="bbox 1947 3756 3596 3830; baseline 0.002 -19"><span class='ocrx_word' id='word_1_655' title='bbox 1947 3758 2136 3811; x_wconf 76' lang='lat' dir='ltr'>ﬁcans</span> <span class='ocrx_word' id='word_1_656' title='bbox 2169 3774 2183 3822; x_wconf 87' lang='lat'><strong>;</strong></span> <span class='ocrx_word' id='word_1_657' title='bbox 2213 3756 2355 3811; x_wconf 90' lang='lat' dir='ltr'>illud</span> <span class='ocrx_word' id='word_1_658' title='bbox 2382 3756 2536 3821; x_wconf 90' lang='lat' dir='ltr'>dico,</span> <span class='ocrx_word' id='word_1_659' title='bbox 2572 3771 2866 3811; x_wconf 90' lang='lat' dir='ltr'>canonem</span> <span class='ocrx_word' id='word_1_660' title='bbox 2897 3772 2973 3811; x_wconf 89' lang='lat' dir='ltr'>ne</span> <span class='ocrx_word' id='word_1_661' title='bbox 3003 3758 3329 3813; x_wconf 83' lang='lat' dir='ltr'>concedere</span> <span class='ocrx_word' id='word_1_662' title='bbox 3347 3760 3596 3830; x_wconf 90' lang='lat' dir='ltr'>quidem</span> 
     </span>
    </p>
   </div>
   <div class='ocr_carea' id='block_1_97' title="bbox 1949 3845 3597 3919">
    <p class='ocr_par' dir='ltr' id='par_1_97' title="bbox 1949 3845 3597 3919">
     <span class='ocr_line' id='line_1_97' title="bbox 1949 3845 3597 3919; baseline 0.002 -19"><span class='ocrx_word' id='word_1_663' title='bbox 1949 3846 2300 3918; x_wconf 85' lang='lat' dir='ltr'>presbytero</span> <span class='ocrx_word' id='word_1_664' title='bbox 2330 3852 2390 3901; x_wconf 91' lang='lat' dir='ltr'>ut</span> <span class='ocrx_word' id='word_1_665' title='bbox 2410 3845 2468 3900; x_wconf 91' lang='lat' dir='ltr'>in</span> <span class='ocrx_word' id='word_1_666' title='bbox 2493 3845 2719 3915; x_wconf 89' lang='lat' dir='ltr'>digami</span> <span class='ocrx_word' id='word_1_667' title='bbox 2737 3846 2961 3916; x_wconf 90' lang='lat' dir='ltr'>nuptiis</span> <span class='ocrx_word' id='word_1_668' title='bbox 2976 3848 3353 3919; x_wconf 76' lang='lat' dir='ltr'>convivetur;</span> <span class='ocrx_word' id='word_1_669' title='bbox 3370 3855 3597 3919; x_wconf 90' lang='lat' dir='ltr'>quanto</span> 
     </span>
    </p>
   </div>
   <div class='ocr_carea' id='block_1_98' title="bbox 1950 3934 3597 4006">
    <p class='ocr_par' dir='ltr' id='par_1_98' title="bbox 1950 3934 3597 4006">
     <span class='ocr_line' id='line_1_98' title="bbox 1950 3934 3597 4006; baseline 0.003 -18"><span class='ocrx_word' id='word_1_670' title='bbox 1950 3934 2149 3988; x_wconf 88' lang='lat' dir='ltr'>minus</span> <span class='ocrx_word' id='word_1_671' title='bbox 2184 3940 2245 3989; x_wconf 94' lang='lat' dir='ltr'>ut</span> <span class='ocrx_word' id='word_1_672' title='bbox 2270 3934 2435 3989; x_wconf 87' lang='lat' dir='ltr'>illum</span> <span class='ocrx_word' id='word_1_673' title='bbox 2463 3941 2704 3989; x_wconf 90' lang='lat' dir='ltr'>coronet</span> <span class='ocrx_word' id='word_1_674' title='bbox 2730 3936 2832 4006; x_wconf 91' lang='lat' dir='ltr'>qui</span> <span class='ocrx_word' id='word_1_675' title='bbox 2860 3934 2993 3991; x_wconf 90' lang='lat' dir='ltr'>talis</span> <span class='ocrx_word' id='word_1_676' title='bbox 3024 3940 3110 3989; x_wconf 91' lang='lat' dir='ltr'>est</span> <span class='ocrx_word' id='word_1_677' title='bbox 3140 3934 3168 3990; x_wconf 80' lang='lat'><strong>?</strong></span> <span class='ocrx_word' id='word_1_678' title='bbox 3192 3939 3423 3993; x_wconf 89' lang='lat' dir='ltr'>Corona</span> <span class='ocrx_word' id='word_1_679' title='bbox 3438 3939 3597 3993; x_wconf 90' lang='lat' dir='ltr'>enim</span> 
     </span>
    </p>
   </div>
   <div class='ocr_carea' id='block_1_99' title="bbox 1950 4022 3600 4095">
    <p class='ocr_par' dir='ltr' id='par_1_99' title="bbox 1950 4022 3600 4095">
     <span class='ocr_line' id='line_1_99' title="bbox 1950 4022 3600 4095; baseline 0.002 -18"><span class='ocrx_word' id='word_1_680' title='bbox 1950 4022 2002 4077; x_wconf 91' lang='lat' dir='ltr'>ei</span> <span class='ocrx_word' id='word_1_681' title='bbox 2037 4023 2380 4094; x_wconf 87' lang='lat' dir='ltr'>imponitur,</span> <span class='ocrx_word' id='word_1_682' title='bbox 2406 4023 2508 4095; x_wconf 90' lang='lat' dir='ltr'>qui</span> <span class='ocrx_word' id='word_1_683' title='bbox 2533 4024 2669 4078; x_wconf 91' lang='lat' dir='ltr'>vicit</span> <span class='ocrx_word' id='word_1_684' title='bbox 2699 4024 3242 4095; x_wconf 89' lang='lat' dir='ltr'>intemperantiam,</span> <span class='ocrx_word' id='word_1_685' title='bbox 3278 4030 3334 4079; x_wconf 90' lang='lat' dir='ltr'>et</span> <span class='ocrx_word' id='word_1_686' title='bbox 3359 4025 3600 4095; x_wconf 87' lang='lat' dir='ltr'>virgini-</span> 
     </span>
    </p>
   </div>
   <div class='ocr_carea' id='block_1_100' title="bbox 1952 4111 3601 4176">
    <p class='ocr_par' dir='ltr' id='par_1_100' title="bbox 1952 4111 3601 4176">
     <span class='ocr_line' id='line_1_100' title="bbox 1952 4111 3601 4176; baseline 0.002 -11"><span class='ocrx_word' id='word_1_687' title='bbox 1952 4112 2081 4165; x_wconf 89' lang='lat' dir='ltr'>tatis</span> <span class='ocrx_word' id='word_1_688' title='bbox 2120 4112 2304 4166; x_wconf 91' lang='lat' dir='ltr'>decus</span> <span class='ocrx_word' id='word_1_689' title='bbox 2351 4111 2743 4167; x_wconf 88' lang='lat' dir='ltr'>conservavit.</span> <span class='ocrx_word' id='word_1_690' title='bbox 2793 4112 2902 4176; x_wconf 86' lang='lat' dir='ltr'>Qui</span> <span class='ocrx_word' id='word_1_691' title='bbox 2954 4127 3095 4167; x_wconf 87' lang='lat' dir='ltr'>vero</span> <span class='ocrx_word' id='word_1_692' title='bbox 3150 4113 3446 4169; x_wconf 86' lang='lat' dir='ltr'>secundas</span> <span class='ocrx_word' id='word_1_693' title='bbox 3494 4130 3601 4169; x_wconf 89' lang='lat' dir='ltr'>nu-</span> 
     </span>
    </p>
   </div>
   <div class='ocr_carea' id='block_1_101' title="bbox 1950 4199 3599 4274">
    <p class='ocr_par' dir='ltr' id='par_1_101' title="bbox 1950 4199 3599 4274">
     <span class='ocr_line' id='line_1_101' title="bbox 1950 4199 3599 4274; baseline 0.003 -21"><span class='ocrx_word' id='word_1_694' title='bbox 1950 4199 2101 4270; x_wconf 86' lang='lat' dir='ltr'>ptias</span> <span class='ocrx_word' id='word_1_695' title='bbox 2132 4200 2256 4267; x_wconf 90' lang='lat' dir='ltr'>init,</span> <span class='ocrx_word' id='word_1_696' title='bbox 2289 4207 2690 4272; x_wconf 66' lang='lat' dir='ltr'>praeterquam</span> <span class='ocrx_word' id='word_1_697' title='bbox 2706 4200 2870 4273; x_wconf 89' lang='lat' dir='ltr'>quod</span> <span class='ocrx_word' id='word_1_698' title='bbox 2893 4200 3114 4270; x_wconf 89' lang='lat' dir='ltr'>dignus</span> <span class='ocrx_word' id='word_1_699' title='bbox 3136 4218 3258 4257; x_wconf 90' lang='lat' dir='ltr'>non</span> <span class='ocrx_word' id='word_1_700' title='bbox 3273 4203 3475 4274; x_wconf 90' lang='lat' dir='ltr'>estqui</span> <span class='ocrx_word' id='word_1_701' title='bbox 3504 4219 3599 4259; x_wconf 89' lang='lat' dir='ltr'>co-</span> 
     </span>
    </p>
   </div>
   <div class='ocr_carea' id='block_1_102' title="bbox 1949 4289 3600 4361">
    <p class='ocr_par' dir='ltr' id='par_1_102' title="bbox 1949 4289 3600 4361">
     <span class='ocr_line' id='line_1_102' title="bbox 1949 4289 3600 4361; baseline 0.003 -18"><span class='ocrx_word' id='word_1_702' title='bbox 1949 4297 2212 4354; x_wconf 88' lang='lat' dir='ltr'>ronetur,</span> <span class='ocrx_word' id='word_1_703' title='bbox 2244 4305 2547 4345; x_wconf 90' lang='lat' dir='ltr'>canonum</span> <span class='ocrx_word' id='word_1_704' title='bbox 2574 4292 2753 4344; x_wconf 91' lang='lat' dir='ltr'>etiam</span> <span class='ocrx_word' id='word_1_705' title='bbox 2784 4289 2977 4361; x_wconf 68' lang='lat' dir='ltr'>poenis</span> <span class='ocrx_word' id='word_1_706' title='bbox 3006 4295 3092 4345; x_wconf 91' lang='lat' dir='ltr'>est</span> <span class='ocrx_word' id='word_1_707' title='bbox 3122 4290 3437 4347; x_wconf 83' lang='lat' dir='ltr'>obnoxius.</span> <span class='ocrx_word' id='word_1_708' title='bbox 3475 4294 3600 4357; x_wconf 93' lang='lat' dir='ltr'>Quo</span> 
     </span>
    </p>
   </div>
   <div class='ocr_carea' id='block_1_103' title="bbox 1949 4377 3603 4452">
    <p class='ocr_par' dir='ltr' id='par_1_103' title="bbox 1949 4377 3603 4452">
     <span class='ocr_line' id='line_1_103' title="bbox 1949 4377 3603 4452; baseline 0.003 -21"><span class='ocrx_word' id='word_1_709' title='bbox 1949 4377 2126 4447; x_wconf 88' lang='lat' dir='ltr'>igitur</span> <span class='ocrx_word' id='word_1_710' title='bbox 2150 4384 2323 4449; x_wconf 92' lang='lat' dir='ltr'>pacto</span> <span class='ocrx_word' id='word_1_711' title='bbox 2352 4394 2641 4434; x_wconf 91' lang='lat' dir='ltr'>coronare</span> <span class='ocrx_word' id='word_1_712' title='bbox 2665 4394 2853 4433; x_wconf 90' lang='lat' dir='ltr'>ausus</span> <span class='ocrx_word' id='word_1_713' title='bbox 2881 4384 2969 4435; x_wconf 91' lang='lat' dir='ltr'>est</span> <span class='ocrx_word' id='word_1_714' title='bbox 2993 4395 3116 4446; x_wconf 90' lang='lat' dir='ltr'>eos,</span> <span class='ocrx_word' id='word_1_715' title='bbox 3140 4380 3244 4452; x_wconf 91' lang='lat' dir='ltr'>qui</span> <span class='ocrx_word' id='word_1_716' title='bbox 3264 4396 3335 4436; x_wconf 85' lang='lat' dir='ltr'>ex</span> <span class='ocrx_word' id='word_1_717' title='bbox 3357 4382 3603 4436; x_wconf 83' lang='lat' dir='ltr'>canoni-</span> 
     </span>
    </p>
   </div>
   <div class='ocr_carea' id='block_1_104' title="bbox 1948 4467 3601 4538">
    <p class='ocr_par' dir='ltr' id='par_1_104' title="bbox 1948 4467 3601 4538">
     <span class='ocr_line' id='line_1_104' title="bbox 1948 4467 3601 4538; baseline 0.002 -15"><span class='ocrx_word' id='word_1_718' title='bbox 1948 4467 2064 4523; x_wconf 90' lang='lat' dir='ltr'>bus</span> <span class='ocrx_word' id='word_1_719' title='bbox 2112 4468 2186 4523; x_wconf 90' lang='lat' dir='ltr'>de</span> <span class='ocrx_word' id='word_1_720' title='bbox 2252 4468 2519 4538; x_wconf 90' lang='lat' dir='ltr'>digamia</span> <span class='ocrx_word' id='word_1_721' title='bbox 2574 4467 2866 4523; x_wconf 89' lang='lat' dir='ltr'>multandi</span> <span class='ocrx_word' id='word_1_722' title='bbox 2916 4469 3121 4523; x_wconf 79' lang='lat' dir='ltr'>sunt?</span> <span class='ocrx_word' id='word_1_723' title='bbox 3170 4471 3601 4537; x_wconf 85' lang='lat' dir='ltr'>Quamobrem,</span> 
     </span>
    </p>
   </div>
   <div class='ocr_carea' id='block_1_105' title="bbox 1949 4556 3601 4626">
    <p class='ocr_par' dir='ltr' id='par_1_105' title="bbox 1949 4556 3601 4626">
     <span class='ocr_line' id='line_1_105' title="bbox 1949 4556 3601 4626; baseline 0.002 -15"><span class='ocrx_word' id='word_1_724' title='bbox 1949 4557 2211 4626; x_wconf 84' lang='lat' dir='ltr'>ignosce,</span> <span class='ocrx_word' id='word_1_725' title='bbox 2251 4562 2312 4611; x_wconf 93' lang='lat' dir='ltr'>ut</span> <span class='ocrx_word' id='word_1_726' title='bbox 2341 4556 2567 4611; x_wconf 89' lang='lat' dir='ltr'>crimen</span> <span class='ocrx_word' id='word_1_727' title='bbox 2606 4556 2767 4612; x_wconf 89' lang='lat' dir='ltr'>aliud</span> <span class='ocrx_word' id='word_1_728' title='bbox 2801 4557 3031 4613; x_wconf 90' lang='lat' dir='ltr'>nullum</span> <span class='ocrx_word' id='word_1_729' title='bbox 3076 4564 3216 4625; x_wconf 91' lang='lat' dir='ltr'>eset,</span> <span class='ocrx_word' id='word_1_730' title='bbox 3260 4559 3601 4614; x_wconf 87' lang='lat' dir='ltr'>nullatenus</span> 
     </span>
    </p>
   </div>
   <div class='ocr_carea' id='block_1_106' title="bbox 1950 4646 3604 4720">
    <p class='ocr_par' dir='ltr' id='par_1_106' title="bbox 1950 4646 3604 4720">
     <span class='ocr_line' id='line_1_106' title="bbox 1950 4646 3604 4720; baseline 0.002 -20"><span class='ocrx_word' id='word_1_731' title='bbox 1950 4646 2281 4701; x_wconf 85' lang='lat' dir='ltr'>sacriﬁcare</span> <span class='ocrx_word' id='word_1_732' title='bbox 2311 4647 2668 4717; x_wconf 90' lang='lat' dir='ltr'>permissum</span> <span class='ocrx_word' id='word_1_733' title='bbox 2690 4651 2815 4709; x_wconf 85' lang='lat' dir='ltr'>est;</span> <span class='ocrx_word' id='word_1_734' title='bbox 2846 4647 3011 4703; x_wconf 91' lang='lat' dir='ltr'>haud</span> <span class='ocrx_word' id='word_1_735' title='bbox 3042 4648 3165 4703; x_wconf 90' lang='lat' dir='ltr'>scio</span> <span class='ocrx_word' id='word_1_736' title='bbox 3190 4664 3267 4703; x_wconf 91' lang='lat' dir='ltr'>an</span> <span class='ocrx_word' id='word_1_737' title='bbox 3284 4665 3389 4720; x_wconf 91' lang='lat' dir='ltr'>per</span> <span class='ocrx_word' id='word_1_738' title='bbox 3406 4648 3604 4703; x_wconf 82' lang='lat' dir='ltr'>indul-</span> 
     </span>
    </p>
   </div>
   <div class='ocr_carea' id='block_1_107' title="bbox 1949 4735 3602 4808">
    <p class='ocr_par' dir='ltr' id='par_1_107' title="bbox 1949 4735 3602 4808">
     <span class='ocr_line' id='line_1_107' title="bbox 1949 4735 3602 4808; baseline 0.001 -19"><span class='ocrx_word' id='word_1_739' title='bbox 1949 4735 2211 4805; x_wconf 89' lang='lat' dir='ltr'>gentiam</span> <span class='ocrx_word' id='word_1_740' title='bbox 2242 4735 2589 4806; x_wconf 90' lang='lat' dir='ltr'>dispensare</span> <span class='ocrx_word' id='word_1_741' title='bbox 2620 4736 2777 4790; x_wconf 89' lang='lat' dir='ltr'>circa</span> <span class='ocrx_word' id='word_1_742' title='bbox 2816 4741 3215 4800; x_wconf 89' lang='lat' dir='ltr'>sacramenta,</span> <span class='ocrx_word' id='word_1_743' title='bbox 3248 4753 3382 4808; x_wconf 80' lang='lat' dir='ltr'>quae</span> <span class='ocrx_word' id='word_1_744' title='bbox 3404 4737 3481 4792; x_wconf 88' lang='lat' dir='ltr'>ab</span> <span class='ocrx_word' id='word_1_745' title='bbox 3514 4737 3602 4791; x_wconf 91' lang='lat' dir='ltr'>in-</span> 
     </span>
    </p>
   </div>
   <div class='ocr_carea' id='block_1_108' title="bbox 1948 4823 3602 4898">
    <p class='ocr_par' dir='ltr' id='par_1_108' title="bbox 1948 4823 3602 4898">
     <span class='ocr_line' id='line_1_108' title="bbox 1948 4823 3602 4898; baseline 0.001 -19"><span class='ocrx_word' id='word_1_746' title='bbox 1948 4826 2128 4879; x_wconf 86' lang='lat' dir='ltr'>noxio</span> <span class='ocrx_word' id='word_1_747' title='bbox 2146 4825 2492 4895; x_wconf 89' lang='lat' dir='ltr'>presbytero</span> <span class='ocrx_word' id='word_1_748' title='bbox 2514 4823 2732 4880; x_wconf 92' lang='lat' dir='ltr'>fuerint</span> <span class='ocrx_word' id='word_1_749' title='bbox 2750 4831 3116 4881; x_wconf 87' lang='lat' dir='ltr'>consecrata.</span> <span class='ocrx_word' id='word_1_750' title='bbox 3136 4827 3211 4880; x_wconf 90' lang='lat' dir='ltr'>De</span> <span class='ocrx_word' id='word_1_751' title='bbox 3234 4826 3469 4891; x_wconf 90' lang='lat' dir='ltr'>lectore,</span> <span class='ocrx_word' id='word_1_752' title='bbox 3487 4826 3602 4898; x_wconf 92' lang='lat' dir='ltr'>qui</span> 
     </span>
    </p>
   </div>
   <div class='ocr_carea' id='block_1_109' title="bbox 1950 4918 3599 4986">
    <p class='ocr_par' dir='ltr' id='par_1_109' title="bbox 1950 4918 3599 4986">
     <span class='ocr_line' id='line_1_109' title="bbox 1950 4918 3599 4986; baseline 0.001 -19"><span class='ocrx_word' id='word_1_753' title='bbox 1950 4929 2131 4985; x_wconf 68' lang='lat' dir='ltr'>paena</span> <span class='ocrx_word' id='word_1_754' title='bbox 2162 4918 2441 4984; x_wconf 90' lang='lat' dir='ltr'>suscepta</span> <span class='ocrx_word' id='word_1_755' title='bbox 2479 4928 2751 4969; x_wconf 85' lang='lat' dir='ltr'>reversus</span> <span class='ocrx_word' id='word_1_756' title='bbox 2792 4919 2899 4978; x_wconf 90' lang='lat' dir='ltr'>est,</span> <span class='ocrx_word' id='word_1_757' title='bbox 2951 4930 3193 4986; x_wconf 67' lang='lat' dir='ltr'>aaquum</span> <span class='ocrx_word' id='word_1_758' title='bbox 3234 4920 3322 4969; x_wconf 92' lang='lat' dir='ltr'>est</span> <span class='ocrx_word' id='word_1_759' title='bbox 3363 4919 3423 4969; x_wconf 91' lang='lat' dir='ltr'>ut</span> <span class='ocrx_word' id='word_1_760' title='bbox 3462 4919 3599 4969; x_wconf 86' lang='lat' dir='ltr'>ante</span> 
     </span>
    </p>
   </div>
   <div class='ocr_carea' id='block_1_110' title="bbox 1949 5001 3594 5073">
    <p class='ocr_par' dir='ltr' id='par_1_110' title="bbox 1949 5001 3594 5073">
     <span class='ocr_line' id='line_1_110' title="bbox 1949 5001 3594 5073; baseline 0.002 -18"><span class='ocrx_word' id='word_1_761' title='bbox 1949 5001 2164 5073; x_wconf 88' lang='lat' dir='ltr'>synodi</span> <span class='ocrx_word' id='word_1_762' title='bbox 2199 5006 2433 5072; x_wconf 88' lang='lat' dir='ltr'>tempus</span> <span class='ocrx_word' id='word_1_763' title='bbox 2463 5002 2810 5073; x_wconf 85' lang='lat' dir='ltr'>Apostolum</span> <span class='ocrx_word' id='word_1_764' title='bbox 2843 5017 2962 5057; x_wconf 91' lang='lat' dir='ltr'>non</span> <span class='ocrx_word' id='word_1_765' title='bbox 3000 5002 3176 5071; x_wconf 86' lang='lat' dir='ltr'>legat.</span> <span class='ocrx_word' id='word_1_766' title='bbox 3205 5006 3349 5057; x_wconf 87' lang='lat' dir='ltr'>Nam</span> <span class='ocrx_word' id='word_1_767' title='bbox 3378 5007 3431 5058; x_wconf 90' lang='lat' dir='ltr'>et</span> <span class='ocrx_word' id='word_1_768' title='bbox 3463 5019 3594 5073; x_wconf 91' lang='lat' dir='ltr'>pre-</span> 
     </span>
    </p>
   </div>
   <div class='ocr_carea' id='block_1_111' title="bbox 1949 5090 3603 5163">
    <p class='ocr_par' dir='ltr' id='par_1_111' title="bbox 1949 5090 3603 5163">
     <span class='ocr_line' id='line_1_111' title="bbox 1949 5090 3603 5163; baseline 0.001 -18"><span class='ocrx_word' id='word_1_769' title='bbox 1949 5091 2149 5163; x_wconf 87' lang='lat' dir='ltr'>sbyter</span> <span class='ocrx_word' id='word_1_770' title='bbox 2176 5090 2520 5146; x_wconf 88' lang='lat' dir='ltr'>inhibetura</span> <span class='ocrx_word' id='word_1_771' title='bbox 2542 5091 2852 5159; x_wconf 81' lang='lat' dir='ltr'>sacriﬁcio,</span> <span class='ocrx_word' id='word_1_772' title='bbox 2887 5096 2941 5147; x_wconf 88' lang='lat' dir='ltr'>et</span> <span class='ocrx_word' id='word_1_773' title='bbox 2963 5090 3255 5147; x_wconf 90' lang='lat' dir='ltr'>diaconus</span> <span class='ocrx_word' id='word_1_774' title='bbox 3285 5108 3319 5147; x_wconf 92' lang='lat' dir='ltr'>a</span> <span class='ocrx_word' id='word_1_775' title='bbox 3341 5093 3603 5147; x_wconf 89' lang='lat' dir='ltr'>ministe-</span> 
     </span>
    </p>
   </div>
   <div class='ocr_carea' id='block_1_112' title="bbox 1949 5179 3575 5246">
    <p class='ocr_par' dir='ltr' id='par_1_112' title="bbox 1949 5179 3575 5246">
     <span class='ocr_line' id='line_1_112' title="bbox 1949 5179 3575 5246; baseline 0.002 -12"><span class='ocrx_word' id='word_1_776' title='bbox 1949 5180 2057 5246; x_wconf 87' lang='lat' dir='ltr'>rio,</span> <span class='ocrx_word' id='word_1_777' title='bbox 2086 5184 2141 5235; x_wconf 91' lang='lat' dir='ltr'>et</span> <span class='ocrx_word' id='word_1_778' title='bbox 2166 5180 2346 5235; x_wconf 90' lang='lat' dir='ltr'>lector</span> <span class='ocrx_word' id='word_1_779' title='bbox 2366 5179 2692 5239; x_wconf 90' lang='lat' dir='ltr'>alectione.</span> <span class='ocrx_word' id='word_1_780' title='bbox 2716 5181 2835 5236; x_wconf 90' lang='lat' dir='ltr'>Nos</span> <span class='ocrx_word' id='word_1_781' title='bbox 2869 5179 2959 5237; x_wconf 89' lang='lat' dir='ltr'>ita</span> <span class='ocrx_word' id='word_1_782' title='bbox 2984 5180 3277 5237; x_wconf 86' lang='lat' dir='ltr'>sentimus</span> <span class='ocrx_word' id='word_1_783' title='bbox 3315 5185 3371 5238; x_wconf 89' lang='lat' dir='ltr'>et</span> <span class='ocrx_word' id='word_1_784' title='bbox 3407 5182 3575 5237; x_wconf 81' lang='lat' dir='ltr'>sancl</span> 
     </span>
    </p>
   </div>
   <div class='ocr_carea' id='block_1_113' title="bbox 1816 5404 2037 5470">
    <p class='ocr_par' dir='ltr' id='par_1_113' title="bbox 1816 5404 2037 5470">
     <span class='ocr_line' id='line_1_113' title="bbox 1816 5404 2037 5470; baseline -0.009 -2"><span class='ocrx_word' id='word_1_785' title='bbox 1816 5404 2037 5470; x_wconf 63' lang='lat' dir='ltr'>NOTAE.</span> 
     </span>
    </p>
   </div>
   <div class='ocr_carea' id='block_1_114' title="bbox 319 5546 1063 5639">
    <p class='ocr_par' dir='ltr' id='par_1_114' title="bbox 319 5546 1063 5639">
     <span class='ocr_line' id='line_1_114' title="bbox 319 5546 1063 5639; baseline -0.004 -19"><span class='ocrx_word' id='word_1_786' title='bbox 319 5563 455 5637; x_wconf 85' lang='lat'>(85)</span> <span class='ocrx_word' id='word_1_787' title='bbox 492 5563 559 5619; x_wconf 89' lang='lat' dir='ltr'>In</span> <span class='ocrx_word' id='word_1_788' title='bbox 598 5562 733 5620; x_wconf 91' lang='lat' dir='ltr'>cod.</span> <span class='ocrx_word' id='word_1_789' title='bbox 764 5565 902 5633; x_wconf 84' lang='lat' dir='ltr'>Reg.</span> <span class='ocrx_word' id='word_1_790' title='bbox 935 5546 1063 5639; x_wconf 62' lang='grc' dir='ltr'>ρΒδ.</span> 
     </span>
    </p>
   </div>
  </div>
