2029 3137
233 127 303 156 1579

864 127 894 156 S.
915 126 1097 156 THEODORI
1118 129 1275 158 STUDITE

1837 131 1907 160 4580

230 191 342 227 accipe,
364 192 406 218 vir
422 190 608 222 charissime,
621 198 681 218 non
705 199 769 226 quae
790 191 939 218 facundiae
959 194 987 219 et
998 190 1054 219 ele-

1112 189 1203 227 δέχοιο
1218 195 1262 218 καὶ
1278 192 1360 226 αὖθις,
1384 193 1404 218 ὦ
1426 194 1586 230 τριπόθητν
1611 193 1687 221 οὐδὲν
1709 197 1753 229 μὲν
1779 196 1840 231 ἕχον
1868 195 1910 221 εὔ-

232 235 513 270 gantiaequidquam
523 235 663 267 habeant,
675 238 706 262 ut
718 239 748 262 tu
756 235 915 262 blandiens
927 236 1000 263 dicis
1011 239 1057 269 ;at

231 286 299 314 quae
308 278 461 306 charitatis
470 278 642 314 symbolum
651 280 720 306 sunt
727 279 831 314 procul
845 279 938 306 dubio
948 287 953 306 :
962 287 1058 315 quan-

231 326 320 358 toque
335 323 499 350 crebriores
516 322 625 349 fuerint
639 322 803 350 litterarum
821 323 911 356 vices,
932 326 1013 351 tanto
1029 326 1058 351 et

230 367 382 396 charitatis
390 366 633 395 crescataﬁ'ectus
642 375 647 395 :
657 375 717 403 quo
728 367 802 403 quid
815 367 1056 403 optabilius.esse

230 412 324 447 possit
337 412 351 439 ‘I
367 411 473 439 Verum
482 412 547 439 haec
556 412 649 439 missa
664 412 809 439 faciamus
826 420 832 439 :
851 411 888 440 ad
901 412 1057 448 sequentia

230 459 336 492 pergat
344 456 450 484 oratio.
459 456 537 488 Quid
543 456 600 484 hoc
609 459 654 484 est
664 456 747 492 quod
758 457 841 492 apud
848 464 902 484 vos
910 459 1055 484 tentatum

230 503 274 529 est
289 501 356 528 novi
371 500 385 527 Τ
395 504 423 528 et
437 500 561 536 quinam
576 500 606 528 hi
625 501 695 528 novi
715 500 871 534 dracones,
889 501 1056 537 Charybdis

231 546 324 573 instar
339 545 534 574 absorbentes
548 545 678 577 animas,
708 553 774 581 quin
800 545 931 573 veritatis
965 545 1055 573 verbo

229 590 354 618 ﬁrmatae.
362 589 517 618 nonsunt?
528 591 570 617 Tu
582 590 705 626 quidem
718 590 801 618 haud
813 590 974 618 nominasti
983 598 989 618 :
999 598 1055 618 nos

230 642 311 668 vero,
334 636 423 663 etiam
446 638 608 671 antequam
633 635 734 663 litterae
758 638 814 663 tuas
842 635 1054 670 signiﬁcarent,

228 679 607 716 vehementerplanximus,
618 680 706 707 unius
717 679 856 712 hominis,
865 688 958 707 causa
966 680 1055 707 haere-

230 724 289 758 tici,
306 732 360 751 seu
385 724 484 760 potius
509 732 612 752 revera
631 724 799 760 blasphemi
820 724 851 752 in
877 726 981 757 Deum,
1003 724 1055 760 qui

230 768 402 796 chartularii
414 776 526 796 munus
539 768 602 796 istic
615 769 653 796 ab
666 769 846 805 imperatore
860 769 987 804 adeptus
1000 772 1054 803 est,

228 813 308 841 hanc
322 813 522 841 celeberrimae
538 813 641 841 Siciliae
660 814 823 849 perniciem
837 813 969 841 dicentes
981 813 1055 841 obti-

1111 239 1205 272 πρεπές
1226 246 1253 263 τε
1283 240 1328 263 καὶ
1353 236 1489 274 εὐφραδες,
1506 239 1541 269 ὡς
1568 240 1663 276 χάριτι
1690 241 1750 274 φὴς,
1777 241 1806 265 τὸ
1823 239 1848 265 δ’
1864 238 1908 265 οὖν

1110 284 1156 310 τῆς
1169 280 1275 316 ἀγάπης
1303 281 1432 317 σύμϐολον
1455 285 1499 308 καὶ
1525 284 1592 308 πάνυ
1609 283 1839 319 ὁμολογουμένως·
1863 286 1909 310 καί

1110 334 1138 360 γε
1152 326 1212 351 ὅσον
1232 327 1247 354 ἠ
1276 325 1411 357 ἀντίδοσις
1434 331 1483 352 τῶν
1509 328 1668 363 γραμμάτων
1683 331 1791 363 γίνοιτο,
1815 332 1909 354 τοσοῦ-

1111 379 1153 395 τον
1167 370 1181 398 ἡ
1196 373 1244 401 τῆς
1259 369 1363 405 ἀγάπης
1377 369 1493 401 διάθεσις
1509 371 1623 403 αὔξοιτο.
1641 372 1679 398 Οὗ
1693 373 1759 399 τὶᾶν
1771 374 1810 402 εἴη
1827 382 1909 399 σπου-

1111 412 1264 451 δαιότερον;
1282 414 1359 441 Ἀλλὰ
1373 419 1449 441 τοῦτο
1471 419 1514 441 νῦν
1539 417 1635 442 κείσθω
1650 416 1761 443 ἐνταῦθα
1777 426 1782 432 ·
1799 419 1864 454 πρὸς
1878 415 1908 443 δε

1110 460 1139 484 το
1155 457 1369 495 ἐξῆςβαδιστέος
1397 460 1409 485 6
1437 460 1521 495 λόγος.
1548 463 1581 487 Τί
1601 463 1628 486 τό
1655 466 1698 487 νῦν
1721 463 1907 497 καινοτομηθὲν

1110 502 1134 528 ἓν
1162 507 1217 534 τοῖς
1245 503 1354 538 aui-69¢;
1375 506 1419 530 καὶ
1449 507 1515 536 τίνες
1551 506 1575 531 οὶ
1608 509 1733 542 νεοφανεῖς
1770 505 1909 543 δράκοντες

1109 546 1288 583 Χαρυϐδηδόν
1319 552 1500 579 καταπίνοντες
1536 549 1630 585 ψυχὰς
1655 552 1691 585 μὴ
1721 551 1910 587 ἑστηριγμένας

1108 596 1145 627 τῷ
1169 592 1235 628 λόγῳ
1251 597 1296 623 τῆς
1321 592 1464 626 ἀληθείας;
1492 594 1571 624 Αὐτὸς
1586 596 1630 629 μὶν
1653 593 1697 620 οὖν
1719 595 1766 621 οὐκ
1781 595 1909 631 ἑξωνομά-

1108 644 1202 667 τισας”
1219 638 1294 673 ἡμεῖς
1310 635 1349 670 δὲ,
1377 640 1422 663 καὶ
1442 639 1491 674 πρὸ
1515 642 1562 669 τῆς
1591 637 1730 670 δηλώσεως
1757 644 1806 665 τῶν
1820 649 1909 676 γραμ-

1108 683 1206 717 μάτων,
1234 682 1453 718 κατεστενάξαμεν
1471 684 1510 708 ὃτι
1534 683 1650 718 μάλιστα
1671 683 1710 719 ἐφ’
1734 683 1809 719 ἀνδρὶ
1837 685 1910 721 αἱρε-

1107 731 1180 761 τικῷ,
1207 726 1302 762 μᾶλλον
1327 725 1356 753 δὲ
1377 726 1527 763 βλασφήμῳ
1553 732 1589 763 τῷ
1614 729 1668 753 ὄντι
1689 728 1723 758 εἰς
1756 731 1830 760 Θεὸν,
1860 728 1909 754 λα-

1108 774 1185 807 χόντι
1214 770 1239 796 ἐν
1253 774 1304 801 τοῖς
1330 771 1422 797 αὐτόθι
1447 774 1517 807 παρὰ
1543 776 1589 798 τοῦ
1624 773 1735 809 κράτους
1757 773 1910 810 χαρτουλα-

1107 816 1199 852 ρεύειν,
1224 816 1304 841 ἐκεῖνό
1333 815 1456 848 εἰπόντες,
1490 817 1530 842 ὅτι
1554 826 1582 852 γε
1610 820 1655 847 τῆς
1684 817 1839 853 περιϐοήτου
1869 820 1910 843 Σι-

228 859 316 894 gisse.
329 857 412 886 lstud
427 861 527 886 autem
542 858 664 886 exitium
681 866 741 886 non
761 866 796 885 ex
819 857 990 893 dogmatica
1003 859 1054 885 do-

1108 861 1193 891 κελίας
1215 861 1322 896 ἔφθασεν
1345 859 1458 897 ὄλεθρος.
1489 859 1556 887 Τόδε
1581 863 1608 887 τὸ
1638 865 1714 897 πῆμα
1735 862 1780 888 οὐκ
1800 861 1828 887 ἐκ
1844 860 1910 897 δογ-

229 903 323 930 ctrina
333 902 496 931 conﬂatum
509 905 553 930 est
566 911 572 930 :
585 903 728 930 doctrinae
739 903 817 930 enim
830 910 936 938 expers
950 903 1055 937 ingens

228 947 294 975 haec
307 950 423 975 statua:
438 948 490 975 sed
500 947 539 975 ab
554 947 648 983 impia
660 947 940 983 menteprofectum,
954 949 1055 983 atque,

229 995 262 1020 ut
279 992 362 1028 quod
374 993 472 1020 verius
485 995 529 1020 est
544 992 671 1025 dicatur,
689 992 727 1019 ad
743 992 925 1028 impietatem
943 992 1054 1027 amajo-

228 1037 311 1065 ribus
318 1039 423 1065 natum
440 1045 446 1064 :
460 1037 620 1073 etquidem
630 1045 698 1064 cum
710 1036 828 1064 duobus
844 1036 910 1064 aliis
929 1044 1055 1064 consan-

230 1082 356 1118 guineis.
372 1081 430 1110 Sed
436 1082 490 1109 hos
500 1081 637 1114 Trinitas,
646 1081 717 1115 scio,
726 1081 906 1117 proﬂigabit,
914 1084 942 1109 et
954 1084 1055 1109 vestro

230 1126 391 1154 etaliorum
404 1126 455 1161 qui
465 1126 619 1154 veritatem
633 1133 693 1153 una
701 1125 867 1153 defendunt
878 1133 928 1154 ore
941 1126 1054 1153 divino.

229 1171 272 1198 Tu
282 1179 350 1198 vero
363 1172 391 1198 et
406 1171 447 1198 tui
463 1170 575 1198 similes
592 1170 714 1198 minime
730 1170 827 1197 turbet
842 1170 941 1197 adhuc
954 1170 1055 1197 furens

229 1215 362 1243 hmresis.
376 1214 516 1242 Nondum
526 1215 607 1242 enim
622 1222 785 1242 excussum
796 1216 824 1241 et
839 1216 1000 1241 contusum
1011 1217 1055 1242 est

230 1260 350 1292 malum,
366 1267 421 1286 nec
430 1259 500 1287 satis
511 1259 610 1286 adhuc
619 1259 764 1295 probatus
774 1258 907 1286 ﬁdelium
920 1259 949 1285 in
962 1260 1053 1286 Deum

230 1312 317 1332 amor
329 1313 335 1330 :
348 1311 382 1331 ac
393 1306 536 1339 praeterea
545 1311 605 1331 non
621 1311 786 1339 possumus
799 1303 913 1338 ingredi
923 1303 953 1330 in
965 1303 1056 1338 abys-

231 1357 298 1376 sum
311 1348 493 1384 judiciorum
508 1349 567 1380 Dei,
581 1349 736 1384 quomodo
747 1348 893 1383 populum
910 1355 999 1375 suum
1012 1348 1056 1374 in-

229 1393 377 1421 ﬁdelitatis
386 1392 515 1428 procella
523 1400 617 1428 usque
623 1393 699 1420 adeo
708 1392 812 1427 agitari
819 1391 1055 1419 sinat.Caeterum

230 1437 378 1465 sermonis
394 1437 545 1465 conclusio
558 1440 611 1469 est,
629 1439 661 1464 ut
678 1438 730 1473 qui
737 1437 858 1472 probati
867 1440 947 1468 sunt,
960 1437 1056 1464 mani-

226 1483 299 1518 festi
312 1483 388 1516 ﬁant
404 1482 427 1499 ³³
444 1490 451 1515 ;
468 1482 544 1509 sicut
559 1481 715 1517 sapientiae
736 1482 925 1518 dispensator
946 1481 1055 1508 Paulus

229 1527 312 1555 dixit.
327 1528 514 1562 Quapropter
528 1526 694 1559 hortamur,
708 1526 952 1561 etobsecramus,
965 1534 1002 1553 ne
1012 1525 1054 1554 fa-

229 1571 337 1607 tigeris,
349 1579 447 1607 neque
462 1579 559 1598 cesses
574 1570 760 1598 adversarios
775 1578 946 1605 coarguere,
962 1578 998 1598 ex
1011 1570 1054 1598 in-

230 1616 301 1644 timo
316 1616 414 1644 cordis
429 1617 469 1643 tui
485 1623 566 1651 penu
580 1614 684 1642 divina
703 1623 845 1650 promens
860 1614 1052 1647 documenta,

229 1663 319 1697 atque
333 1660 402 1688 hinc
418 1660 574 1696 perspicue
592 1660 813 1692 demonstrans,
830 1660 975 1688 Christum
992 1667 1052 1687 non

228 1713 293 1734 esse
305 1705 461 1738 Christum,
476 1705 531 1732 nisi
542 1704 628 1739 juxta
636 1705 766 1740 ﬁguram
780 1708 914 1732 nostram
929 1704 1054 1732 circum-

229 1750 385 1778 scribatur.
412 1751 486 1777 Nam
515 1750 539 1777 si
560 1757 630 1777 caro
655 1749 750 1776 factus
770 1751 821 1782 est,
842 1748 943 1785 utique
963 1749 1053 1777 veluti

229 1802 299 1823 caro
311 1794 581 1822 eircumscribetur.
597 1793 680 1826 Quod
703 1801 773 1821 vero
792 1801 854 1821 non
872 1793 1053 1821 circumscri-

228 1839 315 1872 bitur,
332 1839 362 1866 id
384 1839 461 1866 intra
484 1838 704 1866 humanitatem
731 1845 790 1865 non
812 1841 866 1872 est,
892 1838 945 1865 sed
971 1841 1053 1866 extra

227 1884 305 1912 hanc
319 1884 402 1911 haud
412 1883 512 1913 dubie,
530 1890 647 1910 necnon
663 1885 745 1910 extra
758 1883 900 1916 locum,et
913 1885 1030 1919 tempus
1044 1891 1050 1910 :

228 1930 306 1957 Deus
321 1928 431 1961 nudus,
447 1935 537 1963 quem
549 1929 656 1955 natura
676 1927 1010 1963 incomprehensibilem
1025 1930 1054 1955 et

228 1973 417 2001 indeﬁnitum
436 1972 563 2000 dicimus
579 1974 607 1999 et
625 1972 804 2006 cogitamus.
825 1975 920 2008 Atque
939 1971 997 1999 hoc
1017 1979 1052 1999 ex

227 2026 326 2046 rerum
334 2020 442 2046 natura
450 2025 501 2053 per
507 2019 617 2045 certam
625 2016 757 2044 veritatis
768 2016 1052 2044 demonstrationem

228 2063 312 2099 sequi
325 2070 447 2090 necesse
460 2064 504 2089 est
521 2070 527 2089 :
541 2061 745 2089 circumscribi
764 2069 873 2097 nempe
893 2061 1052 2093 Christum,

227 2108 295 2135 etin
306 2107 437 2142 imagine
456 2106 576 2135 adorari
594 2115 601 2133 :
620 2116 632 2131 α
650 2106 803 2142 Siquidem
820 2106 849 2132 in
864 2106 996 2140 imagine
1009 2113 1054 2133 ar-

228 2152 390 2188 chetypum
405 2153 642 2186 repraesentetur,
655 2160 670 2177 »
681 2150 872 2178 sicutalicuhi
886 2150 1003 2177 divinus
1014 2150 1055 2177 ait

227 2195 410 2232 Dionysius:
432 2198 460 2223 et
471 2195 542 2223 alibi
563 2203 570 2222 :
593 2206 605 2220 α
626 2195 757 2222 Alterum
775 2194 805 2222 in
826 2195 927 2226 altero,
947 2198 1054 2230 printer

226 2241 399 2269 substantiae
412 2239 622 2267 differentiam.
634 2249 649 2265 »
657 2241 753 2272 Quare
768 2239 818 2275 qui
830 2243 918 2274 negat
931 2239 1053 2274 depingi

227 2286 386 2318 Christum,
403 2285 427 2311 is
440 2286 544 2312 natum
560 2283 714 2311 hominem
729 2292 793 2311 esse
806 2284 944 2318 negavit:
962 2286 989 2311 et
1002 2284 1052 2319 qui

228 2332 292 2366 ejus
307 2330 469 2364 imaginem
484 2336 545 2356 non
561 2328 677 2360 adorat,
691 2336 815 2364 prorsus
830 2336 867 2355 ne
877 2329 974 2364 ipsum
988 2328 1054 2364 qui-

228 2376 298 2403 dem
312 2374 631 2406 adorat,licetadorare
641 2381 672 2400 se
685 2376 766 2407 putet
776 2383 782 2401 ι
792 2373 1051 2409 quandoquidem,

228 2423 261 2448 ut
271 2428 369 2447 sermo
383 2427 465 2447 sacer
489 2419 528 2445 ait
544 2426 550 2445 :
567 2418 703 2451 [nﬁdeles
723 2418 903 2451 conﬁtentur
917 2425 947 2445 se
959 2418 1053 2445 Deum

228 2472 321 2498 nosse,
333 2464 424 2499 factis
443 2465 541 2491 autem
557 2466 667 2497 negant
684 2462 717 2488 ⁸⁸.
736 2463 801 2489 Ηωο
814 2470 869 2497 ego
883 2463 1053 2490 reverentiae

229 2514 287 2538 tua:
302 2517 362 2536 non
377 2513 519 2544 tauquam
531 2508 679 2542 ignoranti
692 2506 828 2542 exposui,
845 2507 898 2534 sed
910 2510 1053 2542 tauquam

228 2554 335 2582 eadem
354 2553 500 2585 sentienti,
522 2560 557 2580 ac
578 2551 666 2579 veluti
686 2554 801 2586 guttam
822 2559 855 2579 ex
876 2551 1052 2586 dogmatum

229 2599 336 2636 pelago
357 2597 494 2626 hauriens
516 2605 523 2631 ;
541 2605 610 2625 cum
631 2596 754 2624 inﬁnitae
779 2598 924 2632 praeterea
944 2603 1052 2631 suppe-

230 2647 294 2673 tant
316 2645 432 2671 Patrum
462 2642 626 2676 senteutiee,
659 2649 719 2669 una
745 2648 815 2669 cum
842 2643 939 2668 vetere
959 2640 1054 2668 histo-

229 2689 273 2719 ria
285 2688 325 2717 ab
339 2687 462 2716 exordio
474 2687 542 2724 ipso
561 2685 739 2722 evangelica
758 2684 994 2722 pradicationis,
1016 2686 1053 2712 uti

265 2783 390 2813 “lCor.
405 2788 445 2817 x1,
454 2781 500 2811 19.
537 2780 561 2800 ⁸³
581 2781 665 2814 Tim,
683 2781 729 2810 16.

1069 1544 1090 1573 C

1070 2220 1092 2247 D

1108 908 1218 940 ματικῆς
1240 907 1331 941 πείρας
1366 908 1553 940 τετεχνωμένον
1575 915 1580 920 ·
1609 905 1715 942 ἄπειρον
1739 908 1790 942 γὰρ
1810 908 1840 932 τὸ
1867 906 1910 932 ἀν-

1109 947 1276 986 δριαντάριον
1294 957 1300 964 '
1328 948 1381 974 ἀλλ’
1407 949 1433 980 ἒξ
1461 949 1571 981 ἀσεϐοῦς
1608 953 1710 986 γνώμης
1741 951 1910 987 πεπληρωμέ-

1108 1003 1159 1026 νον,
1187 996 1232 1020 καὶ
1259 994 1300 1019 ἵνα
1324 994 1511 1030 τάληθέστερον
1529 995 1631 1031 ῥηθείη,
1655 996 1781 1032 πατρόθεν
1807 995 1849 1021 ἐπὶ
1879 997 1909 1021 τό

1108 1038 1209 1065 ἀσεϐεῖν
1233 1039 1362 1074 ἠγμένον·
1389 1041 1433 1065 καὶ
1457 1048 1484 1074 γε
1512 1041 1558 1065 σὺν
1583 1038 1659 1066 δυσὶν
1686 1039 1772 1071 ἀλλοις
1796 1041 1911 1076 ὁμαίμο-

1109 1092 1160 1110 σιν.
1178 1082 1259 1110 Ἀλλὰ
1282 1084 1391 1113 τούτους
1419 1085 1463 1119 μὲν
1496 1085 1511 1112 ἡ
1540 1085 1619 1120 Τριάς
1646 1082 1697 1110 οἶδ’
1716 1086 1756 1111 ὅτι
1773 1084 1909 1121 ὲπιρῥαπί-

1109 1136 1185 1160 σειεν,
1215 1126 1310 1158 ἐνθέοις
1332 1131 1461 1163 στόμασιν
1487 1129 1558 1164 ὑμῶν
1587 1138 1614 1154 τε
1642 1131 1686 1154 καὶ
1713 1133 1762 1154 τῶν
1798 1128 1912 1155 ἐνταῦθα.

1108 1173 1330 1208 ὑπερμαχοῦντων
1345 1176 1393 1203 τῆς
1409 1171 1538 1203 ἀληθείας.
1571 1175 1599 1199 Σὲ
1619 1171 1649 1199 δε
1668 1176 1713 1199 καὶ
1727 1175 1779 1206 τὸν,
1797 1174 1851 1204 οἷος
1864 1175 1909 1206 σὺ,

1108 1215 1191 1252 μηδὲν
1215 1216 1332 1247 Eucti-rw
1360 1217 1375 1246 ἡ
1399 1218 1436 1242 ἔτι
1467 1217 1588 1243 λυττῶσα
1612 1219 1724 1254 αἵρεσις.
1755 1220 1834 1244 Οὔπω
1857 1219 1909 1255 γὰρ

1108 1262 1270 1297 Ξκτέτριπται
1294 1263 1323 1287 τὸ
1357 1263 1446 1293 κακόν,
1491 1263 1549 1288 οὗτε
1591 1261 1785 1298 δεδοκίμασται
1815 1264 1911 1294 ἱκανῶς

1107 1309 1157 1331 τῶν
1183 1310 1283 1332 πιστῶν
1311 1308 1340 1331 τὸ
1367 1306 1492 1342 φιλόθεον,
1519 1310 1564 1333 καὶ
1580 1310 1665 1343 τρίτον
1688 1307 1740 1343 οὐχ
1763 1306 1812 1333 οἶοί
1832 1307 1911 1343 ἔσμεν

1108 1350 1255 1383 ἐμϐατεύειν
1281 1350 1317 1380 εἰς
1344 1350 1462 1376 ἄϐυσσον
1491 1352 1622 1387 κριμάτων
1652 1355 1718 1378 Θεοῦ
1738 1359 1744 1365 ‘
1778 1353 1836 1378 καθ’
1865 1352 1912 1383 οὓς

1107 1397 1220 1431 τρόπους
1235 1394 1357 1430 ἀνέχεται
1372 1394 1456 1431 ἀκμὴν
1482 1394 1690 1426 κλυδωνὶζεσθαι
1717 1400 1753 1431 τῷ
1777 1396 1847 1432 σάλῳ
1865 1401 1913 1427 τῆς

1108 1438 1233 1469 ἀπιστίας
1262 1441 1304 1464 τὸν
1326 1438 1386 1464 λαὸν
1420 1439 1510 1466 αὐτοῦ.
1553 1440 1621 1469 Πλὴν
1659 1442 1836 1476 συμπέρασμα
1864 1445 1911 1467 τοῦ

1107 1483 1195 1519 λόγου,
1213 1484 1262 1509 ἶνα
1289 1484 1317 1509 οἱ
1344 1483 1476 1519 δόκιμοι
1502 1486 1631 1521 φανεροὶ
1659 1487 1815 1520 γίγνοιτο,
1840 1487 1874 1515 ὡς
1898 1486 1911 1511 ό

1107 1531 1151 1558 τῆς
1165 1530 1236 1558 σοίας
1251 1530 1347 1564 ταμίας
1373 1528 1474 1559 Παῦλος
1487 1528 1584 1564 λέλεχε.
1606 1530 1648 1554 Διό
1670 1532 1714 1555 καὶ
1744 1530 1911 1566 παρακαλοῦ-

1108 1582 1153 1608 μεν
1188 1575 1233 1599 καὶ
1257 1572 1437 1608 ἀντιϐολοῦμεν
1466 1575 1501 1608 μὴ
1532 1574 1660 1607 ἑκκακεῑν,
1691 1572 1910 1610 διακατελέγχειν

1109 1626 1138 1643 σε
1164 1619 1223 1648 τοὺς
1251 1618 1426 1651 ὑπεναντίους,
1452 1617 1479 1643 ἐκ
1516 1621 1567 1643 τῶν
1588 1616 1692 1644 ἀδύτων
1720 1621 1832 1654 ταμείων
1864 1623 1912 1649 τῆς

1108 1661 1221 1699 καρδίας
1236 1671 1282 1688 σου
1298 1664 1428 1699 προφέρων
1460 1663 1492 1688 τὰ
1519 1663 1574 1688 θεῖα
1590 1660 1746 1698 διδάγματα
1763 1672 1768 1677 ·
1790 1665 1835 1689 καὶ
1848 1664 1912 1689 ὑπο-

1109 1704 1232 1732 δεικνύων
1256 1707 1369 1732 ἐντεῦθεν
1392 1704 1533 1743 ἀριδὴλως,
1567 1706 1607 1732 ὃτι
1644 1709 1757 1743 Χριστὸς
1784 1707 1813 1733 οὐ
1847 1712 1912 1745 Χρι-

1109 1753 1179 1784 στὸς,
1205 1751 1227 1776 εἰ
1252 1753 1287 1786 μὴ
1304 1752 1489 1788 περι-γράφοιτο
1520 1754 1551 1787 τῇ
1572 1752 1630 1777 καθ’
1646 1752 1716 1787 ἡμᾶς
1737 1750 1807 1787 ἰδέᾳ.
1828 1754 1910 1790 Εἰπερ

1107 1797 1157 1833 γὰρ
1180 1795 1247 1832 σὰρξ
1272 1795 1392 1831 ὶγεγόνει,
1424 1796 1522 1825 πάντως
1551 1798 1596 1821 καὶ
1637 1797 1672 1827 ὡς
1699 1796 1766 1833 σὰρξ
1787 1799 1912 1833 περιγρά-

1108 1848 1190 1875 φεται.
1217 1841 1249 1864 '0
1275 1837 1305 1864 δὲ
1328 1841 1364 1874 μὴ
1389 1840 1587 1875 περιγράφοιτο,
1616 1844 1692 1866 τοῦτο
1712 1840 1759 1865 οὐκ
1783 1842 1847 1866 εἴσω
1868 1841 1913 1866 ἀν-

1109 1884 1283 1919 θρωπότητος,
1307 1882 1360 1909 ἀλλ’
1391 1883 1438 1914 ἔξω
1467 1882 1591 1912 δηλονότι
1618 1887 1661 1910 καὶ
1678 1887 1758 1910 τόπου
1779 1887 1824 1910 καὶ
1845 1887 1913 1921 χρό-

1107 1936 1172 1954 νου·
1200 1929 1264 1959 Θεός
1296 1929 1394 1963 γυμνός
1419 1931 1450 1964 τῇ
1477 1928 1636 1964 ἁπεριληψίᾳ
1662 1938 1689 1955 τε
1718 1931 1762 1955 καὶ
1787 1929 1914 1965 ἀοριοτίᾳ

1108 1974 1150 1998 καὶ
1175 1972 1309 2008 λεγόμενος
1349 1974 1390 1998 καὶ
1432 1974 1577 2008 νοούμενος.
1610 1976 1659 1999 Καὶ
1682 1977 1756 1999 τοῦτο
1778 1973 1913 2010 ἀραρότως

1109 2017 1144 2047 εἰς
1173 2016 1358 2053 ἀναμφίλεκτον
1392 2015 1527 2048 ἀπόδειξιν
1556 2021 1604 2048 τῆς
1629 2017 1752 2049 ἀληθείας
1784 2022 1912 2054 φυσικαῖς

1108 2060 1273 2092 ἀκολουθίαις
1324 2061 1531 2097 ἀναγκαζόμενον
1549 2070 1555 2076 ·
1600 2063 1808 2099 περιγράφεσθαι
1843 2066 1911 2100 Χρι-

1109 2107 1180 2138 στὸν,
1212 2106 1260 2131 κᾶν
1279 2109 1310 2141 τῇ
1339 2106 1415 2131 εἰκόνι
1445 2107 1679 2143 προσκυνούμενον.
1707 2116 1722 2131 ι(
1739 2107 1858 2144 Ἐπείπερ
1888 2106 1913 2132 ἐν

1108 2150 1173 2186 αὐτῇ
1195 2152 1224 2176 τό
1247 2149 1396 2186 ἀρχέτυπον
1416 2150 1587 2186 ἂκπέφασται,
1603 2151 1636 2181 ὦς
1655 2152 1705 2177 πού
1731 2160 1811 2187 φησιν
1827 2152 1840 2177 6
1855 2152 1914 2177 θεο-

1109 2195 1209 2231 φάντωρ
1226 2197 1358 2226 Διονύσιος
1376 2203 1382 2209 “
1410 2204 1425 2221 ›
1457 2198 1501 2221 καὶ
1530 2195 1647 2231 ἀλλαχοῦ
1666 2206 1671 2211 ·
1701 2206 1715 2222 (ι
1729 2195 1866 2232 Ἑκάτερον
1886 2197 1912 2222 ἓν

1109 2239 1220 2276 ἑκατέρῳ
1244 2241 1315 2274 παρά
1339 2241 1367 2265 τὸ
1397 2243 1443 2270 τῆς
1480 2239 1571 2270 οὐσίας
1598 2239 1733 2277 διάφορον.
1748 2250 1762 2266 ι)
1792 2239 1875 2267 Ὠστε
1899 2241 1912 2266 6

1109 2283 1309 2320 ἀπαναινόμενος
1339 2283 1534 2321 ἐγγράφευσθαι
1563 2287 1687 2321 Χριστόν,
1719 2285 1832 2321 ἣρνηται
1869 2286 1913 2311 ἄν·

1110 2329 1211 2365 θρωπον
1226 2330 1356 2364 γεγονέναι
1374 2337 1379 2343 ·
1401 2331 1446 2354 καὶ
1473 2329 1486 2354 6
1513 2331 1548 2365 μὴ
1576 2333 1730 2365 προσκυνῶν
1755 2329 1836 2355 αὐτοῦ
1865 2332 1913 2359 τὴν

1108 2373 1203 2406 εἰκόνα,
1229 2373 1336 2399 οὗτίπου
1365 2377 1507 2409 προσκυνεῖ
1544 2374 1622 2400 αὐτόν
1654 2376 1683 2400 τὸ
1710 2374 1836 2408 καθόλου,
1864 2374 1914 2400 κᾶν

1107 2418 1201 2454 νομίζῃ
1230 2421 1382 2454 προσκυνεῖν
1401 2426 1407 2432 ·
1437 2417 1492 2444 ἐπεί
1522 2428 1600 2454 φησιν
1630 2419 1642 2444 6
1670 2420 1735 2455 ἱερὸς
1764 2418 1858 2454 λόγος·
1876 2419 1913 2445 Οἱ

1108 2463 1244 2488 ἄπιστοι
1273 2462 1472 2498 ὁμολογοῦσι
1510 2465 1581 2489 Θεὸν
1619 2461 1755 2496 εἰδέναι,
1782 2467 1850 2494 τοῖς
1878 2461 1913 2489 δὲ

1109 2508 1217 2544 ἔργοις
1236 2511 1422 2544 ἀρνοῦνται.
1434 2507 1583 2543 Ταῦταοῦχ
1596 2509 1630 2538 ὡς
1643 2507 1774 2544 ἀγνοούσῃ
1786 2511 1817 2544 τῇ
1828 2510 1913 2544 τιμιόο

1109 2554 1169 2580 τητί
1186 2561 1232 2577 σου
1248 2549 1417 2584 ὑπεδήλωσα,
1433 2551 1486 2578 ἀλλ’
1500 2553 1534 2583 ὡς
1556 2554 1824 2588 συνομογνωμονούσῃ
1843 2562 1849 2568 ·
1867 2554 1912 2578 καὶ

1108 2597 1195 2633 ὥσπερ
1223 2594 1321 2633 ῥανίδα
1350 2597 1377 2621 ἔκ
1405 2596 1531 2632 πελάγους
1574 2594 1713 2633 δογμάτων
1742 2596 1883 2627 ἀνελκύσας
1900 2605 1908 2613 ’

1108 2642 1173 2678 πρὸς
1197 2644 1232 2676 τῷ
1258 2642 1302 2666 καὶ
1329 2641 1434 2678 ἄπειρον
1461 2640 1539 2678 ἐσμὸν
1563 2642 1628 2668 εἶναι
1654 2645 1790 2677 πατρικῶν
1808 2648 1815 2655 “
1845 2641 1912 2677 μετά

1109 2687 1153 2711 καὶ
1177 2688 1223 2716 τῆς
1250 2685 1426 2723 ἁρχαιολόγόυ
1453 2686 1571 2724 ἱστορίας
1598 2685 1642 2713 ἀπ’
1671 2685 1753 2717 αὐτῆς
1780 2684 1908 2724 βαλϐῖδος

1723 2842 1758 2861 δι

1848 3041 1849 3047 η
1875 3020 1884 3063 '.

1879 3073 1944 3121 in
