4058 6274
180 242 327 298 1581

1467 236 1975 295 EPISTOLARUM
2021 239 2155 294 LIB.
2201 238 2266 294 II.

3402 244 3551 298 1582

172 376 281 421 τοῦ
329 369 686 439 κηρύγματος,
736 364 808 427 εἰς
854 366 1114 417 σύστασιν
1168 372 1262 425 τῆς
1309 362 1597 437 ἀμωμήτου
1648 365 1795 437 ἡμῶν

1918 364 2144 420 illibatae
2220 364 2359 422 ﬁdei
2436 369 2651 420 nostra
2727 360 3072 422 Christianae
3150 368 3561 426 conﬁrmatio-

173 464 293 510 τῶν
324 464 653 529 Χριστιανῶν
701 460 948 516 πίστεως.

370 580 505 670 PSA’
536 581 670 652 (85).
708 609 773 621 -—
813 578 1091 649 Φιλοθέῳ
1132 581 1415 651 κτήτορι.
1464 575 1655 652 [ψξη’.]

1908 470 2067 509 nem.

2270 580 2443 634 CXCI.
2485 609 2553 618 —
2586 578 2901 635 Philotheo
2938 583 3277 650 possessori.

1310 674 1517 723 Laudat
1547 675 1659 737 ejus
1688 675 1929 733 virtutes,
1966 689 2157 738 genus,
2180 676 2430 739 patriam.

264 771 415 838 Μέγα
479 762 664 841 κέρδος
722 766 931 837 ἡγεῖταί
988 783 1082 815 σου
1128 765 1157 822 ἡ
1212 770 1474 836 τιμιότης,
1534 764 1601 824 ὥς
1654 782 1804 836 φησι,

172 853 452 928 δεχομένη
506 857 651 927 ἡμῶν
708 856 1021 929 γράμματα,
1083 855 1213 925 ὁμοῦ
1252 872 1305 905 τε
1356 858 1445 905 καὶ
1493 872 1805 926 μνημονευοο

172 950 319 1019 μένη
372 950 500 1019 πρός
549 947 694 1017 ἡμῶν
749 944 943 1000 αὐτῶν,
991 944 1157 997 Τοῦτο
1214 939 1272 995 δε
1323 950 1411 1004 τῆς
1444 951 1540 1005 σῆς
1598 946 1802 1015 θεόφρο-

172 1057 278 1099 νος
380 1036 617 1096 διανοίας
691 1036 1138 1105 ταπεινοφροσύνῃ
1216 1036 1375 1103 πολλῇ
1478 1036 1806 1105 κεχρημένης

173 1125 471 1198 ἐγκώμιον,
524 1124 631 1195 οὑχ
675 1125 821 1195 ἡμῶν
874 1130 974 1173 τῶν
1029 1129 1283 1173 ταπειτῶν
1340 1122 1497 1190 [cod.
1559 1124 1697 1191 Reg.
1727 1122 1805 1173 εὑ-

172 1213 389 1287 τελῶν],
450 1219 540 1265 καὶ
590 1209 800 1273 οὐδενός
856 1210 1010 1274 ἀξίων
1066 1210 1244 1281 λόγου.
1303 1209 1478 1281 Ὀμως
1522 1211 1656 1262 κατά
1710 1214 1803 1268 τὴν

380 1033 617 1096 διανοίας
691 1035 1138 1105 ταπεινοφροσύνῃ
1216 1031 1375 1103 πολλῇ

171 1306 507 1361 πεποίθησιν
563 1301 727 1363 αὐτῆς
781 1300 1004 1371 λήψεται
1051 1303 1133 1351 τὸν
1180 1301 1369 1369 μισθὸν
1418 1301 1517 1350 ὑπὸ
1567 1308 1657 1359 τῆς
1712 1306 1803 1350 τοῦ

961 1385 1375 1461 δικαιοκρισίας,

174 1391 399 1464 ἀγαθοῦ
501 1393 647 1463 ἡμῶν
726 1397 859 1443 Θεου
961 1387 1375 1461 δικαιοκρισίας,
1466 1387 1802 1460 ἀμειϐομένου
1841 1402 1876 1453 Β

174 1487 289 1540 τὴν
325 1486 506 1533 πίστιν
562 1480 784 1532 ἑκάστου
839 1476 1083 1550 ἀμοιϐαῖς
1131 1481 1418 1543 οὐρανίαις,
1470 1498 1560 1529 και
1596 1477 1661 1537 εἰς
1691 1476 1804 1529 ἐαυ-

176 1574 283 1622 τὸν
342 1573 400 1621 τό
448 1576 540 1621 τοῦ
593 1568 749 1628 πέλας
803 1571 1107 1638 γιγνόμενον
1169 1562 1527 1640 Χριστοειδὼς
1576 1564 1801 1617 ἀνατιθεε

173 1662 370 1732 μένου.
423 1656 594 1728 Ἡμεῖς
645 1654 704 1708 δὲ
756 1664 827 1726 τῷ
871 1659 979 1707 ὄντι
1029 1660 1307 1727 χαίρομεν,
1361 1650 1515 1726 ἀνδρὶ
1574 1654 1805 1723 τοσούτῳ

173 1752 285 1800 καὶ
342 1746 631 1817 τηλικούτῳ
674 1745 927 1817 φιλιάζειν
978 1749 1326 1815 γνωρίσαντες
1369 1760 1381 1771 ’
1438 1742 1499 1793 οὗ
1559 1743 1586 1800 ἡ
1649 1741 1801 1815 ἀρετὴ

177 1833 533 1908 διαπρύσιος,
568 1838 658 1885 καὶ
690 1836 715 1884 6
769 1835 975 1893 ἔπαινος
1030 1828 1389 1892 δικαιοτατος,
1442 1836 1532 1881 καὶ
1566 1834 1622 1882 τό
1663 1829 1805 1880 πολί-

174 1943 361 1997 τευμα
408 1922 616 1984 πολλοῖς
662 1918 961 1992 ὑπόδειγμα
1014 1928 1125 1982 τοῖς
1178 1919 1438 1971 ἐθέλουσιν
1495 1917 1717 1971 εὐσεϐεῖν
1759 1916 1806 1968 ἐν

174 2020 251 2085 τῇ
314 2014 555 2085 παρούσῃ
639 2017 802 2083 γενεᾷ,
865 2014 934 2072 ὡς
988 2011 1036 2061 ἐν
1094 2017 1328 2082 περιωπῇ
1413 2012 1564 2080 ὅρους
1617 2006 1806 2078 ἀρετῶν

174 2106 545 2174 προκείμενον.
609 2106 705 2153 Καὶ
761 2102 1069 2172 φερωνύμως
1126 2100 1194 2160 ὡς
1256 2097 1457 2157 ἀληθῶς
1518 2095 1808 2167 ἐξέλαμψας

179 2192 452 2264 φιλόθεος,
532 2189 724 2261 φίλτρῳ
778 2196 910 2241 Θεοῦ
966 2192 1024 2240 τὸ
1091 2188 1368 2260 ἄπραγμον
1428 2191 1516 2238 καὶ
1576 2186 1806 2256 ἡσύχιον

179 2281 570 2354 αἰρησάμενος,
622 2276 930 2350 ἐπιτηρήσει
986 2280 1130 2328 θείων
1187 2276 1416 2339 ἐντολῶν,
1464 2278 1552 2326 καὶ
1610 2273 1806 2326 ἐπιτεύ-

183 2369 272 2432 ξει
304 2378 403 2420 τῶν
436 2367 654 2418 αἰωνίων
710 2365 937 2437 ἀγαθῶν.
998 2370 1181 2418 Καίτοι
1224 2366 1500 2437 ὑπάρχων,
1554 2366 1807 2415 καὶκατὰ

188 2454 349 2510 ἰδέαν
403 2456 543 2518 ἄξιος
594 2451 919 2527 τυραννίδος,
975 2459 1064 2506 καὶ
1093 2456 1227 2504 κατά
1277 2458 1416 2524 γένος
1446 2452 1807 2526 ὑπέρλαμπρος

186 2548 255 2597 τὸ
293 2546 427 2615 αἷμα
460 2562 469 2572 ·
508 2543 613 2594 ἀλλ’
647 2544 672 2594 6
706 2545 833 2603 θεῖος
871 2544 1026 2602 πόθος
1069 2539 1259 2601 σϐέσας
1302 2548 1465 2592 ταῦτα
1494 2542 1684 2607 πάντα,
1718 2546 1807 2593 καὶ

183 2631 464 2706 οὐδαμινά
494 2629 689 2695 δείξας,
723 2633 842 2705 ὅπερ
875 2636 963 2683 καὶ
996 2631 1200 2697 ἀληθὲς,
1235 2634 1363 2703 πρὸς
1395 2633 1485 2687 τὴν
1513 2630 1807 2702 ὑπέρφωτον

1985 766 2261 833 Magnum
2305 764 2537 820 lucrum
2565 770 2732 837 putat
2752 766 3209 823 honoriﬁcentia
3240 772 3363 833 tua,
3396 771 3459 824 ut
3488 770 3575 825 ait

1911 870 2049 909 cum
2081 854 2300 909 litteras
2333 860 2568 909 nostras
2595 855 2844 926 accepit,
2874 855 3174 928 simulque
3208 873 3347 912 cum
3381 858 3570 930 ipsius

1912 960 1948 1000 a
1978 942 2153 998 nobis
2194 943 2254 997 ﬁt
2288 943 2530 997 mentio.
2568 944 2684 999 Hoc
2718 959 2857 999 vero
2897 944 3119 999 divinae
3170 945 3388 1000 mentis
3432 952 3573 1015 tuae,

1913 1048 2135 1104 magna
2163 1031 2493 1087 humilitate
2515 1032 2773 1103 praeditas
2798 1033 3140 1088 encomium
3169 1040 3281 1099 est,
3313 1051 3436 1091 non
3470 1052 3577 1092 no-

1912 1121 2239 1191 strum,qui
2268 1120 2504 1191 abjecti,
2528 1126 2584 1175 et
2612 1120 2836 1176 nullius
2860 1122 3322 1192 pretiihomines
3340 1140 3579 1182 sumus.

1912 1214 2187 1265 Attamen
2215 1210 2388 1279 juxta
2419 1210 2703 1264 fiduciam
2736 1214 2901 1265 tuam
2936 1210 3279 1266 mercedem
3309 1213 3574 1284 accipies

1912 1316 1946 1355 a
1968 1300 2129 1369 justo
2156 1299 2382 1368 judicio
2407 1299 2546 1353 boni
2581 1298 2681 1352 Dei
2723 1299 2929 1362 nostri,
2957 1300 3060 1370 qui
3093 1301 3578 1374 uniuscujusque

1913 1389 2095 1442 ﬁdem
2132 1386 2469 1441 ccnlestibus
2516 1387 2776 1457 praemiis
2827 1393 3269 1453 remuneratur,
3319 1394 3375 1445 et
3414 1390 3581 1461 quod

1915 1478 2185 1547 proximo
2212 1476 2437 1530 factum
2466 1482 2575 1541 est,
2603 1482 2663 1531 ut
2694 1476 2804 1530 sibi
2837 1476 2948 1547 ipsi
2982 1477 3254 1532 Christus
3290 1478 3577 1550 imputat.

1914 1568 2029 1620 Nos
2047 1581 2183 1619 vero
2200 1564 2538 1634 gaudemus
2557 1566 2752 1636 reipsa
2771 1582 2905 1619 cum
2926 1565 3127 1635 palam
3152 1565 3415 1621 facimus
3432 1569 3584 1623 ami-

1915 1670 2015 1709 cos
2043 1670 2152 1709 nos
2184 1669 2311 1707 esse
2352 1653 2499 1708 tanti
2539 1669 2607 1707 ac
2650 1653 2783 1707 talis
2814 1654 2943 1719 viri,
2977 1654 3150 1724 cujus
3182 1655 3374 1710 virtus
3422 1656 3584 1711 cele-

1916 1743 2195 1807 berrima,
2225 1742 2840 1813 lausquejustissima,
2866 1747 2920 1797 et
2947 1743 3184 1798 vivendi
3202 1744 3357 1799 ratio
3375 1745 3582 1801 multis

1916 1833 2009 1903 pie
2038 1833 2093 1885 in
2121 1832 2234 1885 hoc
2266 1830 2485 1885 saeculo
2503 1831 2693 1885 vivere
2722 1830 3453 1904 volentibus,exemplum
3475 1839 3587 1899 est,

1916 1926 2206 1991 tanquam
2228 1919 2287 1973 in
2303 1935 2542 1973 summo
2568 1920 2786 1974 montis
2814 1919 3101 1974 virtutum
3126 1921 3341 1975 vertice
3360 1938 3583 1993 propo-

1915 2009 2113 2063 situm.
2132 2013 2326 2062 Actuo
2342 2014 2495 2062 certe
2518 2007 2744 2062 nomini
2771 2014 3172 2079 congruenter
3198 2009 3578 2065 Philotheum

1916 2104 1967 2152 te
2011 2097 2348 2160 exhibuisti,
2403 2096 2499 2151 Dei
2552 2113 2755 2152 amore
2790 2097 2970 2151 vitam
3011 2098 3399 2170 tranquillam
3448 2104 3507 2154 et
3544 2115 3582 2153 a

1916 2186 2167 2255 negotiis
2184 2189 2475 2240 remotam
2492 2184 2733 2256 eligens,
2754 2190 2812 2239 ut
2826 2185 3031 2240 divina
3046 2202 3244 2241 serves
3259 2186 3579 2252 mandata,

1916 2280 1972 2330 et
1993 2280 2213 2329 aeterna
2234 2274 2396 2329 bona
2425 2274 2832 2345 consequaris.
2869 2276 2934 2328 Et
2958 2290 3099 2329 vero
3127 2291 3269 2330 cum
3303 2276 3383 2329 sis
3413 2281 3472 2330 et
3501 2276 3583 2331 ob

1917 2364 2174 2419 formam
2217 2365 2436 2431 dignus
2484 2364 2755 2435 imperio,
2801 2369 2877 2432 et,
2922 2364 2969 2417 si
3014 2378 3209 2433 genus
3254 2368 3585 2434 spectetur,

1919 2452 2214 2522 sanguine
2246 2451 2558 2523 perillustri
2594 2468 2604 2504 :
2637 2451 2879 2506 divinus
2922 2458 3122 2506 tamen
3150 2468 3327 2507 amor
3359 2454 3590 2508 exstin-

1918 2556 2107 2611 guens
2138 2540 2265 2595 haec
2287 2541 2510 2604 omnia,
2531 2548 2583 2595 et
2605 2540 2919 2595 nihiliesse
2932 2540 3179 2609 docens,
3206 2541 3589 2597 sicutverum

1918 2637 2024 2697 est,
2058 2636 2113 2685 et
2142 2630 2360 2685 divinas
2394 2629 2849 2699 pulchritudinis
2880 2628 3271 2700 splendorem
3306 2631 3481 2685 omni
3506 2631 3596 2685 lu-

183 2731 289 2783 τῆς
324 2725 463 2784 θείας
514 2724 831 2796 ὡραιότητος
861 2717 951 2793 ἦρέ
994 2741 1087 2773 σου
1133 2723 1254 2781 τοὺς
1302 2727 1396 2781 τῆς
1447 2716 1676 2779 διανοίας
1725 2719 1809 2792 ὀφ-

1921 2720 2078 2775 mine
2112 2718 2476 2789 superiorem
2500 2718 2704 2773 oculos
2729 2724 2843 2772 tuae
2876 2717 3093 2773 mentis
3116 2720 3311 2773 erexit
3335 2735 3349 2785 ;
3374 2720 3595 2775 utilluc

190 2812 451 2883 θαλμοὺς,
523 2811 710 2881 αἴγλην
786 2809 890 2861 ἐκεῖ
961 2809 1188 2881 βλέπειν,

189 2904 305 2953 εκεῖ
354 2901 679 2971 μετατιθέναι
734 2901 789 2949 τὸ
866 2896 1174 2969 πολίτευμα,
1244 2896 1303 2948 οὗ
1360 2899 1511 2971 χαρά
1562 2896 1807 2955 ἀνεκλάλη

187 3009 303 3055 τος,
334 2991 453 3040 ἔνθα
486 2988 593 3047 ζωὴ
645 2986 907 3060 ἀκήρατος
963 2986 1117 3057 [c0d.
1153 2988 1292 3056 Reg.
1341 2984 1650 3059 ἀμήρυτος],
1682 2988 1811 3038 ὅπου

188 3082 224 3137 ἠ
264 3076 521 3150 ἓλλαμψις
551 3085 643 3138 τῆς
676 3080 942 3148 μακαρίας
988 3080 1077 3127 καὶ
1104 3074 1336 3148 ἀρχικῆς
1381 3072 1624 3150 Τριάδος.
1654 3074 1813 3129 Ἀλλά

187 3170 402 3241 γένοιτό
454 3186 558 3231 σοι,
612 3163 650 3217 ὦ
710 3167 984 3237 θαυμάσιε
1022 3168 1111 3216 καὶ
1142 3163 1418 3221 ἐπιπόθητε
1466 3166 1611 3236 ἡμῖν,
1662 3164 1816 3216 ἐπαύ-

1269 2808 1370 2860 ἐκεί
1436 2810 1807 2880 φαντάζεσθαι,

192 3257 354 3321 ξησις
410 3253 599 3328 ἀρετῆς
650 3257 727 3307 ἔτι
790 3259 881 3306 καὶ
940 3256 1036 3317 ἔτι,
1097 3258 1184 3305 καὶ
1243 3254 1553 3325 θησαύρισις
1607 3252 1814 3324 ἀγαθῶν

191 3349 383 3419 ἔργων,
436 3345 509 3407 εἰς
559 3348 617 3397 τὸ
673 3343 1076 3416 μεγαλεμπόρως
1124 3341 1325 3415 ἀπᾶραί
1380 3361 1436 3394 σε
1465 3350 1563 3394 τῶν
1595 3339 1813 3410 ἐνθένδε,

191 3435 284 3488 ἐπὶ
321 3434 519 3507 μεθέξει
569 3440 666 3485 τῶν
699 3429 912 3487 άῖδίων.
966 3434 1037 3483 Σά
1087 3435 1179 3502 μὲν
1214 3426 1301 3483 οὖν
1332 3439 1426 3492 τῆς
1454 3436 1815 3505 προσηγορίας

193 3525 429 3579 έντανθα
480 3525 692 3575 κείσθω.
752 3518 965 3579 Ἐπειδὴ
1020 3517 1196 3573 δὲκαὶ
1244 3526 1362 3595 περὶ
1392 3528 1483 3572 τοῦ
1538 3520 1815 3592 πρεσϐυτέ-

195 3634 296 3685 ρου
358 3615 700 3684 ἕπηρὼτησας
759 3607 930 3680 αὖθις,
984 3607 1259 3672 ὑποδείξας
1315 3613 1372 3661 τὸ
1423 3608 1814 3683 ἀνεξαγόρευτον

204 3702 417 3773 ὄφλημα
449 3719 461 3731 ·
501 3700 659 3753 ἐκεῖνο
711 3699 942 3771 λέγομεν,
986 3701 1065 3751 ὅτι
1097 3700 1122 3751 6
1151 3704 1317 3749 κανὼν
1365 3695 1487 3750 οὐδὲ
1536 3699 1605 3760 εἰς
1658 3695 1815 3769 διγα-

203 3799 427 3862 μοῦντος
458 3792 624 3861 γάμον
677 3789 981 3847 ἐστιαθῆναι
1038 3792 1125 3840 τόν
1159 3786 1503 3859 πρεσϐύτερον
1562 3808 1815 3861 παραχω-

204 3886 294 3953 ρεῖ
318 3899 329 3910 ·
364 3884 511 3950 πόσῳ
542 3899 600 3949 γε
627 3878 814 3950 μᾶλλον
850 3885 1177 3949 στεφανῶσαι
1198 3880 1284 3928 τὸν
1314 3885 1546 3928 τοιοῦτον
1580 3894 1592 3943 ;
1625 3876 1682 3929 Ὀ
1712 3880 1812 3949 γὰο

215 3974 474 4041 στέφανος
540 3968 821 4020 ἐπιτίθεται
879 3966 958 4019 ἐπὶ
1020 3975 1090 4037 τῷ
1146 3974 1349 4017 νικῶντι
1399 3971 1489 4023 τὴν
1534 3966 1811 4039 ἀκρασίαν,

202 4062 304 4110 καὶ
360 4061 417 4109 τὸ
467 4066 560 4119 τῆς
613 4059 887 4131 παρθενίας
952 4055 1089 4115 κλίος
1174 4052 1583 4126 ἀποσωσαμένῳ.
1640 4054 1697 4107 Ὀ
1758 4052 1815 4107 δὲ

206 4144 474 4219 διγαμῶν,
506 4148 659 4217 Δπρὸς
688 4154 757 4215 τῷ
812 4149 880 4215 μὴ
930 4144 1072 4206 ἄξιος
1101 4140 1224 4195 εἶναι
1272 4146 1681 4215 στεφανωθῆται,
1727 4149 1815 4196 καὶ

213 4237 501 4307 ἐπιτιμίοις
574 4232 923 4291 ὑποϐέϐληται
996 4242 1297 4294 κανονικώς.
1378 4240 1494 4295 Πῶς
1568 4230 1653 4285 οὖν
1722 4234 1815 4285 οὐκ

213 4322 384 4379 ἔδεισε
452 4332 780 4395 στεφανῶσαι
836 4327 952 4383 τοὺς
1006 4324 1104 4374 ὑπὸ
1146 4327 1356 4382 κανόνας
1404 4326 1665 4393 κειμένους
1723 4330 1816 4384 τῆς

216 4411 471 4485 διγαμίας
504 4429 517 4478 ;
555 4412 681 4484 Παρ⁹
736 4414 879 4484 ἡμῶν
930 4417 1119 4477 τοίνυν,
1182 4413 1465 4482 συγγνωθι,
1521 4413 1600 4462 ἵνα
1652 4408 1815 4482 μηδὲν

218 4498 278 4561 ἧν
334 4501 452 4553 ἄλλο
506 4501 745 4573 αἰτίαμα,
798 4500 891 4552 ούκ
944 4500 1313 4573 ἐπιτέτραπται
1366 4503 1423 4552 τό
1474 4500 1697 4552 καθόλου
1754 4502 1817 4553 ἱε-

219 4597 451 4666 ρουργεῖν
486 4609 498 4622 ⁸
542 4590 635 4641 οὑκ
676 4586 780 4642 οἶδ’
810 4591 891 4641 ὅτι
941 4590 983 4642 εἰ
1014 4594 1084 4661 μή
1136 4610 1186 4641 τι
1216 4590 1329 4640 κατ’
1378 4588 1692 4661 οἰκονομίαν,
1727 4608 1817 4661 με·

222 4676 495 4734 ταδιδόναι
535 4680 655 4746 ὑμῖν
714 4686 812 4729 τῶν
872 4678 1228 4750 ἁγιασμάτων,
1292 4681 1430 4749 παρά
1486 4682 1815 4748 σεσωσμένον

224 4766 567 4841 πρεσϐυτέρου
598 4766 987 4837 τετελεσμένων,
1040 4772 1163 4839 Περὶ
1218 4774 1309 4818 τοῦ
1350 4766 1702 4837 ἀναγνώστου,
1738 4769 1816 4819 ότι

228 4856 524 4929 ἱπέστρεψεν
579 4854 980 4926 ἐπιτίμιασθεὶς,
1041 4852 1246 4907 δίκαιόν
1298 4859 1437 4907 ἑστιν
1496 4856 1583 4914 ἕως
1631 4864 1815 4930 καιροῦ

235 4941 452 4998 συνόδου
505 4948 575 5015 μὴ
635 4941 1076 5001 ἀποστολίζεσθαι
1128 4942 1282 4994 αὐτον
1315 4960 1326 4972 ⁸
1359 4945 1383 4994 6
1415 4946 1503 5013 μεν
1552 4946 1653 5014 γὰρ
1700 4963 1817 5016 πρε-

239 5034 464 5105 σϐύτερος
517 5034 746 5105 εἴργεται
800 5039 893 5092 τῆς
944 5030 1266 5103 λειτουργίας
1334 5035 1733 5104 ἐπιτιμιασθεὶς,
1792 5034 1817 5084 6

241 5119 294 5175 δὲ
348 5120 578 5180 διάκονος
643 5127 738 5180 τῆς
799 5116 1089 5185 διακονίας,
1136 5126 1223 5173 καὶ
1280 5122 1305 5173 6
1350 5120 1675 5191 ἀναγνώστης
1729 5128 1817 5182 τῆς

1919 2814 2168 2880 spectes,
2203 2807 2339 2861 illuc
2369 2806 2960 2878 contemplationem,
2994 2805 3135 2861 illuc
3176 2811 3599 2863 conservatio-

1919 2913 2055 2954 nem
2090 2903 2252 2951 tuam
2284 2897 2624 2962 transferas,
2658 2896 2759 2950 ubi
2793 2895 3086 2964 gaudium
3132 2901 3223 2949 est
3257 2896 3598 2963 ineﬂ‘abile,

1922 2986 2024 3042 ubi
2054 2987 2173 3040 vita
2198 2984 2570 3051 immortalis,
2598 2984 2697 3039 ubi
2713 2984 3054 3039 coruscatio
3080 2984 3277 3039 beatae
3308 2990 3365 3041 et
3395 3001 3605 3058 supre-

1924 3092 2035 3129 mae
2063 3074 2378 3128 Trinitatis.
2425 3074 2535 3130 Sed
2576 3074 2881 3144 contingat
2924 3072 3055 3140 tibi,
3093 3072 3187 3127 vir
3230 3074 3607 3131 admirande

1924 3164 2219 3235 nobisque
2251 3163 2663 3227 desiderande,
2694 3162 2893 3231 majus
2911 3160 3507 3233 majusquevirtutis
3528 3164 3614 3218 in-

1923 3257 2316 3317 crementum,
2344 3252 2707 3307 etbonorum
2721 3265 2981 3321 operum
3006 3253 3341 3320 congeries
3368 3270 3383 3311 :
3409 3258 3478 3310 ut
3494 3267 3617 3308 ma-

1924 3343 2022 3412 gni
2069 3342 2411 3396 mercatoris
2442 3341 2627 3395 instar
2652 3340 2792 3394 hinc
2833 3337 3037 3393 solvas
3080 3338 3165 3393 ad
3199 3341 3625 3415 participatio—

1924 3447 2061 3485 nem
2076 3437 2428 3485 aeternorum
2440 3432 2505 3495 ,Ο
2517 3430 2632 3485 uod
2647 3428 2825 3498 igitur
2839 3427 2921 3482 ad
2938 3433 3117 3482 tuum
3133 3444 3383 3487 nomen
3397 3431 3630 3490 attinet,

1923 3519 2022 3575 hic
2054 3518 2185 3573 ﬁnis
2217 3524 2364 3573 esto.
2398 3518 2548 3583 Quia
2580 3533 2719 3572 vero
2753 3516 2828 3571 de
2861 3516 3245 3587 presbytero
3276 3522 3475 3577 etiam
3504 3530 3639 3575 rur—

1924 3626 2025 3663 sus
2055 3608 2446 3677 interrogasti,
2475 3622 2720 3678 poenam
2754 3606 3013 3660 minime
3037 3622 3433 3677 expressam
3464 3602 3654 3678 signi—

1923 3699 2111 3753 ﬁcans
2144 3715 2159 3763 ;
2189 3697 2330 3752 illud
2357 3697 2512 3761 dico,
2547 3710 2849 3750 canonem
2885 3710 2965 3748 ne
2998 3697 3378 3755 concedere
3398 3697 3665 3773 quidem

1925 3787 2275 3860 presbytero
2305 3792 2365 3841 ut
2386 3786 2443 3840 in
2468 3785 2698 3854 digami
2717 3784 2954 3853 nuptiis
2972 3783 3679 3861 convivetur;quant0

1927 3876 2124 3931 minus
2160 3881 2221 3930 ut
2246 3874 2410 3930 illum
2439 3880 2684 3929 coronet
2711 3873 2819 3944 qui
2847 3871 2993 3927 talis
3027 3878 3125 3927 est
3160 3872 3192 3927 εἰ
3222 3878 3495 3933 Corona
3510 3870 3696 3931 enim

1925 3964 1977 4019 ei
2012 3965 2355 4035 imponitur,
2381 3962 2484 4035 qui
2509 3963 2650 4017 vicit
2680 3960 3291 4031 intemperantiam,
3335 3971 3404 4021 et
3431 3948 3714 4031 virgini-

1927 4053 2056 4107 tatis
2095 4053 2280 4107 decus
2326 4050 2729 4107 conservavit.
2781 4050 2899 4113 Qui
2954 4064 3114 4103 vero
3180 4054 3530 4107 secundas
3579 4053 3732 4099 nu’

1925 4140 2076 4212 ptias
2108 4142 2231 4210 init,
2264 4148 2676 4213 praeterquam
2693 4137 2868 4210 quod
2892 4136 3139 4205 dignus
3164 4154 3318 4193 non
3338 4145 3446 4194 est
3460 4138 3563 4211 qui
3598 4141 3746 4185 60'

1925 4237 2187 4297 ronetur,
2220 4245 2527 4286 canonum
2555 4230 2746 4283 etiam
2777 4224 2985 4297 poenis
3017 4230 3115 4279 est
3152 4225 3528 4282 obnoxius.
3566 4224 3763 4286 Quo

1925 4319 2101 4389 igitur
2125 4326 2299 4391 pacto
2328 4332 2629 4374 coronare
2655 4332 2857 4371 ausus
2886 4318 2980 4368 est
3005 4329 3146 4378 eos,
3175 4314 3305 4385 qui
3331 4331 3421 4370 ex
3445 4307 3783 4369 canoni-

1923 4409 2039 4465 bus
2087 4409 2161 4465 de
2228 4408 2501 4479 digamia
2558 4403 2873 4460 multandi
2925 4406 3075 4456 sunt
3118 4402 3153 4454 ‘2
3214 4403 3793 4469 Quamobremn,

1924 4500 2187 4569 ignosce,
2226 4503 2288 4553 ut
2317 4496 2555 4552 crimen
2596 4492 2772 4549 aliud
2808 4491 3052 4546 nullum
3103 4495 3272 4553 eset,
3328 4489 3805 4553 nullatenus

1926 4588 2256 4643 sacriﬁcare
2286 4586 2669 4659 permissum
2692 4586 2787 4637 est
2812 4600 2827 4644 ς
2858 4579 3032 4635 haud
3065 4578 3207 4631 scio
3239 4592 3335 4630 an
3358 4576 3621 4645 perind
3643 4590 3817 4650 ul-

1925 4678 2187 4747 gentiam
2218 4676 2584 4747 dispensare
2619 4672 2792 4725 circa
2833 4668 3270 4725 sacramenta,
3310 4678 3463 4731 quae
3486 4665 3578 4722 ab
3632 4678 3821 4747 in_

1925 4768 2103 4821 noxio
2122 4766 2477 4837 presbytero
2502 4760 2749 4815 fuerint
2769 4757 3153 4812 consecrata.
3176 4751 3265 4803 De
3292 4748 3557 4853 lectore,
3586 4783 3655 4846 (ἶ
3680 4798 3745 4845 u
3788 4794 3821 4853 ἱ

1926 4870 2107 4927 pcena
2137 4858 2423 4924 suscepta
2464 4864 2776 4905 reversus
2819 4849 2928 4907 est,
2980 4839 3392 4937 aa‘quurnHest
3437 4844 3494 4892 ut
3544 4839 3729 4937 ag);

1925 4906 2415 5015 tempus
2448 4935 2845 5009 Apostolum
2876 4944 2997 4984 non
3020 4906 3225 5015 Δὶᾲέεζδιῑο
3259 4924 3415 4974 Nam
3445 4931 3497 4981 et

1925 5013 2125 5104 sbyter
2152 5032 2514 5087 inhibetura
2540 5022 2894 5086 sacriﬁcio,
2914 5021 2981 5109 et
3002 5013 3315 5109 diaconus
3347 5024 3381 5062 a
3404 5016 3571 5109 mini-

1925 5103 2034 5187 rio,
2063 5126 2117 5176 et
2143 5121 2324 5176 lector
2345 5136 2382 5175 a
2403 5116 2729 5172 lectione.
2757 5110 2883 5164 Nos
2914 5104 2992 5159 ita
3027 5103 3337 5154 sentimus
3375 5104 3431 5152 et
3464 5121 3561 5181 κδ,

3618 4977 3805 5038 re-

3584 5064 3821 5139 ste,‘

3566 5150 3751 5237 ‘et

1794 5346 2015 5411 ποτε).

314 5504 430 5581 (85)
462 5502 531 5557 In
571 5496 711 5554 cod.
745 5499 881 5566 Reg.
912 5483 1040 5573 956‘.

158 5908 519 6274 ι
