4058 6274
474 245 612 312 1583
1738 243 1800 308 s.
1841 236 2209 307 THEODORI
2248 239 2575 305 srumm
3689 231 3829 309 issi

475 397 633 437 mus.
676 381 837 438 Sicut
873 383 1074 437 autem
1113 371 1314 451 pietati
1341 382 1456 435 tum
1481 380 1678 434 visum
1707 377 1900 442 fuerit,
1929 378 2016 432 sic
2036 375 2119 432 fa-
2147 376 2194 430 A
2229 373 2584 447 ἀναγνώσεως.
2641 374 2820 447 Ἡμεῖς
2871 373 2952 428 οὔτ

2229 373 2584 447 ἀναγνώσεως.
2641 374 2820 447 Ἡμεῖς
2871 373 3033 436 οὕτως
3076 382 3356 450 φρονοῦμεν
3405 381 3496 429 καὶ
3543 395 3826 450 τυπουμενυ

473 471 608 527 ciat.
1861 483 1866 493 '
2225 456 2317 526 Ὠς
2344 460 2404 516 δε
2430 466 2462 522 ἡ
2499 463 2732 517 εὐσέϐεια
2760 466 2902 536 ὑμῶν
2930 465 3150 536 νομίζει,
3178 470 3409 520 ποιείτω.

889 595 1087 650 CXCII.
1121 623 1187 633 —
1209 593 1707 649 IrenavPatriciz.
2376 587 2504 676 PqB'
2535 589 2669 659 (86).
2702 619 2759 630 —
2822 589 2893 642 Εἰ
2903 609 2952 663 ρῑ

2376 587 2504 676 PSB'
2535 589 2669 659 (86).
2702 619 2759 630 -
2822 589 3060 663 Εἰρήνη
3101 595 3434 665 πατρικίᾲ.
3484 589 3680 664 [ψοα’.]

1337 689 1409 740 De
1443 690 1770 741 monasterio
1795 689 2117 739 feminarum
2146 686 2215 737 ad
2245 687 2386 737 viros
2414 701 2525 736 non
2555 686 2952 738 transferendo.

549 786 719 839 Bonaa
740 781 977 838 ﬁduciae
1001 785 1115 836 tua:
1132 784 1553 850 argumentum
1573 786 1678 845 est,
1702 779 1864 852 quod
1885 796 1994 835 nos
2014 780 2122 834 hu-
2301 784 2407 839 Τῆς
2465 777 2664 848 ἀγαθῆς
2718 796 2811 830 σου
2859 797 2952 830 πεπ

2301 784 2407 839 Τῆς
2465 777 2664 848 ἀγαθῆς
2718 796 2811 830 σου
2859 779 3218 839 πεποιθήσεως
3275 778 3530 850 σύμϐολον
3581 783 3638 832 τὸ
3691 783 3827 852 ἡμᾶς

475 873 644 929 miles
670 872 1038 935 salutaveris,
1063 869 1315 926 Domina
1337 869 1480 924 mihi
1507 868 1994 934 honoratissima,
2015 883 2121 940 per
2231 869 2352 928 τούς
2425 870 2694 927 ταπεινούς
2769 886 2952 938 προσατ

2231 869 2352 928 τοῦς
2425 870 2694 927 ταπεινοὺς
2769 875 3213 940 προσαγορεῦσαι,
3291 872 3450 942 κυρία
3531 870 3824 939 τιμιωτάτη

473 961 752 1018 dilectum
785 960 1021 1016 fratrem
1062 965 1330 1014 nostrum
1363 957 1679 1013 dominum
1711 957 1945 1012 Petrum
1988 972 2119 1028 pro-
2230 975 2340 1025 μοι,
2375 951 2468 1007 διὰ
2525 963 2615 1006 τοῦ
2673 956 2952 1027 ἠγαπημένη

2230 975 2340 1025 μοι,
2375 951 2468 1007 διὰ
2525 963 2615 1006 τοῦ
2673 956 3008 1027 ἠγαπημένον
3057 957 3202 1026 ἡμῶν
3243 953 3468 1028 ἀδελφοῦ
3501 963 3695 1028 Κυρίου
3730 963 3824 1010 [Ii-

471 1048 765 1124 p'inquum
801 1054 972 1104 tuum
1005 1064 1016 1102 :
1059 1063 1164 1120 per
1194 1063 1375 1119 quem
1407 1053 1459 1102 et
1487 1062 1598 1102 nos
1628 1047 1888 1101 vicissim
1930 1061 2112 1117 quam
2229 1063 2353 1116 τρου
2385 1049 2473 1096 καὶ
2523 1052 2806 1114 συγγενοῦς
2838 1063 2933 1096 σου

2229 1063 2353 1116 τρου
2385 1049 2473 1096 xui
2523 1052 2806 1114 συγγενοῦς
2838 1063 2933 1096 σου
2968 1062 2980 1074 ·
3015 1040 3088 1096 δι’
3139 1044 3200 1096 οὗ
3230 1052 3314 1096 xui
3349 1048 3499 1118 ἡμεῖς
3548 1045 3827 1121 ἀντιπροσ-

468 1139 762 1195 debemus
783 1138 1200 1193 salutationem
1236 1135 1565 1202 reddimus,
1593 1135 1907 1190 laudantes
1937 1135 2118 1206 pieta-
2229 1135 2541 1206 αγορεύομεν
2599 1131 2947 1205 ὄφειλομὲνως,

2229 1135 2541 1206 αγορεύομεν
2599 1131 2947 1205 ὀφειλομένως,
3017 1137 3335 1196 ἐπαινοῦντές
3403 1153 3497 1187 σου
3559 1139 3617 1186 τὸ
3685 1136 3826 1188 εὐσε-

471 1225 588 1285 tem
614 1232 802 1296 tuam,
830 1231 1176 1298 rectamque
1198 1225 1255 1280 in
1286 1225 1461 1280 bonis
1496 1224 1961 1280 aemulationem.
1997 1225 2116 1279 Hoc
2229 1221 2331 1286 εις,
2382 1227 2471 1273 xui
2514 1222 2804 1282 εῦζήλωτον
2849 1225 2896 1274 ἓν

2229 1221 2331 1286 ϐες,
2382 1227 2471 1273 xui
2514 1222 2804 1282 εῦζήλωτον
2849 1225 2896 1274 ἓν
2955 1221 3194 1294 ἀγαθοῖς.
3231 1221 3352 1275 Ὀτι
3398 1231 3550 1276 τοῦτο
3603 1229 3693 1277 καὶ
3747 1223 3828 1296 ἀφ’

469 1319 696 1391 quippe
711 1317 1010 1388 etipsiper
1028 1331 1136 1370 nos
1150 1313 1706 1380 scimus,etafratre
1720 1313 2117 1386 persaapedis-
2229 1311 2422 1363 ἑαυτῶν
2452 1313 2623 1383 ῖσμεν.
2673 1318 2762 1364 καὶ
2802 1315 2943 1384 παρὰ

2229 1311 2422 1363 ἑαυτῶν
2452 1313 2623 1383 ἴσμεν.
2673 1318 2762 1364 καὶ
2802 1315 2943 1384 παρὰ
2973 1321 3062 1365 τοῦ
3113 1309 3336 1384 ἀδελφοῦ
3383 1313 3626 1373 πολλάκις
3669 1311 3826 1366 διδα-

470 1404 1075 1477 cimus,quodqueob
1093 1405 1187 1459 Dei
1212 1405 1719 1474 amorem,ipsum
1742 1402 2116 1457 etiaminho-
2231 1403 2463 1472 σκόμεθα
2495 1417 2508 1430 ο
2550 1405 2640 1453 καί
2663 1421 2722 1470 γε
2749 1404 2818 1462 ὡς
2859 1397 2951 1453 διὰ

2231 1403 2463 1472 σκόμεθα
2495 1417 2508 1430 ⁸
2550 1405 2640 1453 καί
2663 1421 2722 1470 γε
2749 1404 2818 1462 ὡς
2859 1397 2951 1453 διὰ
2981 1409 3115 1455 Θεοῦ
3146 1400 3375 1473 ἀγάπην,
3408 1408 3496 1454 καὶ
3549 1403 3705 1455 αύτὸν
3733 1400 3827 1456 διὰ

466 1491 2110 1564 norehabes,sicutvirtutitum,etvirimoribusconvenit.
2227 1498 2387 1562 τιμῆς
2442 1492 2609 1562 ἄγοις,
2661 1490 2816 1554 ἀξίως
2864 1500 2952 1552 τῆς

2227 1498 2387 1562 τιμῆς
2442 1492 2609 1562 ἄγοις,
2661 1490 2816 1554 ἀξίως
2864 1500 2957 1552 τῆς
2996 1491 3212 1553 ἐνούσης
3259 1511 3343 1544 σοι
3375 1492 3579 1565 ἀρετῆς,
3608 1499 3698 1545 καὶ
3737 1501 3828 1554 τῆς

467 1585 762 1651 Quoniam
785 1588 984 1638 autem
1002 1587 1346 1653 percontata
1362 1597 1426 1635 es
1448 1581 1521 1636 de
1544 1579 1930 1644 monasterio,
1950 1580 2116 1651 quod
2151 1633 2192 1657 η
2229 1586 2319 1631 τοῦ
2350 1575 2542 1654 ἀνδρὸς
2589 1579 2869 1641 πολιτείας.
2904 1581 2952 1633 Ἐ

2229 1586 2319 1631 τοῦ
2350 1575 2542 1654 ἀνδρὸς
2589 1579 2869 1641 πολιτείας.
2904 1577 3116 1638 Ἐπειδὴ
3162 1578 3220 1633 δὲ
3256 1582 3538 1655 ἠρώτησας
3584 1587 3826 1657 περὶτοῦ

473 1633 762 1651 κ-ν--τ-
788 1633 1346 1653 πη-ι---νηνπτὴ
1372 1633 1419 1635 η
1545 1633 1724 1636 --κη
1962 1633 2094 1651 ,ηρ

470 1677 690 1730 Leones
719 1678 953 1738 vocant,
998 1677 1195 1725 utrum
1236 1671 1553 1726 conveniat
1601 1670 1740 1724 viris
1782 1668 1929 1724 illud
1962 1670 2116 1724 attri-
2151 1633 2196 1689 B

465 1765 668 1830 buere,
700 1763 852 1817 sicut
881 1766 966 1817 est
995 1759 1310 1816 consilium
1355 1764 1527 1814 tuum
1558 1759 1616 1813 in
1659 1758 1784 1829 ejus
1822 1759 2121 1814 instaura-
2227 1753 2339 1810 δέοι
2371 1754 2608 1831 ἀνδρεῖον
2651 1757 2778 1810 αὐτὸ
2831 1778 2952 1810 κατο

2227 1753 2339 1810 δέοι
2371 1754 2608 1831 ἀνδρεῖον
2651 1757 2778 1810 αὐτὸ
2831 1761 3273 1817 καταστήσασθαι
3308 1777 3320 1788 ·
3376 1760 3537 1820 οῦτως
3577 1762 3827 1833 αἱρέσεως

468 1853 652 1923 tione,
679 1868 816 1906 cum
846 1855 1022 1905 antea
1039 1847 1326 1903 muliebre
1350 1848 1780 1903 monasterium
1804 1847 2116 1912 diceretur,
2225 1848 2430 1917 ἔχουσα
2475 1850 2524 1899 ἓν
2557 1855 2629 1916 τῷ
2681 1866 2952 1920 μετασχηρ

2226 1848 2430 1917 ἔχουσα
2475 1850 2524 1899 ἓν
2557 1855 2629 1916 τῷ
2681 1856 3182 1920 μετασχηματισμῷ
3224 1855 3315 1900 τοῦ
3357 1854 3478 1923 πρὶν
3529 1854 3827 1920 γυναικείαν

467 1947 524 1998 et
541 1943 739 2013 reipsa
755 1944 908 1995 esset
942 1953 954 1992 :
987 1938 1100 1993 hoc
1118 1937 1413 1992 habemus
1433 1936 1598 2008 quod
1616 1935 2114 2007 respondeamus,
2225 1941 2384 2008 μονὴν
2442 1936 2820 2010 ὀνομαζομένου
2851 1942 2941 1989 xui

2226 1941 2384 2008 μονὴν
2442 1936 2820 2010 ὀνομαζομένου
2851 1942 2941 1989 xui
2969 1943 3407 2010 χρηματίσαντος
3439 1958 3452 1970 ·
3503 1947 3654 1992 τοῦτο
3697 1937 3828 1990 ἀπο-

464 2030 630 2104 quod
651 2044 891 2100 nempe,
911 2029 958 2082 si
979 2032 1084 2082 ate
1107 2041 1266 2080 nunc
1282 2026 1544 2096 primum
1568 2030 1948 2080 consecratus
1965 2029 2119 2078 esset
2223 2029 2494 2100 κρίνεσθαι
2533 2030 2722 2100 ἔχομεν
2757 2045 2768 2057 -
2805 2029 2885 2079 ὅτι
2937 2047 2952 2080 ι

2226 2029 2494 2100 κρίνεσθαι
2533 2030 2722 2100 ἔχομεν
2757 2045 2768 2057 '
2805 2029 2885 2079 ὅτι
2937 2027 2980 2080 εἰ
3013 2030 3102 2100 μὲν
3133 2033 3317 2081 νεωστὶ
3358 2025 3547 2098 ἧρκταί
3580 2047 3662 2080 σοι
3691 2031 3830 2080 καθ-

464 2120 651 2184 locus,
687 2121 983 2187 integrum
1012 2115 1156 2172 foret
1186 2115 1380 2170 facere
1409 2114 1573 2186 quod
1594 2113 1798 2170 velles.
1835 2113 1948 2169 Sed
1973 2114 2118 2186 quia
2227 2123 2396 2188 ιεροῦν
2447 2119 2534 2168 τὸν
2607 2122 2784 2183 τόπον,
2861 2117 2952 2180 ἐξόπ

2227 2123 2396 2188 ιεροῦν
2447 2119 2534 2168 τὸν
2607 2122 2784 2183 τόπον,
2861 2117 2970 2180 ἐξὸν
3031 2119 3152 2188 ὅπερ
3215 2119 3335 2190 αἱρῇ
3401 2115 3824 2192 διαπράξασθαι.

465 2213 848 2265 consecratus
879 2212 1056 2262 antea
1084 2203 1191 2260 fuit
1221 2219 1325 2276 per
1354 2203 1546 2259 beatae
1577 2204 1879 2258 memoriae
1909 2202 2117 2257 defun-
2225 2201 2436 2263 Ἐπειδὴ
2501 2202 2557 2258 δι
2607 2209 2952 2278 προκαθιίρωτ

2226 2201 2436 2263 Ἐπειδὴ
2501 2202 2557 2258 δι
2607 2209 3023 2278 προκαθιίρωται
3075 2203 3169 2258 διὰ
3219 2216 3308 2267 τῆς
3333 2209 3382 2258 ἐν
3429 2227 3664 2280 μακαριᾳ
3694 2213 3828 2280 μνή-

466 2303 620 2354 ctam
643 2296 824 2352 ﬁliam
854 2301 1016 2350 tuam
1048 2293 1163 2350 illic
1193 2293 1635 2364 praesidentem,
1664 2308 1800 2364 quae
1830 2296 1888 2346 et
1911 2292 2114 2347 multis
2224 2314 2294 2366 μη
2337 2295 2666 2356 τελεσθείσης
2742 2315 2836 2348 σου
2895 2298 2952 2348 eu

2226 2314 2294 2366 μη
2337 2295 2666 2356 τελεσθείσης
2742 2315 2836 2348 σου
2895 2298 3150 2368 θυγατρὸς
3201 2299 3364 2348 ἔκείσε
3402 2299 3824 2370 καθηγουμένης,

466 2389 640 2444 annis
661 2385 1091 2442 monasterium
1121 2383 1421 2438 rexitcum
1444 2382 1743 2451 virginum
1766 2387 1924 2437 ccetu
1959 2399 1972 2447 ;
2004 2379 2114 2436 etsi
2223 2388 2312 2435 καὶ
2341 2392 2494 2436 τοῦτο
2544 2384 2627 2438 ἐπὶ
2665 2391 2874 2459 χρόνοις
2928 2388 2952 2437 ί;

2226 2388 2312 2435 καὶ
2341 2392 2494 2436 τοῦτο
2544 2384 2627 2438 ἐπὶ
2665 2391 2874 2459 χρόνοις
2928 2388 3122 2446 ἱκανοῖς
3175 2381 3636 2459 διακρατησάσης,
3688 2391 3828 2458 μετὰ

467 2471 769 2548 superiore
807 2472 963 2528 bello
998 2471 1153 2526 civili
1201 2470 1355 2526 facta
1394 2474 1482 2525 est
1511 2484 1785 2525 sororum
1816 2469 1972 2523 illius
2002 2468 2112 2524 loci
2223 2477 2312 2524 xui
2370 2470 2620 2535 συνοδίας
2669 2477 2952 2548 παρθενικῇ

2226 2477 2312 2524 καὶ
2370 2470 2620 2535 συνοδίας
2669 2477 2981 2548 παρθενικῆς
3009 2494 3021 2506 ·
3079 2475 3123 2527 εἰ
3161 2480 3250 2527 καὶ
3304 2477 3384 2527 ὅτι
3426 2478 3702 2547 μετάθεσις
3735 2482 3830 2548 γέ-

468 2564 796 2633 translatio,
843 2569 1022 2633 atque
1061 2560 1248 2631 ipsius
1278 2559 1637 2630 pt'zepositte,
1669 2573 1805 2629 quae
1841 2558 1921 2612 ibi
1947 2557 2108 2628 quie-
2221 2580 2364 2632 γονεν
2416 2560 2470 2613 ἔκ
2522 2569 2618 2614 τοῦ
2672 2563 2952 2636 προλαϐὁντ

2226 2580 2364 2632 γονεν
2416 2560 2470 2613 ἔκ
2522 2569 2618 2614 τοῦ
2672 2563 3014 2636 προλαϐόντος
3095 2562 3340 2634 ἕμφυλίου
3421 2564 3667 2636 πολέμου,
3729 2574 3826 2627 τῆς

463 2653 667 2708 scebat
687 2653 746 2706 in
769 2649 1196 2714 sacrisloculis,
1220 2663 1360 2703 cum
1380 2648 1508 2702 aliis
1523 2663 1659 2719 quas
1685 2651 2113 2718 praecesserant
2223 2647 2565 2722 ἀδελφότητος
2618 2659 2716 2702 τῶν
2770 2650 2952 2715 ἐκεῖσε,

2226 2647 2565 2722 ἁδελφότητος
2618 2659 2716 2702 τῶν
2770 2650 2952 2715 ἐκεῖσε,
3003 2653 3167 2714 αὐτῆς
3241 2672 3295 2706 τε
3367 2661 3458 2714 τῆς
3533 2655 3827 2725 ἡγουμένης

465 2742 733 2814 ejusdem
757 2739 983 2796 ordinis
1008 2737 1364 2804 animabus;
1388 2736 1478 2792 fas
1510 2752 1631 2792 non
1663 2742 1766 2806 est,
1788 2741 1850 2792 ut
1875 2738 2108 2808 opinor,
2223 2735 2376 2811 δεῦρο
2432 2744 2801 2812 κατακειμένης
2843 2740 2891 2792 ἐν
2925 2743 2952 2792 θ

2226 2735 2376 2811 δεῦρο
2432 2744 2801 2812 κατακειμένης
2843 2740 2891 2792 ἐν
2925 2743 3113 2803 θήκαις
3169 2742 3344 2802 ὁσίαις
3394 2745 3520 2814 μετὰ
3567 2749 3656 2794 καὶ
3687 2763 3826 2816 προ-

463 2831 736 2898 Domina,
761 2830 1150 2884 mutationem
1173 2843 1208 2882 a
1238 2831 1291 2882 te
1313 2826 1457 2895 fieri,
1483 2830 1585 2882 aut
1606 2841 1784 2897 porro
1805 2825 1958 2880 illius
1976 2841 2110 2897 quae
2219 2827 2486 2880 λαϐουσῶν
2541 2829 2701 2880 ἄλλων
2746 2831 2952 2902 ὁμοταγ.

2226 2827 2486 2880 λαϐουσῶν
2541 2829 2701 2880 ἄλλων
2746 2831 3016 2902 ὁμοταγῶν
3067 2829 3260 2901 ψυχῶν
3303 2847 3316 2861 °
3365 2830 3423 2882 οὗ
3477 2834 3702 2902 θεμιτὸν,
3759 2836 3824 2894 ὡς

465 2919 784 2992 praecessit,
819 2931 1054 2973 sorores
1081 2915 1354 2986 ﬁliasque
1379 2913 1696 2980 dimittere,
1724 2930 1856 2985 quae
1889 2913 1970 2968 ibi
1994 2916 2110 2969 Deo
2145 2986 2176 2992 _
2221 2913 2387 2988 οἶμαι,
2445 2922 2620 2990 κυρία,
2679 2917 2952 2989 ἐξαλλαγὴν

2226 2913 2387 2988 οἶμαι,
2445 2922 2620 2990 κυρία,
2679 2917 2962 2989 ἐξαλλαγὴν
3021 2921 3350 2976 ποιήσασθαί
3403 2938 3460 2971 σε
3508 2935 3522 2947 '
3585 2921 3824 2992 μάλιστα

467 2986 685 3064 servire
703 3005 954 3072 malunt,
984 3003 1087 3059 ubi
1114 3003 1345 3076 sepulta
1377 3008 1462 3058 est
1493 3002 1833 3074 praeposita.
1862 3005 2108 3074 Aposto-
2137 2986 2180 3044 C
2221 2986 2317 3058 τεν
2367 2986 2647 3078 ἀφεθεισῶν
2698 2986 2928 3080 ἀδελφῶν

2226 2986 2317 3058 τῶν
2367 3005 2647 3078 ἁφεθεισῶν
2698 3004 2928 3080 ἀδελφῶν
2986 3013 3075 3060 καὶ
3134 3012 3316 3060 τέκνων
3364 3017 3459 3070 τῆς
3505 3029 3819 3083 προηγησα-

458 3096 607 3152 licus
625 3111 819 3151 sermo
840 3100 965 3150 est:
1001 3092 1411 3164 Unusquisque
1434 3091 1497 3148 in
1529 3107 1640 3164 quo
1664 3098 1904 3148 vocatus
1923 3097 2025 3163 est,
2044 3094 2107 3148 in
2218 3100 2370 3166 μένης
2422 3093 2526 3148 ὧδε
2581 3099 2895 3170 αἱρουμένων

2226 3100 2370 3165 μένης
2422 3093 2526 3148 ὧδε
2581 3099 2895 3170 αἱρουμένων
2962 3097 3219 3170 λατρεύειν
3281 3105 3415 3168 Θεῷ,
3471 3100 3591 3150 ἔνθα
3641 3106 3733 3152 καὶ
3784 3103 3814 3158 ἡ

461 3185 570 3242 hoc
598 3190 836 3241 maneat
867 3185 935 3238 ³⁸.
977 3182 1394 3238 Monasterium
1424 3181 1712 3236 muliebre
1742 3181 2107 3253 appellatum
2217 3186 2581 3256 καθηγουμένη
2682 3187 2952 3237 κατάκειτο

2226 3186 2581 3256 καθηγουμίνη
2682 3187 3002 3238 κατάκειται.
3107 3184 3482 3249 Ἀποστολικός
3557 3190 3583 3239 ὁ
3665 3188 3822 3260 λόγος

461 3281 548 3330 est
577 3297 588 3328 :
614 3290 748 3346 qua:
782 3288 967 3328 causa
995 3271 1444 3334 immutationis,
1487 3275 1549 3326 ut
1589 3270 1852 3325 virorum
1884 3285 2107 3325 nomen
2218 3271 2361 3325 ἐστίν
2382 3291 2396 3306 ο
2427 3273 2739 3335 Ἕκαστος
2764 3277 2820 3326 ἂν
2852 3271 2890 3345 ᾧ
2923 3274 2942 3326 ἐ

2226 3271 2396 3325 ἰστίν·
2427 3273 2739 3335 Ἕκαστος
2764 3277 2820 3326 ἂν
2923 3273 3175 3336 ἐκλήθη,
3222 3273 3277 3326 ἐν
3317 3279 3518 3347 τούτῳ
3557 3281 3815 3349 μενέτω.

459 3361 672 3434 gerat?
692 3361 1016 3434 praesertim
1036 3376 1174 3416 cum
1191 3359 1300 3414 viri
1319 3375 1438 3415 non
1457 3358 1837 3430 appareant?
1852 3375 1988 3431 quae
2007 3375 2109 3415 au-
2216 3367 2360 3420 Mow)
2410 3363 2599 3422 ἐκλήθη
2653 3367 2926 3434 γυναικεία

2226 3367 2360 3420 Μονὴ
2410 3363 2599 3422 ἐκλήθη
2653 3367 2926 3434 γυναικεία
2958 3383 2969 3394 ·
3024 3369 3101 3425 τίς
3148 3363 3296 3434 λόγος
3344 3361 3438 3425 τῆς
3493 3366 3820 3439 μεταλλαγῆς

461 3459 577 3508 tem
618 3451 880 3523 expulsae
912 3455 1070 3515 sunt,
1110 3464 1233 3504 non
1273 3448 1466 3504 ferant
1505 3463 1566 3503 se
1606 3463 1728 3503 non
1768 3448 1846 3502 ibi
1888 3449 2105 3504 vivere.
2218 3448 2551 3525 ἀνδρώννμον
2599 3454 2840 3523 γενέσθαι
2890 3471 2907 3524 ;

2226 3448 2551 3525 Ξινδρώνυμον
2599 3454 2840 3523 γενέσθαι
2890 3471 2907 3524 ;
2954 3459 3128 3505 καίτοι
3178 3450 3379 3526 ἀνδρῶν
3427 3459 3498 3526 μὴ
3554 3455 3668 3507 κατ’
3728 3456 3820 3528 ὀφ-

458 3540 630 3609 Quod
656 3541 702 3596 si
735 3556 892 3612 smpe
923 3539 1170 3594 mutatio
1202 3537 1355 3594 facta
1384 3543 1474 3593 est
1500 3537 1561 3592 in
1589 3536 1958 3610 quibusdam
1986 3553 2109 3594 mo-
2218 3541 2439 3613 θαλμοὺς
2513 3544 2843 3613 φαινομένων,
2921 3561 2950 3592 κ

2226 3541 2439 3613 Βαλμοὺς
2513 3544 2843 3613 φαινομένων,
2921 3546 3008 3594 καὶ
3085 3550 3183 3594 τῶν
3259 3541 3636 3616 ἐκϐεϐλημίνων
3719 3544 3816 3597 ούκ

460 3630 755 3694 nasteriis,
784 3633 887 3684 aut
912 3627 1242 3700 persecutio
1272 3642 1454 3683 causa
1492 3625 1620 3692 fuit,
1662 3632 1764 3682 aut
1794 3627 2104 3698 subreptio
2217 3629 2537 3702 ἀνεχομένων
2568 3635 2638 3702 μὴ
2689 3632 2812 3702 οὐχί
2846 3633 2950 3683 ἐκεῖ

2226 3629 2537 3702 Ξινεχομένων
2568 3635 2638 3702 μὴ
2689 3632 2812 3702 οὐχί
2846 3633 3011 3684 ἐκεῖσε
3069 3628 3282 3704 διαζῇν.
3321 3633 3378 3685 Εἰ
3429 3629 3487 3686 δὲ
3527 3636 3606 3685 ὅτι
3635 3639 3817 3706 γέγονε

457 3720 699 3791 injusta,
741 3723 845 3774 aut
892 3716 1156 3790 potentia
1203 3732 1324 3771 non
1364 3715 1644 3787 legitima.
1697 3716 1925 3781 Quibus
1969 3733 2104 3774 vero
2213 3719 2455 3780 πολλάκις
2502 3718 2753 3790 ἐξαλλαγὴ
2809 3721 2857 3771 ἔν
2900 3739 2950 3771 τι

2226 3719 2455 3780 πολλάκις
2502 3718 2753 3790 ἐξαλλαγὴ
2809 3721 2857 3771 ἓν
2900 3739 3011 3772 τισι
3041 3725 3438 3794 μοναστηρίοις,
3492 3721 3618 3774 ἀλλὰ
3672 3726 3814 3777 κατὰ

457 3815 618 3865 recta
655 3814 742 3863 est
783 3806 952 3872 ﬁdes,
995 3812 1050 3862 et
1089 3805 1208 3861 vita
1247 3805 1384 3860 ﬁdei
1424 3820 1544 3860 non
1589 3819 1956 3876 repugnans,
1997 3822 2100 3862 eos
2214 3805 2452 3881 διωγμοῦ
2532 3809 2725 3874 αἰτίαν,
2779 3813 2868 3861 καὶ
2943 3830 2952 3859 ι

2226 3805 2452 3881 ῗιωγμοῦ
2532 3809 2725 3874 αἰτίαν,
2779 3813 2868 3861 καὶ
2943 3811 3256 3884 ὑφαρπαγὴν
3329 3811 3433 3882 οὐχ
3487 3813 3658 3876 ὁσίαν,
3719 3820 3815 3867 xui

455 3895 1467 3955 consentaneumiueritsecundum
1492 3894 1648 3966 leges
1670 3896 2105 3952 etcanoneslo-
2212 3897 2449 3960 ἐξουσίαν
2497 3898 2589 3950 οῦκ
2645 3900 2952 3971 ἔνθεσμον.ι

2226 3897 2449 3960 ἐξουσίαν
2497 3898 2589 3950 οῦκ
2645 3900 2906 3971 ἔνθεσμον.
2943 3900 3034 3961 Οἷς
3085 3896 3144 3952 δε
3199 3903 3287 3951 καὶ
3323 3906 3500 3962 πίστις
3529 3901 3655 3974 ὀρθή
3720 3909 3815 3956 καὶ

455 3988 558 4060 qui
584 3993 638 4043 et
663 3985 2100 4056 agere.Quamobremhortamuretobsecramus,
2213 3985 2331 4059 βίος
2394 3991 2466 4056 μὴ
2534 3986 2922 4059 ἀνθιστάμενος,

2226 3985 2331 4048 Βίος
2394 3991 2466 4056 μὴ
2534 3986 2922 4059 ἀνθιστάμενος,
2998 3991 3203 4050 τούτοις
3269 3987 3546 4042 ἀκόλουθον
3598 3989 3658 4042 ἆν
3727 3995 3810 4050 εἴη

454 4093 524 4134 ac
547 4077 597 4131 si
626 4076 757 4148 ipsa
772 4074 963 4130 beatas
985 4075 1290 4130 memorias
1312 4073 1432 4128 ﬁlia
1458 4079 1556 4128 tua
1584 4089 1688 4145 per
1711 4090 1819 4128 nos
1843 4073 2099 4129 humiles
2212 4074 2467 4146 ἕνθέσμως
2531 4082 2620 4130 καὶ
2692 4085 2952 4128 κανονικώ

2226 4075 2467 4146 ὴθέσμως
2531 4082 2620 4130 καὶ
2692 4085 2971 4138 κανονικῶς
3019 4077 3179 4148 λέγειν
3235 4083 3322 4130 xui
3382 4081 3648 4151 πράττειν,
3714 4086 3812 4135 Διά

451 4181 655 4221 vocem
676 4162 1332 4228 ederet,monasterium
1355 4163 2100 4234 Leonespergatmuliebre
2210 4173 2361 4218 τοῦτο
2412 4172 2502 4218 xui
2553 4175 2900 4241 παραινοῦμεν

2226 4173 2361 4218 τοῦτο
2412 4172 2502 4218 xui
2553 4175 2900 4241 παραινοῦμεν
2958 4172 3046 4218 xui
3098 4166 3480 4240 ἀντιϐολοῦμεν,
3523 4172 3586 4229 ὡς
3642 4171 3815 4233 αὐτῆς

452 4253 811 4324 nuncupari,
842 4260 897 4306 et
917 4251 1105 4322 ipsius
1129 4250 1281 4306 ﬁlias
1304 4251 1364 4305 in
1390 4250 1621 4322 spiritu,
1646 4252 1965 4306 servientes
1983 4254 2097 4307 Deo
2209 4262 2306 4316 τῆς
2333 4260 2598 4328 μακαρίας
2629 4258 2885 4330 θυγατρός
2934 4275 2952 4308 ι

2226 4262 2306 4316 τῆς
2333 4260 2598 4328 μακαρίας
2629 4258 2885 4330 θυγατρός
2934 4275 3028 4308 σου
3060 4261 3227 4328 φωνήν
3271 4256 3511 4329 ἀφιείσης
3543 4255 3613 4310 δι’
3655 4261 3809 4332 ἡμῶν

452 4342 768 4399 custodire.
802 4343 920 4396 Hoc
940 4341 1098 4395 enim
1138 4345 1200 4394 ut
1241 4339 1415 4411 illius,
1459 4338 1543 4394 sic
1589 4343 1647 4394 et
1694 4345 1808 4396 tuas
1854 4356 2100 4412 quoque
2132 4340 2172 4396 C
2209 4351 2309 4395 τῶν
2361 4353 2609 4396 ταπεινῶν
2657 4360 2670 4372 ο
2735 4349 2922 4416 μενέτω

2226 4351 2309 4394 τῶν
2361 4353 2609 4396 ταπεινῶν
2657 4360 2670 4372 ⁸
2735 4349 2922 4416 μενέτω
2973 4349 3029 4396 τό
3087 4350 3440 4420 μοναστήριον
3493 4349 3541 4398 οἱ
3591 4353 3811 4416 Λίοντες

451 4431 655 4502 pietati
678 4429 807 4485 laus
837 4429 944 4484 erit
973 4444 1116 4484 sane
1146 4429 1428 4492 maxima,
1450 4445 1644 4500 neque
1668 4445 1877 4485 ansam
1906 4446 2100 4502 repre-
2206 4441 2496 4504 γυναικεῖον
2557 4434 2912 4506 χρηματίζον,

2226 4441 2496 4494 γυναικεῖον
2557 4434 2912 4506 χρηματίζον,
2973 4439 3059 4486 καὶ
3114 4444 3365 4508 φρουροῦν
3423 4439 3515 4498 τὰς
3564 4438 3806 4491 καταλει-

451 4519 758 4576 hensionis
815 4517 981 4573 dabit
1018 4518 1087 4572 iis
1129 4517 1228 4589 qui
1281 4523 1483 4573 nostra
1527 4517 1852 4575 observant
1887 4541 1897 4572 ε
1932 4521 2096 4592 quod
2207 4525 2423 4594 φθείσας
2465 4525 2748 4596 θυγατέρας
2803 4523 2952 4582 mit-ii

2226 4525 2423 4584 φθείσας
2465 4525 2748 4596 θυγατέρας
2803 4523 2986 4588 αὐτῆς,
3021 4523 3067 4575 ἐν
3107 4527 3360 4596 πνεύματι
3393 4523 3645 4598 λάτριδας
3671 4532 3804 4598 Θεῷ.

449 4606 1056 4681 prmeipitApostolus
1081 4623 1218 4662 cum
1252 4607 1332 4661 ait
1361 4630 1372 4660 :
1399 4609 1539 4663 Sine
1569 4607 1888 4674 o/fensione
1917 4617 2097 4666 estote
2205 4619 2369 4665 Τοῦτο
2420 4615 2520 4685 γὰρ
2577 4616 2668 4665 σὺν
2727 4611 2888 4685 εκείνη
2943 4634 2952 4664 ι

2226 4619 2369 4665 Γοῦτο
2420 4615 2520 4685 γὰρ
2577 4616 2668 4665 σὺν
2727 4611 2888 4685 εκείνη
2943 4618 3030 4666 καὶ
3086 4622 3149 4687 τῇ
3213 4622 3277 4687 σῇ
3342 4614 3605 4688 θεοσεϐείᾳ
3659 4617 3808 4678 κλίος

452 4703 505 4756 et
532 4699 778 4763 Judavis,
811 4704 864 4752 et
897 4695 1134 4759 Graecis,
1167 4702 1220 4752 et
1254 4695 1530 4752 Ecclesia
1567 4697 1667 4753 Dei
1696 4698 1764 4749 ³⁵.
1799 4698 2094 4762 Quoniam
2204 4702 2282 4753 ὅτι
2337 4701 2586 4774 μάλιστα,
2635 4706 2723 4754 καὶ
2773 4701 2952 4773 ἀνεπίῲ

2226 4702 2282 4753 ἔτι
2337 4701 2586 4774 μάλιστα,
2635 4706 2723 4754 καὶ
2773 4701 3084 4774 ἀνεπίφογον
3133 4711 3240 4765 τοῖς
3292 4702 3682 4762 ἐπισκήπτουσι
3740 4709 3808 4759 τὰ

450 4787 565 4843 nisi
602 4789 682 4842 ita
717 4785 945 4848 feceris,
979 4801 1070 4839 res
1103 4785 1347 4856 quidem
1382 4801 1503 4840 non
1544 4785 1846 4856 subsistet,
1900 4787 1980 4842 ab
2023 4804 2094 4845 eo
2204 4792 2428 4866 ἡμέτερα
2485 4807 2496 4819 ·
2553 4792 2672 4866 ὅπερ
2752 4811 2951 4866 παρεγγ

2226 4793 2428 4866 νμέτερα
2485 4807 2496 4819 ⁸
2553 4792 2672 4866 ὅπερ
2752 4797 3025 4866 παρεγγυᾴ
3091 4793 3116 4844 ὁ
3172 4792 3486 4855 Ἀπόστολος
3570 4793 3733 4866 λέγων
3785 4810 3800 4826 ⁶

447 4876 612 4949 quod
647 4875 940 4938 convenit,
981 4873 1059 4929 ad
1099 4873 1154 4928 id
1202 4875 1363 4945 quoi
1406 4879 1618 4946 praeter
1659 4881 1936 4932 naturam
1981 4884 2089 4946 est,
2207 4878 2642 4953 Ἀπρόσκοποι
2679 4883 2936 4953 γίνεσθε

2226 4884 2642 4953 Απρόσκοποι
2679 4883 2936 4953 γίνεσθε
2967 4885 3073 4934 xui
3114 4879 3485 4950 Ἰουδαίοις,
3526 4889 3634 4935 xui
3663 4882 3800 4938 Ἐλ-

449 4964 774 5029 translata;
809 4979 918 5019 nos
945 4977 1084 5019 vero
1116 4978 1236 5018 non
1265 4961 1616 5034 effugiemus
1660 4965 1962 5036 publicam
1996 4983 2098 5025 ca-
2204 4967 2382 5038 λησι,
2435 4975 2553 5023 ’καὶ
2591 4977 2662 5043 τῇ
2725 4970 2947 5030 Ἐκκλη

2226 4987 2382 5038 λησι,
2435 4975 2553 5023 ’καὶ
2591 4977 2662 5043 τῇ
2725 4970 3076 5045 Ἐκκλησία
3130 4978 3241 5025 τοῦ
3304 4979 3482 5026 Θεοῦ.
3525 4971 3664 5026 Ἐπεὶ
3707 4975 3805 5028 ἐὰν

2226 1673 2582 1742 μοναστηρίου
2635 1677 2725 1720 τοῦ
2777 1669 3134 1742 ἐπιλεγομένου
3189 1674 3310 1730 τοὺς
3363 1676 3606 1736 Λέοντας,
3666 1674 3734 1733 ὡς
3784 1671 3828 1724 εί

517 5187 612 5245 ⁸⁴Ι
641 5188 772 5249 Cor.
804 5203 904 5255 vn,
936 5191 1026 5247 20.
1103 5189 1149 5225 ⁸⁸
1179 5189 1202 5244 ι
1232 5190 1364 5246 Cor.
1395 5205 1456 5258 x,
1488 5191 1579 5246 32.

2004 5359 2232 5421 ΝΟΤιΕ.

513 5530 628 5606 (86)
666 5530 732 5591 In
758 5530 893 5592 cod.
927 5532 1068 5604 Reg.
1097 5512 1227 5607 p‘it’.
