4058 6274
307 308 445 365 1585

1584 314 2085 372 EPISTOLARUM
2125 314 2257 371 LIB.
2302 313 2375 371 II.

3515 258 3654 366 isse

302 454 372 506 μη
424 436 559 487 οὕτω
611 435 845 505 πράξοις,
886 440 943 488 1'6
999 440 1087 508 μεν
1143 434 1324 510 δρᾶμα
1375 442 1562 492 στάσιν
1616 441 1721 512 οὐχ
1778 441 1888 507 ἕξει,

2011 440 2398 505 villationem,
2427 438 2760 495 addiderim
2777 435 2978 503 etiam,
2997 434 3057 489 in
3085 432 3653 493 condemnationem

302 522 441 587 ἀπαξ
491 527 694 583 κινηθὲν
743 525 797 578 ἐκ
821 534 912 578 τοῦ
941 528 1260 590 καθήκοντος
1291 528 1359 588 εἰς
1408 532 1467 580 τό
1526 532 1671 604 παρά
1701 532 1856 602 φύσιν
1884 548 1896 561 ⁸

303 614 452 685 ἡμεῖς
498 610 557 665 δὲ
603 614 696 666 οὐκ
768 615 863 677 ἔξω
915 613 1217 688 κωμῳδίας,
1263 620 1550 691 προσθείην
1596 615 1646 672 δ’
1698 619 1759 671 ἂν
1812 624 1902 672 καὶ

301 706 657 770 κατακρίσεως
688 702 1094 777 ἀπενεγκοίμεθα
1117 709 1473 781 παράπτωμα.

410 825 537 913 ΡζἽΓΙ
569 828 700 898 (87).
732 826 1164 902 -Εὐδοκίμῳ
1208 834 1565 905 σπαθαρίῳ.
1598 832 1795 906 [φοβη]

2011 530 2090 587 ob
2128 529 2408 586 delictum
2440 529 2837 585 incurremus.

2261 835 2483 892 CXCIII.
2526 865 2593 875 —
2626 833 3284 905 EudocimoSpathario
3310 833 3393 903 (').

1396 938 1469 987 De
1504 940 1835 1002 prascientia
1866 939 1958 988 Dei
1987 944 2040 990 et
2066 942 2556 1005 pradestinatione.

278 1042 281 1043 ν
373 1020 665 1093 Ὠψίσάμεν
714 1023 1092 1078 ἀντεπιστεῖλαι
1137 1034 1199 1098 τῇ
1251 1032 1518 1097 τιμιότητί
1572 1048 1666 1081 σου
1699 1048 1713 1061 '
1767 1030 1901 1081 ὥστε

298 1118 487 1185 μικροῦ
554 1109 663 1165 δεῖν
728 1119 817 1166 καὶ
881 1118 1256 1185 ὶκκεκρούσθαι
1319 1120 1458 1187 ἡμᾶς
1515 1126 1609 1179 τῆς
1661 1126 1760 1169 τῶν
1813 1117 1896 1170 ἐπι

302 1200 616 1272 εσταλμὲνων
655 1199 943 1274 δυνάμεως.
996 1204 1150 1257 Ἀλλά
1204 1209 1262 1256 τὸ
1320 1208 1505 1274 αἴτιον,
1550 1210 1610 1258 1'6
1645 1211 1717 1278 μὴ
1768 1227 1901 1279 παρ-

302 1298 430 1342 εῖναι
511 1294 696 1342 πιστὸν
762 1300 1257 1366 γραμματτηφόρον.
1334 1301 1441 1346 Νῦν
1492 1292 1550 1348 δε
1618 1293 1797 1355 ἑπειδή
1847 1296 1901 1358 ἐξ

271 1377 586 1450 ’ἀναγκαίου
672 1379 1040 1452 ἀπεστείλαμεν
1099 1386 1186 1434 τόν
1273 1383 1543 1455 οἰκονόμον
1618 1393 1713 1445 τῆς
1782 1369 1899 1437 καθ’

300 1468 438 1538 ἡμᾶς
484 1475 641 1538 μονῆς
672 1467 719 1520 ἐν
776 1477 885 1531 τοῖς
915 1470 1099 1523 αὐτόθι
1125 1489 1137 1501 °
1195 1471 1405 1534 εἰκότως
1434 1476 1493 1524 τὸ
1526 1470 1718 1533 ἱλλιπὶς
1774 1472 1900 1525 ἀπο-

297 1555 591 1630 πληρούμεν
646 1574 659 1586 ’
710 1556 870 1611 ἐκεῖνο
923 1569 1125 1634 πρῶτον
1193 1561 1442 1632 λέγοντες,
1492 1563 1572 1614 ὅτι
1630 1562 1735 1633 οὐχ
1800 1564 1900 1614 οἶοί

299 1643 449 1716 ἔσμεν
509 1650 851 1719 φαρμακεύειν
906 1648 1092 1721 ψυχὴν
1149 1650 1494 1722 λυπουμένην,
1561 1656 1651 1703 καὶ
1697 1650 1900 1712 πολλοῖς

297 1740 695 1807 τετρυχωμένην
755 1739 994 1793 πάθεσιν.

301 1825 648 1877 θεοπνεύστων
703 1831 910 1898 Λογίων
965 1833 1060 1886 τήν
1121 1831 1393 1901 θεραπείαν
1450 1829 1784 1904 ἐξευρίσκειν.
1837 1836 1900 1883 Τί

1620 1923 1901 1975 Πάντοτε

274 2007 585 2075 χαίρετε,
622 2001 1056 2068 ἀδιαλείπτως
1093 2010 1570 2081 προσεύχεσθε,
1613 2008 1671 2060 ἐν
1709 2015 1899 2063 παντὶ

1075 1740 1254 1811 Ὀμως
1313 1744 1583 1815 πειρατέον
1668 1743 1722 1793 ἑκ
1800 1749 1899 1792 τῶν

297 1908 384 1965 οὖν
433 1933 589 1985 φησιν
646 1916 671 1967 ό
729 1918 921 1968 τούτων
969 1921 1219 1989 μέγιστος
1274 1924 1462 1990 ταμίας
1522 1937 1535 1987 ;

297 2091 771 2166 εὐχαριστεῖτε.
822 2095 879 2147 Εἰ
910 2092 998 2147 οὖν
1030 2099 1076 2148 ἓν
1132 2102 1285 2150 παντὶ
1316 2106 1502 2170 καιρῷ,
1534 2102 1624 2150 καὶ
1653 2097 1702 2150 ἐν
1740 2104 1896 2151 παντὶ

291 2184 586 2254 πράγματι,
639 2188 728 2235 καὶ
790 2181 1133 2248 ἀδιαλείπτως
1192 2190 1249 2238 τὸ
1305 2192 1537 2258 χαίρειν,
1594 2192 1682 2239 καὶ
1738 2187 1898 2259 εὐχα-

292 2278 510 2341 ριστεῖν,
568 2276 660 2324 καὶ
703 2276 1102 2345 προσεύχεσθαι
1154 2276 1276 2346 ἡμῖν
1329 2272 1669 2328 διατέτακται
1714 2296 1727 2309 ο

294 2359 354 2410 ἄν
407 2358 743 2429 ἐξοιχήσεται
780 2367 994 2431 χρόνος,
1040 2359 1164 2415 οὐδε
1220 2365 1246 2414 ό
1298 2362 1587 2437 ἀκαριαῖος,
1640 2370 1710 2436 μή
1767 2365 1895 2437 οὐχὶ

1802 2277 1896 2328 οὐκ

292 2449 712 2521 περιοριζόμενος
765 2451 814 2501 ἓν
867 2458 937 2520 τῷ
1002 2456 1211 2525 χαίρειν
1267 2457 1357 2505 καὶ
1418 2453 1753 2527 εὐχαριστεῖν
1808 2460 1893 2506 τόν

293 2535 533 2594 ἀληθινόν
600 2543 935 2607 Χριστιανὸν.
1000 2543 1199 2592 Οὔκουν
1264 2541 1440 2593 λοιπὸν
1514 2544 1757 2596 θλιπτικά
1830 2546 1894 2595 τὰ

291 2629 540 2697 παρόντα,
580 2627 675 2678 κᾶν
707 2628 791 2679 οἶά
842 2628 955 2680 ποτ’
1005 2629 1066 2679 οἶν
1098 2626 1191 2681 εἶεν
1218 2638 1313 2688 τῆς
1353 2627 1692 2705 δυσπραγίας
1740 2634 1894 2703 ἔχον-

292 2733 357 2766 τα
379 2717 435 2765 τὸ
492 2716 774 2787 ύπίρογκον
810 2734 823 2781 ;
860 2722 959 2770 Καὶ
1014 2725 1181 2770 ταῦτα
1237 2719 1342 2790 οὐχ
1395 2723 1464 2781 ὡς
1515 2720 1774 2794 ἀγνοούσῃ
1826 2729 1888 2793 τῇ

289 2801 459 2875 ἀγαθῇ
514 2823 608 2855 σου
666 2805 841 2877 ψυχῇ,
877 2806 1005 2858 ἀλλά
1056 2808 1456 2878 ύπομνηστικῶς
1503 2813 1704 2883 εἴρηταί
1760 2828 1889 2880 μοι·

290 2889 469 2950 ἐπειδή
545 2896 817 2965 κάμνουσα
874 2894 1029 2966 ψυχή
1099 2897 1207 2948 ἔσθ’
1271 2899 1352 2949 ὅτε
1405 2896 1573 2951 ἀτονεῖ
1638 2903 1763 2971 πρὸς
1833 2904 1890 2952 τὸ

289 2979 569 3053 ἀνηγμένον
615 2991 709 3045 τῆς
754 2986 989 3058 θεωρίας.
1047 2988 1284 3057 Δεύτερος
1337 2986 1481 3057 λόγος
1534 3008 1622 3060 μοι
1656 3005 1670 3018 '
1726 2992 1805 3041 ὃτι
1847 2992 1891 3045 εἰ

287 3074 378 3121 καὶ
438 3070 635 3122 πολλῶν
688 3081 786 3124 τῶν
847 3072 1055 3125 ἐνόντων
1104 3074 1483 3146 ἀπεγύμνωσάν
1540 3096 1599 3131 σε
1650 3080 1698 3129 οἱ
1752 3078 1892 3142 ἱξου,

290 3159 559 3222 σιάξοντες
592 3178 603 3190 '
635 3160 741 3213 ἀλλ’
787 3159 1033 3234 οὐδαμῶς
1085 3162 1449 3237 ἀποστερῆσαί
1491 3185 1548 3218 σε
1576 3174 1669 3218 τοῦ
1711 3187 1892 3240 τιμιω-

1937 1889 1979 1943 Β

2084 1032 2348 1087 Cunctati
2371 1047 2554 1102 supra
2566 1030 2814 1086 modum
2836 1046 3045 1085 sumus
3062 1028 3529 1085 honoriﬁcentia
3542 1033 3659 1084 tua

2012 1120 2212 1175 litteris
2242 1121 2605 1192 respondere
2647 1138 2660 1189 ;
2713 1119 2866 1175 adeo
2900 1126 3125 1189 utpene
3160 1117 3335 1173 nobis
3375 1117 3662 1172 exciderit

2011 1208 2156 1280 quid
2182 1209 2561 1279 potissimum
2584 1210 2971 1264 continerent.
3009 1207 3124 1264 Sed
3155 1222 3336 1263 causa
3361 1205 3659 1277 fuit,quod

2010 1297 2200 1352 ﬁdum
2255 1298 2627 1353 tabellarium
2671 1312 2793 1352 non
2849 1298 3232 1353 haberemus.
3288 1298 3452 1351 Nunc
3501 1309 3656 1358 vero.

2011 1385 2259 1455 quando
2286 1386 2531 1457 quidem
2562 1400 2808 1440 necesse
2832 1384 2937 1440 fuit
2959 1386 3110 1440 istuc
3152 1384 3379 1439 mittere
3407 1397 3655 1438 acono-

2013 1490 2180 1529 mum
2206 1476 2547 1530 monasterii
2571 1475 2776 1539 nostri,
2798 1474 2962 1546 quod
2991 1474 3284 1530 omissum
3314 1470 3425 1527 fuit
3455 1470 3654 1540 exple-

2014 1580 2146 1618 mus
2174 1572 2365 1635 utpar
2393 1570 2503 1630 est,
2574 1570 2754 1636 atque
2786 1564 2930 1618 illud
2972 1564 3168 1634 primo
3198 1563 3330 1617 loco
3356 1561 3643 1624 dicimus,

2013 1668 2134 1707 non
2156 1668 2334 1723 posse
2364 1668 2475 1708 nos
2508 1652 2727 1708 anima
2758 1653 3049 1717 maerenti,
3078 1657 3134 1707 et
3164 1651 3362 1707 multis
3377 1649 3663 1705 arumnis

2012 1742 2221 1797 attrita
2258 1742 2589 1797 remedium
2623 1740 2834 1797 afferre
2866 1757 2879 1794 :
2907 1740 3338 1797 connitendum
3366 1745 3567 1794 tamen
3600 1740 3665 1792 ut

2012 1845 2083 1885 ex
2105 1831 2321 1885 divinis
2349 1830 2989 1902 eloquiiscurationem
3019 1828 3458 1885 nanciscamur.
3503 1824 3657 1891 Quid

2008 1934 2152 1988 ergo
2173 1920 2254 1975 ait
2283 1920 2583 1975 maximus
2635 1918 2876 1975 illorum
2930 1917 3366 1990 dispensator?
3418 1918 3662 1985 Semper

2005 2009 2272 2080 gaudete,
2302 2009 2428 2065 sine
2451 2009 2880 2065 intermissione
2891 2009 3150 2075 orate,in
3171 2004 3436 2062 omnibus
3461 2004 3661 2074 gratia

2006 2100 2168 2168 agite
2195 2101 2262 2150 ³⁸.
2298 2100 2354 2154 Si
2386 2114 2529 2167 ergo
2558 2104 2614 2153 et
2639 2099 2803 2153 omni
2828 2103 3116 2168 tempore,
3141 2102 3197 2151 et
3218 2095 3278 2151 in
3301 2094 3466 2150 omni
3496 2108 3579 2158 re,
3606 2099 3663 2148 et

2006 2188 2133 2242 sine
2145 2188 2583 2242 intermissione
2597 2186 2880 2259 gaudere,
2899 2192 2948 2242 et
2968 2186 3191 2255 gratias
3204 2198 3400 2253 agere,
3417 2186 3474 2238 et
3487 2196 3662 2237 orare

2006 2277 2183 2330 nobis
2200 2282 2562 2347 praceptum
2577 2282 2663 2331 est
2679 2292 2695 2340 ;
2713 2274 2941 2330 nullum
2958 2276 3159 2345 utique
3174 2279 3410 2343 tempus
3427 2270 3651 2335 efﬂuet,

2006 2381 2080 2421 ne
2110 2372 2603 2420 momentaneum
2635 2364 2903 2436 quidem,
2933 2364 3097 2437 quod
3125 2378 3265 2418 vero
3295 2360 3655 2425 Christiano,

2006 2459 2070 2509 ut
2100 2452 2352 2522 gaudeat
2380 2460 2438 2509 et
2468 2454 2689 2521 gratias
2721 2459 2882 2522 agat,
2913 2452 3226 2507 deﬁnitum
3256 2466 3378 2506 non
3405 2451 3497 2505 sit.
3520 2451 3662 2505 Rur-

2004 2559 2161 2609 sum,
2189 2558 2387 2597 nonne
2410 2543 2798 2598 afflictionem
2827 2556 3034 2613 parere
3084 2539 3272 2595 solent
3311 2538 3652 2611 prasentia,

2002 2632 2291 2703 gravique
2329 2646 2529 2686 rerum
2556 2630 2949 2686 adversarum
2970 2630 3134 2684 oneri
3166 2633 3304 2685 sunt
3342 2627 3608 2684 obnoxia
3633 2625 3661 2680 7

2001 2726 2191 2792 Atque
2223 2720 2349 2775 hac
2366 2736 2458 2775 me
2473 2720 2646 2775 bona
2671 2720 2888 2776 anima
2913 2726 3047 2784 tua,
3076 2734 3197 2774 non
3232 2722 3293 2773 ut
3336 2715 3657 2789 ignoranti,

2003 2809 2108 2864 sed
2141 2808 2470 2865 excitanda
2512 2809 2817 2864 memoria
2850 2824 3034 2865 causa
3069 2808 3230 2863 dicta
3277 2811 3417 2862 sunt
3464 2822 3478 2871 ;
3511 2804 3659 2877 quia

2001 2914 2156 2968 ager
2177 2897 2417 2953 animus
2442 2896 3109 2968 languescitinterdum.
3126 2896 3453 2967 quominus
3468 2893 3658 2965 possit

1999 2988 2077 3043 ad
2089 2988 2659 3057 contemplationem
2673 2986 3210 3055 assurgere.Altera
3223 2985 3366 3040 mihi
3380 2988 3467 3039 est
3484 2983 3653 3048 ratio,

1999 3075 2164 3148 quod
2196 3075 2298 3130 etsi
2331 3076 2527 3130 multis
2560 3081 2613 3130 te
2669 3075 2883 3146 opibus
2915 3074 3246 3146 spoliarunt
3290 3073 3393 3145 qui
3454 3086 3655 3127 rerum

2001 3165 2331 3237 potiuntur,
2387 3169 2446 3219 at
2486 3163 2649 3219 nullo
2703 3163 2886 3219 modo
2917 3163 3153 3233 privare
3211 3167 3264 3217 te
3324 3160 3655 3232 pretiosiori

286 3252 436 3320 τίρου
489 3255 755 3322 κτήματος
805 3248 1173 3311 ἠδυνήθησαν.
1215 3254 1338 3325 Οὐχ
1391 3256 1511 3328 ὁρᾷς
1550 3260 1637 3308 καὶ
1677 3257 1888 3329 εὐχαρι·

2002 3252 2379 3322 possessione
2394 3257 2732 3322 potuerunt,
2747 3252 2997 3317 Qualem
3012 3251 3115 3307 tibi
3130 3251 3391 3305 scientia
3414 3250 3652 3321 copiam

289 3344 443 3401 στεῖς,
478 3337 590 3391 οἳαν
631 3359 714 3391 σοι
755 3348 946 3410 γνῶσιν
999 3342 1025 3392 ό
1061 3346 1189 3403 Θεὸς
1241 3340 1602 3417 ἐθησαύρισε;
1664 3346 1888 3405 πηλίκην

280 3426 576 3497 γλῶσσαν;
630 3427 683 3491 ἐξ
734 3430 792 3489 ής
832 3432 898 3491 ὡς
951 3430 1004 3492 ἐξ
1057 3427 1265 3483 ἀδύτων
1299 3434 1575 3503 θησαυρῶν
1620 3442 1713 3497 τῆς
1764 3456 1889 3509 καρ-

284 3513 407 3577 δίας
434 3521 674 3591 προφέρει
730 3522 795 3570 τά
843 3519 1177 3593 ἀγορεύματα
1204 3526 1293 3573 καὶ
1348 3518 1680 3592 διανοήματα
1734 3526 1890 3598 προὶξ

283 3607 364 3658 ὅτι
441 3606 691 3678 μάλιστα.
780 3613 942 3661 Τοῦτο
1026 3614 1438 3683 προφερέστατον
1517 3618 1605 3665 καὶ
1684 3616 1886 3667 πάντων

288 3698 574 3769 χρημάτων
632 3704 1208 3773 χρηματιστικώτερον,
1301 3705 1390 3752 καὶ
1436 3702 1608 3762 πάσης
1701 3704 1888 3768 οὐσίας

283 3784 722 3856 ύπερουσιώτερον
754 3804 765 3814 ·
814 3790 845 3837 ὅ
870 3790 913 3838 εἴ
976 3807 1056 3848 τις
1119 3792 1387 3857 κέκτηται,
1451 3799 1549 3842 τῶν
1605 3790 1735 3863 ἀγαν
1796 3814 1888 3847 πο-

1301 3705 1390 3752 καὶ
1436 3702 1608 3762 πάσης

280 3871 536 3926 λυουσίων
583 3876 916 3947 αἱρετώτερός
964 3877 1077 3929 ἐστι
1130 3887 1202 3949 τῷ
1247 3886 1364 3932 νοῦν
1422 3883 1618 3952 ἔχοντι,
1663 3885 1758 3935 κάν
1794 3886 1885 3958 ῥα-

281 3967 415 4023 κίοις
446 3968 598 4034 μόνον
647 3962 1030 4036 ἀμπεχόμενος.
1076 3973 1175 4020 Καὶ
1218 3976 1370 4021 τοῦτο
1425 3967 1640 4041 δέδειχε
1672 3976 1884 4043 σύμπας

280 4052 433 4122 μενό
498 4060 597 4103 τῶν
647 4048 867 4106 δικαίων
919 4061 1077 4127 χορός
1112 4073 1124 4085 ·
1186 4059 1233 4107 ἓν
1288 4053 1347 4110 δὲ
1402 4065 1512 4120 τοῖς
1570 4060 1884 4135 ἐξωτερικοῖς

284 4147 584 4213 προσώποις
631 4145 657 4195 ό
726 4141 1020 4206 Ὀδυσσεύς
1085 4145 1290 4211 ἐκεῖνος,
1358 4148 1416 4199 ἐκ
1472 4154 1726 4221 ναυαγίου
1790 4172 1883 4223 γυ-

282 4235 408 4303 μνὸς
445 4233 620 4303 ὀφθεὶς
643 4242 704 4305 τῇ
739 4232 1002 4307 βασιλίδι.

353 4319 487 4372 Ἀλλ’
554 4321 637 4374 ἐπὶ
701 4327 758 4373 τὸ
806 4325 1049 4396 ῖρώτημά
1131 4343 1226 4377 σου
1284 4331 1523 4398 τρεπτέον
1570 4330 1654 4379 τὸν
1706 4329 1877 4400 λόγον.

286 4413 470 4462 Καίτοι
508 4407 658 4472 εἰδὼς
708 4410 789 4483 ἀφ’
838 4412 1023 4465 ἑαυτοῦ
1073 4417 1132 4465 τὸ
1159 4410 1211 4466 εὖ
1268 4417 1410 4485 ἔχον,
1468 4415 1825 4487 φιλοπευστεῖς
1859 4437 1876 4453 ο

283 4502 412 4569 πρόν
464 4500 609 4569 ήμῶν
645 4509 742 4552 τῶν
784 4502 996 4572 ἀμαθῶν
1049 4499 1446 4557 ἐκδιδάσκεθαι.
1495 4509 1595 4565 φής
1641 4509 1742 4581 γὰρ
1798 4509 1877 4560 ὅτι

280 4595 352 4643 πῆ
384 4591 473 4658 μεν
510 4587 764 4660 λογισμός
803 4595 1146 4662 προτρέπεταί
1196 4611 1252 4644 σε
1278 4592 1351 4652 εἰς
1388 4600 1692 4665 προσευχήν
1731 4613 1744 4626 '

282 4672 343 4727 δε
397 4676 693 4742 ἀνακόπτει,
750 4680 813 4738 ὡς
850 4686 940 4731 τοῦ
982 4687 1116 4733 Θεοῦ
1166 4678 1368 4742 εἰδότος
1417 4683 1537 4753 ὅπερ
1579 4681 1877 4755 βουλόμεθα

279 4764 498 4822 αἰτῆσαι
525 4765 684 4838 [cod.
721 4769 857 4835 Reg.
892 4768 1175 4842 αἰτεῖσθαι]
1216 4788 1226 4798 ·
1263 4772 1330 4831 ὡς
1360 4768 1584 4823 ἐντεῦθεν
1622 4774 1875 4845 παρίλκον

281 4855 343 4905 ἄν
396 4857 452 4905 τό
500 4858 912 4928 προσεύχεσθαι.
967 4862 1104 4931 Πρός
1144 4861 1363 4922 τούτοις,
1410 4859 1518 4912 ἐπεὶ
1576 4860 1876 4935 ἁμαρτωλὸς

279 4940 368 5007 εἷς,
402 4940 550 4996 οὐδὲν
597 4944 701 4996 ὁνεῖ
744 4944 881 5018 [cod
911 4949 1045 5015 Reg.
1080 4947 1306 5021 ὀνίνησι]
1346 4953 1403 5001 τὸ
1463 4954 1871 5023 προσεύχεσθαι.

284 5038 385 5086 Καὶ
437 5032 609 5094 ἁπλῶς
660 5038 704 5086 εἶ
759 5054 810 5087 τι
857 5035 981 5088 ἄλλο
1036 5033 1224 5095 ὶδή)ου
1273 5042 1329 5089 τὸ
1350 5041 1610 5111 γράμμα·
1665 5042 1723 5092 οὐ
1771 5046 1872 5116 γὰρ

281 5129 453 5195 παρῆν
499 5141 589 5193 μοι
624 5121 706 5175 ἐπὶ
757 5132 940 5197 χεῖρας
989 5128 1151 5196 ἔχειν.
1214 5131 1276 5178 Τί
1301 5124 1387 5178 οὐν
1434 5130 1575 5179 ἔστιν
1620 5129 1776 5182 εἰπεῖν
1825 5131 1873 5183 ἐν

279 5213 520 5276 τούτοις;
572 5208 694 5263 Ὀτι
750 5215 921 5285 τύχης
950 5220 1039 5267 καὶ
1078 5217 1386 5290 εἱμαρμένης
1424 5218 1645 5289 ἔμφασιν
1692 5221 1806 5291 ἔχει
1835 5223 1865 5280 ή

356 5364 402 5399 ³⁸
433 5361 677 5422 l'I‘hess.
706 5379 762 5435 v,
795 5368 883 5421 27.

1998 3339 2421 3405 donaritDeus,
2455 3356 2658 3397 annon
2683 3341 2943 3407 vides,'et
2961 3342 3183 3410 gratias
3209 3340 3338 3409 agis
3366 3338 3654 3410 7qualem

1997 3427 2265 3498 linguam
2280 3428 2308 3483 ?
2338 3445 2408 3484 ex
2423 3446 2543 3501 qua
2574 3436 2863 3501 tanquam
2877 3446 2949 3484 ex
2963 3428 3181 3483 abditis
3194 3426 3391 3482 cordis
3419 3427 3653 3482 thesau-

1998 3516 2078 3571 ris
2091 3516 2251 3574 dicta
2276 3519 2600 3589 etcogitata
2627 3518 2854 3588 profers
2867 3534 3054 3590 quam
3078 3518 3338 3573 maxime
3368 3517 3644 3587 gratuita.

1999 3607 2114 3660 Hoc
2145 3605 2319 3678 longe
2351 3607 2931 3676 prastantissimum,
2982 3614 3035 3662 et
3077 3605 3365 3662 omnibus
3424 3604 3643 3676 opibus

1995 3693 2356 3764 opulentius,
2398 3700 2453 3749 et
2504 3711 2701 3751 rerum
2752 3700 3025 3751 omnium
3074 3694 3247 3766 copia
3294 3693 3644 3764 copiosius:

1995 3783 2160 3855 quod
2198 3784 2299 3854 qui
2351 3784 2660 3854 possideat
2696 3784 3176 3856 locupletissimis
3240 3780 3648 3854 praferendus

1995 3876 2101 3934 est,
2149 3871 2377 3941 judicio
2450 3872 2811 3943 sapientum.
2863 3872 3101 3928 etiamsi
3159 3870 3497 3941 panniculis
3558 3870 3646 3924 in-

1993 3958 2233 4015 duatur.
2292 3963 2359 4015 Et
2424 3961 2536 4016 hoc
2583 3962 2831 4034 quidem
2874 3960 3305 4015 demonstravit
3338 3960 3642 4029 justorum

1992 4048 2210 4103 chorus
2243 4050 2553 4104 universus
2584 4067 2596 4104 :
2633 4050 2787 4104 inter
2814 4054 3128 4105 extraneos
3173 4053 3375 4104 autem
3405 4048 3643 4119 Ulysses

1992 4138 2105 4202 ille,
2138 4140 2239 4210 qui
2264 4144 2401 4210 post
2433 4140 2815 4209 naufragium
2869 4128 3158 4212 speliatus
3189 4156 3226 4194 a
3248 4139 3456 4208 regina
3488 4152 3636 4193 con-

1992 4233 2230 4299 spectus
2262 4234 2372 4286 est.

2061 4334 2281 4389 Verum
2308 4334 2385 4390 ad
2416 4334 2985 4406 interrogationnem
3025 4340 3190 4390 tuam
3228 4332 3636 4390 convertenda

1990 4428 2079 4478 est
2104 4422 2315 4478 oratio.
2362 4423 2515 4478 Licet
2547 4430 2718 4495 perte
2750 4424 2909 4479 noris
2934 4424 3058 4494 ipse
3083 4423 3230 4494 quid
3279 4429 3509 4479 rectum
3540 4422 3633 4493 sit,

1988 4511 2212 4583 quaris
2244 4527 2281 4566 a
2312 4512 2484 4567 nobis
2516 4512 2825 4567 ineruditis
2882 4512 3143 4570 edoceri.
3184 4514 3263 4567 Ex
3314 4526 3433 4567 una
3472 4516 3639 4582 parte

1802 4605 1872 4656 πῆ
1912 4596 1955 4650 D
1986 4601 2160 4665 ratio,
2192 4606 2254 4655 ut
2283 4601 2396 4665 ais,
2427 4608 2479 4655 te
2508 4607 2793 4669 provocat
2822 4600 2900 4655 ad
2930 4601 3265 4657 orationem
3299 4623 3309 4663 ;
3336 4616 3409 4655 ex
3448 4600 3634 4656 altera

1982 4689 2231 4749 inhibet.
2264 4695 2552 4760 tanquam
2585 4690 2805 4767 sciente
2823 4692 2940 4745 Deo
2969 4690 3110 4762 quid
3131 4699 3329 4760 petere
3346 4688 3624 4744 velimus:

1986 4784 2047 4833 ut
2076 4778 2326 4849 proinde
2357 4794 2877 4849 supervacaneum
2898 4780 2970 4834 sit
2998 4794 3185 4834 orare.
3218 4778 3305 4832 Ad
3336 4777 3465 4832 hac
3498 4777 3642 4847 quia

1982 4872 2259 4937 peccator
2296 4882 2380 4933 es,
2415 4866 2558 4923 nihil
2576 4866 2749 4938 juvat
2772 4883 2943 4923 orare
2973 4884 2987 4934 ;
3024 4883 3093 4923 ac
3123 4866 3373 4921 demum
3414 4866 3460 4920 si
3486 4864 3632 4936 quid

1981 4954 2142 5010 aliud
2171 4956 2374 5011 littera
2406 4955 2825 5024 signiﬁcabant
2871 4973 2886 5020 ;
2918 4970 3115 5025 neque
3143 4956 3304 5010 enim
3330 4955 3407 5009 ad
3422 4969 3641 5010 manus

1981 5050 2166 5098 erant.
2202 5044 2352 5108 Quid
2390 5045 2448 5099 in
2482 5045 2573 5099 his
2604 5060 2745 5113 ergo
2778 5044 3104 5099 dicendum
3133 5050 3221 5097 est
3258 5041 3287 5096 ‘P
3317 5043 3489 5108 Quod
3519 5044 3641 5099 for-

1982 5138 2157 5198 tuna,
2191 5139 2246 5189 et
2285 5133 2385 5189 fati
2417 5134 2916 5203 signiﬁcationem
2942 5133 3159 5188 habeat
3182 5133 3312 5188 hac
3337 5133 3637 5201 cogitatio,

1980 5227 2179 5293 atque,
2197 5229 2254 5277 ut
2274 5229 2461 5278 totum
2493 5222 2746 5288 dicatur,
2775 5221 2939 5277 liberi
2981 5222 3207 5277 arbitrii
3234 5224 3629 5276 eversionem.

1844 5463 2069 5519 NOTIE.

355 5578 469 5653 (87)
515 5581 577 5635 In
605 5577 739 5637 cod.
779 5580 917 5652 Reg.
948 5580 1094 5655 pg").

2122 5586 2181 5660 (')
2212 5587 2577 5659 Dogmatica.
