4058 6274
463 263 602 344 4587

1711 287 1775 346 S.
1830 285 2202 343 THEODURI
2242 285 2571 342 STUDITJE

3677 279 3817 339 1588

463 413 688 468 Idcirco
713 410 852 468 huic
898 411 1168 484 opinioni
1200 411 1505 468 adhaerere
1547 427 1660 468 nos
1707 417 1958 483 oportet,
2003 411 2106 483 qui

2222 407 2449 477 δίανοια,
2482 415 2592 474 καὶ,
2637 413 2696 461 τό
2747 408 2860 461 ὅλον
2900 408 3078 473 εἰπεῖν,
3120 413 3211 460 τοῦ
3243 407 3582 472 αύτεξουσίου
3613 408 3815 483 ἀναίρε·

462 502 788 572 prudentes
820 517 1049 565 sumus,
1096 505 1150 556 et
1205 501 1303 555 Dei
1352 501 1687 569 cognitione
1719 500 2105 572 locupletati:

461 591 586 656 sed,
609 591 774 663 quod
791 590 1121 645 secundam
1137 590 1612 660 propositionem
1635 591 1864 654 attinet,
1891 605 2111 660 persua

463 696 597 734 sum
624 680 866 744 habere,
899 680 1078 734 etiam
1113 684 1477 750 peccatores,
1511 680 1737 749 optima
1771 678 2111 749 poenitentia

461 773 689 824 utertes
719 769 914 824 audiri
946 769 1136 823 aDeo.
1169 770 1297 834 Quo
1329 767 1486 822 enim
1518 773 1716 839 pacto,
1754 784 1889 822 cum
1931 782 2110 836 super

459 859 887 929 pmnitentibus
900 857 1198 927 gaudeat,j
1211 863 1350 912 uxta
1363 857 1564 912 divina
1578 856 2108 924 oracula",horum

460 962 666 1018 preces
697 961 819 1002 non
846 945 1126 1002 exaudiat
1163 944 1191 1000 ?
1221 946 1282 998 ln
1317 945 1672 1016 praecedenti
1703 946 2110 1016 propositione

459 1035 544 1090 sic
574 1034 1072 1107 respondendum
1102 1050 1116 1088 :
1152 1034 1362 1089 Divina
1394 1034 1767 1104 prmscientia
1809 1050 1926 1089 non
1963 1034 2111 1090 tollit

460 1124 712 1180 liberum
740 1123 1076 1180 arbitrium.
1097 1124 1324 1179 Etenim
1365 1139 1485 1178 non
1514 1125 1659 1193 quia
1689 1123 1945 1193 praascit,
1971 1123 2106 1179 faci-

461 1230 597 1270 mus
627 1230 763 1286 qum
789 1213 1062 1280 facimus,
1114 1213 1220 1267 sed
1271 1212 1413 1283 quia
1471 1211 1680 1267 facturi
1724 1229 1932 1266 sumus
1965 1228 2111 1282 pras-

459 1305 649 1358 noscit
685 1319 700 1369 ;
727 1307 784 1358 et
804 1302 1197 1358 conﬁrmatur
1226 1302 1286 1356 in
1341 1301 1474 1366 hoc,
1502 1307 1559 1356 et
1605 1303 1990 1372 prmscientiaa
2011 1301 2109 1356 de-

458 1392 667 1458 ﬁnitio,
702 1397 758 1447 et
805 1391 972 1446 liberi
1019 1391 1244 1446 arbitrii
1300 1389 1470 1446 ratio.
1531 1391 1595 1444 In
1651 1389 1719 1445 iis
1773 1391 1932 1445 enim
1974 1406 2109 1462 quas

459 1496 580 1537 non
613 1485 752 1536 sunt
779 1481 836 1536 in
854 1487 1056 1536 nostra
1071 1484 1379 1550 potestate,
1403 1480 1683 1550 praecedit
1700 1479 1796 1534 Dei
1819 1479 2108 1546 deﬁnitio,

458 1571 533 1625 de
565 1575 847 1640 tempore,
889 1569 1021 1625 loco
1052 1585 1122 1624 ac
1157 1569 1338 1624 modo
1367 1585 1379 1622 :
1407 1569 1463 1622 in
1497 1569 1568 1622 iis
1595 1584 1733 1624 vero
1760 1584 1893 1640 quin
1917 1569 1974 1623 in
2008 1584 2112 1639 po-

459 1663 665 1715 testate
695 1663 896 1714 nostra
910 1663 1066 1723 sunt,
1084 1659 1141 1713 in
1159 1657 1381 1728 quibus
1404 1657 1756 1713 estliberum
1772 1658 2110 1723 arbitrium,

459 1747 842 1818 subsequitur
861 1747 1316 1820 quodammodo
1351 1747 1446 1802 Dei
1465 1747 1854 1818 praescientia,
1883 1753 2006 1803 tum
2049 1748 2106 1803 in

2222 1762 2274 1795 τε
2302 1748 2520 1816 χρόνου,
2580 1747 2670 1795 καὶ
2711 1749 2895 1808 τόπου,
2945 1748 3035 1795 καὶ
3073 1748 3270 1817 τρόπου
3305 1760 3317 1772 ·

467 1837 701 1903 virtute,
732 1843 856 1892 tum
884 1838 944 1892 in
992 1837 1152 1892 vitio.
1183 1838 1373 1902 Quare
1408 1843 1640 1908 oportet
1671 1852 1781 1892 nos
1808 1844 1863 1892 et
1908 1854 2111 1893 amare

461 1933 699 1983 etorare
712 1925 1038 1988 meliora.ut
1052 1927 1229 1980 Deum
1245 1924 1383 1980 inde
1397 1925 1724 1980 habeamus
1742 1929 2113 1998 subsequen-

462 2020 580 2072 tem
603 2031 736 2084 nos,
763 2014 1194 2087 sedlcontrariis
1218 2015 1554 2070 modis.Nos
1566 2015 1726 2070 enim
1751 2014 1946 2070 modis
1973 2032 2112 2070 con-

463 2104 658 2160 trariis
679 2103 1155 2175 subsequetur,si
1171 2103 1266 2158 hic
1279 2103 1524 2174 quidem
1541 2103 1749 2174 puniat
1765 2109 1822 2157 et
1835 2103 2107 2172 castiget;

463 2192 548 2249 ibi
560 2208 701 2250 vero
713 2197 958 2250 coronet
969 2196 1026 2250 et
1041 2192 1595 2266 regnum;ccelorum
1613 2191 1786 2248 nobis
1799 2194 2108 2264 rependat.

773 2497 996 2554 CXCIV.
1028 2528 1095 2539 ——
1127 2496 1354 2554 Joanm'
1389 2495 1798 2567 grammatico.

2219 518 2324 555 σιν.
2359 499 2617 570 Ούμενοῦν
2649 500 2810 570 ταύτῃ
2843 505 2903 569 τῇ
2963 493 3088 569 δόξῃ
3123 482 3484 572 ἑπερείδεσθαι
3535 499 3671 569 ἡμᾶς
3700 482 3813 570 χρὴ

2221 586 2384 660 [cod.
2421 590 2558 656 Reg.
2595 585 2754 660 δεῖν],
2788 587 3073 658 ἐχέφρονας
3105 589 3249 646 ὄντας
3282 603 3294 616 ·
3345 592 3434 638 καὶ
3469 583 3624 649 δόξαν
3652 585 3815 659 [cod.

2219 679 2357 746 Reg.
2389 676 2600 747 γνῶσιν]
2656 682 2788 728 Θεοῦ
2843 675 3318 746 πεπλουτισμένους
3346 693 3357 704 ·
3411 673 3538 727 ἀλλὰ
3567 681 3682 750 περί
3724 678 3816 744 μὲν

2216 773 2308 817 τοῦ
2341 762 2584 838 δευτέρου
2614 763 3004 836 προϐλήματος,
3056 765 3355 826 πεπεῖσθαι,
3389 765 3470 816 ὅτι
3522 768 3610 816 και
3640 764 3815 838 ἀμαρ-

2217 853 2388 906 τωλῶν
2433 851 2608 906 ἀκούει
2635 855 2660 906 6
2693 857 2822 915 Θεός
2876 857 3120 925 μετανοίᾳ
3167 857 3503 925 κεχρημένων
3561 851 3750 926 ἀρίστη
3794 867 3810 879 ’

2215 951 2322 1003 πῶς
2383 945 2484 1015 γὰρ
2542 943 2617 1015 ἓφ⁹
2666 944 2744 1003 οἷς
2797 947 2977 1014 χαίρει
3035 949 3366 1014 μετανοοῦσι,
3425 944 3656 994 κατὰτὰ
3707 943 3819 1014 ἱερὰ

2218 1033 2409 1104 Λόγια,
2441 1036 2511 1103 μὴ
2559 1032 2688 1103 οῦχὶ
2743 1036 2832 1083 καὶ
2862 1031 3150 1083 εἰσακούειν
3185 1040 3280 1092 τῆς
3317 1034 3510 1084 τούτων
3543 1028 3768 1091 δεήσεως
3800 1045 3815 1096 ;

2219 1125 2344 1192 Περὶ
2419 1118 2479 1172 δὲ
2552 1129 2644 1172 τοῦ
2726 1125 3120 1196 προηγουμένου
3215 1119 3580 1194 προϐλήματος
3653 1120 3820 1180 οὕτως

2217 1207 2536 1267 ἀπαντητέον
2569 1231 2582 1244 ο
2642 1210 2723 1261 ὅτι
2753 1211 2782 1268 ἠ
2842 1212 2953 1262 θεία
3014 1216 3312 1282 πρόγνωσις
3361 1209 3456 1261 ούκ
3508 1208 3708 1284 ἀναιρεί
3759 1212 3818 1260 τό

2220 1297 2572 1360 αὐτεξούσιον.
2611 1303 2708 1351 Καὶ
2752 1300 2853 1369 γὰρ
2907 1297 3013 1368 ούχ
3044 1300 3124 1350 ὅτι
3167 1303 3538 1370 προ-γινώσκει,
3600 1299 3819 1372 πράττοι

2219 1405 2307 1458 μιν
2337 1386 2371 1438 ἃ
2422 1389 2715 1458 πράττομεν
2749 1408 2762 1420 ·
2796 1386 2902 1438 ἀλλ’
2957 1389 3038 1439 ὅτι
3089 1387 3369 1459 πράξομεν,
3420 1392 3768 1460 προγινωσκει
3799 1399 3819 1418 ο

2219 1481 2309 1527 καὶ
2353 1474 2572 1550 ἔρρωται
2615 1478 2664 1527 ἐν
2711 1478 2894 1546 τούτῳ,
2949 1481 3039 1528 καὶ
3082 1478 3106 1527 ό
3154 1484 3250 1536 τῆς
3287 1481 3648 1549 προγνώσεως,
3701 1476 3820 1548 ὅρος

2219 1569 2306 1616 καὶ
2335 1566 2362 1616 6
2401 1572 2493 1617 τοῦ
2547 1565 2887 1626 αύτεξουσίου
2937 1564 3104 1636 λόγος.
3139 1565 3218 1618 Ἐν
3269 1568 3361 1637 μὲν
3414 1569 3515 1638 γὰρ
3563 1572 3672 1626 τοῖς
3723 1563 3821 1616 ούκ

2219 1653 2292 1726 ἐφ’
2347 1656 2490 1726 ἡμῖν,
2543 1656 2931 1726 προηγούμενός
2984 1655 3126 1706 ἐστιν
3177 1656 3202 1706 6
3234 1662 3326 1706 τοῦ
3353 1659 3480 1708 Θεοῦ
3538 1655 3674 1728 όρος,
3734 1652 3821 1704 ἐπί

3371 1743 3454 1795 ἐπὶ
3493 1739 3553 1794 δε
3603 1751 3702 1794 τῶν
3743 1740 3819 1812 ἐφ’

2220 1834 2367 1904 ἡμῖν,
2427 1831 2499 1904 ἐφ’
2555 1834 2632 1894 οἷς
2686 1835 2744 1886 τὸ
2795 1831 3149 1899 αὐτεξούσιον,
3207 1835 3358 1886 οἱονεὶ
3405 1835 3622 1904 ἑπομένη
3676 1830 3821 1883 ἐστὶν

2221 1924 2250 1980 ἡ
2281 1929 2372 1974 τοῦ
2423 1929 2555 1974 Θεοῦ
2605 1924 2918 1996 πρόγνωσις,
2971 1921 3056 1974 ἐπί
3103 1942 3156 1974 τε
3222 1922 3408 1993 ἀρετῆς
3465 1927 3555 1974 καὶ
3608 1925 3821 1981 κακίας.

2217 2018 2378 2063 Ὥστε
2408 2008 2492 2064 δεῖ
2517 2013 2651 2082 ἡμᾶς
2689 2016 2778 2063 καὶ
2813 2010 2931 2084 ὲρᾲν
2983 2016 3073 2063 καὶ
3103 2013 3356 2082 εὔχεσθαι
3383 2013 3451 2062 τὰ
3501 2015 3771 2085 κρείττονα
3805 2029 3820 2044 ο

2221 2099 2304 2151 ἶνα
2334 2102 2536 2171 ἔχωμεν
2581 2101 2804 2152 ἐντεῦθεν
2848 2103 2933 2152 τὸν
2994 2103 3122 2153 Θεὸν
3162 2099 3464 2171 ἐφεπόμενον
3512 2101 3658 2171 ἡμῖν,
3691 2097 3826 2149 ἀλλὰ

2223 2191 2532 2244 τούναντίον.
2604 2189 2922 2252 Ἐξεναντίας
2979 2193 3079 2262 γὰρ
3132 2189 3312 2260 ἕψεται
3366 2190 3509 2260 ἡμῖν,
3574 2184 3675 2240 ὦδε
3727 2190 3823 2259 μὶν

2220 2278 2451 2339 κολάζων
2493 2283 2582 2330 καὶ
2627 2286 2886 2352 τιμωρῶν,
2935 2277 3038 2330 ἐκεῖ
3077 2274 3136 2332 δε
3184 2286 3443 2350 στεφανῶν
3495 2282 3584 2330 καὶ
3630 2273 3826 2330 ἀποδι-

2221 2363 2345 2427 δοὺς
2373 2369 2498 2439 ἡμῖν
2532 2363 2804 2440 βασιλείαν
2834 2366 3084 2439 οὐρανῶν.

2293 2491 2421 2579 PL‘A'
2469 2490 2602 2563 (88).
2655 2522 2722 2532 —
2769 2491 3024 2564 ’Ῑωάννῃ
3061 2499 3508 2567 γραμματικῷ.
3551 2488 3752 2563 [ψος’.]

1246 2584 1552 2644 Quamdam
1591 2599 1743 2634 suam
1771 2585 1836 2634 de
1871 2585 2172 2647 imaginum
2205 2581 2351 2632 cultu
2378 2579 2659 2643 epistolam
2686 2584 3014 2644 prOpugnat.

535 2668 681 2723 Cum
721 2667 1105 2723 accessissem
1148 2667 1223 2722 ad
1256 2681 1562 2721 sermones
1615 2664 1689 2720 de
1745 2665 2107 2720 venerandis

461 2755 846 2825 imaginibus,
881 2759 938 2810 et
965 2754 1266 2828 corloquio
1291 2755 1526 2810 adesset
1556 2754 1716 2809 Plato
1748 2759 1949 2809 noster
1983 2771 1996 2808 :
2025 2753 2108 2808 di-

461 2845 546 2900 xit
575 2845 624 2900 is
656 2844 1002 2900 facundiam
1021 2849 1205 2908 tuam,
1231 2848 1478 2915 accepta
1507 2843 1647 2898 olim
1675 2859 1810 2898 mea
1827 2843 1894 2898 de
1924 2843 2109 2898 hocce

464 2938 816 3004 argumento
829 2933 1098 3005 epistola,
1123 2933 1532 2999 addubitasse,
1554 2933 1730 3004 quasi
1745 2949 1815 2988 ea
1830 2947 1948 2986 non
1964 2932 2107 2986 satis

456 3021 746 3094 liquidam
777 3022 1111 3078 doctrinam
1143 3023 1489 3086 contineret,
1520 3030 1700 3093 atque
1731 3037 1766 3076 a
1829 3036 1965 3075 vero
1995 3020 2110 3076 for-

455 3114 612 3168 tasse
633 3111 966 3168 auditorem
1013 3111 1356 3167 abduceret.
1412 3113 1529 3180 Ego
1555 3126 1716 3172 vero,
1761 3110 1809 3164 si
1845 3125 2001 3164 unus
2035 3110 2109 3166 de

461 3201 660 3256 multis
684 3206 835 3256 esset
863 3201 912 3254 is
929 3201 1028 3272 qui
1055 3200 1232 3265 feriit,
1267 3215 1387 3255 non
1415 3200 1528 3254 cito
1568 3215 2001 3263 commoverer,
2048 3204 2109 3254 ut

457 3290 561 3362 qui
595 3289 789 3345 norim
819 3296 874 3346 et
916 3289 1117 3360 jacula
1143 3289 1406 3354 invidiae,
1441 3293 1498 3342 et
1527 3289 1868 3357 ignotorum
1903 3294 2108 3343 contu-

457 3379 668 3434 melias
698 3379 1008 3434 sustinere.
1032 3379 1354 3451 Postquam
1395 3393 1537 3432 vero
1569 3377 1646 3433 ab
1678 3378 1872 3432 amico
1903 3383 1989 3432 est
2019 3392 2109 3431 re-

456 3467 794 3540 prehensio,
825 3467 1091 3523 etamico
1117 3467 1467 3522 doctissimo
1498 3483 1512 3532 ;
1544 3467 1950 3522 necessarium
1992 3465 2110 3521 exi-

458 3556 696 3611 stimavi
710 3557 1024 3628 epistolam
1039 3557 1234 3628 ipsam
1248 3556 1326 3612 ob
1343 3555 1550 3611 oculos
1567 3571 1810 3626 ponere,
1830 3561 1883 3609 et
1905 3554 2109 3626 quoad

453 3645 515 3699 in
549 3661 640 3699 me
663 3645 812 3700 foret
842 3645 1178 3700 discussam
1222 3650 1277 3700 et
1334 3645 1734 3716 approbatam
1771 3645 1998 3698 mittere
2032 3643 2109 3699 ad

455 3733 932 3790 benevolentiam
963 3739 1150 3799 tuam,
1185 3738 1365 3790 utaut
1391 3732 1782 3805 percontandi
1812 3733 2109 3788 curalibe-

456 3827 562 3889 ret,
616 3829 718 3878 aut
765 3823 1099 3893 corrigatur
1130 3839 1165 3879 a
1217 3823 1454 3880 solertia
1507 3829 1628 3878 tua.
1669 3825 1908 3895 Oportet
1949 3823 2110 3877 enim

458 3925 595 3968 eum
626 3913 730 3984 qui
755 3913 1041 3983 increpat,
1071 3913 1331 3968 vicissim
1363 3911 1624 3983 proferre
1643 3911 1951 3983 propriam
1983 3927 2110 3966 sen-

457 4001 726 4067 tentiam,
759 4002 903 4074 quid
937 4001 1430 4073 redarguendum
1461 4002 1776 4056 existimet.
1814 4003 1907 4056 Est
1932 4001 2113 4070 igitur

461 4090 717 4163 epistola
745 4090 1117 4163 hujusmodi.

930 4180 1270 4237 Theodorus
1290 4179 1644 4236 Athanasio.

536 4289 560 4320 ιι
595 4269 930 4334 Quomodo,
966 4269 1166 4342 inquis
1193 4271 1260 4338 ³⁸,
1293 4269 1464 4325 latria
1504 4284 1626 4324 non
1666 4268 1877 4324 colitur
1909 4269 2110 4338 imago

462 4358 691 4423 Christi,
725 4358 829 4414 sed
850 4359 953 4432 qui
984 4359 1042 4414 in
1065 4359 1162 4414 illa
1193 4359 1474 4414 adoratur
1513 4358 1799 4423 Christus,
1827 4374 1962 4413 cum
1991 4373 2112 4412 una

455 4443 520 4502 in
551 4445 841 4501 ambobus
870 4446 942 4501 sit
971 4446 1238 4502 adoratio
1261 4445 1290 4500 ?
1318 4447 1604 4512 Quoniam
1630 4446 1689 4500 in
1712 4445 1843 4518 ipso
1865 4446 2112 4518 quidem

465 4533 694 4590 Christo
724 4534 911 4590 latriaa
947 4540 1036 4590 est
1061 4535 1331 4591 adoratio
1389 4534 1674 4606 (adorans
1699 4536 1858 4590 enim
1911 4535 2112 4606 ipsum

463 4623 726 4680 coadoro
752 4624 984 4680 Patrem
1007 4629 1062 4680 et
1095 4624 1376 4696 Spiritum
1418 4629 1692 4680 sanctum
1723 4647 1733 4688 ;
1768 4641 1902 4696 quas
1933 4626 2115 4681 Trini-

464 4713 603 4768 tatis
617 4717 703 4768 est
731 4713 1003 4769 adoratio
1034 4713 1213 4768 simul
1242 4718 1299 4768 et
1335 4712 1554 4783 latria),
1601 4714 1659 4766 in
1688 4714 1948 4784 imagine
1977 4729 2113 4771 vero

465 4803 675 4860 eadem
700 4808 787 4858 est
811 4803 1047 4876 quidem
1082 4820 1095 4869 ;
1127 4802 1533 4874 quienimnon
1567 4801 1641 4857 sit
1664 4800 2115 4875 7namquorum

469 4907 658 4948 unum
693 4897 780 4948 est
805 4891 1122 4964 imperium
1153 4896 1208 4947 et
1231 4891 1418 4962 gloria
1433 4907 1574 4956 una,
1601 4891 1819 4947 horum
1844 4892 2115 4964 profecto

469 4985 525 5036 et
549 4980 741 5037 cultus
781 4997 936 5036 unus
963 4984 1018 5036 et
1048 4996 1169 5036 una
1196 4986 1281 5036 est
1310 4979 1583 5036 adoratio
1619 4997 1633 5036 :
1665 4985 1724 5036 at
1752 4981 1998 5037 relativa
2027 4987 2116 5038 ta-

473 5086 636 5134 men,
664 5069 1253 5143 sivehomonymica.
1281 5069 1553 5125 Adorans
1567 5071 1723 5125 enim
1747 5070 1931 5137 illam,
1960 5071 2118 5126 Chri-

475 5167 633 5216 stum
661 5175 782 5216 non
813 5159 1156 5225 coadoravi,
1207 5174 1328 5215 non
1358 5158 1617 5215 divisum
1643 5159 1975 5214 secundum
2001 5160 2116 5232 hy-

548 5321 594 5358 "
623 5320 762 5377 Luc.
799 5337 896 5386 xv,
928 5325 1010 5378 to.
1086 5322 1135 5357 ³⁸
1179 5321 1394 5392 Supra,
1427 5318 1596 5390 epist.
1631 5318 1720 5374 85.

2290 2661 2370 2714 Ἐν
2416 2661 2590 2731 λόγοις
2651 2659 2952 2721 ἐληλυθότος
3026 2681 3125 2733 μου
3185 2669 3283 2714 τῶν
3335 2668 3532 2714 σεπτῶν
3591 2659 3820 2723 εἰκόνων,

2218 2758 2388 2825 παρῆν
2435 2747 2494 2801 δὲ
2542 2746 3000 2822 συνδιαλεγόμενος
3058 2750 3270 2802 Πλάτων
3321 2752 3346 2802 6
3387 2751 3627 2822 ἡμέτερος
3660 2765 3672 2778 ·
3725 2750 3820 2819 ἔφη

2221 2835 2288 2896 δὴ
2344 2841 2504 2890 πάλαι
2563 2839 2826 2911 εἰληφυῖαν
2880 2844 2973 2898 τὴν
3020 2839 3302 2910 λογιότητά
3366 2858 3482 2904 σου,
3543 2837 3824 2894 ἐπιστολὴν

2221 2927 2360 3000 ἐμὴν,
2407 2933 2524 3001 περὶ
2601 2936 2690 2988 τῆς
2745 2928 2903 2988 αὐτῆς
2976 2929 3268 2990 ὑποθέσεως
3326 2929 3664 2999 ἠπορηκέναι,
3717 2935 3823 2986 πῶς

2219 3016 2312 3068 οὐκ
2362 3016 2602 3088 εῦκρινῶς
2654 3013 3126 3088 δογματισθείσαν,
3169 3018 3197 3075 ᾗ
3248 3019 3394 3088 τάχα
3445 3035 3544 3068 που
3593 3019 3680 3067 καί
3724 3033 3820 3066 πα-

2217 3108 2613 3178 ρακομίζουσαν
2666 3113 2755 3157 τοῦ
2810 3104 3035 3167 ἀληθοῦς
3088 3111 3172 3157 τὸν
3241 3105 3521 3178 ἀκροατήν.
3573 3107 3708 3175 Ἐγὼ
3763 3100 3823 3156 δε

2218 3195 2261 3246 εἰ
2307 3198 2396 3266 μεν
2446 3203 2545 3246 τῶν
2588 3197 2656 3256 ὡς
2703 3197 2887 3265 ἔτυχεν
2937 3193 2998 3252 ἦν
3049 3197 3073 3246 ό
3126 3193 3315 3268 βαλὼν,
3363 3195 3422 3247 ού
3481 3198 3687 3266 ταχέως
3731 3192 3821 3244 έπ-

2191 3286 2479 3356 ἐστράφην
2505 3283 2585 3349 ἂν,
2631 3280 2785 3344 εἰδὼς
2814 3290 2903 3336 καὶ
2937 3286 3123 3355 φθόνου
3160 3281 3405 3356 βολίδας,
3460 3288 3550 3335 καὶ
3581 3281 3823 3353 ἀγνώτων

2217 3372 2547 3445 ἐπιτιμήσεις
2599 3375 2852 3428 ύποίσειν.
2884 3374 3024 3427 Ἐπεὶ
3075 3371 3133 3426 δὲ
3188 3377 3330 3448 παρά
3380 3373 3526 3445 φίλου
3579 3375 3608 3430 ἡ
3645 3371 3824 3429 ἐπίλη-

2216 3462 2329 3532 ψις,
2384 3467 2473 3514 καὶ
2524 3462 2669 3534 φίλου
2722 3465 3022 3534 σοφωτάτου
3052 3480 3063 3491 ⁸
3095 3461 3376 3534 ἀναγκαῖον
3423 3461 3598 3534 ᾠήθην
3657 3464 3824 3518 αὐτὴν

2217 3556 2311 3610 τὴν
2351 3551 2623 3609 ἐπιστολὴν
2661 3553 2746 3603 ὑπ’
2800 3551 2918 3622 ὄψιν
2961 3551 3171 3623 ἀγαγεῖν
3205 3572 3217 3584 ν
3247 3556 3336 3604 καὶ
3387 3551 3505 3603 καθ’
3545 3553 3665 3603 ὅσον
3717 3551 3820 3602 οἷόν

2218 3645 2272 3692 τέ
2317 3660 2406 3712 μοι
2454 3639 2830 3712 ἔπικριθείσοιν,
2887 3639 3194 3693 ἀποστεῖλαι
3220 3641 3289 3711 τῷ
3339 3641 3578 3712 φιλότητί
3611 3659 3707 3692 σου
3742 3661 3754 3672 ·
3789 3639 3819 3697 ἣ

2220 3729 2547 3782 ἀπολύουσαν
2591 3738 2686 3792 τῆς
2738 3729 2974 3804 ἀπορίας,
3017 3731 3045 3790 ἣ
3096 3729 3539 3805 έπανορθουμένην
3589 3731 3690 3780 ύπὸ
3731 3737 3825 3788 τῆς

2220 3819 2496 3890 ἀγχινοίας
2540 3838 2654 3871 σου.
2717 3825 2798 3872 Δεῖ
2827 3821 2926 3892 γὰρ
2979 3819 3381 3891 ἀντεισάγεσθαι
3430 3823 3559 3891 πρὸς
3589 3826 3680 3871 τοῦ
3713 3817 3825 3869 ἐπι-

2218 3917 2467 3980 τιμῶντος
2524 3913 2619 3967 τὴν
2673 3909 2866 3961 οἰκείαν
2918 3914 3126 3981 γνώμην
3183 3917 3274 3970 τῆς
3321 3911 3640 3982 μεμφθείσης
3693 3909 3825 3960 ὑπο-

2218 3995 2439 4068 λήψεως.
2467 4003 2647 4052 Ἔστιν
2674 3994 2760 4050 οὖν
2791 4000 2820 4056 ἡ
2858 3997 3105 4058 ἐπιστολὴ
3138 3994 3264 4057 ἣδε·

2633 4181 2749 4231 Θεό
2771 4174 2977 4250 δωρος
3017 4177 3401 4248 Ἀθανασίῳ.

2296 4287 2324 4319 ι(
2374 4274 2512 4328 Πῶς,
2545 4271 2663 4332 φὴς,
2693 4267 2751 4318 ού
2804 4266 3104 4340 λατρεύεται
3135 4268 3164 4325 ἠ
3229 4265 3374 4318 εἰκὼν
3409 4267 3658 4338 Χριστοῦ,
3713 4262 3824 4315 ἀλλ’

2222 4359 2246 4409 ό
2295 4357 2343 4408 ἐν
2389 4357 2520 4428 αὐτῇ
2583 4359 3026 4431 προσκυνούμενος
3073 4359 3320 4428 Χριστός,
3368 4360 3492 4427 μιᾶς
3543 4355 3708 4415 οὔσης
3739 4353 3826 4405 ἐπὶ

2221 4449 2409 4520 άμφοῖν
2457 4452 2907 4520 προσκυνήσεως;
2955 4444 3074 4498 Ὀτι
3131 4444 3207 4497 ἐπ’
3257 4445 3415 4497 αὐτοῦ
3469 4441 3535 4503 δὴ
3589 4450 3827 4516 Χριστοῦ

2221 4537 2527 4608 λατρευτικὴ
2581 4537 2610 4593 ἡ
2664 4538 3021 4608 προσκύνησις
3081 4534 3407 4608 (προσκυνῶν
3473 4535 3571 4608 γὰρ
3640 4532 3824 4596 αῦτόν,

2227 4633 2610 4698 συμπροσκυνῶ
2659 4627 2746 4676 τὸν
2807 4629 3011 4698 Πατέρα
3050 4629 3139 4676 καὶ
3196 4623 3344 4694 ἅγιον
3406 4630 3612 4694 Πνεῦμα
3641 4638 3654 4651 ·
3697 4623 3824 4692 ὅπερ

2225 4718 2364 4767 ἐστὶν
2416 4717 2446 4772 ἡ
2497 4711 2758 4787 Τριαὸικὴ
2803 4716 2931 4784 ὁμοῦ
2990 4716 3346 4787 προσκύνησις
3399 4716 3488 4764 καὶ
3534 4711 3774 4785 λατρεία)
3811 4729 3824 4741 ·

2226 4803 2308 4856 ἰπὶ
2339 4801 2398 4856 δὲ
2437 4812 2525 4864 τῆς
2567 4803 2818 4866 εἰκόνοςή
2865 4805 2996 4862 αὐτὴ
3040 4807 3131 4875 μὲν
3173 4803 3300 4874 (πῶς
3328 4805 3429 4876 γὰρ
3473 4805 3578 4871 οῦ;
3624 4799 3690 4853 ὧν
3720 4803 3826 4876 γὰρ

2226 4893 2273 4946 ἓν
2303 4896 2357 4944 τό
2389 4894 2577 4966 κράτος
2625 4898 2713 4945 καὶ
2760 4894 2789 4951 ἠ
2845 4891 2974 4955 δόξα
3018 4898 3134 4964 μία,
3180 4895 3373 4944 τούτων
3421 4887 3630 4948 δηλαδὴ
3685 4891 3732 4943 ἓν
3767 4894 3826 4943 τὸ

2227 4981 2402 5046 σέϐας,
2443 4986 2532 5034 καὶ
2579 4987 2678 5054 μία
2721 4985 2748 5042 ἡ
2809 4984 3208 5054 προσκύνησις),
3275 4985 3492 5052 σχετικὴ
3545 4977 3604 5032 δὲ
3667 4981 3826 5052 ὅμως,

2225 5074 2385 5142 ἤγουν
2447 5074 2772 5144 όμωνυμικὴ.
2825 5079 3136 5146 Προσκυνῶν
3193 5073 3290 5146 γὰρ
3352 5070 3529 5136 αὐτὴν,
3573 5069 3630 5121 ού
3694 5088 3829 5141 συμ-

2227 5163 2614 5234 προσεκύνησά,
2668 5160 2796 5214 ἀλλὰ
2845 5163 3217 5237 προσεκύνησα
3278 5162 3526 5233 Χριστὸν,
3585 5158 3644 5212 ού
3686 5155 3830 5212 διαι-

2033 5444 2260 5501 NOT/E.

551 5553 664 5627 (88)
690 5553 752 5609 In
787 5552 929 5611 Cod.
959 5554 1099 5624 Reg.
1127 5537 1250 5626 ρίπξ.
