4058 6274
307 271 445 327 1589

1581 274 2092 333 EPISTOLARUM
2132 278 2269 335 LlB.
2312 277 2382 336 Π.

3522 277 3661 333 1590

301 399 547 469 ρούμενον
606 397 722 450 καθ’
777 398 1091 462 ὑπόστασιν,
1142 397 1269 452 ἀλλὰ
1319 395 1725 471 διαφοροὺμενον
1764 402 1885 453 κατό

2008 404 2317 473 postasim,
2341 404 2441 459 sed
2461 404 2904 474 discrepantem
2917 405 3088 474 juxta
3109 402 3457 460 substantia
3478 401 3663 457 ratio-

302 489 389 536 τόν
418 495 514 546 τῆς
562 486 738 547 οὐσίας
774 488 917 557 λόγον
952 507 964 519 ο
1020 489 1142 562 ὅπερ
1198 487 1311 540 ἐστί
1366 495 1614 560 σχετικὴ,
1674 489 1778 541 ἀλλ’
1836 490 1896 542 οὑ

300 574 630 650 λατρευτικὴ,
681 576 774 628 κᾶν
826 578 854 634 ἡ
909 582 1039 635 αὑτή
1083 593 1095 604 ⁸
1158 577 1261 630 ἐκεῖ
1297 581 1386 649 μεν
1439 579 1601 640 οὕτως
1649 583 1894 651 νοουμένη

301 669 391 715 καὶ
448 664 713 737 λεγομένη,
761 668 947 717 καθότι
1002 663 1278 739 τριαδικη,
1332 671 1490 739 ἤγουν
1541 674 1735 740 φυσική
1768 686 1782 698 ⁸
1825 667 1896 718 ἐνο

302 755 469 805 ταῦθα
500 750 558 806 δὲ
587 758 645 806 τό
698 754 935 826 ἔμπαλιν,
968 757 1149 807 καθότι
1190 760 1439 826 σχετικὴ,
1478 760 1636 827 ἤγουν
1669 757 1897 809 ὑποστα-

301 847 448 899 τική.
516 843 577 895 Εἰ
612 845 713 915 γὰρ
766 846 952 912 εἴποις,
1001 844 1337 918 λατρευτικὴ,
1396 845 1657 917 ἐσημανας
1711 864 1893 918 accup-

298 932 521 996 κῶσθαι,
560 934 629 993 ὡς
656 935 740 983 τόν
789 934 929 997 Υἰόν,
964 936 1049 984 τόν
1092 952 1148 985 τε
1182 936 1387 1006 Πατέρα
1424 939 1512 987 καὶ
1558 937 1614 986 τό
1650 940 1858 1003 Πνεῦμα
1880 954 1893 967 ·

300 1021 422 1092 ὅπερ
500 1020 640 1073 ἐστὶν
728 1024 961 1076 ἔκτοπον.
1042 1029 1330 1094 Τοιγαροῦν
1412 1032 1717 1095 προσκυνῶν
1804 1028 1897 1082 τὴν

301 1107 471 1160 εἰκόνα
501 1116 759 1181 Χριστοῦ,
794 1110 851 1161 οὑ
908 1115 1003 1168 τὴν
1059 1114 1275 1170 θεότητα
1334 1121 1632 1185 προσκυνῶ,
1670 1114 1738 1173 ὦς
1768 1116 1898 1183 φασί

300 1215 426 1256 τινες
460 1216 472 1228 ’
525 1205 677 1249 τοῦτο
735 1202 833 1271 γὰρ
883 1208 978 1261 τῆς
1026 1197 1250 1274 Τριάδος
1311 1206 1628 1273 σημαντικόν
1662 1222 1674 1234 ·
1709 1205 1796 1253 καὶ
1837 1204 1895 1252 οὑ

301 1286 630 1357 σεσάρκωται
669 1290 699 1345 ἡ
750 1291 906 1360 Τριάς
940 1307 951 1318 ’
981 1290 1191 1361 ἅπαγεῑ
1238 1288 1365 1341 ἀλλὰ
1418 1294 1468 1341 τί
1512 1306 1525 1355 ;
1577 1290 1732 1341 αὑτὸν
1766 1298 1897 1362 Χρι-

301 1376 421 1424 στόν
456 1384 738 1445 σχετικῶς.
797 1382 964 1437 Μόνος
1018 1380 1119 1451 γὰρ
1160 1378 1316 1438 αὑτός
1361 1380 1385 1430 6
1448 1379 1734 1451 σαρκωθεὶς
1774 1380 1897 1440 Θεὸς

298 1466 489 1532 Λόγος.
544 1471 854 1535 Προσκυνῶν
896 1462 954 1519 δε
984 1466 1139 1518 αὐτόν
1190 1466 1438 1539 Χριστόν,
1487 1463 1729 1524 δηλονότι
1763 1487 1898 1538 συμ-

296 1555 665 1625 προσεκύνησα
689 1557 775 1606 τόν
829 1559 1031 1627 Πατέρα
1081 1557 1210 1626 όμοῦ
1236 1561 1326 1608 καὶ
1356 1560 1413 1607 τό
1463 1563 1688 1627 Πνεῦμα.
1737 1554 1898 1608 Ὠστε

297 1636 391 1692 διὰ
441 1649 537 1703 τῆς
589 1642 776 1703 εἰκόνος
829 1649 1051 1715 σχετικὴ
1105 1645 1317 1706 εἰκότως
1362 1644 1421 1696 ἂν
1451 1653 1622 1697 νοοῖτο
1670 1650 1760 1697 καὶ
1817 1645 1897 1697 λέ-

293 1748 438 1800 γοιτο
479 1745 491 1757 ⁸

292 1822 567 1891 νοουμένου
614 1840 666 1874 τε
704 1826 793 1873 καὶ
845 1826 1412 1899 συμπροσκυνουμένου
1445 1829 1535 1875 τοῦ
1587 1841 1639 1875 τε
1694 1827 1900 1897 Πατρός

293 1912 383 1961 καὶ
410 1917 502 1963 τοῦ
534 1912 852 1983 Πνεὺματος.
885 1931 915 1964 ν

366 2086 543 2149 Καλῶς
596 2084 703 2154 οὖν,
736 2086 776 2141 ὦ
834 2094 949 2159 τᾶν,
994 2092 1135 2162 ἔχειν
1183 2109 1273 2162 μοι
1324 2085 1473 2141 δοκεῖ
1522 2091 1579 2142 τό
1633 2091 1897 2163 θεώρημα,

291 2172 374 2227 ἐπὶ
426 2178 515 2247 μεν
587 2185 683 2239 τῆς
743 2184 1007 2252 μακαρίας
1078 2184 1167 2232 καὶ
1242 2186 1614 2251 προσκυνητῆς
1670 2176 1899 2253 Τριάδος

290 2267 401 2333 τὴν,
449 2268 579 2329 σὺν,
646 2268 895 2339 πρόθεσιν
948 2266 1205 2339 εἰλῆφθαι.
1261 2266 1320 2319 Ἠ
1351 2270 1476 2341 γὰρ,
1511 2272 1644 2331 σὺν,
1690 2265 1896 2340 διάκρι-

293 2371 375 2403 σιν
422 2360 521 2404 τῶν
574 2354 913 2407 ὑποστάσεων
963 2357 1346 2428 ὑποφαίνουσα,
1401 2357 1614 2416 ἑνότητα
1664 2362 1895 2430 φυσικὸν

287 2446 585 2513 παρίστησι
621 2458 633 2470 ’
694 2445 865 2505 καθὼς
920 2443 1001 2496 ἐπὶ
1050 2452 1142 2497 τοῦ
1198 2445 1461 2518 συμϐόλου
1520 2454 1616 2508 τῆς
1666 2451 1897 2509 πίστεως

288 2533 431 2604 παρὰ
462 2534 590 2583 πᾶσι
646 2540 985 2607 Χριστιανοίς
1030 2531 1241 2605 ᾅδεται.
1282 2534 1395 2589 Ἐπὶ
1433 2532 1492 2588 δε
1540 2544 1630 2597 τῆς
1660 2556 1892 2609 προσκυ-

286 2624 483 2681 νήσεως
543 2628 776 2693 Χριστοῦ
830 2641 883 2674 τε
938 2628 1025 2675 καὶ
1075 2632 1164 2683 τῆς
1214 2624 1374 2676 αὐτοῦ
1407 2625 1599 2687 εἰκόνος
1652 2626 1746 2677 οὑκ
1776 2628 1891 2697 ἔχει

1458 2716 1620 2787 ἡγὰρ
1680 2714 1762 2781 ἂν,
1819 2716 1890 2778 εἰς

288 2793 468 2850 δυάδα
524 2799 862 2852 ὑποστάσεων
916 2804 1048 2853 κατὰ
1098 2805 1183 2853 τόν
1238 2810 1333 2865 τῆς
1387 2801 1693 2864 ἀκολουθίας
1737 2804 1888 2877 λόγον

283 2884 443 2958 [cod.
500 2890 637 2958 Reg.

281 2979 406 3047 μίαν
438 2977 747 3041 ὑπόστασιν,
783 2976 1080 3052 ἁποκομίση
1134 2982 1273 3051 ἡμᾶς
1303 2980 1369 3040 εἰς
1413 2984 1469 3032 τό
1518 2990 1613 3042 τῆς
1663 3001 1887 3053 κτισμα-

286 2714 468 2780 χώραν
528 2712 581 2775 ἡ,
636 2713 767 2775 σὺν,
817 2713 1063 2783 πρόθεσις
1117 2713 1401 2784 εἰλῆφθαιο

716 2892 802 2940 τόν
863 2887 1185 2942 ἁποδοθέντα
1250 2890 1427 2964 λόγον]
1483 2888 1743 2945 διιστᾶσα
1794 2898 1887 2951 τὴν

281 3064 581 3140 τολατρείας
655 3066 913 3139 ἀσέϐημα.
994 3069 1194 3121 Οὐκοῦν
1270 3069 1483 3130 εἰκότως
1531 3072 1558 3127 ἡ
1622 3069 1888 3142 ἀντωυμὶα
1924 3104 1963 3159 C

281 3154 603 3227 παρελήφθη,
659 3158 775 3217 ἣτις
805 3161 862 3209 τό
919 3157 1103 3209 ἐνιαῑον
1135 3167 1228 3218 τῆς
1283 3160 1622 3221 ὑποστάσεως
1654 3158 1729 3211 ἐπ’
1784 3159 1885 3233 ἀμ-

279 3251 392 3312 φοῖν
462 3250 747 3317 τηρήσασα
806 3244 1052 3305 διίστησι
1109 3251 1166 3299 τό
1226 3247 1445 3320 ἑτεροῖον
1504 3257 1602 3300 τῶν
1661 3251 1880 3321 φύσεων.

280 3354 308 3381 ε(
341 3338 442 3386 Καὶ
495 3342 643 3404 γοῦν,
695 3341 853 3408 φησὶν
903 3338 927 3388 ό
981 3338 1245 3408 πάνσοφος
1302 3340 1589 3401 Διονύσιος,
1644 3337 1882 3413 ἑκάτερον

278 3420 327 3472 έν
368 3421 590 3495 ἐκατέρῳ
634 3426 773 3494 παρὰ
822 3429 880 3476 τό
929 3434 1025 3487 τῆς
1066 3425 1256 3486 οὐσίας
1309 3421 1575 3498 διάφορον,
1606 3446 1635 3477 ν
1697 3433 1883 3499 Διαφο-

274 3516 477 3584 ρότητα
527 3509 614 3564 οὖν
644 3513 825 3574 οὐσίας
875 3519 1062 3586 φήσας,
1120 3518 1416 3572 ταυτότητα
1469 3512 1709 3573 δηλονότι
1759 3518 1882 3568 ὑπο-

279 3602 531 3666 στάσεως,
586 3605 721 3654 κατὰ
772 3606 830 3654 τό
889 3603 1125 3677 ἑκάτερον
1192 3602 1240 3655 έν
1300 3603 1525 3678 ἑκατέρῳ
1580 3602 1817 3668 ὑπέδειξε
1864 3625 1878 3638 ο

275 3688 392 3741 καθ’
421 3688 480 3747 ἣν
508 3696 598 3746 καὶ
638 3693 667 3748 ἠ
700 3694 837 3744 κατὰ
896 3698 1085 3764 σχέσιν
1120 3697 1480 3765 προσκύνησις
1530 3696 1872 3769 τεθεώρηται.

274 3774 331 3830 Ἠ
360 3781 463 3852 γὰρ
497 3783 707 3851 σχέσις,
744 3782 807 3842 ὥς
848 3801 996 3853 φασι,
1055 3790 1153 3834 τῶν
1182 3787 1311 3855 πρός
1362 3788 1413 3835 τί
1459 3782 1601 3835 ἐστιν
1632 3801 1644 3814 ·
1677 3784 1786 3854 ἅμα
1828 3803 1882 3837 τε

274 3868 371 3939 γάρ
422 3871 557 3934 ἐστι,
604 3874 694 3921 καὶ
747 3868 1073 3944 ἀντιστρέφει
1117 3875 1248 3942 πρὸς
1296 3871 1509 3936 ἄλληλα,
1560 3872 1664 3924 οἷον
1718 3872 1883 3947 ἀρχέ-

273 3974 434 4007 τυπον
509 3961 634 4030 πρός
711 3959 900 4013 εἰκόνα.
964 3960 1038 4012 Οὐ
1118 3962 1218 4034 γὰρ
1274 3960 1332 4011 ἂν
1396 3964 1471 4019 εἴη
1539 3962 1748 4034 θάτερον
1804 3966 1877 4034 μὴ

277 4046 493 4117 θατέρου
550 4052 844 4121 παρόντος’
909 4050 1038 4100 καθὸ
1076 4053 1164 4101 καὶ
1210 4053 1328 4122 περὶ
1381 4057 1481 4101 τῶν
1532 4049 1639 4121 ἅμα
1670 4050 1880 4122 πεφιλο-

273 4138 520 4204 σόφηται.
557 4133 970 4206 Πρόσκειταιδε,
1010 4142 1206 4209 ἤγουν
1247 4139 1632 4209 όμωνυμική
1662 4156 1672 4167 ·
1704 4144 1793 4190 καί
1822 4160 1881 4210 γε

272 4231 365 4283 τῆς
396 4224 554 4284 αὐτῆς
613 4224 881 4297 ἐμφάσεως
923 4232 1011 4279 καὶ
1062 4223 1157 4286 ἣδε
1186 4229 1215 4285 ἡ
1251 4226 1405 4289 λέξις.
1468 4232 1536 4280 Τό
1564 4230 1664 4301 γὰρ
1698 4231 1877 4300 ὄνομα,

274 4312 653 4385 ὀνομαζομένου
694 4318 874 4387 ὄνομα.
928 4314 1090 4367 Ὠστε
1144 4315 1411 4368 κάνταῦθα
1461 4324 1560 4367 τῶν
1609 4321 1733 4390 πρός
1762 4336 1813 4369 τι
1852 4319 1878 4370 6

271 4401 420 4472 λόγος
453 4419 463 4430 ·
508 4405 614 4454 ἐπεὶ
643 4409 732 4455 καὶ
789 4407 924 4456 κατὰ
973 4404 1278 4477 φιλοσοφίας
1304 4405 1455 4474 λόγον
1486 4404 1645 4478 [cod.
1705 4408 1871 4475 Reg.]

271 4489 415 4564 ὅρον]
476 4491 725 4563 ὁμώνυμά
777 4491 886 4545 ἐστι
940 4489 1328 4565 διδασκόμεθα,
1381 4494 1449 4545 ὧν
1512 4497 1673 4565 ὄνομα
1722 4500 1873 4565 μόνον

270 4585 439 4632 κοινόν
473 4598 483 4609 ·
508 4581 533 4631 6
593 4577 651 4633 δὲ
684 4585 818 4633 κατὰ
864 4586 1091 4654 τοῦνομα
1122 4583 1270 4654 λόγος
1302 4590 1394 4645 τῆς
1435 4583 1623 4645 οὐσίας
1654 4584 1822 4658 ἓτέρος
1857 4600 1869 4612 ·

271 4670 378 4721 οἷον
436 4669 588 4731 αὑτός
650 4675 896 4745 Χριστός,
959 4678 1049 4724 καὶ
1102 4674 1128 4724 6
1184 4677 1558 4745 γεγραμμένος.
1615 4675 1757 4726 Ἐπεὶ
1817 4670 1875 4726 δε

266 4763 379 4823 καί,
412 4759 838 4825 ὑποστατικὴ,
870 4762 1194 4835 πρόσκειται,
1225 4769 1376 4813 τοῦτο
1409 4758 1707 4836 διαρρήδην
1738 4765 1872 4834 ὡμο-

265 4846 489 4917 λόγηται
537 4846 696 4920 [cod.
754 4851 897 4919 Reg.
955 4846 1367 4919 ἀποδέδεικται]
1406 4867 1419 4879 ⁸
1471 4852 1548 4902 ὄτι
1584 4850 1688 4921 οὐχ
1726 4850 1873 4922 ἑτέρα

268 4938 559 4998 ὑπόστασις
590 4941 733 5010 παρὰ
770 4942 861 4996 τὴν
899 4946 990 4990 τοῦ
1040 4946 1273 5011 Χριστοῦ
1322 4937 1367 4989 ἐν
1397 4947 1457 5010 τῇ
1494 4939 1653 4992 αὑτοῦ
1687 4941 1864 5002 εἰκόνι,

270 5024 380 5077 ἀλλ’
424 5026 553 5085 αὑτὴ
608 5024 673 5083 δὴ
710 5029 1001 5089 ὑπόστασις
1032 5036 1286 5100 Χριστοῦ,
1340 5032 1496 5099 ἤγουν
1529 5030 1553 5080 6
1584 5034 1864 5104 χαρακτὴρ

265 5122 337 5186 τῷ
387 5123 480 5176 τῆς
519 5125 716 5188 μορφῆς
770 5117 926 5169 αῦτου
976 5114 1105 5169 εῖδει
1161 5117 1519 5189 ἐκφαινόμενός
1566 5123 1618 5170 τέ
1658 5122 1772 5171 ἐστι
1814 5122 1863 5172 ἓν

265 5212 329 5277 τῇ
389 5205 546 5256 εἰκόνι
597 5210 685 5255 καὶ
736 5208 1229 5281 προσκυνούμενος·
1290 5212 1375 5257 καὶ
1432 5206 1650 5281 ἔρρωται
1704 5209 1729 5259 6
1762 5214 1861 5271 πᾶς

262 5295 414 5365 λόγος
466 5300 574 5355 τοῖς
623 5295 779 5365 ὑγιῶς
851 5302 1117 5367 φρονοῦσι.
1183 5298 1321 5369 Πρός
1374 5292 1433 5349 δὲ
1488 5300 1545 5348 τὸ
1604 5300 1861 5350 πίστωσιν

266 5387 407 5456 ἔχειν
458 5382 649 5455 μᾶλλον
707 5387 765 5435 τό
830 5383 997 5456 λόγον,
1067 5386 1346 5458 ἀναγκαῖον
1398 5387 1681 5458 ἡγησάμην
1728 5395 1861 5460 τρεῖς

265 5477 494 5547 χρήσεις
550 5474 814 5544 Πατρικὰς
861 5475 1127 5527 ὑποθεῖναι
1195 5474 1256 5547 τῇ
1310 5474 1554 5548 ἐπιστολῇ
1616 5494 1627 5507 ·

341 5584 387 5617 ”
413 5582 583 5643 Deut.
616 5597 733 5649 xxx,
770 5581 853 5639 t5.

1689 5477 1752 5536 ὡς
1801 5474 1858 5526 ἄν

2006 509 2144 548 nem
2179 493 2385 565 ;quod
2419 499 2509 548 est
2551 493 2862 549 relativam
2907 508 3054 561 esse,
3092 509 3211 547 non
3260 491 3653 558 latreuticam,

2008 584 2238 637 tametsi
2254 582 2553 645 eamdem,
2568 582 2684 637 illic
2696 582 2941 653 quidem
2958 582 3041 637 sic
3065 581 3419 637 intellectam
3440 581 3660 635 dictam

2005 685 2144 740 que,
2172 677 2472 742 quatenus
2501 672 2745 726 triadica
2770 678 2857 726 est
2882 672 3005 726 sive
3046 671 3358 735 naturalis,
3394 670 3490 724 hic
3525 684 3661 723 vero

2005 765 2303 831 quatenus
2334 759 2578 815 relativa
2606 759 2730 814 sive
2759 760 3154 831 hypostatica.
3188 762 3333 815 Nam
3373 759 3421 813 si
3449 758 3662 813 latren-

2009 849 2172 903 ticam
2214 849 2453 913 dixeris,
2497 849 2873 903 incarnatum
2914 847 3283 917 signiﬁcasti,
3319 853 3381 902 ut
3427 846 3659 910 Filium,

2007 938 2089 991 sic
2121 942 2171 991 et
2209 941 2432 993 Patrem
2461 944 2516 992 et
2536 937 2841 1008 Spiritum,
2871 938 3032 1007 quod
3063 942 3149 992 est
3176 936 3532 991 absurdum.
3556 936 3663 992 Ita-

2006 1041 2121 1098 que
2146 1026 2407 1081 adorans
2426 1026 2749 1096 imaginem
2770 1024 2997 1089 Christi,
3019 1042 3137 1081 nou
3161 1026 3443 1081 deitatem
3474 1026 3664 1080 adoro

2007 1115 2158 1169 sicut
2189 1115 2438 1185 quidam
2461 1117 2661 1170 aiunt:
2696 1116 2809 1170 hoc
2835 1116 2992 1169 enim
3015 1115 3361 1171 Trinitatem
3389 1114 3665 1183 designa-

2006 1210 2088 1258 ret
2132 1209 2239 1258 :at
2284 1205 2533 1259 Trinitas
2566 1204 2877 1258 incarnata
2916 1219 3037 1258 non
3086 1206 3220 1267 est;
3262 1201 3421 1257 absit
3460 1217 3472 1254 :
3516 1200 3664 1271 quid

2005 1299 2203 1348 autem
2235 1292 2263 1346 ?
2289 1293 2485 1363 ipsum
2521 1292 2817 1349 Christum
2850 1292 3114 1348 relative.
3158 1291 3329 1348 Solus
3350 1291 3513 1345 enim
3538 1290 3663 1360 ipse

2006 1382 2352 1437 incarnatus
2404 1387 2491 1436 est
2544 1384 2696 1436 Deus
2734 1381 3008 1436 Verbum.
3054 1381 3259 1452 Ipsum
3311 1395 3449 1434 vero
3500 1377 3665 1433 Chri-

2006 1476 2166 1526 stum
2197 1471 2479 1536 adorans,
2513 1471 2677 1526 haud
2708 1470 2889 1525 dubie
2932 1468 3252 1525 coadoravi
3279 1468 3512 1529 Patrem
3542 1482 3665 1523 una

2005 1565 2061 1615 et
2090 1560 2390 1631 Spiritum.
2434 1558 2627 1626 Quare
2670 1559 2729 1614 in
2769 1559 3032 1628 imagine
3064 1558 3273 1613 merito
3310 1554 3664 1625 intelligetur

2006 1653 2061 1703 et
2080 1648 2308 1704 dicetur
2324 1648 2588 1714 relativa,
2612 1649 2671 1704 in
2690 1649 2826 1719 ipso
2848 1652 3048 1703 autem
3071 1644 3659 1711 Christolatreutica;

533 1729 609 1783 ἐπ’
638 1732 797 1784 αὑτοῦ
832 1730 890 1785 δε
924 1740 1157 1807 Χριστοῦ
1189 1734 1499 1808 λατρευτική
1537 1751 1548 1764 ·
1588 1737 1651 1794 ὡς
1686 1753 1885 1786 συνεπι-

2007 1743 2208 1808 utpote
2246 1737 2424 1793 simul
2456 1738 2745 1794 intellecto
2776 1742 2832 1793 et
2881 1736 3060 1792 simul
3109 1736 3360 1793 adorato
3393 1739 3449 1790 et
3492 1733 3663 1791 Patre

2005 1832 2061 1883 et
2096 1826 2335 1898 Spiritu.
2377 1848 2397 1876 ι

2077 2095 2247 2149 Recte
2270 2092 2470 2163 igitur,
2495 2092 2705 2161 amice,
2730 2090 2953 2147 habere
2984 2090 3129 2146 mihi
3154 2090 3377 2147 decisio
3404 2090 3661 2158 videtur,

2005 2181 2079 2237 de
2093 2182 2268 2237 beata
2281 2182 2504 2253 quidem
2520 2187 2574 2236 et
2588 2180 2891 2236 adoranda
2904 2180 3182 2235 Trinitate
3196 2180 3660 2251 praepositionem

2004 2271 2183 2327 simul
2207 2271 2499 2341 usurpari.
2518 2270 2711 2326 Simul
2733 2269 2894 2325 enim
2911 2269 3314 2340 hypostasum
3337 2269 3659 2326 discrimen
3708 2268 3713 2275 ”

2002 2360 2278 2425 innuens,
2300 2367 2525 2415 natura
2543 2359 2835 2414 unitatem
2857 2357 3115 2420 exhibet,
3137 2358 3659 2429 quemadmodum

2000 2449 2061 2504 in
2088 2449 2364 2521 symbolo
2405 2448 2541 2502 ﬁdei
2574 2448 2736 2517 apud
2754 2446 3122 2503 Christianos
3158 2462 3369 2503 omnes
3400 2448 3655 2503 canitur.

2000 2540 2063 2593 In
2091 2537 2441 2593 adoratione
2468 2553 2608 2592 vero
2641 2536 2851 2592 Christi
2879 2542 2933 2592 et
2965 2535 3246 2605 imaginis
3274 2536 3423 2606 ejus,
3457 2536 3655 2593 locum

1998 2642 2117 2682 non
2146 2626 2328 2681 habet
2354 2625 2792 2697 prapositionis
2813 2626 2993 2679 simul
3022 2625 3330 2695 usurpatio
3359 2641 3373 2679 :
3409 2624 3653 2697 alioqui,

1998 2716 2160 2788 quod
2191 2716 2329 2770 inde
2362 2720 2729 2786 sequeretur,
2775 2713 2928 2769 duas
2962 2714 3021 2768 in
3061 2714 3424 2786 hypostases
3471 2730 3654 2770 unam

1995 2804 2285 2859 dirimens
2316 2803 2713 2875 hypostasim,
2748 2802 3074 2858 abduceret
3105 2819 3216 2859 nos
3255 2803 3332 2858 ad
3363 2810 3652 2859 creatura

1996 2894 2188 2949 cultus
2228 2894 2614 2965 impietatem.
2656 2893 2859 2964 Itaque
2891 2893 3101 2948 merito
3147 2898 3527 2963 assumptum
3567 2896 3656 2949 est

1996 2998 2351 3054 pronomen,
2382 2983 2543 3054 quod
2578 2981 2867 3037 unitatem
2900 2982 3247 3053 hypostasis
3275 2981 3335 3036 in
3354 2981 3651 3037 ambobus

1997 3088 2264 3137 servans,
2298 3071 2699 3126 diversitatem
2732 3071 3051 3139 distinguit
3088 3075 3464 3126 naturarum.
3500 3090 3523 3121 ιι
3560 3072 3653 3126 Est

1992 3160 2193 3229 igitur,
2220 3161 2301 3215 ait
2331 3159 2811 3231 sapientissimus
2842 3160 3174 3231 Dionysius,
3205 3159 3459 3215 alterum
3488 3160 3546 3215 in
3574 3158 3652 3216 al-

1994 3254 2137 3313 tero,
2164 3254 2374 3320 prater
2396 3248 2745 3304 substantia
2765 3247 3235 3319 discrepantiam
3250 3290 3263 3303 .
3296 3248 3650 3319 Discrepan-

1993 3339 2135 3393 tiam
2158 3344 2357 3394 autem
2378 3338 2723 3392 substantia
2750 3352 2886 3393 cum
2907 3337 3075 3402 dixit,
3104 3336 3345 3392 identita
3358 3342 3474 3392 tem
3488 3337 3650 3393 vide-

1991 3426 2125 3482 licet
2153 3426 2520 3498 hypostasis,
2552 3432 2850 3497 quatenus
2882 3425 3134 3481 alterum
3172 3425 3230 3479 in
3270 3425 3475 3491 altero.
3508 3427 3649 3481 insi-

1992 3517 2200 3572 nuavit
2234 3535 2246 3571 :
2273 3516 2439 3587 juxta
2465 3531 2639 3587 quam
2670 3515 2917 3570 relativa
2942 3530 3185 3586 quoque
3208 3513 3477 3570 adoratio
3508 3530 3649 3571 con-

1990 3606 2192 3661 stituta
2230 3611 2334 3661 est.
2367 3604 2588 3660 Relatio
2612 3604 2791 3668 enim,
2828 3608 2888 3658 ut
2925 3602 3111 3672 aiunt,
3145 3619 3352 3659 eorum
3385 3608 3470 3659 est
3510 3620 3647 3677 qua

1990 3694 2068 3750 ad
2108 3694 2328 3768 aliquid
2366 3710 2378 3760 ;
2417 3694 2593 3749 simul
2622 3694 2781 3748 enim
2822 3698 2977 3756 sunt,
3008 3697 3064 3748 et
3110 3692 3262 3748 inter
3305 3708 3366 3747 se
3397 3708 3648 3750 conver-

1991 3788 2212 3849 tuntur,
2241 3783 2702 3855 utarchetypum
2735 3782 2814 3837 ad
2846 3780 3193 3851 imaginem.
3222 3782 3341 3836 Nec
3373 3782 3531 3838 enim
3558 3781 3647 3839 al-

1990 3877 2181 3927 terum
2212 3888 2346 3926 esse
2378 3872 2563 3942 possit
2597 3870 2781 3925 altero
2812 3886 2932 3925 non
2963 3876 3283 3942 prasente;
3312 3870 3550 3927 sicutde
3571 3872 3643 3927 iis

1990 3977 2123 4033 qua
2142 3960 2316 4015 simul
2336 3960 2971 4031 suntphilosophatum
2987 3964 3092 4015 est.
3110 3959 3427 4030 Adjectum
3442 3975 3639 4030 porro,

1988 4051 2108 4106 sive
2129 4050 2576 4119 homonymica;
2603 4049 2768 4121 quod
2784 4064 2999 4120 nempe
3013 4049 3289 4103 eamdem
3305 4049 3644 4119 emphasim

1989 4139 2211 4193 habeat
2223 4139 2349 4193 hac
2362 4140 2795 4193 dictio.Nomen
2810 4137 2969 4192 enim
2984 4137 3274 4192 nominati
3290 4153 3513 4193 nomen
3530 4143 3639 4194 est.

1988 4228 2177 4292 Quare
2207 4228 2303 4282 hic
2329 4243 2570 4299 quoque
2589 4226 2967 4281 relativorum
2991 4233 3077 4280 est
3103 4224 3255 4281 ratio
3280 4242 3291 4279 :
3326 4227 3638 4298 quoniam,

1987 4332 2058 4370 ex
2086 4316 2473 4388 philosophia
2514 4315 2841 4388 praceptis,
2877 4315 3249 4387 homonyma
3288 4331 3422 4370 esse
3462 4316 3642 4371 doce-

1988 4422 2140 4468 mur,
2174 4421 2431 4476 quorum
2465 4421 2685 4461 nomen
2712 4404 2908 4459 solum
2932 4419 3252 4459 commune
3275 4408 3362 4459 est
3390 4422 3403 4470 ;
3436 4420 3638 4461 essen-

1987 4495 2077 4549 tia
2120 4510 2257 4550 vero
2307 4494 2473 4561 ratio,
2533 4510 2669 4565 qua
2723 4493 2954 4548 nomini
2988 4492 3209 4557 subest,
3251 4493 3532 4560 diversa;
3576 4499 3640 4551 ut

1984 4583 2245 4637 Christus
2277 4583 2424 4651 ipse,
2448 4588 2502 4637 et
2531 4582 2633 4654 qui
2674 4583 2864 4652 pictus
2897 4586 3003 4636 est.
3039 4583 3182 4636 Cum
3223 4586 3425 4636 autem
3467 4581 3639 4637 addi-

1984 4677 2095 4733 tur.
2128 4672 2247 4727 sive
2291 4671 2687 4741 hypostatica,
2735 4670 2850 4724 hoc
2889 4669 3105 4725 diserte
3156 4670 3467 4736 asseritur,
3510 4686 3635 4726 non

1982 4761 2182 4831 aliam,
2213 4777 2396 4832 quam
2440 4761 2672 4825 Christi,
2707 4761 2766 4813 in
2793 4761 2923 4829 ejus
2957 4758 3218 4828 imagine
3258 4759 3634 4829 hypostasim

1979 4866 2131 4916 esse,
2150 4850 2254 4903 sed
2282 4850 2604 4920 ipsammet
2632 4849 2833 4919 utique
2858 4847 3231 4919 hypostasim
3251 4847 3481 4915 Christi,
3507 4850 3633 4905 sive

1979 4939 2381 4994 characterem
2416 4954 2519 5009 per
2543 4937 2750 4993 forma
2778 4937 2963 5008 ipsius
2995 4936 3254 5007 speciem
3278 4937 3539 5009 conspici
3570 4939 3631 4995 in

1975 5029 2236 5097 imagine
2269 5034 2325 5083 et
2363 5026 2600 5082 adorari
2635 5044 2648 5081 :
2693 5032 2873 5098 atque
2903 5027 2982 5081 ita
3013 5024 3368 5082 conﬁrmata
3393 5030 3484 5083 est
3511 5032 3631 5086 tota

1975 5117 2167 5173 oratio
2189 5117 2352 5188 apud
2368 5132 2470 5172 eos
2493 5117 2593 5188 qui
2619 5121 2775 5194 recte
2800 5115 3081 5170 sentiunt.
3102 5114 3189 5168 Ad
3212 5116 3502 5185 majorem
3527 5132 3629 5174 au-

1974 5213 2088 5263 tem
2118 5206 2292 5261 ﬁdem
2326 5222 2533 5261 eorum
2565 5221 2697 5276 qua
2719 5204 2875 5262 dicta
2902 5210 3057 5268 sunt,
3086 5204 3487 5260 necessarium
3520 5206 3626 5262 du-

1970 5297 2169 5353 ximus
2202 5302 2316 5352 tres
2359 5299 2595 5351 Patrum
2630 5294 2954 5352 sententias
2985 5291 3251 5362 epistola
3280 5293 3572 5363 subjicere
3606 5313 3621 5361 ;

1970 5386 2143 5442 uthic
2164 5386 2342 5441 etiam
2372 5384 2689 5455 impleatur
2718 5383 2883 5454 quod
2910 5382 3196 5453 scriptum
3220 5387 3306 5436 est
3338 5399 3350 5436 :
3380 5383 3453 5438 In
3482 5384 3625 5439 duce

1975 5476 2078 5530 bus
2103 5480 2157 5531 et
2187 5474 2375 5529 tribus
2408 5473 2649 5530 testibus
2680 5471 2859 5528 stabit
2886 5486 3056 5528 omne
3082 5470 3322 5528 verbum
3353 5472 3421 5524 ’9.
