4058 6274
456 271 590 331 1591

441 399 691 473 πληρωθῇ
767 393 1036 454 κάνταῦθα
1088 415 1104 432 ⁸

450 508 583 545 πειν.

589 589 988 660 Chrysostomi
1011 605 1086 647 ex
1111 590 1598 660 interpretatione
1614 591 1679 646 in
1703 593 1953 648 Pelvim.

520 771 588 825 Ut
612 784 752 824 cum
792 770 968 837 regiae
1000 767 1225 837 efﬁgies
1267 775 1322 823 et
1363 769 1655 838 imagines
1685 770 1741 824 in
1773 769 1981 825 urbem
2009 768 2098 824 af-

443 857 730 922 feruntur,
766 858 1002 913 obviam
1033 858 1365 929 procedunt
1389 859 1773 928 magistratus
1805 864 1862 913 et
1891 857 2096 930 populi

445 961 586 1002 cum
635 947 846 1001 faustis
905 945 1462 1011 acclamationibus,
1517 963 1637 1001 non
1685 947 1938 1014 tabulas,
1997 953 2098 1002 aut

444 1051 649 1092 cereas
673 1036 936 1107 picturas
959 1037 1342 1098 honorantes,
1360 1036 1462 1091 sed
1486 1037 1710 1103 regiam
1730 1037 2054 1105 imaginem
2079 1053 2093 1102 ;

444 1125 528 1180 sic
572 1130 865 1192 creatura,
912 1140 1031 1180 non
1074 1131 1366 1180 terrenam
1396 1125 1650 1195 ﬁguram
1683 1125 1957 1190 honorat,
1990 1124 2096 1180 sed

444 1213 745 1270 caelestem
780 1212 1042 1284 efﬁgiem
1075 1219 1404 1270 veneratur.

502 1321 725 1391 Synodz'
751 1321 1139 1378 Antiochense
1163 1321 1270 1377 sub
1308 1321 1657 1378 Theodorito
1683 1321 2061 1390 patriarcha.

519 1501 646 1555 Non
674 1501 736 1555 ut
765 1498 1014 1555 alterum
1055 1497 1269 1564 forma,
1313 1499 1418 1554 sed
1451 1503 1513 1554 ut
1541 1500 1737 1570 ipsum
1770 1515 1956 1554 unum
1987 1499 2096 1554 Do-

448 1587 685 1644 minum
735 1588 795 1642 in
849 1604 966 1644 una
1019 1587 1212 1643 forma
1250 1587 1629 1643 exsistentem
1663 1605 1676 1656 ;
1708 1595 2003 1660 quatenus
2047 1592 2101 1642 et

448 1677 758 1732 character
803 1692 960 1731 unus
1016 1677 1201 1732 Patris
1254 1677 1569 1732 subtantiaa
1628 1684 1826 1742 natus,
1859 1683 1915 1732 et
1964 1682 2101 1731 ante

448 1781 695 1822 carnem
733 1765 1122 1837 incorporeus
1153 1768 1299 1830 erat,
1327 1770 1384 1821 et
1412 1766 1470 1820 in
1493 1781 1672 1821 carne
1703 1781 1858 1820 unus
1885 1769 1973 1820 est
2003 1784 2017 1836 ;
2047 1769 2100 1820 et

446 1855 508 1910 in
535 1855 800 1927 imagine
823 1853 984 1910 idem
999 1869 1154 1908 unus
1171 1859 1277 1918 est,
1304 1870 1424 1910 non
1453 1855 1680 1909 divisus
1701 1855 1759 1909 in
1782 1854 1934 1909 duos
1965 1855 2102 1910 cha-

445 1949 726 2014 racteres,
756 1959 866 2000 nec
891 1943 950 1998 in
981 1943 1133 1998 duas
1160 1944 1382 1998 scissus
1408 1943 1665 2012 glorias;
1701 1943 1806 1998 sed
1827 1944 1885 1998 in
1918 1959 2101 1999 unam

449 2032 816 2088 coalescens.
841 2033 917 2087 Et
936 2032 1215 2103 postalia
1247 2033 1396 2088 :Sed
1427 2033 1944 2103 quemadmodum
1977 2033 2102 2103 ipse

414 2133 608 2178 ‘unus
648 2126 830 2177 estex
861 2120 1101 2176 duobus
1139 2121 1470 2185 contrariis,
1496 2125 1552 2177 et
1596 2122 1652 2175 in
1688 2137 1868 2177 unam
1907 2121 2100 2177 coale-

448 2211 556 2266 scit
582 2226 904 2282 personam
935 2229 948 2278 ;
983 2211 1064 2265 sic
1093 2210 1276 2266 etiam
1298 2211 1484 2280 ipsius
1506 2211 1707 2282 imago
1729 2215 1786 2265 et
1811 2226 1929 2266 una
1944 2214 2103 2265 estet

449 2299 720 2370 ejusdem
755 2300 933 2354 unius
980 2299 1189 2355 Christi
1222 2315 1236 2353 :
1273 2315 1470 2370 neque
1515 2299 1766 2355 alterum
1800 2299 2105 2356 characte-

449 2405 576 2445 rem
611 2387 948 2443 secundum
979 2404 1221 2443 carnem
1247 2389 1598 2459 apparuisse
1623 2389 1797 2443 nobis
1823 2389 2101 2455 dicimus,

419 2482 506 2534 'et
547 2477 801 2532 alterum
846 2477 907 2531 in
945 2476 1204 2546 imagine
1263 2476 1641 2531 eﬂ‘ormatum
1701 2478 2104 2533 characterem

445 2570 618 2640 juxta
647 2566 907 2637 speciem
938 2565 1147 2621 formae
1171 2566 1356 2636 ipsius
1387 2583 1399 2630 ;
1429 2566 1530 2620 sed
1555 2567 1840 2621 eumdum
1875 2582 2057 2620 unum
2088 2584 2100 2622 :

452 2655 741 2728 quoniam
775 2670 969 2724 neque
995 2654 1300 2709 character
1325 2655 1515 2710 dictus
1546 2660 1634 2710 est
1656 2661 1955 2726 quatenus
1981 2671 2105 2710 eor-

452 2761 593 2816 pus,
627 2743 728 2798 sed
762 2748 1062 2814 quatenus
1090 2744 1508 2815 incorporeus:
1541 2750 1596 2798 et
1625 2743 1733 2798 hoc
1764 2743 1979 2798 clarius
2001 2759 2106 2815 per

451 2833 726 2888 divinum
747 2832 1238 2904 Chrysostomum
1258 2832 1670 2903 explicabitur,
1685 2833 2105 2903 quicharacte-

451 2937 574 2978 rem
609 2921 910 2976 caelestem
943 2921 1102 2987 dicit,
1133 2921 1360 2992 quippe
1381 2923 1482 2991 qui
1511 2938 1541 2976 e
1564 2921 1731 2984 caelo.
1761 2938 1879 2976 non
1899 2928 2104 2994 quate-

449 3027 566 3068 nus
600 3027 838 3084 corpus,
868 3011 971 3066 sed
1003 3017 1299 3083 quatenus
1323 3013 1727 3082 incorporeus.
1763 3013 2103 3082 unigenitus

448 3104 603 3158 Deus
633 3100 1004 3156 descendens
1034 3099 1107 3155 de
1138 3100 1299 3156 caelis
1329 3101 1671 3156 incarnatus
1694 3105 1800 3163 est.
1830 3107 1885 3156 et
1917 3118 2103 3172 appa-

445 3191 563 3246 ruit
592 3205 841 3260 corpore
871 3195 1074 3245 nostro
1113 3189 1378 3246 indutus.
1412 3191 1491 3245 Et
1523 3195 1658 3261 post
1684 3206 1882 3259 pauca
1909 3208 1924 3244 :
1957 3194 2101 3261 Ergo

1721 269 1785 334 S.
1824 269 2190 332 THEODORI
2231 275 2555 332 STUDITAE

1180 400 1312 454 Ἐπὶ
1387 397 1502 453 δύο
1577 407 1682 455 καὶ
1756 411 1945 478 τριῶν
2019 404 2357 476 μαρτύρων
2435 402 2843 458 σταθήσεται
2918 405 3038 452 πᾶν
3109 399 3304 475 ῥῆμα,
3381 405 3652 472 Γραφικῶς
3727 398 3806 451 εἰ-

2129 590 2176 644 Α

3663 272 3808 328 1592

2315 595 2435 643 Τοῦ
2474 593 2947 664 Χρυσοστόμου
2975 588 3038 640 ἐκ
3068 596 3175 648 τῆς
3215 587 3550 661 ἑρμηνείας
3587 594 3697 638 τοῦ

2815 686 3025 737 Νιπτῆ
3045 697 3113 752 ρο
3133 699 3172 743 ς,

2279 767 2440 821 Ὅταν
2495 767 2764 842 βασιλικοὶ
2815 776 3152 842 χαρακτῆρες
3202 771 3292 818 καὶ
3321 766 3508 826 εἰκόνες
3541 765 3612 826 εἰς
3657 765 3808 818 πόλιν

2213 859 2565 931 εἰσφέρωνται,
2619 860 2914 910 ὑπαντῶσιν
2990 858 3240 929 ἄρχοντες
3308 861 3398 907 καὶ
3473 853 3637 927 δῆμοι
3695 854 3807 927 μετ’

2213 951 2468 1020 εὐφημίας
2500 965 2512 978 ⁸
2564 949 2622 1000 οὐ
2668 943 2860 999 σανίδα
2905 955 3165 1018 τιμῶντες,
3220 942 3343 998 οὑδὲ
3371 949 3464 1002 τὴν
3506 948 3808 1016 κηρόχυτον

2208 1041 2432 1110 γραφὴν,
2473 1035 2601 1089 ἀλλὰ
2635 1041 2721 1089 τὸν
2752 1043 3071 1109 χαρακτῆρα
3101 1043 3192 1088 τοῦ
3237 1034 3491 1108 βασιλέως
3523 1052 3535 1063 ⁸
3586 1034 3748 1095 οὕτως
3773 1035 3805 1090 ἡ

2209 1131 2403 1190 κτίσις,
2437 1127 2495 1178 οὑ
2520 1130 2576 1179 τὸ
2627 1131 2809 1197 γήϊνον
2861 1134 3056 1198 σχῆμα
3084 1131 3234 1197 τιμᾷ,
3287 1123 3414 1176 ἀλλὰ
3452 1127 3538 1176 τὸν
3568 1124 3807 1197 οὐράνιον

2207 1225 2524 1290 χαρακτῆρα
2563 1212 2812 1270 αἰδεῖται.

2207 1329 2329 1385 Τῆς
2370 1322 2426 1374 ἐν
2485 1323 2856 1394 Ἀντιοχείᾳ
2899 1317 3179 1374 συνόδου
3242 1323 3342 1372 ἐπὶ
3388 1315 3808 1392 Θεοδωρίτου

2773 1395 3215 1468 πατριάρχου.

2280 1500 2402 1572 Οὐχ
2445 1504 2508 1561 ὡς
2555 1501 2721 1574 ἕτερον
2868 1508 3063 1575 μορφῇ,
3115 1499 3221 1551 ἀλλ’
3265 1501 3333 1560 ὡς
3380 1497 3536 1550 αὑτὸν
3578 1499 3664 1549 ἕνα
3697 1499 3808 1550 Κύ-

2207 1619 2318 1674 ριον
2375 1598 2423 1650 ἓν
2467 1605 2565 1671 μιᾷ
2593 1607 2761 1674 μορφῇ
2813 1602 2937 1650 ὄντα
2967 1616 2978 1628 ⁸
3021 1599 3140 1650 καθ’
3192 1597 3245 1650 ὃν
3275 1602 3364 1649 καὶ
3414 1600 3695 1668 χαρακτὴρ
3738 1595 3810 1655 εἷς

2208 1692 2446 1760 πεφυκὼς
2497 1696 2590 1750 τῆς
2619 1695 2711 1740 τοῦ
2765 1691 2963 1759 Πατρός
3011 1689 3368 1753 ὑποστάσεως,
3401 1691 3490 1738 καὶ
3545 1689 3644 1758 πρὸ
3680 1703 3811 1757 σαρ-

2208 1784 2299 1838 κὸς
2357 1776 2634 1850 ἀσώματος
2680 1778 2750 1838 εἷς
2782 1797 2835 1830 τε
2885 1775 2967 1841 ἦν,
3007 1781 3096 1829 καὶ
3144 1777 3193 1828 ἐν
3242 1780 3398 1848 σαρκὶ
3430 1776 3496 1836 εἷς
3543 1777 3674 1828 ἐστι.
3715 1777 3810 1825 καὶ

2209 1866 2257 1920 ἓν
2289 1867 2444 1920 εἰκόνι
2487 1869 2513 1919 ὸ
2557 1867 2713 1929 αὐτὸς
2753 1868 2826 1928 εἷς
2876 1869 3105 1941 ὑπάρχει
3139 1881 3154 1897 ⁸
3204 1870 3274 1938 μὴ
3327 1862 3687 1939 διαιρούμενος
3734 1863 3812 1925 εἰς

2140 1949 2183 2002 Β
2212 1953 2309 2009 δύο
2335 1965 2684 2030 χαρακτῆρας
2715 1973 2726 1984 ⁸
2762 1962 2893 2028 μήτε
2925 1953 2983 2007 δὲ
3026 1956 3342 2027 σχιζόμενος
3373 1955 3438 2015 εἰς
3471 1951 3567 2006 δύο
3599 1949 3757 2014 δόξας
3792 1969 3806 1981 ⁸

2214 2045 2319 2097 ἀλλ’
2352 2047 2422 2106 εἰς
2467 2051 2590 2116 μίαν
2641 2051 3005 2117 συναγόμενος.
3060 2051 3176 2098 Καὶ
3236 2046 3363 2116 μεθ’
3405 2044 3623 2115 ἕτερα·
3669 2040 3813 2095 Ἀλλ’

2214 2139 2385 2207 ὥσπερ
2419 2139 2574 2197 αὑτός
2605 2136 2674 2198 εἷς
2720 2136 2859 2187 ἐστιν
2910 2135 2967 2187 ἐκ
3012 2131 3108 2186 δύο
3155 2142 3256 2186 τῶν
3311 2132 3568 2200 ἐναντίων,
3617 2137 3706 2184 καὶ
3737 2131 3814 2192 εἰς

2214 2225 2261 2278 ’ἐν
2295 2226 2572 2296 συνάγεται
2609 2229 2887 2299 πρόσωπον
2920 2245 2932 2255 ·
2990 2223 3124 2276 οὑτω
3172 2228 3261 2275 καὶ
3311 2222 3458 2274 εἰκὼν
3513 2220 3673 2273 αὑτοῦ
3712 2225 3816 2291 μία

2214 2320 2267 2367 τέ
2297 2317 2424 2377 ἐστι,
2458 2319 2546 2365 καὶ
2584 2320 2673 2366 τοῦ
2713 2313 2871 2365 αὑτοῦ
2909 2313 3018 2374 ἐνὸς
3061 2319 3294 2386 Χριστοῦ
3322 2331 3334 2344 ·
3373 2316 3461 2363 καὶ
3491 2311 3596 2382 οὐχ
3641 2311 3814 2383 ἓτερον

2213 2411 2534 2476 χαρακτῆρα
2563 2402 2610 2453 ἐν
2666 2399 2794 2454 εῖδει
2847 2410 3045 2475 μορφῆς
3097 2402 3256 2454 αὑτοῦ
3289 2420 3302 2433 ⁸
3339 2399 3465 2452 ἀλλὰ
3515 2403 3600 2452 τὸν
3654 2399 3813 2450 αὑτὸν

2215 2495 2361 2564 ἡμῖν,
2421 2497 2507 2544 καὶ
2563 2493 2731 2564 ἕτερον
2789 2495 2874 2543 τὸν
2929 2491 3043 2543 κατ’
3107 2491 3278 2543 εἰκόνα
3347 2490 3813 2562 σχηματιζόμενον

2215 2589 2532 2655 χαρακτῆρα
2571 2583 2620 2632 ἓν
2668 2577 2796 2632 εἴδει
2844 2589 3048 2653 μορφῆς
3105 2580 3264 2631 αὑτοῦ
3296 2597 3308 2608 ⁸
3343 2578 3473 2630 ἀλλὰ
3517 2581 3602 2631 τὸν
3655 2577 3813 2629 αὑτὸν

2214 2672 2301 2722 ἕνα
2376 2685 2388 2697 ⁸
2457 2669 2566 2721 ἐπεὶ
2623 2674 2750 2739 μήτε
2803 2671 2931 2721 καθὸ
3019 2677 3170 2740 σῶμα
3240 2674 3526 2740 χαρακτήρ
3583 2671 3810 2740 εἴρηται,

2215 2759 2342 2812 ἀλλὰ
2369 2762 2498 2811 καθὸ
2526 2758 2800 2831 ἀσώματον
2833 2774 2847 2789 ⁸
2881 2765 2970 2811 καὶ
2999 2766 3151 2811 τοῦτο
3179 2759 3369 2829 μᾶλλον
3419 2755 3510 2810 διὰ
3537 2765 3628 2810 τοῦ
3671 2759 3811 2809 θεὶου

2217 2852 2593 2921 Χρυσοστόμου
2658 2846 3170 2922 διευκρινηθῆσεται,
3225 2853 3311 2900 τὸν
3365 2855 3684 2920 χαρακτῆρα
3729 2847 3814 2898 οὑ-

2213 2943 2386 3013 ράνιον
2443 2937 2700 3009 λέγοντος,
2761 2937 2963 3011 ἐπείπερ
3017 2943 3106 2990 καὶ
3159 2939 3214 3000 ἐξ
3266 2937 3506 3012 οὐρανοῦ,
3565 2937 3623 2988 οὑ
3680 2938 3809 2988 καθὸ

2217 3037 2386 3100 σῶμα,
2429 3028 2558 3080 ἀλλά
2596 3031 2725 3080 καθὸ
2778 3027 3072 3100 ἀσώματον,
3129 3029 3154 3079 ὁ
3199 3032 3471 3100 μονογενὴς
3519 3030 3645 3086 Θεὸς
3690 3045 3807 3077 κατ-

2214 3117 2369 3169 ελθὼν
2401 3116 2454 3168 ἔκ
2484 3125 2582 3168 τῶν
2627 3116 2855 3189 οὐρανῶν
2908 3116 3205 3188 ἐσαρκώθη,
3258 3121 3347 3168 καὶ
3397 3115 3610 3187 ἐπέφανε
3663 3123 3814 3185 σῶμα

2213 3209 2536 3280 περιθέμενος
2563 3209 2620 3257 τὸ
2661 3208 2926 3279 ἡμέτερον.
2987 3210 3105 3258 Καὶ
3153 3207 3281 3277 μετ’
3329 3204 3512 3276 ὀλίγα
3548 3222 3559 3233 ⁸
3609 3203 3813 3256 Οὐκοῦν

447 3279 592 3352 quia
603 3294 710 3350 per
722 3278 1070 3335 relationem
1085 3279 1282 3350 ipsum
1300 3279 1564 3334 ostendit
1577 3281 2000 3347 characterem,
2018 3283 2102 3352 ip-

2217 3295 2483 3348 ἔπεὶκατα
2541 3294 2797 3369 ἀναφορὰν
2851 3295 3006 3346 αὑτὸν
3061 3291 3298 3347 δείκνυσι
3328 3298 3414 3346 τὸν
3466 3301 3810 3366 χαρακτῆρα,

449 3384 586 3423 sum
627 3367 922 3423 Christum
971 3368 1317 3435 adoramus,
1351 3373 1406 3424 et
1455 3384 1576 3424 non
1610 3370 1922 3426 materiam
1975 3375 2098 3426 arte

446 3457 766 3528 ﬁguratam
794 3457 855 3512 in
884 3457 1165 3526 imagine.

965 3563 1197 3633 Synodi
1227 3565 1492 3620 Nicaeum
1516 3565 1598 3620 II.

523 3673 590 3726 Et
606 3669 709 3743 qui
725 3670 936 3726 adorat
955 3670 1301 3742 imaginem,
1321 3671 1532 3728 adorat
1555 3671 1613 3726 in
1637 3687 1708 3728 ea
1721 3671 2096 3745 hypostasim

453 3760 584 3832 ejus
614 3760 719 3833 qui
743 3759 1014 3832 depictus
1043 3766 1148 3814 est.

722 3885 922 3941 CXCV.
969 3916 1036 3925 —
1064 3885 1351 3942 Eudaciae
1383 3884 1833 3943 Candidatissae.

2212 3385 2364 3437 αὐτὸν
2412 3388 2642 3456 Χριστὸν
2704 3392 3112 3458 προσκυνοῦμεν,
3167 3389 3254 3436 καὶ
3307 3383 3364 3436 οὑ
3417 3388 3509 3442 τὴν
3558 3383 3684 3442 ὕλην
3738 3401 3814 3436 τε·

2208 3483 2403 3547 χνικῶς
2435 3473 2902 3546 σχηματιζομένην
2929 3473 2976 3524 ἐν
3009 3481 3069 3546 τῇ
3106 3473 3281 3527 εἰκόνι.

2489 3587 2608 3641 Τῆς
2647 3581 2705 3632 ἐν
2736 3585 2976 3653 Νικαίᾳ
3016 3577 3307 3634 συνόδου
3347 3583 3414 3633 τὸ
3455 3580 3532 3636 Β’.

2285 3693 2385 3743 Καὶ
2435 3690 2461 3741 ὸ
2513 3697 2818 3761 προσκυνῶν
2868 3693 2961 3748 τὴν
3023 3687 3211 3754 εἰκόνα,
3249 3695 3533 3764 προσκυνεῖ
3590 3691 3640 3742 ἑν
3674 3689 3807 3761 αὐτῇ

2215 3787 2276 3833 οῦ
2307 3782 2688 3854 ἐγγραφομένου
2722 3783 2816 3837 τὴν
2848 3780 3166 3832 ὑπόστασιν.

2221 3887 2350 3974 ῙἮΕ¹
2387 3887 2522 3960 (89).
2577 3916 2638 3928 -
2691 3883 2982 3958 Εὑδοκίᾳ
3050 3883 3596 3958 Κανδιδατίσξση.

1445 3993 1664 4056 Egrum
1698 3995 1850 4043 vanis
1881 3995 2172 4046 terroribus
2209 3995 2451 4044 animum
2484 3995 2813 4046 corroborai.

525 4090 856 4146 Indicatum
883 4095 972 4147 est
991 4092 1137 4148 mihi
1161 4107 1196 4148 a
1223 4091 1400 4148 fratre
1425 4093 1682 4159 Silvano,
1714 4093 2107 4150 honoriﬁcen-

437 4180 600 4236 ‘tiam
634 4185 800 4236 tuam
831 4180 891 4236 in
924 4198 1168 4238 maerore
1199 4197 1347 4247 esse,
1377 4187 1618 4254 propter
1648 4188 1868 4238 metum
1901 4200 2104 4256 quem-

437 4269 594 4325 'dam
626 4274 682 4324 et
718 4278 1024 4336 terrorem,
1054 4271 1154 4343 qui
1187 4271 1457 4327 animam
1488 4272 1716 4344 absque
1757 4273 1875 4329 ulla
1924 4289 2110 4329 causa

455 4360 784 4443 occupavit.
837 4359 1005 4424 Quod
1059 4361 1308 4415 audiens
1352 4376 1464 4429 ego
1494 4360 1734 4416 humilis
1790 4363 1951 4418 haud
1985 4363 2110 4416 sine

462 4446 647 4502 animi
682 4463 863 4502 sensu
897 4448 1022 4514 tuli,
1061 4449 1162 4504 sed
1195 4449 1380 4516 dolui,
1415 4455 1813 4523 precatusque
1855 4469 2010 4518 sum,
2043 4451 2112 4505 li-

459 4540 551 4592 cet
573 4535 855 4605 indignus
881 4537 984 4608 qui
1015 4553 1051 4592 a
1089 4539 1204 4592 Deo
1236 4538 1543 4608 exaudiar,
1578 4546 1639 4595 ut
1679 4557 1713 4595 a
1744 4546 1795 4596 te
1824 4541 2112 4596 abscedat

458 4626 555 4682 hic
571 4631 782 4682 metus.
803 4627 951 4692 Quin
973 4627 1321 4682 nuncetiam
1337 4634 1390 4682 et
1407 4643 1516 4697 ego
1531 4628 1869 4684 etdominus
1891 4629 2111 4684 archie-

457 4715 833 4789 piscOpus,et
856 4715 1065 4771 fratres
1090 4717 1263 4772 simul
1291 4723 1463 4772 orant
1483 4719 1752 4788 utpietas
1772 4724 1873 4774 tua
1900 4719 1977 4774 ab
2001 4719 2111 4774 hoc

460 4804 664 4861 morbo
677 4805 1359 4861 convalescat.Czeterum
1373 4806 1609 4860 morbus
1625 4806 2113 4875 hic,domina,ab—

463 4894 681 4949 surdus
695 4899 849 4950 estet
867 4895 1000 4966 jure
1016 4895 1487 4950 contemnendus
1511 4913 1523 4961 ;
1557 4911 1751 4967 neque
1774 4897 2111 4952 existimare

461 4983 859 5054 debesipsum
876 4984 977 5039 tibi
992 4984 1319 5058 quidquam
1335 4984 1465 5038 mali
1479 4984 1687 5040 afferre
1703 5001 1908 5057 posse:
1928 4987 2113 5058 siqui-

462 5071 598 5127 dem
633 5072 926 5128 Christum
952 5071 1160 5128 induta
1181 5088 1263 5138 es,
1297 5077 1352 5128 et
1373 5088 1610 5128 crucem
1643 5075 1771 5143 ejus
1791 5091 1897 5144 pro
1929 5075 2111 5130 armis

460 5160 862 5232 habeszcujus
889 5162 1125 5234 signote
1152 5163 1676 5230 muniens,omnes
1703 5163 1976 5234 protinus
1995 5164 2107 5219 dre-

456 5249 662 5316 ,monis
681 5251 993 5308 machinas
1009 5252 1391 5323 expulsuram
1408 5258 1461 5306 te
1484 5251 1676 5316 crede,
1694 5252 1814 5307 sive
1828 5252 2105 5320 interdiu,

2290 4093 2559 4154 Ἐδηλώθη
2629 4115 2719 4168 μοι
2782 4096 2883 4148 ὑπὸ
2940 4102 3031 4147 τοῦ
3087 4092 3309 4167 ἀδελφοῦ
3370 4094 3644 4148 Σιλουανοῦ
3702 4101 3816 4172 περὶ

2218 4194 2308 4246 τῆς
2337 4189 2636 4255 τιμιότητὸς
2693 4204 2808 4249 σου,
2841 4186 2920 4236 ὅτι
2951 4184 2998 4236 ἕν
3044 4183 3179 4256 λύπῃ
3227 4184 3341 4236 ἐστὶ
3387 4181 3480 4236 διὰ
3525 4188 3582 4237 τὸ
3623 4183 3818 4257 ἐγγίνε-

2221 4276 2345 4326 σθαί
2377 4294 2460 4326 σοι
2510 4274 2661 4347 φόϐον
2704 4277 2820 4326 τινὰ
2866 4279 2954 4325 καὶ
3006 4278 3230 4332 πτόησιν
3269 4272 3316 4325 ἐν
3377 4282 3436 4346 τῇ
3489 4274 3643 4347 ψυχῇ
3695 4278 3815 4328 ἄνευ

2218 4367 2356 4425 τινὸς
2386 4363 2575 4424 αἰτίας.
2631 4368 2729 4416 Καὶ
2784 4363 3128 4428 ἁκούσαςοοὺκ
3183 4363 3394 4424 ἀπαθῶς
3433 4367 3624 4435 ἤνεγκα
3673 4365 3816 4416 ότα-

2220 4457 2388 4514 πεινός
2421 4471 2432 4482 ⁸
2491 4451 2618 4504 ἀλλὰ
2669 4458 2758 4504 καὶ
2809 4451 3089 4512 ἐλυπήθην,
3171 4456 3259 4503 καὶ
3318 4451 3577 4523 ηὐξάμην,
3636 4452 3678 4504 εἰ
3724 4458 3814 4505 καὶ

2221 4542 2426 4604 ἀνάξιος
2479 4543 2831 4594 ὑπακοόεσοαι
2864 4559 2876 4570 ⁸
2932 4544 3073 4613 παρὰ
3125 4548 3279 4607 Θεοῦ,
3338 4540 3557 4600 λυθῆναι
3611 4545 3667 4593 τὸ
3702 4539 3816 4603 δέος

2219 4634 2376 4684 ἐκεῖνο
2431 4629 2530 4682 ἀπὸ
2592 4638 2706 4683 σοῦ.
2767 4629 2920 4682 Ἀλλὰ
2966 4636 3053 4681 καὶ
3112 4633 3186 4682 ἔτι
3243 4631 3388 4700 κάγὼ
3419 4634 3506 4682 καὶ
3559 4632 3585 4682 ό
3640 4633 3818 4706 κύριος

2144 4739 2189 4793 D
2220 4722 2244 4772 6
2278 4719 2716 4792 ἀρχιεπίσκοπος,
2763 4726 2852 4772 καὶ
2882 4722 2930 4772 οἱ
2979 4716 3190 4792 ἀδελφοὶ
3250 4723 3595 4791 συνεύχονται
3623 4722 3818 4796 καταρ-

2217 4811 2502 4886 ῥαῑσθῆναι
2558 4813 2614 4861 τὸ
2657 4811 2820 4871 πάθος
2871 4808 2970 4862 ἀπὸ
3025 4817 3118 4870 τῆς
3169 4808 3426 4870 εὐσεϐείας
3484 4829 3599 4865 σου.
3649 4817 3817 4864 Τοῦτο

2222 4897 2299 4963 δὲ,
2355 4903 2526 4974 κυρία,
2573 4898 2844 4952 ἀλλόκοτόν
2885 4899 2997 4951 ἔστι
3047 4904 3103 4951 τὸ
3134 4901 3319 4964 πάθος,
3373 4904 3467 4950 καὶ
3501 4900 3815 4974 εὐκαταφρό-

2219 5009 2369 5047 νητον
2422 5003 2436 5018 ⁸
2506 4994 2594 5041 καὶ
2643 4988 2736 5040 οὑκ
2793 4988 3006 5060 ὀφείλεις
3058 4988 3362 5058 λογίζεσθαι
3406 4989 3528 5040 αὐτὸ
3590 4988 3719 5052 ὅλως
3767 4993 3816 5042 ἓν

2218 5096 2319 5128 τινι
2351 5073 2631 5148 δυνάμενον
2667 5097 2724 5130 σε
2758 5076 3143 5151 παραϐλάπτείν
3183 5094 3196 5108 ⁸
3257 5074 3396 5129 διότι
3448 5081 3534 5129 τὸν
3588 5083 3816 5149 Χριστόν

2219 5161 2553 5237 ἐνδεδυμένη,
2588 5169 2792 5218 καὶτὸν
2845 5171 3068 5238 σταυρὸν
3121 5170 3280 5218 αῧτοῦ
3328 5169 3465 5237 ἔχεις
3504 5166 3655 5219 ὅπλον
3691 5185 3702 5196 ⁸
3741 5168 3818 5240 ἐφ’

2221 5254 2261 5325 ᾧ
2294 5260 2661 5327 σημειουμένη,
2717 5254 3032 5309 ἀποδιὼκειν
3086 5259 3328 5330 παραυτὰ
3380 5260 3592 5310 πίστευε
3639 5263 3816 5310 πᾶσαν

2031 5421 2269 5480 NOTAE.

544 5565 657 5639 (89)
687 5565 756 5621 In
787 5565 922 5623 cod.
955 5567 1095 5637 Reg,
1124 5571 1265 5642 ρςην.
