4058 6274
303 329 440 387 1593

1563 330 2076 388 EPISTOLARUM
2117 333 2253 390 LIB.
2297 332 2367 389 II.

3519 329 3658 387 1594

290 460 574 531 σκαιωρίαν
629 452 961 528 δαιμονικὴν,
1017 457 1110 507 κᾶν
1163 457 1213 508 ἐν
1263 460 1450 532 ἡμέρᾳ,
1492 460 1587 510 κᾶν
1642 460 1691 510 ἐν
1745 464 1894 512 νυκτὶ

2008 459 2124 515 sive
2148 465 2327 516 noctu
2358 466 2411 516 te
2443 459 2776 531 perturbari
2806 458 3134 529 contigerit.
3164 456 3350 514 Psalle
3378 454 3557 527 igitur
3579 457 3658 513 ad

288 544 551 618 συμϐαίνῃ
605 565 661 597 σε
714 544 1063 614 ἐκθροεῖσθαι.
1116 546 1280 600 Ψάλλε
1338 544 1424 598 οὖν
1486 551 1611 620 πρὸς
1663 550 1888 623 Κύριον·

284 632 439 688 Ἀπὸ
506 633 700 706 φόϐου
742 632 988 708 ἐχθροῦ
1029 634 1248 696 ἐξελοῦ
1318 641 1428 693 τὴν
1466 637 1691 707 ψυχήν
1748 657 1890 708 μου.

291 729 392 777 Καὶ
417 724 601 776 πάλιν·
655 723 739 776 Οὐ
780 722 1249 795 φοϐηθήσομαι
1287 723 1409 776 ἀπό
1452 724 1643 797 φόϐου
1684 745 1894 778 νυκτε-

288 820 489 889 ρινοῦ,
561 812 678 865 ἀπὸ
748 812 971 884 βέλους
1029 817 1377 884 πετοθμένου
1446 816 1707 888 ἡμέρας,
1774 815 1893 868 ἀπὸ

288 905 673 975 πράγματος
733 900 790 954 ἐν
852 906 1071 954 σκότει
1131 899 1710 975 διαπορευομένου,
1774 903 1892 956 ἀπό

294 997 770 1063 συμπτώματος
837 995 946 1043 καὶ
1016 987 1364 1061 δαιμονίου
1412 993 1890 1067 μεσημϐρινοῦ,

292 1086 421 1133 Καί·
455 1081 521 1133 Εἰ
560 1082 585 1131 ὁ
627 1084 784 1140 Θεὸς
824 1082 978 1152 ὑπὲρ
1023 1087 1155 1145 σοῦ,
1193 1085 1291 1142 τίς
1330 1085 1492 1133 κατά
1520 1090 1672 1149 σούς
1707 1084 1767 1134 οὔ
1796 1089 1891 1136 καὶ

290 1173 347 1221 τὸ
379 1178 530 1240 σῶμα
569 1170 781 1233 ἐσθίεις,
815 1175 904 1221 καὶ
933 1173 991 1221 τό
1025 1171 1158 1241 αἷμα
1195 1174 1360 1231 πίνεις
1393 1192 1405 1204 ·
1434 1173 1509 1242 ἐφ’
1553 1174 1625 1232 οἶς
1664 1192 1896 1225 καταπα-

290 1267 472 1330 τοῦμεν
503 1258 671 1309 ἐπάνω
701 1258 858 1330 ὄφεων
899 1263 986 1311 καὶ
1030 1263 1314 1332 σκορπίων,
1354 1264 1443 1311 καὶ
1484 1263 1567 1312 ἐπὶ
1597 1267 1771 1313 πᾶσαν
1802 1266 1895 1320 τήν

294 1345 513 1419 δύναμιν
543 1356 634 1399 τοῦ
687 1350 905 1420 ἐχθροῦ.
938 1353 1023 1405 Μὴ
1062 1353 1233 1400 τοίνυν
1290 1354 1715 1423 συγκαταπέσῃς,
1759 1347 1897 1422 μηδὲ

256 1482 263 1489 .
288 1438 495 1512 ῥᾳθυμή
508 1457 601 1510 σης
630 1436 678 1489 ἐν
708 1445 777 1508 τῷ
810 1437 1011 1512 ἀκαίρῳ
1037 1440 1203 1509 τούτῳ
1236 1437 1371 1509 φόϐῳ
1407 1456 1419 1468 °
1472 1438 1579 1490 ἀλλ’
1610 1440 1819 1510 εὐθύμει
1850 1440 1896 1491 ἐν

292 1531 466 1598 Κυρίω
490 1544 501 1556 ·
558 1532 647 1578 xui
703 1528 1191 1599 ὑπομιμνήσκομεν,
1230 1530 1555 1601 προσεύχου,
1592 1532 1766 1589 καθὼς
1806 1534 1895 1582 καὶ

292 1618 516 1668 εἴθισταί
570 1635 673 1680 σοι,
724 1619 923 1690 νύκτωρ
979 1621 1069 1667 καὶ
1099 1615 1211 1688 μεθ’
1264 1618 1482 1689 ἡμέραν,
1535 1617 1579 1669 εἰ
1611 1614 1763 1691 δύνῃ,
1809 1623 1899 1670 καὶ

290 1707 474 1777 μικρὸν
516 1704 838 1776 ἀναγίνωσκε
870 1723 883 1734 ·
917 1710 1007 1757 xui
1033 1707 1061 1763 ἠ
1099 1706 1273 1778 εἰρήνη
1315 1712 1407 1757 τοῦ
1440 1714 1573 1759 Θεοῦ
1615 1712 1899 1781 φρουρήσει

295 1813 371 1859 σε,
402 1799 492 1847 καὶ
522 1792 765 1858 ἀπήμονα
796 1791 1113 1868 διατηρήσει
1139 1796 1186 1846 ἐν
1217 1800 1401 1849 πᾶσιν.

363 1917 512 2007 Ριις
542 1918 670 1990 (90)-
701 1950 768 1960 -
800 1919 1179 1992 Εὐφροσύνη
1236 1922 1586 1993 ἡγουμένῃ·
1622 1918 1827 2008 [ψεβί]

1936 1815 1977 1868 Β

2002 551 2318 605 Dominum
2347 568 2364 604 :
2389 551 2437 604 A
2455 551 2663 605 timore
2682 548 2913 604 inimici
2932 550 3090 616 eripe
3103 548 3368 604 animam
3383 562 3570 603 meam
3585 547 3655 599 ‘°.

2001 638 2066 693 Et
2096 654 2335 694 rursum
2366 654 2385 689 :
2415 639 2551 694 Non
2584 638 2790 694 timebo
2820 652 2857 693 a
2900 638 3109 692 timore
3138 644 3449 700 nocturno,
3494 652 3531 691 a
3560 650 3656 692 sa-

1999 728 2149 797 gitia
2162 730 2400 783 volante
2410 729 2471 783 in
2490 727 2602 792 die,
2628 742 2664 783 a
2682 728 2914 796 negotio
2937 726 3394 796 perambulante
3412 727 3475 779 in
3499 730 3659 781 tene-

2003 816 2143 879 bris,
2165 817 2238 871 ab
2267 818 2513 873 incursu
2552 823 2603 871 et
2636 816 2926 873 (immania
2966 815 3296 871 meridiano
3328 816 3397 870 ‘1.
3433 816 3497 869 Et
3542 835 3553 873 :
3593 814 3659 870 Si

2003 906 2153 960 Deus
2178 922 2292 976 pro
2310 913 2381 967 te.
2402 906 2534 978 quis
2557 911 2764 961 contra
2793 906 2925 970 te",
2954 921 3088 977 quae
3109 920 3326 975 corpus
3351 904 3477 975 ejus
3506 904 3654 971 edis,

2002 1001 2055 1049 et
2098 996 2455 1065 sanguinem
2476 996 2630 1051 bibis
2660 1011 2957 1066 :quorum
2984 1009 3097 1065 ope
3123 993 3537 1064 proculcantes
3565 994 3648 1048 in-

2003 1083 2386 1139 ambulamus
2400 1100 2580 1155 super
2594 1090 2900 1156 serpentes
2921 1090 2975 1138 et
2994 1083 3263 1155 scorpios
3277 1089 3333 1138 et
3347 1098 3528 1153 super
3541 1100 3656 1137 om-

2004 1188 2142 1228 nem
2156 1174 2431 1229 virtutem
2455 1173 2677 1228 inimici
2704 1174 2751 1208 ⁴³
2770 1172 2797 1228 ?
2828 1176 2905 1228 Ne
2930 1173 3107 1241 igitur
3128 1172 3329 1227 anima
3346 1171 3653 1237 concidas,

2004 1278 2113 1318 nec
2142 1263 2482 1332 languidior
2512 1263 2625 1318 ﬁas
2658 1264 2717 1316 in
2747 1263 2861 1317 hoc
2889 1264 3100 1318 timore
3128 1261 3476 1333 importuno
3510 1277 3523 1315 :
3551 1261 3658 1315 sed

2003 1351 2202 1407 laetare
2224 1352 2282 1406 in
2316 1352 2565 1407 Domino
2593 1368 2607 1419 ;
2633 1359 2708 1416 et,
2741 1351 2904 1422 quod
2961 1352 3382 1415 admonemus,
3430 1365 3557 1415 ora,
3596 1354 3658 1404 ut

2006 1440 2365 1504 soles,nocte
2382 1441 2619 1513 dieque,
2654 1441 2700 1494 si
2729 1446 2916 1512 potes,
2938 1446 2994 1495 et
3015 1439 3458 1511 aliquantulum
3483 1438 3612 1508 lege
3641 1454 3654 1493 :

2004 1536 2062 1584 et
2084 1546 2201 1599 pax
2230 1530 2329 1585 Dei
2360 1536 2412 1586 te
2439 1530 2747 1597 custodiet,
2781 1539 2836 1585 et
2867 1529 3115 1586 illaesam
3142 1528 3401 1585 servabit
3430 1528 3492 1583 in
3526 1543 3650 1583 om-

2007 1619 2205 1674 nibus.

2258 1923 2478 1979 CXCVI.
2516 1953 2580 1964 —
2608 1924 3023 1995 Euphrosynen
3056 1925 3407 1994 praepositas.

650 2026 929 2086 Quomodo
958 2040 1141 2090 gerere
1166 2041 1222 2077 se
1256 2027 1449 2077 debeat
1477 2041 1605 2090 erga
1638 2028 1946 2091 quamdam,
1972 2044 2091 2094 quas
2122 2044 2186 2079 ex
2214 2031 2383 2094 ipsius
2411 2032 2735 2081 monasterio
2770 2031 2965 2080 dimitti
2984 2030 3308 2094 postulabat.

363 2128 657 2196 Μεμάθηκα
708 2129 850 2199 παρά
899 2134 991 2178 τοῦ
1044 2123 1096 2179 εὖ
1147 2124 1363 2192 εἰδότος,
1427 2128 1506 2179 ὅτι
1567 2147 1660 2179 σου
1721 2128 1892 2198 ἥψατο

291 2214 424 2273 λύπη
481 2223 573 2276 τῆς
622 2220 944 2286 τιμιότητος,
1006 2213 1100 2268 διὰ
1145 2220 1201 2269 τό
1256 2216 1439 2269 ἐθέλειν
1496 2223 1619 2289 μίαν
1667 2215 1893 2291 ἀδελφὴν

292 2306 586 2375 τετμῆσθαί
642 2324 735 2357 σου
784 2314 878 2365 τῆς
908 2305 1060 2375 ἀγίας
1092 2303 1342 2366 συνοδίας
1372 2323 1384 2336 ’
1417 2312 1505 2359 καὶ
1533 2307 1625 2358 οὐκ
1677 2307 1773 2369 ἔξω
1802 2315 1893 2359 τοῦ

293 2392 489 2453 εἰκότος
515 2395 544 2451 ἡ
600 2392 754 2450 λύπη.
793 2400 908 2455 Πῶς
965 2396 1063 2465 γάρ
1096 2395 1156 2445 ἄν
1199 2399 1287 2447 καὶ
1319 2395 1413 2447 οὐκ
1470 2394 1713 2467 ἀλγήσειε
1742 2395 1895 2467 ψυχὴ

292 2485 665 2553 ἐκκοπτομένου
722 2490 813 2533 τοῦ
872 2482 1065 2534 οἰκείου
1121 2484 1364 2555 μέλους;
1422 2484 1560 2537 Ἀλλ’
1622 2487 1755 2556 ὅμως
1816 2488 1895 2537 ὅτι

295 2570 568 2643 συμϐαίνει
635 2574 700 2624 τά
748 2579 966 2624 τοιαῦτα
1034 2572 1087 2634 ἐξ
1143 2572 1381 2645 ἐπηρείας
1450 2580 1541 2625 τοῦ
1608 2570 1897 2648 ἐνεδρεύον-

292 2680 368 2720 τες
398 2663 445 2712 ἑν
498 2667 608 2721 τοῖς
657 2663 788 2722 υἱοῖς
837 2670 932 2721 τῆς
964 2661 1257 2722 ἀπειθείας’
1316 2666 1401 2713 xui
1450 2667 1559 2734 χρὴ
1616 2665 1751 2733 ἡμᾶς
1798 2684 1894 2735 μαι

293 2752 562 2823 κροθύμως
632 2755 795 2821 φέρειν
849 2767 861 2779 ⁸
940 2756 1114 2802 πᾶσαν
1200 2747 1651 2823 ἐπιδεικνυμένους
1724 2751 1897 2824 ἐπιμέ-

293 2837 451 2902 λειαν,
502 2840 621 2891 ὅσον
675 2841 933 2912 ἐπιτρέπει
976 2840 1000 2889 ὁ
1049 2839 1249 2901 ἀληθὴς
1303 2840 1482 2911 λόγος·
1517 2844 1585 2901 ὡς
1616 2839 1674 2891 ἂν
1735 2840 1896 2894 ἀθῶοι

290 2934 382 2979 τοῦ
434 2929 653 2998 αἳματος
697 2930 868 2998 εἴημεν
909 2935 1000 2979 τοῦ
1047 2931 1307 2994 τοιούτου,
1363 2932 1525 2998 ἤγουν
1577 2938 1669 2991 τῆς
1718 2937 1896 2983 τοιᾶσ-

294 3012 374 3079 δε,
430 3013 651 3088 ἀδελφοῦ
717 3035 770 3068 τε
831 3016 1205 3087 ὀνομασθέντος
1269 3022 1297 3075 ἤ
1363 3016 1610 3090 ἀδελφῆς.
1678 3019 1895 3079 Ἐπεζή-

287 3126 452 3167 τησας
480 3102 538 3159 δὲ
585 3108 787 3178 μαθεῖν,
846 3106 1156 3178 εἰάνένοχόν
1206 3109 1318 3159 ἐστι
1352 3116 1412 3178 τῇ
1474 3112 1742 3179 τιμιότητί
1798 3129 1891 3161 σου
1930 3088 1968 3141 C

286 3194 545 3247 ἀπολῦσαι
608 3201 698 3254 τήν
775 3196 1161 3267 φιλονεικοῦσαν
1229 3195 1513 3269 ἐκραγῆναί
1582 3217 1675 3249 σου
1743 3195 1893 3250 ἀδελ-

276 3288 396 3356 φήν.
456 3289 556 3338 Καὶ
600 3293 704 3345 πῶς
758 3290 889 3357 σοφὴ
937 3282 1071 3337 οὖσα
1113 3290 1202 3337 καὶ
1253 3291 1461 3348 συνετὴ,
1513 3287 1606 3338 οὐκ
1660 3286 1746 3359 ἀφ’
1780 3287 1895 3339 ἐαυ-

287 3380 383 3434 τῆς
431 3372 788 3445 ἐπιγινώσκεις
817 3378 873 3425 τό
904 3371 1057 3441 δέον;
1093 3378 1225 3427 Οὔτε
1255 3371 1342 3427 οὖν
1379 3383 1569 3448 σεαυτῇ
1602 3384 1662 3446 τῇ
1739 3373 1897 3429 διδα-

280 3463 484 3533 σκάλῳ,
531 3466 647 3516 οὔτε
677 3471 737 3535 τῇ
772 3465 1155 3536 μαθητευθείσῃ
1214 3461 1492 3525 ἀκίνδυνος
1542 3467 1570 3522 ἡ
1607 3462 1896 3526 διάστασις

290 3549 588 3614 ἐθελουσίως
643 3556 907 3624 γινομένη.
971 3555 1067 3605 Διά
1113 3558 1164 3605 τί
1208 3556 1306 3625 γὰρ
1361 3558 1450 3605 xui
1496 3556 1649 3606 πόθεν
1699 3558 1756 3605 τό
1816 3558 1893 3606 εὕ-

287 3640 434 3712 λογον
482 3644 730 3713 ἕχουσα;
783 3642 825 3693 εἰ
881 3646 971 3710 μὲν
1014 3644 1114 3713 γὰρ
1167 3643 1332 3695 τελεία
1376 3640 1512 3695 οὖσα
1562 3648 1651 3694 καὶ
1704 3663 1897 3715 κατηρ-

289 3735 503 3801 τισμένη
557 3733 587 3789 ἡ
643 3733 926 3803 μαθήτρια,
978 3735 1106 3805 πρὸς
1166 3735 1223 3783 τό
1278 3732 1442 3784 ἄλλων
1488 3728 1723 3803 ἀδελφῶν
1771 3735 1895 3784 καθ-

294 3822 557 3891 ηγεῖσθαι,
614 3816 721 3879 ἤδη
784 3820 1208 3891 ὑποζητουμένης
1267 3818 1635 3892 ἀδελφότητος,
1700 3820 1895 3873 οἰκονο-

289 3912 385 3980 μία
414 3913 469 3960 τὸ
520 3916 772 3973 τοιοῦτον,
809 3910 977 3969 καθώς
1007 3929 1165 3980 φησιν
1212 3911 1237 3961 ὁ
1267 3909 1418 3981 ἂγιος
1472 3910 1766 3977 Βασίλειος,
1803 3914 1892 3962 καὶ

289 3997 348 4050 οὐ
392 3994 701 4059 διάστασις.
750 3997 992 4068 ’Ἄπαγεὲ
1052 4003 1151 4051 Καὶ
1176 4006 1301 4069 γοῦν
1351 4001 1578 4051 ἀπὸτοῦ
1630 4000 1899 4072 ἄρχεσθαι

287 4086 476 4148 καλῶς,
537 4088 705 4139 ἄνεισί
732 4107 808 4148 τις
861 4086 945 4139 ἰπὶ
997 4090 1054 4139 τὸ
1103 4089 1288 4161 ἄρχειν
1324 4089 1560 4159 ἐννόμως.
1617 4086 1898 4140 Κάντεῡθεν

291 4175 446 4236 ζῆλος
494 4173 685 4245 ἀγαθός
727 4183 843 4237 ταῖς
890 4177 1221 4245 ὁμοτρόποις,
1273 4179 1399 4228 ἱέναι
1441 4177 1525 4228 ἐπὶ
1564 4181 1656 4234 τὴν
1704 4176 1896 4229 τελειό-

1571 4262 1753 4323 ἐπειδὴ

294 4350 456 4414 δειξιν
485 4362 573 4413 τῆς
625 4354 693 4415 εἰς
751 4358 905 4406 αὑτὸν
934 4353 1189 4425 ἀγάπηςό
1226 4357 1413 4425 Κύριος
1454 4360 1541 4406 καὶ
1598 4358 1726 4416 Θεός
1753 4357 1899 4425 ἡμῶν

290 4282 442 4330 τητα,
507 4269 595 4316 xui
658 4272 1098 4338 ταυτοπραγῆσαι
1157 4267 1445 4336 θεοπρεπῶς
1490 4283 1501 4294 ⁸
1571 4267 1753 4323 ἐπειδὴ
1826 4268 1901 4316 ἔν-

289 4449 363 4512 τῷ
419 4448 681 4515 κορυφαίῳ
739 4452 835 4495 τῶν
894 4442 1192 4496 ἀποστόλων
1246 4440 1558 4505 ὑποδεικνὺς
1605 4447 1695 4515 ἔφη

294 4531 544 4602 ἀγαπᾷς
582 4552 672 4604 με,
717 4532 917 4604 βόσκε
948 4537 1019 4585 τά
1058 4532 1245 4604 ἀρνία
1276 4533 1735 4603 μου.Καὶπάλιν·
1762 4537 1902 4586 [loi-

291 4640 475 4693 μαινε
514 4624 589 4673 τά
626 4620 928 4695 πρόϐατά
966 4642 1102 4693 μου.
1134 4622 1217 4682 Ὠς
1270 4623 1359 4692 ὅγε
1409 4626 1625 4694 τοιαύτῃ
1659 4625 1902 4695 προθέσει

291 4708 583 4770 ἔκϐεϐηκὼς
636 4710 703 4770 εἰς
750 4713 808 4761 τὸ
859 4715 1165 4781 ποιμαίνειν,
1229 4713 1481 4784 μακάριος
1512 4713 1571 4762 ἄν
1632 4714 1731 4777 εἴη,
1774 4719 1900 4784 Χρι.

294 4801 416 4850 στὸν
465 4799 780 4871 μιμοῦμενος
836 4803 923 4851 τὸν
950 4798 1189 4857 ἀληθινόν
1246 4809 1446 4874 πρῶτον
1519 4799 1897 4873 ἀρχιποίμεναο

290 4886 445 4939 Ἐστι
495 4896 619 4959 γοῦν
667 4892 758 4940 καὶ
803 4889 946 4960 ἑτέρα
1020 4888 1287 4960 οἰκονομία
1362 4888 1408 4940 έν
1458 4896 1566 4951 τοῖς
1630 4892 1899 4961 Πατράσιν

289 4977 437 5047 ἡμῶν
498 4978 891 5050 τεθεωρημένη’
962 4978 1151 5029 ὁπόταν
1212 4977 1366 5049 ψυχὴ
1426 4974 1886 5051 δυστροπεύουσα,

292 5068 422 5137 μετά
468 5065 657 5123 πολλὴν
695 5072 785 5118 καὶ
842 5069 1045 5137 μακρὰν
1101 5067 1411 5137 ἐπιμέλειαν,
1476 5070 1689 5141 αἱρῆται
1741 5088 1894 5137 μετα-

292 5162 468 5208 πεσεῖν
508 5155 573 5216 εἰς
612 5155 769 5214 ἆλλην
846 5153 1193 5229 ἀδελφότητα,
1252 5159 1321 5219 ὡς
1388 5156 1553 5210 ἐκεῖσε
1600 5160 1896 5229 χρησιμεύο

295 5264 365 5296 ειν
423 5244 699 5315 μέλλουσα,
758 5248 893 5297 κατὰ
946 5250 1170 5317 μίμησιν
1237 5254 1336 5298 τῶν
1412 5251 1894 5317 μεταφυτευομένων

296 5329 527 5407 δένδρων
575 5334 631 5387 ἐκ
660 5330 817 5387 τοῦδε
846 5335 917 5398 εἰς
946 5332 1099 5388 τόνδε
1131 5339 1306 5390 τόπον.
1366 5335 1480 5390 Ἐἀν
1511 5335 1598 5389 οὖν
1624 5341 1713 5388 xui
1739 5344 1892 5389 τοῦτο

370 5459 412 5499 ⁸ο
436 5458 586 5515 Psal.
621 5474 779 5526 LXIII,
809 5459 864 5516 2.
942 5461 984 5496 ἰι
1019 5460 1180 5518 Psal.
1208 5476 1302 5528 xc,
1337 5464 1385 5529 5,
1421 5464 1473 5518 6.

1549 5461 1594 5497 ⁴¹
1622 5463 1792 5517 Rom.
1833 5476 1956 5533 vni,
1986 5461 2077 5516 31.

2064 2129 2247 2185 Didici
2280 2131 2358 2185 ab
2389 2146 2460 2185 eo
2491 2130 2583 2185 cui
2612 2130 2797 2200 probe
2826 2135 2963 2186 nota
3004 2145 3095 2184 res
3137 2135 3281 2194 erat,
3324 2129 3531 2185 dolore
3575 2135 3659 2184 ta-

2004 2224 2163 2274 ctam
2187 2236 2313 2274 esse
2332 2220 2724 2274 reverentiam
2754 2224 2941 2283 tuam,
2973 2234 3045 2274 eo
3069 2218 3232 2290 quod
3265 2234 3384 2273 una
3408 2219 3482 2273 de
3498 2234 3662 2273 soro-

2003 2307 2170 2362 ribus
2205 2325 2234 2361 a
2280 2312 2487 2363 sancta
2519 2308 2981 2376 congregatione
3031 2312 3130 2362 tua
3176 2306 3450 2362 abscindi
3482 2307 3661 2377 velitt;

2004 2413 2198 2469 neque
2224 2398 2333 2452 abs
2364 2414 2424 2452 re
2465 2397 2730 2468 profecto
2762 2397 2857 2452 hic
2895 2396 3086 2452 dolor.
3121 2398 3250 2462 Quo
3280 2397 3437 2451 enim
3482 2401 3657 2466 pacto

2006 2486 2209 2541 anima
2235 2502 2349 2541 non
2366 2486 2566 2541 doleat
2582 2502 2718 2541 cum
2736 2487 3044 2557 proprium
3071 2485 3408 2541 membrum
3431 2500 3656 2540 reseca-

2006 2582 2099 2631 tur
2128 2574 2156 2629 ?
2187 2576 2604 2631 Verumtamen
2638 2576 2781 2646 quia
2808 2576 2934 2630 haec
2965 2590 3070 2646 per
3109 2576 3227 2629 vim
3274 2575 3653 2642 contingunt,

2007 2669 2184 2735 atque
2210 2681 2281 2719 ex
2300 2664 2454 2718 illius
2485 2664 2885 2735 improbitate.
2920 2664 3018 2734 qui
3051 2663 3299 2720 insidias
3326 2664 3496 2718 struit
3519 2663 3658 2717 ﬁliis

2006 2753 2456 2823 inobedientiae;
2476 2768 2699 2821 magno
2726 2754 2930 2807 animo
2948 2768 3057 2806 nos
3084 2753 3231 2806 ferre
3253 2759 3505 2821 oportet,
3533 2768 3662 2806 om-

2008 2859 2286 2914 nemque,
2303 2842 2506 2914 quoad
2530 2843 2677 2897 ratio
2700 2858 2844 2897 vera
2860 2841 3529 2912 prmcipit,diligentiam
3554 2840 3660 2896 ad-

2006 2931 2230 2995 hibere,
2282 2936 2341 2985 ut
2362 2930 2708 2985 innocentes
2750 2932 2936 2984 simus
2968 2946 3001 2983 a
3033 2930 3325 2999 sanguine
3354 2929 3536 2999 hujus
3568 2930 3657 2984 vel

2006 3020 2183 3083 illius,
2218 3035 2320 3073 seu
2349 3019 2528 3073 frater
2560 3020 2900 3074 nominetur
2925 3034 3028 3072 seu
3058 3034 3243 3073 soror.
3275 3019 3431 3074 Scire
3462 3023 3664 3073 autem

2006 3108 2294 3179 quaesiisti
2322 3123 2397 3163 an
2423 3113 2589 3163 extra
2604 3107 2845 3178 culpam
2862 3106 3058 3161 futura
3094 3108 3166 3161 sit
3186 3107 3517 3161 reverentia
3538 3111 3661 3169 tua,

2006 3198 2053 3252 si
2091 3213 2355 3253 sororem
2392 3196 2555 3251 illam
2587 3197 2845 3251 dimittat
2889 3212 3023 3267 qua:
3057 3195 3363 3251 contendit
3411 3211 3515 3265 per
3544 3195 3667 3250 vim

2007 3287 2185 3341 exire.
2224 3289 2287 3341 Et
2316 3286 2629 3357 quomodo
2661 3291 2742 3349 tu,
2776 3301 2912 3339 cum
2959 3284 3199 3355 sapiens
3243 3284 3321 3338 sis
3366 3289 3422 3339 et
3464 3283 3666 3339 intelli-

2007 3391 2173 3444 gens,
2199 3391 2321 3431 non
2337 3391 2442 3446 per
2459 3375 2714 3447 teipsam
2727 3373 3021 3428 discernis
3036 3373 3181 3444 quid
3199 3374 3353 3428 facto
3373 3373 3446 3427 sit
3467 3388 3621 3444 opus
3637 3373 3666 3429 7

2009 3468 2179 3533 Ergo,
2219 3481 2327 3519 nec
2359 3464 2459 3519 tibi
2493 3462 2606 3533 ipsi
2641 3463 2963 3532 magistrae,
2998 3478 3106 3517 nec
3156 3462 3483 3533 discipulae,
3514 3463 3669 3534 peri-

2011 3554 2148 3610 culo
2179 3559 2374 3619 vacat,
2415 3569 2553 3624 quas
2586 3556 2798 3623 sponte
2839 3552 2946 3606 ﬁat
2985 3552 3302 3623 separatio.
3349 3553 3478 3617 Quo
3509 3552 3668 3607 enim

2010 3643 2191 3698 modo
2221 3648 2321 3697 aut
2352 3641 2511 3697 unde
2542 3640 2756 3696 rationi
2788 3643 3377 3696 esset'consentanea
3402 3642 3431 3694 7
3452 3643 3598 3696 Nam
3622 3640 3670 3696 si

2003 3732 2129 3803 jam
2164 3731 2425 3802 perfecta
2454 3736 2511 3785 et
2556 3734 2977 3785 consummata
3009 3735 3098 3783 est
3140 3728 3457 3799 discipula,
3487 3734 3550 3783 ut
3580 3745 3672 3785 so-

2011 3821 2246 3876 roribus
2277 3820 2407 3875 aliis
2440 3819 2663 3890 praeﬁci
2687 3823 2982 3889 posset,et
3002 3834 3037 3873 a
3064 3833 3338 3874 sororum
3361 3818 3669 3873 communi

2011 3910 2323 3981 expetitur,
2366 3908 2732 3979 dispensatio
2774 3908 2901 3962 haec
2954 3913 3065 3975 est,
3112 3907 3265 3962 sicut
3295 3907 3377 3962 ait
3426 3913 3669 3962 sanctus

2012 3999 2283 4064 Basilius,
2330 4004 2383 4053 et
2419 4014 2539 4053 non
2591 3997 2910 4051 dissidium
2947 4013 2961 4063 ;
3003 3996 3177 4051 absit.
3230 3996 3445 4067 Utique
3484 3996 3563 4051 ab
3597 4011 3669 4051 eo

2011 4088 2175 4158 quod
2196 4089 2330 4159 quis
2356 4087 2472 4141 sub
2501 4085 2754 4156 imperio
2783 4086 2887 4140 rite
2914 4084 3106 4149 fuerit,
3142 4085 3410 4140 ascendit
3438 4092 3498 4139 ut
3528 4085 3670 4153 legi-

2014 4178 2152 4231 time
2178 4176 2450 4247 imperet.
2495 4176 2757 4246 Indeque
2788 4173 3099 4229 sodalibus
3153 4174 3316 4228 bona
3364 4174 3669 4230 aemulatio

2013 4266 2292 4322 tendendi
2327 4265 2402 4321 ad
2431 4264 2878 4336 perfectionem,
2909 4264 3193 4335 idemque
3222 4263 3440 4333 agendi
3472 4279 3660 4334 quam

2014 4356 2458 4411 accuratissime
2487 4370 2499 4408 :
2529 4353 3023 4426 quandoquidem
3059 4352 3283 4408 amoris
3311 4368 3453 4420 erga
3483 4369 3546 4407 se
3569 4369 3663 4408 ar-

1760 4465 1771 4475 -
1832 4443 1901 4496 Ei
1938 4449 1980 4503 D
2014 4448 2368 4513 gumentum
2415 4443 2703 4499 Dominus
2740 4448 2799 4497 et
2832 4445 2982 4497 Deus
3030 4447 3226 4497 noster
3256 4441 3666 4512 apostolorum

2013 4534 2329 4604 corypher
2353 4532 2634 4587 exhibens
2666 4532 2747 4586 ait
2778 4548 2791 4585 :
2823 4531 2891 4587 Si
2915 4530 3114 4600 diligis
3136 4546 3250 4596 me,
3270 4545 3451 4600 pasce
3480 4546 3666 4600 agnos

2013 4639 2166 4679 meos
2191 4624 2258 4674 “.
2288 4622 2351 4676 Et
2389 4622 2600 4676 iterum
2636 4639 2648 4675 :
2691 4622 2870 4676 Pasce
2908 4635 3039 4675 oves
3086 4634 3245 4675 meas
3285 4620 3352 4683 δι’,
3391 4628 3453 4676 ut
3482 4620 3530 4674 is
3561 4619 3667 4692 qui

2012 4714 2126 4768 isto
2157 4710 2691 4779 consilioegressus
2718 4714 2806 4764 est
2832 4709 2909 4765 ad
2933 4708 3328 4778 pascendum,
3346 4709 3557 4763 beatus
3572 4710 3666 4774 sit,

2013 4802 2309 4858 Christum
2324 4800 2563 4855 imitans
2580 4814 2784 4853 verum
2802 4798 3161 4869 principem,
3182 4797 3445 4866 primum
3471 4803 3668 4868 pasto-

2010 4908 2164 4946 rum.
2200 4892 2297 4945 Est
2340 4905 2519 4959 porro
2569 4893 2623 4943 et
2654 4887 2838 4943 altera
2886 4885 3276 4957 dispensatio.
3329 4902 3465 4957 qua:
3498 4886 3661 4956 apud

2011 4980 2206 5034 Patres
2246 4982 2483 5032 nostros
2524 4976 2826 5032 cernitur:
2874 4975 3121 5047 quando
3163 4974 3367 5029 anima
3421 4973 3667 5044 ingenio

2010 5068 2400 5139 moribusque
2431 5066 2711 5131 difﬁcilis,
2747 5070 2882 5136 post
2906 5063 3154 5119 multam
3187 5067 3243 5117 et
3266 5062 3512 5131 longam
3540 5062 3666 5120 dili-

2007 5158 2292 5228 gentiam,
2309 5157 2385 5212 ad
2407 5156 2586 5211 aliam
2612 5154 3160 5224 congregationem,
3194 5156 3484 5224 tanquam
3508 5154 3665 5209 utilis

2005 5246 2088 5301 ibi
2119 5245 2337 5307 futura.
2375 5244 2623 5299 transire
2637 5242 2938 5312 delegerit,
2969 5240 3257 5296 arborum
3282 5240 3401 5295 ritu
3424 5256 3559 5311 quas
3583 5241 3662 5298 ab

2006 5351 2127 5390 uno
2158 5335 2216 5389 in
2239 5335 2424 5391 alium
2448 5332 2647 5389 locum
2672 5330 3203 5402 transplantantur.
3228 5328 3297 5385 Et
3322 5328 3435 5385 hoc
3456 5345 3596 5402 ergo
3618 5329 3669 5385 si

2153 5458 2196 5493 “
2228 5459 2370 5514 Luc.
2421 5454 2604 5524 x,19.
2680 5454 2728 5490 “
2748 5453 2923 5513 Joan.
2974 5468 3091 5521 nl,
3148 5453 3236 5510 15.
3312 5453 3361 5491 “
3385 5452 3537 5510 Ibid.
3568 5454 3662 5511 17.

1866 5563 2099 5622 NOTAE.

373 5634 484 5708 (90)
523 5638 590 5693 In
619 5633 756 5693 cod.
788 5636 927 5707 Reg.
959 5631 1108 5709 ρνθθ.
