4058 6274
473 289 612 346 1593

464 510 588 560 tum
619 521 690 560 ea
719 521 856 577 qum
887 506 1147 573 dimittit,
1183 514 1306 564 tum
1337 525 1555 582 eaquae
1578 510 1806 582 recipit,
1826 511 2112 581 adjuvan-

461 592 620 648 tibus
645 610 708 648 se
735 599 959 659 mutuo,
985 601 1046 651 ut
1075 597 1472 668 apostolicum
1490 599 2112 671 praeceptumimplea-

463 685 556 737 tur
589 699 601 737 :
635 684 807 740 Alter
834 684 1086 741 alterius
1117 702 1299 743 onera
1327 694 1568 758 portate
1593 695 1646 744 et
1679 690 1763 746 sic
1793 689 2111 758 adimplete

463 772 649 841 legem
682 772 910 828 Christi
940 775 1007 828 ιδ.

527 860 719 917 Aliam
762 878 902 918 vero
937 864 1377 934 separationem
1424 882 1544 921 non
1589 868 1813 939 recepit
1856 867 2109 924 verbum

461 949 953 1007 veritatis.Primo
982 953 1247 1024 quidem,
1276 955 1422 1026 quia
1437 955 1830 1027 disrumpitur
1851 971 2108 1012 conven-

459 1037 541 1093 tio
583 1039 833 1110 Spiritus
870 1041 1076 1106 sancti,
1110 1057 1245 1113 quaa
1285 1059 1488 1098 coram
1521 1045 1638 1099 Deo
1669 1049 1726 1101 et
1763 1045 2110 1101 hominibus

459 1127 750 1182 celebrata
791 1134 882 1183 est
926 1129 985 1184 in
1019 1133 1348 1188 monastica
1375 1133 1743 1204 professione
1777 1154 1788 1193 :
1816 1151 1938 1206 quo
1963 1133 2111 1206 quid

458 1231 586 1270 esse
614 1221 805 1286 potest
828 1219 1220 1289 perniciosius
1241 1219 1269 1275 7
1292 1223 1354 1276 Et
1382 1239 1517 1277 vero
1534 1223 1790 1295 quadrat
1813 1224 1905 1278 hic
1930 1224 2109 1278 etiam

457 1304 708 1360 verbum
746 1308 977 1362 Domini
1011 1325 1023 1362 :
1070 1309 1221 1376 Quos
1253 1312 1407 1366 Deus
1426 1312 1763 1381 conjunxit,
1797 1313 1968 1369 homo
1990 1329 2109 1368 non

454 1402 680 1463 separet
711 1397 779 1450 ‘7.
810 1399 958 1452 Nam
990 1399 1036 1452 si
1079 1399 1179 1464 ibi,
1233 1400 1462 1456 tametsi
1492 1401 1551 1454 in
1601 1401 1824 1456 carnali
1855 1403 2111 1474 conjun-

454 1483 668 1548 ctione,
687 1484 1000 1542 interdicta
1015 1491 1103 1542 est
1123 1489 1442 1560 separatio,
1462 1505 1624 1561 quan
1636 1497 1692 1544 to
1709 1492 1899 1560 magis
1921 1491 1980 1546 in
1995 1492 2108 1563 spi-

459 1571 651 1628 rituali
685 1574 1073 1644 copulatione
1095 1575 1123 1629 7
1149 1577 1265 1631 nisi
1290 1576 1437 1632 forte
1464 1576 1689 1634 ludicra
1708 1585 1847 1633 sunt
1867 1579 2103 1635 divina:

458 1661 562 1716 sed
594 1661 767 1717 absit.
804 1663 1014 1718 Fidelis
1048 1671 1132 1720 est
1161 1667 1516 1722 sacramenti
1553 1683 1762 1732 sermo,
1789 1673 1913 1723 tum
1935 1668 1995 1723 in
2019 1684 2108 1723 re-

1732 295 1790 351 S.
1833 293 2200 352 THEODORI
2240 293 2564 351 STUDITE

463 412 691 483 feceris,
743 415 948 472 subest
995 417 1196 492 aliqua
1250 419 1446 476 ratio:
1499 421 1763 492 utrisque
1815 421 2102 490 videlicet,

2217 440 2514 488 ποεησειας,
2545 422 2658 492 ἔχει
2691 421 2806 472 τινὰ
2833 418 2984 490 λόγον
3018 436 3029 448 ⁸

3685 296 3828 351 1596

3088 418 3384 494 ἀμφοτέρων
3422 417 3683 488 δηλονότι,
3729 428 3829 482 τῆς

2218 529 2272 562 τε
2318 506 2669 570 ἓπιδιδούσης
2719 513 2802 561 καὶ
2848 517 2943 570 τῆς
2991 505 3386 580 ἐπιδεχομένης,
3445 515 3827 584 συναιρομένων

2220 597 2484 665 ἀλλήλαις,
2556 599 2916 670 πληρουμένου
2958 606 3066 650 ’τοῦ
3124 597 3470 653 ἀποστολικοῦ
3522 600 3824 673 παραγγέλ-

2219 707 2380 760 ματος
2413 709 2426 721 ⁸
2479 687 2795 746 Ἀλλήλων
2826 689 2900 739 τὰ
2950 686 3120 762 βάρη
3155 685 3544 761 βαστάζετε,
3585 695 3690 742 καῖ
3731 689 3827 741 ού-

2229 795 2343 836 τως
2394 775 2918 849 ἀναπληρώσατε
2965 779 3070 828 τόν
3127 781 3314 848 νόμον
3353 785 3465 830 τοῦ
3504 785 3825 852 Χριστοῦ.

2292 865 2481 920 ”Αλλον
2537 863 2596 919 δε
2643 869 2922 938 χωρισμὸν
2977 866 3070 918 οῦκ
3127 863 3433 938 ἐπιδέχεται
3464 869 3489 918 6
3525 867 3678 939 λόγος
3727 875 3825 930 τῆς

2221 953 2481 1017 ἀληθείας.
2543 962 2750 1030 Πρῶτον
2801 959 2911 1027 μὲν,
2970 957 3050 1008 ὅτι
3100 957 3129 1014 ἡ
3191 954 3456 1028 σύμϐασις
3515 964 3605 1009 τοῦ
3667 956 3824 1027 ἁγίου

2222 1047 2522 1116 Πνεύματος
2612 1043 2910 1098 διασπᾶται
2966 1046 2996 1103 ἡ
3047 1045 3536 1117 καθομολογηθεῖσα
3610 1048 3824 1098 ἐνώπιον

2224 1141 2358 1187 Θεοῦ
2403 1139 2492 1187 καὶ
2541 1133 2834 1208 ἀνθρώπιον
2875 1133 2958 1186 ἐπὶ
3013 1142 3075 1207 τῇ
3117 1143 3383 1208 μοναχικῇ
3420 1134 3680 1188 τελειώσει
3713 1156 3726 1168 ⁸
3763 1135 3824 1188 οὗ

2221 1227 2271 1274 τί
2326 1224 2386 1275 ἄν
2444 1226 2521 1281 εῖη
2579 1222 2981 1297 όλεθριώτερον;
3038 1228 3139 1276 Καί
3195 1243 3255 1294 γε
3307 1223 3525 1296 ὁιρμόζει
3555 1223 3826 1276 κάνταῦθα

2220 1311 2426 1384 ὀλόγος
2468 1319 2559 1364 τοῦ
2627 1316 2821 1385 Κυρίου
2863 1327 2876 1340 ⁸
2913 1311 3038 1373 Οῦς
3093 1314 3117 1363 6
3168 1316 3328 1374 Θεὸς
3383 1312 3658 1379 ἔζευξεν,
3718 1314 3823 1364 οἰν-

2223 1403 2470 1474 θρωπος
2509 1405 2590 1473 μὴ
2637 1400 3075 1474 χωριζέτω.Εί
3101 1403 3202 1474 γὰρ
3236 1400 3357 1466 έκεῖ,
3388 1405 3560 1454 καίτοι
3580 1400 3663 1454 ἆπὶ
3695 1421 3827 1474 σαρ-

2218 1497 2339 1562 κικῇ
2366 1489 2556 1555 ζεύξει,
2587 1488 2940 1563 ἀπηγόρευται
2971 1492 2997 1542 6
3027 1495 3301 1564 χωρισμός
3333 1507 3346 1521 ⁸
3371 1496 3517 1562 πόσῳ
3542 1511 3597 1563 γε
3628 1491 3822 1563 μᾶλλον

2219 1577 2302 1631 ἐπὶ
2332 1586 2654 1651 πνευματικῇ
2703 1583 3001 1650 συναφείᾳ;
3045 1579 3089 1632 εἰ
3133 1584 3204 1651 μή
3255 1599 3304 1631 τι
3348 1581 3452 1652 ἄρα
3479 1580 3722 1640 παίζεται
3752 1584 3824 1633 τὸι

2221 1669 2364 1720 θεῖα⁸
2418 1667 2525 1720 ἀλλ’
2574 1668 2785 1739 ἄπαγεί
2849 1672 3034 1729 πιστὸς
3087 1669 3112 1719 6
3151 1668 3299 1740 λόγος
3352 1676 3442 1720 τοῦ
3495 1675 3820 1739 μυστηρίου,

457 1750 745 1806 missione
777 1758 1178 1823 peccatorum,
1204 1759 1329 1810 tum
1359 1755 1682 1825 injvinculo
1710 1757 2102 1813 indissolubili

2219 1754 2303 1808 έπί
2349 1776 2403 1809 τε
2437 1755 2614 1829 ἀφέσει
2652 1765 2751 1808 τῶν
2789 1757 3184 1830 ἡμαρτημένων,
3245 1759 3329 1810 ἐπί
3368 1777 3422 1810 τε
3479 1755 3660 1831 δεσμῷ
3690 1759 3823 1812 ἀλύ-

457 1840 916 1909 conjunctionis.
938 1842 1156 1898 Deinde
1184 1845 1492 1916 quomodo
1515 1860 1636 1900 non
1658 1844 1992 1901 offendetur
2019 1863 2109 1904 so-

454 1944 660 1984 rorum
683 1932 1066 2002 congregatio
1098 1949 1169 1987 ex
1187 1949 1310 2004 qua
1341 1933 1634 2002 avellitur,
1661 1934 1706 1988 si
1738 1935 1914 2007 culpa
1941 1942 2110 1993 vacet

454 2017 554 2073 illa
567 2033 702 2090 quas
715 2034 748 2074 a
776 2021 1082 2091 proposita
1098 2021 1412 2077 dimittitur
1435 2023 1463 2079 ?
1490 2038 1559 2078 ac
1573 2038 1692 2078 non
1709 2025 1904 2094 potius
1921 2023 2107 2080 abdu-

455 2113 619 2162 cetur
648 2107 726 2162 ad
739 2107 1057 2164 dissidium
1075 2109 1254 2166 simili
1284 2110 1480 2166 studio
1505 2112 1788 2174 abscissa,
1809 2128 1967 2168 nunc
1981 2113 2109 2168 haec

453 2197 847 2266 postmodum
879 2197 1082 2264 altera,
1121 2204 1175 2255 et
1216 2215 1336 2255 non
1371 2200 1559 2256 multo
1592 2207 1730 2272 post
1761 2201 1876 2257 alia
1914 2202 1998 2271 (et
2026 2203 2108 2258 sic

451 2285 751 2355 integrum
771 2286 985 2342 Christi
1007 2304 1228 2360 corpus
1257 2289 1571 2362 disperibit
1595 2291 1951 2363 penitusque
1977 2307 2107 2347 cor-

450 2375 812 2446 rumpetur),
865 2392 902 2430 a
945 2376 1152 2447 primis
1202 2378 1543 2434 carceribus
1572 2380 1668 2436 vix
1716 2395 1960 2449 egressa
1989 2381 2017 2436 ?
2047 2383 2106 2436 Et

453 2463 889 2519 maledictionis
915 2471 1002 2520 est
1031 2466 1246 2534 haeres,
1276 2467 1575 2523 utclamat
1595 2475 1837 2524 sanctus
1863 2469 2108 2524 Basilius

452 2567 587 2624 quae
621 2558 808 2608 totum
838 2553 953 2608 hoc
968 2555 1196 2610 malum
1224 2560 1550 2627 perpetrat:
1575 2572 1768 2630 neque
1799 2558 1960 2613 enim
1983 2564 2106 2614 sta-

449 2639 758 2708 bilitatem,
791 2657 900 2698 nec
924 2643 1120 2698 basim
1153 2645 1420 2710 habebit,
1453 2661 1648 2716 neque
1672 2648 2107 2702 monasterium

452 2733 641 2794 tuum,
665 2747 861 2803 neque
887 2731 1049 2787 aliud
1065 2749 1242 2804 porro
1265 2733 1366 2788 ubi
1398 2733 1458 2789 id
1486 2734 1613 2790 fiat.
1647 2735 1842 2800 Quare
1864 2737 1968 2806 qui
1985 2752 2106 2792 non

448 2817 635 2873 credit
664 2835 785 2874 non
816 2821 1018 2876 credat
1048 2839 1062 2887 ;
1095 2827 1149 2876 et
1179 2823 1279 2894 qui
1303 2822 1505 2896 inique
1537 2823 1677 2893 agit,
1703 2823 1905 2896 inique
1944 2830 2104 2894 agat,

451 2906 1083 2979 sicutscriptumest“.
1113 2913 1195 2966 Tu
1228 2927 1367 2968 vero
1382 2928 1626 2967 servans
1640 2928 1811 2968 serva
1838 2915 2105 2970 animam

452 3000 636 3062 tuam,
693 3014 812 3054 non
865 2999 1156 3070 abjiciens
1211 3000 1372 3070 leges
1406 3001 1525 3067 Dei,
1560 3001 1664 3057 sed
1700 3001 1960 3056 innitens
2001 3004 2104 3058 do-

448 3086 648 3142 ctrinis
677 3094 1044 3154 sanctorum,
1073 3106 1333 3162 quorum
1361 3091 1592 3161 primus
1639 3089 1696 3145 in
1730 3091 1820 3146 his
1853 3106 2103 3161 magnus
2142 3120 2182 3177 ρ
2213 3099 2304 3144 τοῦ
2349 3099 2482 3146 Θεοῦ
2515 3105 2526 3118 ·

449 3174 724 3230 Basilius:
755 3177 990 3232 etiamsi
1015 3194 1150 3233 cum
1201 3178 1440 3234 duabus
1482 3185 1584 3235 aut
1625 3179 1814 3234 tribus
1858 3180 2101 3250 virgini-

445 3263 560 3318 bus
597 3264 699 3320 tibi
745 3267 1052 3336 contingat
1081 3267 1277 3322 vivere
1313 3268 1324 3322 !
1367 3268 1476 3325 Ubi
1515 3268 1661 3324 enim
1695 3274 1832 3324 sunt
1860 3269 1974 3324 duo
2009 3271 2101 3326 vel

448 3359 564 3409 tres
589 3354 652 3409 in
706 3356 945 3411 nomino
976 3373 1122 3422 meo,
1154 3357 1348 3429 inquit
1403 3357 1714 3423 Dominus,
1749 3357 1830 3412 ibi
1858 3374 1988 3414 sum
2039 3361 2099 3415 in

414 3442 635 3499 *medio
664 3445 956 3515 eorum“;
993 3462 1112 3501 non
1137 3450 1339 3502 autem
1366 3461 1504 3501 cum
1527 3447 1737 3518 iniqua
1759 3447 2098 3517 agentibus,

447 3535 504 3586 et
536 3533 584 3587 si
614 3532 813 3589 decies
838 3534 996 3590 mille
1029 3535 1164 3589 sint.

837 3657 1082 3714 CXCVII.
1117 3690 1184 3700 —
1229 3659 1520 3716 Dorotheo
1553 3661 1701 3728 ﬁlio.

2217 1865 2288 1917 τῳ
2331 1854 2423 1907 τῆς
2477 1851 2774 1918 συναφείας.
2828 1845 3046 1899 Ἔπειτα
3098 1853 3204 1907 πὼς
3257 1843 3738 1920 οἰκοδομηθήσεται
3784 1850 3818 1907 ἦ

2219 1931 2509 2008 ἀδελφότης
2564 1934 2618 1998 ἐξ
2673 1937 2730 1996 ἧς
2789 1933 3194 2010 ἀπορῥήγνυταε,
3261 1937 3398 2010 εἰπερ
3459 1936 3727 2000 ἀνεύθυνος
3786 1933 3819 2010 ᾖ

2217 2024 2246 2081 ἡ
2308 2023 2654 2096 ἀπολελυμένη
2715 2027 2857 2099 παρὰ
2912 2032 3000 2084 τῆς
3047 2026 3490 2098 καθηγουμένηςς
3553 2031 3641 2079 καὶ
3687 2027 3824 2098 οῦχὶ

2216 2111 2406 2184 μᾶλλον
2446 2113 2822 2184 ύπαχθήσεται
2871 2112 2942 2174 εἰς
2994 2110 3278 2166 διάστασιν
3335 2121 3406 2184 τῷ
3456 2115 3615 2186 ὁμοίῳ
3672 2115 3819 2187 ζήλῳ

2215 2205 2518 2274 τεμνομένη,
2568 2209 2658 2254 νῦν
2713 2205 2802 2274 μεν
2876 2202 3029 2268 αῦτη,
3086 2205 3218 2277 πρὸς
3263 2198 3321 2255 δὲ
3378 2206 3436 2256 τὸ
3477 2203 3595 2266 ἐξῆς
3646 2202 3819 2279 ἑτέρα,

2215 2295 2306 2343 καὶ
2345 2292 2456 2364 μετ’
2505 2290 2562 2342 οῦ
2611 2289 2740 2342 πολὺ
2789 2290 2915 2349 ἄλλη
2974 2293 3082 2352 (καὶ
3131 2291 3265 2343 οῦτω
3317 2295 3374 2343 τό
3437 2291 3610 2364 ἄρτιον
3663 2301 3824 2365 σῶμα

2214 2387 2304 2433 τοῦ
2355 2386 2591 2452 Χριστοῦ
2649 2379 2932 2451 οἰχήσεται
2980 2384 3064 2431 καὶ
3097 2377 3520 2453 διαφθαρήσεται
3547 2381 3818 2453 πάμπαν),

2216 2467 2273 2521 ἐκ
2329 2476 2420 2528 τῆς
2477 2472 2688 2542 πρώτης
2751 2465 3006 2540 βαλϐίδος
3086 2468 3492 2542 ἀφορμηθεῖσα;
3569 2475 3659 2522 καὶ
3722 2478 3819 2522 τοῦ

2217 2557 2334 2610 οῦαὶ
2365 2557 2704 2630 κληρονόμος,
2738 2561 2802 2618 ως
2844 2555 2945 2630 βοᾷ
2975 2559 3000 2609 6
3048 2557 3201 2629 ἅγιος
3237 2558 3525 2623 Βασίλειος,
3580 2560 3609 2616 ἡ
3663 2566 3820 2611 τοῦτο

2215 2646 2327 2698 ὃλον
2357 2649 2415 2698 τό
2453 2649 2612 2698 κακὸν
2665 2645 3081 2720 ἀπεργαζομένη.
3139 2646 3272 2699 Οῦτε
3299 2649 3400 2722 γὰρ
3435 2649 3641 2712 στάσιν,
3700 2651 3822 2700 οῦτε

2217 2734 2377 2808 βάσιν
2423 2734 2537 2798 ἃξει,
2603 2738 2720 2788 οῦτε
2772 2737 2801 2794 ἡ
2865 2739 2930 2793 σὴ
2989 2740 3144 2807 μονή,
3217 2739 3329 2788 οὔτε
3365 2735 3531 2809 ἑτέρα,
3572 2738 3601 2795 ἠ
3655 2737 3820 2799 οὕτως

2216 2826 2541 2899 πράττουσα.
2572 2823 2731 2877 Ὠστε
2789 2826 2814 2876 6
2856 2823 3100 2890 ἀπειθῶν,
3161 2822 3436 2878 ἀπειθείτω
3461 2842 3474 2855 ⁸
3528 2831 3618 2878 καὶ
3649 2827 3675 2877 6
3703 2824 3819 2879 ἀνο-

2214 2922 2322 2985 μῶν
2356 2912 2625 2986 ἀνομείτω,
2659 2917 2794 2966 κατὰ
2831 2917 2888 2965 τὸ
2935 2918 3308 2988 γεγραμμένον.
3355 2918 3420 2967 Σὺ
3473 2911 3532 2968 δε
3565 2919 3816 2978 σώζουσα

2217 3006 2352 3066 σωζε
2397 3007 2488 3061 τήν
2534 3003 2721 3064 ἑαυτῆς
2765 3001 2972 3074 ψυχὴν,
3026 3007 3096 3074 μή
3148 3007 3423 3076 προϊεμένη
3455 3007 3576 3066 τοὺς
3624 3008 3816 3076 νόμους

2609 3090 2716 3143 ἀλλ’
2763 3094 3100 3164 ἓρηρεισμένη
3175 3091 3221 3144 έν
3271 3099 3382 3153 ταῖς
3439 3089 3818 3154 διδασκαλίαις

2213 3188 2311 3232 τῶν
2341 3179 2501 3251 ἁγίων
2536 3198 2546 3210 ⁸
2584 3178 2649 3232 ὧν
2681 3188 2881 3252 πρῶτος
2909 3181 2957 3232 ἐν
2991 3183 3189 3244 τούτοις
3234 3183 3258 3234 ὁ
3290 3185 3452 3254 μέγας
3495 3181 3765 3244 Βασίλειος
3794 3197 3808 3210 ⁸

2211 3271 2307 3321 κᾶν
2350 3272 2481 3342 μετά
2530 3265 2677 3322 δυοῖν
2709 3271 2738 3329 ἡ
2797 3279 2952 3344 τριῶν
2998 3271 3262 3344 παρθένων
3316 3272 3522 3343 φθάσης
3597 3271 3769 3344 συξῇν
3798 3290 3814 3304 ⁸

2208 3357 2404 3411 Ὅπου
2457 3360 2574 3433 γάρ
2632 3359 2760 3410 εἰσι
2819 3355 2933 3410 δύο
2993 3360 3021 3418 ἡ
3067 3367 3236 3432 τρεῖς
3289 3358 3346 3412 ἐν
3399 3368 3483 3431 τῷ
3537 3359 3815 3432 ὀνόματί

2209 3466 2346 3519 μου,
2378 3448 2577 3519 φησὶνό
2613 3450 2821 3519 Κύριος,
2852 3447 2987 3500 ἐκεῖ
3032 3447 3167 3520 εἰμι
3215 3446 3272 3499 ἐν
3329 3452 3497 3521 μέσῳ
3542 3449 3757 3501 αὐτῶν
3791 3470 3806 3484 ·

2210 3535 2268 3588 οῦ
2299 3541 2402 3608 μὴν
2433 3540 2564 3608 μετὰ
2587 3539 3040 3609 παρανομούντων,
3073 3538 3168 3588 κᾶν
3195 3541 3370 3612 μυρίοι
3405 3533 3554 3592 ὦσιν.

2385 3645 2511 3721 Ριὶῖ
2551 3660 2690 3732 (91).
2733 3690 2798 3701 -
2839 3663 3127 3733 Δωροθέῳ
3165 3665 3383 3732 τέκνῳ.
3428 3645 3628 3734 [ψ’γγᾌ]

822 3754 949 3818 Ejus
979 3757 1071 3819 qui
1101 3759 1223 3806 ante
1255 3760 1482 3807 mortem
1519 3758 1820 3821 resipuerit,
1853 3758 2419 3808 commemorationem
2455 3758 2511 3806 in
2536 3756 2763 3821 publicis
2793 3756 3042 3822 precibus
3069 3758 3182 3807 ﬁeri
3216 3756 3429 3807 debere.

511 3842 798 3913 Cognovi,
827 3844 1036 3900 dilecte
1067 3846 1170 3909 ﬁli,
1201 3847 1379 3902 etiam
1397 3863 1469 3902 ex
1499 3863 1570 3902 ea
1590 3863 1726 3919 quae
1761 3864 1950 3919 nuper
1991 3853 2099 3903 ate

446 3932 664 4004 scripta
691 3937 778 3988 est
807 3935 1086 4005 epistola,
1109 3935 1291 3990 ﬁdem
1322 3950 1465 4006 erga
1490 3952 1599 3991 nos
1628 3935 1885 3992 humiles
1914 3952 1985 3992 ac
2013 3936 2098 3992 di-

444 4019 758 4077 lectionem
791 4027 956 4078 tuam
985 4042 998 4091 ;
1034 4023 1198 4095 quod
1228 4025 1477 4095 quidem
1508 4025 1798 4080 indicium
1829 4031 1917 4080 est
1947 4040 2096 4080 verte

443 4111 865 4179 subjectionis;
907 4111 1012 4167 etsi
1042 4129 1160 4168 non
1202 4119 1544 4184 peccatores
1583 4119 1639 4168 et
1671 4113 1891 4169 nullius
1927 4113 2096 4184 pretii

445 4213 676 4253 sumus.
693 4201 752 4253 In
769 4216 892 4272 quo
917 4202 1143 4257 utinam
1157 4217 1501 4272 perseveres
1521 4203 1580 4257 in
1606 4203 2094 4273 posterum,bene

445 4287 691 4357 placens
732 4289 1001 4354 Domino,
1034 4296 1090 4346 et
1120 4291 1327 4346 virtute
1358 4290 1656 4346 collucens
1689 4291 1854 4362 apud
1885 4291 2095 4347 fratres

444 4381 596 4445 tuos,
640 4378 762 4432 imo
811 4379 989 4434 etiam
1026 4379 1190 4450 apud
1248 4379 1396 4435 alios
1453 4380 1691 4436 multos.
1744 4382 1973 4436 Bonum
2016 4379 2094 4434 si-

444 4465 689 4535 quidem
717 4472 930 4522 natura
974 4485 1083 4524 sua
1113 4469 1395 4524 occultari
1438 4485 1560 4524 non
1609 4469 1794 4536 solet;
1836 4469 1940 4524 sed
1967 4474 2094 4524 tum

444 4555 622 4610 etiam
651 4571 787 4611 cum
804 4555 985 4612 latere
1000 4557 1197 4628 magis
1221 4557 1470 4626 videtur,
1486 4559 1884 4629 conspicuum
1901 4557 2097 4613 reddit

444 4645 834 4714 Operarium;
885 4646 966 4702 ita
1005 4653 1066 4702 ut
1118 4647 1327 4702 civitas
1380 4647 1480 4702 Dei
1538 4647 1889 4718 appelletur,
1945 4647 2095 4703 sicut

445 4733 735 4804 scriptum
763 4742 850 4790 est
876 4737 935 4790 5°.
971 4737 1188 4790 Verum
1219 4735 1334 4791 hoc
1371 4735 1619 4806 quidem
1665 4736 1974 4794 hactenus.
2014 4739 2092 4791 De

445 4836 516 4876 eo
555 4827 755 4878 autem
785 4825 951 4895 quod
983 4824 1350 4894 signiﬁcasti,
1379 4824 1492 4880 hoc
1514 4830 1620 4887 est,
1646 4824 1720 4879 de
1748 4825 1902 4880 illius
1934 4841 2089 4880 com-

443 4913 877 4968 memoratione
899 4913 1202 4977 facienda;
1221 4913 1404 4968 debes
1421 4918 1614 4968 tecum
1634 4914 1760 4984 ipse
1777 4914 2090 4986 dispicere,

445 5002 630 5070 quod,
656 5000 704 5055 si
723 5001 780 5055 in
799 5010 1004 5066 morte,
1031 5018 1166 5057 cum
1183 5007 1356 5057 antea
1381 5001 1649 5057 humano
1681 5009 1899 5058 terrore
1925 5019 2089 5058 com-

446 5089 1066 5156 municassetheeresi,
1120 5090 1386 5146 substitit
1433 5089 1726 5146 conﬁtens
1773 5097 1829 5146 et
1868 5091 2091 5148 veluta

516 5286 566 5323 ⁴⁶
597 5287 784 5345 Galat.
815 5304 891 5354 vi,
919 5292 972 5344 2.
1049 5289 1095 5326 ‘7
1121 5288 1330 5347 Matth.
1367 5303 1488 5356 nx,
1522 5291 1574 5345 6.

1653 5290 1700 5327 ⁴⁸
1729 5293 1910 5362 Apoc.
1945 5305 2087 5357 χχιι,
2116 5291 2203 5347 lt.

2280 3846 2496 3917 Ἐγνων,
2564 3851 2736 3900 τέκνον
2792 3848 3146 3918 ἠγαπημένον,
3204 3851 3289 3899 καὶ
3344 3845 3400 3899 ἐκ
3475 3855 3571 3909 τῆς
3619 3845 3814 3921 ἀρτίως

2209 3941 2499 4010 γραφείσης
2532 3955 2624 3989 σου
2655 3935 2956 4000 ἐπιστολῆς,
3015 3940 3072 3988 τὸ
3121 3940 3252 4010 πρὸς
3300 3938 3436 4008 ἡμᾶς
3475 3940 3597 3998 τοὺς
3627 3956 3810 3991 ταπει-

2209 4028 2328 4088 νοὺς
2351 4031 2537 4077 πιστόν
2592 4043 2643 4077 τε
2695 4033 2783 4077 xui
2842 4024 3108 4096 ἀγαπητόν
3159 4045 3254 4078 σου
3288 4043 3300 4056 ⁸
3332 4025 3452 4098 ὅπερ
3484 4025 3592 4078 ἐστὶ
3623 4033 3816 4101 γνώρι-

2212 4133 2321 4186 σμα
2364 4113 2607 4174 ἀληθινῆς
2661 4115 2930 4185 ὑποταγῆς
2958 4132 2970 4144 ·
3049 4114 3092 4167 εἰ
3165 4121 3254 4167 καὶ
3303 4117 3452 4186 ἡμεῖς
3499 4115 3813 4189 ἁμαρτωλοὶ

2209 4208 2300 4256 καὶ
2351 4200 2648 4276 ούδαμινοί.
2703 4204 2812 4275 Ἐφ’
2959 4208 3048 4256 καὶ
3130 4205 3508 4276 συντηρηθείης
3563 4207 3692 4275 πρὸς
3749 4207 3810 4256 τὸ

2209 4291 2346 4359 ἑξῆς,
2393 4292 2679 4365 εύαρεστῶν
2753 4297 2948 4366 Κυρίῳ,
3009 4298 3098 4345 καὶ
3171 4290 3482 4364 διαλάμπων
3532 4301 3595 4364 τῇ
3649 4291 3806 4367 ἀρετῇ

2206 4381 2254 4433 έν
2299 4389 2359 4453 τῇ
2417 4378 2731 4454 ἀδελφοτητί
2784 4401 2901 4449 σου,
2980 4382 3038 4434 οῦ
3091 4386 3193 4453 μὴν
3251 4381 3378 4434 ἀλλά
3423 4386 3514 4435 καὶ
3560 4381 3811 4442 ένοῖλλοις

2203 4469 2436 4531 πολλοῖς.
2474 4473 2634 4524 Φύσιν
2682 4473 2783 4543 γὰρ
2817 4471 2910 4522 οὐκ
2935 4473 3048 4542 ἔχει
3083 4472 3404 4544 κρύπτεσθαι
3449 4474 3505 4523 τό
3557 4469 3756 4541 ἀγαθόν
3790 4488 3806 4501 ⁸

2205 4557 2333 4611 ἀλλὰ
2371 4563 2460 4611 καὶ
2497 4559 2685 4630 μᾶλλον
2737 4559 3000 4612 λανθάνειν
3052 4557 3260 4625 δοκοῦν,
3311 4557 3529 4617 εὔδηλον
3585 4562 3671 4611 τὸν
3728 4557 3811 4634 έρ-

2202 4651 2368 4718 γάτην
2416 4647 2839 4706 ἀποκαθίστησιν
2869 4666 2883 4681 ⁸
2943 4652 3010 4710 ὡς
3051 4648 3197 4701 πόλιν
3242 4656 3374 4702 Θεοῦ
3422 4649 3806 4720 χρηματίζειν,

2201 4740 2337 4790 κατά
2371 4741 2428 4789 τὸ
2459 4742 2838 4810 γεγραμμένον.
2871 4737 3030 4793 Ἀλλά
3066 4746 3218 4790 τοῦτο
3266 4740 3355 4809 μεν
3404 4737 3485 4789 ἐπὶ
3528 4745 3804 4790 τοσοῦτον.

2204 4831 2328 4898 Περὶ
2381 4823 2440 4879 δὲ
2496 4827 2559 4889 ἧς
2613 4827 2874 4898 ἐσήμανας
2927 4829 3238 4890 ὑποθέσεως,
3291 4827 3452 4896 ἤγουν
3499 4835 3588 4878 τοῦ
3635 4834 3806 4879 ποιεῖν

2199 4919 2408 4986 μνήμην
2462 4923 2552 4967 τοῦ
2612 4911 2802 4979 δεῖνος,
2858 4915 3072 4988 ὀφείλεις
3114 4914 3166 4978 ἐξ
3207 4916 3387 4968 ἑαυτου
3422 4920 3665 4989 συνορᾲν,
3722 4915 3810 4968 ὃτι

2203 5003 2246 5054 εἰ
2268 5006 2359 5074 μεν
2391 5003 2437 5054 ἐν
2471 5013 2542 5074 τῷ
2591 5007 2792 5076 θανάτῳ
2833 5013 3188 5079 προκοινωνῶν
3242 5003 3290 5056 ἐν
3345 5011 3407 5076 τῇ
3457 5006 3654 5078 αἱρέσει
3711 5001 3809 5058 διά

2200 5090 2353 5163 φόϐον
2401 5091 2720 5166 ἀνθρώπινόν
2762 5091 2874 5146 ἐστι
2917 5092 3252 5168 ἐξαγορεύων,
3299 5098 3384 5146 καὶ
3439 5095 3592 5146 οἱονεὶ
3632 5093 3807 5146 έπιτι-

2283 5294 2329 5329 “
2362 5294 2561 5351 Matth.
2594 5309 2749 5364 xvm,
2783 5295 2872 5352 20.
2949 5295 2999 5331 ⁸ο
3036 5293 3190 5350 Psal.
3227 5308 3398 5359 nvu,
3433 5297 3484 5352 9.

2014 5438 2240 5498 ΝΟΤιΕ.

517 5560 631 5632 (91)
665 5559 728 5615 In
755 5559 894 5618 cod.
927 5561 1066 5630 Reg.
1103 5558 1180 5617 α’.
