4058 6274
282 308 421 365 1597

1578 312 2084 370 EPISTOLARUM
2129 311 2267 368 LIB.
2305 309 2378 367 II.

3515 311 3656 369 1598

280 439 514 507 μώμενος
559 439 681 509 πρός
736 454 892 499 τινος,
949 430 1042 487 εἷθ’
1073 435 1229 496 οὕτως
1292 442 1387 497 τῆς
1432 434 1716 507 όρθοδόξου
1768 458 1871 490 κοι-

1991 438 2283 510 quopiam
2313 436 2667 505 castigatus,
2696 440 2876 509 atque
2898 438 2977 493 ita
3006 430 3355 493 orthodoxae
3387 452 3659 493 commu-

280 529 489 589 νωνίας,
536 528 626 576 καὶ
655 527 817 597 ταύτῃ
876 529 1177 582 συναπέπτη
1215 544 1226 555 ’
1284 528 1395 597 ἔχει
1449 529 1603 597 φύσιν
1654 529 1702 579 ἐν
1753 548 1882 599 μνη-

281 616 531 686 μοσύνοις
584 616 866 666 τάττεσθαι
916 611 1208 686 ὀρθοδοξων
1256 632 1268 644 ο
1325 624 1418 667 τοῦ
1477 616 1677 686 ἀγαθοῦ
1735 619 1880 688 ἡμῶν

283 711 438 767 Θεοῦ,
492 701 585 756 διά
638 704 822 760 πολλὴν
871 704 1279 776 φιλανθρωπίαν,
1321 704 1397 756 ἐπ’
1451 705 1615 767 αύτῆς
1661 714 1756 767 τῆς
1804 726 1881 758 τε-

282 794 523 855 λευταίας
590 794 726 865 ὧρας
782 791 1071 865 δεχομένου
1145 796 1232 845 τόν
1279 794 1733 867 μεταμελούμενον,
1792 801 1882 847 καὶ

282 880 387 935 ὧδε
432 883 589 934 αὐτὸν
640 888 920 955 κρίνοντος.
952 882 1114 935 Ὠστε
1146 884 1188 935 εἰ
1244 884 1407 946 οὕτως
1461 887 1672 956 ἐγένετο,
1718 893 1883 937 ποιεῖ-

285 974 411 1024 σθαι
460 972 787 1043 λειτουργίας
816 974 943 1046 ὑπὲρ
996 974 1156 1024 αὐτοῦ
1194 976 1326 1044 πρός
1379 977 1506 1026 Θεὸν
1537 974 1595 1025 οὐ
1626 994 1882 1045 παραιτη-

280 1064 413 1114 τέον.
468 1061 526 1114 Εἰ
587 1058 646 1113 δὲ
675 1058 825 1114 οὐδὲν
857 1064 1051 1113 τούτων
1082 1066 1305 1132 γέγονπ,
1358 1061 1486 1113 ἀλλὰ
1536 1072 1791 1114 κοινῶνῶν
1820 1061 1880 1121 ἦν

282 1158 348 1223 τῇ
410 1152 627 1224 αἱρέσει,
678 1155 767 1201 καὶ
798 1150 892 1202 οὐκ
946 1153 1135 1222 ἔφθασε
1184 1158 1470 1222 μετασχεῖν
1509 1160 1597 1204 τοῦ
1643 1158 1881 1223 σώματος

280 1244 370 1291 καὶ
433 1241 649 1311 αἵματος
708 1246 798 1290 τοῦ
856 1244 1049 1312 Κυρίου
1106 1257 1118 1269 ⁸
1174 1242 1423 1311 αἰρετικός
1486 1243 1587 1312 γὰρ
1642 1242 1667 1292 6
1722 1242 1880 1314 ἄρτος

281 1327 488 1389 ἐκεῖνος,
527 1334 617 1380 καὶ
665 1328 724 1380 οὐ
765 1336 917 1399 σῶμα
970 1336 1203 1401 Χριστοῦ
1256 1329 1355 1397 (ού
1403 1329 1680 1401 τολμητέον
1720 1331 1878 1383 εἰπεῖν

284 1417 494 1480 σύναξιν
551 1422 667 1490 περὶ
721 1421 883 1469 αὐτοῦ
933 1418 1139 1489 ποιεῖν)·
1203 1414 1327 1470 οὐδὲ
1380 1420 1482 1490 γὰρ
1540 1424 1759 1490 παίγνια
1813 1423 1880 1472 τὰ

282 1508 412 1561 θεῖα.
454 1506 536 1566 Ὠς
586 1506 645 1557 ἂν
685 1511 756 1578 μὴ
804 1506 1005 1578 ἀκούσῃ
1037 1509 1061 1558 6
1092 1507 1251 1559 αἰτῶν
1293 1512 1411 1579 περὶ
1456 1515 1547 1558 τοῦ
1596 1511 1874 1561 τοιούτουο

280 1596 553 1662 Αἰτεῖτε,
587 1602 688 1648 καὶ
732 1596 798 1648 ού
837 1595 1213 1667 λαμϐάνετε,
1248 1592 1424 1648 διότι
1453 1606 1660 1658 κακῶς
1692 1596 1875 1649 αἰτεῖ-

281 1687 407 1737 σθε.
442 1683 599 1738 ’Ἄλλο
634 1705 685 1736 τι
711 1685 873 1755 λέγειν
901 1685 994 1736 οὐκ
1020 1688 1149 1757 ἔχω,
1185 1687 1305 1737 ὅσον
1335 1688 1392 1736 τό
1423 1686 1535 1737 κατ’
1566 1684 1652 1757 ἐμὲ
1680 1692 1877 1757 γινώσ-

1989 527 2185 582 nionis
2211 526 2509 597 particeps
2540 524 2729 580 factus
2752 531 2858 588 est,
2876 527 2931 580 in
2957 542 3148 598 eaque
3172 526 3487 582 defunctus
3516 542 3655 582 con-

1991 622 2345 681 sentaneum
2369 620 2458 669 est
2481 615 2612 669 utin
2637 615 3104 671 orthodoxorum
3131 617 3653 672 commemoratio-

1989 706 2170 760 nibus
2196 705 2396 759 locum
2411 704 2649 765 habeat,
2666 703 2828 758 bono
2843 705 2959 759 Deo
2977 711 3185 760 nostro
3218 721 3323 775 per
3348 722 3651 761 summam

1991 794 2369 850 clementiam
2399 794 2457 847 in
2491 793 2702 847 ultima
2735 791 2831 847 illa
2860 793 3008 849 hora
3042 794 3430 864 pcenitentem
3459 796 3650 850 susci-

1992 885 2210 955 piente,
2244 883 2445 954 ibique
2483 898 2620 936 eum
2649 882 2974 950 judicante.
3002 884 3194 948 Quare
3252 884 3298 937 si
3334 884 3414 939 ita
3446 900 3506 939 se
3558 900 3652 939 res

1990 973 2221 1037 habuit,
2258 987 2377 1026 non
2420 970 2844 1033 Erecusandum
2896 977 2980 1025 est
3035 973 3365 1042 quominus
3398 972 3652 1043 publicae

1990 1078 2196 1134 preces
2230 1077 2337 1132 pro
2369 1060 2468 1115 illo
2498 1060 2645 1115 fiant
2676 1060 2750 1115 ad
2812 1061 3021 1115 Deum.
3060 1061 3157 1115 Sin
3193 1067 3395 1116 autem
3434 1062 3651 1117 horum

1990 1152 2136 1207 nihil
2172 1151 2395 1206 factum
2448 1154 2553 1215 est,
2598 1150 2701 1204 sed
2751 1150 2854 1221 qui
2886 1150 3095 1204 haeresi
3137 1151 3649 1215 communicabat,

1989 1257 2110 1298 non
2134 1246 2269 1295 ante
2288 1240 2587 1310 particeps
2607 1238 2714 1293 fuit
2736 1239 3003 1311 corporis
3021 1239 3397 1307 etsanguinis
3416 1239 3651 1294 Domini

1989 1330 2331 1402 (haereticus
2367 1330 2526 1383 enim
2560 1329 2732 1399 panis
2765 1328 2859 1383 ille
2890 1332 2948 1382 et
2969 1344 3087 1383 non
3140 1344 3357 1399 corpus
3391 1328 3649 1399 Christi),

1986 1436 2108 1475 non
2135 1418 2481 1475 audendum
2505 1423 2593 1472 est
2618 1418 2834 1481 dicere,
2870 1422 2932 1471 ut
2957 1432 3064 1486 pro
3096 1416 3194 1471 illo
3226 1418 3469 1488 synaxis
3501 1416 3635 1476 ﬁat.

1988 1512 2189 1580 Neque
2219 1509 2378 1563 enim
2398 1506 2628 1562 ludicra
2652 1512 2791 1561 sunt
2811 1506 3036 1570 divina,
3068 1513 3128 1560 ut
3154 1521 3273 1560 non
3310 1506 3515 1561 audiat
3544 1505 3646 1577 qui

1985 1615 2095 1668 pro
2113 1597 2208 1653 illo
2236 1598 2403 1669 petit:
2434 1596 2657 1662 Petitis,
2681 1602 2735 1651 et
2762 1611 2879 1651 non
2907 1595 3194 1665 accipitis,
3220 1610 3283 1651 eo
3308 1595 3468 1667 quod
3484 1596 3643 1651 male

1981 1689 2198 1759 petatis
2221 1688 2289 1737 Μ.
2308 1684 2476 1740 Aliud
2501 1684 2663 1757 quod
2694 1685 2891 1740 dicam
2913 1700 3029 1739 non
3048 1683 3262 1747 habeo,
3284 1685 3483 1755 quoad
3514 1700 3649 1755 pos-

277 1778 461 1826 κειντό
496 1773 705 1835 ἀληθές.
731 1771 1029 1845 Οὐδεμία
1058 1778 1175 1848 γὰρ
1217 1779 1519 1827 κοινωνία
1550 1780 1707 1847 φωτὶ
1746 1779 1871 1849 πρὸς

1988 1780 2098 1831 sim
2126 1776 2185 1831 id
2210 1775 2373 1847 quod
2407 1791 2613 1829 verum
2646 1779 2734 1829 est
2772 1789 3153 1842 cognoscere.
3178 1774 3365 1829 Nulla
3387 1776 3542 1829 enim
3567 1780 3649 1829 est

281 1867 510 1922 σκότος
533 1882 545 1895 ’
582 1863 699 1915 οὔτε
726 1862 772 1914 ἐν
799 1872 870 1932 τῷ
894 1866 1037 1934 μέρει
1076 1871 1174 1914 τῶν
1216 1859 1509 1935 ὀρθοδόξων
1554 1864 1818 1927 τετάξεται
1848 1867 1873 1918 6

280 1956 351 2023 μὴ
410 1961 662 2003 κοινωνῶν
706 1960 768 2024 τῇ
828 1949 1130 2025 όρθοδοξίᾳ,
1181 1952 1275 2004 κᾶν
1306 1951 1353 2004 ἐν
1404 1961 1463 2024 τῇ
1500 1952 1706 2026 ἐσχάτῃ
1741 1956 1869 2027 ὥρᾳ.

269 2039 438 2093 Ὀπου
468 2044 568 2114 γὰρ
598 2043 800 2116 εὑρεθῇ,
864 2041 967 2094 ἐκεῖ
992 2046 1080 2094 καὶ
1106 2044 1418 2115 κριθήσεται
1450 2060 1461 2070 ο
1488 2048 1577 2095 καὶ
1607 2043 1711 2095 οἷον
1762 2042 1870 2115 ἐφό-

273 2128 386 2183 διον
418 2130 589 2203 εἴληφε
618 2135 748 2204 πρός
787 2136 881 2189 τὴν
914 2132 1118 2183 αἰώνιον
1152 2132 1311 2197 ζωὴν,
1342 2135 1507 2204 τούτῳ
1537 2139 1627 2185 καὶ
1660 2153 1872 2205 συναρι-

275 2222 621 2292 θμηθήσεται.
653 2224 723 2273 Τό
763 2221 939 2273 λοιπόν
992 2225 1153 2292 εὔχου
1183 2223 1311 2295 ὑπὲρ
1368 2222 1511 2293 ἐμοῦ.
1546 2223 1874 2277 Ἀσπάσεταί

277 2329 335 2361 σε
365 2311 390 2361 ό
438 2312 615 2383 κύριος
674 2311 699 2360 6
747 2311 1194 2384 ἄρχιεπίσκοπος,
1247 2316 1336 2362 καὶ
1385 2313 1433 2363 οἱ
1482 2308 1697 2384 ἀδελφοί
1752 2332 1868 2367 σου.

274 2404 408 2460 Τούς
452 2402 582 2470 μετὰ
615 2406 709 2451 σοῦ
743 2395 997 2471 ἀδελφούς
1029 2402 1097 2460 ὡς
1127 2405 1279 2453 τέκνα
1306 2420 1406 2473 μου
1446 2405 1822 2475 προσαγορεύω
1855 2424 1872 2438 θ

274 2487 382 2540 ἐπεὶ
428 2492 518 2539 καὶ
555 2491 656 2545 τὴν
700 2492 886 2560 κυρίαν
937 2488 1133 2542 Θέκλαν
1200 2490 1264 2550 ὡς
1318 2492 1581 2565 θυγατέρα
1640 2493 1688 2543 ἓν
1746 2498 1874 2565 Χρι-

278 2595 413 2633 στω.

275 2686 407 2761 ΡΒΕΓ
450 2701 582 2772 (92).
622 2700 972 2773 -Ἀϐολίῳ
1012 2708 1117 2755 καὶ
1156 2702 1407 2763 Ἰωάννη
1451 2706 1869 2778 μονάφουσιν.

1985 1868 2231 1921 societas
2248 1863 2800 1919 tuciadtenebras"
2826 1882 2838 1931 ;
2875 1862 3141 1933 nequein
3168 1862 3644 1917 orthodoxorum

1986 1962 2151 2025 parte
2182 1954 2588 2016 collocabitur,
2620 1954 2723 2023 qui
2777 1952 3142 2007 orthodoxiae
3192 1951 3279 2006 vel
3328 1952 3386 2005 in
3433 1950 3647 2006 ultima

1983 2045 2134 2100 hora
2156 2058 2275 2099 non
2309 2041 2734 2097 communicat.
2773 2040 2878 2096 Ubi
2911 2041 3071 2096 enim
3108 2039 3278 2094 fuerit
3317 2039 3649 2110 deprehen-

1985 2150 2107 2198 sus,
2136 2130 2642 2203 ibijudicabitur;
2680 2134 2736 2184 et
2765 2128 2940 2202 quale
2994 2128 3280 2184 viaticum
3321 2128 3648 2199 sumpserit

1984 2222 2060 2278 ad
2094 2221 2276 2276 vitam
2320 2224 2626 2283 aeternam,
2681 2234 2754 2273 ex
2796 2234 2866 2273 eo
2922 2216 3454 2273 connumerabitur
3510 2216 3645 2287 (93).

1984 2310 2152 2377 Quod
2182 2309 2478 2381 reliquum
2512 2314 2621 2367 est.
2655 2323 2762 2363 ora
2788 2323 2896 2379 pro
2951 2322 3066 2361 me.
3104 2305 3332 2362 Salutat
3363 2310 3418 2359 te
3448 2304 3642 2360 domi-

1984 2416 2097 2455 nus
2159 2399 2661 2469 archiepiscopus,
2712 2401 2767 2452 et
2815 2395 3022 2453 fratres
3088 2396 3189 2449 tui.
3254 2397 3482 2450 Fratres
3539 2393 3647 2464 qui

1983 2494 2181 2545 tecum
2234 2492 2390 2551 sunt,
2452 2492 2513 2542 ut
2564 2486 2717 2541 ﬁlios
2766 2485 2992 2541 saluto:
3032 2489 3159 2540 tum
3216 2488 3274 2539 et
3327 2482 3643 2539 dominam

1983 2578 2262 2635 Theclam
2296 2582 2355 2632 ut
2386 2576 2572 2632 ﬁliam
2606 2575 2666 2631 in
2702 2574 2949 2631 Christo.

2163 2703 2426 2760 CXCVIII.
2463 2732 2521 2742 —
2553 2700 2764 2757 Abotio
2795 2704 2848 2757 et
2872 2700 3100 2756 Joanm’
3127 2698 3459 2755 monachis.

1652 2804 1723 2852 De
1754 2807 1941 2854 sancta
1955 2802 2207 2865 imagine.

346 2902 709 2971 Προσηγορίαν
755 2899 894 2969 ὑμῶν
947 2906 1044 2950 τῶν
1096 2898 1257 2970 ἁγίων
1309 2903 1661 2973 κομισάμενος
1718 2905 1864 2973 παρὰ

2051 2902 2197 2956 Cum
2242 2898 2614 2955 salutationis
2662 2897 2925 2953 ofﬁcium
2984 2902 3180 2951 vestro
3228 2895 3492 2960 nomine,
3534 2894 3647 2950 viri

265 2986 484 3038 Ἠσαίου
534 2992 625 3038 τοῦ
657 2986 1049 3058 θεοφιλεστάτου
1104 2986 1390 3040 ἐπισκόπου
1448 2994 1537 3042 καὶ
1577 3010 1863 3061 πνευματι-

271 3084 367 3127 κοῦ
418 3079 643 3148 Πατρός,
703 3076 761 3128 ού
817 3080 970 3147 μόνον
1028 3074 1385 3150 ἐξεδιδάχθην
1416 3083 1495 3141 τίς
1544 3082 1573 3137 ἡ
1626 3082 1748 3132 όσία
1776 3085 1865 3133 καὶ

268 3169 499 3239 πατρική
570 3166 710 3237 ὑμῶν
778 3162 909 3226 δυάς
948 3182 959 3194 '
1023 3165 1151 3217 ἀλλὰ
1215 3169 1315 3239 γὰρ
1380 3172 1469 3219 καὶ
1535 3172 1865 3242 προετράπην

269 3253 505 3327 χαράξαι
552 3256 672 3325 ύμῖν
730 3251 889 3311 τήνδε
936 3258 1028 3311 τὴν
1103 3255 1313 3329 οἰκτρὰν
1365 3256 1647 3315 συλλαϐήν.
1693 3258 1865 3329 Ἡμεῖς

269 3340 329 3395 δε
358 3348 587 3395 ταπεινοὶ
640 3347 728 3415 μὲν
775 3348 864 3395 καὶ
896 3342 1219 3415 ἁμαρτωλοὶ,
1269 3346 1403 3415 ὅμως
1444 3346 1700 3417 φιλοῦντες
1730 3349 1865 3417 ὑμᾶς

268 3430 468 3502 ἀνάψαι
515 3432 582 3492 εἰς
636 3430 863 3501 ἀγάπην,
918 3432 975 3492 ἧς
1024 3428 1174 3484 οὐδὲν
1224 3438 1619 3507 προτιμότερον.
1666 3435 1865 3499 Ἀλλως

269 3539 320 3573 τε
372 3525 462 3571 καὶ
519 3523 753 3579 ὑπακοὴν
807 3520 1135 3593 πληροῦντες,
1184 3518 1513 3594 ἐπεδώκαμεν
1555 3524 1766 3585 ἑαυτούς
1795 3527 1864 3595 τῷ

262 3612 558 3683 γράμματι.
604 3615 704 3663 Καὶ
766 3608 832 3668 δὴ
890 3610 1309 3684 εὐχαριστοῦμεν
1362 3621 1431 3683 τῷ
1464 3621 1599 3683 Θεῷ,
1646 3616 1723 3666 ὅτι
1776 3620 1865 3667 καὶ

269 3700 414 3770 ὑμεῖς
474 3699 521 3750 ἐν
614 3708 685 3769 τῷ
743 3708 943 3770 σεισπῷ
992 3709 1087 3762 τῆς
1145 3701 1570 3774 Εἰκονομαχικῆς
1624 3705 1865 3777 αἱρέσεως

269 3788 505 3840 ἄσειστοι
546 3784 854 3859 διεμείνατε,
920 3791 1063 3860 άγιοι
1116 3795 1355 3863 Πατέρες,
1415 3797 1485 3863 μὴ
1542 3792 1745 3854 ἁλόντες
1798 3800 1861 3864 τῇ

268 3877 380 3928 κατ’
417 3876 575 3935 αύτην
598 3876 926 3949 ψυχοφθόρῳ
954 3882 1194 3951 κοινωνίᾳ
1214 3896 1225 3908 ο
1253 3878 1381 3931 ἀλλὰ
1410 3888 1471 3952 τῇ
1504 3888 1638 3953 φυγῇ
1667 3886 1751 3933 τὸν
1774 3889 1866 3933 τοῦ

269 3962 508 4037 διωγμοῦ
560 3968 1009 4039 τρισμακάριστον
1045 3968 1199 4038 [cod.
1244 3971 1383 4037 Reg.
1430 3971 1861 4042 θεομακάριστον]

270 4060 514 4126 στέφανον
569 4058 929 4127 κομισάμενοι,
990 4056 1131 4108 ἄξιον
1181 4061 1337 4119 ὅντως
1395 4066 1485 4118 τῆς
1540 4058 1726 4133 ἀρετῆς
1780 4064 1865 4112 καὶ

1566 4147 1865 4206 ἀσκητικῶν

270 4232 499 4303 ἀγώνων.
570 4236 709 4285 Διότι
775 4233 829 4285 ἐκ
894 4242 992 4285 τῶν
1047 4232 1153 4293 ἤδη
1225 4238 1529 4306 φθασάντων
1595 4234 1864 4299 ἀπόδειξιν
1897 4251 1938 4299 1)

268 4319 465 4392 ἐκφέρει
486 4327 582 4381 πᾶς
612 4342 690 4381 τις
730 4330 822 4374 τοῦ
860 4327 1112 4396 προτέρου
1164 4322 1306 4395 βίου,
1356 4320 1407 4375 εὖ
1454 4344 1507 4377 τε
1543 4331 1631 4377 καὶ
1663 4329 1730 4385 ὡς
1763 4326 1864 4377 ἑτέ-

267 4140 564 4201 κατάδηλον
642 4153 740 4195 τῶν
821 4142 1284 4220 προδιηνυσμένων
1337 4148 1457 4218 ύμῖν

266 4430 367 4482 ρως
397 4413 527 4481 ἔχει.
561 4414 627 4464 Οἱ
667 4417 768 4470 πην
808 4414 1062 4471 ὁσιότητα
1141 4412 1499 4486 ἀμπεχόμενοι
1546 4412 1865 4467 ἐνεδύσασθε

268 4504 359 4551 καὶ
415 4505 509 4557 τὴν
567 4501 845 4573 ὁμολογίαν
898 4510 1151 4574 Χριστοῦ,
1190 4503 1524 4575 ἀμφικαλλεῐς
1578 4509 1861 4577 γενόμενοι.

266 4587 553 4660 Ὀμολογία
603 4593 703 4664 γὰρ
760 4592 1013 4663 Χριστοῦ,
1064 4595 1308 4664 Πατέρες,
1360 4595 1388 4650 ἡ
1425 4602 1520 4656 τῆς
1567 4593 1717 4666 ἁγίας
1771 4594 1865 4646 αύ-

268 4684 362 4729 τοῦ
414 4678 601 4740 εἰκόνος
648 4681 1022 4754 ύπερμάχησις
1059 4699 1069 4710 ·
1132 4683 1196 4742 ὡς
1255 4687 1343 4733 καὶ
1396 4682 1615 4755 ἔμπαλιν
1673 4682 1865 4735 ἀθετῶν

269 4766 384 4818 ἐστι
433 4772 662 4839 Χριστόν
720 4770 744 4820 ό
790 4773 985 4827 ταύτην
1015 4770 1379 4844 ἐξαρνούμενος
1409 4791 1420 4802 ’
1455 4768 1614 4839 διότι,
1649 4777 1810 4844 φησὶν
1839 4774 1863 4823 ό

268 4860 428 4929 μέγας
472 4858 756 4923 Βασίλειος,
805 4861 835 4917 ἠ
894 4868 984 4919 τῆς
1016 4859 1203 4912 εἰκόνος
1250 4865 1376 4933 τιμὴ
1429 4860 1513 4913 ἐπὶ
1557 4865 1614 4913 τό
1667 4866 1865 4935 πρωτό-

267 4965 429 4997 τυπον
460 4943 719 4999 διαϐαίνει
754 4945 911 5019 [cod.
947 4951 1085 5018 Reg.
1140 4948 1444 5021 ἀναϐαίνει]·
1476 4956 1563 5002 καὶ
1600 4950 1647 5002 ἐν
1689 4950 1863 5003 ἑκατέ-

266 5054 342 5109 ρῳ
375 5034 609 5107 ἑκάτερον
654 5041 743 5087 καὶ
790 5038 1043 5110 ὁρώμενόν
1092 5037 1205 5090 ἐστι
1248 5044 1336 5090 καὶ
1366 5042 1813 5111 προσκυνούμενον
1849 5057 1861 5069 ·

268 5123 364 5175 κᾶν
418 5128 560 5177 Λέων
614 5127 639 5177 6
688 5127 1034 5200 θηριώνυμος,
1074 5133 1161 5179 καὶ
1208 5134 1297 5180 τοῦ
1350 5135 1548 5182 Σατανᾶ
1576 5130 1860 5202 ὑπηρέτης,

344 5266 388 5303 ⁸¹
417 5266 541 5323 Jac.
572 5283 652 5334 IV,
683 5272 735 5325 3.
813 5270 860 5305 "
900 5270 942 5325 II
983 5269 1119 5327 Cor.
1160 5287 1235 5337 vi,
1273 5271 1357 5326 H.

1976 2990 2185 3055 sancti,
2216 2990 2415 3058 accepi
2451 2988 2529 3043 ab
2560 2987 2713 3042 Isaia
2740 2986 3031 3055 episcopo
3066 2985 3161 3040 Dei
3196 2984 3635 3049 amantissimo,

1976 3096 2047 3135 ac
2073 3078 2362 3151 spirituali
2395 3082 2579 3149 patre,
2607 3092 2730 3131 non
2767 3075 2948 3129 modo
2982 3074 3261 3138 intellexi,
3298 3088 3484 3145 quam
3507 3088 3643 3128 san-

1977 3176 2136 3224 ctum
2153 3184 2260 3241 par
2279 3171 2515 3222 Patrum
2537 3167 2662 3220 sitis
2688 3181 2793 3220 vos
2812 3165 2971 3229 duo;
3000 3163 3104 3218 sed
3118 3162 3482 3233 etimpulsus
3506 3178 3641 3217 sum

1977 3258 2053 3314 ad
2101 3258 2255 3313 hanc
2300 3254 2702 3311 miserabilem
2733 3252 3046 3325 epistolam
3097 3251 3488 3307 exarandam.
3520 3253 3635 3306 Nos

1976 3363 2134 3408 vero,
2172 3345 2424 3401 humiles
2449 3344 2583 3399 licet
2619 3360 2689 3399 ac
2722 3348 3084 3413 peccatores,
3112 3357 3214 3395 vos
3245 3346 3443 3396 tamen
3468 3345 3638 3410 opta-

1976 3452 2111 3491 mus
2142 3436 2220 3490 ad
2254 3435 2606 3490 charitatem
2634 3431 2975 3496 incendere,
3009 3447 3130 3502 qua
3154 3430 3297 3485 nihil
3329 3428 3642 3499 prtestabi-

1975 3520 2090 3578 lius
2115 3529 2222 3579 est.
2245 3523 2479 3593 Alioqui
2509 3528 2564 3576 et
2594 3536 2824 3576 morem
2858 3519 3029 3575 vobis
3049 3522 3341 3588 gerentes,
3370 3518 3643 3572 animum

1978 3613 2055 3668 ad
2079 3612 2466 3668 scribendum
2490 3611 2846 3680 adjecimus.
2882 3611 2945 3663 Et
2968 3624 3111 3663 sane
3130 3607 3353 3677 gratias
3375 3607 3491 3661 Deo
3520 3605 3643 3675 agi-

1979 3719 2133 3767 mus,
2160 3701 2325 3773 quod
2357 3707 2411 3756 et
2444 3716 2548 3754 vos
2580 3700 2641 3754 in
2692 3698 2951 3770 procella
2992 3697 3289 3753 haereseos
3320 3696 3641 3751 Iconoma-

1976 3792 2125 3847 chiae
2166 3788 2501 3861 perstitistis
2529 3789 2782 3852 immoti,
2810 3788 3009 3842 Patres
3035 3787 3245 3849 sancti,
3280 3785 3528 3841 minime
3566 3783 3639 3839 ir-

1977 3881 2124 3936 retiti
2180 3878 2461 3950 pestifera
2514 3877 2669 3933 illius
2720 3875 3185 3932 communione:
3241 3875 3347 3929 sed
3405 3877 3645 3944 arrepta

1977 3970 2121 4040 fuga
2135 3974 2222 4025 ter
2240 3970 2467 4024 felicem
2489 3966 2919 4039 persecutionis
2942 3980 3232 4020 coronam
3246 3964 3446 4033 adepti
3475 3963 3639 4025 estis,

1978 4076 2114 4114 vere
2144 4059 2370 4113 virtutis
2402 4056 2744 4129 prmmium,
2776 4071 2846 4110 ac
2877 4055 3271 4109 certaminum
3302 4068 3437 4124 quae
3469 4051 3640 4122 prius

1979 4152 2037 4202 in
2052 4148 2166 4203 vita
2182 4147 2509 4202 monastica
2531 4144 2919 4208 sustinuistis,
2936 4142 3162 4198 illustre
3185 4142 3642 4197 documentum.

1979 4239 2169 4303 Quare
2197 4253 2270 4290 ex
2300 4236 2369 4290 iis
2395 4252 2529 4307 quae
2553 4235 2681 4305 jam
2714 4233 3035 4302 contigere,
3059 4232 3366 4303 specimen
3391 4229 3643 4301 quilibet

1978 4326 2190 4396 prioris
2223 4326 2356 4379 vitae
2379 4324 2637 4395 colligat,
2669 4322 2815 4377 dum
2840 4328 2895 4377 et
2925 4320 3153 4393 dispari
3174 4319 3358 4375 modo
3384 4336 3444 4375 se
3467 4319 3637 4390 gerit.

1977 4415 2385 4471 Sanctimonia
2407 4413 2539 4468 vitae
2561 4411 2782 4476 ornati,
2809 4410 3022 4466 Christi
3043 4426 3286 4482 quoque
3314 4407 3641 4465 confessio-

1975 4519 2113 4558 nem
2144 4503 2441 4567 induistis,
2475 4510 2721 4573 utraque
2746 4501 2870 4571 jam
2903 4500 3080 4555 laudc
3107 4499 3437 4569 conspicui.
3482 4500 3636 4554 Con-

1977 4592 2153 4648 fessio
2184 4593 2343 4647 enim
2374 4592 2587 4647 Christi
2618 4595 2723 4656 est,
2757 4590 2979 4655 Patres,
3011 4594 3228 4643 sancta
3258 4587 3447 4659 ipsius
3478 4588 3634 4641 ima-

1975 4683 2127 4752 ginis
2161 4681 2565 4754 propugnatio
2610 4696 2621 4733 :
2659 4685 2717 4735 ut
2751 4684 2805 4734 et
2832 4678 2957 4733 vice
2991 4694 3161 4733 versa
3201 4677 3497 4732 Christum
3532 4676 3636 4732 de-

1975 4770 2166 4842 spicit,
2186 4769 2458 4841 quisquis
2472 4769 2628 4824 hanc
2651 4772 2829 4837 negat
2860 4790 2871 4822 :
2903 4787 2927 4817 «
2953 4766 3268 4832 Quoniam,
3295 4765 3487 4837 inquit
3513 4780 3633 4821 ma-

1982 4876 2135 4930 gnus
2167 4860 2434 4927 Basilius,
2467 4857 2745 4927 imaginis
2772 4856 2968 4911 honor
3001 4855 3207 4911 transit
3250 4854 3326 4909 ad
3361 4858 3630 4926 prototy-

1977 4966 2122 5021 pum
2155 4969 2165 5007 :
2203 4954 2257 5005 et
2297 4948 2551 5004 alterum
2580 4948 2637 5001 in
2664 4946 2850 5002 altero
2872 4946 3129 5000 cernitur
3155 4949 3209 4998 et.
3236 4944 3521 4999 adoratur
3549 4960 3563 5009 ;
3602 4964 3623 4992 ι

1975 5038 2412 5111 quantumlibet
2441 5036 2575 5101 Leo,
2631 5036 2723 5090 cui
2757 5049 3091 5104 congruum
3145 5049 3181 5088 a
3237 5031 3359 5087 fera
3413 5046 3634 5102 cogno-

1978 5144 2134 5193 men,
2171 5128 2400 5183 Satanaa
2433 5125 2805 5188 administer,
2849 5121 3239 5186 Constantini,
3270 5122 3365 5193 qui
3392 5122 3628 5194 pridem

1845 5368 2077 5427 NOTIE.

344 5453 461 5597 £92)
482 5454 544 5509 In
574 5454 711 5510 cod.
746 5457 893 5526 Reg.
930 5454 1060 5531 ριβ“.

368 5527 458 5596 93)
488 5526 566 5581 De
590 5525 705 5582 hac
729 5528 1041 5595 sententia,

368 5527 458 5596 93)
488 5526 566 5581 De
590 5525 705 5582 hac
729 5524 1041 5595 sententia,
1073 5543 1209 5601 quas
1232 5531 1525 5601 tanquam
1553 5544 1625 5586 ex
1648 5529 1952 5603 Scriptura
1981 5529 2193 5587 citatur
2230 5544 2267 5587 a
2298 5528 2586 5595 Patribus,
2621 5527 2841 5585 videsis
2869 5541 3007 5600 qua
3045 5525 3273 5588 notavit
3302 5524 3629 5586 Cotelerius

274 5620 314 5673 t.
344 5615 385 5670 Ι.
407 5616 672 5674 Monum.
702 5616 868 5675 Eccl.
901 5618 1142 5686 Grecae,
1176 5632 1317 5692 pag.
1355 5616 1481 5676 821.
