  <div class='ocr_page' id='page_1' title='image "/cluster/home/n/w/nwhite01/storage/ocr_20150623/99/mdp.39015005675577/807.png"; bbox 0 0 4058 6274; ppageno 0'>
   <div class='ocr_carea' id='block_1_1' title="bbox 424 284 624 342">
    <p class='ocr_par' dir='ltr' id='par_1_1' title="bbox 424 284 624 342">
     <span class='ocr_line' id='line_1_1' title="bbox 424 284 624 342; baseline -0.01 1"><span class='ocrx_word' id='word_1_1' title='bbox 424 297 430 308; x_wconf 93' lang='lat'><strong><em>&#39;</em></strong></span> <span class='ocrx_word' id='word_1_2' title='bbox 484 284 624 342; x_wconf 77' lang='grc'><strong>1599</strong></span> 
     </span>
    </p>
   </div>
   <div class='ocr_carea' id='block_1_2' title="bbox 1729 282 2570 341">
    <p class='ocr_par' dir='ltr' id='par_1_2' title="bbox 1729 282 2570 341">
     <span class='ocr_line' id='line_1_2' title="bbox 1729 282 2570 341; baseline -0.004 0"><span class='ocrx_word' id='word_1_3' title='bbox 1729 283 1791 341; x_wconf 91' lang='lat' dir='ltr'><strong>S.</strong></span> <span class='ocrx_word' id='word_1_4' title='bbox 1833 282 2199 340; x_wconf 81' lang='lat' dir='ltr'><strong>THEODORI</strong></span> <span class='ocrx_word' id='word_1_5' title='bbox 2242 283 2570 341; x_wconf 76' lang='lat' dir='ltr'><strong>STUDI&#39;LE</strong></span> 
     </span>
    </p>
   </div>
   <div class='ocr_carea' id='block_1_3' title="bbox 3684 278 3829 335">
    <p class='ocr_par' dir='ltr' id='par_1_3' title="bbox 3684 278 3829 335">
     <span class='ocr_line' id='line_1_3' title="bbox 3684 278 3829 335; baseline 0 -1"><span class='ocrx_word' id='word_1_6' title='bbox 3684 278 3829 335; x_wconf 82' lang='grc'>1600</span> 
     </span>
    </p>
   </div>
   <div class='ocr_carea' id='block_1_4' title="bbox 462 401 2128 482">
    <p class='ocr_par' dir='ltr' id='par_1_4' title="bbox 462 409 2118 482">
     <span class='ocr_line' id='line_1_4' title="bbox 462 409 2118 482; baseline -0.002 -14"><span class='ocrx_word' id='word_1_7' title='bbox 462 411 700 480; x_wconf 81' lang='lat' dir='ltr'><strong>exstitit,</strong></span> <span class='ocrx_word' id='word_1_8' title='bbox 748 410 1071 482; x_wconf 82' lang='lat' dir='ltr'><strong>impietatis</strong></span> <span class='ocrx_word' id='word_1_9' title='bbox 1118 409 1502 466; x_wconf 67' lang='lat' dir='ltr'><strong>mmulatione</strong></span> <span class='ocrx_word' id='word_1_10' title='bbox 1532 409 1804 466; x_wconf 83' lang='lat' dir='ltr'><strong>ferociter</strong></span> <span class='ocrx_word' id='word_1_11' title='bbox 1833 409 2118 466; x_wconf 85' lang='lat' dir='ltr'><strong>adversus</strong></span> 
     </span>
    </p>
   </div>
   <div class='ocr_carea' id='block_1_5' title="bbox 2239 401 3824 482">
    <p class='ocr_par' dir='ltr' id='par_1_5' title="bbox 2239 401 3824 482">
     <span class='ocr_line' id='line_1_5' title="bbox 2239 401 3824 482; baseline -0.004 -20"><span class='ocrx_word' id='word_1_12' title='bbox 2239 409 2371 482; x_wconf 77' lang='grc' dir='ltr'><strong>ζήλῳ</strong></span> <span class='ocrx_word' id='word_1_13' title='bbox 2397 417 2488 472; x_wconf 85' lang='grc' dir='ltr'><strong>τῆς</strong></span> <span class='ocrx_word' id='word_1_14' title='bbox 2536 416 2627 462; x_wconf 89' lang='grc' dir='ltr'><strong>τοῦ</strong></span> <span class='ocrx_word' id='word_1_15' title='bbox 2676 407 2832 461; x_wconf 90' lang='grc' dir='ltr'><strong>πάλαι</strong></span> <span class='ocrx_word' id='word_1_16' title='bbox 2889 409 3281 461; x_wconf 74' lang='grc' dir='ltr'><strong>Κωνσταντίνου</strong></span> <span class='ocrx_word' id='word_1_17' title='bbox 3311 401 3621 466; x_wconf 75' lang='grc' dir='ltr'><strong>δυσσεϐείας</strong></span> <span class='ocrx_word' id='word_1_18' title='bbox 3647 410 3824 477; x_wconf 83' lang='grc' dir='ltr'><strong>μανεὶς</strong></span> 
     </span>
    </p>
   </div>
   <div class='ocr_carea' id='block_1_6' title="bbox 466 499 2120 571">
    <p class='ocr_par' dir='ltr' id='par_1_6' title="bbox 466 499 2120 571">
     <span class='ocr_line' id='line_1_6' title="bbox 466 499 2120 571; baseline -0.002 -13"><span class='ocrx_word' id='word_1_19' title='bbox 466 500 764 558; x_wconf 84' lang='lat' dir='ltr'><strong>Christum</strong></span> <span class='ocrx_word' id='word_1_20' title='bbox 788 500 1068 569; x_wconf 83' lang='lat' dir='ltr'><strong>insaniat,</strong></span> <span class='ocrx_word' id='word_1_21' title='bbox 1095 499 1387 556; x_wconf 90' lang='lat' dir='ltr'><strong>adversus</strong></span> <span class='ocrx_word' id='word_1_22' title='bbox 1411 500 1748 571; x_wconf 90' lang='lat' dir='ltr'><strong>Deiparam,</strong></span> <span class='ocrx_word' id='word_1_23' title='bbox 1769 505 2120 556; x_wconf 88' lang='lat' dir='ltr'><strong>sanctumve</strong></span> 
     </span>
    </p>
   </div>
   <div class='ocr_carea' id='block_1_7' title="bbox 462 589 2120 663">
    <p class='ocr_par' dir='ltr' id='par_1_7' title="bbox 462 589 2120 663">
     <span class='ocr_line' id='line_1_7' title="bbox 462 589 2120 663; baseline -0.001 -18"><span class='ocrx_word' id='word_1_24' title='bbox 462 589 793 663; x_wconf 88' lang='lat' dir='ltr'><strong>quemlibet</strong></span> <span class='ocrx_word' id='word_1_25' title='bbox 841 606 854 644; x_wconf 92' lang='lat'><strong>:</strong></span> <span class='ocrx_word' id='word_1_26' title='bbox 900 590 1072 660; x_wconf 90' lang='lat' dir='ltr'><strong>cujus</strong></span> <span class='ocrx_word' id='word_1_27' title='bbox 1111 589 1404 644; x_wconf 86' lang='lat' dir='ltr'><strong>memoria</strong></span> <span class='ocrx_word' id='word_1_28' title='bbox 1457 589 1628 661; x_wconf 90' lang='lat' dir='ltr'><strong>periit</strong></span> <span class='ocrx_word' id='word_1_29' title='bbox 1675 605 1814 645; x_wconf 89' lang='lat' dir='ltr'><strong>cum</strong></span> <span class='ocrx_word' id='word_1_30' title='bbox 1847 589 2045 644; x_wconf 80' lang='lat' dir='ltr'><strong>sonitu</strong></span> <span class='ocrx_word' id='word_1_31' title='bbox 2072 589 2120 624; x_wconf 81' lang='grc'>³⁸</span> 
     </span>
    </p>
   </div>
   <div class='ocr_carea' id='block_1_8' title="bbox 466 678 2121 748">
    <p class='ocr_par' dir='ltr' id='par_1_8' title="bbox 466 678 2121 748">
     <span class='ocr_line' id='line_1_8' title="bbox 466 678 2121 748; baseline -0.002 -13"><span class='ocrx_word' id='word_1_32' title='bbox 466 678 865 735; x_wconf 89' lang='lat' dir='ltr'><strong>anathematis</strong></span> <span class='ocrx_word' id='word_1_33' title='bbox 910 678 1274 748; x_wconf 89' lang='lat' dir='ltr'><strong>sempiterni.</strong></span> <span class='ocrx_word' id='word_1_34' title='bbox 1329 680 1444 734; x_wconf 89' lang='lat' dir='ltr'><strong>Vos</strong></span> <span class='ocrx_word' id='word_1_35' title='bbox 1489 694 1624 734; x_wconf 92' lang='lat' dir='ltr'><strong>vero</strong></span> <span class='ocrx_word' id='word_1_36' title='bbox 1657 679 1888 734; x_wconf 85' lang='lat' dir='ltr'><strong>utinam</strong></span> <span class='ocrx_word' id='word_1_37' title='bbox 1927 693 2121 733; x_wconf 86' lang='lat' dir='ltr'><strong>serve-</strong></span> 
     </span>
    </p>
   </div>
   <div class='ocr_carea' id='block_1_9' title="bbox 464 766 2120 831">
    <p class='ocr_par' dir='ltr' id='par_1_9' title="bbox 464 766 2120 831">
     <span class='ocr_line' id='line_1_9' title="bbox 464 766 2120 831; baseline -0.001 -7"><span class='ocrx_word' id='word_1_38' title='bbox 464 768 632 831; x_wconf 90' lang='lat' dir='ltr'><strong>mini,</strong></span> <span class='ocrx_word' id='word_1_39' title='bbox 658 767 928 822; x_wconf 71' lang='lat' dir='ltr'><strong>Ecclesiae</strong></span> <span class='ocrx_word' id='word_1_40' title='bbox 962 767 1059 822; x_wconf 90' lang='lat' dir='ltr'><strong>Dei</strong></span> <span class='ocrx_word' id='word_1_41' title='bbox 1092 766 1388 823; x_wconf 68' lang='lat' dir='ltr'><strong>columnas</strong></span> <span class='ocrx_word' id='word_1_42' title='bbox 1420 783 1489 823; x_wconf 90' lang='lat' dir='ltr'><strong>ac</strong></span> <span class='ocrx_word' id='word_1_43' title='bbox 1517 767 1918 831; x_wconf 89' lang='lat' dir='ltr'><strong>ﬁrmamenta,</strong></span> <span class='ocrx_word' id='word_1_44' title='bbox 1947 767 2120 823; x_wconf 89' lang='lat' dir='ltr'><strong>nobis</strong></span> 
     </span>
    </p>
   </div>
   <div class='ocr_carea' id='block_1_10' title="bbox 465 855 2118 927">
    <p class='ocr_par' dir='ltr' id='par_1_10' title="bbox 465 855 2118 927">
     <span class='ocr_line' id='line_1_10' title="bbox 465 855 2118 927; baseline -0.002 -13"><span class='ocrx_word' id='word_1_45' title='bbox 465 863 663 914; x_wconf 84' lang='lat' dir='ltr'><strong>autem</strong></span> <span class='ocrx_word' id='word_1_46' title='bbox 688 855 1044 921; x_wconf 87' lang='lat' dir='ltr'><strong>humilibus,</strong></span> <span class='ocrx_word' id='word_1_47' title='bbox 1071 856 1232 927; x_wconf 87' lang='lat' dir='ltr'><strong>apud</strong></span> <span class='ocrx_word' id='word_1_48' title='bbox 1248 856 1544 926; x_wconf 89' lang='lat' dir='ltr'><strong>optimum</strong></span> <span class='ocrx_word' id='word_1_49' title='bbox 1564 857 1750 912; x_wconf 90' lang='lat' dir='ltr'><strong>Deum</strong></span> <span class='ocrx_word' id='word_1_50' title='bbox 1774 857 2118 912; x_wconf 85' lang='lat' dir='ltr'><strong>defensores</strong></span> 
     </span>
    </p>
   </div>
   <div class='ocr_carea' id='block_1_11' title="bbox 465 945 2121 1018">
    <p class='ocr_par' dir='ltr' id='par_1_11' title="bbox 465 945 2121 1018">
     <span class='ocr_line' id='line_1_11' title="bbox 465 945 2121 1018; baseline -0.001 -16"><span class='ocrx_word' id='word_1_51' title='bbox 465 963 536 1002; x_wconf 88' lang='lat' dir='ltr'><strong>ac</strong></span> <span class='ocrx_word' id='word_1_52' title='bbox 571 945 808 1018; x_wconf 86' lang='lat' dir='ltr'><strong>patroni</strong></span> <span class='ocrx_word' id='word_1_53' title='bbox 845 961 858 998; x_wconf 91' lang='lat'><strong>:</strong></span> <span class='ocrx_word' id='word_1_54' title='bbox 888 949 953 1000; x_wconf 91' lang='lat' dir='ltr'><strong>ut</strong></span> <span class='ocrx_word' id='word_1_55' title='bbox 990 945 1172 1000; x_wconf 85' lang='lat' dir='ltr'><strong>ﬁdem</strong></span> <span class='ocrx_word' id='word_1_56' title='bbox 1203 945 1489 1000; x_wconf 77' lang='lat' dir='ltr'><strong>habentes</strong></span> <span class='ocrx_word' id='word_1_57' title='bbox 1535 961 1670 1018; x_wconf 62' lang='lat' dir='ltr'><strong>quas</strong></span> <span class='ocrx_word' id='word_1_58' title='bbox 1725 961 1829 1016; x_wconf 89' lang='lat' dir='ltr'><strong>per</strong></span> <span class='ocrx_word' id='word_1_59' title='bbox 1868 945 2121 1001; x_wconf 87' lang='lat' dir='ltr'><strong>charita-</strong></span> 
     </span>
    </p>
   </div>
   <div class='ocr_carea' id='block_1_12' title="bbox 464 1033 2121 1106">
    <p class='ocr_par' dir='ltr' id='par_1_12' title="bbox 464 1033 2121 1106">
     <span class='ocr_line' id='line_1_12' title="bbox 464 1033 2121 1106; baseline -0.002 -15"><span class='ocrx_word' id='word_1_60' title='bbox 464 1039 582 1091; x_wconf 90' lang='lat' dir='ltr'><strong>tem</strong></span> <span class='ocrx_word' id='word_1_61' title='bbox 615 1039 896 1105; x_wconf 88' lang='lat' dir='ltr'><strong>operatur</strong></span> <span class='ocrx_word' id='word_1_62' title='bbox 921 1036 991 1103; x_wconf 72' lang='grc'><strong>⁵⁸,</strong></span> <span class='ocrx_word' id='word_1_63' title='bbox 1025 1050 1059 1090; x_wconf 91' lang='lat' dir='ltr'><strong>a</strong></span> <span class='ocrx_word' id='word_1_64' title='bbox 1091 1033 1354 1104; x_wconf 88' lang='lat' dir='ltr'><strong>maligno</strong></span> <span class='ocrx_word' id='word_1_65' title='bbox 1377 1050 1704 1090; x_wconf 90' lang='lat' dir='ltr'><strong>servemur.</strong></span> <span class='ocrx_word' id='word_1_66' title='bbox 1737 1033 2121 1106; x_wconf 89' lang='lat' dir='ltr'><strong>Quandoqui-</strong></span> 
     </span>
    </p>
   </div>
   <div class='ocr_carea' id='block_1_13' title="bbox 463 1122 2118 1185">
    <p class='ocr_par' dir='ltr' id='par_1_13' title="bbox 463 1122 2118 1185">
     <span class='ocr_line' id='line_1_13' title="bbox 463 1122 2118 1185; baseline -0.001 -5"><span class='ocrx_word' id='word_1_67' title='bbox 463 1124 603 1180; x_wconf 90' lang='lat' dir='ltr'><strong>dem</strong></span> <span class='ocrx_word' id='word_1_68' title='bbox 621 1139 761 1179; x_wconf 84' lang='lat' dir='ltr'><strong>vero</strong></span> <span class='ocrx_word' id='word_1_69' title='bbox 775 1123 998 1178; x_wconf 88' lang='lat' dir='ltr'><strong>litteras</strong></span> <span class='ocrx_word' id='word_1_70' title='bbox 1016 1123 1092 1178; x_wconf 83' lang='lat' dir='ltr'><strong>ad</strong></span> <span class='ocrx_word' id='word_1_71' title='bbox 1108 1138 1216 1178; x_wconf 89' lang='lat' dir='ltr'><strong>vos</strong></span> <span class='ocrx_word' id='word_1_72' title='bbox 1233 1123 1841 1185; x_wconf 87' lang='lat' dir='ltr'><strong>misimus,charitatis</strong></span> <span class='ocrx_word' id='word_1_73' title='bbox 1853 1122 2118 1179; x_wconf 87' lang='lat' dir='ltr'><strong>ofﬁcium</strong></span> 
     </span>
    </p>
   </div>
   <div class='ocr_carea' id='block_1_14' title="bbox 466 1211 2117 1286">
    <p class='ocr_par' dir='ltr' id='par_1_14' title="bbox 466 1211 2117 1286">
     <span class='ocr_line' id='line_1_14' title="bbox 466 1211 2117 1286; baseline -0.001 -16"><span class='ocrx_word' id='word_1_74' title='bbox 466 1213 767 1286; x_wconf 81' lang='lat' dir='ltr'><strong>explentes</strong></span> <span class='ocrx_word' id='word_1_75' title='bbox 793 1231 804 1267; x_wconf 95' lang='lat'>:</span> <span class='ocrx_word' id='word_1_76' title='bbox 841 1212 1102 1267; x_wconf 88' lang='lat' dir='ltr'><strong>vicissim</strong></span> <span class='ocrx_word' id='word_1_77' title='bbox 1126 1216 1180 1267; x_wconf 89' lang='lat' dir='ltr'><strong>et</strong></span> <span class='ocrx_word' id='word_1_78' title='bbox 1201 1228 1236 1266; x_wconf 90' lang='lat' dir='ltr'><strong>a</strong></span> <span class='ocrx_word' id='word_1_79' title='bbox 1257 1213 1424 1268; x_wconf 84' lang='lat' dir='ltr'><strong>vobis</strong></span> <span class='ocrx_word' id='word_1_80' title='bbox 1447 1212 1666 1284; x_wconf 88' lang='lat' dir='ltr'><strong>scripta</strong></span> <span class='ocrx_word' id='word_1_81' title='bbox 1693 1211 1974 1268; x_wconf 85' lang='lat' dir='ltr'><strong>reddatur</strong></span> <span class='ocrx_word' id='word_1_82' title='bbox 1995 1213 2117 1284; x_wconf 91' lang='lat' dir='ltr'><strong>epi-</strong></span> 
     </span>
    </p>
   </div>
   <div class='ocr_carea' id='block_1_15' title="bbox 465 1301 2120 1373">
    <p class='ocr_par' dir='ltr' id='par_1_15' title="bbox 465 1301 2120 1373">
     <span class='ocr_line' id='line_1_15' title="bbox 465 1301 2120 1373; baseline 0 -15"><span class='ocrx_word' id='word_1_83' title='bbox 465 1303 646 1373; x_wconf 81' lang='lat' dir='ltr'><strong>stola;</strong></span> <span class='ocrx_word' id='word_1_84' title='bbox 675 1307 736 1356; x_wconf 91' lang='lat' dir='ltr'><strong>ut</strong></span> <span class='ocrx_word' id='word_1_85' title='bbox 755 1301 946 1373; x_wconf 83' lang='lat' dir='ltr'><strong>magis</strong></span> <span class='ocrx_word' id='word_1_86' title='bbox 968 1301 1226 1357; x_wconf 87' lang='lat' dir='ltr'><strong>invicem</strong></span> <span class='ocrx_word' id='word_1_87' title='bbox 1241 1315 1664 1371; x_wconf 85' lang='lat' dir='ltr'><strong>agnoscamus,</strong></span> <span class='ocrx_word' id='word_1_88' title='bbox 1691 1307 1748 1357; x_wconf 91' lang='lat' dir='ltr'><strong>et</strong></span> <span class='ocrx_word' id='word_1_89' title='bbox 1774 1307 1981 1357; x_wconf 94' lang='lat' dir='ltr'><strong>mutuo</strong></span> <span class='ocrx_word' id='word_1_90' title='bbox 2005 1302 2120 1358; x_wconf 87' lang='lat' dir='ltr'><strong>vel-</strong></span> 
     </span>
    </p>
   </div>
   <div class='ocr_carea' id='block_1_16' title="bbox 466 1390 2118 1463">
    <p class='ocr_par' dir='ltr' id='par_1_16' title="bbox 466 1390 2118 1463">
     <span class='ocr_line' id='line_1_16' title="bbox 466 1390 2118 1463; baseline 0 -16"><span class='ocrx_word' id='word_1_91' title='bbox 466 1392 549 1448; x_wconf 90' lang='lat' dir='ltr'><strong>uti</strong></span> <span class='ocrx_word' id='word_1_92' title='bbox 576 1390 956 1463; x_wconf 87' lang='lat' dir='ltr'><strong>perfruamur</strong></span> <span class='ocrx_word' id='word_1_93' title='bbox 987 1399 1255 1462; x_wconf 88' lang='lat' dir='ltr'><strong>aspectu,</strong></span> <span class='ocrx_word' id='word_1_94' title='bbox 1287 1391 1649 1446; x_wconf 88' lang='lat' dir='ltr'><strong>commercio</strong></span> <span class='ocrx_word' id='word_1_95' title='bbox 1683 1391 2030 1457; x_wconf 85' lang='lat' dir='ltr'><strong>litterarum,</strong></span> <span class='ocrx_word' id='word_1_96' title='bbox 2059 1392 2118 1447; x_wconf 93' lang='lat' dir='ltr'><strong>in</strong></span> 
     </span>
    </p>
   </div>
   <div class='ocr_carea' id='block_1_17' title="bbox 466 1480 2120 1551">
    <p class='ocr_par' dir='ltr' id='par_1_17' title="bbox 466 1480 2120 1551">
     <span class='ocr_line' id='line_1_17' title="bbox 466 1480 2120 1551; baseline 0.001 -15"><span class='ocrx_word' id='word_1_97' title='bbox 466 1481 692 1536; x_wconf 89' lang='lat' dir='ltr'><strong>Christo</strong></span> <span class='ocrx_word' id='word_1_98' title='bbox 717 1481 851 1535; x_wconf 89' lang='lat' dir='ltr'><strong>Jesu</strong></span> <span class='ocrx_word' id='word_1_99' title='bbox 893 1480 1148 1536; x_wconf 89' lang='lat' dir='ltr'><strong>Domino</strong></span> <span class='ocrx_word' id='word_1_100' title='bbox 1179 1485 1386 1535; x_wconf 90' lang='lat' dir='ltr'><strong>nostro</strong></span> <span class='ocrx_word' id='word_1_101' title='bbox 1417 1496 1430 1531; x_wconf 92' lang='lat'>:</span> <span class='ocrx_word' id='word_1_102' title='bbox 1483 1480 1655 1551; x_wconf 90' lang='lat' dir='ltr'><strong>cujus</strong></span> <span class='ocrx_word' id='word_1_103' title='bbox 1696 1480 1898 1549; x_wconf 86' lang='lat' dir='ltr'><strong>imago</strong></span> <span class='ocrx_word' id='word_1_104' title='bbox 1931 1482 2120 1537; x_wconf 89' lang='lat' dir='ltr'><strong>incor-</strong></span> 
     </span>
    </p>
   </div>
   <div class='ocr_carea' id='block_1_18' title="bbox 464 1567 1976 1642">
    <p class='ocr_par' dir='ltr' id='par_1_18' title="bbox 464 1567 1976 1642">
     <span class='ocr_line' id='line_1_18' title="bbox 464 1567 1976 1642; baseline 0 -16"><span class='ocrx_word' id='word_1_105' title='bbox 464 1573 662 1642; x_wconf 90' lang='lat' dir='ltr'><strong>rupta,</strong></span> <span class='ocrx_word' id='word_1_106' title='bbox 687 1569 899 1626; x_wconf 90' lang='lat' dir='ltr'><strong>mundi</strong></span> <span class='ocrx_word' id='word_1_107' title='bbox 924 1569 1106 1634; x_wconf 90' lang='lat' dir='ltr'><strong>salus,</strong></span> <span class='ocrx_word' id='word_1_108' title='bbox 1134 1567 1433 1625; x_wconf 87' lang='lat' dir='ltr'><strong>idolorum</strong></span> <span class='ocrx_word' id='word_1_109' title='bbox 1463 1570 1644 1626; x_wconf 91' lang='lat' dir='ltr'><strong>errori</strong></span> <span class='ocrx_word' id='word_1_110' title='bbox 1679 1569 1976 1642; x_wconf 90' lang='lat' dir='ltr'><strong>opposita.</strong></span> 
     </span>
    </p>
   </div>
   <div class='ocr_carea' id='block_1_19' title="bbox 648 1783 1942 1856">
    <p class='ocr_par' dir='ltr' id='par_1_19' title="bbox 648 1783 1942 1856">
     <span class='ocr_line' id='line_1_19' title="bbox 648 1783 1942 1856; baseline -0.002 -14"><span class='ocrx_word' id='word_1_111' title='bbox 648 1783 869 1842; x_wconf 83' lang='lat' dir='ltr'><strong>CXCIX.</strong></span> <span class='ocrx_word' id='word_1_112' title='bbox 903 1815 970 1825; x_wconf 92' lang='lat'>—</span> <span class='ocrx_word' id='word_1_113' title='bbox 999 1783 1287 1840; x_wconf 80' lang='lat' dir='ltr'><strong>Michaeli</strong></span> <span class='ocrx_word' id='word_1_114' title='bbox 1313 1789 1369 1840; x_wconf 88' lang='lat' dir='ltr'><strong>et</strong></span> <span class='ocrx_word' id='word_1_115' title='bbox 1403 1783 1726 1854; x_wconf 83' lang='lat' dir='ltr'><strong>Theophila</strong></span> <span class='ocrx_word' id='word_1_116' title='bbox 1756 1784 1942 1856; x_wconf 85' lang='lat' dir='ltr'><strong>impp.</strong></span> 
     </span>
    </p>
   </div>
   <div class='ocr_carea' id='block_1_20' title="bbox 2199 493 3823 572">
    <p class='ocr_par' dir='ltr' id='par_1_20' title="bbox 2199 493 3823 572">
     <span class='ocr_line' id='line_1_20' title="bbox 2199 493 3823 572; baseline -0.004 -20"><span class='ocrx_word' id='word_1_117' title='bbox 2199 499 2390 572; x_wconf 69' lang='grc' dir='ltr'><strong>ἰμάνη</strong></span> <span class='ocrx_word' id='word_1_118' title='bbox 2449 501 2584 551; x_wconf 81' lang='grc' dir='ltr'><strong>κατὰ</strong></span> <span class='ocrx_word' id='word_1_119' title='bbox 2641 503 2900 566; x_wconf 82' lang='grc' dir='ltr'><strong>Χριστοῦ,</strong></span> <span class='ocrx_word' id='word_1_120' title='bbox 2936 503 3028 556; x_wconf 85' lang='grc' dir='ltr'><strong>τῆς</strong></span> <span class='ocrx_word' id='word_1_121' title='bbox 3057 514 3112 548; x_wconf 84' lang='grc' dir='ltr'><strong>τε</strong></span> <span class='ocrx_word' id='word_1_122' title='bbox 3168 495 3321 567; x_wconf 84' lang='grc' dir='ltr'><strong>ἁγίας</strong></span> <span class='ocrx_word' id='word_1_123' title='bbox 3375 496 3587 567; x_wconf 82' lang='grc' dir='ltr'><strong>Μητρὸς</strong></span> <span class='ocrx_word' id='word_1_124' title='bbox 3639 493 3823 560; x_wconf 76' lang='grc' dir='ltr'><strong>αὐτοῦ,</strong></span> 
     </span>
    </p>
   </div>
   <div class='ocr_carea' id='block_1_21' title="bbox 2231 581 3825 660">
    <p class='ocr_par' dir='ltr' id='par_1_21' title="bbox 2231 581 3825 660">
     <span class='ocr_line' id='line_1_21' title="bbox 2231 581 3825 660; baseline -0.004 -18"><span class='ocrx_word' id='word_1_125' title='bbox 2231 593 2320 642; x_wconf 83' lang='grc' dir='ltr'><strong>καὶ</strong></span> <span class='ocrx_word' id='word_1_126' title='bbox 2377 591 2566 651; x_wconf 86' lang='grc' dir='ltr'><strong>παντὸς</strong></span> <span class='ocrx_word' id='word_1_127' title='bbox 2620 588 2772 660; x_wconf 85' lang='grc' dir='ltr'><strong>ἁγίου</strong></span> <span class='ocrx_word' id='word_1_128' title='bbox 2806 604 2819 617; x_wconf 81' lang='grc'>⁶</span> <span class='ocrx_word' id='word_1_129' title='bbox 2879 587 2939 637; x_wconf 83' lang='grc' dir='ltr'><strong>οὗ</strong></span> <span class='ocrx_word' id='word_1_130' title='bbox 2994 588 3051 638; x_wconf 85' lang='grc' dir='ltr'><strong>τὸ</strong></span> <span class='ocrx_word' id='word_1_131' title='bbox 3105 589 3440 656; x_wconf 84' lang='grc' dir='ltr'><strong>μνημόσυνον</strong></span> <span class='ocrx_word' id='word_1_132' title='bbox 3506 583 3674 636; x_wconf 81' lang='grc' dir='ltr'><strong>ὄλοιτο</strong></span> <span class='ocrx_word' id='word_1_133' title='bbox 3713 581 3825 656; x_wconf 77' lang='grc' dir='ltr'><strong>μετ’</strong></span> 
     </span>
    </p>
   </div>
   <div class='ocr_carea' id='block_1_22' title="bbox 2231 669 3828 751">
    <p class='ocr_par' dir='ltr' id='par_1_22' title="bbox 2231 669 3828 751">
     <span class='ocr_line' id='line_1_22' title="bbox 2231 669 3828 751; baseline -0.004 -21"><span class='ocrx_word' id='word_1_134' title='bbox 2231 681 2401 751; x_wconf 77' lang='grc' dir='ltr'><strong>ἤχους</strong></span> <span class='ocrx_word' id='word_1_135' title='bbox 2459 677 2772 748; x_wconf 76' lang='grc' dir='ltr'><strong>ἁναθέματος</strong></span> <span class='ocrx_word' id='word_1_136' title='bbox 2834 675 3065 728; x_wconf 81' lang='grc' dir='ltr'><strong>αἰωνίου.</strong></span> <span class='ocrx_word' id='word_1_137' title='bbox 3113 673 3284 746; x_wconf 80' lang='grc' dir='ltr'><strong>’Υμεῖς</strong></span> <span class='ocrx_word' id='word_1_138' title='bbox 3357 669 3417 725; x_wconf 73' lang='grc' dir='ltr'><strong>δε</strong></span> <span class='ocrx_word' id='word_1_139' title='bbox 3473 671 3828 745; x_wconf 78' lang='grc' dir='ltr'><strong>φυλαχθείητε</strong></span> 
     </span>
    </p>
   </div>
   <div class='ocr_carea' id='block_1_23' title="bbox 2230 758 3826 840">
    <p class='ocr_par' dir='ltr' id='par_1_23' title="bbox 2230 758 3826 840">
     <span class='ocr_line' id='line_1_23' title="bbox 2230 758 3826 840; baseline -0.005 -21"><span class='ocrx_word' id='word_1_140' title='bbox 2230 775 2292 840; x_wconf 84' lang='grc' dir='ltr'><strong>τῇ</strong></span> <span class='ocrx_word' id='word_1_141' title='bbox 2320 763 2410 819; x_wconf 82' lang='grc' dir='ltr'>τοῦ</span> <span class='ocrx_word' id='word_1_142' title='bbox 2470 773 2602 820; x_wconf 86' lang='grc' dir='ltr'><strong>Θεοῦ</strong></span> <span class='ocrx_word' id='word_1_143' title='bbox 2634 765 2919 836; x_wconf 72' lang='grc' dir='ltr'><strong>Ἐκκλησία</strong></span> <span class='ocrx_word' id='word_1_144' title='bbox 2950 762 3129 816; x_wconf 82' lang='grc' dir='ltr'><strong>στύλοι</strong></span> <span class='ocrx_word' id='word_1_145' title='bbox 3176 767 3266 814; x_wconf 85' lang='grc' dir='ltr'><strong>καὶ</strong></span> <span class='ocrx_word' id='word_1_146' title='bbox 3308 758 3666 836; x_wconf 83' lang='grc' dir='ltr'><strong>ἐδραιώματα,</strong></span> <span class='ocrx_word' id='word_1_147' title='bbox 3699 763 3826 833; x_wconf 78' lang='grc' dir='ltr'><strong>ἡμῖν</strong></span> 
     </span>
    </p>
   </div>
   <div class='ocr_carea' id='block_1_24' title="bbox 2230 849 3829 926">
    <p class='ocr_par' dir='ltr' id='par_1_24' title="bbox 2230 849 3829 926">
     <span class='ocr_line' id='line_1_24' title="bbox 2230 849 3829 926; baseline -0.006 -17"><span class='ocrx_word' id='word_1_148' title='bbox 2230 876 2284 909; x_wconf 86' lang='grc' dir='ltr'><strong>τε</strong></span> <span class='ocrx_word' id='word_1_149' title='bbox 2329 863 2440 918; x_wconf 90' lang='grc' dir='ltr'><strong>τοῖς</strong></span> <span class='ocrx_word' id='word_1_150' title='bbox 2485 860 2744 915; x_wconf 80' lang='grc' dir='ltr'><strong>ταπεινοῖς</strong></span> <span class='ocrx_word' id='word_1_151' title='bbox 2801 857 2932 926; x_wconf 89' lang='grc' dir='ltr'><strong>πρὸς</strong></span> <span class='ocrx_word' id='word_1_152' title='bbox 2989 855 3118 906; x_wconf 83' lang='grc' dir='ltr'><strong>Θεὸν</strong></span> <span class='ocrx_word' id='word_1_153' title='bbox 3189 854 3274 904; x_wconf 87' lang='grc' dir='ltr'><strong>τὸν</strong></span> <span class='ocrx_word' id='word_1_154' title='bbox 3318 849 3512 922; x_wconf 80' lang='grc' dir='ltr'><strong>ἀγαθὸν</strong></span> <span class='ocrx_word' id='word_1_155' title='bbox 3566 869 3829 923; x_wconf 86' lang='grc' dir='ltr'><strong>προασπι-</strong></span> 
     </span>
    </p>
   </div>
   <div class='ocr_carea' id='block_1_25' title="bbox 2233 939 3828 1018">
    <p class='ocr_par' dir='ltr' id='par_1_25' title="bbox 2233 939 3828 1018">
     <span class='ocr_line' id='line_1_25' title="bbox 2233 939 3828 1018; baseline -0.006 -19"><span class='ocrx_word' id='word_1_156' title='bbox 2233 951 2355 999; x_wconf 89' lang='grc' dir='ltr'><strong>σταί</strong></span> <span class='ocrx_word' id='word_1_157' title='bbox 2408 963 2462 997; x_wconf 88' lang='grc' dir='ltr'><strong>τε</strong></span> <span class='ocrx_word' id='word_1_158' title='bbox 2517 949 2606 997; x_wconf 87' lang='grc' dir='ltr'><strong>καὶ</strong></span> <span class='ocrx_word' id='word_1_159' title='bbox 2653 943 3040 1018; x_wconf 86' lang='grc' dir='ltr'><strong>παρακλήτορες</strong></span> <span class='ocrx_word' id='word_1_160' title='bbox 3071 961 3083 973; x_wconf 96' lang='grc'><strong>·</strong></span> <span class='ocrx_word' id='word_1_161' title='bbox 3118 943 3183 1002; x_wconf 86' lang='grc' dir='ltr'><strong>ὡς</strong></span> <span class='ocrx_word' id='word_1_162' title='bbox 3239 939 3298 992; x_wconf 79' lang='grc' dir='ltr'><strong>ἃν</strong></span> <span class='ocrx_word' id='word_1_163' title='bbox 3329 945 3421 998; x_wconf 83' lang='grc' dir='ltr'><strong>τήν</strong></span> <span class='ocrx_word' id='word_1_164' title='bbox 3474 943 3654 992; x_wconf 92' lang='grc' dir='ltr'><strong>πίστιν</strong></span> <span class='ocrx_word' id='word_1_165' title='bbox 3697 941 3828 1011; x_wconf 70' lang='grc' dir='ltr'><strong>ἐνερ-</strong></span> 
     </span>
    </p>
   </div>
   <div class='ocr_carea' id='block_1_26' title="bbox 2228 1026 3828 1108">
    <p class='ocr_par' dir='ltr' id='par_1_26' title="bbox 2228 1026 3828 1108">
     <span class='ocr_line' id='line_1_26' title="bbox 2228 1026 3828 1108; baseline -0.006 -20"><span class='ocrx_word' id='word_1_166' title='bbox 2228 1039 2481 1108; x_wconf 78' lang='grc' dir='ltr'><strong>γουμένην</strong></span> <span class='ocrx_word' id='word_1_167' title='bbox 2535 1031 2608 1086; x_wconf 85' lang='grc' dir='ltr'><strong>δι’</strong></span> <span class='ocrx_word' id='word_1_168' title='bbox 2674 1033 2880 1105; x_wconf 78' lang='grc' dir='ltr'><strong>ἀγάπης</strong></span> <span class='ocrx_word' id='word_1_169' title='bbox 2935 1035 3163 1104; x_wconf 76' lang='grc' dir='ltr'><strong>ἔχοντες,</strong></span> <span class='ocrx_word' id='word_1_170' title='bbox 3229 1031 3514 1101; x_wconf 82' lang='grc' dir='ltr'><strong>σωθείημεν</strong></span> <span class='ocrx_word' id='word_1_171' title='bbox 3575 1026 3675 1080; x_wconf 77' lang='grc' dir='ltr'><strong>ἀπὸ</strong></span> <span class='ocrx_word' id='word_1_172' title='bbox 3736 1033 3828 1079; x_wconf 88' lang='grc' dir='ltr'><strong>τοῦ</strong></span> 
     </span>
    </p>
   </div>
   <div class='ocr_carea' id='block_1_27' title="bbox 2229 1116 3830 1199">
    <p class='ocr_par' dir='ltr' id='par_1_27' title="bbox 2229 1116 3830 1199">
     <span class='ocr_line' id='line_1_27' title="bbox 2229 1116 3830 1199; baseline -0.007 -21"><span class='ocrx_word' id='word_1_173' title='bbox 2229 1131 2478 1199; x_wconf 88' lang='grc' dir='ltr'><strong>πονηροῦ.</strong></span> <span class='ocrx_word' id='word_1_174' title='bbox 2553 1119 2763 1181; x_wconf 78' lang='grc' dir='ltr'><strong>Ἐπειδὴ</strong></span> <span class='ocrx_word' id='word_1_175' title='bbox 2845 1118 2905 1174; x_wconf 66' lang='grc' dir='ltr'><strong>δὲ</strong></span> <span class='ocrx_word' id='word_1_176' title='bbox 2981 1119 3339 1190; x_wconf 80' lang='grc' dir='ltr'><strong>ἐπεστείλαμεν</strong></span> <span class='ocrx_word' id='word_1_177' title='bbox 3403 1123 3460 1170; x_wconf 86' lang='grc' dir='ltr'><strong>τὸ</strong></span> <span class='ocrx_word' id='word_1_178' title='bbox 3532 1125 3627 1179; x_wconf 81' lang='grc' dir='ltr'><strong>τῆς</strong></span> <span class='ocrx_word' id='word_1_179' title='bbox 3695 1116 3830 1188; x_wconf 81' lang='grc' dir='ltr'><strong>ἁγά-</strong></span> 
     </span>
    </p>
   </div>
   <div class='ocr_carea' id='block_1_28' title="bbox 2228 1205 3832 1288">
    <p class='ocr_par' dir='ltr' id='par_1_28' title="bbox 2228 1205 3832 1288">
     <span class='ocr_line' id='line_1_28' title="bbox 2228 1205 3832 1288; baseline -0.009 -17"><span class='ocrx_word' id='word_1_180' title='bbox 2228 1234 2334 1276; x_wconf 84' lang='grc' dir='ltr'><strong>πης</strong></span> <span class='ocrx_word' id='word_1_181' title='bbox 2385 1216 2528 1288; x_wconf 80' lang='grc' dir='ltr'><strong>ἔργον</strong></span> <span class='ocrx_word' id='word_1_182' title='bbox 2578 1212 2890 1284; x_wconf 80' lang='grc' dir='ltr'><strong>πληροῦντες</strong></span> <span class='ocrx_word' id='word_1_183' title='bbox 2923 1228 2935 1241; x_wconf 85' lang='grc'>⁶</span> <span class='ocrx_word' id='word_1_184' title='bbox 2978 1214 3068 1261; x_wconf 85' lang='grc' dir='ltr'><strong>καὶ</strong></span> <span class='ocrx_word' id='word_1_185' title='bbox 3116 1205 3514 1280; x_wconf 76' lang='grc' dir='ltr'><strong>ἆντιδεξοίμεθα</strong></span> <span class='ocrx_word' id='word_1_186' title='bbox 3555 1205 3705 1278; x_wconf 85' lang='grc' dir='ltr'><strong>λόγον</strong></span> <span class='ocrx_word' id='word_1_187' title='bbox 3746 1208 3832 1277; x_wconf 77' lang='grc' dir='ltr'><strong>ἰγ-</strong></span> 
     </span>
    </p>
   </div>
   <div class='ocr_carea' id='block_1_29' title="bbox 2228 1293 3828 1378">
    <p class='ocr_par' dir='ltr' id='par_1_29' title="bbox 2228 1293 3828 1378">
     <span class='ocr_line' id='line_1_29' title="bbox 2228 1293 3828 1378; baseline -0.006 -23"><span class='ocrx_word' id='word_1_188' title='bbox 2228 1302 2537 1378; x_wconf 88' lang='grc' dir='ltr'><strong>γροίμματον</strong></span> <span class='ocrx_word' id='word_1_189' title='bbox 2572 1319 2584 1332; x_wconf 82' lang='lat'><strong><em>°</em></strong></span> <span class='ocrx_word' id='word_1_190' title='bbox 2631 1303 2714 1354; x_wconf 89' lang='grc' dir='ltr'><strong>ἶνα</strong></span> <span class='ocrx_word' id='word_1_191' title='bbox 2765 1300 2954 1372; x_wconf 86' lang='grc' dir='ltr'><strong>μᾶλλον</strong></span> <span class='ocrx_word' id='word_1_192' title='bbox 3009 1303 3100 1351; x_wconf 83' lang='grc' dir='ltr'><strong>καὶ</strong></span> <span class='ocrx_word' id='word_1_193' title='bbox 3156 1302 3492 1369; x_wconf 75' lang='grc' dir='ltr'><strong>γνωρίσωμεν</strong></span> <span class='ocrx_word' id='word_1_194' title='bbox 3552 1293 3828 1365; x_wconf 76' lang='grc' dir='ltr'><strong>ἀλλήλους,</strong></span> 
     </span>
    </p>
   </div>
   <div class='ocr_carea' id='block_1_30' title="bbox 2228 1387 3832 1464">
    <p class='ocr_par' dir='ltr' id='par_1_30' title="bbox 2228 1387 3832 1464">
     <span class='ocr_line' id='line_1_30' title="bbox 2228 1387 3832 1464; baseline -0.006 -20"><span class='ocrx_word' id='word_1_195' title='bbox 2228 1396 2317 1444; x_wconf 83' lang='grc' dir='ltr'><strong>καὶ</strong></span> <span class='ocrx_word' id='word_1_196' title='bbox 2347 1395 2415 1454; x_wconf 87' lang='grc' dir='ltr'><strong>ὡς</strong></span> <span class='ocrx_word' id='word_1_197' title='bbox 2454 1392 2668 1464; x_wconf 84' lang='grc' dir='ltr'><strong>ὁρῶντες</strong></span> <span class='ocrx_word' id='word_1_198' title='bbox 2719 1391 2968 1464; x_wconf 81' lang='grc' dir='ltr'><strong>ὁρώμενοι</strong></span> <span class='ocrx_word' id='word_1_199' title='bbox 3017 1397 3079 1461; x_wconf 71' lang='grc' dir='ltr'><strong>τῇ</strong></span> <span class='ocrx_word' id='word_1_200' title='bbox 3137 1393 3479 1462; x_wconf 76' lang='grc' dir='ltr'><strong>γραμματικῇ</strong></span> <span class='ocrx_word' id='word_1_201' title='bbox 3521 1387 3832 1458; x_wconf 73' lang='grc' dir='ltr'><strong>προσφωνή-</strong></span> 
     </span>
    </p>
   </div>
   <div class='ocr_carea' id='block_1_31' title="bbox 2207 1475 3822 1554">
    <p class='ocr_par' dir='ltr' id='par_1_31' title="bbox 2207 1475 3822 1554">
     <span class='ocr_line' id='line_1_31' title="bbox 2207 1475 3822 1554; baseline -0.007 -19"><span class='ocrx_word' id='word_1_202' title='bbox 2207 1500 2312 1535; x_wconf 82' lang='grc' dir='ltr'><strong>’σει</strong></span> <span class='ocrx_word' id='word_1_203' title='bbox 2357 1479 2722 1554; x_wconf 82' lang='grc' dir='ltr'><strong>διαμενοῦμεν,</strong></span> <span class='ocrx_word' id='word_1_204' title='bbox 2776 1478 2822 1531; x_wconf 79' lang='grc' dir='ltr'><strong>ἰν</strong></span> <span class='ocrx_word' id='word_1_205' title='bbox 2855 1486 3070 1551; x_wconf 81' lang='grc' dir='ltr'><strong>Χριστῷ</strong></span> <span class='ocrx_word' id='word_1_206' title='bbox 3112 1476 3286 1536; x_wconf 84' lang='grc' dir='ltr'><strong>Ἰησοῦ</strong></span> <span class='ocrx_word' id='word_1_207' title='bbox 3317 1483 3389 1546; x_wconf 85' lang='grc' dir='ltr'><strong>τῷ</strong></span> <span class='ocrx_word' id='word_1_208' title='bbox 3426 1479 3600 1548; x_wconf 80' lang='grc' dir='ltr'><strong>Κυρίῳ</strong></span> <span class='ocrx_word' id='word_1_209' title='bbox 3629 1475 3778 1546; x_wconf 79' lang='grc' dir='ltr'><strong>ἡμῶν</strong></span> <span class='ocrx_word' id='word_1_210' title='bbox 3811 1490 3822 1501; x_wconf 75' lang='grc'><strong><em>³</em></strong></span> 
     </span>
    </p>
   </div>
   <div class='ocr_carea' id='block_1_32' title="bbox 2230 1559 3834 1642">
    <p class='ocr_par' dir='ltr' id='par_1_32' title="bbox 2230 1559 3834 1642">
     <span class='ocr_line' id='line_1_32' title="bbox 2230 1559 3834 1642; baseline -0.006 -20"><span class='ocrx_word' id='word_1_211' title='bbox 2230 1569 2292 1623; x_wconf 79' lang='grc' dir='ltr'><strong>οὗ</strong></span> <span class='ocrx_word' id='word_1_212' title='bbox 2348 1572 2376 1629; x_wconf 83' lang='grc' dir='ltr'>ἡ</span> <span class='ocrx_word' id='word_1_213' title='bbox 2418 1571 2688 1642; x_wconf 81' lang='grc' dir='ltr'><strong>ἄχραντος</strong></span> <span class='ocrx_word' id='word_1_214' title='bbox 2742 1569 2888 1620; x_wconf 86' lang='grc' dir='ltr'><strong>εἰκὼν</strong></span> <span class='ocrx_word' id='word_1_215' title='bbox 2943 1571 3180 1639; x_wconf 90' lang='grc' dir='ltr'><strong>σωτηρία</strong></span> <span class='ocrx_word' id='word_1_216' title='bbox 3229 1569 3457 1637; x_wconf 88' lang='grc' dir='ltr'><strong>κόσμου,</strong></span> <span class='ocrx_word' id='word_1_217' title='bbox 3493 1571 3581 1624; x_wconf 82' lang='grc' dir='ltr'><strong>τῆς</strong></span> <span class='ocrx_word' id='word_1_218' title='bbox 3627 1559 3834 1615; x_wconf 84' lang='grc' dir='ltr'><strong>εἰδὼλι-</strong></span> 
     </span>
    </p>
   </div>
   <div class='ocr_carea' id='block_1_33' title="bbox 2229 1657 2856 1721">
    <p class='ocr_par' dir='ltr' id='par_1_33' title="bbox 2229 1657 2856 1721">
     <span class='ocr_line' id='line_1_33' title="bbox 2229 1657 2856 1721; baseline -0.006 -9"><span class='ocrx_word' id='word_1_219' title='bbox 2229 1667 2323 1720; x_wconf 78' lang='grc' dir='ltr'><strong>κῆς</strong></span> <span class='ocrx_word' id='word_1_220' title='bbox 2351 1658 2549 1721; x_wconf 77' lang='grc' dir='ltr'><strong>πλάνης</strong></span> <span class='ocrx_word' id='word_1_221' title='bbox 2569 1657 2856 1719; x_wconf 79' lang='grc' dir='ltr'><strong>ἂντίθετος.</strong></span> 
     </span>
    </p>
   </div>
   <div class='ocr_carea' id='block_1_34' title="bbox 2152 1768 3832 1855">
    <p class='ocr_par' dir='ltr' id='par_1_34' title="bbox 2152 1768 3832 1855">
     <span class='ocr_line' id='line_1_34' title="bbox 2152 1768 3832 1855; baseline -0.007 -15"><span class='ocrx_word' id='word_1_222' title='bbox 2152 1772 2194 1827; x_wconf 83' lang='grc' dir='ltr'>Β</span> <span class='ocrx_word' id='word_1_223' title='bbox 2232 1768 2550 1855; x_wconf 50' lang='grc' dir='ltr'><strong>ΡΒΘ¹&lt;93’).</strong></span> <span class='ocrx_word' id='word_1_224' title='bbox 2575 1813 2642 1822; x_wconf 92' lang='lat'><strong>—</strong></span> <span class='ocrx_word' id='word_1_225' title='bbox 2664 1780 3083 1855; x_wconf 58' lang='grc' dir='ltr'><strong>Μιχαὴλ-καὶΔ</strong></span> <span class='ocrx_word' id='word_1_226' title='bbox 3109 1778 3416 1855; x_wconf 29' lang='grc' dir='ltr'><strong>*Θεοφίλῳ</strong></span> <span class='ocrx_word' id='word_1_227' title='bbox 3456 1777 3832 1851; x_wconf 83' lang='grc' dir='ltr'><strong>βασιλεῦσιν.</strong></span> 
     </span>
    </p>
   </div>
   <div class='ocr_carea' id='block_1_35' title="bbox 2942 1849 3126 1938">
    <p class='ocr_par' dir='ltr' id='par_1_35' title="bbox 2942 1849 3126 1938">
     <span class='ocr_line' id='line_1_35' title="bbox 2942 1849 3126 1938; baseline -0.011 -14"><span class='ocrx_word' id='word_1_228' title='bbox 2942 1849 3126 1938; x_wconf 66' lang='grc' dir='ltr'><strong>[ψιηεό]</strong></span> 
     </span>
    </p>
   </div>
   <div class='ocr_carea' id='block_1_36' title="bbox 1125 1949 3182 2016">
    <p class='ocr_par' dir='ltr' id='par_1_36' title="bbox 1125 1949 3182 2016">
     <span class='ocr_line' id='line_1_36' title="bbox 1125 1949 3182 2016; baseline -0.003 -14"><span class='ocrx_word' id='word_1_229' title='bbox 1125 1952 1197 2002; x_wconf 92' lang='lat' dir='ltr'><strong>De</strong></span> <span class='ocrx_word' id='word_1_230' title='bbox 1231 1952 1336 2001; x_wconf 88' lang='lat' dir='ltr'><strong>ﬁde</strong></span> <span class='ocrx_word' id='word_1_231' title='bbox 1362 1951 1680 2009; x_wconf 83' lang='lat' dir='ltr'><strong>orthodoxa,</strong></span> <span class='ocrx_word' id='word_1_232' title='bbox 1716 1955 1768 2001; x_wconf 90' lang='lat' dir='ltr'><strong>et</strong></span> <span class='ocrx_word' id='word_1_233' title='bbox 1792 1953 1858 2002; x_wconf 91' lang='lat' dir='ltr'><strong>de</strong></span> <span class='ocrx_word' id='word_1_234' title='bbox 1886 1952 2086 2002; x_wconf 82' lang='lat' dir='ltr'><strong>sanctis</strong></span> <span class='ocrx_word' id='word_1_235' title='bbox 2116 1952 2468 2016; x_wconf 81' lang='lat' dir='ltr'><strong>imaginibus.</strong></span> <span class='ocrx_word' id='word_1_236' title='bbox 2496 1952 2706 2014; x_wconf 87' lang='lat' dir='ltr'><strong>(Baron.</strong></span> <span class='ocrx_word' id='word_1_237' title='bbox 2730 1963 2817 2000; x_wconf 89' lang='lat' dir='ltr'><strong>an.</strong></span> <span class='ocrx_word' id='word_1_238' title='bbox 2847 1949 2956 2004; x_wconf 80' lang='lat'><strong>823,</strong></span> <span class='ocrx_word' id='word_1_239' title='bbox 2991 1964 3043 1998; x_wconf 91' lang='lat' dir='ltr'><strong>n.</strong></span> <span class='ocrx_word' id='word_1_240' title='bbox 3081 1949 3182 2010; x_wconf 71' lang='grc'><strong>14.)</strong></span> 
     </span>
    </p>
   </div>
   <div class='ocr_carea' id='block_1_37' title="bbox 539 2042 2123 2113">
    <p class='ocr_par' dir='ltr' id='par_1_37' title="bbox 539 2042 2123 2113">
     <span class='ocr_line' id='line_1_37' title="bbox 539 2042 2123 2113; baseline -0.002 -14"><span class='ocrx_word' id='word_1_241' title='bbox 539 2043 796 2113; x_wconf 79' lang='lat' dir='ltr'><strong>Regibus</strong></span> <span class='ocrx_word' id='word_1_242' title='bbox 811 2042 1089 2110; x_wconf 81' lang='lat' dir='ltr'><strong>piissimis</strong></span> <span class='ocrx_word' id='word_1_243' title='bbox 1111 2052 1164 2097; x_wconf 83' lang='lat' dir='ltr'><strong>et</strong></span> <span class='ocrx_word' id='word_1_244' title='bbox 1177 2042 1632 2112; x_wconf 83' lang='lat' dir='ltr'><strong>religiosissimis</strong></span> <span class='ocrx_word' id='word_1_245' title='bbox 1647 2057 1684 2097; x_wconf 89' lang='lat' dir='ltr'><strong>a</strong></span> <span class='ocrx_word' id='word_1_246' title='bbox 1702 2043 1819 2097; x_wconf 88' lang='lat' dir='ltr'><strong>Deo</strong></span> <span class='ocrx_word' id='word_1_247' title='bbox 1840 2043 2123 2112; x_wconf 83' lang='lat' dir='ltr'><strong>Augustis</strong></span> 
     </span>
    </p>
   </div>
   <div class='ocr_carea' id='block_1_38' title="bbox 470 2129 2126 2202">
    <p class='ocr_par' dir='ltr' id='par_1_38' title="bbox 470 2129 2126 2202">
     <span class='ocr_line' id='line_1_38' title="bbox 470 2129 2126 2202; baseline -0.002 -13"><span class='ocrx_word' id='word_1_248' title='bbox 470 2136 525 2189; x_wconf 79' lang='lat' dir='ltr'><strong>ei</strong></span> <span class='ocrx_word' id='word_1_249' title='bbox 547 2132 1037 2202; x_wconf 77' lang='lat' dir='ltr'><strong>imperatoribus,</strong></span> <span class='ocrx_word' id='word_1_250' title='bbox 1071 2132 1352 2201; x_wconf 86' lang='lat' dir='ltr'><strong>apologia</strong></span> <span class='ocrx_word' id='word_1_251' title='bbox 1384 2139 1436 2188; x_wconf 83' lang='lat' dir='ltr'><strong>et</strong></span> <span class='ocrx_word' id='word_1_252' title='bbox 1481 2131 1769 2187; x_wconf 80' lang='lat' dir='ltr'><strong>allocutio</strong></span> <span class='ocrx_word' id='word_1_253' title='bbox 1794 2146 1996 2187; x_wconf 86' lang='lat' dir='ltr'><strong>eorum</strong></span> <span class='ocrx_word' id='word_1_254' title='bbox 2021 2129 2126 2202; x_wconf 87' lang='lat' dir='ltr'><strong>qui</strong></span> 
     </span>
    </p>
   </div>
   <div class='ocr_carea' id='block_1_39' title="bbox 469 2219 1405 2292">
    <p class='ocr_par' dir='ltr' id='par_1_39' title="bbox 469 2219 1405 2292">
     <span class='ocr_line' id='line_1_39' title="bbox 469 2219 1405 2292; baseline -0.005 -14"><span class='ocrx_word' id='word_1_255' title='bbox 469 2221 564 2278; x_wconf 86' lang='lat' dir='ltr'><strong>hic</strong></span> <span class='ocrx_word' id='word_1_256' title='bbox 593 2229 772 2292; x_wconf 83' lang='lat' dir='ltr'><strong>atque</strong></span> <span class='ocrx_word' id='word_1_257' title='bbox 796 2221 926 2276; x_wconf 86' lang='lat' dir='ltr'><strong>illic</strong></span> <span class='ocrx_word' id='word_1_258' title='bbox 965 2219 1220 2288; x_wconf 83' lang='lat' dir='ltr'><strong>dispersi</strong></span> <span class='ocrx_word' id='word_1_259' title='bbox 1243 2225 1405 2275; x_wconf 77' lang='lat' dir='ltr'><strong>sunt.</strong></span> 
     </span>
    </p>
   </div>
   <div class='ocr_carea' id='block_1_40' title="bbox 538 2396 2124 2470">
    <p class='ocr_par' dir='ltr' id='par_1_40' title="bbox 538 2396 2124 2470">
     <span class='ocr_line' id='line_1_40' title="bbox 538 2396 2124 2470; baseline -0.001 -17"><span class='ocrx_word' id='word_1_260' title='bbox 538 2399 916 2470; x_wconf 88' lang='lat' dir='ltr'><strong>Perspectum</strong></span> <span class='ocrx_word' id='word_1_261' title='bbox 956 2400 1043 2452; x_wconf 89' lang='lat' dir='ltr'><strong>est</strong></span> <span class='ocrx_word' id='word_1_262' title='bbox 1095 2396 1167 2451; x_wconf 91' lang='lat' dir='ltr'><strong>iis</strong></span> <span class='ocrx_word' id='word_1_263' title='bbox 1226 2396 1330 2468; x_wconf 86' lang='lat' dir='ltr'><strong>qui</strong></span> <span class='ocrx_word' id='word_1_264' title='bbox 1385 2396 1612 2453; x_wconf 89' lang='lat' dir='ltr'><strong>ratione</strong></span> <span class='ocrx_word' id='word_1_265' title='bbox 1673 2396 1905 2468; x_wconf 66' lang='lat' dir='ltr'><strong>praediti</strong></span> <span class='ocrx_word' id='word_1_266' title='bbox 1968 2402 2124 2462; x_wconf 88' lang='lat' dir='ltr'><strong>sunt,</strong></span> 
     </span>
    </p>
   </div>
   <div class='ocr_carea' id='block_1_41' title="bbox 471 2485 2127 2558">
    <p class='ocr_par' dir='ltr' id='par_1_41' title="bbox 471 2485 2127 2558">
     <span class='ocr_line' id='line_1_41' title="bbox 471 2485 2127 2558; baseline -0.004 -12"><span class='ocrx_word' id='word_1_267' title='bbox 471 2492 658 2546; x_wconf 89' lang='lat' dir='ltr'><strong>Deum</strong></span> <span class='ocrx_word' id='word_1_268' title='bbox 709 2502 912 2558; x_wconf 82' lang='lat' dir='ltr'><strong>regem</strong></span> <span class='ocrx_word' id='word_1_269' title='bbox 966 2486 1404 2552; x_wconf 87' lang='lat' dir='ltr'><strong>universorum,</strong></span> <span class='ocrx_word' id='word_1_270' title='bbox 1455 2485 1668 2542; x_wconf 88' lang='lat' dir='ltr'><strong>terreni</strong></span> <span class='ocrx_word' id='word_1_271' title='bbox 1717 2485 1952 2558; x_wconf 88' lang='lat' dir='ltr'><strong>imperii</strong></span> <span class='ocrx_word' id='word_1_272' title='bbox 2001 2502 2127 2542; x_wconf 90' lang='lat' dir='ltr'><strong>rem</strong></span> 
     </span>
    </p>
   </div>
   <div class='ocr_carea' id='block_1_42' title="bbox 473 2575 2126 2647">
    <p class='ocr_par' dir='ltr' id='par_1_42' title="bbox 473 2575 2126 2647">
     <span class='ocr_line' id='line_1_42' title="bbox 473 2575 2126 2647; baseline -0.003 -14"><span class='ocrx_word' id='word_1_273' title='bbox 473 2590 816 2647; x_wconf 87' lang='lat' dir='ltr'><strong>nomenque</strong></span> <span class='ocrx_word' id='word_1_274' title='bbox 838 2579 1156 2645; x_wconf 87' lang='lat' dir='ltr'><strong>propterea</strong></span> <span class='ocrx_word' id='word_1_275' title='bbox 1183 2581 1409 2630; x_wconf 67' lang='lat' dir='ltr'><strong>naturae</strong></span> <span class='ocrx_word' id='word_1_276' title='bbox 1431 2575 1716 2630; x_wconf 63' lang='lat' dir='ltr'><strong>humanas</strong></span> <span class='ocrx_word' id='word_1_277' title='bbox 1738 2575 2126 2641; x_wconf 88' lang='lat' dir='ltr'><strong>concessisse,</strong></span> 
     </span>
    </p>
   </div>
   <div class='ocr_carea' id='block_1_43' title="bbox 471 2663 2132 2735">
    <p class='ocr_par' dir='ltr' id='par_1_43' title="bbox 471 2663 2132 2735">
     <span class='ocr_line' id='line_1_43' title="bbox 471 2663 2132 2735; baseline -0.002 -13"><span class='ocrx_word' id='word_1_278' title='bbox 471 2671 536 2722; x_wconf 89' lang='lat' dir='ltr'><strong>ut</strong></span> <span class='ocrx_word' id='word_1_279' title='bbox 569 2672 739 2729; x_wconf 89' lang='lat' dir='ltr'><strong>terra,</strong></span> <span class='ocrx_word' id='word_1_280' title='bbox 772 2663 1103 2718; x_wconf 88' lang='lat' dir='ltr'><strong>imitatione</strong></span> <span class='ocrx_word' id='word_1_281' title='bbox 1143 2664 1294 2727; x_wconf 69' lang='lat' dir='ltr'><strong>caali,</strong></span> <span class='ocrx_word' id='word_1_282' title='bbox 1337 2679 1548 2734; x_wconf 89' lang='lat' dir='ltr'><strong>pacem</strong></span> <span class='ocrx_word' id='word_1_283' title='bbox 1594 2668 1775 2735; x_wconf 88' lang='lat' dir='ltr'><strong>atque</strong></span> <span class='ocrx_word' id='word_1_284' title='bbox 1808 2663 2132 2735; x_wconf 86' lang='lat' dir='ltr'><strong>tranquilli-</strong></span> 
     </span>
    </p>
   </div>
   <div class='ocr_carea' id='block_1_44' title="bbox 471 2751 2130 2824">
    <p class='ocr_par' dir='ltr' id='par_1_44' title="bbox 471 2751 2130 2824">
     <span class='ocr_line' id='line_1_44' title="bbox 471 2751 2130 2824; baseline -0.001 -14"><span class='ocrx_word' id='word_1_285' title='bbox 471 2759 656 2810; x_wconf 87' lang='lat' dir='ltr'><strong>tatem</strong></span> <span class='ocrx_word' id='word_1_286' title='bbox 689 2753 985 2816; x_wconf 89' lang='lat' dir='ltr'><strong>obtinens,</strong></span> <span class='ocrx_word' id='word_1_287' title='bbox 1030 2751 1203 2824; x_wconf 91' lang='lat' dir='ltr'><strong>parili</strong></span> <span class='ocrx_word' id='word_1_288' title='bbox 1256 2767 1394 2806; x_wconf 92' lang='lat' dir='ltr'><strong>eum</strong></span> <span class='ocrx_word' id='word_1_289' title='bbox 1435 2752 1615 2807; x_wconf 88' lang='lat' dir='ltr'><strong>laude</strong></span> <span class='ocrx_word' id='word_1_290' title='bbox 1672 2758 1728 2807; x_wconf 89' lang='lat' dir='ltr'><strong>et</strong></span> <span class='ocrx_word' id='word_1_291' title='bbox 1777 2753 2130 2808; x_wconf 88' lang='lat' dir='ltr'><strong>adoratione</strong></span> 
     </span>
    </p>
   </div>
   <div class='ocr_carea' id='block_1_45' title="bbox 471 2841 2131 2916">
    <p class='ocr_par' dir='ltr' id='par_1_45' title="bbox 471 2841 2131 2916">
     <span class='ocr_line' id='line_1_45' title="bbox 471 2841 2131 2916; baseline -0.001 -17"><span class='ocrx_word' id='word_1_292' title='bbox 471 2846 890 2916; x_wconf 88' lang='lat' dir='ltr'><strong>prosequatur.</strong></span> <span class='ocrx_word' id='word_1_293' title='bbox 926 2841 1105 2911; x_wconf 87' lang='lat' dir='ltr'><strong>Cujus</strong></span> <span class='ocrx_word' id='word_1_294' title='bbox 1134 2857 1294 2896; x_wconf 89' lang='lat' dir='ltr'><strong>nunc</strong></span> <span class='ocrx_word' id='word_1_295' title='bbox 1324 2841 1596 2896; x_wconf 89' lang='lat' dir='ltr'><strong>habenas</strong></span> <span class='ocrx_word' id='word_1_296' title='bbox 1623 2841 1828 2898; x_wconf 89' lang='lat' dir='ltr'><strong>divino</strong></span> <span class='ocrx_word' id='word_1_297' title='bbox 1858 2843 2131 2898; x_wconf 86' lang='lat' dir='ltr'><strong>sortitum</strong></span> 
     </span>
    </p>
   </div>
   <div class='ocr_carea' id='block_1_46' title="bbox 474 2930 2130 3003">
    <p class='ocr_par' dir='ltr' id='par_1_46' title="bbox 474 2930 2130 3003">
     <span class='ocr_line' id='line_1_46' title="bbox 474 2930 2130 3003; baseline -0.001 -15"><span class='ocrx_word' id='word_1_298' title='bbox 474 2931 760 3000; x_wconf 72' lang='lat' dir='ltr'><strong>suffragio</strong></span> <span class='ocrx_word' id='word_1_299' title='bbox 787 2935 1046 2985; x_wconf 85' lang='lat' dir='ltr'><strong>vestrum</strong></span> <span class='ocrx_word' id='word_1_300' title='bbox 1081 2930 1286 2986; x_wconf 89' lang='lat' dir='ltr'><strong>Christi</strong></span> <span class='ocrx_word' id='word_1_301' title='bbox 1314 2930 1598 2985; x_wconf 67' lang='lat' dir='ltr'><strong>aemulum</strong></span> <span class='ocrx_word' id='word_1_302' title='bbox 1629 2930 1968 3003; x_wconf 86' lang='lat' dir='ltr'><strong>imperium,</strong></span> <span class='ocrx_word' id='word_1_303' title='bbox 1999 2932 2130 3002; x_wconf 90' lang='lat' dir='ltr'><strong>jure</strong></span> 
     </span>
    </p>
   </div>
   <div class='ocr_carea' id='block_1_47' title="bbox 472 3019 2134 3085">
    <p class='ocr_par' dir='ltr' id='par_1_47' title="bbox 472 3019 2134 3085">
     <span class='ocr_line' id='line_1_47' title="bbox 472 3019 2134 3085; baseline -0.001 -9"><span class='ocrx_word' id='word_1_304' title='bbox 472 3036 585 3077; x_wconf 91' lang='lat' dir='ltr'><strong>nos</strong></span> <span class='ocrx_word' id='word_1_305' title='bbox 611 3019 900 3076; x_wconf 88' lang='lat' dir='ltr'><strong>minimos</strong></span> <span class='ocrx_word' id='word_1_306' title='bbox 930 3019 1266 3085; x_wconf 89' lang='lat' dir='ltr'><strong>advocavit,</strong></span> <span class='ocrx_word' id='word_1_307' title='bbox 1293 3025 1350 3074; x_wconf 88' lang='lat' dir='ltr'><strong>ut</strong></span> <span class='ocrx_word' id='word_1_308' title='bbox 1371 3035 1508 3074; x_wconf 89' lang='lat' dir='ltr'><strong>cum</strong></span> <span class='ocrx_word' id='word_1_309' title='bbox 1529 3019 1601 3074; x_wconf 91' lang='lat' dir='ltr'><strong>iis</strong></span> <span class='ocrx_word' id='word_1_310' title='bbox 1633 3035 1973 3076; x_wconf 84' lang='lat' dir='ltr'><strong>sermonem</strong></span> <span class='ocrx_word' id='word_1_311' title='bbox 1995 3036 2134 3076; x_wconf 92' lang='lat' dir='ltr'><strong>con-</strong></span> 
     </span>
    </p>
   </div>
   <div class='ocr_carea' id='block_1_48' title="bbox 469 3107 2132 3180">
    <p class='ocr_par' dir='ltr' id='par_1_48' title="bbox 469 3107 2132 3180">
     <span class='ocr_line' id='line_1_48' title="bbox 469 3107 2132 3180; baseline -0.001 -14"><span class='ocrx_word' id='word_1_312' title='bbox 469 3110 755 3174; x_wconf 88' lang='lat' dir='ltr'><strong>feramus,</strong></span> <span class='ocrx_word' id='word_1_313' title='bbox 788 3108 892 3180; x_wconf 92' lang='lat' dir='ltr'><strong>qui</strong></span> <span class='ocrx_word' id='word_1_314' title='bbox 918 3107 1078 3163; x_wconf 90' lang='lat' dir='ltr'><strong>circa</strong></span> <span class='ocrx_word' id='word_1_315' title='bbox 1109 3107 1245 3162; x_wconf 84' lang='lat' dir='ltr'><strong>ﬁdei</strong></span> <span class='ocrx_word' id='word_1_316' title='bbox 1279 3107 1610 3164; x_wconf 89' lang='lat' dir='ltr'><strong>doctrinam</strong></span> <span class='ocrx_word' id='word_1_317' title='bbox 1636 3124 1671 3164; x_wconf 90' lang='lat' dir='ltr'><strong>a</strong></span> <span class='ocrx_word' id='word_1_318' title='bbox 1702 3107 1876 3164; x_wconf 89' lang='lat' dir='ltr'><strong>nobis</strong></span> <span class='ocrx_word' id='word_1_319' title='bbox 1902 3109 2132 3164; x_wconf 86' lang='lat' dir='ltr'><strong>dissen-</strong></span> 
     </span>
    </p>
   </div>
   <div class='ocr_carea' id='block_1_49' title="bbox 473 3197 2133 3270">
    <p class='ocr_par' dir='ltr' id='par_1_49' title="bbox 473 3197 2133 3270">
     <span class='ocr_line' id='line_1_49' title="bbox 473 3197 2133 3270; baseline -0.001 -15"><span class='ocrx_word' id='word_1_320' title='bbox 473 3200 626 3256; x_wconf 88' lang='lat' dir='ltr'><strong>tiunt</strong></span> <span class='ocrx_word' id='word_1_321' title='bbox 659 3213 673 3249; x_wconf 89' lang='lat'><strong>:</strong></span> <span class='ocrx_word' id='word_1_322' title='bbox 721 3203 781 3252; x_wconf 93' lang='lat' dir='ltr'><strong>ut</strong></span> <span class='ocrx_word' id='word_1_323' title='bbox 808 3197 948 3253; x_wconf 91' lang='lat' dir='ltr'><strong>hinc</strong></span> <span class='ocrx_word' id='word_1_324' title='bbox 990 3197 1275 3251; x_wconf 89' lang='lat' dir='ltr'><strong>nimirum</strong></span> <span class='ocrx_word' id='word_1_325' title='bbox 1305 3198 1684 3267; x_wconf 84' lang='lat' dir='ltr'><strong>cognoscatis</strong></span> <span class='ocrx_word' id='word_1_326' title='bbox 1717 3203 1848 3254; x_wconf 87' lang='lat' dir='ltr'><strong>utra</strong></span> <span class='ocrx_word' id='word_1_327' title='bbox 1878 3215 2017 3270; x_wconf 89' lang='lat' dir='ltr'><strong>pars</strong></span> <span class='ocrx_word' id='word_1_328' title='bbox 2039 3214 2133 3254; x_wconf 83' lang='lat' dir='ltr'><strong>ve-</strong></span> 
     </span>
    </p>
   </div>
   <div class='ocr_carea' id='block_1_50' title="bbox 471 3286 2132 3358">
    <p class='ocr_par' dir='ltr' id='par_1_50' title="bbox 471 3286 2132 3358">
     <span class='ocr_line' id='line_1_50' title="bbox 471 3286 2132 3358; baseline 0 -14"><span class='ocrx_word' id='word_1_329' title='bbox 471 3304 607 3344; x_wconf 89' lang='lat' dir='ltr'><strong>rum</strong></span> <span class='ocrx_word' id='word_1_330' title='bbox 660 3287 939 3358; x_wconf 86' lang='lat' dir='ltr'><strong>proferat,</strong></span> <span class='ocrx_word' id='word_1_331' title='bbox 995 3290 1051 3341; x_wconf 90' lang='lat' dir='ltr'><strong>et</strong></span> <span class='ocrx_word' id='word_1_332' title='bbox 1082 3286 1219 3341; x_wconf 90' lang='lat' dir='ltr'><strong>huic</strong></span> <span class='ocrx_word' id='word_1_333' title='bbox 1271 3286 1537 3357; x_wconf 88' lang='lat' dir='ltr'><strong>palmam</strong></span> <span class='ocrx_word' id='word_1_334' title='bbox 1578 3287 1865 3353; x_wconf 88' lang='lat' dir='ltr'><strong>tribuatis,</strong></span> <span class='ocrx_word' id='word_1_335' title='bbox 1900 3293 1962 3343; x_wconf 91' lang='lat' dir='ltr'><strong>ut</strong></span> <span class='ocrx_word' id='word_1_336' title='bbox 2009 3303 2132 3344; x_wconf 91' lang='lat' dir='ltr'><strong>non</strong></span> 
     </span>
    </p>
   </div>
   <div class='ocr_carea' id='block_1_51' title="bbox 444 3375 2133 3445">
    <p class='ocr_par' dir='ltr' id='par_1_51' title="bbox 444 3375 2133 3445">
     <span class='ocr_line' id='line_1_51' title="bbox 444 3375 2133 3445; baseline 0.001 -13"><span class='ocrx_word' id='word_1_337' title='bbox 444 3378 589 3445; x_wconf 30' lang='lat' dir='ltr'><strong>&quot;sint</strong></span> <span class='ocrx_word' id='word_1_338' title='bbox 621 3377 770 3431; x_wconf 83' lang='lat' dir='ltr'><strong>inter</strong></span> <span class='ocrx_word' id='word_1_339' title='bbox 797 3392 906 3431; x_wconf 89' lang='lat' dir='ltr'><strong>nos</strong></span> <span class='ocrx_word' id='word_1_340' title='bbox 948 3375 1294 3440; x_wconf 88' lang='lat' dir='ltr'><strong>schismata,</strong></span> <span class='ocrx_word' id='word_1_341' title='bbox 1328 3376 1430 3430; x_wconf 89' lang='lat' dir='ltr'><strong>sed</strong></span> <span class='ocrx_word' id='word_1_342' title='bbox 1480 3376 1640 3431; x_wconf 92' lang='lat' dir='ltr'><strong>idem</strong></span> <span class='ocrx_word' id='word_1_343' title='bbox 1689 3392 1900 3432; x_wconf 88' lang='lat' dir='ltr'><strong>omnes</strong></span> <span class='ocrx_word' id='word_1_344' title='bbox 1930 3376 2133 3433; x_wconf 88' lang='lat' dir='ltr'><strong>ortho-</strong></span> 
     </span>
    </p>
   </div>
   <div class='ocr_carea' id='block_1_52' title="bbox 474 3464 2132 3535">
    <p class='ocr_par' dir='ltr' id='par_1_52' title="bbox 474 3464 2132 3535">
     <span class='ocr_line' id='line_1_52' title="bbox 474 3464 2132 3535; baseline -0.002 -12"><span class='ocrx_word' id='word_1_345' title='bbox 474 3466 630 3522; x_wconf 86' lang='lat' dir='ltr'><strong>doxe</strong></span> <span class='ocrx_word' id='word_1_346' title='bbox 644 3464 899 3520; x_wconf 92' lang='lat' dir='ltr'><strong>sentiam</strong></span> <span class='ocrx_word' id='word_1_347' title='bbox 911 3465 1068 3521; x_wconf 91' lang='lat' dir='ltr'><strong>us.In</strong></span> <span class='ocrx_word' id='word_1_348' title='bbox 1083 3479 1204 3534; x_wconf 92' lang='lat' dir='ltr'><strong>quo</strong></span> <span class='ocrx_word' id='word_1_349' title='bbox 1217 3464 1462 3535; x_wconf 91' lang='lat' dir='ltr'><strong>quidem</strong></span> <span class='ocrx_word' id='word_1_350' title='bbox 1478 3470 1742 3520; x_wconf 89' lang='lat' dir='ltr'><strong>vestrum</strong></span> <span class='ocrx_word' id='word_1_351' title='bbox 1755 3464 2132 3521; x_wconf 90' lang='lat' dir='ltr'><strong>laudavimus</strong></span> 
     </span>
    </p>
   </div>
   <div class='ocr_carea' id='block_1_53' title="bbox 476 3551 2132 3626">
    <p class='ocr_par' dir='ltr' id='par_1_53' title="bbox 476 3551 2132 3626">
     <span class='ocr_line' id='line_1_53' title="bbox 476 3551 2132 3626; baseline -0.001 -16"><span class='ocrx_word' id='word_1_352' title='bbox 476 3553 885 3626; x_wconf 63' lang='lat' dir='ltr'><strong>perdiscenda</strong></span> <span class='ocrx_word' id='word_1_353' title='bbox 915 3551 1055 3607; x_wconf 87' lang='lat' dir='ltr'><strong>ﬁdei</strong></span> <span class='ocrx_word' id='word_1_354' title='bbox 1083 3552 1352 3608; x_wconf 85' lang='lat' dir='ltr'><strong>studium</strong></span> <span class='ocrx_word' id='word_1_355' title='bbox 1383 3570 1398 3620; x_wconf 92' lang='lat'><strong>;</strong></span> <span class='ocrx_word' id='word_1_356' title='bbox 1433 3569 1504 3609; x_wconf 91' lang='lat' dir='ltr'><strong>ac</strong></span> <span class='ocrx_word' id='word_1_357' title='bbox 1530 3555 1725 3624; x_wconf 89' lang='lat' dir='ltr'><strong>magis</strong></span> <span class='ocrx_word' id='word_1_358' title='bbox 1755 3556 1933 3610; x_wconf 84' lang='lat' dir='ltr'><strong>etiam</strong></span> <span class='ocrx_word' id='word_1_359' title='bbox 1970 3554 2132 3626; x_wconf 90' lang='lat' dir='ltr'><strong>pacis</strong></span> 
     </span>
    </p>
   </div>
   <div class='ocr_carea' id='block_1_54' title="bbox 475 3640 2135 3715">
    <p class='ocr_par' dir='ltr' id='par_1_54' title="bbox 475 3640 2135 3715">
     <span class='ocr_line' id='line_1_54' title="bbox 475 3640 2135 3715; baseline -0.001 -15"><span class='ocrx_word' id='word_1_360' title='bbox 475 3642 906 3715; x_wconf 73' lang='lat' dir='ltr'><strong>componendae</strong></span> <span class='ocrx_word' id='word_1_361' title='bbox 927 3640 1243 3697; x_wconf 87' lang='lat' dir='ltr'><strong>consilium</strong></span> <span class='ocrx_word' id='word_1_362' title='bbox 1263 3641 1648 3697; x_wconf 89' lang='lat' dir='ltr'><strong>laudavimus</strong></span> <span class='ocrx_word' id='word_1_363' title='bbox 1674 3665 1684 3706; x_wconf 86' lang='lat'><strong>;</strong></span> <span class='ocrx_word' id='word_1_364' title='bbox 1715 3659 1837 3715; x_wconf 94' lang='lat' dir='ltr'><strong>quo</strong></span> <span class='ocrx_word' id='word_1_365' title='bbox 1869 3643 2135 3699; x_wconf 89' lang='lat' dir='ltr'><strong>subdito-</strong></span> 
     </span>
    </p>
   </div>
   <div class='ocr_carea' id='block_1_55' title="bbox 475 3729 2129 3831">
    <p class='ocr_par' dir='ltr' id='par_1_55' title="bbox 475 3729 2129 3831">
     <span class='ocr_line' id='line_1_55' title="bbox 475 3729 2129 3831; baseline -0.001 -43"><span class='ocrx_word' id='word_1_366' title='bbox 475 3749 609 3788; x_wconf 91' lang='lat' dir='ltr'><strong>rum</strong></span> <span class='ocrx_word' id='word_1_367' title='bbox 641 3730 876 3786; x_wconf 89' lang='lat' dir='ltr'><strong>utilitati</strong></span> <span class='ocrx_word' id='word_1_368' title='bbox 907 3746 977 3785; x_wconf 89' lang='lat' dir='ltr'><strong>ac</strong></span> <span class='ocrx_word' id='word_1_369' title='bbox 1010 3729 1190 3784; x_wconf 87' lang='lat' dir='ltr'><strong>saluti</strong></span> <span class='ocrx_word' id='word_1_370' title='bbox 1220 3730 1557 3786; x_wconf 85' lang='lat' dir='ltr'><strong>consulitis.</strong></span> <span class='ocrx_word' id='word_1_371' title='bbox 1586 3733 1650 3786; x_wconf 88' lang='lat' dir='ltr'><strong>Et</strong></span> <span class='ocrx_word' id='word_1_372' title='bbox 1682 3731 1854 3787; x_wconf 89' lang='lat' dir='ltr'><strong>vobis</strong></span> <span class='ocrx_word' id='word_1_373' title='bbox 1886 3732 2129 3831; x_wconf 56' lang='grc' dir='ltr'><strong>σαίρω]</strong></span> 
     </span>
    </p>
   </div>
   <div class='ocr_carea' id='block_1_56' title="bbox 475 3819 2128 3892">
    <p class='ocr_par' dir='ltr' id='par_1_56' title="bbox 475 3819 2128 3892">
     <span class='ocr_line' id='line_1_56' title="bbox 475 3819 2128 3892; baseline -0.001 -15"><span class='ocrx_word' id='word_1_374' title='bbox 475 3821 615 3878; x_wconf 90' lang='lat' dir='ltr'><strong>hinc</strong></span> <span class='ocrx_word' id='word_1_375' title='bbox 643 3821 960 3892; x_wconf 65' lang='lat' dir='ltr'><strong>praemium</strong></span> <span class='ocrx_word' id='word_1_376' title='bbox 993 3819 1121 3888; x_wconf 89' lang='lat' dir='ltr'><strong>erit,</strong></span> <span class='ocrx_word' id='word_1_377' title='bbox 1145 3819 1202 3873; x_wconf 91' lang='lat' dir='ltr'><strong>in</strong></span> <span class='ocrx_word' id='word_1_378' title='bbox 1231 3819 1496 3875; x_wconf 90' lang='lat' dir='ltr'><strong>claritate</strong></span> <span class='ocrx_word' id='word_1_379' title='bbox 1519 3820 1756 3876; x_wconf 90' lang='lat' dir='ltr'><strong>claritas</strong></span> <span class='ocrx_word' id='word_1_380' title='bbox 1795 3819 2128 3886; x_wconf 77' lang='lat' dir='ltr'><strong>ineﬁ‘atiilis,</strong></span> 
     </span>
    </p>
   </div>
   <div class='ocr_carea' id='block_1_57' title="bbox 477 3909 2130 3979">
    <p class='ocr_par' dir='ltr' id='par_1_57' title="bbox 477 3909 2130 3979">
     <span class='ocr_line' id='line_1_57' title="bbox 477 3909 2130 3979; baseline -0.001 -13"><span class='ocrx_word' id='word_1_381' title='bbox 477 3915 531 3967; x_wconf 91' lang='lat' dir='ltr'><strong>et</strong></span> <span class='ocrx_word' id='word_1_382' title='bbox 550 3911 607 3965; x_wconf 91' lang='lat' dir='ltr'><strong>in</strong></span> <span class='ocrx_word' id='word_1_383' title='bbox 629 3924 815 3976; x_wconf 86' lang='lat' dir='ltr'><strong>regno</strong></span> <span class='ocrx_word' id='word_1_384' title='bbox 830 3923 1085 3978; x_wconf 89' lang='lat' dir='ltr'><strong>regnum</strong></span> <span class='ocrx_word' id='word_1_385' title='bbox 1109 3910 1558 3979; x_wconf 89' lang='lat' dir='ltr'><strong>sempiternum.</strong></span> <span class='ocrx_word' id='word_1_386' title='bbox 1577 3911 1811 3976; x_wconf 91' lang='lat' dir='ltr'><strong>Verum,</strong></span> <span class='ocrx_word' id='word_1_387' title='bbox 1836 3926 1871 3965; x_wconf 95' lang='lat' dir='ltr'><strong>o</strong></span> <span class='ocrx_word' id='word_1_388' title='bbox 1900 3909 2130 3966; x_wconf 92' lang='lat' dir='ltr'><strong>domini</strong></span> 
     </span>
    </p>
   </div>
   <div class='ocr_carea' id='block_1_58' title="bbox 475 3991 2129 4066">
    <p class='ocr_par' dir='ltr' id='par_1_58' title="bbox 475 3991 2129 4066">
     <span class='ocr_line' id='line_1_58' title="bbox 475 3991 2129 4066; baseline -0.001 -16"><span class='ocrx_word' id='word_1_389' title='bbox 475 3992 687 4066; x_wconf 90' lang='lat' dir='ltr'><strong>optimi</strong></span> <span class='ocrx_word' id='word_1_390' title='bbox 718 3999 774 4048; x_wconf 91' lang='lat' dir='ltr'><strong>et</strong></span> <span class='ocrx_word' id='word_1_391' title='bbox 802 3995 919 4048; x_wconf 91' lang='lat' dir='ltr'><strong>Deo</strong></span> <span class='ocrx_word' id='word_1_392' title='bbox 971 3991 1394 4057; x_wconf 87' lang='lat' dir='ltr'><strong>amantissimi,</strong></span> <span class='ocrx_word' id='word_1_393' title='bbox 1428 4008 1549 4047; x_wconf 90' lang='lat' dir='ltr'><strong>non</strong></span> <span class='ocrx_word' id='word_1_394' title='bbox 1590 3999 1782 4065; x_wconf 90' lang='lat' dir='ltr'><strong>potest</strong></span> <span class='ocrx_word' id='word_1_395' title='bbox 1841 4009 2129 4065; x_wconf 85' lang='lat' dir='ltr'><strong>magnum</strong></span> 
     </span>
    </p>
   </div>
   <div class='ocr_carea' id='block_1_59' title="bbox 475 4079 2130 4152">
    <p class='ocr_par' dir='ltr' id='par_1_59' title="bbox 475 4079 2130 4152">
     <span class='ocr_line' id='line_1_59' title="bbox 475 4079 2130 4152; baseline -0.001 -14"><span class='ocrx_word' id='word_1_396' title='bbox 475 4083 591 4138; x_wconf 93' lang='lat' dir='ltr'><strong>hoc</strong></span> <span class='ocrx_word' id='word_1_397' title='bbox 622 4092 678 4136; x_wconf 92' lang='lat' dir='ltr'><strong>et</strong></span> <span class='ocrx_word' id='word_1_398' title='bbox 703 4080 1115 4152; x_wconf 85' lang='lat' dir='ltr'><strong>exoptandum</strong></span> <span class='ocrx_word' id='word_1_399' title='bbox 1170 4079 1402 4135; x_wconf 85' lang='lat' dir='ltr'><strong>facinus</strong></span> <span class='ocrx_word' id='word_1_400' title='bbox 1433 4085 1555 4136; x_wconf 89' lang='lat' dir='ltr'><strong>tam</strong></span> <span class='ocrx_word' id='word_1_401' title='bbox 1589 4081 1742 4137; x_wconf 87' lang='lat' dir='ltr'><strong>facili</strong></span> <span class='ocrx_word' id='word_1_402' title='bbox 1798 4082 2034 4151; x_wconf 89' lang='lat' dir='ltr'><strong>negotio</strong></span> <span class='ocrx_word' id='word_1_403' title='bbox 2077 4085 2130 4137; x_wconf 89' lang='lat' dir='ltr'><strong>et</strong></span> 
     </span>
    </p>
   </div>
   <div class='ocr_carea' id='block_1_60' title="bbox 479 4169 2133 4241">
    <p class='ocr_par' dir='ltr' id='par_1_60' title="bbox 479 4169 2133 4241">
     <span class='ocr_line' id='line_1_60' title="bbox 479 4169 2133 4241; baseline -0.001 -16"><span class='ocrx_word' id='word_1_404' title='bbox 479 4171 605 4226; x_wconf 91' lang='lat' dir='ltr'><strong>sine</strong></span> <span class='ocrx_word' id='word_1_405' title='bbox 634 4169 840 4225; x_wconf 86' lang='lat' dir='ltr'><strong>labore</strong></span> <span class='ocrx_word' id='word_1_406' title='bbox 883 4169 1094 4224; x_wconf 90' lang='lat' dir='ltr'><strong>conﬁci</strong></span> <span class='ocrx_word' id='word_1_407' title='bbox 1139 4169 1476 4241; x_wconf 88' lang='lat' dir='ltr'><strong>:quoniam</strong></span> <span class='ocrx_word' id='word_1_408' title='bbox 1526 4185 1886 4239; x_wconf 89' lang='lat' dir='ltr'><strong>magnarum</strong></span> <span class='ocrx_word' id='word_1_409' title='bbox 1935 4185 2133 4225; x_wconf 91' lang='lat' dir='ltr'><strong>rerum</strong></span> 
     </span>
    </p>
   </div>
   <div class='ocr_carea' id='block_1_61' title="bbox 480 4257 2136 4329">
    <p class='ocr_par' dir='ltr' id='par_1_61' title="bbox 480 4257 2136 4329">
     <span class='ocr_line' id='line_1_61' title="bbox 480 4257 2136 4329; baseline -0.001 -14"><span class='ocrx_word' id='word_1_410' title='bbox 480 4274 717 4329; x_wconf 89' lang='lat' dir='ltr'><strong>semper</strong></span> <span class='ocrx_word' id='word_1_411' title='bbox 754 4264 891 4313; x_wconf 91' lang='lat' dir='ltr'><strong>sunt</strong></span> <span class='ocrx_word' id='word_1_412' title='bbox 930 4257 1328 4313; x_wconf 89' lang='lat' dir='ltr'><strong>difﬁcultates.</strong></span> <span class='ocrx_word' id='word_1_413' title='bbox 1359 4258 1510 4323; x_wconf 87' lang='lat' dir='ltr'><strong>Quid</strong></span> <span class='ocrx_word' id='word_1_414' title='bbox 1540 4258 1654 4314; x_wconf 90' lang='lat' dir='ltr'><strong>hoc</strong></span> <span class='ocrx_word' id='word_1_415' title='bbox 1685 4258 1800 4314; x_wconf 90' lang='lat' dir='ltr'><strong>sibi</strong></span> <span class='ocrx_word' id='word_1_416' title='bbox 1826 4260 1946 4315; x_wconf 88' lang='lat' dir='ltr'><strong>vult</strong></span> <span class='ocrx_word' id='word_1_417' title='bbox 1971 4259 1998 4316; x_wconf 84' lang='lat'><strong>?</strong></span> <span class='ocrx_word' id='word_1_418' title='bbox 2022 4259 2136 4314; x_wconf 88' lang='lat' dir='ltr'><strong>Pri-</strong></span> 
     </span>
    </p>
   </div>
   <div class='ocr_carea' id='block_1_62' title="bbox 481 4336 2540 4420">
    <p class='ocr_par' dir='ltr' id='par_1_62' title="bbox 481 4336 2540 4420">
     <span class='ocr_line' id='line_1_62' title="bbox 481 4336 2540 4420; baseline -0.001 -18"><span class='ocrx_word' id='word_1_419' title='bbox 481 4363 650 4402; x_wconf 88' lang='lat' dir='ltr'><strong>mum</strong></span> <span class='ocrx_word' id='word_1_420' title='bbox 706 4345 974 4418; x_wconf 86' lang='lat' dir='ltr'><strong>quidem,</strong></span> <span class='ocrx_word' id='word_1_421' title='bbox 1018 4346 1303 4416; x_wconf 87' lang='lat' dir='ltr'><strong>quoniam</strong></span> <span class='ocrx_word' id='word_1_422' title='bbox 1358 4347 1684 4402; x_wconf 88' lang='lat' dir='ltr'><strong>adversarii</strong></span> <span class='ocrx_word' id='word_1_423' title='bbox 1745 4347 1926 4402; x_wconf 88' lang='lat' dir='ltr'><strong>nostri</strong></span> <span class='ocrx_word' id='word_1_424' title='bbox 1955 4346 2136 4414; x_wconf 92' lang='lat' dir='ltr'><strong>longo</strong></span> <span class='ocrx_word' id='word_1_425' title='bbox 2169 4336 2215 4390; x_wconf 82' lang='lat' dir='ltr'>D</span> <span class='ocrx_word' id='word_1_426' title='bbox 2243 4350 2486 4420; x_wconf 82' lang='grc' dir='ltr'><strong>γενέσθαι</strong></span> <span class='ocrx_word' id='word_1_427' title='bbox 2529 4367 2540 4377; x_wconf 88' lang='grc'>·</span> 
     </span>
    </p>
   </div>
   <div class='ocr_carea' id='block_1_63' title="bbox 481 4435 2137 4507">
    <p class='ocr_par' dir='ltr' id='par_1_63' title="bbox 481 4435 2137 4507">
     <span class='ocr_line' id='line_1_63' title="bbox 481 4435 2137 4507; baseline -0.002 -14"><span class='ocrx_word' id='word_1_428' title='bbox 481 4441 772 4506; x_wconf 87' lang='lat' dir='ltr'><strong>tempore,</strong></span> <span class='ocrx_word' id='word_1_429' title='bbox 801 4441 856 4489; x_wconf 91' lang='lat' dir='ltr'><strong>et</strong></span> <span class='ocrx_word' id='word_1_430' title='bbox 879 4451 984 4506; x_wconf 90' lang='lat' dir='ltr'><strong>per</strong></span> <span class='ocrx_word' id='word_1_431' title='bbox 1018 4435 1344 4506; x_wconf 90' lang='lat' dir='ltr'><strong>synodicos</strong></span> <span class='ocrx_word' id='word_1_432' title='bbox 1385 4441 1714 4491; x_wconf 91' lang='lat' dir='ltr'><strong>conventus</strong></span> <span class='ocrx_word' id='word_1_433' title='bbox 1754 4436 1810 4490; x_wconf 92' lang='lat' dir='ltr'><strong>in</strong></span> <span class='ocrx_word' id='word_1_434' title='bbox 1843 4435 2137 4507; x_wconf 90' lang='lat' dir='ltr'><strong>opinioni-</strong></span> 
     </span>
    </p>
   </div>
   <div class='ocr_carea' id='block_1_64' title="bbox 481 4523 2135 4596">
    <p class='ocr_par' dir='ltr' id='par_1_64' title="bbox 481 4523 2135 4596">
     <span class='ocr_line' id='line_1_64' title="bbox 481 4523 2135 4596; baseline -0.001 -16"><span class='ocrx_word' id='word_1_435' title='bbox 481 4525 598 4580; x_wconf 89' lang='lat' dir='ltr'><strong>bus</strong></span> <span class='ocrx_word' id='word_1_436' title='bbox 643 4524 764 4578; x_wconf 92' lang='lat' dir='ltr'><strong>suis</strong></span> <span class='ocrx_word' id='word_1_437' title='bbox 793 4523 1094 4578; x_wconf 88' lang='lat' dir='ltr'><strong>obﬁrmati</strong></span> <span class='ocrx_word' id='word_1_438' title='bbox 1128 4529 1309 4590; x_wconf 87' lang='lat' dir='ltr'><strong>sunt;</strong></span> <span class='ocrx_word' id='word_1_439' title='bbox 1368 4540 1477 4579; x_wconf 90' lang='lat' dir='ltr'><strong>nos</strong></span> <span class='ocrx_word' id='word_1_440' title='bbox 1522 4540 1684 4591; x_wconf 83' lang='lat' dir='ltr'><strong>vero,</strong></span> <span class='ocrx_word' id='word_1_441' title='bbox 1726 4524 2135 4596; x_wconf 86' lang='lat' dir='ltr'><strong>apostolorum</strong></span> 
     </span>
    </p>
   </div>
   <div class='ocr_carea' id='block_1_65' title="bbox 482 4611 2137 4684">
    <p class='ocr_par' dir='ltr' id='par_1_65' title="bbox 482 4611 2137 4684">
     <span class='ocr_line' id='line_1_65' title="bbox 482 4611 2137 4684; baseline 0 -16"><span class='ocrx_word' id='word_1_442' title='bbox 482 4615 843 4684; x_wconf 76' lang='lat' dir='ltr'><strong>Petrumque</strong></span> <span class='ocrx_word' id='word_1_443' title='bbox 857 4611 1271 4666; x_wconf 89' lang='lat' dir='ltr'><strong>sanctionibus</strong></span> <span class='ocrx_word' id='word_1_444' title='bbox 1296 4612 1685 4683; x_wconf 83' lang='lat' dir='ltr'><strong>prohibemur</strong></span> <span class='ocrx_word' id='word_1_445' title='bbox 1703 4628 2039 4668; x_wconf 90' lang='lat' dir='ltr'><strong>sermonem</strong></span> <span class='ocrx_word' id='word_1_446' title='bbox 2063 4613 2137 4668; x_wconf 90' lang='lat' dir='ltr'><strong>de</strong></span> 
     </span>
    </p>
   </div>
   <div class='ocr_carea' id='block_1_66' title="bbox 481 4699 2133 4773">
    <p class='ocr_par' dir='ltr' id='par_1_66' title="bbox 481 4699 2133 4773">
     <span class='ocr_line' id='line_1_66' title="bbox 481 4699 2133 4773; baseline 0.001 -17"><span class='ocrx_word' id='word_1_447' title='bbox 481 4701 596 4756; x_wconf 87' lang='lat' dir='ltr'><strong>ﬁde</strong></span> <span class='ocrx_word' id='word_1_448' title='bbox 622 4717 758 4756; x_wconf 89' lang='lat' dir='ltr'><strong>cum</strong></span> <span class='ocrx_word' id='word_1_449' title='bbox 785 4700 859 4755; x_wconf 90' lang='lat' dir='ltr'><strong>iis</strong></span> <span class='ocrx_word' id='word_1_450' title='bbox 884 4699 1174 4763; x_wconf 86' lang='lat' dir='ltr'><strong>conferre,</strong></span> <span class='ocrx_word' id='word_1_451' title='bbox 1207 4701 1306 4773; x_wconf 92' lang='lat' dir='ltr'><strong>qui</strong></span> <span class='ocrx_word' id='word_1_452' title='bbox 1336 4702 1420 4756; x_wconf 90' lang='lat' dir='ltr'><strong>sic</strong></span> <span class='ocrx_word' id='word_1_453' title='bbox 1447 4708 1586 4756; x_wconf 91' lang='lat' dir='ltr'><strong>sunt</strong></span> <span class='ocrx_word' id='word_1_454' title='bbox 1610 4718 1806 4758; x_wconf 89' lang='lat' dir='ltr'><strong>errore</strong></span> <span class='ocrx_word' id='word_1_455' title='bbox 1838 4703 2133 4773; x_wconf 89' lang='lat' dir='ltr'><strong>occupati.</strong></span> 
     </span>
    </p>
   </div>
   <div class='ocr_carea' id='block_1_67' title="bbox 483 4790 2138 4862">
    <p class='ocr_par' dir='ltr' id='par_1_67' title="bbox 483 4790 2138 4862">
     <span class='ocr_line' id='line_1_67' title="bbox 483 4790 2138 4862; baseline -0.001 -14"><span class='ocrx_word' id='word_1_456' title='bbox 483 4790 728 4855; x_wconf 89' lang='lat' dir='ltr'><strong>Deinde,</strong></span> <span class='ocrx_word' id='word_1_457' title='bbox 751 4791 1040 4861; x_wconf 89' lang='lat' dir='ltr'><strong>quoniam</strong></span> <span class='ocrx_word' id='word_1_458' title='bbox 1060 4790 1308 4860; x_wconf 92' lang='lat' dir='ltr'><strong>hujusce</strong></span> <span class='ocrx_word' id='word_1_459' title='bbox 1327 4791 1408 4846; x_wconf 89' lang='lat' dir='ltr'><strong>rei</strong></span> <span class='ocrx_word' id='word_1_460' title='bbox 1425 4791 1721 4862; x_wconf 80' lang='lat' dir='ltr'><strong>judicium</strong></span> <span class='ocrx_word' id='word_1_461' title='bbox 1748 4807 1869 4846; x_wconf 92' lang='lat' dir='ltr'><strong>non</strong></span> <span class='ocrx_word' id='word_1_462' title='bbox 1889 4792 1968 4846; x_wconf 91' lang='lat' dir='ltr'><strong>ad</strong></span> <span class='ocrx_word' id='word_1_463' title='bbox 1991 4791 2138 4847; x_wconf 89' lang='lat' dir='ltr'><strong>alios</strong></span> 
     </span>
    </p>
   </div>
   <div class='ocr_carea' id='block_1_68' title="bbox 482 4879 2137 4953">
    <p class='ocr_par' dir='ltr' id='par_1_68' title="bbox 482 4879 2137 4953">
     <span class='ocr_line' id='line_1_68' title="bbox 482 4879 2137 4953; baseline 0.001 -18"><span class='ocrx_word' id='word_1_464' title='bbox 482 4881 758 4953; x_wconf 88' lang='lat' dir='ltr'><strong>pertinet,</strong></span> <span class='ocrx_word' id='word_1_465' title='bbox 797 4895 983 4950; x_wconf 88' lang='lat' dir='ltr'><strong>quam</strong></span> <span class='ocrx_word' id='word_1_466' title='bbox 1023 4879 1101 4935; x_wconf 92' lang='lat' dir='ltr'><strong>ad</strong></span> <span class='ocrx_word' id='word_1_467' title='bbox 1155 4896 1273 4944; x_wconf 91' lang='lat' dir='ltr'><strong>eos,</strong></span> <span class='ocrx_word' id='word_1_468' title='bbox 1313 4881 1416 4951; x_wconf 92' lang='lat' dir='ltr'><strong>qui</strong></span> <span class='ocrx_word' id='word_1_469' title='bbox 1451 4880 1556 4936; x_wconf 90' lang='lat' dir='ltr'><strong>soli</strong></span> <span class='ocrx_word' id='word_1_470' title='bbox 1612 4881 1766 4937; x_wconf 91' lang='lat' dir='ltr'><strong>hanc</strong></span> <span class='ocrx_word' id='word_1_471' title='bbox 1798 4897 1834 4936; x_wconf 90' lang='lat' dir='ltr'><strong>a</strong></span> <span class='ocrx_word' id='word_1_472' title='bbox 1884 4881 2137 4937; x_wconf 90' lang='lat' dir='ltr'><strong>Domino</strong></span> 
     </span>
    </p>
   </div>
   <div class='ocr_carea' id='block_1_69' title="bbox 485 4968 2139 5041">
    <p class='ocr_par' dir='ltr' id='par_1_69' title="bbox 485 4968 2139 5041">
     <span class='ocr_line' id='line_1_69' title="bbox 485 4968 2139 5041; baseline 0 -17"><span class='ocrx_word' id='word_1_473' title='bbox 485 4974 841 5041; x_wconf 83' lang='lat' dir='ltr'><strong>potestatem</strong></span> <span class='ocrx_word' id='word_1_474' title='bbox 872 4985 978 5040; x_wconf 92' lang='lat' dir='ltr'><strong>per</strong></span> <span class='ocrx_word' id='word_1_475' title='bbox 1002 4968 1284 5039; x_wconf 91' lang='lat' dir='ltr'><strong>Spiritum</strong></span> <span class='ocrx_word' id='word_1_476' title='bbox 1316 4975 1693 5040; x_wconf 87' lang='lat' dir='ltr'><strong>acceperunt,</strong></span> <span class='ocrx_word' id='word_1_477' title='bbox 1725 4971 2139 5026; x_wconf 87' lang='lat' dir='ltr'><strong>consentienti-</strong></span> 
     </span>
    </p>
   </div>
   <div class='ocr_carea' id='block_1_70' title="bbox 485 5058 2139 5131">
    <p class='ocr_par' dir='ltr' id='par_1_70' title="bbox 485 5058 2139 5131">
     <span class='ocr_line' id='line_1_70' title="bbox 485 5058 2139 5131; baseline 0.001 -17"><span class='ocrx_word' id='word_1_478' title='bbox 485 5059 600 5114; x_wconf 89' lang='lat' dir='ltr'><strong>bus</strong></span> <span class='ocrx_word' id='word_1_479' title='bbox 631 5064 687 5113; x_wconf 88' lang='lat' dir='ltr'><strong>et</strong></span> <span class='ocrx_word' id='word_1_480' title='bbox 745 5058 1283 5128; x_wconf 86' lang='lat' dir='ltr'><strong>comprobantibus</strong></span> <span class='ocrx_word' id='word_1_481' title='bbox 1313 5058 1490 5113; x_wconf 89' lang='lat' dir='ltr'><strong>etiam</strong></span> <span class='ocrx_word' id='word_1_482' title='bbox 1537 5058 1726 5124; x_wconf 90' lang='lat' dir='ltr'><strong>vobis,</strong></span> <span class='ocrx_word' id='word_1_483' title='bbox 1760 5060 1862 5131; x_wconf 86' lang='lat' dir='ltr'><strong>qui</strong></span> <span class='ocrx_word' id='word_1_484' title='bbox 1903 5059 1982 5116; x_wconf 88' lang='lat' dir='ltr'><strong>ad</strong></span> <span class='ocrx_word' id='word_1_485' title='bbox 2025 5060 2139 5115; x_wconf 90' lang='lat' dir='ltr'><strong>hoc</strong></span> 
     </span>
    </p>
   </div>
   <div class='ocr_carea' id='block_1_71' title="bbox 484 5147 2136 5220">
    <p class='ocr_par' dir='ltr' id='par_1_71' title="bbox 484 5147 2136 5220">
     <span class='ocr_line' id='line_1_71' title="bbox 484 5147 2136 5220; baseline 0.001 -17"><span class='ocrx_word' id='word_1_486' title='bbox 484 5147 684 5220; x_wconf 90' lang='lat' dir='ltr'><strong>ipsum</strong></span> <span class='ocrx_word' id='word_1_487' title='bbox 713 5163 748 5202; x_wconf 88' lang='lat' dir='ltr'><strong>a</strong></span> <span class='ocrx_word' id='word_1_488' title='bbox 776 5147 894 5203; x_wconf 92' lang='lat' dir='ltr'><strong>Deo</strong></span> <span class='ocrx_word' id='word_1_489' title='bbox 925 5149 1222 5220; x_wconf 68' lang='lat' dir='ltr'><strong>praecipue</strong></span> <span class='ocrx_word' id='word_1_490' title='bbox 1256 5149 1448 5204; x_wconf 89' lang='lat' dir='ltr'><strong>vocati</strong></span> <span class='ocrx_word' id='word_1_491' title='bbox 1478 5149 1638 5204; x_wconf 91' lang='lat' dir='ltr'><strong>estis.</strong></span> <span class='ocrx_word' id='word_1_492' title='bbox 1665 5149 1906 5205; x_wconf 88' lang='lat' dir='ltr'><strong>Sincera</strong></span> <span class='ocrx_word' id='word_1_493' title='bbox 1935 5155 2136 5206; x_wconf 87' lang='lat' dir='ltr'><strong>autem</strong></span> 
     </span>
    </p>
   </div>
   <div class='ocr_carea' id='block_1_72' title="bbox 559 5309 1579 5376">
    <p class='ocr_par' dir='ltr' id='par_1_72' title="bbox 559 5309 1579 5376">
     <span class='ocr_line' id='line_1_72' title="bbox 559 5309 1579 5376; baseline 0.001 -11"><span class='ocrx_word' id='word_1_494' title='bbox 559 5310 607 5346; x_wconf 81' lang='grc'><strong>⁸³</strong></span> <span class='ocrx_word' id='word_1_495' title='bbox 641 5310 790 5365; x_wconf 84' lang='lat' dir='ltr'><strong>Psal.</strong></span> <span class='ocrx_word' id='word_1_496' title='bbox 820 5326 895 5375; x_wconf 77' lang='lat' dir='ltr'><strong>rx,</strong></span> <span class='ocrx_word' id='word_1_497' title='bbox 920 5309 975 5376; x_wconf 89' lang='lat'><strong>7,</strong></span> <span class='ocrx_word' id='word_1_498' title='bbox 1007 5311 1060 5365; x_wconf 94' lang='lat'><strong>8.</strong></span> <span class='ocrx_word' id='word_1_499' title='bbox 1139 5311 1188 5347; x_wconf 80' lang='lat'><strong>“</strong></span> <span class='ocrx_word' id='word_1_500' title='bbox 1213 5309 1404 5368; x_wconf 86' lang='lat' dir='ltr'><strong>Galat.</strong></span> <span class='ocrx_word' id='word_1_501' title='bbox 1439 5326 1496 5376; x_wconf 87' lang='lat' dir='ltr'><strong>v,</strong></span> <span class='ocrx_word' id='word_1_502' title='bbox 1525 5310 1579 5366; x_wconf 90' lang='lat'><strong>6.</strong></span> 
     </span>
    </p>
   </div>
   <div class='ocr_carea' id='block_1_73' title="bbox 2234 2034 3833 2112">
    <p class='ocr_par' dir='ltr' id='par_1_73' title="bbox 2234 2034 3833 2112">
     <span class='ocr_line' id='line_1_73' title="bbox 2234 2034 3833 2112; baseline -0.004 -18"><span class='ocrx_word' id='word_1_503' title='bbox 2234 2041 2598 2096; x_wconf 87' lang='grc' dir='ltr'><strong>Βασιλεῦσι</strong></span> <span class='ocrx_word' id='word_1_504' title='bbox 2637 2039 3166 2112; x_wconf 79' lang='grc' dir='ltr'><strong>θεοφιλεστάτοις</strong></span> <span class='ocrx_word' id='word_1_505' title='bbox 3204 2041 3311 2089; x_wconf 85' lang='grc' dir='ltr'><strong>καὶ</strong></span> <span class='ocrx_word' id='word_1_506' title='bbox 3351 2034 3833 2095; x_wconf 77' lang='grc' dir='ltr'><strong>εὐσεϐεστάτοις</strong></span> 
     </span>
    </p>
   </div>
   <div class='ocr_carea' id='block_1_74' title="bbox 2305 2125 3832 2200">
    <p class='ocr_par' dir='ltr' id='par_1_74' title="bbox 2305 2125 3832 2200">
     <span class='ocr_line' id='line_1_74' title="bbox 2305 2125 3832 2200; baseline -0.004 -18"><span class='ocrx_word' id='word_1_507' title='bbox 2305 2135 2369 2182; x_wconf 75' lang='grc' dir='ltr'><strong>εκ</strong></span> <span class='ocrx_word' id='word_1_508' title='bbox 2437 2137 2598 2184; x_wconf 84' lang='grc' dir='ltr'><strong>Θεοῦ</strong></span> <span class='ocrx_word' id='word_1_509' title='bbox 2644 2129 3065 2200; x_wconf 76' lang='grc' dir='ltr'><strong>Αὐγούστοις</strong></span> <span class='ocrx_word' id='word_1_510' title='bbox 3112 2131 3220 2178; x_wconf 80' lang='grc' dir='ltr'><strong>καὶ</strong></span> <span class='ocrx_word' id='word_1_511' title='bbox 3271 2125 3832 2198; x_wconf 77' lang='grc' dir='ltr'><strong>αὐτοκράτορσιν,</strong></span> 
     </span>
    </p>
   </div>
   <div class='ocr_carea' id='block_1_75' title="bbox 2305 2210 3837 2291">
    <p class='ocr_par' dir='ltr' id='par_1_75' title="bbox 2305 2210 3837 2291">
     <span class='ocr_line' id='line_1_75' title="bbox 2305 2210 3837 2291; baseline -0.003 -20"><span class='ocrx_word' id='word_1_512' title='bbox 2305 2219 2627 2290; x_wconf 81' lang='grc' dir='ltr'><strong>ἀπολογία</strong></span> <span class='ocrx_word' id='word_1_513' title='bbox 2665 2223 2768 2270; x_wconf 81' lang='grc' dir='ltr'><strong>καὶ</strong></span> <span class='ocrx_word' id='word_1_514' title='bbox 2809 2221 3294 2291; x_wconf 74' lang='grc' dir='ltr'><strong>προσφώνησις,</strong></span> <span class='ocrx_word' id='word_1_515' title='bbox 3348 2216 3519 2286; x_wconf 82' lang='grc' dir='ltr'><strong>παρὰ</strong></span> <span class='ocrx_word' id='word_1_516' title='bbox 3555 2221 3668 2266; x_wconf 87' lang='grc' dir='ltr'><strong>τῶν</strong></span> <span class='ocrx_word' id='word_1_517' title='bbox 3709 2210 3837 2266; x_wconf 77' lang='grc' dir='ltr'><strong>ὧδέ</strong></span> 
     </span>
    </p>
   </div>
   <div class='ocr_carea' id='block_1_76' title="bbox 2309 2305 3260 2380">
    <p class='ocr_par' dir='ltr' id='par_1_76' title="bbox 2309 2305 3260 2380">
     <span class='ocr_line' id='line_1_76' title="bbox 2309 2305 3260 2380; baseline -0.004 -20"><span class='ocrx_word' id='word_1_518' title='bbox 2309 2328 2374 2360; x_wconf 86' lang='grc' dir='ltr'><strong>τε</strong></span> <span class='ocrx_word' id='word_1_519' title='bbox 2412 2307 2684 2360; x_wconf 82' lang='grc' dir='ltr'><strong>κάκεῖσε</strong></span> <span class='ocrx_word' id='word_1_520' title='bbox 2725 2305 3260 2380; x_wconf 81' lang='grc' dir='ltr'><strong>διεσπαρμένων.</strong></span> 
     </span>
    </p>
   </div>
   <div class='ocr_carea' id='block_1_77' title="bbox 2308 2394 3841 2468">
    <p class='ocr_par' dir='ltr' id='par_1_77' title="bbox 2308 2394 3841 2468">
     <span class='ocr_line' id='line_1_77' title="bbox 2308 2394 3841 2468; baseline -0.003 -19"><span class='ocrx_word' id='word_1_521' title='bbox 2308 2399 2656 2468; x_wconf 85' lang='grc' dir='ltr'><strong>Ἐγνωσμένον</strong></span> <span class='ocrx_word' id='word_1_522' title='bbox 2708 2395 2822 2448; x_wconf 80' lang='grc' dir='ltr'><strong>ἐστὶ</strong></span> <span class='ocrx_word' id='word_1_523' title='bbox 2884 2402 2990 2456; x_wconf 85' lang='grc' dir='ltr'><strong>τοῖς</strong></span> <span class='ocrx_word' id='word_1_524' title='bbox 3059 2394 3216 2464; x_wconf 79' lang='grc' dir='ltr'><strong>λόγου</strong></span> <span class='ocrx_word' id='word_1_525' title='bbox 3278 2395 3617 2465; x_wconf 79' lang='grc' dir='ltr'><strong>μετέχουσιν,</strong></span> <span class='ocrx_word' id='word_1_526' title='bbox 3676 2394 3759 2445; x_wconf 85' lang='grc' dir='ltr'><strong>ὅτι</strong></span> <span class='ocrx_word' id='word_1_527' title='bbox 3813 2394 3841 2444; x_wconf 85' lang='grc' dir='ltr'><strong><em>ὁ</em></strong></span> 
     </span>
    </p>
   </div>
   <div class='ocr_carea' id='block_1_78' title="bbox 2236 2480 3838 2558">
    <p class='ocr_par' dir='ltr' id='par_1_78' title="bbox 2236 2480 3838 2558">
     <span class='ocr_line' id='line_1_78' title="bbox 2236 2480 3838 2558; baseline -0.004 -19"><span class='ocrx_word' id='word_1_528' title='bbox 2236 2485 2598 2558; x_wconf 82' lang='grc' dir='ltr'><strong>παμϐασιλεύς</strong></span> <span class='ocrx_word' id='word_1_529' title='bbox 2664 2493 2763 2537; x_wconf 85' lang='grc' dir='ltr'><strong>τῶν</strong></span> <span class='ocrx_word' id='word_1_530' title='bbox 2829 2484 3066 2536; x_wconf 85' lang='grc' dir='ltr'><strong>ἁπάντων</strong></span> <span class='ocrx_word' id='word_1_531' title='bbox 3118 2485 3265 2546; x_wconf 80' lang='grc' dir='ltr'><strong>Θεὸς,</strong></span> <span class='ocrx_word' id='word_1_532' title='bbox 3325 2481 3383 2534; x_wconf 85' lang='grc' dir='ltr'><strong>τό</strong></span> <span class='ocrx_word' id='word_1_533' title='bbox 3443 2489 3539 2543; x_wconf 85' lang='grc' dir='ltr'><strong>τῆς</strong></span> <span class='ocrx_word' id='word_1_534' title='bbox 3601 2480 3838 2551; x_wconf 79' lang='grc' dir='ltr'><strong>ἐπιγείου</strong></span> 
     </span>
    </p>
   </div>
   <div class='ocr_carea' id='block_1_79' title="bbox 2240 2567 3840 2649">
    <p class='ocr_par' dir='ltr' id='par_1_79' title="bbox 2240 2567 3840 2649">
     <span class='ocr_line' id='line_1_79' title="bbox 2240 2567 3840 2649; baseline -0.009 -21"><span class='ocrx_word' id='word_1_535' title='bbox 2240 2574 2512 2648; x_wconf 83' lang='grc' dir='ltr'><strong>βασιλείας</strong></span> <span class='ocrx_word' id='word_1_536' title='bbox 2549 2571 2740 2649; x_wconf 79' lang='grc' dir='ltr'><strong>χρῆμά</strong></span> <span class='ocrx_word' id='word_1_537' title='bbox 2792 2593 2846 2625; x_wconf 88' lang='grc' dir='ltr'><strong>τε</strong></span> <span class='ocrx_word' id='word_1_538' title='bbox 2876 2578 2964 2626; x_wconf 84' lang='grc' dir='ltr'><strong>καὶ</strong></span> <span class='ocrx_word' id='word_1_539' title='bbox 3010 2577 3170 2644; x_wconf 83' lang='grc' dir='ltr'><strong>ὄνομα</strong></span> <span class='ocrx_word' id='word_1_540' title='bbox 3208 2573 3394 2623; x_wconf 87' lang='grc' dir='ltr'><strong>τούτου</strong></span> <span class='ocrx_word' id='word_1_541' title='bbox 3434 2573 3594 2645; x_wconf 88' lang='grc' dir='ltr'><strong>χάριν</strong></span> <span class='ocrx_word' id='word_1_542' title='bbox 3635 2567 3840 2642; x_wconf 79' lang='grc' dir='ltr'><strong>ἐδωρή.</strong></span> 
     </span>
    </p>
   </div>
   <div class='ocr_carea' id='block_1_80' title="bbox 2241 2659 3838 2738">
    <p class='ocr_par' dir='ltr' id='par_1_80' title="bbox 2241 2659 3838 2738">
     <span class='ocr_line' id='line_1_80' title="bbox 2241 2659 3838 2738; baseline -0.004 -22"><span class='ocrx_word' id='word_1_543' title='bbox 2241 2683 2370 2716; x_wconf 83' lang='grc' dir='ltr'><strong>σατο</strong></span> <span class='ocrx_word' id='word_1_544' title='bbox 2423 2671 2484 2736; x_wconf 73' lang='grc' dir='ltr'><strong>τῇ</strong></span> <span class='ocrx_word' id='word_1_545' title='bbox 2542 2662 2836 2738; x_wconf 77' lang='grc' dir='ltr'><strong>ἀνθρωπεία</strong></span> <span class='ocrx_word' id='word_1_546' title='bbox 2894 2664 3063 2733; x_wconf 76' lang='grc' dir='ltr'><strong>φύσει,</strong></span> <span class='ocrx_word' id='word_1_547' title='bbox 3124 2663 3206 2713; x_wconf 86' lang='grc' dir='ltr'><strong>ἶνα</strong></span> <span class='ocrx_word' id='word_1_548' title='bbox 3251 2664 3476 2732; x_wconf 82' lang='grc' dir='ltr'><strong>μιμήσει</strong></span> <span class='ocrx_word' id='word_1_549' title='bbox 3528 2667 3622 2711; x_wconf 85' lang='grc' dir='ltr'><strong>τῶν</strong></span> <span class='ocrx_word' id='word_1_550' title='bbox 3675 2659 3838 2732; x_wconf 64' lang='grc' dir='ltr'><strong>οὐρα-</strong></span> 
     </span>
    </p>
   </div>
   <div class='ocr_carea' id='block_1_81' title="bbox 2237 2747 3837 2823">
    <p class='ocr_par' dir='ltr' id='par_1_81' title="bbox 2237 2747 3837 2823">
     <span class='ocr_line' id='line_1_81' title="bbox 2237 2747 3837 2823; baseline -0.003 -18"><span class='ocrx_word' id='word_1_551' title='bbox 2237 2758 2353 2805; x_wconf 90' lang='grc' dir='ltr'><strong>νίων</strong></span> <span class='ocrx_word' id='word_1_552' title='bbox 2401 2758 2491 2804; x_wconf 86' lang='grc' dir='ltr'><strong>καὶ</strong></span> <span class='ocrx_word' id='word_1_553' title='bbox 2546 2754 2611 2804; x_wconf 84' lang='grc' dir='ltr'><strong>τὰ</strong></span> <span class='ocrx_word' id='word_1_554' title='bbox 2664 2753 2865 2823; x_wconf 75' lang='grc' dir='ltr'><strong>ἐπίγεια</strong></span> <span class='ocrx_word' id='word_1_555' title='bbox 2923 2750 2978 2802; x_wconf 87' lang='grc' dir='ltr'><strong>τὸ</strong></span> <span class='ocrx_word' id='word_1_556' title='bbox 3031 2749 3291 2823; x_wconf 87' lang='grc' dir='ltr'><strong>εἰρηναῖον</strong></span> <span class='ocrx_word' id='word_1_557' title='bbox 3347 2753 3438 2801; x_wconf 85' lang='grc' dir='ltr'><strong>καὶ</strong></span> <span class='ocrx_word' id='word_1_558' title='bbox 3472 2747 3837 2800; x_wconf 81' lang='grc' dir='ltr'><strong>ἀστασίαστον</strong></span> 
     </span>
    </p>
   </div>
   <div class='ocr_carea' id='block_1_82' title="bbox 2239 2833 3842 2913">
    <p class='ocr_par' dir='ltr' id='par_1_82' title="bbox 2239 2833 3842 2913">
     <span class='ocr_line' id='line_1_82' title="bbox 2239 2833 3842 2913; baseline -0.003 -19"><span class='ocrx_word' id='word_1_559' title='bbox 2239 2845 2546 2913; x_wconf 85' lang='grc' dir='ltr'><strong>κεκτημένα,</strong></span> <span class='ocrx_word' id='word_1_560' title='bbox 2607 2843 2878 2912; x_wconf 77' lang='grc' dir='ltr'><strong>σύμφωνον</strong></span> <span class='ocrx_word' id='word_1_561' title='bbox 2931 2840 3105 2911; x_wconf 78' lang='grc' dir='ltr'><strong>ἄγοιεν</strong></span> <span class='ocrx_word' id='word_1_562' title='bbox 3151 2842 3245 2896; x_wconf 84' lang='grc' dir='ltr'><strong>τήν</strong></span> <span class='ocrx_word' id='word_1_563' title='bbox 3299 2837 3370 2900; x_wconf 80' lang='grc' dir='ltr'><strong>εἰς</strong></span> <span class='ocrx_word' id='word_1_564' title='bbox 3431 2835 3583 2890; x_wconf 79' lang='grc' dir='ltr'><strong>αὐτὸν</strong></span> <span class='ocrx_word' id='word_1_565' title='bbox 3630 2833 3842 2900; x_wconf 81' lang='grc' dir='ltr'><strong>δοξολοο</strong></span> 
     </span>
    </p>
   </div>
   <div class='ocr_carea' id='block_1_83' title="bbox 2239 2925 3836 3003">
    <p class='ocr_par' dir='ltr' id='par_1_83' title="bbox 2239 2925 3836 3003">
     <span class='ocr_line' id='line_1_83' title="bbox 2239 2925 3836 3003; baseline -0.003 -21"><span class='ocrx_word' id='word_1_566' title='bbox 2239 2935 2358 3003; x_wconf 87' lang='grc' dir='ltr'><strong>γίαν</strong></span> <span class='ocrx_word' id='word_1_567' title='bbox 2405 2929 2588 2983; x_wconf 77' lang='grc' dir='ltr'><strong>τεκαὶ</strong></span> <span class='ocrx_word' id='word_1_568' title='bbox 2644 2931 3024 3001; x_wconf 82' lang='grc' dir='ltr'><strong>προσκύνησιν,</strong></span> <span class='ocrx_word' id='word_1_569' title='bbox 3089 2932 3185 2987; x_wconf 86' lang='grc' dir='ltr'><strong>Ἥς</strong></span> <span class='ocrx_word' id='word_1_570' title='bbox 3237 2928 3332 2987; x_wconf 85' lang='grc' dir='ltr'><strong>τὰς</strong></span> <span class='ocrx_word' id='word_1_571' title='bbox 3391 2927 3540 2988; x_wconf 77' lang='grc' dir='ltr'><strong>ἡνίας</strong></span> <span class='ocrx_word' id='word_1_572' title='bbox 3589 2925 3836 2998; x_wconf 80' lang='grc' dir='ltr'><strong>λαχοῦσα</strong></span> 
     </span>
    </p>
   </div>
   <div class='ocr_carea' id='block_1_84' title="bbox 2242 3014 3836 3095">
    <p class='ocr_par' dir='ltr' id='par_1_84' title="bbox 2242 3014 3836 3095">
     <span class='ocr_line' id='line_1_84' title="bbox 2242 3014 3836 3095; baseline -0.004 -22"><span class='ocrx_word' id='word_1_573' title='bbox 2242 3023 2517 3095; x_wconf 85' lang='grc' dir='ltr'><strong>θεοκρίτως</strong></span> <span class='ocrx_word' id='word_1_574' title='bbox 2581 3021 2610 3078; x_wconf 80' lang='grc' dir='ltr'><strong>ἠ</strong></span> <span class='ocrx_word' id='word_1_575' title='bbox 2663 3021 2885 3094; x_wconf 77' lang='grc' dir='ltr'><strong>ὑμετέρα</strong></span> <span class='ocrx_word' id='word_1_576' title='bbox 2954 3021 3386 3090; x_wconf 82' lang='grc' dir='ltr'><strong>Χριστομίμητος</strong></span> <span class='ocrx_word' id='word_1_577' title='bbox 3450 3014 3718 3088; x_wconf 84' lang='grc' dir='ltr'><strong>βασιλεία,</strong></span> <span class='ocrx_word' id='word_1_578' title='bbox 3773 3014 3836 3068; x_wconf 80' lang='grc' dir='ltr'><strong>εἰ·</strong></span> 
     </span>
    </p>
   </div>
   <div class='ocr_carea' id='block_1_85' title="bbox 2239 3103 3834 3182">
    <p class='ocr_par' dir='ltr' id='par_1_85' title="bbox 2239 3103 3834 3182">
     <span class='ocr_line' id='line_1_85' title="bbox 2239 3103 3834 3182; baseline -0.004 -20"><span class='ocrx_word' id='word_1_579' title='bbox 2239 3115 2397 3170; x_wconf 87' lang='grc' dir='ltr'><strong>κότως</strong></span> <span class='ocrx_word' id='word_1_580' title='bbox 2438 3107 2825 3182; x_wconf 80' lang='grc' dir='ltr'><strong>προσκέκληκεν</strong></span> <span class='ocrx_word' id='word_1_581' title='bbox 2874 3108 3012 3178; x_wconf 81' lang='grc' dir='ltr'><strong>ἡμᾶς</strong></span> <span class='ocrx_word' id='word_1_582' title='bbox 3067 3109 3184 3166; x_wconf 79' lang='grc' dir='ltr'><strong>τοὺς</strong></span> <span class='ocrx_word' id='word_1_583' title='bbox 3227 3104 3566 3177; x_wconf 86' lang='grc' dir='ltr'><strong>ἐλαχίστους,</strong></span> <span class='ocrx_word' id='word_1_584' title='bbox 3625 3104 3693 3166; x_wconf 89' lang='grc' dir='ltr'><strong>εἰς</strong></span> <span class='ocrx_word' id='word_1_585' title='bbox 3753 3103 3834 3156; x_wconf 85' lang='grc' dir='ltr'><strong>λό-</strong></span> 
     </span>
    </p>
   </div>
   <div class='ocr_carea' id='block_1_86' title="bbox 2237 3191 3839 3270">
    <p class='ocr_par' dir='ltr' id='par_1_86' title="bbox 2237 3191 3839 3270">
     <span class='ocr_line' id='line_1_86' title="bbox 2237 3191 3839 3270; baseline -0.004 -20"><span class='ocrx_word' id='word_1_586' title='bbox 2237 3218 2365 3270; x_wconf 87' lang='grc' dir='ltr'><strong>γους</strong></span> <span class='ocrx_word' id='word_1_587' title='bbox 2421 3198 2579 3250; x_wconf 78' lang='grc' dir='ltr'><strong>ἒλθεῖν</strong></span> <span class='ocrx_word' id='word_1_588' title='bbox 2625 3200 2757 3269; x_wconf 83' lang='grc' dir='ltr'><strong>μετὰ</strong></span> <span class='ocrx_word' id='word_1_589' title='bbox 2808 3204 2906 3248; x_wconf 88' lang='grc' dir='ltr'><strong>τῶν</strong></span> <span class='ocrx_word' id='word_1_590' title='bbox 2956 3191 3443 3266; x_wconf 78' lang='grc' dir='ltr'><strong>ἀντιδιατιθεμένων</strong></span> <span class='ocrx_word' id='word_1_591' title='bbox 3482 3196 3606 3266; x_wconf 82' lang='grc' dir='ltr'><strong>ἡμῖν</strong></span> <span class='ocrx_word' id='word_1_592' title='bbox 3645 3202 3718 3264; x_wconf 81' lang='grc' dir='ltr'><strong>τῷ</strong></span> <span class='ocrx_word' id='word_1_593' title='bbox 3748 3202 3839 3254; x_wconf 83' lang='grc' dir='ltr'><strong>τῆς</strong></span> 
     </span>
    </p>
   </div>
   <div class='ocr_carea' id='block_1_87' title="bbox 2237 3283 3838 3358">
    <p class='ocr_par' dir='ltr' id='par_1_87' title="bbox 2237 3283 3838 3358">
     <span class='ocr_line' id='line_1_87' title="bbox 2237 3283 3838 3358; baseline -0.004 -18"><span class='ocrx_word' id='word_1_594' title='bbox 2237 3293 2461 3347; x_wconf 86' lang='grc' dir='ltr'><strong>πίστεως</strong></span> <span class='ocrx_word' id='word_1_595' title='bbox 2507 3286 2642 3358; x_wconf 66' lang='grc' dir='ltr'><strong>λογῳ</strong></span> <span class='ocrx_word' id='word_1_596' title='bbox 2679 3303 2690 3315; x_wconf 88' lang='grc'><strong>·</strong></span> <span class='ocrx_word' id='word_1_597' title='bbox 2727 3288 2796 3346; x_wconf 86' lang='grc' dir='ltr'><strong>ὡς</strong></span> <span class='ocrx_word' id='word_1_598' title='bbox 2845 3283 2904 3336; x_wconf 82' lang='grc' dir='ltr'><strong>ἂν</strong></span> <span class='ocrx_word' id='word_1_599' title='bbox 2963 3285 3192 3336; x_wconf 80' lang='grc' dir='ltr'><strong>ἐντεῦθεν</strong></span> <span class='ocrx_word' id='word_1_600' title='bbox 3236 3288 3385 3355; x_wconf 85' lang='grc' dir='ltr'><strong>γνοίη</strong></span> <span class='ocrx_word' id='word_1_601' title='bbox 3429 3284 3640 3355; x_wconf 85' lang='grc' dir='ltr'><strong>πότερον</strong></span> <span class='ocrx_word' id='word_1_602' title='bbox 3683 3285 3838 3355; x_wconf 79' lang='grc' dir='ltr'><strong>μέρος</strong></span> 
     </span>
    </p>
   </div>
   <div class='ocr_carea' id='block_1_88' title="bbox 2236 3369 3834 3448">
    <p class='ocr_par' dir='ltr' id='par_1_88' title="bbox 2236 3369 3834 3448">
     <span class='ocr_line' id='line_1_88' title="bbox 2236 3369 3834 3448; baseline -0.004 -19"><span class='ocrx_word' id='word_1_603' title='bbox 2236 3376 2293 3429; x_wconf 80' lang='grc' dir='ltr'><strong>τὸ</strong></span> <span class='ocrx_word' id='word_1_604' title='bbox 2341 3375 2527 3436; x_wconf 75' lang='grc' dir='ltr'><strong>ἀληθὲς</strong></span> <span class='ocrx_word' id='word_1_605' title='bbox 2583 3373 2882 3448; x_wconf 80' lang='grc' dir='ltr'><strong>πρεσϐεύοι,</strong></span> <span class='ocrx_word' id='word_1_606' title='bbox 2915 3377 3004 3425; x_wconf 87' lang='grc' dir='ltr'><strong>καὶ</strong></span> <span class='ocrx_word' id='word_1_607' title='bbox 3048 3375 3206 3444; x_wconf 75' lang='grc' dir='ltr'><strong>ταύτῃ</strong></span> <span class='ocrx_word' id='word_1_608' title='bbox 3255 3369 3374 3429; x_wconf 74' lang='grc' dir='ltr'><strong>δοίη</strong></span> <span class='ocrx_word' id='word_1_609' title='bbox 3430 3374 3496 3424; x_wconf 86' lang='grc' dir='ltr'><strong>τὰ</strong></span> <span class='ocrx_word' id='word_1_610' title='bbox 3541 3375 3794 3442; x_wconf 87' lang='grc' dir='ltr'><strong>νιητήρια</strong></span> <span class='ocrx_word' id='word_1_611' title='bbox 3822 3389 3834 3400; x_wconf 90' lang='grc'><strong>·</strong></span> 
     </span>
    </p>
   </div>
   <div class='ocr_carea' id='block_1_89' title="bbox 2240 3457 3838 3536">
    <p class='ocr_par' dir='ltr' id='par_1_89' title="bbox 2240 3457 3838 3536">
     <span class='ocr_line' id='line_1_89' title="bbox 2240 3457 3838 3536; baseline -0.004 -19"><span class='ocrx_word' id='word_1_612' title='bbox 2240 3465 2310 3524; x_wconf 87' lang='grc' dir='ltr'><strong>εἰς</strong></span> <span class='ocrx_word' id='word_1_613' title='bbox 2356 3463 2414 3516; x_wconf 82' lang='grc' dir='ltr'><strong>τὸ</strong></span> <span class='ocrx_word' id='word_1_614' title='bbox 2472 3469 2544 3536; x_wconf 84' lang='grc' dir='ltr'><strong>μή</strong></span> <span class='ocrx_word' id='word_1_615' title='bbox 2594 3459 2724 3515; x_wconf 82' lang='grc' dir='ltr'><strong>εἶναι</strong></span> <span class='ocrx_word' id='word_1_616' title='bbox 2772 3466 3056 3534; x_wconf 86' lang='grc' dir='ltr'><strong>σχίσματα</strong></span> <span class='ocrx_word' id='word_1_617' title='bbox 3108 3463 3156 3513; x_wconf 80' lang='grc' dir='ltr'><strong>ἑν</strong></span> <span class='ocrx_word' id='word_1_618' title='bbox 3217 3461 3360 3533; x_wconf 77' lang='grc' dir='ltr'><strong>ἡμῖν,</strong></span> <span class='ocrx_word' id='word_1_619' title='bbox 3415 3458 3543 3512; x_wconf 81' lang='grc' dir='ltr'><strong>ἀλλὰ</strong></span> <span class='ocrx_word' id='word_1_620' title='bbox 3599 3458 3657 3512; x_wconf 84' lang='grc' dir='ltr'><strong>τό</strong></span> <span class='ocrx_word' id='word_1_621' title='bbox 3709 3457 3838 3512; x_wconf 76' lang='grc' dir='ltr'><strong>αῦτό</strong></span> 
     </span>
    </p>
   </div>
   <div class='ocr_carea' id='block_1_90' title="bbox 2239 3549 3829 3627">
    <p class='ocr_par' dir='ltr' id='par_1_90' title="bbox 2239 3549 3829 3627">
     <span class='ocr_line' id='line_1_90' title="bbox 2239 3549 3829 3627; baseline -0.004 -22"><span class='ocrx_word' id='word_1_622' title='bbox 2239 3561 2438 3627; x_wconf 75' lang='grc' dir='ltr'><strong>φρονεῖν</strong></span> <span class='ocrx_word' id='word_1_623' title='bbox 2498 3549 2791 3625; x_wconf 82' lang='grc' dir='ltr'><strong>ὀρθοδόξως</strong></span> <span class='ocrx_word' id='word_1_624' title='bbox 2847 3550 3096 3610; x_wconf 83' lang='grc' dir='ltr'><strong>ἅπαντας.</strong></span> <span class='ocrx_word' id='word_1_625' title='bbox 3155 3549 3260 3621; x_wconf 75' lang='grc' dir='ltr'><strong>Ἐφ’</strong></span> <span class='ocrx_word' id='word_1_626' title='bbox 3332 3549 3370 3619; x_wconf 81' lang='grc' dir='ltr'><em>ᾧ</em></span> <span class='ocrx_word' id='word_1_627' title='bbox 3433 3551 3686 3622; x_wconf 75' lang='grc' dir='ltr'><strong>ᾐνέσαμεν</strong></span> <span class='ocrx_word' id='word_1_628' title='bbox 3748 3552 3829 3621; x_wconf 72' lang='grc' dir='ltr'><strong>μὲν</strong></span> 
     </span>
    </p>
   </div>
   <div class='ocr_carea' id='block_1_91' title="bbox 2239 3632 3836 3714">
    <p class='ocr_par' dir='ltr' id='par_1_91' title="bbox 2239 3632 3836 3714">
     <span class='ocr_line' id='line_1_91' title="bbox 2239 3632 3836 3714; baseline -0.003 -22"><span class='ocrx_word' id='word_1_629' title='bbox 2239 3643 2380 3714; x_wconf 83' lang='grc' dir='ltr'><strong>ὑμῶν</strong></span> <span class='ocrx_word' id='word_1_630' title='bbox 2432 3640 2488 3693; x_wconf 86' lang='grc' dir='ltr'><strong>τὸ</strong></span> <span class='ocrx_word' id='word_1_631' title='bbox 2548 3640 2827 3712; x_wconf 71' lang='grc' dir='ltr'><strong>φιλομαθὲς</strong></span> <span class='ocrx_word' id='word_1_632' title='bbox 2881 3647 2974 3699; x_wconf 81' lang='grc' dir='ltr'><strong>τῆς</strong></span> <span class='ocrx_word' id='word_1_633' title='bbox 3031 3642 3276 3708; x_wconf 79' lang='grc' dir='ltr'><strong>πίστεως,</strong></span> <span class='ocrx_word' id='word_1_634' title='bbox 3337 3638 3726 3710; x_wconf 78' lang='grc' dir='ltr'><strong>ὑπερηνέσαμεν</strong></span> <span class='ocrx_word' id='word_1_635' title='bbox 3781 3632 3836 3688; x_wconf 75' lang='grc' dir='ltr'><strong>δε</strong></span> 
     </span>
    </p>
   </div>
   <div class='ocr_carea' id='block_1_92' title="bbox 2239 3727 3843 3803">
    <p class='ocr_par' dir='ltr' id='par_1_92' title="bbox 2239 3727 3843 3803">
     <span class='ocr_line' id='line_1_92' title="bbox 2239 3727 3843 3803; baseline -0.002 -20"><span class='ocrx_word' id='word_1_636' title='bbox 2239 3730 2296 3783; x_wconf 87' lang='grc' dir='ltr'><strong><em>τὸ</em></strong></span> <span class='ocrx_word' id='word_1_637' title='bbox 2353 3729 2659 3802; x_wconf 69' lang='grc' dir='ltr'><strong>εἰρηνοθελες</strong></span> <span class='ocrx_word' id='word_1_638' title='bbox 2715 3736 2810 3789; x_wconf 83' lang='grc' dir='ltr'><strong>τῆς</strong></span> <span class='ocrx_word' id='word_1_639' title='bbox 2867 3732 3219 3803; x_wconf 81' lang='grc' dir='ltr'><strong>προαιρέσεως</strong></span> <span class='ocrx_word' id='word_1_640' title='bbox 3255 3749 3268 3760; x_wconf 88' lang='grc'><strong>·</strong></span> <span class='ocrx_word' id='word_1_641' title='bbox 3325 3727 3382 3779; x_wconf 87' lang='grc' dir='ltr'><strong>τό</strong></span> <span class='ocrx_word' id='word_1_642' title='bbox 3431 3727 3596 3789; x_wconf 81' lang='grc' dir='ltr'><strong>οὕτως</strong></span> <span class='ocrx_word' id='word_1_643' title='bbox 3645 3729 3843 3799; x_wconf 77' lang='grc' dir='ltr'><strong>ἓφιεμέ-</strong></span> 
     </span>
    </p>
   </div>
   <div class='ocr_carea' id='block_1_93' title="bbox 2238 3818 3843 3891">
    <p class='ocr_par' dir='ltr' id='par_1_93' title="bbox 2238 3818 3843 3891">
     <span class='ocr_line' id='line_1_93' title="bbox 2238 3818 3843 3891; baseline -0.002 -19"><span class='ocrx_word' id='word_1_644' title='bbox 2238 3839 2328 3881; x_wconf 86' lang='grc' dir='ltr'>νης</span> <span class='ocrx_word' id='word_1_645' title='bbox 2377 3819 2453 3872; x_wconf 76' lang='grc' dir='ltr'><strong>ἐπ’</strong></span> <span class='ocrx_word' id='word_1_646' title='bbox 2510 3819 2723 3891; x_wconf 74' lang='grc' dir='ltr'><strong>ὠφελείᾳ</strong></span> <span class='ocrx_word' id='word_1_647' title='bbox 2782 3823 2868 3870; x_wconf 81' lang='grc' dir='ltr'><strong>καὶ</strong></span> <span class='ocrx_word' id='word_1_648' title='bbox 2931 3821 3167 3890; x_wconf 83' lang='grc' dir='ltr'><strong>σωτηρίᾳ</strong></span> <span class='ocrx_word' id='word_1_649' title='bbox 3215 3818 3443 3874; x_wconf 73' lang='grc' dir='ltr'><strong>ὑπήκοον</strong></span> <span class='ocrx_word' id='word_1_650' title='bbox 3504 3821 3843 3874; x_wconf 67' lang='grc' dir='ltr'><strong>καταστήσειν</strong></span> 
     </span>
    </p>
   </div>
   <div class='ocr_carea' id='block_1_94' title="bbox 2242 3900 3845 3976">
    <p class='ocr_par' dir='ltr' id='par_1_94' title="bbox 2242 3900 3845 3976">
     <span class='ocr_line' id='line_1_94' title="bbox 2242 3900 3845 3976; baseline -0.002 -20"><span class='ocrx_word' id='word_1_651' title='bbox 2242 3906 2386 3956; x_wconf 91' lang='grc' dir='ltr'><strong>σθαι.</strong></span> <span class='ocrx_word' id='word_1_652' title='bbox 2445 3906 2540 3960; x_wconf 86' lang='grc' dir='ltr'><strong>Ε’ίη</strong></span> <span class='ocrx_word' id='word_1_653' title='bbox 2587 3906 2688 3976; x_wconf 88' lang='grc' dir='ltr'><strong>γὰρ</strong></span> <span class='ocrx_word' id='word_1_654' title='bbox 2726 3905 2846 3975; x_wconf 80' lang='grc' dir='ltr'><strong>ὑμῖν</strong></span> <span class='ocrx_word' id='word_1_655' title='bbox 2900 3903 3125 3954; x_wconf 72' lang='grc' dir='ltr'><strong>ἐντεῦθεν</strong></span> <span class='ocrx_word' id='word_1_656' title='bbox 3174 3901 3406 3972; x_wconf 76' lang='grc' dir='ltr'><strong>ἄμειψις,</strong></span> <span class='ocrx_word' id='word_1_657' title='bbox 3464 3903 3544 3952; x_wconf 79' lang='grc' dir='ltr'><strong>ἐπὶ</strong></span> <span class='ocrx_word' id='word_1_658' title='bbox 3599 3900 3845 3974; x_wconf 82' lang='grc' dir='ltr'><strong>λαμπρό-</strong></span> 
     </span>
    </p>
   </div>
   <div class='ocr_carea' id='block_1_95' title="bbox 2240 3987 3845 4066">
    <p class='ocr_par' dir='ltr' id='par_1_95' title="bbox 2240 3987 3845 4066">
     <span class='ocr_line' id='line_1_95' title="bbox 2240 3987 3845 4066; baseline -0.002 -22"><span class='ocrx_word' id='word_1_659' title='bbox 2240 4012 2360 4051; x_wconf 81' lang='grc' dir='ltr'><strong>τητι</strong></span> <span class='ocrx_word' id='word_1_660' title='bbox 2384 3991 2687 4066; x_wconf 88' lang='grc' dir='ltr'><strong>λαμπρότης</strong></span> <span class='ocrx_word' id='word_1_661' title='bbox 2721 3990 2966 4066; x_wconf 82' lang='grc' dir='ltr'><strong>οἴρῥητος,</strong></span> <span class='ocrx_word' id='word_1_662' title='bbox 3014 3995 3103 4042; x_wconf 82' lang='grc' dir='ltr'><strong>καὶ</strong></span> <span class='ocrx_word' id='word_1_663' title='bbox 3166 3993 3251 4042; x_wconf 74' lang='grc' dir='ltr'><strong>ἐπὶ</strong></span> <span class='ocrx_word' id='word_1_664' title='bbox 3307 3987 3550 4062; x_wconf 81' lang='grc' dir='ltr'><strong>βασιλείᾳ</strong></span> <span class='ocrx_word' id='word_1_665' title='bbox 3590 3988 3845 4061; x_wconf 85' lang='grc' dir='ltr'><strong>βασιλεία</strong></span> 
     </span>
    </p>
   </div>
   <div class='ocr_carea' id='block_1_96' title="bbox 2243 4075 3842 4152">
    <p class='ocr_par' dir='ltr' id='par_1_96' title="bbox 2243 4075 3842 4152">
     <span class='ocr_line' id='line_1_96' title="bbox 2243 4075 3842 4152; baseline -0.002 -20"><span class='ocrx_word' id='word_1_666' title='bbox 2243 4080 2595 4142; x_wconf 81' lang='grc' dir='ltr'><strong>ἀτελεύτητος.</strong></span> <span class='ocrx_word' id='word_1_667' title='bbox 2640 4080 2798 4146; x_wconf 83' lang='grc' dir='ltr'><strong>Ἀλλ’,</strong></span> <span class='ocrx_word' id='word_1_668' title='bbox 2853 4077 2891 4131; x_wconf 83' lang='grc' dir='ltr'><strong>ὦ</strong></span> <span class='ocrx_word' id='word_1_669' title='bbox 2951 4075 3206 4132; x_wconf 79' lang='grc' dir='ltr'><strong>δεσπόται</strong></span> <span class='ocrx_word' id='word_1_670' title='bbox 3235 4080 3510 4152; x_wconf 83' lang='grc' dir='ltr'><strong>κράτιστοι</strong></span> <span class='ocrx_word' id='word_1_671' title='bbox 3562 4082 3653 4130; x_wconf 80' lang='grc' dir='ltr'><strong>καὶ</strong></span> <span class='ocrx_word' id='word_1_672' title='bbox 3701 4077 3842 4151; x_wconf 76' lang='grc' dir='ltr'><strong>φιλο-</strong></span> 
     </span>
    </p>
   </div>
   <div class='ocr_carea' id='block_1_97' title="bbox 2245 4167 3844 4240">
    <p class='ocr_par' dir='ltr' id='par_1_97' title="bbox 2245 4167 3844 4240">
     <span class='ocr_line' id='line_1_97' title="bbox 2245 4167 3844 4240; baseline -0.003 -16"><span class='ocrx_word' id='word_1_673' title='bbox 2245 4172 2510 4234; x_wconf 87' lang='grc' dir='ltr'><strong>θεὼτατοι,</strong></span> <span class='ocrx_word' id='word_1_674' title='bbox 2573 4169 2677 4240; x_wconf 73' lang='grc' dir='ltr'><strong>οὐχ</strong></span> <span class='ocrx_word' id='word_1_675' title='bbox 2725 4170 2830 4222; x_wconf 84' lang='grc' dir='ltr'><strong>οἶόν</strong></span> <span class='ocrx_word' id='word_1_676' title='bbox 2878 4173 2932 4221; x_wconf 88' lang='grc' dir='ltr'><em>τέ</em></span> <span class='ocrx_word' id='word_1_677' title='bbox 2978 4172 3093 4221; x_wconf 76' lang='grc' dir='ltr'><strong>ἐστι</strong></span> <span class='ocrx_word' id='word_1_678' title='bbox 3119 4175 3269 4220; x_wconf 89' lang='grc' dir='ltr'><strong>τοῦτο</strong></span> <span class='ocrx_word' id='word_1_679' title='bbox 3297 4167 3354 4220; x_wconf 87' lang='grc' dir='ltr'>τὸ</span> <span class='ocrx_word' id='word_1_680' title='bbox 3393 4173 3529 4239; x_wconf 83' lang='grc' dir='ltr'><strong>μέγα</strong></span> <span class='ocrx_word' id='word_1_681' title='bbox 3553 4172 3644 4220; x_wconf 86' lang='grc' dir='ltr'><strong>καὶ</strong></span> <span class='ocrx_word' id='word_1_682' title='bbox 3682 4167 3844 4220; x_wconf 82' lang='grc' dir='ltr'><strong>πολύ-</strong></span> 
     </span>
    </p>
   </div>
   <div class='ocr_carea' id='block_1_98' title="bbox 2244 4255 3841 4330">
    <p class='ocr_par' dir='ltr' id='par_1_98' title="bbox 2244 4255 3841 4330">
     <span class='ocr_line' id='line_1_98' title="bbox 2244 4255 3841 4330; baseline -0.002 -19"><span class='ocrx_word' id='word_1_683' title='bbox 2244 4277 2424 4311; x_wconf 87' lang='grc' dir='ltr'><strong>ευκτον</strong></span> <span class='ocrx_word' id='word_1_684' title='bbox 2512 4260 2830 4330; x_wconf 84' lang='grc' dir='ltr'><strong>κατόρθωμα</strong></span> <span class='ocrx_word' id='word_1_685' title='bbox 2897 4257 3066 4317; x_wconf 81' lang='grc' dir='ltr'><strong>ἁπλῶς</strong></span> <span class='ocrx_word' id='word_1_686' title='bbox 3145 4256 3309 4318; x_wconf 77' lang='grc' dir='ltr'><strong>οὕτως</strong></span> <span class='ocrx_word' id='word_1_687' title='bbox 3379 4260 3468 4308; x_wconf 87' lang='grc' dir='ltr'><strong>καὶ</strong></span> <span class='ocrx_word' id='word_1_688' title='bbox 3555 4255 3841 4328; x_wconf 80' lang='grc' dir='ltr'><strong>ἁκαμάτως</strong></span> 
     </span>
    </p>
   </div>
   <div class='ocr_carea' id='block_1_99' title="bbox 2593 4344 3844 4420">
    <p class='ocr_par' dir='ltr' id='par_1_99' title="bbox 2593 4344 3844 4420">
     <span class='ocr_line' id='line_1_99' title="bbox 2593 4344 3844 4420; baseline -0.002 -20"><span class='ocrx_word' id='word_1_689' title='bbox 2593 4344 2732 4400; x_wconf 75' lang='grc' dir='ltr'><strong>διότι</strong></span> <span class='ocrx_word' id='word_1_690' title='bbox 2771 4356 2870 4400; x_wconf 86' lang='grc' dir='ltr'><strong>τῶν</strong></span> <span class='ocrx_word' id='word_1_691' title='bbox 2918 4351 3173 4418; x_wconf 84' lang='grc' dir='ltr'><strong>μεγίστων</strong></span> <span class='ocrx_word' id='word_1_692' title='bbox 3215 4347 3532 4420; x_wconf 80' lang='grc' dir='ltr'><strong>πραγμάτων</strong></span> <span class='ocrx_word' id='word_1_693' title='bbox 3587 4351 3844 4418; x_wconf 80' lang='grc' dir='ltr'><strong>μέγισται</strong></span> 
     </span>
    </p>
   </div>
   <div class='ocr_carea' id='block_1_100' title="bbox 2248 4433 3844 4509">
    <p class='ocr_par' dir='ltr' id='par_1_100' title="bbox 2248 4433 3844 4509">
     <span class='ocr_line' id='line_1_100' title="bbox 2248 4433 3844 4509; baseline -0.001 -21"><span class='ocrx_word' id='word_1_694' title='bbox 2248 4441 2718 4509; x_wconf 70' lang='grc' dir='ltr'><strong>συναναφαίνονται</strong></span> <span class='ocrx_word' id='word_1_695' title='bbox 2747 4440 2835 4488; x_wconf 85' lang='grc' dir='ltr'><strong>καὶ</strong></span> <span class='ocrx_word' id='word_1_696' title='bbox 2866 4437 2920 4487; x_wconf 84' lang='grc' dir='ltr'><strong>αὶ</strong></span> <span class='ocrx_word' id='word_1_697' title='bbox 2949 4433 3324 4496; x_wconf 86' lang='grc' dir='ltr'><strong>τληπαθήσεις.</strong></span> <span class='ocrx_word' id='word_1_698' title='bbox 3357 4439 3420 4486; x_wconf 88' lang='grc' dir='ltr'><strong>Τί</strong></span> <span class='ocrx_word' id='word_1_699' title='bbox 3458 4441 3610 4487; x_wconf 82' lang='grc' dir='ltr'><strong>τοῦτο</strong></span> <span class='ocrx_word' id='word_1_700' title='bbox 3645 4453 3657 4503; x_wconf 84' lang='grc'>;</span> <span class='ocrx_word' id='word_1_701' title='bbox 3693 4441 3844 4507; x_wconf 86' lang='grc' dir='ltr'><strong>Πρῶ-</strong></span> 
     </span>
    </p>
   </div>
   <div class='ocr_carea' id='block_1_101' title="bbox 2245 4525 3842 4598">
    <p class='ocr_par' dir='ltr' id='par_1_101' title="bbox 2245 4525 3842 4598">
     <span class='ocr_line' id='line_1_101' title="bbox 2245 4525 3842 4598; baseline -0.002 -19"><span class='ocrx_word' id='word_1_702' title='bbox 2245 4546 2329 4579; x_wconf 89' lang='grc' dir='ltr'><strong>τον</strong></span> <span class='ocrx_word' id='word_1_703' title='bbox 2356 4529 2466 4598; x_wconf 71' lang='grc' dir='ltr'><strong>μὲν,</strong></span> <span class='ocrx_word' id='word_1_704' title='bbox 2525 4525 2582 4578; x_wconf 84' lang='grc' dir='ltr'><strong>τὸ</strong></span> <span class='ocrx_word' id='word_1_705' title='bbox 2622 4529 2741 4586; x_wconf 77' lang='grc' dir='ltr'><strong>τοὺς</strong></span> <span class='ocrx_word' id='word_1_706' title='bbox 2770 4527 3182 4594; x_wconf 77' lang='grc' dir='ltr'><strong>ἐναντιουμένους</strong></span> <span class='ocrx_word' id='word_1_707' title='bbox 3231 4525 3375 4593; x_wconf 82' lang='grc' dir='ltr'><strong>ἡμῖν,</strong></span> <span class='ocrx_word' id='word_1_708' title='bbox 3408 4528 3648 4598; x_wconf 64' lang='grc' dir='ltr'><strong>χρονίωςΔ</strong></span> <span class='ocrx_word' id='word_1_709' title='bbox 3667 4543 3722 4576; x_wconf 87' lang='grc' dir='ltr'><strong>τε</strong></span> <span class='ocrx_word' id='word_1_710' title='bbox 3751 4529 3842 4576; x_wconf 75' lang='grc' dir='ltr'><strong>καὶ</strong></span> 
     </span>
    </p>
   </div>
   <div class='ocr_carea' id='block_1_102' title="bbox 2248 4593 3847 4685">
    <p class='ocr_par' dir='ltr' id='par_1_102' title="bbox 2248 4593 3847 4685">
     <span class='ocr_line' id='line_1_102' title="bbox 2248 4593 3847 4685; baseline -0.001 -17"><span class='ocrx_word' id='word_1_711' title='bbox 2248 4612 2538 4677; x_wconf 79' lang='grc' dir='ltr'><strong>συνοδικῶς</strong></span> <span class='ocrx_word' id='word_1_712' title='bbox 2597 4616 2966 4685; x_wconf 85' lang='grc' dir='ltr'><strong>πεπαγιῶσθαι</strong></span> <span class='ocrx_word' id='word_1_713' title='bbox 3005 4620 3121 4674; x_wconf 90' lang='grc' dir='ltr'><strong>ταῖς</strong></span> <span class='ocrx_word' id='word_1_714' title='bbox 3166 4613 3384 4675; x_wconf 83' lang='grc' dir='ltr'><strong>οἰκείαις</strong></span> <span class='ocrx_word' id='word_1_715' title='bbox 3433 4593 3655 4676; x_wconf 49' lang='grc' dir='ltr'><strong>δόξαιςί</strong></span> <span class='ocrx_word' id='word_1_716' title='bbox 3702 4615 3847 4685; x_wconf 77' lang='grc' dir='ltr'><strong>ἡμᾶς</strong></span> 
     </span>
    </p>
   </div>
   <div class='ocr_carea' id='block_1_103' title="bbox 2248 4701 3846 4776">
    <p class='ocr_par' dir='ltr' id='par_1_103' title="bbox 2248 4701 3846 4776">
     <span class='ocr_line' id='line_1_103' title="bbox 2248 4701 3846 4776; baseline -0.003 -18"><span class='ocrx_word' id='word_1_717' title='bbox 2248 4702 2306 4758; x_wconf 76' lang='grc' dir='ltr'><strong>δὲ</strong></span> <span class='ocrx_word' id='word_1_718' title='bbox 2339 4703 2698 4766; x_wconf 80' lang='grc' dir='ltr'><strong>ἀποστολικῶς</strong></span> <span class='ocrx_word' id='word_1_719' title='bbox 2735 4723 2789 4756; x_wconf 92' lang='grc' dir='ltr'><strong>τε</strong></span> <span class='ocrx_word' id='word_1_720' title='bbox 2819 4707 2908 4755; x_wconf 85' lang='grc' dir='ltr'><strong>καὶ</strong></span> <span class='ocrx_word' id='word_1_721' title='bbox 2945 4709 3218 4773; x_wconf 77' lang='grc' dir='ltr'><strong>[ἰατρικῶς</strong></span> <span class='ocrx_word' id='word_1_722' title='bbox 3255 4701 3578 4754; x_wconf 78' lang='grc' dir='ltr'><strong>κεκωλῦσθαι</strong></span> <span class='ocrx_word' id='word_1_723' title='bbox 3615 4707 3846 4776; x_wconf 81' lang='grc' dir='ltr'><strong>συνᾶραι</strong></span> 
     </span>
    </p>
   </div>
   <div class='ocr_carea' id='block_1_104' title="bbox 2247 4790 3846 4866">
    <p class='ocr_par' dir='ltr' id='par_1_104' title="bbox 2247 4790 3846 4866">
     <span class='ocr_line' id='line_1_104' title="bbox 2247 4790 3846 4866; baseline -0.002 -20"><span class='ocrx_word' id='word_1_724' title='bbox 2247 4795 2378 4866; x_wconf 82' lang='grc' dir='ltr'><strong>μετὰ</strong></span> <span class='ocrx_word' id='word_1_725' title='bbox 2451 4801 2549 4844; x_wconf 86' lang='grc' dir='ltr'><strong>τῶν</strong></span> <span class='ocrx_word' id='word_1_726' title='bbox 2622 4793 2756 4845; x_wconf 78' lang='grc' dir='ltr'><strong>οὕτω</strong></span> <span class='ocrx_word' id='word_1_727' title='bbox 2837 4794 3225 4866; x_wconf 83' lang='grc' dir='ltr'><strong>κεκρατημένων</strong></span> <span class='ocrx_word' id='word_1_728' title='bbox 3299 4790 3384 4843; x_wconf 87' lang='grc' dir='ltr'><strong>τὸν</strong></span> <span class='ocrx_word' id='word_1_729' title='bbox 3429 4796 3547 4863; x_wconf 83' lang='grc' dir='ltr'><strong>περὶ</strong></span> <span class='ocrx_word' id='word_1_730' title='bbox 3615 4795 3846 4852; x_wconf 76' lang='grc' dir='ltr'><strong>πίστεως</strong></span> 
     </span>
    </p>
   </div>
   <div class='ocr_carea' id='block_1_105' title="bbox 2505 4879 3848 4952">
    <p class='ocr_par' dir='ltr' id='par_1_105' title="bbox 2505 4879 3848 4952">
     <span class='ocr_line' id='line_1_105' title="bbox 2505 4879 3848 4952; baseline -0.001 -18"><span class='ocrx_word' id='word_1_731' title='bbox 2505 4880 2745 4946; x_wconf 81' lang='grc' dir='ltr'><strong>Ἔπειτα,</strong></span> <span class='ocrx_word' id='word_1_732' title='bbox 2809 4882 2889 4934; x_wconf 89' lang='grc' dir='ltr'><strong>ὄτι</strong></span> <span class='ocrx_word' id='word_1_733' title='bbox 2966 4885 3055 4933; x_wconf 85' lang='grc' dir='ltr'><strong>καὶ</strong></span> <span class='ocrx_word' id='word_1_734' title='bbox 3136 4882 3164 4939; x_wconf 80' lang='grc' dir='ltr'><strong>ἠ</strong></span> <span class='ocrx_word' id='word_1_735' title='bbox 3234 4884 3351 4952; x_wconf 83' lang='grc' dir='ltr'><strong>περὶ</strong></span> <span class='ocrx_word' id='word_1_736' title='bbox 3435 4879 3593 4932; x_wconf 73' lang='grc' dir='ltr'><strong>αὐτοῦ</strong></span> <span class='ocrx_word' id='word_1_737' title='bbox 3668 4884 3848 4952; x_wconf 88' lang='grc' dir='ltr'><strong>κρίσις</strong></span> 
     </span>
    </p>
   </div>
   <div class='ocr_carea' id='block_1_106' title="bbox 2247 4968 3844 5041">
    <p class='ocr_par' dir='ltr' id='par_1_106' title="bbox 2247 4968 3844 5041">
     <span class='ocr_line' id='line_1_106' title="bbox 2247 4968 3844 5041; baseline -0.001 -17"><span class='ocrx_word' id='word_1_738' title='bbox 2247 4972 2341 5024; x_wconf 72' lang='grc' dir='ltr'><strong>οὐκ</strong></span> <span class='ocrx_word' id='word_1_739' title='bbox 2407 4971 2578 5033; x_wconf 81' lang='grc' dir='ltr'><strong>ἄλλοις</strong></span> <span class='ocrx_word' id='word_1_740' title='bbox 2646 4971 2843 5036; x_wconf 80' lang='grc' dir='ltr'><strong>ἀνήκει,</strong></span> <span class='ocrx_word' id='word_1_741' title='bbox 2903 4970 2932 5030; x_wconf 78' lang='grc' dir='ltr'><strong>ἣ</strong></span> <span class='ocrx_word' id='word_1_742' title='bbox 3000 4971 3170 5041; x_wconf 86' lang='grc' dir='ltr'><strong>μόνοις</strong></span> <span class='ocrx_word' id='word_1_743' title='bbox 3245 4976 3349 5030; x_wconf 90' lang='grc' dir='ltr'><strong>τοῖς</strong></span> <span class='ocrx_word' id='word_1_744' title='bbox 3418 4968 3516 5020; x_wconf 84' lang='grc' dir='ltr'><strong>ὑπὸ</strong></span> <span class='ocrx_word' id='word_1_745' title='bbox 3575 4975 3667 5020; x_wconf 89' lang='grc' dir='ltr'><strong>τοῦ</strong></span> <span class='ocrx_word' id='word_1_746' title='bbox 3735 4971 3844 5024; x_wconf 85' lang='grc' dir='ltr'><strong>Κυ-</strong></span> 
     </span>
    </p>
   </div>
   <div class='ocr_carea' id='block_1_107' title="bbox 2245 4883 2422 4954">
    <p class='ocr_par' dir='ltr' id='par_1_107' title="bbox 2245 4883 2422 4954">
     <span class='ocr_line' id='line_1_107' title="bbox 2245 4883 2422 4954; baseline 0.017 -20"><span class='ocrx_word' id='word_1_747' title='bbox 2245 4883 2396 4954; x_wconf 87' lang='grc' dir='ltr'><strong>λὸγον</strong></span> <span class='ocrx_word' id='word_1_748' title='bbox 2410 4926 2422 4937; x_wconf 90' lang='grc'><strong>.</strong></span> 
     </span>
    </p>
   </div>
   <div class='ocr_carea' id='block_1_108' title="bbox 2247 5055 3840 5133">
    <p class='ocr_par' dir='ltr' id='par_1_108' title="bbox 2247 5055 3840 5133">
     <span class='ocr_line' id='line_1_108' title="bbox 2247 5055 3840 5133; baseline -0.001 -21"><span class='ocrx_word' id='word_1_749' title='bbox 2247 5065 2364 5133; x_wconf 91' lang='grc' dir='ltr'><strong>ρίου</strong></span> <span class='ocrx_word' id='word_1_750' title='bbox 2426 5065 2518 5118; x_wconf 81' lang='grc' dir='ltr'><strong>τὴν</strong></span> <span class='ocrx_word' id='word_1_751' title='bbox 2591 5060 2830 5123; x_wconf 73' lang='grc' dir='ltr'><strong>ἐξουσίαν</strong></span> <span class='ocrx_word' id='word_1_752' title='bbox 2899 5055 2992 5111; x_wconf 80' lang='grc' dir='ltr'><strong>διὰ</strong></span> <span class='ocrx_word' id='word_1_753' title='bbox 3063 5065 3154 5110; x_wconf 88' lang='grc' dir='ltr'><strong>τοῦ</strong></span> <span class='ocrx_word' id='word_1_754' title='bbox 3229 5060 3523 5129; x_wconf 79' lang='grc' dir='ltr'><strong>Πνεῦματος</strong></span> <span class='ocrx_word' id='word_1_755' title='bbox 3576 5057 3840 5130; x_wconf 75' lang='grc' dir='ltr'><strong>εἰληφόσι,</strong></span> 
     </span>
    </p>
   </div>
   <div class='ocr_carea' id='block_1_109' title="bbox 2251 5147 3842 5223">
    <p class='ocr_par' dir='ltr' id='par_1_109' title="bbox 2251 5147 3842 5223">
     <span class='ocr_line' id='line_1_109' title="bbox 2251 5147 3842 5223; baseline -0.002 -21"><span class='ocrx_word' id='word_1_756' title='bbox 2251 5153 2628 5222; x_wconf 81' lang='grc' dir='ltr'><strong>συναιρομίνων</strong></span> <span class='ocrx_word' id='word_1_757' title='bbox 2717 5168 2770 5202; x_wconf 92' lang='grc' dir='ltr'><strong>τε</strong></span> <span class='ocrx_word' id='word_1_758' title='bbox 2872 5153 2962 5201; x_wconf 87' lang='grc' dir='ltr'><strong>καὶ</strong></span> <span class='ocrx_word' id='word_1_759' title='bbox 3046 5147 3619 5223; x_wconf 73' lang='grc' dir='ltr'><strong>συνεπισφραγιζόντων</strong></span> <span class='ocrx_word' id='word_1_760' title='bbox 3695 5147 3842 5219; x_wconf 82' lang='grc' dir='ltr'><strong>ὑμῶν</strong></span> 
     </span>
    </p>
   </div>
   <div class='ocr_carea' id='block_1_110' title="bbox 2053 5435 2280 5495">
    <p class='ocr_par' dir='ltr' id='par_1_110' title="bbox 2053 5435 2280 5495">
     <span class='ocr_line' id='line_1_110' title="bbox 2053 5435 2280 5495; baseline -0.004 -1"><span class='ocrx_word' id='word_1_761' title='bbox 2053 5435 2280 5495; x_wconf 68' lang='grc' dir='ltr'><strong>ΝΟΤΛΕ.</strong></span> 
     </span>
    </p>
   </div>
   <div class='ocr_carea' id='block_1_111' title="bbox 565 5568 1257 5644">
    <p class='ocr_par' dir='ltr' id='par_1_111' title="bbox 565 5568 1257 5644">
     <span class='ocr_line' id='line_1_111' title="bbox 565 5568 1257 5644; baseline -0.003 -16"><span class='ocrx_word' id='word_1_762' title='bbox 565 5569 684 5644; x_wconf 83' lang='lat'><strong>(93)</strong></span> <span class='ocrx_word' id='word_1_763' title='bbox 713 5570 780 5628; x_wconf 91' lang='lat' dir='ltr'><strong>In</strong></span> <span class='ocrx_word' id='word_1_764' title='bbox 806 5569 948 5629; x_wconf 87' lang='lat' dir='ltr'><strong>Cod.</strong></span> <span class='ocrx_word' id='word_1_765' title='bbox 983 5571 1125 5642; x_wconf 86' lang='lat' dir='ltr'><strong>Reg.</strong></span> <span class='ocrx_word' id='word_1_766' title='bbox 1156 5568 1257 5626; x_wconf 78' lang='grc' dir='ltr'><strong>σοι’.</strong></span> 
     </span>
    </p>
   </div>
  </div>
