4058 6274
265 278 395 349 i601

1544 282 2051 344 EPISTOLARUM
2092 285 2229 342 LIB.
2273 282 2348 344 II.

3480 291 3503 344 l
3513 284 3619 345 60%

261 429 358 473 τῶν
434 418 517 472 ἐπὶ
577 420 742 489 τούτῳ
821 418 921 469 ὑπὸ
1002 420 1135 470 Θεοῦ
1217 417 1620 487 προηγουμένως
1685 412 1864 472 κεκλη-

1981 417 2031 468 et
2076 412 2422 483 incorrupta
2477 411 2990 468 Christianissimus
3043 412 3343 483 religionis
3398 417 3619 469 nostrae

264 514 444 583 μένων.
500 511 569 561 T6
655 505 714 561 δε
767 508 911 578 ὑγιὲς
984 512 1074 558 καὶ
1126 507 1408 577 ἀμώμητον
1456 510 1549 564 τῆς
1610 511 1863 578 Χριστια-

262 600 555 659 νικωτάτῆς
601 600 747 669 ἡμῶν
802 598 1083 671 θρησκείας
1162 598 1399 667 φρόνημα
1473 594 1649 646 ὁποῖόν
1701 592 1860 659 ἐστιν,

268 687 547 758 ἀναγκαῖον
586 687 851 739 ἒκθέσθαι.

337 779 656 848 Πιστεύομεν
714 774 786 835 εἰς
834 775 920 826 ἕνα
982 776 1133 841 Θεὸν,
1195 775 1280 824 τὸν
1329 771 1376 822 ἓν
1431 774 1599 845 Πατρί
1650 790 1723 836 τε,
1773 776 1863 823 xui

263 869 390 937 Υὶῷ,
450 871 540 918 καὶ
637 867 896 936 Πνεύματι
976 862 1110 933 ἁγίῳ
1176 863 1623 935 προσκυνούμενον
1677 879 1731 912 τε
1775 864 1865 912 καὶ

268 952 761 1028 συνδοξαζόμενον·
818 957 910 1011 τὴν
966 952 1345 1023 πολυύμνητον,
1405 953 1729 1024 παντουργὸν
1778 954 1866 1001 καὶ

267 1043 498 1117 ἀρχικήν
525 1039 754 1116 Τριάδα,
813 1043 950 1092 κατὰ
982 1043 1039 1092 τὸ
1079 1041 1178 1092 ύπό
1210 1047 1309 1091 τὼν
1351 1038 1508 1109 ἁγίων
1551 1043 1865 1112 τριακοσίων

267 1125 395 1181 δέκα
450 1134 534 1179 καὶ
593 1127 726 1179 ὀκτὼ
788 1130 1024 1200 Πατέρων
1102 1120 1397 1198 παραδοθὲν
1450 1123 1574 1193 ἡμῖν
1634 1124 1907 1173 θεόπνευ-⁷

268 1236 387 1269 στον
449 1214 706 1288 σύμϐολον
738 1233 749 1243 ⁸
792 1211 863 1266 δι’
918 1211 976 1265 οὗ
1026 1218 1173 1264 πᾶσα
1225 1214 1426 1284 αἵρεσις
1473 1211 1862 1284 ἐκκέκρουσται,

267 1308 349 1356 xui
407 1303 530 1377 παρ’
580 1302 640 1354 οὗ
703 1307 847 1353 πᾶσα
909 1300 1038 1369 ἁγία
1113 1295 1329 1358 σύνοδος
1381 1299 1626 1371 ἢρτηται,
1687 1298 1864 1369 οἷάπερ

267 1391 368 1445 ἀπὸ
421 1392 577 1466 ῥίζης
635 1387 849 1456 κλάδοι,
904 1393 993 1441 καὶ
1052 1397 1225 1460 πηγῆς
1292 1392 1540 1458 ποταμοί.
1609 1385 1867 1438 Ἐντεῦθεν

267 1484 368 1553 γὰρ
423 1483 453 1539 ἡ
523 1477 741 1551 δευτέρα
795 1484 886 1536 τὴν
949 1482 1134 1552 κυρίαν
1193 1480 1362 1548 φωνὴν
1417 1483 1507 1527 τοῦ
1575 1478 1868 1547 Πνεύματος

267 1569 566 1643 ἒτράνωσεν.
629 1566 755 1621 Εἶτα
803 1570 832 1626 ἡ
876 1571 1023 1641 τρίτη
1071 1571 1164 1623 τὴν
1219 1565 1372 1636 ἁγίαν
1426 1569 1632 1637 Μαρίαν
1686 1568 1870 1617 Θεοτό-

267 1678 380 1724 κον,
432 1660 499 1719 ὡς
557 1658 708 1710 αὐτόν
748 1660 833 1708 τόν
892 1663 1139 1727 μονογενῆ
1190 1656 1309 1707 Υἱὸν
1350 1662 1440 1705 τοῦ
1480 1658 1605 1706 Θεοῦ
1639 1652 1869 1711 ἀποκυή-

1975 501 2268 558 sententia
2294 501 2490 573 qualis
2531 501 2625 566 sit,
2653 516 2895 558 necesse
2924 501 3181 558 arbitror
3210 502 3455 574 exponi.

2048 768 2355 825 Credimus
2387 769 2445 824 in
2472 785 2653 823 unum
2682 770 2889 834 Deum,
2918 769 3021 841 qui
3054 770 3110 823 in
3141 768 3330 837 Patre,
3371 773 3427 824 et
3456 769 3620 836 Filio,

1975 862 2031 912 et
2058 858 2270 928 Spiritu
2301 862 2508 913 sancto
2539 857 2824 913 adoretur
2853 864 2908 912 et
2938 856 3457 928 congloriﬁcatur:
3486 857 3626 913 lau-

1975 946 2354 1001 datissimam
2385 948 2657 1001 omnium
2686 945 3039 1001 effectricem
3064 952 3120 1001 et
3150 947 3480 1018 principem
3509 947 3628 1001 Tri-

1976 1035 2423 1105 nitatem,juxta
2437 1035 2612 1090 nobis
2638 1036 2918 1091 traditum
2933 1052 2968 1090 a
2992 1036 3268 1091 trecentis
3288 1036 3619 1091 octodecim

1976 1126 2196 1179 sanctis
2226 1124 2498 1179 Patribus
2530 1124 2870 1196 symbolum
2905 1124 3192 1179 divinitus
3224 1125 3579 1196 inspiratam
3608 1141 3621 1179 :

1978 1229 2081 1284 per
2099 1213 2261 1285 quod
2289 1214 2487 1268 omnis
2504 1213 2747 1268 haeresis
2774 1214 3019 1284 explosa
3037 1219 3144 1279 est,
3159 1218 3213 1267 et
3236 1229 3405 1285 aquo
3429 1213 3626 1269 omnis

1979 1308 2188 1357 sancta
2215 1303 2482 1373 synodus
2509 1302 2748 1373 pendet,
2776 1311 3067 1373 tanquam
3092 1303 3244 1357 rami
3266 1318 3301 1357 a
3328 1304 3547 1367 radice,
3572 1307 3628 1358 et

1979 1409 2014 1448 a
2045 1391 2203 1446 fonte
2224 1389 2414 1447 ﬂuvii.
2456 1391 2596 1446 Hinc
2624 1392 2782 1445 enim
2810 1392 3074 1446 secunda
3110 1392 3416 1462 propriam
3451 1392 3628 1462 Spiri—

1978 1488 2071 1536 tus
2105 1496 2312 1535 vocem
2340 1479 2681 1535 declaravit.
2718 1481 2860 1535 Dein
2886 1480 3055 1535 tertia
3081 1486 3347 1536 sanctam
3383 1482 3626 1535 Mariam

1980 1570 2315 1641 Deiparam,
2363 1574 2423 1623 ut
2450 1584 2584 1640 quas
2623 1569 2824 1639 ipsum
2869 1569 3242 1638 unigenitum
3279 1572 3375 1623 Dei
3421 1569 3627 1624 Filium

1978 1659 2152 1712 enixa
2178 1664 2354 1722 esset,
2377 1658 2799 1725 pronuntiavit.
2821 1659 2967 1712 Tum
2995 1664 3211 1730 quarta
3226 1674 3296 1712 ex
3315 1658 3556 1713 duabus
3575 1663 3631 1713 et

274 1767 464 1813 σασαν,
526 1746 788 1819 ἐκήρυξεν.
844 1744 1066 1798 Ἔπειτα
1116 1746 1145 1801 ἡ
1208 1746 1426 1817 τετάρτη
1482 1741 1535 1793 ἐκ
1569 1739 1664 1794 δύο
1703 1747 1791 1794 xui
1822 1741 1868 1793 ἐν

1981 1747 2034 1802 in
2067 1746 2306 1801 duabus
2334 1746 2561 1800 naturis
2587 1745 2951 1814 singularem
2981 1746 3314 1801 secundum
3348 1747 3629 1818 hyposta-

272 1833 400 1889 δυσὶ
444 1839 634 1909 φύσεσι
676 1834 795 1886 καθ’
845 1836 1139 1886 ὑπόστασιν
1171 1832 1342 1890 ἑνικὴν
1373 1835 1459 1883 τόν
1493 1834 1677 1903 Κύριον
1724 1832 1868 1902 ἡμῶν

270 1927 476 1984 Ἰησοῦν
526 1928 757 1999 Χριστόν
807 1920 1176 1995 ἐδογμάτισεν.
1233 1918 1364 1975 Εἶτα
1414 1922 1444 1979 ἠ
1505 1926 1712 1992 πέμπτη
1776 1925 1869 1978 τὴν

270 2019 369 2090 πρὸ
442 2015 602 2076 αὐτῆς
664 2014 1121 2087 ἐπισφραγίσασα,
1180 2014 1448 2085 Ὠριγένην
1510 2029 1563 2062 τε
1615 2014 1704 2062 καὶ
1752 2012 1870 2071 τοὺς

273 2103 394 2177 ἀμφ’
468 2104 623 2156 αὐτὸν
703 2106 1135 2177 Προῦπαρκτίτας
1211 2099 1594 2172 ἀνεθεματισεν.
1654 2098 1873 2152 Ἔπειτα

271 2195 301 2252 ἡ
364 2195 483 2251 ἕκτη
546 2192 836 2253 ἀκολούθως
880 2197 991 2250 ταῖς
1041 2186 1169 2241 δυσὶ
1200 2192 1411 2261 φύσεσι,
1471 2185 1567 2240 δύο
1610 2189 1873 2260 θελήματά

270 2301 321 2335 τε
378 2286 467 2333 xui
516 2282 771 2354 ἐνεργείας
823 2278 904 2331 ἐπὶ
961 2287 1051 2330 τοῦ
1106 2277 1214 2339 ἑνός
1267 2284 1498 2350 Χριστοῦ
1551 2273 1870 2340 ἐξεδίδαξεν.

274 2368 387 2425 Εἶθ’
446 2370 662 2444 ῦστερον
713 2370 742 2426 ἡ
805 2364 1026 2439 ἑϐδόμη,
1088 2366 1341 2439 ἑπομένως
1398 2373 1511 2427 ταῖς
1553 2370 1653 2438 πρὸ
1694 2369 1871 2434 αὐτῆς,

275 2462 344 2521 ὡς
389 2455 556 2510 διπλᾶ
604 2458 776 2509 πάντα
831 2459 896 2508 τὰ
947 2454 1032 2507 ἐπὶ
1090 2463 1181 2507 τοῦ
1244 2454 1352 2516 ἑνός
1395 2462 1629 2529 Χριστοῦ
1678 2458 1875 2525 φυσικὰ

277 2544 561 2620 ἰδιώματα,
610 2549 697 2598 τὸν
730 2545 885 2597 αῦτὸν
940 2543 1332 2619 ἁπερίγραπτον
1363 2546 1499 2596 κατὰ
1536 2548 1594 2595 τό
1632 2542 1872 2617 ἀόρατον,

274 2641 365 2688 καὶ
437 2637 785 2711 περιγραπτὸν
864 2636 1000 2685 κατὰ
1073 2637 1131 2685 τὸ
1211 2634 1463 2707 ὁρώμενον
1545 2632 1870 2706 ἀνεκήρυξε’

274 2731 485 2799 τέτρασι
543 2729 753 2800 τρόποις
812 2725 1187 2797 ἐρηρεισμένως
1267 2726 1325 2773 τό
1385 2722 1571 2784 ἀληθὲς
1626 2725 1871 2794 ἔχουσα⁸

275 2818 331 2866 ἓκ
388 2833 439 2867 τε
495 2819 717 2886 φυσικοῦ
771 2808 1057 2883 δόγματος,
1113 2812 1253 2884 παρά
1311 2829 1362 2862 τε
1414 2817 1685 2885 Πατρικῶν
1741 2816 1876 2885 χρή.

278 2923 424 2970 σεων,
486 2905 541 2954 ἔκ
589 2921 643 2953 τε
694 2897 982 2953 συνοδικων
1039 2902 1391 2971 ἐκφωνήσεων,
1449 2905 1538 2952 καὶ
1594 2904 1736 2975 παρὰ
1788 2901 1877 2976 ἁρ-

274 2997 443 3065 χαίας
495 2992 856 3063 θεσμοθεσίας.
914 2991 1060 3042 Κατὰ
1107 2993 1196 3061 μεν
1249 2986 1336 3041 οὖν
1385 2995 1609 3062 φυσικὴν
1666 2991 1878 3043 ἀκολου-

278 3084 414 3149 θίαν,
476 3084 590 3152 φέρε
644 3079 821 3145 εἰπεῖν,
877 3079 902 3129 ὁ
947 3077 1320 3149 εύαγγελιστὴς
1379 3079 1621 3141 Ἰωάννης
1662 3076 1879 3132 ὑποδεί-

274 3168 650 3240 κνυσιλέγων·
696 3167 820 3221 Καὶ
875 3168 901 3218 ό
958 3172 1166 3238 Λόγος
1230 3166 1393 3240 σὰρξ
1452 3166 1722 3239 ἐγένετο,
1771 3175 1877 3221 καὶ

275 3260 637 3316 ἐσκήνωσεν
691 3255 752 3307 ἐν
795 3256 968 3327 ἡμῖν.
1024 3255 1081 3307 Εἰ
1129 3260 1299 3307 τοίνυν
1340 3257 1365 3307 ό
1398 3261 1565 3327 Λόγος
1616 3257 1749 3332 σὰρξ
1773 3259 1876 3328 i76-

274 3365 409 3412 νετο,
441 3342 597 3403 δῆλον
647 3347 727 3396 ὅτι
783 3346 852 3404 ὡς
907 3346 996 3416 μεν
1029 3348 1219 3416 Λόγος,
1259 3343 1642 3418 ἀπερίγραπτος
1677 3363 1688 3374 ⁸
1719 3349 1785 3407 ὡς
1818 3342 1877 3398 δε

278 3432 911 3508 σὰρξ,περιγραφόμενος.
957 3439 1073 3486 Καὶ
1130 3436 1501 3492 ἐσκήνωσεν
1559 3433 1616 3486 ἐν
1673 3437 1873 3507 ἡμῖν’

274 3521 399 3575 ἄλλο
426 3519 485 3575 δε
516 3526 573 3575 τὸ
607 3529 849 3587 σκηνοῦν,
907 3528 995 3575 καὶ
1026 3522 1193 3598 ἓτερον
1234 3526 1262 3581 ἡ
1296 3528 1461 3582 σκηνὴ
1498 3544 1511 3556 ⁸
1546 3525 1663 3576 καθ’
1707 3525 1876 3600 ἕτερον

274 3615 363 3685 μεν
390 3613 761 3686 περιγράφοιτο
785 3629 796 3640 ⁸
830 3612 949 3664 καθ’
978 3613 1144 3686 ἕτερον
1177 3609 1234 3665 δε
1260 3621 1582 3687 περιγραφῆς
1604 3612 1872 3689 ἁνώτερος.

273 3701 417 3754 Ἐπεὶ
474 3706 645 3763 ποίοις
721 3705 958 3773 σημείοις
1014 3702 1283 3774 ἄνθρωπος
1347 3706 1610 3774 γεγονέναι
1663 3705 1876 3774 ἔπιγνω-

280 3793 554 3854 σθήσεται,
616 3789 657 3842 εἰ
708 3795 779 3862 μὴ
824 3794 886 3842 τὸ
931 3799 1024 3851 τῆς
1084 3790 1434 3853 ἐξεικονίσεως
1477 3789 1692 3864 ἰδίωμα,
1751 3794 1871 3866 ὅπερ

274 3877 387 3931 ἐστὶ
448 3887 651 3953 πρῶτον
735 3882 783 3931 ἓν
852 3884 1233 3953 μεμορφωμένῳ
1306 3880 1579 3954 ἀνθρώπῳ,
1641 3890 1874 3953 φυσικῶς

274 3972 567 4026 κέκτηται’
623 3967 684 4019 οὗ
739 3975 801 4039 τῇ
860 3966 1142 4040 ἀναιρέσει,
1192 3965 1419 4042 φροῦδος
1472 3971 1497 4021 ό
1558 3972 1869 4043 ἄνθρωπος;

273 4057 431 4109 Ἀλλὰ
477 4061 579 4129 μὴν
636 4059 905 4129 ἄνθρωπος
958 4056 1157 4118 ἀληθῶς
1183 4074 1195 4087 ⁸
1228 4058 1413 4111 οῦκοῦν
1460 4065 1549 4111 καὶ
1579 4062 1644 4120 ὡς
1679 4062 1872 4135 ἄνθρω-

278 4164 371 4207 πος
452 4151 912 4220 περιγραφόμενος,
963 4148 987 4197 ό
1036 4149 1105 4209 ὡς
1184 4152 1312 4207 Θεὸς
1361 4152 1428 4200 ὧν
1490 4147 1871 4223 ἀπερίγραπτος

277 4232 385 4305 Ἐφ’
446 4234 580 4306 ᾧπερ
628 4234 762 4306 λόγῳ
792 4240 1029 4307 μεσίτης.
1082 4244 1215 4289 Θεοῦ
1260 4242 1350 4289 xui
1400 4236 1679 4310 ἀνθρώπων
1710 4238 1871 4311 ἔχρη.

273 4324 513 4395 μάτισεν,
580 4325 646 4385 ὡς
689 4326 755 4376 τὰ
822 4324 1083 4397 ἀμφότερα
1135 4326 1272 4398 ἄκρα
1332 4330 1461 4399 πρὸς
1513 4328 1693 4380 ἑαυτὸν
1754 4347 1871 4380 συν·

275 4413 469 4475 άπτων,
530 4417 619 4465 καὶ
665 4412 925 4487 ἀμφότερα
978 4415 1255 4489 ὑπάρχων,
1325 4422 1413 4468 xui
1460 4419 1526 4468 τὰ
1571 4425 1670 4469 τῶν
1703 4416 1867 4490 ἀμφο-

274 4504 451 4573 τέρων,
507 4501 557 4564 ἐξ
628 4500 693 4553 ὧν
754 4505 1017 4567 συνετέθη,
1102 4506 1300 4576 φύσεῶν
1362 4501 1626 4577 ἰδιώματα
1677 4506 1725 4558 ἐν
1772 4513 1871 4579 μιᾷ

270 4590 562 4642 ὑποστάσει
600 4591 878 4654 ἀνελλιπώς
917 4597 1226 4665 κεκτημένος
1249 4613 1262 4626 ⁸
1318 4596 1371 4646 ἔκ
1419 4614 1473 4647 τε
1527 4599 1748 4671 Πατρός,
1775 4600 1867 4648 σὺν

273 4684 427 4748 πᾶσι,
458 4684 548 4731 xui
586 4683 643 4731 τό
686 4679 1068 4754 ἀπερίγραπτον
1103 4701 1114 4713 ⁸
1150 4681 1352 4758 ἐπείπερ
1387 4686 1558 4759 εἴρηκε
1591 4703 1602 4714 ⁸
1659 4687 1869 4739 Πάντα

272 4769 348 4819 τὰ
386 4766 499 4838 ἐμὰ
541 4771 619 4821 σὰ
657 4769 817 4835 ἐστι,
859 4773 1082 4822 καὶτὰ
1140 4774 1217 4823 σὰ
1261 4770 1375 4844 ἐμά
1408 4792 1420 4804 ⁸
1464 4776 1518 4825 ἔκ
1550 4793 1601 4825 τε
1631 4778 1863 4849 Μητρὸς,

275 4875 370 4908 συν
455 4864 609 4928 πᾶσι,
693 4863 783 4911 καὶ
838 4863 896 4911 τό
951 4865 1300 4934 περιγραπτόν
1332 4881 1345 4893 ⁸
1419 4865 1620 4938 ἐπείπερ
1678 4868 1866 4939 γέγρα-

270 4964 419 5000 πται.
450 4947 533 4999 Οῦ
572 4950 691 5021 γὰρ
754 4945 959 5006 δήπου
998 4949 1283 5021 ἀγγέλων
1332 4950 1859 5024 ἐπιλαμϐάνεται,

270 5034 431 5087 ἀλλὰ
514 5040 886 5112 σπέρματος
967 5038 1243 5115 Ἀϐραὰμ
1324 5041 1858 5115 ἐπιλαμϐάνεται.

265 5122 421 5177 Ὀθεν
452 5125 628 5199 ὤφειλε
651 5130 786 5181 κατὰ
816 5131 985 5183 πάντα
1008 5136 1113 5190 τοῖς
1138 5128 1374 5205 ἀδελφοῖς
1412 5133 1749 5205 ὁμοιωθῆναι.
1776 5139 1861 5188 Ἔν

268 5210 359 5268 οὖν
388 5217 507 5269 καθ’
530 5215 773 5295 ἑκατέραν
812 5220 967 5292 φύσιν
1015 5219 1377 5295 ἀναιρούμενον
1416 5220 1631 5295 ἰδίωμα,
1673 5243 1861 5277 συναν-

1980 1836 2091 1890 sim
2128 1834 2446 1889 Dominum
2479 1840 2751 1890 nostrum
2781 1837 2983 1890 Jesum
3025 1834 3319 1890 Christum
3354 1836 3628 1891 asseruit.

1980 1925 2366 1979 Postmodum
2405 1924 2635 1994 quinta,
2668 1938 2801 1978 eam
2842 1938 2977 1995 quae
3010 1931 3396 1995 praecesserat
3431 1924 3630 1979 consio

1981 2028 2193 2083 gnans,
2240 2012 2577 2082 Origenem,
2618 2016 2673 2067 et
2701 2013 2959 2068 asseclas
3002 2015 3188 2084 ipsius
3223 2013 3631 2085 Prohyparcti-

1983 2108 2069 2156 tas
2097 2100 2253 2173 (93")
2275 2102 2655 2157 anathemate
2678 2102 3169 2157 damnavit.Tum
3201 2110 3388 2170 sexta,
3419 2118 3632 2157 conse-

1981 2196 2231 2261 quenter
2255 2194 2334 2245 ad
2364 2190 2516 2246 duas
2545 2198 2810 2257 naturas,
2842 2190 2994 2246 duas
3022 2208 3265 2263 quoque
3295 2192 3633 2247 voluntates

1982 2285 2036 2334 et
2061 2280 2436 2351 operationes
2468 2281 2527 2334 in
2560 2296 2678 2335 uno
2706 2280 2936 2336 Christo
2962 2296 3094 2335 esse
3120 2281 3345 2336 docuit.
3383 2284 3630 2336 Demum

1984 2368 2257 2439 septima,
2282 2369 2616 2439 superiores
2638 2384 2911 2440 sequens,
2933 2370 3017 2423 uti
3046 2369 3318 2440 duplices
3334 2385 3546 2425 omnes
3569 2370 3632 2423 in

1984 2472 2104 2511 uno
2127 2456 2352 2512 Christo
2381 2457 2685 2513 naturales
2711 2459 3118 2530 prOprietates,
3140 2459 3222 2514 ita
3238 2459 3515 2514 eumdem
3542 2458 3635 2512 in-

1984 2545 2500 2616 circumscriptum
2528 2547 2700 2616 juxta
2732 2546 2793 2600 id
2839 2547 3003 2618 quod
3050 2563 3171 2602 non
3213 2548 3492 2612 cernitur,
3526 2548 3634 2601 cir-

1986 2635 2412 2706 cumscriptum
2456 2650 2597 2690 vero
2628 2635 2802 2705 juxta
2846 2636 2907 2691 id
2954 2636 3119 2708 quod
3174 2637 3452 2705 cernitur,
3501 2650 3633 2691 esse

1986 2724 2182 2779 sanxit
2210 2745 2221 2776 :
2253 2724 2557 2795 quaternis
2585 2724 2781 2778 modis
2824 2724 3137 2781 fundatam
3172 2730 3379 2781 tenens
3412 2727 3635 2780 verita—

1987 2819 2104 2871 tem
2147 2829 2161 2868 :
2211 2830 2283 2868 ex
2326 2812 2583 2868 naturali
2626 2814 2908 2868 nimirum
2942 2815 3236 2880 doctrina,
3282 2830 3349 2869 ex
3393 2815 3631 2869 Patrum

1986 2902 2459 2966 auctoritatibus,
2483 2918 2553 2957 ex
2583 2903 2888 2973 synodicis
2915 2903 3261 2969 decretis,et
3294 2920 3363 2958 ex
3387 2904 3636 2975 antiqua

1987 2991 2437 3046 consuetudine.
2488 2992 2828 3047 Secundum
2869 2993 3204 3047 naturalem
3255 3008 3396 3061 ergo
3428 3008 3633 3048 conse-

1986 3080 2488 3152 quentiam,verbi
2500 3080 2711 3149 gratia,
2732 3082 3368 3151 evangelistaloannes
3382 3082 3601 3135 demon
3614 3112 3635 3123 -

1987 3175 2149 3235 strat,
2182 3185 2317 3224 cum
2348 3171 2462 3225 ait:
2496 3170 2572 3225 Et
2618 3169 2862 3226 Verbum
2888 3186 3029 3225 caro
3047 3171 3278 3239 factum
3308 3175 3414 3235 est,
3441 3178 3493 3226 et
3526 3171 3634 3226 lia-

1988 3258 2196 3314 bitavit
2220 3258 2283 3313 in
2322 3259 2487 3313 nobis
2514 3260 2583 3312 ⁵⁵.
2615 3260 2838 3315 Etenim
2875 3260 2923 3314 si
2951 3260 3207 3314 Verbum
3240 3275 3378 3315 caro
3407 3259 3631 3313 factum

1984 3352 2089 3412 est,
2134 3348 2517 3419 perspicuum
2566 3350 2789 3419 utique,
2822 3349 3006 3420 quod,
3042 3353 3103 3403 ut
3148 3348 3427 3412 Verbum,
3461 3348 3635 3402 incir-

1984 3437 2446 3508 cumscriptum;
2473 3443 2703 3502 utcaro,
2720 3437 3243 3509 circumscriptum
3261 3480 3273 3492 .
3302 3438 3376 3492 Et
3398 3437 3630 3493 habita-

1985 3525 2065 3580 vit
2090 3524 2150 3581 in
2176 3526 2341 3581 nobis
2365 3543 2378 3580 :
2407 3542 2545 3581 cum
2570 3526 2731 3580 aliud
2763 3526 2835 3580 sit
2864 3527 3028 3597 quod
3050 3526 3365 3593 inhabitat,
3391 3534 3446 3581 et
3464 3525 3634 3581 aliud

1982 3614 2184 3685 ipsum
2196 3614 2608 3671 habitaculum
2627 3631 2641 3682 ;
2657 3615 2987 3670 secundum
3004 3614 3254 3671 alterum
3267 3616 3639 3670 circumscri-

1982 3703 2153 3759 betur
2179 3720 2193 3771 ;
2223 3704 2556 3759 secundum
2585 3703 2838 3760 alterum
2869 3710 3068 3759 autem
3103 3720 3346 3760 omnem
3376 3705 3631 3760 circum-

1983 3794 2364 3864 scriptionem
2389 3792 2635 3848 excedit.
2668 3795 2733 3847 Et
2758 3808 2897 3847 vero
2922 3793 3290 3865 quibusnam
3310 3793 3498 3863 signis
3527 3793 3632 3847 ho-

1982 3897 2082 3937 mo
2103 3897 2232 3937 esse
2248 3889 2661 3952 cognoscetur,
2686 3883 2799 3936 nisi
2822 3882 3276 3937 assimilationis
3301 3882 3632 3953 proprieta-

1981 3974 2339 4042 tem,qua3in
2354 3971 2665 4027 eﬂ'ormato
2678 3972 2921 4025 homine
2938 3972 3133 4042 prima
3154 3978 3260 4035 est,
3280 3971 3630 4028 naturaliter

1981 4059 2247 4116 obtineat
2277 4075 2289 4114 :
2314 4076 2436 4131 qua
2462 4060 2714 4124 sublata,
2745 4075 2932 4114 vanus
2964 4059 3239 4115 etnullus
3276 4062 3565 4115 esthomo
3599 4058 3627 4113 (ἰ

1982 4150 2154 4220 Atqui
2177 4148 2360 4204 homo
2392 4165 2527 4204 vere
2557 4156 2644 4204 est
2675 4165 2687 4203 :
2721 4164 2881 4220 ergo,
2917 4155 2979 4204 ut
3008 4150 3213 4215 homo,
3260 4149 3632 4204 circumscri-

1981 4243 2118 4308 ptus
2145 4256 2157 4305 ;
2182 4246 2237 4293 et
2275 4245 2333 4293 ut
2369 4242 2542 4304 Deus,
2596 4239 3165 4310 incircumscriptus.
3199 4238 3328 4306 Qua
3378 4238 3624 4309 quidem

1978 4328 2206 4383 ratione
2241 4328 2532 4383 mediator
2566 4328 2662 4382 Dei
2706 4333 2761 4382 et
2800 4327 3117 4382 hominum
3159 4326 3357 4383 factus
3410 4334 3519 4393 est,
3569 4333 3631 4384 ut

1977 4418 2078 4487 qui
2093 4423 2357 4471 extrema
2371 4416 2553 4472 ambo
2567 4416 2623 4471 in
2641 4417 2840 4487 seipso
2858 4416 3187 4486 conjunxit,
3210 4424 3265 4472 et
3295 4423 3533 4489 utrumq
3548 4432 3621 4472 ue

1978 4506 2221 4573 exsistit,
2244 4513 2299 4561 et
2326 4507 2656 4578 utriusque,
2678 4521 2801 4578 qua
2827 4512 3076 4576 constat,
3109 4512 3336 4561 naturas
3359 4507 3631 4579 proprie-

1980 4601 2125 4651 tates
2147 4596 2205 4650 in
2227 4611 2344 4651 una
2370 4594 2684 4668 hypostasi
2712 4594 2882 4666 plene
2905 4601 2961 4650 et
2989 4597 3114 4651 sine
3141 4596 3375 4651 defectu
3394 4596 3585 4652 habet
3616 4614 3627 4649 :

1978 4700 2047 4740 ex
2062 4685 2245 4752 Patre,
2262 4700 2399 4740 cum
2422 4684 2551 4741 aliis
2570 4684 2872 4747 omnibus,
2902 4685 3623 4756 incircumscriptionem;

1976 4774 2200 4846 quippe
2225 4774 2328 4846 qui
2355 4774 2499 4829 dixit
2525 4790 2536 4827 :
2568 4772 2778 4829 Omnia
2804 4788 2934 4830 mea
2960 4780 3066 4829 tua
3096 4777 3254 4839 sunt,
3288 4780 3343 4829 et
3373 4777 3475 4829 tua
3501 4788 3631 4831 mea

1975 4868 2111 4918 sunt
2140 4865 2187 4897 ⁸ο
2216 4880 2230 4930 ;
2260 4868 2316 4917 et
2341 4878 2412 4917 ex
2434 4869 2641 4927 matre,
2672 4879 2808 4917 cum
2839 4862 3082 4934 reliquis
3107 4863 3409 4930 omnibus,
3440 4864 3620 4919 etiam

1974 4952 2587 5024 circumscriptionem
2612 4967 2625 5006 :
2653 4953 2795 5023 quia
2825 4952 3114 5023 scriptum
3144 4956 3232 5007 est
3260 4968 3274 5007 :
3304 4952 3438 5009 Non
3464 4954 3620 5009 enim

1973 5044 2217 5113 angelos
2228 5041 2644 5113 apprehendit,
2660 5042 2762 5098 sed
2787 5056 2981 5098 semen
2998 5041 3256 5098 Abrahw
3280 5043 3621 5111 apprehen-

1971 5133 2059 5189 dit
2081 5135 2148 5189 ⁸⁷,
2174 5132 2339 5189 Unde
2352 5147 2457 5203 per
2473 5134 2677 5187 omnia
2697 5131 2978 5187 fratribus
2994 5132 3313 5187 assimilari
3337 5132 3617 5189 debebat.

1974 5223 2074 5280 Vel
2104 5223 2280 5279 unica
2315 5222 2495 5292 igitur
2530 5222 2590 5277 in
2630 5219 2915 5277 alterutra
2944 5226 3160 5278 natura
3194 5222 3529 5295 proprietas
3560 5221 3613 5279 si

344 5341 392 5378 ⁸⁸
422 5341 594 5401 Joan.
628 5360 668 5411 ι,
701 5345 788 5401 tt.
863 5348 910 5383 ⁵⁸
938 5347 1110 5405 Joan.
1150 5364 1288 5413 xvu,
1319 5351 1410 5407 10.
1485 5350 1533 5385 ⁸⁷
1572 5348 1758 5408 Hebr.
1790 5366 1853 5424 ιι,
1886 5353 1972 5407 16.

1842 5474 2068 5536 NOTAE.

342 5582 495 5660 (93")
522 5586 880 5647 Animarum
907 5591 1392 5666 prmistontia
1418 5599 1793 5656 assertores.-
