4058 6274
458 274 596 347 1603

456 415 715 479 tollatur,
738 429 948 469 omnes
967 413 1241 484 ejusdem
1272 410 1500 467 ordinis
1533 409 1663 466 aliae
1690 410 1870 466 simul
1898 409 2109 466 tollan-

457 508 550 559 tur
571 519 810 558 necesse
831 509 939 558 est.
968 501 1226 558 Sublatis
1253 507 1453 556 autem
1482 499 1969 571 pr0prietatibus,
1989 515 2108 555 una

457 593 660 664 utique
688 591 974 647 tolluntur
1004 595 1060 646 et
1088 605 1296 646 earum
1327 594 1580 644 naturae.

526 682 715 737 Testis
768 681 988 735 horum
1039 693 1205 734 sacer
1257 684 1454 749 matyr
1503 678 1788 747 Justinus,
1823 679 1993 750 cujus
2047 679 2108 733 in

455 770 724 842 quodam
742 769 874 824 loco
901 770 1024 823 haec
1039 775 1176 822 sunt
1201 767 1382 822 verba
1403 787 1414 819 :
1434 781 1468 821 ι(
1490 766 1638 822 Nihil
1665 767 1824 821 enim
1848 767 1908 822 in
1929 767 2108 822 rebus

454 859 516 914 id
545 858 709 930 quod
741 865 827 913 est
854 862 1184 928 permanet,
1220 856 1266 910 si
1323 871 1531 926 unum,
1565 855 1652 910 vel
1683 856 1880 912 solum
1912 872 1984 912 ex
2015 856 2104 920 iis,

455 962 591 1020 quae
619 947 964 1002 naturaliter
1002 947 1053 1001 ei
1106 946 1331 1008 insunt,
1380 944 1636 1000 deﬁciat.
1674 965 1697 995 υ
1734 948 1924 1016 Atque
1970 945 2108 1000 hinc

455 1051 628 1092 cassa
671 1044 727 1091 et
775 1051 932 1091 vana
964 1051 1068 1107 per
1109 1051 1331 1090 novam
1362 1034 1744 1106 hypothesim
1784 1035 1935 1089 ﬁunt
1971 1034 2108 1090 ﬁdei

453 1132 673 1181 nostrae
714 1125 1020 1197 mysteria.
1055 1128 1457 1193 Congruenter
1489 1128 1691 1178 autem
1724 1123 2106 1193 evangelista;

455 1214 775 1287 Apostolus
821 1214 948 1270 haec
979 1216 1059 1269 ait
1107 1232 1118 1268 :
1155 1212 1421 1278 Quicum
1473 1213 1536 1267 in
1561 1213 1766 1282 forma
1795 1213 1902 1268 Dei
1943 1219 2106 1283 esset,

453 1321 570 1360 non
601 1304 880 1374 rapinam
906 1303 1236 1359 arbitratus
1270 1308 1353 1358 est
1375 1316 1493 1358 esse
1521 1317 1581 1357 se
1609 1303 1895 1373 aqualem
1937 1303 2052 1358 Deo
2084 1316 2110 1371 ,ο

453 1394 556 1449 sed
566 1397 924 1463 semetipsum
937 1391 1540 1460 exinanivitformam
1554 1390 1711 1446 servi
1721 1391 2016 1460 accipiens
2032 1391 2101 1446 ⁵⁸.

454 1483 637 1552 Igitur
667 1483 736 1550 si,
771 1483 828 1536 in
859 1481 1054 1536 forma
1103 1482 1200 1535 Dei
1230 1496 1368 1534 cum
1421 1487 1592 1544 esset,
1647 1481 1903 1535 formam
1952 1481 2106 1536 servi

453 1574 702 1642 accepit,
761 1574 887 1626 sine
936 1569 1368 1636 controversia,
1407 1576 1706 1642 quatenus
1752 1570 1993 1640 quidem
2046 1573 2103 1625 in

451 1661 646 1717 forma
673 1661 768 1716 Dei
814 1666 917 1725 est,
947 1660 1210 1727 imagine
1240 1674 1360 1712 non
1405 1660 1756 1729 exprimitur
1793 1675 1806 1724 ;
1836 1659 2107 1730 quando-

451 1750 696 1822 quidem
719 1753 869 1804 Deus
888 1765 1072 1819 supra
1083 1747 1680 1818 comprehensionem
1695 1753 2106 1820 est:quatenus
2136 1767 2175 1821 Β

450 1855 591 1895 vero
634 1839 890 1894 formam
923 1839 1078 1892 servi
1127 1836 1376 1907 accepit,
1409 1835 1781 1906 exprimitur,
1814 1836 2105 1907 quoniam

453 1927 994 1998 comprehensioni,
1011 1941 1146 1998 quae
1165 1925 1344 1980 tactui
1359 1925 1606 1980 etcolori
1629 1925 1852 1990 subest,
1877 1925 2106 1980 servilis

453 2016 648 2072 forma
679 2015 1010 2086 subjicitur.
1059 2014 1372 2080 Quomodo
1402 2014 1560 2068 enim
1608 2015 1666 2068 in
1721 2014 2104 2070 similitudine

453 2106 768 2161 hominum
781 2105 970 2160 factus
986 2103 1402 2168 credetur,nisi
1421 2103 1733 2158 hominum
1750 2119 1914 2158 more
1929 2110 2104 2175 aptus

455 2195 532 2250 sit
559 2195 662 2266 qui
694 2209 797 2265 per
823 2193 1150 2264 imaginem
1183 2192 1552 2263 exprimatur
1576 2190 1604 2245 7
1635 2192 1950 2256 Quomodo
1983 2208 2106 2247 rur-

454 2299 556 2337 sus
586 2289 642 2338 et
691 2282 902 2338 habitu
937 2283 1215 2337 inventus
1261 2289 1322 2335 ut
1363 2280 1548 2335 homo
1573 2281 1820 2346 dicetur,
1857 2281 1968 2336 nisi
1999 2283 2106 2336 hu-

452 2387 638 2428 mano
655 2372 866 2427 habitu
881 2373 1072 2442 pictus
1087 2369 1402 2426 cernatur?
1417 2369 1655 2432 Videtis,
1671 2386 1705 2425 o
1720 2371 2101 2439 serenissimi,

452 2477 574 2533 quo
601 2468 796 2533 pacto,
827 2462 929 2532 qui
958 2475 1062 2531 per
1087 2475 1291 2515 omnia
1329 2457 1614 2514 fratribus
1641 2459 1960 2514 assimilari
2002 2460 2108 2514 de-

452 2550 600 2612 buit,
627 2550 990 2621 quibuscum
1016 2564 1088 2603 ex
1135 2563 1311 2619 aequo
1341 2562 1586 2602 carnem
1635 2564 1706 2604 ac
1745 2549 2104 2617 sanguinem

451 2639 685 2704 habuit,
711 2655 782 2693 ex
831 2653 1007 2708 aequo
1035 2638 1256 2709 pariter
1283 2637 1557 2707 exprimi,
1589 2637 1738 2691 sicut
1775 2636 1874 2701 illi,
1905 2653 2103 2692 neces-

455 2729 611 2784 sario
655 2727 890 2782 debeat.
927 2726 1025 2782 Sin
1081 2727 1305 2790 minus,
1340 2725 1547 2781 similis
1597 2724 1788 2782 factus
1818 2741 1939 2780 non
1971 2732 2058 2781 est
2088 2741 2102 2792 ;

455 2818 861 2888 mentitusque
885 2822 971 2870 est
991 2817 1090 2886 qui
1115 2816 1261 2868 dixit
1291 2830 1303 2868 :
1331 2817 1394 2868 Et
1415 2821 1629 2870 natura
1650 2815 1970 2870 immutata
1995 2821 2101 2870 est.

455 2909 522 2961 Et
571 2914 770 2962 tamen
822 2908 976 2958 Deus
1031 2905 1156 2975 ipse
1201 2919 1268 2958 ac
1328 2903 1580 2958 Verbum
1631 2904 1852 2958 alicubi
1910 2904 2101 2959 dixit:

456 2995 611 3062 Quid
621 3009 712 3050 me
721 3009 793 3064 qu
803 2992 982 3049 teritis
996 2992 1778 3063 interﬁcere,hominem,qui
1794 2993 2100 3048 veritatem

455 3084 615 3140 vobis
639 3084 870 3140 locutus
891 3099 1043 3148 sum,
1059 3097 1230 3153 quam
1253 3081 1509 3136 audivia
1532 3081 1646 3136 Deo
1669 3082 1714 3116 ⁵ο
1736 3081 1765 3133 ‘2
1786 3085 2103 3154 Nunquam

455 3178 679 3242 autem,
711 3174 817 3243 qui
869 3188 992 3228 non
1044 3172 1430 3242 exprimatur,
1471 3169 1777 3226 hominem
1837 3173 2104 3243 seipsum

454 3263 590 3318 fecit
640 3279 653 3318 :
701 3278 832 3326 nec,
887 3261 989 3332 qui
1040 3260 1230 3316 occidi
1290 3265 1492 3330 queat,
1535 3275 1657 3315 non
1715 3259 1874 3316 idem
1926 3262 2103 3317 etiam

454 3357 669 3408 natura
698 3351 947 3422 exprimi
979 3349 1165 3422 possit
1202 3366 1215 3416 ;
1251 3349 1505 3404 alterum
1537 3350 1694 3404 enim
1739 3349 1990 3405 alterum
2021 3351 2105 3404 in-

453 3441 628 3497 fertet
648 3440 984 3496 conﬁrmat.
1003 3439 1101 3493 Hic
1123 3445 1210 3492 est
1226 3438 1619 3506 morti/iratus
1643 3438 1878 3510 quidem
1901 3453 2100 3504 carne,

453 3530 780 3599 viviﬁcatus
812 3534 1006 3584 autem
1035 3528 1252 3598 spiritu
1275 3529 1338 3593 ⁸ο,
1368 3528 1522 3581 sicut
1548 3527 1760 3582 beatus
1791 3527 1993 3582 Petrus
2019 3527 2105 3583 di-

451 3620 557 3675 xit.
592 3619 742 3684 Quid
792 3624 990 3672 autem
1039 3617 1150 3672 hoc
1181 3616 1346 3671 aliud
1377 3621 1481 3678 est.
1519 3632 1702 3688 quam
1751 3616 1970 3682 dicere,
2003 3633 2103 3672 ex-

450 3710 626 3780 primi
654 3707 984 3761 secundum
1013 3721 1277 3770 carnem,
1311 3706 1415 3777 qui
1447 3705 1799 3776 exprimitur
1839 3707 2052 3776 spiritu
2074 3705 2102 3761 τ

451 3798 553 3852 Hic
583 3803 688 3861 est,
712 3798 812 3868 qui
852 3797 997 3850 dixit
1032 3811 1044 3848 :
1081 3795 1193 3863 Qui
1219 3795 1538 3851 manducat
1569 3809 1674 3858 me,
1709 3801 1763 3850 et
1795 3794 1920 3865 ipse
1953 3795 2102 3851 vivet

445 3892 696 3957 propter
725 3901 815 3941 me
848 3885 916 3938 ⁶¹.
959 3885 1193 3939 Minime
1226 3889 1428 3940 autem
1458 3884 1560 3955 qui
1605 3885 2102 3955 circumscriptus

449 3989 570 4030 non
602 3981 773 4040 esset,
817 3973 1165 4029 manducari
1207 3988 1268 4027 se
1311 3973 1552 4037 diceret,
1588 3973 1698 4027 nisi
1737 3973 1882 4029 forte
1905 3973 2104 4044 phan-

449 4068 647 4120 tasma
675 4065 1006 4136 quodpiam
1038 4062 1208 4119 foret.
1243 4062 1412 4127 Quod
1440 4062 1686 4133 quidem
1716 4062 1763 4116 si
1790 4063 2104 4118 admiseri-

453 4171 607 4218 mus,
657 4153 715 4207 in
769 4152 1230 4208 Manichaeorum
1285 4151 1630 4222 opinionem
1689 4150 2100 4222 prolabemur,

453 4257 742 4312 magnum
781 4241 1014 4312 pietatis
1044 4241 1392 4312 mysterium
1424 4240 1817 4297 destruentes.

523 4331 620 4385 llle
672 4330 971 4402 siquidem
1010 4331 1069 4384 in
1116 4328 1462 4400 aspectabili
1494 4338 1549 4385 et
1581 4345 1699 4385 non
1746 4329 2102 4402 aspectabili

455 4419 662 4474 Filium
719 4421 1024 4491 propriam
1071 4419 1470 4476 substantiam
1518 4419 1579 4474 in
1621 4423 1822 4474 monte
1854 4419 2105 4474 manife-

453 4514 641 4564 stasse
680 4509 841 4575 dicit,
868 4525 988 4564 non
1014 4510 1166 4564 duas
1199 4509 1520 4562 habentem
1553 4513 1820 4573 naturas,
1849 4507 1950 4563 sed
1980 4508 2104 4563 uni—

452 4614 614 4655 cam.
656 4599 849 4663 Quare
881 4597 918 4652 ii
953 4599 1189 4668 pariter,
1221 4597 1325 4668 qui
1355 4611 1476 4652 non
1505 4597 1918 4652 circumscribi
1946 4597 2104 4654 Chri-

455 4693 614 4744 stum
632 4687 958 4749 afﬁrmant,
973 4691 1262 4756 tanquam
1281 4692 1556 4740 naturam
1579 4700 1760 4740 unam
1781 4686 2105 4756 praedican-

454 4783 559 4843 tes,
582 4778 642 4832 in
661 4777 791 4847 ejus
813 4775 1168 4831 sententiam
1191 4772 1419 4829 devolvi
1449 4774 1912 4829 convincuntur.
1934 4775 2104 4838 Quod

454 4869 612 4924 enim
643 4862 1877 4934 incircumscriptum,idemincorporeum.
1904 4866 2104 4936 Neque

454 4973 613 5023 vero,
655 4972 726 5012 eo
777 4955 942 5027 quod
999 4952 1523 5018 circumscribitur,
1575 4954 1794 5009 idcirco
1853 4955 1913 5009 in
1953 4956 2106 5009 duas

457 5062 743 5120 personas
768 5046 945 5100 unica
971 5044 1180 5100 Christi
1207 5058 1483 5114 persona,
1515 5050 1576 5098 ut
1597 5043 1848 5114 quidam
1871 5049 2102 5115 putant,

456 5136 760 5193 dividitur.
795 5133 1087 5201 Quoniam
1109 5149 1303 5204 neque
1333 5139 1547 5188 natura
1568 5133 1846 5202 imaginis
1877 5148 1948 5189 ac
1969 5147 2108 5204 pro-

456 5227 648 5296 totypi
670 5225 1000 5279 secundum
1014 5221 1393 5294 hypostasim
1405 5221 1694 5276 dividitur
1715 5243 1725 5287 ;
1748 5222 1851 5277 sed
1874 5237 1944 5276 ex
1969 5222 2107 5277 sub-

456 5314 688 5370 stantiae
746 5314 972 5369 ratione
1022 5311 1418 5368 differentiam
1477 5311 1739 5366 sortitur.
1796 5311 1886 5366 Ait
1947 5313 2104 5367 enim

455 5402 934 5476 sapientissimus
966 5400 1315 5473 Dionysius:
1351 5420 1377 5453 ε
1412 5402 1737 5473 Utrumque
1763 5401 1822 5456 in
1853 5405 2106 5473 utroque

527 5588 577 5628 ⁸⁸
599 5585 856 5661 Philipp.
886 5602 948 5654 ιι,
975 5590 1029 5644 6.
1104 5587 1152 5622 ⁵⁵
1177 5586 1352 5642 Joan.
1382 5600 1482 5653 v11,
1511 5587 1579 5642 20
1612 5601 1626 5655 ;
1653 5599 1769 5652 vm,
1800 5586 1896 5642 40.

1718 283 1788 340 S.
1819 283 2181 340 THEODORI
2225 283 2545 341 STUDlTiE

1981 5585 2024 5621 °°
2053 5585 2079 5643 Ι
2105 5583 2258 5642 Petr.
2289 5584 2490 5652 111,18.

3661 285 3792 344 1604

2138 416 2183 468 Α
2218 417 2378 483 αιρεῖν
2431 415 2648 483 πέφυκεν
2710 409 2764 473 ἕξ
2805 410 3092 482 ἀναγκαίου
3145 409 3312 462 πάντα
3367 413 3440 463 τά
3489 412 3794 485 ὁμόστοιχα.

2216 501 2624 572 Ἀναερουμένων
2678 497 2736 552 δε
2783 509 2880 552 τῶν
2927 498 3248 572 ἰδιωμάτων,
3283 496 3523 559 δηλονότι
3557 520 3796 555 συναναι-

2215 597 2430 662 ροῦνται
2467 594 2550 640 καὶ
2584 590 2638 640 αἱ
2667 591 2860 640 τούτων
2893 592 3088 660 φύσεις.

2291 682 2391 730 Καὶ
2432 681 2629 752 μάρτυς
2691 686 2781 730 τοῦ
2833 678 2988 748 λόγου
3055 680 3080 730 6
3154 680 3458 750 ἱερὸμαρτυς
3535 678 3801 740 Ἰουστῖνος

2218 765 2322 820 ὧδέ
2352 787 2450 820 που
2503 767 2662 838 λέγων
2698 785 2708 797 ·
2771 789 2800 817 ι(
2857 764 3024 820 Οὐδὲν
3062 770 3163 841 γὰρ
3211 764 3445 840 διαμένει
3490 776 3590 820 τῶν
3629 768 3797 835 ὄντων,

2219 857 2338 929 ὅπερ
2373 859 2535 921 ἐστὶν,
2570 860 2674 917 ενός
2722 862 2810 908 καὶ
2840 863 3000 928 μόνου
3051 865 3148 908 τῶν
3201 861 3496 928 προσόντων
3546 857 3682 928 αὐτῷ
3716 878 3801 930 «pu-

2221 954 2381 1007 σικῶς
2423 944 2818 1007 ἐλλείποντος.»
2884 945 3163 998 Κὰντεῦθεν
3219 942 3425 1017 φροῦδα
3467 947 3532 996 τά
3580 953 3667 1006 τῆς
3723 951 3802 998 πί-

2220 1053 2374 1094 στεως
2426 1036 2570 1106 ἡμῶν
2620 1037 2678 1086 ἐκ
2724 1043 2819 1094 τῆς
2869 1042 3051 1096 καινῆς
3106 1036 3399 1096 ὑποθέσεως
3471 1036 3800 1092 καθέστηκεν.

2213 1121 2498 1196 Ἐπομένως
2555 1120 2605 1176 δ’
2638 1121 2724 1176 οὖν
2780 1132 2850 1195 τῷ
2901 1123 3242 1195 εὐαγγελιστῇ
3304 1129 3391 1175 καὶ
3438 1124 3463 1174 6
3495 1123 3804 1185 Ἀπόστολος

2216 1210 2560 1284 τάδεφησίν’
2601 1211 2704 1273 Ὀς
2745 1212 2803 1264 ἐν
2848 1221 3054 1285 μορφῇ
3100 1221 3259 1265 Θεοῦ
3297 1214 3631 1283 ὑπάρχων,
3690 1213 3803 1284 οὐχ

2217 1301 2552 1374 ἁρπαγμὸν
2610 1303 2910 1372 ἡγήσατο
2952 1305 3019 1354 τὸ
3070 1303 3234 1354 εἶναι
3282 1304 3402 1353 ἶσα
3448 1306 3577 1371 Θεῷ
3609 1319 3622 1331 ·
3687 1301 3802 1353 ἀλλ’

2217 1390 2442 1442 ἑαυτὸν
2491 1389 2757 1443 ἐκένωσε
2799 1396 3049 1463 μορφὴν
3097 1387 3333 1442 δούλου
3371 1389 3596 1444 λαϐὼν.
3631 1396 3804 1444 Τοίνυν

2217 1482 2354 1552 εἴπερ
2405 1479 2452 1531 ἐν
2507 1488 2678 1552 μορφῇ
2732 1488 2864 1533 Θεοῦ
2923 1481 3178 1553 ὑπάρχων
3226 1483 3426 1551 μορφὴν
3481 1476 3669 1531 δούλου
3701 1480 3803 1532 ἔλα-

2216 1567 2297 1620 ϐεν
2328 1588 2339 1600 ·
2404 1568 2779 1643 ἀναντιῤῥὴτως
2836 1570 2866 1642 ᾖ
2922 1573 3010 1640 μὲν
3060 1571 3111 1620 ἐν
3149 1576 3319 1642 μορφῇ
3378 1576 3512 1621 Θεοῦ
3560 1570 3800 1641 ὑπάρχει,

2216 1657 2310 1709 οὐκ
2340 1657 2702 1721 ἐξεικονίζεται
2733 1678 2745 1690 ·
2800 1660 2971 1731 ὅτιπερ
3018 1661 3073 1710 τὸ
3106 1665 3254 1712 Θείον
3291 1659 3416 1730 ὑπὲρ
3466 1657 3756 1728 κατάληψιν
3787 1676 3799 1687 ·

2215 1747 2246 1819 ᾖ
2303 1743 2362 1799 δὲ
2417 1752 2618 1819 μορφὴν
2676 1744 2862 1799 δούλου
2912 1746 3106 1813 ἔλαϐεν,
3158 1746 3540 1812 ἐξεικονίξεται,
3586 1748 3664 1798 ὅτι
3710 1748 3802 1798 ὑπὸ

2215 1835 2509 1906 κατάληψιν
2565 1845 2654 1894 τῆς
2729 1835 2780 1887 ἐν
2860 1835 2960 1908 ἀφῇ
3018 1855 3071 1888 τε
3134 1841 3224 1887 καὶ
3299 1841 3467 1909 χροιᾷ
3519 1837 3548 1893 ἡ
3593 1832 3800 1892 δουλικὴ

2215 1930 2386 1999 μορφὴ
2420 1929 2792 1999 περιορίζεται.
2851 1932 2968 1986 Πῶς
3022 1928 3120 1997 γὰρ
3186 1927 3246 1977 ἄν
3292 1927 3338 1976 ἐν
3385 1926 3676 1996 ὁμοιώματι
3721 1923 3804 1975 ἀν-

2217 2015 2431 2087 θρώπων
2469 2018 2730 2085 γεγονέναι
2782 2016 3214 2080 πιστευθήσεται,
3273 2013 3316 2066 εἰ
3364 2018 3435 2085 μὴ
3492 2015 3676 2085 ὁμοίως
3704 2021 3802 2074 τοῖς

2216 2100 2506 2172 ἀνθρώποις
2550 2102 2952 2165 ἐξεικονίζεσθαι
2998 2109 3230 2174 πέφυκε;
3287 2111 3394 2164 πῶς
3442 2099 3501 2154 δὲ
3532 2107 3620 2153 καὶ
3669 2107 3804 2173 σχή-

2215 2211 2342 2262 ματι
2387 2193 2654 2264 εὑρεθῆναι
2708 2195 2776 2253 ὡς
2828 2191 3095 2266 ἄνθρωπος
3149 2191 3486 2262 λεχθήσεται,
3545 2191 3587 2244 εἰ
3628 2196 3696 2262 μὴ
3736 2199 3801 2261 τῷ

2216 2280 2519 2354 ἀνθρωπίνῳ
2570 2287 2814 2352 σχήματι
2887 2285 3237 2352 γεγραμμένος
3280 2279 3610 2352 ὀφθήσεται;
3661 2279 3800 2354 Ὀρᾶ-

2214 2389 2288 2429 τε.
2339 2370 2377 2420 ὦ
2438 2369 2804 2441 γαληνὸτατοι,
2861 2367 2967 2429 πῶς
3033 2369 3364 2441 ὃφειλομένως
3435 2371 3574 2421 κατά
3647 2371 3801 2421 πάντα

2213 2466 2323 2521 τοῖς
2353 2456 2594 2531 ἀδελφοῖς
2623 2460 2974 2530 ὁμοιούμενος,
3031 2460 3102 2519 οἷς
3153 2464 3242 2510 καὶ
3273 2459 3651 2532 παραπλησίως
3687 2477 3799 2530 μετ-

2213 2552 2414 2618 έσχηκε
2486 2552 2675 2621 σαρκὸς
2717 2552 2808 2600 καὶ
2855 2549 3096 2619 αἵματος,
3151 2546 3204 2610 ἐξ
3248 2546 3536 2618 ἀναγκαίου
3585 2550 3693 2619 ἔχει
3750 2549 3798 2598 τό

2215 2639 2399 2696 ἐπίσης
2430 2639 2631 2698 τούτοις
2661 2636 3065 2700 ἐξεικονίζεσθαι
3101 2655 3112 2666 ·
3169 2637 3212 2688 εἰ
3258 2635 3315 2689 δι
3345 2642 3441 2708 μὴ,
3473 2637 3580 2708 οὐχ
3608 2640 3800 2709 ὡμοίω-

2213 2746 2319 2790 ται,
2392 2731 2480 2778 καὶ
2537 2723 2849 2797 διέψευσται
2899 2728 2923 2778 6
3002 2726 3414 2797 ἀποφηνάμενος.
3476 2733 3577 2779 Καὶ
3631 2727 3661 2783 ἡ
3715 2727 3798 2796 φύ-

2217 2834 2296 2875 σις
2343 2815 2749 2888 -παρήλλακται.
2807 2820 2907 2868 Καὶ
2950 2820 3047 2887 μὴν
3100 2816 3253 2875 αὐτὸς
3303 2817 3328 2866 6
3375 2819 3508 2877 Θεὸς
3567 2819 3655 2866 καὶ
3710 2819 3800 2867 A6-

2213 2924 2301 2976 γος
2329 2901 2432 2956 ὧδέ
2462 2907 2586 2972 πού,
2615 2923 2790 2976 φησι·
2826 2909 2900 2957 Τί
2946 2923 3019 2977 με
3077 2905 3338 2965 ζητεῖτε
3405 2903 3794 2969 ἀποκτεῖναι,

2215 2993 2568 3066 ἄνθρωπον,
2626 2995 2689 3055 ὅς
2737 2998 2849 3052 τὴν
2899 2993 3198 3051 ἀλήθειαν
3267 2995 3415 3065 ὑμῖν
3473 2992 3796 3057 λελάληκα,

2136 3115 2177 3173 C
2217 3085 2286 3141 ἦν
2327 3086 2578 3140 ἤκουσα
2615 3085 2784 3157 παρά
2824 3091 2934 3134 τοῦ
2979 3091 3181 3150 Θεοῦ;
3225 3083 3335 3134 Οὐκ
3361 3081 3421 3133 ἆν
3449 3079 3565 3135 δεὸ
3596 3087 3664 3154 μὴ
3694 3081 3800 3144 ἐξει-

3560 3167 3675 3223 οὖδ’
3705 3171 3800 3222 ἆνὸ

2211 3266 2450 3333 πεφυκὼς
2507 3260 2923 3326 ἀποκτείνεσθαι,
2969 3266 3037 3332 μὴ
3109 3259 3237 3333 οὐχὶ
3291 3264 3533 3328 πεφυκὼς
3590 3263 3664 3318 εἴη
3719 3262 3797 3310 καὶ

2213 3172 2539 3244 κονιξομενος
2591 3173 2859 3246 ἄνθρωπον
2905 3172 3083 3224 ἑαυτὸν
3137 3174 3296 3224 εἶποιέ
3339 3190 3460 3223 ποτε
3496 3192 3508 3205 ·

2212 3357 2304 3401 τοῦ
2357 3349 2763 3412 ἐξεικονίζεσθαι
2799 3368 2810 3378 '
2870 3351 3074 3420 θάτερον
3144 3353 3244 3424 γὰρ
3290 3352 3490 3423 θατέρῳ
3545 3348 3798 3420 εἰσαγωγι-

2211 3443 2301 3490 κὸν
2352 3443 2441 3492 καὶ
2489 3439 2888 3511 ὁμολογητικόν.
2946 3438 3113 3498 Οὗτός
3160 3437 3299 3490 ἐστιν
3339 3440 3364 3490 6
3417 3439 3799 3497 θανατωθεὶς

2211 3531 2319 3600 μεν
2363 3533 2579 3603 σαρκὶ,
2639 3529 3067 3588 ζωοποιηθεὶς
3121 3523 3188 3580 δὲ
3241 3529 3799 3599 πνεύματι-καθὼς

2212 3619 2236 3669 6
2284 3621 2542 3690 μακάριος
2597 3623 2788 3690 Πέτρος
2825 3617 3020 3688 λελεχε.
3072 3621 3136 3669 Τί
3174 3613 3223 3669 δ’
3270 3617 3391 3669 ἄλλο
3441 3613 3539 3669 εἶεν
3579 3615 3794 3681 τοῦτο,ἣ

2208 3710 2264 3758 τὸ
2317 3710 2490 3779 φάναι,
2565 3705 2961 3769 ἐξεικονίζεσθαι
3019 3715 3296 3779 σαρκικῶς,
3382 3704 3796 3777 ἐξεικονιζὸμενον

2209 3799 2464 3868 πνεύματι
2495 3815 2508 3862 ;
2538 3795 2704 3858 Οὗτός
2742 3795 2883 3847 ἐστιν
2923 3797 2948 3846 6
2996 3795 3217 3868 εἰρηκώς
3251 3813 3263 3825 °
3310 3799 3427 3848 Καὶ
3489 3797 3514 3847 6
3561 3799 3796 3869 τρώγων

2210 3904 2302 3956 με,
2365 3888 2665 3946 κάκείνος
2717 3885 2991 3944 ζήσεται
3051 3882 3131 3937 δι’
3181 3884 3304 3957 ἐμέ.
3361 3885 3474 3937 Οὐκ
3506 3885 3566 3936 ἄν
3593 3880 3792 3954 δὲὸμή

2210 3977 2651 4046 περιγραφόμενος
2709 3976 2893 4026 εἴποιεν
2953 3973 3240 4039 ἐσθίεσθαι,
3288 3975 3331 4026 εἰ
3384 3979 3454 4046 μή
3512 3978 3564 4027 τί
3612 3991 3669 4046 γε
3706 3970 3796 4044 ἆρα

2212 4066 2490 4136 φάντασμα
2523 4060 2636 4115 εἶεν,
2667 4069 2828 4135 Ὅπερ
2885 4062 2928 4114 εἰ
2972 4061 3407 4135 καταδεξοίμεθα,
3447 4061 3795 4136 ἐμπεσούμεθα

2213 4153 2283 4214 εἰς
2340 4157 2396 4204 τὸ
2439 4161 2538 4204 τῶν
2569 4157 2885 4223 Μανιχαίων
2936 4158 3195 4226 φρόνημα,
3247 4151 3718 4226 ἀποσκευαζόμενοι
3741 4151 3792 4201 τὸ

2213 4247 2347 4315 μέγα
2377 4249 2474 4303 τῆς
2499 4241 2761 4303 εὐσεϐείας
2787 4246 3098 4314 μυστήριον.

2287 4335 2387 4384 Καὶ
2415 4332 2515 4402 γὰρ
2548 4332 2733 4391 ἐκεῖνος
2789 4329 2836 4381 ἐν
2892 4337 2964 4401 τῷ
2997 4331 3163 4402 ὁρατῷ
3212 4334 3302 4382 καὶ
3341 4328 3546 4404 ἀοράτῳ
3571 4332 3654 4380 τὸν
3688 4327 3794 4378 Υίόν

2136 4425 2303 4496 Drin
2364 4416 2504 4471 ἰδίαν
2556 4420 2740 4471 οὐσίαν
2786 4417 2833 4470 ἐν
2879 4427 2950 4490 τῷ
3007 4423 3111 4492 ὄρει
3180 4422 3589 4493 πεφανερωμένον
3650 4413 3792 4487 [cod.

2213 4512 2352 4579 Reg.
2401 4507 2831 4582 πεφανερωκέναι]
2870 4512 3029 4580 φησὶν
3086 4509 3143 4560 οὐ
3206 4505 3302 4561 δύο
3359 4510 3552 4580 ἔχοντα
3606 4508 3792 4578 φύσεις,

2215 4599 2344 4651 ἀλλά
2381 4603 2523 4670 μίαν.
2581 4595 2743 4651 Ὠστε
2795 4598 2884 4650 καί
2936 4600 2984 4650 οἱ
3036 4602 3106 4670 μὴ
3138 4599 3551 4670 περιγράφεσθαι
3580 4595 3796 4668 Χριστὸν

2216 4686 2696 4760 διισχυριζόμενοι,
2730 4691 2800 4749 ὡς
2829 4692 2952 4760 μίαν
3004 4690 3159 4758 φύσιν
3198 4685 3582 4759 πρεσϐεύοντες,
3616 4683 3794 4735 ἐκείνου

2212 4786 2283 4848 τῷ
2340 4782 2630 4849 φρονήματι
2693 4781 3061 4848 συνεμπίπτειν
3123 4774 3526 4846 ἀπελέγχονται,
3587 4779 3648 4825 'O
3701 4773 3794 4842 γὰρ

2216 4865 2623 4938 ἀπερίγραπτον,
2670 4873 2822 4916 τοῦτο
2861 4870 2950 4917 καὶ
2994 4864 3292 4936 ἀσώματον.
3353 4859 3483 4916 Οὐδ’
3524 4858 3586 4913 αὖ
3644 4859 3687 4910 ἐν
3733 4863 3796 4925 τῷ

2214 4955 2647 5027 περιγεγράφθαι,
2700 4953 2766 5013 εἰς
2823 4950 3003 5006 δυάδα
3059 4958 3352 5027 προσώπων
3405 4955 3460 5004 τὸ
3493 4951 3540 5003 ἕν
3572 4951 3794 5023 Χριστοῦ

2215 5050 2514 5118 πρόσωπον,
2568 5046 2635 5106 ὡς
2697 5040 2841 5096 δοκεῖ
2898 5062 3029 5109 τισι,
3092 5041 3444 5114 διατέμνεται.
3496 5038 3614 5091 Ὀτι
3669 5031 3797 5108 μηδὶ

2216 5136 2370 5206 φύσις
2417 5133 2608 5194 εἰκόνος
2662 5151 2715 5185 τε
2763 5137 2852 5184 καὶ
2899 5135 3243 5206 πρωτοτύπου
3291 5133 3645 5186 ὑποστατικῶς
3693 5119 3796 5176 οἶδε

2218 5224 2527 5294 τέμνεσθαι·
2586 5221 2714 5274 ἀλλὰ
2764 5230 2836 5292 τῷ
2878 5230 2968 5283 τῆς
3013 5221 3201 5282 οὐσίας
3253 5221 3388 5291 λόγῳ
3436 5224 3529 5277 τὴν
3559 5213 3794 5287 διαφορὰν

2216 5315 2488 5370 κέκτηται.
2527 5316 2663 5370 Φησὶ
2707 5313 2806 5384 γὰρ
2859 5312 2884 5362 6
2937 5313 3209 5384 πάνσοφος
3259 5312 3569 5370 Διονύσιος·
3615 5301 3795 5356 «Ἑκά-

2217 5419 2360 5475 τερον
2411 5399 2460 5452 ἐν
2516 5400 2738 5474 ἑκατέρῳ
2783 5401 2929 5474 παρὰ
2977 5402 3035 5453 τὸ
3097 5408 3188 5461 τῆς
3234 5398 3416 5460 οὐσίας
3473 5392 3726 5468 διάφορον.
3766 5409 3790 5439 ν

2565 5582 2608 5621 ⁸³
2639 5581 2812 5640 Joan.
2841 5595 2928 5652 v1,
2948 5581 3043 5638 >28.
