4058 6274
225 240 364 306 4605

226 372 365 424 Ἐπεὶ
422 374 512 421 καὶ
563 368 646 421 ἐπὶ
699 375 791 421 τοῦ
852 371 1106 430 ζωοποιοῦ
1171 371 1421 438 σταυροῦ,
1480 364 1575 416 οῦκ
1629 364 1689 415 ἄν
1746 382 1826 422 τις
1858 365 1898 418 Α

226 464 361 513 εἴποι
412 464 506 517 τὴν
560 453 875 532 σταυροειδῆ
931 456 1104 509 εἰκόνα
1156 455 1276 508 ἄλλο
1322 475 1374 507 τι
1418 456 1563 526 παρὰ
1616 456 1674 504 τὸ
1702 454 1826 503 ταύ-

226 569 319 612 της
372 553 726 621 πρωτότυπον,
781 548 809 606 ἦ
866 552 1018 619 μόνον
1066 553 1138 617 τῷ
1195 551 1397 617 φυσικῷ
1453 543 1589 614 λόγῳ
1645 538 1825 612 διαφο-

225 644 480 712 ρουμένην
509 656 520 667 ·
583 643 672 689 καὶ
714 640 771 689 1'6
821 632 1164 709 παράδειγμα
1202 633 1433 705 ἐγγύθεν,
1488 636 1577 683 καὶ
1621 632 1649 688 ἡ
1704 628 1825 686 ὰλὴ-

230 729 343 779 θεια
393 725 784 799 ἀναμφίλεκτος.
838 725 1005 785 Οὗτος
1052 720 1139 775 οὖν
1179 724 1203 774 ό
1253 730 1455 796 πρῶτος
1501 724 1687 793 τρόπος
1728 726 1827 769 τῶν

228 815 527 888 εἰρημένων.
575 816 718 877 Τίςό
763 811 998 887 δεύτερος
1032 831 1044 880 ;
1080 814 1144 865 Αἱ
1190 820 1289 864 τῶν
1329 810 1489 881 ἁγίων
1535 812 1719 881 φωναὶ,
1768 806 1826 857 οὐ

232 904 666 975 συλλογιστικῶς,
757 902 885 954 ἀλλὰ
958 910 1188 974 γυμνῶς,
1265 898 1669 962 ἑξεικονίζεσθαι
1743 897 1828 946 τόν

231 996 419 1067 Κύριον
479 995 621 1064 ἡμῶν
669 993 876 1049 Ἰησοῦν
928 992 1160 1063 Χριστὸν
1212 985 1657 1061 διαγορευουσαι’
1699 982 1761 1045 ἃς
1788 983 1830 1034 εἰ

228 1084 401 1141 πάσας
453 1082 673 1133 ἐνταῦθα
746 1078 1126 1152 βουληθείημεν
1202 1076 1426 1141 ἐντάξαι,
1504 1072 1832 1144 ἑκϐησόμεθα

230 1178 321 1222 τοῦ
365 1175 577 1242 μετρίου
632 1177 726 1231 τῆς
771 1174 1203 1241 προσφωνήσεως.
1259 1166 1347 1219 Ἐκ
1389 1164 1584 1216 πολλῶν
1620 1159 1678 1214 δὲ
1733 1157 1831 1213 δύο

232 1260 262 1318 ἡ
311 1266 468 1332 τρεῖς,
523 1264 612 1310 καὶ
668 1260 863 1319 ταύτας
940 1256 1375 1329 προῦργιαιτέρας
1450 1251 1829 1323 ἀναλεξάμενοι,

232 1347 287 1399 ἐκ
338 1345 501 1399 τῶνδε
544 1351 634 1398 καὶ
688 1350 780 1409 τὰς
833 1347 1012 1405 λοιπὰς
1056 1346 1431 1416 πιστωσόμεθα
1466 1361 1478 1373 '
1540 1342 1834 1413 πληρουμέ-

232 1456 320 1488 νου
341 1435 609 1488 κάνταῦθα
636 1444 726 1488 τοῦ
751 1438 1110 1509 γεγραμμένου
1144 1452 1154 1463 ·
1192 1434 1325 1486 Ἐπὶ
1363 1436 1687 1503 στόματος
1720 1425 1833 1480 δύο

232 1528 261 1586 ἣ
319 1534 515 1599 τριῶν
581 1528 919 1599 μαρτύρων
989 1526 1395 1581 σταθήσεται
1455 1526 1574 1573 πᾶν
1639 1520 1831 1593 ῥῆμα.

233 1620 375 1674 Φωνὴ
408 1623 499 1667 τοῦ
531 1619 817 1687 κορυφαίου
844 1621 944 1665 τῶν
987 1612 1286 1665 ἀποστόλων
1320 1614 1516 1683 Πέτρου
1549 1607 1595 1659 ἐν
1631 1610 1837 1678 ἱστορίᾳ

1513 230 2024 297 EPISTOLARUM
2068 236 2208 300 LIB.
2249 234 2309 295 ΙΙ.

3449 232 3586 296 1606
3622 278 3623 281 η

1934 366 2145 433 praeter
2184 361 2529 418 substantiae
2563 363 2981 419 differentiam.
3024 384 3052 416 »
3085 363 3587 435 Quandoquidem

1934 451 2113 506 etiam
2141 453 2197 507 in
2232 452 2462 508 viviﬁca
2491 470 2685 519 cruce,
2713 470 2891 509 nemo
2929 453 3347 508 cruciformem
3378 454 3592 524 imagi-

1935 558 2072 597 nem
2099 541 2261 596 aliud
2288 543 2365 596 ab
2391 542 2520 613 ejus
2551 549 2871 614 prototypo
2895 559 3022 598 esse
3048 544 3397 609 dixerit,sed
3419 549 3592 601 natu-

1936 630 2043 685 rali
2089 636 2320 685 tantum
2357 633 2590 687 ratione
2628 632 2969 703 discrepare
3012 648 3023 686 :
3059 639 3113 687 et
3142 633 3483 705 exemplum
3518 635 3592 689 de

1936 720 2278 791 propinquo
2318 728 2424 785 est,
2457 728 2513 776 et
2546 722 2760 775 veritas
2786 726 2951 776 extra
2976 722 3464 776 controversiam.
3492 722 3593 777 Hic

1936 808 2114 877 igitur
2131 808 2361 879 primus
2385 817 2471 865 est
2502 811 2718 865 modus
2738 826 2807 865 ex
2833 811 2902 865 iis
2934 826 3086 882 quos
3114 811 3397 869 diximus.
3426 813 3595 876 Quis-

1938 913 2080 952 nam
2145 904 2233 953 est
2261 899 2560 953 secundus
2596 898 2624 952 7
2662 896 3015 955 Sanctorum
3069 915 3268 965 voces,
3310 916 3446 971 quae
3471 916 3591 956 non

1940 986 2429 1057 syllogistice,sed
2446 988 2603 1042 nude
2631 996 2683 1043 et
2706 989 3186 1059 aperte,exprimi
3207 1005 3312 1059 per
3337 989 3594 1059 efﬁgiem

1942 1076 2261 1131 Dominum
2320 1080 2593 1131 nostrum
2636 1078 2834 1131 Jesum
2883 1077 3181 1133 Christum
3227 1080 3540 1134 enuntiant
3578 1101 3590 1132 :

1941 1180 2091 1237 quas
2124 1166 2168 1218 si
2203 1181 2412 1219 omnes
2453 1166 2718 1235 digerere
2772 1167 2864 1221 hic
2899 1166 3596 1236 velimus,.egrediemur

1944 1255 2227 1309 terminos
2252 1255 2578 1310 moderatae
2610 1255 3005 1310 allocutionis.
3052 1258 3128 1310 Ex
3167 1256 3365 1310 multis
3393 1262 3593 1311 autem

1943 1343 2094 1397 duas
2128 1349 2338 1409 tresve,
2370 1349 2425 1398 et
2464 1343 2539 1397 ad
2574 1359 2697 1398 rem
2733 1345 2923 1412 magis
2952 1349 3122 1415 aptas
3156 1343 3487 1415 seligentes,
3524 1361 3596 1399 ex

1944 1430 2055 1485 illis
2080 1430 2261 1485 ﬁdem
2301 1432 2374 1485 de
2424 1432 2648 1487 caeteris
2692 1432 3001 1487 faciemus.
3046 1433 3131 1487 Ita
3178 1434 3357 1487 uthic
3416 1435 3596 1489 etiam

1944 1519 2141 1574 locum
2172 1519 2392 1575 habeat
2421 1521 2585 1591 quod
2606 1521 2893 1590 scriptum
2926 1526 3014 1575 est
3054 1536 3065 1575 :
3097 1522 3167 1575 In
3198 1538 3297 1577 ore
3340 1522 3595 1578 duorum

1948 1611 2040 1664 vel
2066 1608 2244 1663 trium
2282 1612 2511 1664 testium
2541 1608 2718 1663 stabit
2740 1624 2911 1665 omne
2938 1611 3179 1665 verbum
3208 1612 3277 1662 ⁸³.
3307 1613 3416 1665 Vos
3436 1627 3599 1682 cory-

234 1714 326 1758 τοῦ
396 1706 766 1778 ἱερομάρτυρος
830 1708 1161 1776 Παγκρατίου
1230 1700 1758 1772 ῦπομνηματιζομένη
1819 1712 1832 1725 ·

1957 1697 2101 1769 ρὶιωὶ
2136 1697 2545 1768 apostolorum
2577 1700 2721 1753 Petri
2762 1698 2818 1751 in
2853 1698 3101 1754 historia
3131 1702 3283 1755 sacri
3319 1700 3599 1772 martyris

235 1816 265 1845 ι(
294 1794 581 1865 Ἐξένεγκον
634 1798 726 1851 τὴν
756 1792 928 1844 εἰκόνα
955 1799 1047 1844 τοῦ
1082 1796 1276 1864 Κυρίου
1329 1792 1474 1861 ἡμῶν
1506 1790 1681 1845 Ἰησοῦ
1708 1794 1839 1859 Χρι-

238 1892 385 1949 στοῦ,
442 1888 530 1935 καὶ
579 1885 869 1934 ἐντύπωσον
927 1882 1086 1939 αὐτὴν
1146 1879 1193 1931 ἐν
1249 1888 1319 1949 τῷ
1371 1884 1648 1952 πυργίσκῳ
1682 1897 1694 1908 ·
1758 1876 1838 1926 ἵνα

234 1970 427 2025 ἴδωσιν
479 1974 528 2023 οἱ
583 1971 719 2039 λαοὶ,
789 1975 939 2023 ποίαν
1011 1974 1213 2042 μορφὴν
1267 1967 1441 2019 ἔλαϐεν
1490 1968 1515 2017 ό
1575 1968 1695 2026 Υἱός
1745 1972 1837 2016 τοῦ

239 2070 373 2116 Θεοῦ
409 2078 420 2090 ·
461 2063 542 2112 ἶνα
598 2057 792 2121 ἰδόντες
845 2058 931 2112 ἐπὶ
988 2060 1158 2112 πλεῖον
1204 2060 1586 2119 πιστεύσωσιν,
1632 2057 1838 2126 ὁρῶντες

241 2156 329 2205 τόν
390 2154 551 2203 τύπον
601 2160 692 2210 τῆς
749 2158 969 2223 μορφῆς,
1027 2154 1112 2201 καὶ
1174 2150 1468 2220 ὑπόμνησιν
1533 2145 1839 2218 λαμϐάνωσι

240 2251 340 2293 τῶν
416 2240 486 2302 εἰς
561 2239 747 2299 αὐτοὺς
811 2243 931 2311 παρ’
1000 2240 1146 2300 ἡμῶν
1220 2239 1607 2311 κηρυχθέντων.
1664 2256 1688 2284 ε
1755 2232 1841 2294 Ὠς

243 2329 458 2402 φοϐερός
502 2330 527 2379 6
578 2328 728 2399 λόγος
772 2326 959 2387 οὗτοςῑ
1004 2332 1302 2398 Μονονουχὶ
1352 2331 1442 2377 καὶ
1492 2323 1796 2383 ἐπιϐοῶντος
1824 2338 1837 2351 ⁸

241 2419 532 2489 Ἐξένεγκον
588 2420 681 2473 τὴν
730 2416 900 2468 εἰκόνα
952 2423 1043 2467 τοῦ
1098 2424 1156 2488 τῇ
1209 2414 1359 2487 ἀρετῇ
1411 2417 1533 2476 τοὺς
1593 2413 1841 2485 οὐρανοὺς

242 2507 593 2578 καλύψαντος,
669 2510 760 2556 καὶ
834 2504 1123 2556 ἐντύπωσον
1171 2507 1322 2557 οἱονεὶ
1377 2505 1426 2555 ἐν
1483 2511 1551 2573 τῷ
1605 2507 1841 2575 μετεώρῳ

245 2598 317 2658 εἰς
373 2598 657 2671 μαρτύριον
711 2593 925 2666 ἐμφανές
956 2614 969 2626 ·
1040 2595 1123 2645 ἵνα
1175 2590 1366 2645 ἴδωσιν
1425 2595 1473 2644 οἱ
1523 2592 1637 2643 λαοὶ
1689 2595 1841 2642 ποίαν

245 2690 450 2758 μορφὴν
492 2683 665 2736 ἔλαϐεν
692 2686 716 2733 6
756 2685 873 2744 Υἱός
919 2690 1009 2734 τοῦ
1060 2690 1192 2736 Θεοῦ
1220 2697 1233 2712 ⁸
1285 2682 1380 2733 οὐκ
1425 2681 1667 2753 ἀγγέλου,
1719 2675 1843 2731 οὐδὲ

247 2773 602 2847 ἁρχαγγελου,
653 2768 776 2823 οὐδέ
826 2790 962 2832 τινος
1009 2771 1168 2832 ἄλλης
1218 2767 1483 2843 δυνάμεως
1517 2786 1533 2802 ⁶
1577 2768 1705 2820 ἀλλὰ
1747 2770 1842 2824 τὴν

247 2864 365 2914 καθ’
406 2865 540 2935 ἡμᾶς
576 2858 822 2918 δουλικὴν
860 2864 1061 2932 μορφήν
1100 2878 1111 2889 ’

246 2955 603 3004 πιστεύσωσιν
629 2969 641 2981 ·
666 2951 733 3011 ὡς
759 2949 853 3001 οὐκ
884 2948 1147 3021 ἀρκούσης
1169 2957 1259 3009 τῆς
1285 2945 1378 3000 διὰ
1401 2948 1557 3018 λόγου
1590 2949 1840 3017 ἱστορίας,

1156 2861 1237 2911 ἵνα
1284 2857 1501 2923 ἰδόντες,
1537 2860 1619 2909 ἰπὶ
1674 2856 1843 2909 πλεῖον

249 3039 380 3092 ἀλλὰ
410 3037 657 3112 δεομένης
702 3043 791 3090 καὶ
834 3047 923 3099 τῆς
969 3035 1043 3090 δι’
1091 3038 1251 3107 ὄψεως
1282 3039 1539 3110 ἐνεργείας
1573 3035 1641 3096 εἰς
1680 3036 1845 3086 πλείο·

246 3150 313 3181 να
358 3134 617 3181 πίστωσιν
647 3144 659 3157 ⁸
708 3130 787 3180 ὅτι
829 3130 854 3179 ό
898 3128 1015 3188 Υἱὸς
1061 3134 1152 3178 τοῦ
1193 3133 1348 3195 Θεοῦ,
1400 3128 1522 3187 Υἱὸς
1575 3123 1845 3199 ἀνθρώπου
1878 3103 1918 3158 C

245 3222 462 3291 γέγονε”
522 3222 611 3269 καὶ
668 3218 962 3289 ὑπόμνησιν
1019 3214 1326 3287 λαμϐάνωσι
1380 3224 1479 3267 τῶν
1528 3212 1651 3287 παρ’
1702 3214 1848 3283 ἡμῶν

246 3308 323 3370 εἷς
375 3307 561 3368 αὐτοὺς
609 3309 978 3379 κηρυχθέντων
1006 3324 1017 3336 ·
1075 3306 1251 3377 ὅμοιον
1298 3311 1387 3357 τοῦ
1436 3304 1628 3356 εἰπεῖν’
1685 3308 1849 3354 Τοῦτο

247 3398 372 3470 ὑμῖν
401 3400 733 3469 μνημόσυνον
760 3395 829 3458 εἱς
858 3396 1034 3467 γενεὰς
1061 3402 1263 3467 γενεῶν.

321 3576 691 3646 Ἐπισημαίνει
739 3569 797 3624 δε
827 3573 855 3630 ἡ
893 3573 1120 3644 ἱστορία,
1168 3572 1248 3623 ὅτι
1295 3575 1382 3622 καὶ
1424 3573 1473 3623 οἱ
1508 3569 1682 3622 λοιποὶ
1728 3568 1853 3621 ἀπό-

253 3664 430 3717 στολοι
483 3667 541 3715 τὸ
596 3663 723 3714 αὐτὸ
777 3662 982 3713 ἐποίουν
1035 3662 1084 3712 ἓν
1139 3679 1193 3712 τε
1239 3660 1421 3712 πόλεσι
1467 3665 1557 3713 καὶ
1607 3665 1806 3731 κώμαις
1837 3674 1849 3686 ·

254 3754 463 3807 ἅπασαν
539 3755 772 3826 ἱστορίαν
830 3758 926 3811 τῆς
1002 3748 1441 3822 ἐνανθρωπήσεως
1499 3757 1589 3802 τοῦ
1658 3753 1853 3822 Κυρίου

252 3844 398 3913 ἡμῶν
431 3842 607 3899 Ἰησοῦ
638 3847 874 3912 Χριστοῦ
926 3836 1334 3911 διακοσμοῦντες
1367 3838 1454 3891 ἀπ’
1482 3838 1677 3911 ἀρχῆς,
1722 3840 1803 3890 ὅτε
1830 3839 1855 3889 ό

251 3931 472 4003 ἄγγελος
501 3935 579 3995 τὸ,
624 3936 803 4004 Χαῖρε,
836 3932 1054 4003 κέκραγε
1081 3937 1140 4000 τῇ
1180 3931 1447 4002 Παρθένῳ,
1500 3932 1693 4000 μέχρις
1736 3929 1854 3980 ὅτου

253 4027 345 4073 καὶ
376 4020 656 4092 ἀνελήφθη.
704 4019 819 4083 “Ag,
877 4023 1033 4090 φησὶ,
1066 4023 1156 4070 καὶ
1206 4016 1346 4089 φόϐῳ
1393 4022 1655 4090 παρῄνουν
1702 4023 1861 4089 τιμᾶ-

257 4112 403 4162 σθαι.
455 4108 658 4181 Ὁρᾶτε,
708 4106 747 4159 ὦ
796 4107 1274 4179 φιλανθρωπότατοι
1322 4105 1480 4178 [ϐοά.
1530 4110 1667 4175 Reg.
1720 4106 1858 4177 φιλο-

257 4197 552 4271 θεώτατοι],
586 4200 665 4250 ὅτι
714 4200 843 4270 ὁμοῦ
888 4205 949 4269 τῇ
987 4196 1345 4254 ἁναστηλώσει
1393 4204 1492 4247 τῶν
1539 4197 1683 4267 ἱερῶν
1730 4194 1865 4247 εἰκό-

255 4309 377 4356 νων,
410 4293 498 4339 καὶ
528 4291 585 4340 1'6
614 4289 1029 4362 προσκυνεῖσθαι
1067 4285 1229 4346 αὐτὰς
1272 4283 1433 4357 φόϐῳ,
1461 4286 1560 4336 ὑπὸ
1607 4293 1705 4336 τῶν
1738 4283 1863 4337 ἰιπο-

261 4376 457 4430 στόλων
504 4375 591 4428 ἀπ’
642 4376 813 4449 ἀρχῆς
860 4372 1221 4448 παραδέδοται
1259 4390 1273 4440 ;
1313 4379 1381 4426 T6
1430 4376 1531 4448 γάρ
1586 4393 1666 4425 τοι
1713 4380 1863 4445 τιμᾶ-

1949 1786 2260 1852 Pancratii,
2318 1788 2619 1841 memoriae
2670 1786 2909 1858 prodita
2959 1789 3053 1841 ⁶³;
3113 1812 3132 1838 ε
3182 1789 3340 1844 After
3392 1791 3603 1858 imagi-

1948 1891 2084 1930 nem
2119 1875 2353 1930 Domini
2390 1878 2571 1930 nostri
2614 1877 2747 1929 Jesu
2792 1876 2998 1931 Christi
3036 1892 3294 1949 eamque
3334 1879 3601 1949 exprime

1947 1964 2006 2019 in
2056 1963 2359 2027 turricula,
2417 1969 2476 2018 ut
2526 1963 2763 2019 videant
2811 1965 3016 2035 populi
3057 1967 3301 2037 qualem
3340 1966 3600 2022 formam

1949 2054 2162 2124 accipit
2215 2053 2388 2108 Filius
2439 2053 2565 2118 Dei,
2598 2061 2651 2108 et
2697 2054 2969 2110 videntes
3021 2056 3280 2125 amplius
3332 2056 3600 2121 credant,

1949 2142 2201 2213 ﬁguram
2248 2141 2458 2197 formae
2498 2143 2818 2211 intuentes,
2864 2150 2918 2198 et
2958 2145 3347 2199 recordentur
3395 2160 3602 2201 eorum

1950 2248 2085 2303 quas
2133 2247 2237 2301 per
2272 2246 2381 2286 nos
2415 2231 2527 2286 illis
2568 2232 2896 2301 praedicata
2941 2240 3094 2288 sunt.
3128 2254 3155 2286 »
3186 2235 3378 2299 Quam
3406 2234 3606 2288 formi-

1952 2321 2155 2376 danda
2185 2320 2311 2375 haec
2343 2321 2531 2376 oratio
2564 2320 2776 2392 lquasi
2795 2328 3026 2377 tantum
3050 2338 3169 2378 non
3203 2323 3601 2378 exclamaret:

1953 2409 2152 2464 Profer
2187 2410 2514 2480 imaginem
2553 2409 2703 2479 ejus,
2731 2412 2835 2482 qui
2881 2411 3062 2467 cwlos
3117 2412 3328 2466 virtute
3359 2414 3550 2483 operit
3589 2429 3601 2466 :

1953 2503 2008 2553 et
2043 2497 2312 2563 eﬁ‘orma,
2362 2505 2651 2569 tanquam
2700 2501 2759 2553 in
2801 2498 3058 2566 sublimi,
3092 2501 3169 2555 ad
3206 2501 3602 2572 conspicuum

1953 2587 2361 2642 testimonium
2392 2605 2403 2642 ε
2442 2595 2501 2642 ut
2532 2587 2771 2643 videant
2797 2588 3004 2659 populi
3031 2589 3273 2660 qualem
3306 2589 3482 2644 Filius
3509 2590 3607 2644 Dei

1952 2674 2211 2731 formam
2235 2678 2576 2748 sumpserit,
2604 2692 2723 2732 non
2757 2678 2974 2747 angeli,
3010 2693 3204 2750 neque
3236 2678 3605 2747 archangeli.

1954 2766 2264 2820 alteriusve
2302 2766 2644 2837 cujuspiam
2682 2768 3015 2837 potestatis,
3061 2768 3168 2822 sed
3211 2768 3479 2822 servilem
3517 2784 3610 2822 se-

1954 2854 2219 2909 cundum
2240 2870 2349 2908 nos
2379 2855 2664 2909 formam:
2686 2859 2749 2908 ut
2776 2855 3037 2910 videntes
3054 2856 3314 2926 amplius
3329 2857 3606 2922 credant;

1954 2944 2125 3015 quasi
2160 2958 2276 2997 non
2312 2943 2573 2997 sufﬁciat
2604 2943 2922 2998 verborum
2957 2946 3238 3008 narratio,
3277 2946 3380 3000 sed
3408 2961 3610 2999 neces-

1956 3034 2109 3087 saria
2138 3032 2315 3086 etiam
2340 3031 2413 3086 sit
2439 3032 2512 3086 ad
2539 3031 2867 3102 pleniorem
2896 3032 3235 3088 faciendam
3262 3034 3466 3100 ﬁdem,
3496 3033 3610 3089 sub

1957 3120 2162 3175 oculos
2193 3127 2249 3175 et
2287 3126 2600 3191 aspectum
2634 3121 2854 3175 cadens
2884 3120 3096 3178 efﬁcax
3126 3122 3559 3178 demonstratio
3592 3138 3605 3176 :

1956 3209 2122 3283 quod
2156 3209 2336 3266 Filius
2367 3210 2486 3273 Dei,
2536 3209 2710 3264 Filius
2753 3210 3014 3265 hominis
3058 3208 3247 3265 factus
3289 3212 3403 3267 sit:
3440 3216 3496 3266 et
3530 3227 3611 3266 re-

1958 3299 2279 3354 cordentur
2300 3314 2503 3353 eorum
2519 3314 2653 3369 quae
2673 3313 2778 3369 per
2795 3314 2906 3353 nos
2931 3300 3077 3371 ipsis
3089 3301 3414 3371 praedicata
3438 3306 3608 3355 sunt:

1956 3387 2134 3460 quasi
2155 3387 2404 3442 diceret:
2429 3386 2554 3442 Hoc
2568 3386 2739 3442 vobis
2761 3394 2845 3442 est
2875 3393 3335 3445 monumentum
3357 3391 3415 3445 in
3438 3405 3613 3459 gene-

1958 3477 2217 3532 rationes
2246 3475 2593 3544 generation
2604 3492 2727 3533 um.

2031 3575 2258 3630 Iudicat
2287 3578 2490 3630 autem
2520 3574 2790 3642 historia,
2825 3576 3027 3631 solitos
3058 3576 3215 3632 idem
3258 3575 3449 3633 facere
3502 3593 3615 3633 caa-

1962 3670 2117 3721 teros
2155 3663 2459 3735 apostolos
2491 3664 2550 3718 in
2594 3664 2843 3718 urbibus
2870 3672 2924 3718 et
2950 3666 3113 3731 vicis,
3148 3667 3489 3723 universam
3522 3667 3617 3721 In-

1963 3754 2321 3810 carnationis
2360 3752 2593 3806 Domini
2634 3753 2816 3807 nostri
2860 3753 2996 3808 Jesu
3029 3755 3240 3810 Christi
3273 3756 3483 3811 seriem
3514 3758 3617 3812 de-

1966 3840 2284 3898 scribendo
2306 3840 2577 3896 abinitiis
2592 3841 2755 3912 ipsis,
2775 3844 3022 3914 quando
3038 3843 3288 3913 angelus
3315 3845 3613 3914 Virginem

1967 3930 2265 3994 salutavit,
2296 3945 2612 4001 quousque
2634 3937 2977 4001 assumptus
3009 3938 3114 3986 est.
3141 3952 3169 3984 ι(
3194 3934 3376 4001 Quas,
3404 3934 3615 4005 inquit,

1967 4020 2262 4088 imagines
2285 4033 2419 4072 cum
2445 4019 2652 4072 timore
2679 4019 3064 4074 honorandas
3100 4021 3445 4076 monebant.
3473 4040 3502 4073 ›
3533 4024 3618 4077 Vi-

1969 4109 2140 4178 detis,
2161 4106 2648 4175 obenignissimi,
2670 4122 2788 4162 una
2804 4124 2941 4163 cum
2956 4124 3265 4164 sacrarum
3279 4111 3612 4181 imaginum

1970 4197 2285 4261 erectione,
2318 4195 2553 4250 illarum
2584 4197 2762 4251 etiam
2793 4212 2928 4251 cum
2960 4198 3170 4253 timore
3201 4199 3615 4256 adorationem

1972 4287 2049 4345 ab
2076 4284 2360 4358 apostolis
2380 4286 2440 4339 in
2466 4284 2710 4339 exordio
2734 4284 2862 4356 ipso
2887 4286 3166 4341 traditam
3184 4286 3404 4344 fuisse?
3428 4291 3620 4346 Hono-

1971 4393 2101 4433 rare
2121 4375 2438 4448 siquidem,
2461 4376 2583 4430 vim
2596 4375 2872 4431 eamdem
2897 4375 3119 4432 habere
3137 4383 3316 4450 atque
3343 4381 3619 4447 adorare,

264 4468 412 4532 σθαι,
463 4465 737 4540 ἰσόρροπον
787 4463 1034 4523 δηλονότι
1064 4472 1155 4516 τοῦ
1200 4464 1610 4537 προσκυνεῖσθαι
1662 4463 1848 4533 ὡμολόι

1977 4466 2176 4537 utique
2207 4465 2266 4519 in
2297 4464 2571 4520 confesso
2603 4472 2710 4519 est.
2752 4466 2871 4520 Vox
2905 4467 3124 4521 strenui
3170 4467 3404 4524 athletae
3439 4472 3623 4526 Atha-

258 4574 443 4627 γηται.
490 4559 632 4613 Φωνή
684 4556 1005 4607 ’Δθανασίου
1059 4560 1150 4604 τοῦ
1194 4552 1508 4619 πολυάθλου,
1564 4554 1617 4604 ἐκ
1667 4560 1759 4614 τῆς
1813 4555 1860 4603 ἓν

261 4651 479 4720 Βηρυτῷ
508 4648 926 4719 προσφωνήσεως
955 4663 969 4676 ·
1009 4665 1029 4692 ε
1062 4641 1258 4715 Ἀρατε
1292 4646 1407 4702 τοὺς
1436 4641 1733 4714 ὀφθαλμοὺς
1763 4649 1857 4704 τῆς

267 4729 495 4794 διανοίας
543 4735 705 4805 ὑμῶν,
756 4737 845 4783 καὶ
898 4728 1035 4784 ἴδετε
1081 4734 1138 4783 τό
1186 4734 1359 4783 καινόν
1409 4732 1574 4803 θέαμα
1621 4738 1792 4783 τοῦτο.
1832 4752 1861 4784 »

268 4827 368 4875 Καὶ
422 4822 533 4894 μεθ’
601 4824 747 4895 ἔτερα
805 4839 818 4852 ⁸
880 4841 908 4874 (ι
958 4826 1083 4873 Τότε
1137 4826 1229 4879 τὴν
1282 4821 1453 4873 εἰκόνα
1516 4828 1607 4872 τοῦ
1667 4825 1862 4893 Κυρίου

266 4913 413 4984 ἡμῶν
481 4913 661 4969 Ἰησοῦ
738 4918 974 4983 Χριστοῦ
1042 4912 1090 4962 οἱ
1159 4907 1411 4964 Ἰουδαῖοι
1481 4914 1867 4981 κατενέγκαντες

266 5004 486 5074 ἔφησαν,
564 5003 645 5053 ὅτι
717 5003 902 5063 Καθὼς
955 5002 1003 5052 οἱ
1075 5003 1292 5075 πατέρες
1366 5001 1513 5071 ἡμῶν
1587 4999 1867 5052 ἐνέπτυσαν

266 5091 410 5161 αὐτῷ
476 5108 619 5156 ποτε,
694 5090 853 5149 οὕτως
925 5093 1015 5141 καὶ
1077 5090 1227 5161 ἡμεῖς
1301 5088 1640 5161 ἐμπτύσωμεν
1709 5089 1867 5159 αὐτῷ.

266 5185 397 5235 Τότε
447 5180 669 5253 ἤρξαντο
716 5181 957 5251 ἐμπτύειν
1000 5178 1071 5239 εἰς
1120 5183 1177 5230 τὸ
1228 5183 1504 5253 πρόσωπον
1543 5186 1638 5240 τῆς
1683 5178 1874 5241 εἰκόνος

268 5278 364 5323 τοῦ
416 5270 635 5341 Κυρίου,
696 5273 784 5320 καὶ
835 5266 1119 5343 ίρῥιέπισαν
1171 5267 1333 5327 αὐτὴν
1390 5270 1525 5320 κατὰ
1579 5274 1866 5343 πρόσωπον

268 5368 372 5413 τῶν
428 5359 768 5411 συνελθόντων
822 5360 956 5410 ἔνθεν
1007 5358 1263 5425 κάκεῖθεν,
1323 5360 1482 5430 ἤγουν
1540 5362 1633 5417 τὴν
1692 5358 1865 5412 εἰκόνα

1972 4555 2127 4612 nasii
2166 4570 2236 4609 ex
2266 4553 2621 4609 allocutione
2650 4553 2710 4608 in
2741 4556 2948 4626 Beryto
2976 4554 3185 4612 habita
3211 4558 3254 4591 ⁵⁸
3295 4575 3308 4612 :
3344 4576 3372 4609 «
3404 4559 3615 4615 Levate

1971 4644 2178 4701 oculos
2207 4643 2535 4698 intellectus
2558 4644 2749 4707 vestri,
2770 4650 2826 4698 et
2844 4660 3062 4701 novum
3082 4645 3189 4701 hoc
3208 4648 3618 4717 spectaculum

1973 4732 2485 4804 contemplamini.
2520 4753 2546 4781 »
2580 4735 2645 4787 Et
2672 4738 2806 4804 post
2847 4733 2962 4789 alia
2994 4750 3007 4789 :
3041 4756 3067 4784 κ
3110 4736 3256 4791 Tum
3296 4736 3618 4807 imaginem

1973 4823 2207 4881 Domini
2237 4824 2423 4878 nostri
2452 4824 2587 4878 Jesu
2620 4823 2828 4879 Christi
2858 4823 3220 4894 proferentes
3249 4826 3434 4880 Judaei
3467 4827 3626 4882 dixe-

1976 4918 2156 4969 runt:
2194 4912 2719 4977 Quemadmodum
2762 4919 2956 4985 patres
2987 4914 3169 4968 nostri
3214 4914 3527 4971 illus-erunt
3571 4917 3623 4972 ei

1978 5002 2312 5076 quondam,
2338 5002 2417 5056 ita
2447 5007 2503 5057 et
2529 5017 2639 5056 nos
2669 5002 2992 5057 illudamus
3023 5018 3184 5057 nunc
3212 5003 3284 5057 ei.
3312 5005 3472 5059 Tunc
3504 5022 3627 5062 caa-

1980 5097 2196 5165 perunt
2219 5106 2507 5162 exspuere
2538 5090 2595 5145 in
2636 5090 2848 5147 faciem
2888 5090 3170 5159 imaginis
3199 5092 3445 5159 Domini,
3475 5094 3630 5151 colae

1980 5181 2239 5253 phisque
2256 5180 2394 5235 hinc
2412 5179 2573 5234 illinc
2598 5180 2891 5234 caedentes
2909 5179 3217 5235 dixerunt:
3244 5182 3629 5257 Quaecunque

1982 5271 2374 5341 designarunt
2403 5276 2599 5341 patres
2630 5271 2813 5325 nostri
2837 5269 2897 5324 in
2921 5269 3112 5335 illum,
3145 5287 3215 5327 ea
3239 5278 3295 5328 et
3323 5289 3433 5328 nos
3470 5289 3623 5345 quo-

1984 5377 2100 5433 que
2130 5359 2424 5416 faciamus
2454 5360 2515 5415 in
2545 5359 2701 5415 illius
2730 5358 3078 5429 imaginem.
3106 5362 3173 5418 Et
3200 5361 3407 5418 dicunt
3434 5379 3450 5419 :
3482 5363 3621 5419 Illu-

345 5449 586 5525 "_Deut.
612 5463 733 5525 κικ,
766 5449 853 5525 t5.
897 5450 977 5525 _‘_3
1014 5446 1191 5525 Apud
1212 5446 1586 5525 Bollandum,
1607 5449 1640 5503 3
1669 5449 1765 5525 die
1800 5453 2029 5510 mensis
2050 5450 2279 5525 Aprilis,
2312 5464 2453 5522 pag.
2479 5452 2604 5506 237.
2682 5449 2729 5485 ⁶⁴
2747 5449 2811 5506 In
2834 5448 3033 5508 libello
3063 5452 3148 5508 De
3171 5451 3445 5523 passione
3472 5453 3619 5512 ima-

268 5520 433 5598 ginis
457 5521 693 5578 Domini
718 5518 909 5577 nostri
929 5518 1343 5591 leuia/tristi,
1375 5522 1417 5579 ι.
1447 5519 1516 5590 Π,
1532 5518 1677 5595 pag,
1709 5524 1835 5581 627.
