4058 6274
395 270 530 328 1607

1654 271 1714 328 s.
1757 252 2127 326 THEODORI
2171 249 2501 326 STUDITAS

3607 247 3750 326 1608

387 401 592 451 serunt
622 397 694 462 ei,
728 401 782 452 et
812 413 921 451 nos
952 397 1110 452 idem
1139 396 1453 452 faciamus.
1483 399 1608 452 Mox
1640 396 1872 452 inﬁnita
1901 411 2036 452 con-

2153 401 2240 447 τοῦ
2293 399 2508 468 Κυρίου,
2561 393 2787 464 λέγοντες
2827 412 2838 423 ·
2878 393 3020 446 Ὀσα
3068 395 3319 451 ἐποίησαν
3371 393 3511 463 αὐτῷ
3556 395 3604 445 οἱ
3653 414 3753 446 πα-

390 485 542 540 vicia
584 491 978 540 evomuerunt
1002 485 1060 539 in
1095 486 1442 553 imaginem.
1480 484 1734 549 Domini,
1767 501 1904 557 quae
1931 500 2038 539 nec

386 572 594 629 efferre
613 575 940 645 quisquam
964 574 1140 630 ausit.
1169 573 1636 629 Adduntdeinde
1661 574 2039 629 :Audivimus

388 669 585 734 patres
604 666 859 726 nostros,
877 663 1060 733 pedes
1080 678 1417 734 manusque
1433 662 1588 717 illius
1609 662 1792 717 clavis
1806 662 2033 717 ﬁxisse:

385 751 530 823 quid
545 751 1051 822 obestquominus
1076 751 1233 805 idem
1254 755 1546 806 tentemus
1559 750 1585 804 ?
1599 751 2038 820 Confestimque

383 841 667 909 imaginis
683 839 912 894 Domini
929 840 1111 910 pedes
1126 855 1461 911 manusque
1476 839 1656 894 clavis
1669 838 2037 895 foraverunt.

387 931 640 984 Rursum
692 929 905 984 insano
953 944 1054 983 ore
1089 929 1352 983 clamant
1402 947 1415 983 :
1468 927 1822 982 Audivimus
1872 927 2036 1000 quod

386 1023 554 1073 aceto
589 1022 644 1071 et
685 1016 815 1072 felle
848 1018 1081 1071 imbuta
1112 1017 1369 1087 spongia
1418 1016 1585 1070 illum
1643 1021 2031 1087 potaverunt;

388 1106 686 1162 faciamus
746 1111 803 1162 et
858 1122 967 1160 nos
1023 1106 1307 1160 similiter.
1360 1107 1740 1177 Acceptaque
1785 1105 2039 1176 spongia

389 1202 556 1250 aceto
589 1195 785 1265 plena,
819 1196 894 1250 ad
929 1211 998 1250 os
1031 1195 1308 1263 imaginis
1349 1194 1786 1265 applicuerunt.
1817 1196 2038 1248 Rursus

387 1284 584 1339 aiunt:
609 1286 819 1338 Notum
841 1283 1012 1337 nobis
1043 1289 1147 1347 est,
1177 1283 1339 1354 quod
1367 1282 1658 1337 arundine
1676 1289 1856 1348 caput
1886 1282 2038 1337 illius

391 1375 587 1428 Patres
619 1373 796 1426 nostri
844 1379 1262 1442 percusserunt
1297 1393 1308 1424 :
1353 1371 1452 1426 ﬁat
1485 1371 1746 1442 idipsum
1791 1371 1968 1426 etiam
2003 1387 2038 1426 a

388 1462 582 1516 nobis.
618 1463 867 1532 Sumpta
895 1463 1091 1532 itaque
1125 1461 1439 1524 arundine,
1468 1466 1649 1530 caput
1673 1460 1902 1514 Domini
1929 1475 2038 1514 cae-

386 1549 525 1604 dere
552 1555 882 1620 coeperunt.
925 1547 1194 1603 Tandem
1219 1549 1385 1602 aiunt
1417 1565 1428 1602 :
1456 1547 1695 1602 Clarum
1728 1548 1901 1604 nobis
1928 1555 2033 1612 est,

388 1638 554 1710 quod
581 1645 635 1693 et
664 1639 870 1692 lancea
902 1638 1054 1692 latus
1085 1638 1214 1706 ejus
1259 1641 1666 1708 pupugerunt,
1697 1637 1838 1691 nihil
1869 1638 2039 1692 omit-

388 1732 586 1783 tamus
619 1742 631 1779 :
675 1726 974 1781 addamus
1004 1731 1058 1779 et
1108 1726 1221 1780 hoc
1269 1726 1491 1796 ipsum.
1523 1726 1727 1796 Itaque
1763 1724 2037 1780 lanceam

389 1815 630 1871 cuidam
680 1831 926 1869 suorum
980 1813 1370 1884 porrigentes.
1421 1815 1727 1884 jusserunt
1781 1819 1840 1868 ut
1888 1814 2040 1869 latus

387 1905 669 1973 imaginis
700 1902 1018 1957 dominicas
1043 1902 1414 1971 transﬁgeret
1443 1918 1454 1955 :
1485 1918 1555 1956 ex
1587 1918 1657 1957 eo
1685 1909 1885 1957 autem
1902 1917 2039 1956 con-

388 1994 580 2050 festim
632 1993 942 2063 sanguinis
985 1998 1041 2048 et
1088 2008 1262 2062 aquae
1303 1992 1470 2048 rivuli
1523 2008 1804 2047 emanare
1842 2008 2041 2064 cmpe-

387 2090 546 2138 runt.
573 2103 600 2135 »
641 2082 849 2138 Fidelis
882 2097 1103 2148 sermo,
1135 2098 1171 2136 o
1203 2081 1647 2152 sapientissimi.
1674 2082 1890 2152 partim
1915 2082 2043 2152 qui-

389 2173 550 2236 dem,
595 2173 739 2243 quia
787 2171 960 2240 signa
1003 2171 1326 2226 incredulis
1376 2171 1616 2235 dantur,
1669 2185 1789 2224 non
1840 2175 2039 2225 autem

389 2260 806 2325 credentibus;
841 2259 1061 2331 partim
1110 2275 1247 2314 vero
1280 2267 1340 2314 ut
1381 2265 1438 2314 et
1469 2275 1580 2314 nos
1612 2259 2038 2328 intelligamus,

390 2367 494 2424 per
541 2350 812 2419 imaginis
862 2349 1286 2404 contumeliam
1317 2350 1539 2418 probro
1583 2347 1738 2403 afﬁci
1781 2354 2043 2420 prototy-

391 2455 576 2513 pum;
627 2442 689 2493 ut.
740 2444 949 2492 contra
1002 2454 1106 2508 per
1145 2437 1428 2508 imaginis
1473 2436 1765 2491 honorem
1815 2437 2041 2492 honore

391 2527 668 2584 afﬁcitur.

390 2619 702 2670 πιστεύουσι
735 2635 747 2648 ο
792 2619 850 2667 τὸ
900 2611 978 2681 δὲ,
1036 2617 1104 2676 ὡς
1155 2613 1214 2665 ἂν
1266 2618 1357 2665 καὶ
1421 2615 1572 2686 ἡμεῖς
1627 2617 1890 2685 γνοίημεν,
1943 2615 2022 2666 ὅτι

397 2705 640 2778 ἔμπαλιν,
663 2713 725 2777 τῇ
770 2712 862 2764 τῆς
894 2704 1089 2765 εἰκόνος
1115 2711 1239 2775 τιμῇ
1271 2702 1665 2775 ἀποτετίμηται.

464 2795 585 2849 Vox
633 2793 828 2849 Basilii
881 2794 1081 2863 magni
1133 2809 1204 2847 ex
1248 2791 1593 2847 laudatione
1645 2792 1703 2845 in
1766 2791 2039 2848 Barlaam

397 2889 722 2954 martyrem
755 2883 802 2918 ⁸⁵
836 2900 850 2938 :
883 2902 907 2932 ιε
959 2884 1334 2953 Exprimatur
1363 2881 1418 2934 in
1453 2880 1657 2936 tabula
1688 2889 1742 2936 et
1771 2883 2043 2937 certami-

393 2990 536 3031 num
591 2989 812 3044 praases
862 2978 1040 3042 atque
1097 2976 1303 3026 auctor
1357 2969 1638 3026 Christus.
1697 2971 1794 3024 Hic
1843 2972 2042 3034 etiam,

396 3063 778 3127 serenissimi,
845 3061 1176 3116 certissima
1235 3059 1328 3115 lex
1387 3059 1666 3129 imaginis
1723 3060 2040 3129 erigendae.

395 3156 597 3224 Neque
630 3152 814 3214 enim,
865 3155 928 3204 ut
958 3149 1179 3204 frustra
1219 3149 1486 3217 garriunt
1529 3148 1801 3221 quidam,
1834 3150 2046 3204 mentis

394 3242 614 3298 tabulae
661 3240 922 3311 imprimi
963 3239 1258 3294 Christum
1286 3238 1463 3308 jussit
1491 3238 1581 3291 vir
1618 3237 1876 3292 divinus.
1921 3241 2045 3292 Non

397 3332 553 3387 enim
570 3330 871 3401 depictum
888 3329 944 3382 in
964 3327 1158 3393 nobis,
1175 3327 1274 3380 sed
1294 3326 1726 3382 inhabitantem
1746 3326 2046 3383 Christum

395 3437 501 3491 per
529 3420 709 3474 ﬁdem
743 3418 800 3472 in
829 3417 1111 3472 cordibus
1144 3416 1363 3470 nostris
1393 3415 1715 3480 habemus,
1747 3416 1896 3470 sicut
1945 3431 2042 3470 vo-

395 3508 671 3565 ciferatur
716 3506 1031 3578 Apostolus
1076 3507 1144 3561 ⁸⁸.
1196 3505 1436 3568 Deinde,
1478 3505 1963 3574 conjunctionem
1993 3512 2048 3561 et

395 3600 682 3662 inserens,
717 3596 1112 3666 praecedentia
1164 3595 1366 3666 utique
1408 3593 1768 3663 designavit,
1799 3609 1936 3666 quae
1967 3597 2049 3648 sic

396 3686 622 3742 habent
656 3704 668 3740 :
706 3685 1010 3753 Exsurgite
1049 3698 1228 3746 nunc,
1261 3698 1297 3738 o
1337 3682 1605 3754 praeclari
1635 3682 2049 3738 athleticorum

397 3780 701 3845 gestorum
718 3774 999 3844 pictores:
1019 3771 1289 3826 mutilam
1317 3771 1486 3826 ducis
1510 3771 1836 3837 imaginem
1860 3778 2051 3826 vestro

396 3865 682 3920 illustrate
708 3862 957 3918 artiﬁcio
989 3860 1410 3928 ;etobscnrius
1440 3877 1474 3915 a
1493 3877 1588 3915 me
1609 3860 1936 3930 depictum,
1957 3875 2052 3915 co-

398 3960 676 4010 ronatum
693 3951 998 4016 athletam,
1025 3955 1231 4004 vestras
1254 3949 1560 4004 industriae
1587 3949 1886 4004 coloribus
1914 3964 2053 4003 con-

397 4044 674 4114 spicuum
705 4041 950 4095 reddite.
980 4040 1228 4102 Abeam,
1259 4039 1654 4093 certaminum
1680 4053 1751 4093 ac
1781 4037 2054 4093 victoria-

395 4148 527 4186 rum
557 4131 834 4201 martyris
865 4145 900 4184 a
927 4129 1096 4184 vobis
1123 4128 1320 4199 posita
1342 4127 1605 4194 imagine
1635 4127 1823 4181 victus
1861 4148 1873 4179 :
1909 4142 2053 4194 gau-

399 4221 576 4276 deam
608 4220 707 4275 tali
731 4218 910 4273 hodie
943 4233 1048 4290 per
1079 4222 1336 4272 vestram
1363 4215 1773 4271 dexteritatem
1806 4215 2054 4270 victoria

400 4314 734 4380 superatus.
772 4307 1013 4362 Videam
1049 4322 1262 4360 manus
1285 4305 1466 4376 hujus
1497 4304 1719 4360 luctam
1749 4321 1884 4359 cum
1918 4307 2055 4374 igne

399 4398 664 4454 exactius
693 4413 730 4453 a
749 4398 917 4452 vobis
943 4396 1263 4468 depictam.
1291 4395 1528 4450 Videam
1560 4394 1909 4450 alacriorem
1942 4410 2054 4464 pu-

403 4488 581 4558 gilem
613 4502 719 4559 per
764 4493 1021 4540 vestram
1067 4484 1369 4555 depictam
1426 4484 1774 4554 imaginem.
1823 4484 2056 4538 Plorent

400 4578 708 4633 daemones
758 4577 959 4639 etiam,
1010 4572 1290 4644 martyris
1334 4576 1391 4627 in
1439 4572 1612 4628 nobis
1673 4571 1926 4643 perculsi
1971 4571 2056 4626 vi-

402 4667 598 4722 ctoriis
650 4683 663 4718 :
722 4663 940 4720 ardens
995 4664 1209 4718 iterum
1283 4661 1398 4717 illis
1450 4677 1521 4717 ac
1573 4661 1776 4716 victrix
1838 4675 2055 4717 manus

402 4760 746 4814 ostentatur.
783 4773 810 4806 ››

473 5042 605 5100 Haec
621 5042 714 5099 ille
733 5040 1213 5114 haudquaquam
1240 5041 1297 5095 in
1321 5038 1500 5095 nobis
1526 5037 1689 5109 pingi
1707 5036 1950 5092 diceret:
1977 5039 2054 5098 et,

403 5133 451 5188 si
473 5133 588 5188 hoc
606 5133 783 5187 etiam
810 5131 1072 5196 daretur,
1105 5145 1227 5186 non
1251 5128 1416 5200 prius
1445 5141 1706 5189 servum,
1739 5140 1810 5181 ac
1840 5123 2056 5179 deinde

401 5222 715 5277 dominum
760 5220 928 5292 pingi
972 5219 1233 5291 juberet.
1284 5216 1396 5273 Sed
1448 5221 1504 5271 et
1540 5215 1706 5269 initio
1750 5229 1884 5268 cum
1929 5212 2053 5268 ait:

399 5309 708 5381 Exsurgite
747 5325 928 5377 nunc,
962 5323 998 5364 o
1029 5306 1299 5380 praeclari
1333 5303 1754 5360 athleticorum
1785 5300 2059 5357 certami-

403 5415 550 5457 num
572 5399 824 5471 pictores
851 5415 864 5454 :
884 5397 1219 5468 imaginum
1240 5393 1446 5467 procul
1467 5391 1674 5459 dubio,
1705 5396 1762 5447 et
1781 5405 1903 5446 non
1925 5404 2055 5446 ora-

473 5559 520 5598 “
541 5559 708 5618 Tom.
738 5561 780 5627 l,
811 5558 975 5616 hom.
1009 5556 1097 5623 18,
1125 5569 1265 5630 pag.
1308 5557 1430 5611 515,
1507 5551 1555 5590 5°
1579 5550 1826 5624 Ephes.
1853 5564 1937 5617 in,
1964 5553 2052 5608 t7.

2149 488 2288 559 τέρες
2370 486 2538 555 ἡμῶν,
2596 486 2764 535 πάντα
2829 487 3131 554 ποιήσωμεν
3189 490 3249 554 τῇ
3307 483 3464 535 εἰκόνι
3515 482 3673 534 αὐτοῦ
3731 496 3744 508 ⁶

2149 578 2238 624 καὶ
2270 573 2529 642 λέγουσιν,
2582 574 2662 624 ὅτι
2693 572 2992 635 Ἐνέπαιξαν
3045 569 3203 642 αὐτῷ’
3238 577 3326 624 xui
3358 574 3507 643 ἡμεῖς
3536 576 3593 622 τό
3627 571 3752 624 αὖτό

2148 667 2469 733 ποιήσωμεν.
2519 660 2867 733 Ἐμπαιγμοῖς
2922 657 3010 713 οὖν
3060 659 3292 732 ἀπείροις
3343 659 3607 722 ἐνέπαιξαν
3657 665 3753 718 τὴν

2149 752 2319 804 εἰκόνα
2357 760 2448 803 τοῦ
2484 758 2698 823 Κυρίου,
2755 751 2882 823 οἷπερ
2944 749 3068 802 οὐδὲ
3116 750 3278 821 λέγειν
3328 753 3452 822 ἡμῖν
3507 751 3750 822 τετόλμη-

2149 860 2255 891 ται.
2313 841 2439 892 Εἶτα
2493 841 2729 911 λέγουσιν
2767 857 2779 868 '
2837 839 3164 910 Ἠκούσαμεν
3219 841 3299 890 ὅτι
3331 839 3540 896 ἣλωσαν
3591 838 3754 889 αὐτοῦ

2148 931 2241 990 τὰς
2271 936 2456 1002 χεῖρας
2509 934 2600 980 καὶ
2651 931 2772 990 τούς
2809 925 2981 989 πόδας
3011 946 3022 958 ·
3078 935 3231 980 τοῦτο
3281 933 3370 980 καὶ
3399 929 3550 999 ἡμεῖς
3599 932 3753 985 ποιή-

2151 1037 2316 1089 σωμεν
2356 1018 2492 1088 αὐτῷ
2525 1035 2538 1048 ⁸
2592 1023 2706 1070 τότε
2765 1020 2853 1077 τὰς
2903 1025 3091 1091 χεῖρας
3136 1022 3225 1068 καὶ
3281 1021 3400 1079 τοὺς
3446 1014 3611 1078 πόδας
3664 1026 3755 1077 τῆς

2147 1115 2238 1159 τοῦ
2273 1113 2464 1179 Κυρίου
2515 1107 2702 1167 εἰκόνος
2745 1107 2937 1169 ἔπηξαν
2968 1115 3072 1166 τοῖς
3119 1107 3277 1166 ἣλοις.
3335 1105 3492 1158 Πάλιν
3541 1105 3758 1175 λέγουσι

2149 1202 2424 1267 μεμηνότες
2458 1215 2469 1226 ·
2535 1197 2858 1268 Ἠκούσαμεν
2890 1198 2968 1248 ὅτι
3017 1196 3128 1258 ὅξος
3157 1201 3246 1248 xui
3285 1195 3451 1267 χολὴν
3501 1195 3754 1247 ἐπότισαν

2149 1286 2303 1337 αὐτόν
2356 1288 2487 1356 μετά
2532 1291 2767 1357 σπόγγου
2806 1304 2816 1313 ·
2866 1291 3167 1356 ποιήσωμεν
3230 1285 3372 1356 αὐτῷ
3423 1289 3512 1336 καὶ
3577 1285 3751 1354 ἡμεῖς.

2151 1379 2250 1427 Καὶ
2308 1374 2577 1440 ἐποίησαν,
2638 1377 2941 1446 προσθέντες
2998 1383 3069 1444 τῷ
3131 1378 3352 1445 στόματι
3409 1380 3500 1434 τῆς
3559 1373 3753 1432 εἰκόνος

2148 1471 2239 1515 τοῦ
2283 1468 2497 1537 Κυρίου,
2553 1467 2636 1515 τὸν
2693 1469 2926 1534 σπόγγον
2978 1470 3069 1515 τοῦ
3115 1463 3266 1525 ὄξους
3314 1462 3746 1534 πεπληρωμένον.

2151 1551 2310 1603 Πάλιν
2361 1551 2573 1620 λέγουσι
2610 1567 2622 1578 ⁸
2683 1553 3065 1622 Μεμαθήκαμεν
3119 1551 3199 1603 ὅτι
3254 1550 3470 1621 καλάμῳ
3524 1553 3618 1606 τὴν
3670 1566 3758 1599 κε-

2149 1640 2310 1712 φαλὴν
2358 1640 2514 1691 αὐτοῦ
2564 1639 2758 1710 ἓτυψαν
2789 1642 2838 1692 οἱ
2883 1644 3101 1713 πατέρες
3151 1641 3296 1711 ἡμῶν
3327 1654 3340 1668 ’
3388 1641 3446 1690 τό
3488 1638 3613 1690 αὐτὸ
3664 1641 3760 1687 καὶ

2149 1730 2299 1799 ἡμεῖς
2371 1734 2692 1801 ποιήσωμεν.
2756 1734 2856 1781 Καὶ
2911 1727 3145 1788 λαϐόντες
3229 1727 3478 1798 κάλαμον,
3537 1728 3760 1778 ἔτυπτον

2151 1818 2229 1879 εἰξ
2261 1821 2354 1876 τὴν
2399 1818 2621 1890 κεφαλὴν
2664 1825 2756 1870 τοῦ
2805 1824 3090 1874 Δεσπότου.
3139 1816 3289 1877 Τέλος
3329 1817 3570 1887 λέγουσιν
3600 1835 3611 1846 ·
3667 1813 3764 1877 Ὡς

2151 1905 2372 1978 ἀκριϐῶς
2424 1909 2766 1979 μανθάνομεν,
2819 1909 2896 1958 ὅτι
2953 1907 3121 1979 λόγχη
3174 1911 3266 1964 τὴν
3322 1905 3541 1980 πλευρὰν
3595 1903 3762 1956 αὐτοῦ

2479 2016 2551 2068 μη
2561 1993 2593 2048 δ
2597 2000 2646 2048 εν
2716 1996 3112 2067 παραλειψωμεν
3175 2014 3186 2026 '

2151 2090 2240 2136 xui
2296 2092 2468 2138 τοῦτο.
2528 2090 2627 2137 Καὶ
2680 2089 2990 2145 ποιήσαντες
3053 2083 3332 2155 ἐνεχθῆναι
3384 2082 3608 2154 λόγχην,

2151 1996 2327 2058 ἔνυξαν
2399 2016 2410 2028 ο
2479 1994 2646 2068 μηδὲν
2716 1996 3112 2067 παραλειψωμεν
3175 2014 3186 2026 ’
3255 1994 3382 2046 ἀλλά
3439 1995 3759 2069 προσθῶμεν

3668 2085 3755 2133 ἐπ-

2151 2173 2370 2246 έτρεψάν
2431 2193 2531 2225 τινι
2587 2174 2755 2226 αὐτῶν
2805 2167 2929 2248 ἆραι
2972 2178 3060 2232 τὴν
3110 2174 3335 2244 λόγχην,
3389 2177 3478 2224 καὶ
3531 2179 3763 2246 κροῦσαι

2151 2265 2286 2316 κατά
2317 2270 2409 2324 τῆς
2461 2263 2684 2335 πλευρᾶς
2722 2272 2814 2323 τῆς
2860 2263 3050 2324 εἰκόνος
3080 2270 3172 2313 τοῦ
3224 2265 3418 2336 Κυρίου
3452 2278 3464 2290 ·
3521 2265 3610 2312 καὶ
3640 2263 3761 2312 τού-

2151 2371 2241 2404 του
2294 2356 2563 2424 γενομένου
2617 2352 2797 2412 εῦθέως
2851 2350 3124 2403 ἀνέϐλυσεν
3185 2349 3270 2402 ἀπ’
3333 2350 3499 2411 αὐτῆς
3558 2350 3760 2410 πλῆθος

2151 2441 2366 2512 αἵματος
2395 2445 2485 2492 καὶ
2515 2438 2726 2501 ὕδατος.
2765 2460 2792 2492 ››
2827 2445 3022 2502 Πιστὸς
3069 2441 3094 2491 ὁ
3125 2440 3296 2510 λόγος,
3328 2437 3368 2490 ὦ
3414 2444 3707 2510 σοφώτατοι
3742 2455 3754 2466 ·

2153 2532 2209 2581 τό
2270 2535 2383 2601 μὲν,
2451 2532 2527 2582 ὅτι
2599 2533 2664 2582 τὰ
2743 2537 2938 2601 σημεῖα
3019 2536 3125 2589 τοῖς
3187 2527 3447 2594 ἀπίστοις,
3518 2528 3576 2579 ού
3647 2534 3761 2588 τοῖς

2079 2624 2140 2690 τῇ
2197 2626 2289 2679 τῆς
2335 2620 2524 2680 εἰκόνος
2578 2617 2722 2692 ὕϐρει
2780 2618 3087 2692 ἐφύϐρισται
3135 2622 3192 2670 τὸ
3246 2623 3582 2692 πρωτότυπον
3630 2634 3642 2646 ·
3689 2620 3760 2679 ὡς

2224 2800 2367 2854 Φωνὴ
2405 2805 2496 2848 τοῦ
2548 2796 2776 2867 μεγάλου
2833 2796 3102 2849 Βασιλείου
3153 2798 3208 2848 ἐκ
3239 2803 3329 2847 τοῦ
3365 2798 3628 2867 ἐγκωμίου
3669 2802 3762 2846 τοῦ

2084 2903 2122 2958 C
2152 2885 2219 2946 εἰς
2275 2890 2361 2937 τόν
2411 2888 2651 2960 μάρτυρα
2708 2885 2955 2960 Βαρλαάμ
3000 2903 3012 2915 ·
3075 2905 3103 2937 ιι
3151 2884 3520 2957 Ἐγγραφέσθω
3570 2892 3640 2953 τῷ
3674 2889 3767 2935 πί-

2152 2995 2270 3026 νακι
2318 2981 2405 3028 καὶ
2453 2977 2478 3027 ό
2521 2985 2618 3028 τῶν
2674 2975 3050 3046 παλαισμάτων
3109 2973 3430 3045 ἀγωνοθέτης
3475 2978 3704 3047 Χριστός
3741 2990 3758 3004 ο

2156 3065 2453 3130 Κάνταῦθα,
2512 3063 2551 3116 ὧ
2597 3065 2964 3135 γαληνότατοι,
3021 3063 3259 3135 ἀσφαλὴς
3313 3065 3338 3113 ό
3379 3065 3495 3135 ὅρος
3549 3070 3642 3123 τῆς
3697 3063 3764 3114 εἰ-

2154 3162 2360 3214 κονικῆς
2422 3153 2846 3214 ἀναστηλώσεως.
2906 3153 2980 3204 Ού
3037 3154 3163 3223 γάρ,
3219 3152 3284 3212 ὥς
3319 3169 3448 3210 τινες
3502 3148 3759 3202 εἰκαιολο-

2153 3251 2328 3313 γοῦσι,
2371 3253 2443 3313 τῷ
2509 3247 2690 3294 πίνακι
2728 3250 2822 3304 τῆς
2876 3241 3062 3313 ψυχῆς
3123 3239 3475 3314 ἐγγεγράφθαι
3526 3242 3763 3312 Χριστὸν

2157 3335 2360 3406 εἴρηται
2413 3341 2480 3402 τῷ
2550 3333 2794 3404 θεοφόρῳ.
2856 3327 2995 3383 Οὐδὲ
3060 3333 3161 3402 γάρ
3229 3332 3643 3400 ἐγγεγραμμένον
3714 3326 3766 3381 ἓν

2157 3423 2301 3492 ἡμῖν,
2352 3420 2480 3472 ἀλλά
2509 3427 2853 3472 κατοικοῦντα
2883 3423 2968 3470 τόν
2996 3422 3226 3490 Χριστόν
3260 3414 3355 3470 διὰ
3394 3425 3489 3476 τῆς
3536 3420 3767 3477 πίστεως

2158 3509 2206 3561 ἐν
2232 3517 2347 3570 ταῖς
2389 3505 2637 3583 καρδίαις
2677 3511 2821 3580 ἡμῶν
2849 3510 3058 3579 ἔχομεν,
3111 3508 3180 3567 ὡς
3211 3508 3236 3558 ὁ
3285 3505 3605 3566 Ἀπόστολος
3640 3501 3761 3576 βοᾷ.

2157 3597 2392 3667 Ἔπειτα,
2443 3598 2523 3649 ὃτι
2577 3603 2666 3649 καὶ
2698 3606 2758 3669 τῇ
2794 3596 3016 3669 ἐπιφορᾷ
3062 3603 3172 3660 τοῦ,
3207 3599 3293 3646 καὶ
3351 3590 3652 3664 συνδέσμου
3705 3595 3763 3644 τά

2158 3690 2525 3760 προηγούμενα
2573 3688 2964 3757 ύπεσημήνατο,
3020 3685 3171 3736 οἶτίνά
3220 3683 3330 3735 ἐστι
3377 3678 3506 3734 τάδε
3539 3700 3554 3714 ο
3613 3681 3768 3734 Ἀνά-

2163 3780 2320 3833 στητέ
2367 3796 2456 3847 μοι
2490 3783 2596 3840 νῦν,
2652 3774 2883 3848 λαμπροὶ
2933 3782 3032 3826 τῶν
3081 3771 3371 3830 ἀθλητικῶν
3421 3771 3772 3842 κατορθωμά-

2160 3886 2257 3917 των
2321 3865 2613 3938 ζωγράφοι,
2689 3870 2782 3922 τὴν
2846 3872 2937 3917 τοῦ
3007 3869 3306 3936 στρατηγοῦ
3383 3859 3769 3912 κολοϐωθεῖσαν

2161 3954 2332 4005 εἰκόνα
2394 3961 2511 4015 ταῖς
2567 3956 2834 4026 ὑμετέραις
2897 3952 3216 4025 μεγαλύνατε
3277 3954 3488 4022 τέχναις
3529 3963 3543 3978 ο
3592 3948 3766 4019 ἀμαυ-

2159 4047 2362 4116 ρότερον
2427 4042 2550 4115 παρ’
2617 4042 2739 4115 ἐμοῦ
2805 4046 2891 4094 τόν
2951 4045 3262 4112 στεφανίτην
3327 4041 3606 4112 γραφέντα,
3663 4044 3774 4097 τοῖς

2161 4141 2248 4192 τῆς
2348 4133 2596 4206 ὑμετέρας
2700 4136 2886 4204 σοφίας
2994 4128 3355 4200 περιλάμψατε

2087 4257 2131 4311 D
2163 4221 2392 4274 Ἀπέλθω
2456 4229 2516 4294 τῇ
2573 4229 2671 4272 τῶν
2726 4221 3119 4293 ἀριστευμάτων
3177 4225 3266 4270 τοῦ
3320 4217 3580 4289 μάρτυρος
3638 4216 3770 4286 παρ’

2162 4313 2304 4382 ὑμῶν
2368 4315 2690 4381 νενικημένος
2752 4318 2950 4382 γραφῇ.
3019 4312 3201 4382 Χαίρω
3257 4313 3317 4378 τῇ
3387 4308 3600 4377 τοιαύτη
3669 4313 3769 4365 τῆς

2164 4401 2406 4472 ὑμετέρας
2455 4399 2646 4472 ἰσχύος
2696 4404 2920 4472 σήμερον
2967 4403 3080 4470 νίκη
3136 4399 3448 4467 ἡττώμενος.
3499 4390 3629 4446 ’Ὶδω
3674 4401 3772 4455 τῆς

2163 4493 2346 4563 χειρός
2392 4493 2517 4563 πρὸς
2564 4491 2624 4540 τὸ
2678 4496 2779 4563 πῦρ
2829 4487 3193 4562 ἀκριϐέστερον
3241 4483 3362 4556 παρ’
3395 4485 3536 4554 ύμων
3581 4480 3773 4554 ἐγγρα-

2165 4584 2385 4652 φομένην
2433 4583 2528 4636 την
2557 4578 2747 4636 πάλην.
2805 4574 2934 4630 Ἰδω
2989 4572 3331 4648 φαιδρότερον
3387 4577 3473 4624 ἐπὶ
3521 4579 3615 4632 τῆς
3646 4573 3772 4642 ύμε-

2164 4673 2310 4743 τέρας
2362 4671 2447 4720 τὸν
2499 4668 2792 4725 παλαιστὴν
2839 4667 3196 4740 γεγραμμένον
3254 4663 3460 4721 εἰκόνος.
3528 4660 3750 4712 Κλαυσά

2163 4777 2335 4811 τωσαν
2384 4753 2622 4827 δαίμονες
2669 4760 2759 4807 καὶ
2807 4763 2918 4819 νῦν,
2979 4760 3090 4814 ταῖς
3129 4759 3219 4805 τοῦ
3263 4753 3526 4826 μάρτυρος
3567 4748 3617 4800 ἐν
3644 4750 3774 4818 ἡμῖν

2163 4847 2455 4922 ἀριστείαις
2502 4845 2846 4917 πληττόμενοι
2879 4863 2889 4874 ·
2948 4843 3230 4915 φλεγομένη
3294 4840 3448 4893 πάλιν
3518 4836 3694 4897 αὐτοῖς
3739 4837 3770 4894 ἡ

2162 4941 2283 5010 χεὶρ
2313 4940 2400 4988 xui
2429 4943 2630 4987 νικῶσα
2671 4931 2988 4987 δεικνύσθω.
3025 4954 3054 4985 ››

2232 5033 2408 5079 Ταῦτα
2435 5025 2494 5077 ού
2545 5021 2718 5082 δήπου
2769 5023 3124 5095 ἐγγεγράφθαι
3155 5024 3278 5092 φαίη
3323 5021 3373 5070 ἓν
3408 5019 3534 5088 ἡμῖν
3569 5032 3582 5046 ⁸
3637 5014 3680 5067 εἰ
3715 5010 3777 5065 δί

2163 5121 2252 5168 xui
2297 5122 2452 5167 τοῦτο
2496 5111 2699 5176 δοθείη,
2746 5112 2838 5165 οὐκ
2883 5111 2943 5163 ἆν
2999 5115 3246 5186 πρότερον
3293 5111 3377 5161 τόν
3429 5103 3639 5173 δοῦλον,
3678 5100 3780 5156 εἷθ’

3456 4131 3765 4199 χρώμασιν.

2164 5206 2323 5267 οὕτως
2371 5208 2456 5258 τὸν
2501 5201 2761 5261 δεσπότην
2823 5206 3181 5274 παρεγγυᾶτο.
3240 5196 3443 5258 ’Ἄλλως
3481 5214 3534 5247 τε
3580 5197 3674 5245 καὶ
3717 5195 3780 5244 τό

2164 5295 2316 5356 εὐθὺς
2359 5297 2407 5348 ἓν
2451 5301 2513 5352 τῆ
2559 5291 2776 5366 ἀπαρχῇ
2837 5291 3003 5363 λέγειν
3039 5307 3052 5319 ο
3087 5289 3374 5345 Ἀνάστητέ
3423 5303 3511 5358 μοι
3568 5290 3678 5347 νῦν,
3738 5277 3783 5332 ὦ

2162 5385 2388 5459 λαμπροὶ
2451 5390 2550 5436 τῶν
2617 5381 2908 5441 ἀθλητικῶν
2961 5378 3384 5453 κατορθωμάτων
3455 5374 3727 5448 ζωγράφοι
