4058 6274
261 320 285 382 1
309 324 414 383 609

1558 302 2063 373 EPISTOLARUM
2109 302 2243 372 LIB.
2289 305 2361 370 [Ι.

3498 315 3638 371 1610

261 451 469 513 δηλαδὴ
511 457 630 514 τοὺς
660 452 1039 524 εἰκονουργούς,
1072 452 1130 500 ού
1178 450 1296 509 τοὺς
1327 447 1681 519 λογογράφους
1734 443 1861 500 ἐσή-

1996 441 2211 495 ionum
2245 440 2501 496 artiﬁces
2532 441 2843 511 designat;
2888 440 3408 512 quemadmodum
3462 446 3518 495 et
3573 441 3631 494 in

258 563 415 616 μανε⁸
466 544 640 601 καθὼς
694 545 781 591 καὶ
842 538 888 590 ἐν
919 547 989 608 τῷ
1050 540 1288 608 ἐγκωμίῳ
1319 543 1419 587 τῶν
1474 535 1868 605 τεσσαράκοντα

257 635 554 705 μαρτύρων,
597 632 621 681 ό
650 633 806 689 αὐτὸς
852 625 981 680 τάδε
1036 631 1194 699 φησίν
1225 632 1236 654 ‘
1270 646 1298 675 ((
1349 625 1487 677 Ἐπεὶ
1518 629 1606 675 καὶ
1636 627 1868 693 πολέμων

258 718 735 795 ἀνδραγαθήματα,
783 727 870 769 xui
928 717 1245 790 λογογράφοι
1299 714 1566 776 πολλάκις,
1626 717 1716 763 xui
1767 712 1872 770 ζω-

256 813 450 884 γράφοι
486 807 956 881 διασημαίνουσιν,
1014 808 1062 857 οἱ
1119 809 1207 877 μὲν
1240 812 1308 874 τῷ
1368 803 1502 874 λόγῳ
1532 809 1869 873 κοσμοῦντες,

260 902 307 953 οἱ
339 898 397 952 δὲ
451 906 560 961 τοῖς
586 898 789 960 πίναξιν
834 897 1264 968 ἐγχαράττοντες.
1302 913 1330 944 ›)
1381 893 1521 945 Ἐπεὶ
1570 899 1695 961 γοῦν
1727 894 1815 941 καὶ
1846 890 1871 939 ὀ

262 987 502 1062 δεύτερος
554 992 744 1061 τρόπος
802 990 958 1060 πέρας
1001 984 1193 1055 εἴληφε,
1244 988 1321 1044 τίς
1379 983 1404 1033 ό
1463 986 1673 1055 τρίτος;
1725 983 1867 1035 Φωνὴ

260 1087 359 1131 τῶν
427 1081 555 1149 μετὰ
612 1082 702 1135 τὴν
769 1076 920 1132 ἕκτην
988 1070 1442 1144 συνεδρευσάντων
1513 1074 1749 1143 Πατέρων
1826 1066 1873 1118 ἐν

262 1166 815 1220 Κωνσταντινουπόλει,
887 1163 974 1216 Ἐν
1060 1181 1171 1213 τισι
1244 1169 1342 1212 τῶν
1408 1168 1603 1211 σεπτών
1670 1159 1873 1209 εἰκόνων

259 1264 483 1328 γραφαῖς
522 1254 681 1326 ἀμνὸς
735 1250 976 1322 δακτύλῳ
1026 1257 1115 1302 τοῦ
1178 1246 1489 1322 [ιροδρομου
1548 1244 1873 1317 δεικνύμενος

263 1346 666 1417 ἓγχαράττεται,
728 1345 778 1402 ὃς
835 1341 903 1402 εἰς
954 1343 1112 1391 τύπον
1140 1338 1440 1410 παρελήφθη
1474 1344 1566 1397 τῆς
1609 1339 1871 1409 χάριτος⁶

266 1436 351 1485 τὸν
426 1432 664 1490 ἀληθινόν
714 1434 837 1501 ἡμῖν
890 1427 982 1481 διὰ
1026 1433 1183 1500 νόμου
1238 1430 1634 1501 προῦποφαίννυν
1715 1424 1875 1495 ἀμνὸν

267 1526 494 1596 Χριστὸν
543 1525 628 1573 τὸν
671 1525 798 1573 Θεὸν
853 1521 1019 1590 ἡμῶν.
1071 1522 1198 1577 Τοὺς
1239 1514 1326 1567 οὖν
1383 1515 1637 1575 παλαιούς
1684 1515 1877 1574 τύπους

266 1619 355 1663 καὶ
416 1615 508 1673 τὰς
576 1613 749 1675 σκιὰς,
801 1612 868 1669 ὡς
927 1616 1021 1669 τῆς
1081 1605 1322 1665 ἀληθείας
1384 1603 1619 1675 σύμϐολά
1675 1622 1727 1654 τε
1788 1606 1877 1653 καὶ

266 1702 717 1773 προχαράγματα,
769 1706 828 1770 τῇ
890 1697 1181 1767 Ἐκκλησία
1252 1690 1704 1769 παραδεδομένους
1758 1711 1879 1742 κατ-

1977 529 2381 602 quadraginta
2409 537 2736 601 martyrum
2755 532 3050 594 encomio,
3074 546 3211 584 cum
3234 530 3360 584 haec
3381 529 3581 585 dicit67
3618 546 3631 583 :

1981 638 2008 671 α
2043 622 2187 673 Nam
2204 620 2596 689 magniﬁcain
2623 618 2792 674 bellis
2816 627 2999 688 gesta,
3020 625 3638 689 etoratoressaepenu-

1979 723 2166 776 mero,
2201 716 2256 761 et
2282 709 2535 778 pictores
2559 707 2949 778 palcherrime
2980 709 3370 772 demonstrat,
3410 707 3471 762 hi
3502 722 3636 763 ora-

1982 797 2161 861 tione,
2199 796 2273 849 illi
2329 796 2542 851 tabulis
2598 797 3003 852 describentes
3063 803 3240 869 atque
3271 802 3571 853 urnantes.
3612 819 3631 844 ι

1982 884 2277 952 Quoniam
2301 885 2476 954 igitur
2492 885 2793 940 secundus
2820 902 3064 958 quoque
3094 886 3311 941 modus
3343 886 3421 941 ad
3450 886 3635 941 ﬁnem

1984 973 2308 1046 perductus
2338 979 2446 1039 est,
2481 976 2615 1045 quis
2644 982 2731 1029 est
2761 975 2963 1030 tertius
2986 976 3016 1027 ‘2
3068 976 3192 1030 Vox
3244 975 3501 1041 Patrum,
3533 975 3637 1046 qui

1984 1069 2123 1135 post
2152 1071 2379 1118 sextam
2430 1064 2735 1135 synodum
2786 1065 3299 1136 Constantinopoli
3344 1080 3635 1121 convene-

1984 1158 2121 1207 runt
2134 1154 2179 1187 ⁵⁸
2198 1170 2209 1207 :
2230 1153 2288 1207 [η
2301 1153 2669 1224 quibusdam
2692 1154 3081 1210 colendarum
3104 1154 3434 1225 imaginum
3451 1156 3636 1226 pictu-

1984 1244 2064 1296 ris
2118 1259 2306 1312 agnus
2341 1243 2712 1313 exprimitur,
2744 1260 2928 1316 quem
2961 1245 3297 1299 Prmcursor
3320 1244 3509 1313 digito
3539 1244 3638 1299 de-

1988 1335 2299 1393 monstrat,
2316 1333 2488 1402 quiiu
2506 1339 2717 1403 typum
2739 1340 3075 1403 assumptus
3097 1340 3183 1387 est
3199 1334 3423 1402 gratiae.
3448 1332 3639 1388 Refert

1986 1420 2146 1473 enim
2169 1419 2341 1473 nobis
2360 1436 2562 1476 verum
2588 1421 2757 1477 illum
2772 1438 3019 1492 agnum,
3042 1424 3326 1495 quemlex
3353 1422 3625 1492 signiﬁca

1986 1508 2114 1573 bat,
2167 1524 2382 1579 nempe
2433 1510 2728 1564 Christum
2766 1514 2949 1565 Deum
2981 1516 3272 1567 nostrum.
3323 1512 3439 1566 Has
3462 1513 3637 1580 igitur

1989 1603 2216 1650 veteres
2244 1597 2656 1669 ﬁgurasatque
2689 1600 2957 1665 umbras,
2994 1605 3052 1656 ut
3086 1602 3344 1657 veritatis
3385 1609 3553 1656 notas
3581 1607 3638 1656 et

1991 1685 2166 1754 signa
2199 1686 2466 1741 Ecclesiae
2511 1688 2726 1743 tradita
2763 1689 3247 1760 complectentes,
3281 1690 3534 1760 gratiam
3587 1696 3643 1745 et

269 1790 646 1860 ασπαζόμενοι,
711 1792 803 1844 τὴν
852 1788 1013 1859 χάριν
1066 1793 1396 1857 προτιμώμεν
1462 1786 1551 1833 καὶ
1617 1786 1707 1838 τὴν
1759 1779 1885 1837 ubi.

1996 1775 2293 1830 veritatem
2312 1779 2942 1849 anteponimus,quam
2961 1786 3019 1832 ut
3034 1779 3467 1849 plenitudinem
3487 1778 3635 1850 legis

271 1880 427 1938 θειαν,
486 1881 554 1938 ὡς
592 1877 849 1949 πλήρωμα
894 1880 1051 1946 νόμου
1092 1877 1286 1932 ταύτην
1343 1869 1740 1941 ὑποδεξάμενοι.
1795 1869 1882 1930 Ὠς

270 1967 330 2018 ἄν
379 1965 465 2019 οὖν
496 1972 550 2019 τό
606 1967 791 2018 τέλειον
820 1964 911 2016 κὰν
957 1972 1070 2025 ταῖς
1125 1966 1598 2034 χρωματουργίαις
1661 1959 1709 2010 ἐν
1767 1966 1882 2019 ταῖς

272 2055 510 2107 ἁπάντων
553 2055 735 2125 ὄψεσιν
782 2056 1188 2124 ύπογράφηται·
1242 2054 1328 2102 τὸν
1354 2058 1445 2101 τοῦ
1493 2053 1726 2122 αἴροντος
1783 2053 1876 2106 τὴν

273 2144 528 2216 ἁμαρτίαν
568 2151 660 2195 τοῦ
710 2148 911 2213 κόσμου
963 2140 1124 2212 ἀμνοῦ
1176 2146 1411 2211 Χριστοῦ
1434 2146 1525 2189 τοῦ
1576 2145 1707 2190 Θεοῦ
1739 2139 1882 2207 ἡμῶν

271 2236 406 2285 κατὰ
447 2236 532 2284 τόν
587 2231 904 2304 ἀνθρώπινον
965 2238 1306 2301 χαρακτῆρα,
1369 2232 1458 2278 καὶ
1504 2230 1552 2278 ἔν
1602 2233 1713 2288 ταῖς
1755 2227 1883 2278 εἰκό-

275 2341 357 2375 σιν
400 2321 501 2373 ἀπό
549 2328 640 2373 τοῦ
698 2329 783 2371 νῦν
832 2319 944 2371 ἀντὶ
998 2326 1089 2369 τοῦ
1134 2318 1359 2369 παλαιοῦ
1414 2314 1596 2387 ἀμνοῦ,
1659 2314 1884 2372 ἀναστη-

273 2412 495 2463 λοῦσθαι
552 2410 789 2483 ὁρίζομεν
823 2426 838 2441 ⁸
925 2405 997 2459 δι’
1048 2411 1206 2458 αὐτοῦ
1264 2410 1321 2457 τὸ
1379 2414 1469 2465 τῆς
1532 2410 1883 2465 ταπεινώσεως

274 2500 405 2570 ὕψος
462 2506 552 2550 τοῦ
602 2506 733 2551 Θεοῦ
767 2502 938 2568 Λόγου
992 2503 1379 2561 κατανοοῦντες,
1432 2498 1521 2546 καὶ
1573 2498 1697 2568 πρός
1758 2497 1886 2564 μνή-

275 2609 377 2660 μην
430 2596 525 2647 τῆς
563 2589 612 2638 ἐν
668 2591 824 2659 σαρκὶ
873 2587 1148 2649 πολιτείας,
1205 2592 1295 2636 τοῦ
1356 2603 1408 2635 τε
1452 2585 1652 2643 πάθους
1700 2582 1881 2645 αὐτοῦ,

275 2682 365 2729 καὶ
410 2684 500 2727 τοῦ
534 2680 795 2749 σωτηρίου
848 2676 1067 2726 θανάτου
1102 2676 1604 2747 χειραγωγούμενοι,
1660 2675 1749 2723 καὶ
1794 2679 1883 2731 τῆς

278 2766 503 2817 ἐντεῦθεν
568 2767 841 2835 γινομένης
903 2772 973 2833 τῷ
1030 2769 1210 2832 κόσμῳ
1278 2759 1705 2832 ἀπολυτρώσεως.
1775 2760 1884 2813 Ἐν-

277 2857 447 2906 ταῦθα
500 2854 629 2924 ὁμοῦ
674 2860 735 2923 τῇ
800 2859 1034 2924 Χριστοῦ
1094 2851 1271 2914 εἰκόνι,
1332 2856 1420 2901 xui
1491 2858 1587 2899 τῶν
1648 2847 1884 2900 ἁπάντων

277 2943 438 3013 ἁγίων
484 2942 688 2993 εἰκόνων
731 2941 887 3012 λόγος
933 2944 1208 3013 πρόσεστι.
1266 2946 1475 3011 Πρῶτον
1525 2942 1634 3007 μὲν,
1682 2938 1781 3001 ὃτι,
1817 2940 1886 2999 ὡς

277 3029 385 3091 ἤδη
448 3030 955 3103 προεξεικονισμένου
1014 3034 1103 3080 καὶ
1159 3029 1420 3088 λείποντος
1480 3036 1570 3078 τοῦ
1624 3032 1712 3079 xui
1772 3026 1885 3078 ἀντὶ

276 3128 370 3173 τοῦ
427 3120 649 3171 παλαιοῦ
706 3118 888 3190 ἀμνοῦ,
944 3118 1098 3169 αὐτόν
1150 3117 1572 3175 ὰναστηλοῦσθαι
1617 3118 1645 3173 ἡ
1704 3113 1884 3187 διαγόο

274 3228 477 3284 ρευσις.
508 3216 725 3262 Ἔπειτα
753 3211 832 3261 ὅτι
886 3209 943 3260 ού
975 3214 1127 3279 μόνον
1170 3208 1414 3264 ἀσπαστὴ
1447 3208 1475 3264 ἡ
1522 3202 1674 3258 τοῦδε
1714 3206 1880 3271 εἰκὼν,

274 3301 414 3351 κατὰ
462 3302 523 3352 τὰ
577 3298 624 3350 ἐν
677 3303 814 3369 νόμῳ
887 3296 1123 3369 σύμϐολά
1188 3317 1243 3348 τε
1304 3302 1393 3349 xui
1454 3298 1887 3368 προχαράγματα

277 3387 533 3441 ἀσπαστὰ
588 3387 873 3445 κεκλῆσθαι
908 3404 918 3416 ·
954 3385 1081 3437 ἀλλά
1131 3392 1219 3437 καὶ
1248 3389 1586 3458 προσκυνητὴ
1630 3384 1789 3436 αὐτοῦ
1833 3402 1887 3435 τε

275 3482 367 3530 xui
399 3480 586 3536 παντὸς
617 3478 919 3528 οὑτινοσοῦν
946 3474 1121 3546 ἁγίου.

349 3564 508 3623 Δῆλον
538 3567 638 3639 γὰρ
695 3565 774 3615 ὅτι
804 3568 862 3616 τὸ
906 3568 1114 3629 σεπτὸν,
1145 3567 1235 3614 καὶ
1280 3566 1637 3635 προσκυνητὸν
1691 3563 1751 3613 οἰν
1808 3582 1886 3622 τις

278 3654 661 3725 ὁμολογήσειεν.
716 3652 831 3705 Ἓτι
881 3673 931 3705 τε
989 3654 1068 3705 ὅτι
1112 3659 1259 3703 πᾶσα
1314 3652 1343 3709 ἡ
1398 3651 1545 3703 εἰκὼν
1602 3652 1887 3721 ὁμωνύμως

280 3750 352 3810 τῷ
414 3742 574 3804 αὐτῆς
637 3744 962 3814 πρωτοτύπῳ
1029 3739 1295 3804 κέκληται,
1370 3736 1461 3791 διὰ
1523 3748 1614 3790 τοῦ
1678 3740 1834 3791 εἰπεῖν
1872 3756 1885 3769 '

286 3849 314 3882 α
347 3832 534 3901 Ἀμνός
581 3827 818 3901 δακτύλῳ
872 3839 962 3883 τοῦ
1002 3827 1312 3903 Προδρόμου
1348 3825 1677 3898 δεικνύμενος
1728 3826 1889 3899 ἐγχα-

280 3922 544 3993 ράττεται.
622 3942 651 3970 ››
696 3920 785 3982 Ὡς
841 3925 929 3971 xui
995 3922 1019 3971 ὁ
1084 3923 1361 3980 Νυσσαεῦς
1425 3920 1556 3977 θεῖος
1609 3922 1890 3991 Γρηγόριος

281 4006 387 4061 ὧδέ
417 4013 512 4061 πού
562 4030 691 4081 φησι
720 4030 733 4041 ·
788 4032 813 4057 (ι
850 4015 1127 4081 Πρόκειται
1168 4010 1191 4059 ό
1231 4009 1414 4059 Ἰσαὰκ
1446 4016 1515 4077 τῲ
1549 4012 1735 4079 Πατρὶ,
1766 4005 1888 4079 παρ’

283 4098 424 4168 αύτῴ
481 4107 554 4169 τῷ
610 4100 993 4172 θυσιαστηρίῳ.
1058 4120 1084 4145 ››
1140 4100 1281 4154 Φωνὴ
1334 4104 1432 4146 τῶν
1487 4094 1534 4145 ἐν
1590 4096 1892 4165 Ἀντιοχείᾳ

282 4184 737 4257 συνεδρευσάντων
792 4190 1027 4259 Πατέρων
1054 4203 1065 4215 ⁸
1111 4206 1138 4233 ι(
1190 4186 1311 4257 Οὐχ
1355 4188 1423 4246 ὡς
1454 4187 1621 4258 ἕτερον
1670 4192 1730 4256 τῇ
1766 4203 1891 4255 μορ-

284 4284 378 4348 φῇ,
408 4275 514 4326 ἀλλ’
564 4278 627 4335 ὡς
680 4279 835 4326 αὐτὸν
885 4276 972 4327 ἕνα
1019 4277 1205 4348 Κύριον
1255 4276 1302 4325 ἐν
1352 4279 1449 4345 μιᾷ
1495 4279 1663 4344 μορφῇ)⁹
1719 4272 1841 4323 ὂντα
1876 4289 1886 4299 ·

283 4364 403 4416 καθ’
458 4365 511 4415 ὅν
566 4369 655 4415 καὶ
702 4368 984 4438 χαρακτὴρ
1026 4365 1099 4425 εἰς
1156 4367 1396 4435 πεφυκὼς
1426 4369 1518 4422 τῆς
1560 4369 1648 4412 τοῦ
1693 4363 1889 4431 Πατρός

286 4454 641 4520 ὑποστάσεως,
700 4458 789 4504 καὶ
838 4456 936 4527 πρὸ
987 4455 1183 4526 σαρκὸς
1231 4450 1528 4523 ἀσώματος,
1578 4451 1651 4511 εἷς
1706 4470 1757 4502 τε
1806 4446 1887 4517 ἧν,

285 4548 378 4594 καὶ
429 4540 476 4593 ἐν
536 4548 692 4613 σαρκὶ
749 4542 814 4601 εἷς
876 4540 1008 4605 ἐστι,
1078 4546 1166 4593 καὶ
1220 4538 1267 4591 ἐν
1316 4540 1473 4591 εἰκόνι
1529 4541 1554 4590 ό
1604 4539 1758 4600 αὐτὸς
1820 4523 1968 4600 εἴςῙ)

285 4633 541 4705 ὑπάρχει,
570 4635 643 4702 μὴ
700 4626 1061 4705 διαιρούμενος
1093 4629 1160 4691 εἰς
1203 4625 1299 4680 δύο
1329 4638 1671 4702 χαρακτῆρας
1698 4643 1711 4657 ’
1761 4632 1893 4699 μήτε

289 4718 350 4774 δὲ
383 4721 697 4793 σχιζομενος
750 4719 815 4779 εἰς
869 4716 964 4771 δύο
994 4726 1338 4792 χαρακτῆρας
1373 4735 1384 4746 ·
1446 4724 1577 4789 μήτε
1607 4714 1665 4769 δὲ
1708 4718 1894 4788 σχιζό-

289 4827 436 4881 μενος
481 4808 547 4868 εἰς
597 4805 693 4860 δύο
747 4804 943 4869 δόξας·
1003 4806 1110 4858 ἀλλ’
1170 4807 1242 4868 εἰς
1294 4812 1417 4879 μίαν
1473 4812 1889 4877 συναγόμενος.»

292 4902 395 4951 Καὶ
452 4899 565 4969 μεθ’
622 4898 788 4969 ἕτερα.
835 4920 862 4947 ιι
906 4896 1037 4949 Ἀλλ’
1094 4898 1265 4968 ὥσπερ
1321 4895 1473 4956 αὐτὸς
1521 4897 1591 4956 εἷς
1644 4897 1785 4946 ἐστιν
1839 4896 1895 4946 ἐκ

292 4982 392 5039 δύο
448 4994 546 5038 τῶν
600 4985 861 5052 ἐναντίων,
893 4990 982 5038 καὶ
1026 4986 1095 5047 είς
1142 4988 1190 5036 ἕν
1242 4986 1516 5056 συνάγεται
1569 4989 1844 5057 πρόσωπον
1878 5002 1891 5014 ·

290 5076 428 5129 οὕτω
483 5079 573 5127 xui
631 5076 659 5133 ἡ
723 5074 870 5126 εἰκὼν
901 5076 1058 5126 αὐτοῦ
1091 5078 1187 5145 μία
1217 5078 1270 5125 τέ
1318 5073 1452 5138 ἐστι,
1505 5079 1591 5124 xui
1618 5081 1709 5125 τοῦ
1737 5074 1895 5124 αὐτοῦ

292 5164 403 5225 ἐνὸς
459 5169 713 5236 Χριστοῦ.
774 5168 873 5215 Καὶ
912 5164 1017 5234 ούχ
1071 5164 1237 5236 ἕτερον
1304 5170 1623 5235 χαρακτῆρα
1688 5161 1895 5234 ἐροῦμεν

291 5257 383 5306 τόν
441 5255 573 5304 κατὰ
635 5254 807 5325 σάρκα
870 5255 1170 5323 ἐπιφανέντα
1222 5252 1366 5323 ἡμῖν,
1424 5256 1513 5302 xui
1579 5250 1744 5324 ἓτερον
1812 5254 1896 5303 τὸν

290 5344 408 5396 κατ’
437 5342 606 5394 εἰκόνα
645 5342 1105 5413 σχηματιζόμενον
1146 5348 1465 5414 χαρακτῆρα
1512 5340 1562 5391 ἐν
1612 5337 1739 5392 εῖδει
1768 5360 1894 5413 μορ-

293 5440 396 5507 φῆς
426 5431 585 5483 αὐτοῦ
614 5447 628 5461 ·
662 5430 791 5483 ἀλλά
814 5435 899 5482 τὸν
939 5430 1093 5483 αὐτὸν
1132 5431 1241 5501 ἕνα,
1270 5430 1380 5483 ἐπεὶ
1417 5435 1547 5502 μήτε
1576 5432 1705 5483 καθὸ
1748 5438 1898 5503 σῶμα

368 5549 413 5584 ⁸⁷
456 5549 512 5605 S.
548 5548 732 5605 Basil.
771 5550 814 5601 t.
849 5548 894 5613 Ι,
921 5547 1087 5604 hom.
1112 5547 1201 5613 20,
1234 5562 1374 5619 pag.
1408 5546 1531 5605 526.

293 5634 439 5696 pag.
462 5620 603 5676 908—

588 5715 834 5775 Ρλτιιοι.
876 5714 985 5777 Gn.
1032 5715 1233 5774 XCIX.

1608 5548 1655 5582 ⁵⁸
1697 5546 1925 5604 Concil.
1981 5547 2330 5615 Quinisext.,
2362 5562 2496 5603 can.
2529 5549 2616 5603 82.

1993 1865 2357 1935 accepimus.
2390 1865 2595 1938 Itaque
2637 1872 2697 1921 ut
2732 1867 2792 1921 id
2841 1870 3006 1939 quod
3053 1869 3379 1939 perfectum
3410 1880 3520 1940 est,
3575 1880 3634 1927 in

1992 1952 2237 2023 picturis
2267 1954 2444 2008 etiam
2468 1954 2739 2010 omnium
2761 1955 2946 2010 oculis
2971 1958 3387 2026 subiiciamus,
3417 1974 3643 2028 agnum

1992 2040 2180 2107 illum,
2214 2042 2317 2112 qui
2348 2042 2556 2096 mundi
2584 2050 2897 2113 peccatum
2928 2044 3092 2111 tollit,
3128 2046 3421 2102 Christum
3460 2049 3644 2103 Deum

1995 2137 2288 2196 nostrum,
2315 2130 2447 2186 loco
2469 2133 2676 2187 veteris
2690 2134 2848 2201 agni,
2876 2134 3145 2191 humana
3171 2136 3421 2207 posthac
3448 2136 3641 2193 forma

1993 2220 2454 2290 exprimendum
2502 2221 2872 2277 decrevimus
2926 2240 2940 2277 :
3000 2228 3062 2278 ut
3107 2240 3211 2295 per
3247 2225 3644 2282 humilitatem

1994 2309 2323 2376 cogitemus
2349 2310 2447 2364 Dei
2473 2309 2643 2364 Verbi
2666 2310 3101 2376 celsitudinem,
3120 2320 3176 2369 ct
3199 2314 3260 2367 in
3288 2315 3643 2371 memoriam

1993 2398 2462 2453 conversationis
2519 2399 2647 2469 ejus
2688 2403 2748 2454 in
2797 2415 2996 2467 carne,
3052 2408 3106 2456 et
3164 2406 3519 2472 cruciatum,
3576 2419 3646 2458 ac

1995 2486 2309 2541 salutifera;
2323 2488 2519 2543 mortis
2532 2490 2580 2557 ej
2593 2505 2759 2555 us,ex
2776 2505 2892 2560 quo
2908 2491 3125 2545 mundo
3138 2492 3461 2563 redumptio
3480 2498 3650 2564 parta

1994 2580 2101 2642 est,
2132 2576 2513 2631 reducamur.
2566 2576 2684 2632 Hor
2709 2577 2841 2633 loco
2877 2578 3056 2634 simul
3086 2596 3223 2636 cum
3264 2582 3473 2637 Christi
3503 2582 3646 2638 ima-

1995 2666 2129 2735 gine
2150 2666 2223 2720 de
2252 2667 2527 2721 omnium
2554 2668 2733 2722 etiam
2760 2675 3107 2724 sanctorum
3140 2670 3505 2741 imaginibus
3532 2688 3649 2727 ser-

1996 2770 2096 2809 mo
2143 2760 2252 2809 est.
2286 2756 2546 2810 Primum
2590 2758 2854 2827 quidem,
2908 2760 3092 2830 quod,
3153 2765 3441 2832 tanquam
3473 2768 3649 2817 antea

1994 2844 2355 2914 pingeretur,
2387 2851 2442 2899 et
2465 2845 2593 2915 jam
2618 2846 2935 2912 desineret,
2968 2847 3180 2902 veteris
3203 2850 3341 2918 agni
3373 2850 3506 2906 loco
3545 2867 3643 2906 ex-

1994 2933 2171 3003 primi
2200 2933 2585 3004 eumjubent.
2614 2935 2853 3006 Deinde,
2878 2937 3043 3007 quod
3059 2952 3179 2991 non
3199 2938 3395 2994 solum
3419 2940 3647 3011 ample-

1995 3021 2210 3076 ctenda
2240 3023 2315 3077 sit
2358 3023 2487 3093 ejus
2511 3024 2734 3093 imago,
2763 3024 2841 3078 ad
2890 3042 3028 3079 eum
3079 3026 3328 3082 modum
3358 3043 3480 3099 quo
3500 3028 3646 3098 legis

1997 3116 2151 3165 notae
2191 3118 2245 3166 et
2276 3111 2447 3181 signa
2478 3112 2897 3183 amplectenda
2928 3114 3249 3185 dictuntur,
3308 3116 3415 3170 sed
3465 3118 3643 3173 etiam

1997 3198 2327 3263 adoranda,
2363 3204 2486 3255 tum
2517 3201 2725 3271 ipsius,
2763 3205 2884 3256 tum
2947 3203 3418 3275 uniuscujusque
3477 3221 3647 3261 sanc-

1998 3292 2217 3345 torum.

2069 3555 2611 3613 Manifestumenim
2642 3564 2730 3615 est
2767 3575 3196 3617 concessurum
3227 3563 3521 3633 quemvis,
3556 3578 3650 3619 ve-

1996 3645 2334 3700 nerandum
2363 3646 2528 3717 quod
2557 3647 2808 3717 dicatur,
2850 3650 3010 3705 idem
3071 3651 3189 3706 dici
3220 3650 3601 3707 adorandum
3627 3668 3641 3707 :

1996 3734 2259 3806 itemque
2284 3736 2447 3805 quod
2479 3739 2675 3792 omnis
2713 3738 2915 3808 imago
2944 3740 3313 3813 homonyma
3342 3757 3479 3796 cum
3506 3757 3649 3812 pro-

2001 3829 2208 3894 totypo
2239 3840 2347 3879 suo
2373 3832 2788 3899 nuncupetur;
2822 3845 2958 3883 cum
2980 3829 3195 3884 dicitur
3222 3846 3234 3883 :
3264 3850 3288 3880 (ι
3318 3835 3522 3899 Agnus
3552 3847 3648 3886 ex-

2000 3913 2292 3984 primitur,
2349 3929 2531 3986 quem
2589 3917 2923 3972 Praecursor
2969 3920 3155 3988 digito
3194 3918 3583 3975 demonstrat.
3615 3938 3647 3973 ›

2002 4002 2315 4067 Quomodo
2327 4004 2631 4058 etdivinus
2643 4006 2962 4075 Gregorius
2983 4010 3284 4078 Nyssenus
3297 4009 3566 4079 quodam
3584 4008 3646 4063 in

2001 4091 2131 4147 loco
2144 4092 2224 4146 ait
2240 4094 2284 4126 ⁶⁹
2302 4109 2352 4146 ;‹‹
2376 4094 2714 4149 Procumbit
2726 4095 2892 4151 Isaac
2906 4112 3110 4152 coram
3131 4104 3295 4168 patre
3313 4100 3391 4152 ad
3404 4114 3594 4153 aram.
3618 4117 3645 4149 »

2004 4181 2124 4235 Vox
2163 4183 2421 4246 Patrum,
2474 4182 2575 4252 qui
2599 4184 2922 4239 Antiochiae
2978 4192 3427 4241 convenerunt:
3462 4209 3489 4236 ‹‹
3527 4190 3650 4241 Non

2002 4273 2290 4340 tanquam
2305 4269 2556 4326 alterum
2574 4270 2787 4340 forma,
2814 4273 2916 4328 sed
2930 4278 3223 4345 tanquam
3240 4290 3425 4329 unum
3448 4276 3648 4346 ipsum

2002 4358 2322 4413 Dominum
2350 4360 2412 4413 in
2455 4375 2572 4417 una
2601 4359 2797 4416 forma
2820 4363 3166 4419 existentem
3200 4380 3211 4417 :
3248 4364 3559 4435 quomodo
3592 4371 3648 4421 et

2002 4447 2308 4503 character
2339 4464 2490 4503 unus
2511 4451 2768 4505 existens
2797 4452 3191 4508 subsistentia;
3231 4455 3434 4519 Patris,
3468 4461 3649 4526 atque

2004 4541 2141 4594 ante
2163 4537 2641 4595 Incarnationem
2670 4539 3082 4612 incorporeus,
3118 4558 3270 4597 unus
3303 4550 3467 4599 erat:
3510 4545 3647 4599 etin

2003 4640 2180 4681 carne
2213 4641 2366 4680 unus
2391 4632 2497 4692 est,
2529 4632 2583 4682 et
2609 4627 2671 4683 in
2696 4629 2956 4698 imagine
2986 4630 3148 4685 idem
3186 4646 3344 4685 unus
3401 4632 3650 4697 exsistit,

2004 4729 2127 4769 non
2156 4714 2380 4769 divisus
2424 4715 2487 4770 in
2512 4716 2664 4771 duos
2710 4717 3100 4783 characteres,
3134 4735 3328 4791 neque
3366 4720 3657 4776 dissectus

2004 4804 2066 4858 in
2095 4803 2312 4873 glorias
2338 4805 2507 4872 duas,
2542 4805 2645 4861 sed
2688 4808 2750 4861 in
2797 4823 2982 4865 unam
3036 4809 3395 4865 collectus.»
3431 4813 3493 4865 Et
3523 4815 3660 4882 post

2005 4892 2123 4948 alia
2157 4910 2210 4946 τι
2224 4894 2336 4949 Sed
2362 4895 2879 4965 quemadmodum
2906 4898 3032 4965 ipse
3047 4913 3202 4953 unus
3217 4903 3307 4954 est
3332 4914 3405 4954 ex
3421 4899 3662 4955 duobus

2005 4983 2337 5048 contrariis,
2367 4989 2423 5039 et
2447 4984 2506 5038 in
2550 5001 2732 5040 unam
2759 4986 3035 5042 coalescit
3072 5002 3438 5058 personam:
3478 4990 3561 5044 sic
3601 4996 3665 5046 et

2005 5071 2208 5141 imago
2239 5071 2371 5143 ejus
2412 5078 2467 5127 et
2508 5089 2626 5128 una
2652 5079 2759 5139 est,
2809 5079 2866 5129 et
2894 5075 3171 5146 ejusdem
3206 5078 3379 5131 unius
3420 5077 3652 5133 Christi.

2007 5163 2208 5232 Neque
2238 5160 2490 5217 alterum
2519 5162 2923 5218 characterem
2953 5164 3229 5219 dicamus
3278 5181 3417 5222 eum
3445 5168 3549 5238 qui
3581 5183 3666 5222 se-

2007 5251 2274 5306 cundum
2304 5267 2544 5306 carnem
2594 5253 2769 5308 nobis
2828 5254 3128 5323 apparuit,
3172 5254 3426 5310 alterum
3458 5262 3659 5312 autem

2006 5345 2413 5395 characterem
2441 5340 2543 5410 qui
2586 5341 2919 5398 secundum
2952 5343 3278 5413 imaginem
3310 5345 3661 5414 eXprimitur

2006 5430 2065 5485 in
2114 5430 2306 5500 ﬁgura
2335 5428 2529 5485 forma
2561 5429 2735 5501 illius,
2767 5430 2872 5485 sed
2919 5447 3107 5486 unum
3137 5436 3192 5487 et
3223 5434 3509 5489 eumdem
3535 5454 3555 5491 :
3587 5434 3657 5488 si-

2694 5549 2740 5582 ⁶⁹
2800 5546 2961 5605 Orat.
3021 5549 3081 5604 in
3125 5549 3453 5619 Abraham,
3507 5558 3543 5608 t.
3600 5569 3663 5619 ιι,

3316 5721 3385 5779 51
