4058 6274
431 251 568 308 1611

1681 249 1740 306 S.
1782 248 2143 305 THEODORI
2185 246 2514 306 STUDITE

3645 251 3784 311 1612

424 376 670 446 quidem
683 390 878 448 neque
891 374 1120 431 ratione
1133 376 1403 448 corporis
1414 375 1509 430 ille
1521 374 1826 431 character
1837 374 2068 445 dicitur,

2194 375 2208 426 5
2276 377 2557 448 χαρακτὴρ
2626 376 2848 448 εἴρηται,
2928 373 3054 428 ἀλλὰ
3123 380 3252 430 καθὸ
3315 377 3613 451 ἀσώματον.
3683 385 3784 433 Καὶ

427 464 533 520 sed
579 471 641 520 ut
668 469 759 520 est
788 465 1196 535 incorporeus.
1232 467 1350 520 Hoc
1379 479 1521 520 vero
1548 464 1741 534 magis
1791 479 1899 536 per
1927 463 2074 519 divi-

426 569 572 609 num
591 553 1084 625 Chrysostomum
1101 553 1520 624 declarabitur,
1538 553 1642 624 qui
1667 552 2074 608 characterem

426 643 728 698 caelestem
761 649 954 711 vocat,
986 643 1277 714 quoniam
1310 644 1370 697 in
1401 642 1565 711 caelo,
1598 656 1720 696 non
1771 648 2074 713 quatenus

428 747 668 804 corpus,
700 733 806 787 sed
833 738 1131 804 quatenus
1162 733 1429 804 corporis
1461 747 1693 802 expers,
1732 731 2072 802 unigenitus

425 821 578 876 Deus
604 821 977 876 descendens
1010 821 1084 876 de
1114 821 1280 876 caelis
1310 821 1653 875 incarnatus
1687 826 1791 886 est,
1815 826 1871 874 et
1891 835 2077 891 appa-

424 909 542 966 ruit
565 925 813 982 corpore
841 909 1325 966 nostroindutus.
1357 931 1378 959 ι
1417 912 1481 965 Et
1503 915 1839 981 postpauca
1874 927 1886 960 :
1923 909 2075 979 «lgi-

426 1003 540 1065 tur,
573 999 862 1071 quoniam
894 999 1230 1054 secundum
1260 998 1611 1054 relationem
1632 998 1892 1066 ostendit
1910 997 2076 1052 illum

427 1088 709 1144 eumdem
724 1087 1376 1159 characteremzipsum
1404 1088 1695 1144 Christum
1727 1088 2074 1152 adoramus,

426 1183 485 1233 et
510 1193 628 1232 non
656 1177 965 1232 materiam
990 1177 1308 1232 artiﬁciose
1329 1177 1722 1246 ﬁguratamin
1740 1177 2024 1246 imagine.
2047 1192 2078 1230 »

429 1269 512 1322 En
539 1265 1150 1338 apertiordogmatica
1163 1265 1514 1320 declaratio:
1547 1266 1806 1335 primum
1831 1265 2076 1335 quidem

427 1372 612 1411 unam
633 1370 764 1410 esse
791 1354 1044 1411 formam
1068 1355 1129 1409 in
1151 1354 1471 1420 ambobus,
1504 1354 1731 1409 Christo
1779 1353 2003 1408 scilicet
2026 1359 2082 1408 et

429 1445 724 1515 imagine:
755 1443 992 1509 deinde,
1022 1444 1427 1499 characterem
1459 1444 1655 1514 ipsum
1683 1442 2081 1497 subsistentiis

434 1534 638 1598 Patris,
679 1533 739 1588 in
766 1533 1047 1604 imagine,
1081 1533 1276 1602 ﬁgura
1304 1531 1509 1587 formae
1563 1533 1777 1603 ipsius,
1814 1530 2080 1602 conspici

430 1623 605 1679 simul
638 1627 693 1678 et
721 1621 958 1678 adorari
981 1621 1170 1693 gloria
1190 1621 1472 1676 indivisa.
1503 1623 1784 1693 Reliquus
1811 1625 2084 1692 estquar-

2181 470 2335 516 τοῦτο
2363 462 2552 535 μᾶλλον
2599 459 2693 514 διὰ
2735 471 2825 515 τοῦ
2876 465 3014 516 θείου
3060 473 3444 539 Χρυσοστόμου
3487 465 3784 542 διευκρινη-

2184 554 2420 616 θήσεται,
2471 556 2556 603 τὸν
2613 561 2935 627 χαρακτῆρα
2986 554 3222 628 οὐράνιον
3271 557 3524 628 λέγοντος,
3582 557 3786 631 ἐπείπερ

2183 647 2272 694 καὶ
2328 641 2380 704 ἐξ
2432 641 2670 714 ούρανοῦ,
2721 641 2780 693 ού
2838 644 2967 694 καθὸ
3037 652 3211 716 σῶμα,
3281 645 3410 716 ἀλλά
3457 648 3586 698 καθὸ
3652 645 3792 699 ἀσωα

2183 751 2345 804 ματον
2396 732 2422 782 6
2462 735 2742 803 μονογενὴς
2796 734 2926 793 Θεὸς
2983 733 3236 786 κατελθὼν
3295 733 3348 786 ἐκ
3407 743 3506 786 τῶν
3557 735 3791 808 οὐρανῶν

2183 818 2479 892 ἐσαρκώθη,
2535 823 2625 870 καὶ
2666 820 2876 890 ἐπέφανε
2935 828 3088 892 σῶμα
3128 824 3455 894 περιθέμενος
3504 827 3559 874 τὸ
3605 825 3796 894 ἡμέτε-

2183 929 2293 982 ρον,
2327 930 2351 960 ν
2411 914 2511 961 Καὶ
2540 908 2650 981 μετ’
2702 907 2888 979 ὀλιγα’
2945 929 2973 960 ‹‹
3034 909 3235 962 Οὐκοῦν
3267 910 3373 964 ἐπεὶ
3418 915 3552 964 κατά
3608 912 3797 984 ἀναφοὶ

2183 1001 2277 1074 ρὰν
2325 999 2479 1050 αὐτὸν
2540 994 2777 1050 δείκνυσι
2822 1001 2905 1049 τὸν
2949 1008 3269 1074 χαρακτῆρα
3336 1004 3492 1053 αὐτὸν
3557 1006 3793 1072 Χριστὸν

2183 1094 2594 1162 προσκυνοῦμεν,
2652 1092 2742 1138 καὶ
2790 1086 2848 1138 ού
2897 1091 2990 1145 τὴν
3048 1089 3179 1147 ύλην
3211 1098 3463 1161 τεχνικῶς
3522 1110 3794 1162 σχηματι-

2187 1177 2406 1250 ζομένην
2437 1175 2485 1228 ἐν
2513 1183 2575 1248 τῇ
2619 1175 2795 1229 εἰκόνι.
2841 1198 2869 1226 ››
2903 1183 3058 1249 Δεῦρο
3097 1183 3377 1253 τρανοτέρα
3411 1181 3440 1238 ἡ
3490 1175 3789 1252 δογματική

2189 1263 2548 1338 διασάφησις·
2605 1273 2806 1339 πρῶτον
2853 1268 2965 1336 μὲν,
3021 1268 3102 1317 ὅτι
3166 1272 3264 1338 μία
3313 1272 3484 1341 μορφὴ
3549 1269 3628 1320 ἐπ’
3698 1268 3796 1340 ἀμ-

2189 1363 2321 1427 φοῖν,
2353 1362 2445 1407 τοῦ
2476 1373 2529 1407 τε
2579 1359 2812 1428 Χριστοῦ
2847 1363 2935 1406 καί
2965 1362 3058 1418 τῆς
3118 1356 3304 1417 εἰκόνος
3336 1374 3348 1386 °
3409 1360 3604 1421 ἔπειτα,
3653 1358 3733 1410 ὃτι
3765 1360 3791 1410 6

2189 1443 2347 1507 αὐτὸς
2402 1445 2427 1495 6
2480 1447 2762 1518 χαρακτὴρ
2816 1450 2905 1503 τῆς
2957 1451 3046 1495 τοῦ
3098 1449 3302 1520 Πατρός
3331 1446 3688 1515 ὑποστάσεως,
3745 1446 3794 1498 ἐν

2191 1533 2348 1586 εἰκόνι
2399 1540 2470 1604 τῷ
2514 1529 2643 1584 εῖδει
2697 1539 2790 1594 τῆς
2845 1542 3046 1605 μορφῆς
3097 1534 3278 1602 αὐτοῦ,
3330 1537 3690 1607 ἐκφαινόμενός
3740 1541 3794 1589 τέ

2191 1621 2330 1674 ἐστιν
2359 1623 2490 1694 ὁμοῦ
2541 1625 2631 1673 καὶ
2674 1625 3124 1694 προσκυνούμενος
3174 1622 3421 1696 ἀσχίστῳ
3479 1621 3634 1698 δόξῃ.
3680 1632 3797 1678 Asi-

435 1719 528 1769 tus
558 1713 797 1768 modus.
833 1711 1094 1782 antiquae
1127 1711 1578 1766 consuetudinis
1617 1715 1672 1765 et
1698 1709 2083 1764 instituti.At-

2194 1717 2409 1784 πόμενός
2438 1711 2577 1764 ἐστιν
2604 1713 2629 1764 6
2659 1717 2897 1786 τέταρτος
2943 1717 3128 1780 τρόπος
3179 1721 3274 1776 τῆς
3327 1713 3554 1788 ἀρχαίας
3609 1718 3795 1788 θεσμο-

434 1802 572 1859 tolle
601 1801 662 1856 in
701 1800 909 1856 orbem
941 1800 1146 1856 oculos
1182 1807 1335 1864 tuos,
1387 1800 1476 1854 vir
1527 1800 1982 1864 humanissime,
2029 1802 2086 1852 et

428 1891 563 1946 vide
583 1896 800 1947 terram
823 1890 1186 1954 universam,
1204 1905 1274 1944 ex
1297 1889 1430 1960 ipsa
1447 1887 1776 1960 apostolica
1799 1887 2083 1959 praedica-

429 1981 607 2044 tione,
641 1979 864 2050 ubiquc
895 1980 1182 2048 gentium,
1215 1980 1276 2033 in
1305 1979 1487 2034 sacris
1519 1978 1774 2049 templis,
1805 1978 2084 2049 vasisque

432 2067 672 2134 divinis,
696 2073 753 2123 et
792 2067 1016 2123 sanctis
1046 2067 1330 2136 donariis,
1381 2083 1731 2139 expressum
1789 2065 2082 2121 Christum

435 2162 791 2228 gestantem,
835 2164 891 2212 et
943 2157 1113 2212 factis
1165 2157 1306 2228 ipsis
1339 2172 1547 2212 vocem
1590 2156 1866 2212 edentem
1920 2156 2084 2228 quod

432 2248 691 2303 Christus
721 2247 989 2317 regnavit
1017 2262 1196 2316 super
1221 2262 1322 2301 eos
1345 2247 1447 2318 qui
1479 2246 1535 2300 in
1565 2252 1720 2300 terra
1742 2251 1900 2310 sunt,
1935 2247 2086 2300 sicut

435 2337 650 2393 cecinit
675 2335 857 2392 Cavid
891 2352 903 2390 :
938 2337 1185 2391 Posluia
1215 2350 1252 2390 a
1281 2351 1391 2400 me,
1445 2347 1499 2390 er
1550 2335 1703 2391 dabo
1752 2335 1858 2389 tibi
1885 2338 2084 2405 gentes

437 2426 846 2482 haereditatem
876 2431 1060 2494 tuam,
1086 2431 1138 2480 ei
1167 2424 1586 2493 possessionem
1619 2431 1780 2479 tuam
1808 2423 2084 2478 terminos

436 2517 706 2572 terrae”:
735 2518 822 2570 et:
847 2513 998 2580 Quia
1011 2513 1498 2569 nihilestidolum
1513 2515 1571 2566 in
1587 2513 1808 2568 mundo
1829 2512 1898 2576 ⁷¹,
1915 2513 2086 2583 juxta

433 2605 657 2659 dictum
686 2603 953 2674 Apostoli
987 2619 1001 2657 :
1034 2609 1090 2658 et
1115 2602 1276 2674 quod
1308 2602 1512 2657 omnia
1541 2601 1716 2657 beato
1747 2601 1972 2656 lumine
1997 2617 2084 2656 re-

433 2692 593 2765 pleta
611 2693 743 2758 sint,
764 2693 1040 2747 veniente
1057 2707 1126 2746 eo
1139 2690 1245 2762 qui
1258 2690 1435 2746 dixit:
1454 2691 1582 2759 Ego
1597 2692 1707 2747 lux
1718 2690 1780 2745 in
1797 2691 2085 2745 mundum

437 2781 571 2838 veni
592 2783 660 2833 τ’.
682 2780 892 2846 Qualia
912 2781 1070 2836 enim
1102 2787 1396 2851 suntquae
1422 2789 1742 2835 cernuntur
1770 2780 1798 2835 ?
1827 2779 1924 2835 Hic
1954 2779 2085 2850 qui-

437 2871 576 2926 dem
614 2871 674 2924 in
705 2874 997 2940 spelunca
1011 2875 1209 2934 natus,
1243 2868 1396 2924 etab
1418 2868 1646 2940 angelis
1675 2868 2078 2938 gloriﬁcatus:

433 2959 530 3016 hic
555 2975 696 3016 vero
719 2963 777 3013 in
808 2958 962 3013 ulnis
992 2974 1028 3013 a
1053 2963 1241 3013 matre
1267 2957 1551 3027 gestaius,
1583 2965 1636 3012 et
1668 2974 1703 3013 a
1731 2958 1922 3027 magis
1943 2957 2085 3013 ado-

2185 1803 2369 1862 θεσίας
2425 1801 2578 1872 [cod.
2631 1803 2768 1870 Reg.
2818 1801 3169 1875 νομοθεσίας].
3244 1802 3403 1871 Ἀρον
3447 1805 3618 1875 κύκλῳ
3677 1808 3798 1864 τοὺς

2193 1889 2484 1962 ὀφθαλμούς
2541 1909 2656 1955 σου,
2711 1887 2750 1940 ὦ
2794 1890 3262 1965 φιλανθρωπότατε,
3295 1899 3382 1945 καὶ
3443 1890 3526 1946 ἴδε
3553 1899 3645 1952 τὴν
3704 1895 3797 1946 ὑπ’

2192 1979 2429 2053 ούρανόν,
2503 1978 2557 2041 ἓξ
2635 1979 2794 2032 αὐτοῦ
2859 1987 2949 2031 τοῦ
3013 1980 3361 2033 ἀποστολικοῦ
3435 1985 3797 2056 κηρύγματος,

2191 2076 2467 2141 πανταχοῦ
2531 2077 2628 2138 γῆς
2679 2087 2732 2119 τε
2794 2073 2880 2120 καὶ
2949 2069 3234 2133 Θαλάσσης,
3303 2067 3378 2122 δι’
3436 2073 3578 2144 ἱερῶν
3639 2079 3798 2134 ναῶν,

2195 2160 2342 2210 θείων
2384 2177 2438 2209 τε
2482 2165 2698 2226 σκευῶν,
2748 2162 2836 2209 καὶ
2878 2167 3076 2210 σεπτῶν
3109 2158 3477 2229 ἀναθημάτων,
3536 2163 3622 2211 τὸν
3670 2167 3803 2232 Χρι-

2195 2251 2317 2300 στὸν
2391 2246 2792 2319 ἐξεικονισμένον
2855 2251 3129 2321 φέρουσαν,
3209 2256 3298 2299 καί
3374 2249 3550 2309 αὐτοῖς
3625 2248 3804 2321 ἔργοις

2194 2341 2362 2408 φωνὴν
2419 2334 2676 2407 ἀφιεῖσαν,
2728 2336 2809 2387 ὅτι
2861 2340 3091 2407 Χριστός
3150 2335 3488 2407 βεϐασίλευκε
3552 2344 3648 2388 τῶν
3714 2335 3802 2389 ἐπὶ

2192 2434 2312 2497 γῆς,
2336 2426 2539 2477 κατὰτὸ
2556 2420 3105 2496 ᾀδόμενονΔαϐιτικῶς
3126 2443 3136 2453 ·
3167 2427 3445 2483 Αἵτησαι
3472 2427 3616 2496 παρ’
3645 2425 3802 2497 ἐμοῦ

2194 2519 2300 2566 καὶ
2341 2511 2523 2565 δώσω
2565 2532 2666 2564 σοι
2697 2515 2840 2571 ἔθνη
2879 2517 2990 2571 τὴν
3031 2513 3474 2586 κληρονομίαν
3517 2532 3653 2579 σου,
3686 2519 3801 2566 καὶ

2193 2609 2306 2661 τὴν
2343 2603 2754 2673 κατάσχεσίν
2796 2620 2907 2653 σου
2956 2607 3032 2652 τὰ
3070 2606 3311 2673 πέρατα
3353 2610 3467 2664 τῆς
3503 2611 3649 2672 γῆς’
3688 2609 3802 2668 καὶ,

2192 2691 2338 2745 Ὀτι
2403 2688 2590 2743 οὐδὲν
2631 2687 2895 2742 εἴδωλον
2934 2693 2993 2742 ἐν
3042 2696 3287 2762 κόσμῳ·
3325 2694 3462 2744 κατά
3491 2695 3548 2744 τό
3580 2693 3681 2744 ὑπὸ
3708 2700 3807 2745 τοῦ

2194 2780 2516 2836 Ἀποστόλου
2556 2779 2840 2852 εἰρημένον.
2877 2784 2976 2832 Καὶ
3011 2779 3090 2831 ὃτι
3120 2782 3288 2832 πάντα
3318 2779 3492 2833 ὀλϐίου
3523 2785 3687 2853 φωτὸς
3718 2801 3807 2834 πε-

2193 2871 2484 2943 πλήρωται,
2517 2869 2814 2930 ἐληλυθότος
2860 2877 2951 2920 τοῦ
2983 2869 3243 2932 εἰπόντος·
3304 2871 3454 2941 Ἐγὼ
3519 2880 3644 2942 φῶς
3710 2871 3805 2933 εἰς

2194 2964 2298 3012 τὸν
2337 2964 2575 3031 κόσμον
2615 2958 2911 3015 ἐλήλυθα.
2947 2959 3046 3010 Οἷα
3079 2960 3180 3031 γὰρ
3230 2960 3294 3010 τά
3359 2960 3636 3031 ὁρώμενα;
3696 2957 3802 3012 ὧδὲ

436 3055 629 3105 ratus.
670 3047 890 3103 Deinde
922 3063 1090 3119 puer,
1133 3047 1381 3119 quando
1417 3047 1478 3102 in
1521 3047 1718 3102 medio
1768 3046 2083 3102 doctorum

2195 3053 2284 3121 μὲν
2332 3048 2380 3100 ἔν
2440 3047 2680 3119 σπηλαίῳ
2720 3051 3026 3120 τικτόμενος,
3073 3052 3162 3099 καὶ
3213 3049 3300 3100 ὑπ’
3346 3047 3573 3120 ἀγγέλων
3638 3046 3798 3112 δοξα-

439 3138 658 3194 sedens
713 3139 876 3192 visus
904 3143 1014 3193 est.
1051 3138 1196 3191 Tum
1227 3135 1562 3208 baptizatus
1607 3153 1640 3191 a
1675 3139 2038 3191 Praecursore
2067 3151 2081 3190 :

439 3233 562 3283 tum
592 3225 886 3282 miracula
931 3241 1068 3281 cum
1110 3225 1393 3296 apostolis
1426 3223 1688 3280 faciens:
1738 3227 1796 3280 in
1846 3240 2084 3279 crucem

439 3315 793 3380 ascendens,
815 3314 1148 3386 exspirans,
1174 3313 1461 3385 sepultus,
1483 3316 1885 3384 resurgens,in
1905 3312 2083 3368 cmlos

435 3412 753 3461 revertens.
785 3405 847 3458 In
884 3403 1012 3458 hac
1041 3402 1218 3472 igitur
1245 3403 1448 3458 omnia
1478 3419 1582 3474 per
1625 3404 1952 3472 imaginem
1999 3403 2086 3457 in-

439 3495 604 3558 tenti,
636 3494 788 3548 sicut
812 3499 952 3547 tunc
1007 3507 1112 3563 per
1159 3493 1489 3546 contuitum
1553 3492 1753 3564 ipsum
1801 3491 2083 3563 apostoli,

434 3583 568 3654 jure
591 3589 646 3638 et
678 3599 789 3637 nos
817 3581 1144 3636 dixerimus
1172 3597 1184 3635 :
1225 3581 1486 3636 Vidimus
1509 3582 1769 3651 gloriam
1799 3582 2086 3651 eius,gio-

2195 3140 2403 3211 ζόμενος
2431 3157 2442 3170 ·
2505 3133 2659 3211 δεῦρο
2714 3133 2772 3188 δε
2820 3135 2896 3188 ἐπ’
2943 3136 3136 3188 ὠλενῶν
3181 3137 3281 3188 ὑπὸ
3316 3144 3412 3199 τῆς
3457 3141 3666 3212 Μητρὸς
3700 3136 3802 3212 βα-

2197 3231 2526 3299 σταζόμενος,
2596 3231 2684 3278 καὶ
2738 3227 2838 3277 ὑπὸ
2901 3227 3081 3297 μάγων
3155 3229 3621 3300 προσκυνούμενος.
3674 3228 3807 3280 Εἶτα

2196 3317 2246 3368 ἐν
2272 3320 2578 3392 μειρακίοις,
2633 3316 2857 3372 ὁπηνίκα
2909 3319 3066 3386 μέσος
3097 3324 3195 3366 τῶν
3251 3311 3591 3368 διδασκάλων
3627 3314 3806 3370 ὦπται

2195 3409 2504 3478 καθήμενος.
2584 3403 2801 3458 Ἔπειτα
2865 3401 3243 3476 βαπτιζόμενος
3317 3407 3418 3457 ὑπὸ
3488 3413 3580 3458 τοῦ
3664 3413 3806 3481 Προ-

2199 3492 2398 3570 δρόμου
2435 3512 2446 3524 ’
2476 3490 2588 3547 εἶτα
2627 3496 3037 3566 θαυματουργῶν
3079 3498 3172 3546 σύν
3213 3492 3519 3555 ἀποστόλοις
3548 3516 3561 3527 ·
3596 3498 3685 3548 ἐπὶ
3717 3501 3799 3548 τὸν

2200 3587 2423 3658 σταυρὸν
2493 3582 2668 3649 ἀνιὼν,
2739 3581 3026 3647 ἀποπνέων,
3094 3585 3433 3655 ϐαπτόμενος,
3513 3583 3790 3656 ἀνιστάμεο

437 3673 588 3728 riam
602 3671 774 3742 quasi
809 3669 1110 3740 Unigeniti
1121 3685 1156 3725 a
1171 3671 1371 3734 Patre,
1385 3669 1625 3739 plenum
1641 3672 1853 3740 gratiae
1865 3676 1917 3726 et
1942 3672 2088 3727 veri-

439 3761 581 3817 tatis
603 3761 673 3812 ⁷³.
728 3760 861 3814 Haec
892 3760 1068 3831 igitur
1096 3764 1183 3813 est
1233 3759 1310 3814 ab
1355 3775 1484 3815 aevo
1516 3759 1864 3815 annuntiata
1890 3760 2038 3815 ﬁdes
2071 3775 2084 3814 :

437 3851 595 3907 hanc
609 3849 905 3920 amplexae
927 3855 1064 3903 sunt
1094 3848 1308 3919 synodi
1328 3855 1549 3904 sancta:
1585 3867 1597 3901 :
1632 3853 1686 3904 et
1715 3848 1851 3904 huic
1877 3847 2089 3905 suﬂ'ra-

437 3945 656 4010 gantur
685 3954 894 3995 omnes
910 3937 1129 4010 ubique
1149 3937 1419 3994 locorum
1447 3938 1736 4003 Ecclesiae,
1770 3937 1831 3994 in
1853 3939 2089 3995 Oriente

439 4034 496 4084 et
525 4027 839 4084 Occidente
870 4028 936 4093 7‘,
972 4027 1032 4082 in
1065 4028 1468 4098 Septentrione
1499 4033 1553 4082 et
1587 4027 1736 4082 mari
1769 4042 1781 4079 :
1817 4043 2004 4100 quam
2033 4032 2089 4084 et

439 4133 548 4174 nos
568 4116 798 4173 minimi
825 4116 1272 4188 amplectentes,
1297 4131 1565 4180 oramus,
1588 4117 1839 4187 iureque
1867 4117 2091 4188 suppli-

437 4223 645 4263 camus
659 4222 766 4278 pro
780 4206 1164 4278 vestro,quod
1181 4208 1331 4261 Deus
1346 4205 1596 4261 charum
1609 4204 2085 4278 habet,imperio.

2197 4209 2392 4266 ταύτην
2422 4207 2732 4266 ἠσπάσαντο
2769 4208 2824 4258 αἱ
2860 4206 3010 4278 ἅγιαι
3061 4201 3299 4271 σύνοδοι,
3331 4211 3420 4258 καὶ
3452 4209 3615 4276 ταύτῃ
3671 4208 3816 4278 σύμ-

436 4296 604 4368 ψηφοι
667 4297 1001 4367 τυγχάνουσι
1073 4300 1243 4346 πᾶσαι
1317 4297 1370 4347 αἱ
1434 4301 1706 4366 πανταχοῦ
1775 4296 1910 4346 κατά
1973 4299 2128 4348 τόπον
2193 4295 2522 4362 Ἐκκλησίαι,
2590 4297 2637 4348 ἓν
2699 4314 2754 4348 τε
2821 4294 3065 4367 Ἀνατολῇ
3123 4299 3214 4347 καὶ
3279 4297 3453 4360 Δύσει,
3534 4294 3702 4370 Βορῥᾷ
3759 4314 3815 4347 τε

438 4390 527 4437 καὶ
581 4385 817 4457 θαλάσση
853 4401 865 4412 ·
917 4387 980 4442 ἤν
1031 4387 1118 4435 καὶ
1168 4385 1314 4455 ἡμεῖς
1365 4385 1414 4436 οἱ
1467 4382 1742 4456 ἐλάχιστοι
1796 4382 2171 4457 ἀσπαζόμενοι,
2227 4385 2500 4458 εύχάμεθα
2564 4389 2655 4436 καὶ
2713 4385 3112 4457 ὑπερευχόμεθα
3159 4383 3493 4456 ὀφειλομένως
3547 4392 3644 4446 τῆς
3697 4385 3813 4436 θεο-

443 4473 624 4546 φιλοῦς
649 4474 790 4545 ὑμῶν
819 4470 1117 4546 βασιλείας.

928 4561 1032 4618 CC.
1063 4592 1133 4602 -—
1157 4561 1330 4618 Petro
1368 4562 1616 4619 Niciam.

2427 4560 2480 4614 Σ’
2505 4562 2642 4634 (94).
2672 4591 2742 4603 -
2771 4564 2988 4637 Πέτρῳ
3027 4565 3338 4625 Νικαίας.
3382 4559 3542 4635 [ωγ’.]

1594 4661 1665 4709 De
1700 4662 1869 4709 morte
1903 4659 2256 4724 metropolitae
2317 4659 2658 4723 Synadorum

511 4750 876 4806 Audiverunt
906 4765 1153 4822 prorsus
1185 4764 1364 4804 sacrae
1386 4765 1562 4805 aures
1583 4754 1700 4806 tuae
1729 4750 1790 4805 id
1810 4749 1975 4822 quod
2003 4767 2098 4806 ac-
2130 4755 2175 4811 D

441 4839 585 4896 cidit
627 4839 806 4895 beato
835 4845 893 4893 et
939 4838 1242 4894 communi
1285 4837 1439 4893 Patri
1469 4844 1671 4894 nostro
1707 4837 2094 4910 metropolitae

440 4928 821 5001 Synadorum
856 4945 870 4993 ;
915 4927 1261 5000 planxitque
1310 4934 1516 4982 sancta
1547 4927 1754 4983 anima
1785 4934 1887 4984 tua
1936 4927 2092 4984 illius

442 5034 645 5083 causa,
676 5025 850 5088 prout
905 5033 1014 5087 par
1054 5016 1200 5071 fuit:
1249 5016 1506 5071 necdum
1537 5016 1809 5072 videlicet
1838 5017 2093 5087 gemitus

443 5107 692 5162 cessavit
716 5122 823 5161 nec
845 5106 1184 5161 sedatusest
1210 5105 1400 5170 dolor,
1433 5107 1535 5178 qui
1568 5110 1853 5178 tauquam
1885 5122 1956 5161 ex
1977 5105 2092 5161 dis-

443 5195 699 5251 sectione
728 5193 994 5268 quadam
1036 5199 1215 5250 natus
1243 5197 1347 5250 est.
1375 5193 1592 5249 Verum
1616 5195 1734 5249 huc
1763 5194 1929 5260 ades,
1962 5201 2015 5250 et
2049 5210 2086 5252 a

441 5283 640 5348 nobis,
674 5285 758 5339 vir
785 5283 1305 5348 desideratissime,
1353 5281 1572 5339 clarius
1623 5281 1864 5339 edisce:
1912 5290 1973 5339 ut
2020 5292 2076 5340 et

2195 5280 2236 5335 ὦ
2286 5287 2589 5358 τριπόθητε,
2647 5281 2950 5357 διδάχθητι
2999 5282 3362 5360 ἐναργέστερον
3390 5300 3404 5314 ·
3459 5285 3526 5346 ὡς
3578 5283 3642 5337 ἄν
3707 5289 3808 5339 καὶ

515 5389 566 5427 ’⁸ο
601 5387 760 5447 Psal.
787 5405 849 5455 ιι,
872 5388 926 5444 8.
1002 5390 1047 5426 τί
1082 5391 1100 5445 l
1129 5392 1258 5447 Cor.
1283 5402 1402 5456 vui,
1426 5391 1482 5445 4.
1556 5390 1606 5424 ⁷³
1633 5389 1809 5446 Joan.
1837 5405 1932 5455 xu,
1963 5390 2052 5446 46.

2197 5393 2370 5450 Joan.
2400 5407 2440 5459 ι,
2478 5394 2561 5450 14.
2641 5391 2688 5429 τι
2719 5389 2880 5448 Psal.
2911 5405 3022 5457 οτι,
3059 5394 3116 5449 3.

2007 5478 2238 5539 ΝΟΤιΕ.

2195 3690 2296 3737 νος,
2364 3671 2434 3734 εἰς
2482 3672 2727 3744 οὐρανοὺς
2798 3670 3156 3744 ἀνερχόμενος.
3216 3673 3428 3732 Τούτοις
3485 3669 3572 3724 οὖν
3640 3678 3798 3725 πᾶσιν

2198 3761 2459 3823 εἰκονικῶς
2522 3759 2912 3824 ίνατενίζοντες,
2980 3763 3045 3822 ὡς
3116 3767 3406 3819 τηνικαῦτα
3475 3760 3810 3824 αύτοπτικῶς

2197 3852 2246 3902 οἱ
2275 3849 2576 3916 ἀπόστολοι,
2609 3852 2836 3921 εἴποιμεν
2876 3851 2938 3901 ἄν
2969 3849 3180 3911 εἰκότως
3209 3854 3298 3901 καὶ
3331 3852 3481 3921 ἡμεῖς
3513 3869 3525 3880 ·
3594 3850 3808 3903 Ἐθεα-

2200 3941 2449 4011 σάμεθα
2513 3943 2622 3997 τὴν
2665 3935 2862 4002 δόξαν
2925 3937 3143 4003 αὐτοῦ,
3186 3934 3381 4001 δόξαν
3421 3939 3496 4000 ὡς
3533 3945 3810 4010 Μονογε-

2197 4036 2336 4090 νοῦς
2373 4030 2543 4100 παρά
2595 4031 2864 4102 Πατρός,
2904 4027 3155 4099 πλήρης
3207 4029 3479 4101 χάριτος
3516 4033 3622 4080 καὶ
3664 4027 3810 4086 ἀλη-

2201 4117 2393 4180 θείας.
2414 4119 2554 4175 Αὕτη
2581 4113 2669 4169 οὖν
2692 4116 2830 4168 ἐστιν
2853 4118 2882 4174 ἡ
2909 4115 2962 4178 ἐξ
2983 4116 3165 4178 αἰῶνος
3187 4120 3543 4190 κηρυττομένη
3579 4121 3768 4178 πίστις
3792 4133 3806 4146 ·

2275 4755 2506 4802 Ἤκουσε
2534 4751 2738 4812 πάντως
2791 4749 2821 4807 ἠ
2857 4750 2967 4822 ἱερά
3019 4767 3112 4801 σου
3145 4747 3272 4807 ἀκοὴ
3306 4750 3363 4801 τὸ
3394 4753 3514 4822 περὶ
3571 4751 3659 4801 τὸν
3705 4769 3810 4821 μα-

2206 4841 2386 4912 κάριον
2434 4843 2525 4890 καὶ
2575 4842 2745 4891 κοινὸν
2805 4842 3012 4911 Πατέρα
3055 4839 3200 4910 ἡμῶν
3254 4837 3641 4913 μητροπολίτην
3681 4845 3814 4891 Συν-

2206 4925 2345 4979 ἀδων
2377 4928 2542 4990 πάθος
2571 4945 2583 4957 ’
2615 4931 2705 4980 καὶ
2735 4923 2978 5002 ὠδύρατο
3013 4946 3106 4979 σου
3149 4929 3176 4986 ἡ
3217 4925 3341 4998 ἁγία
3365 4925 3519 4998 ψυχὴ
3555 4925 3632 4978 ἐπ’
3665 4927 3813 4999 αὐτῷ

2202 5020 2267 5070 τὰ
2308 5017 2485 5070 εἰκότα
2515 5035 2526 5047 ·
2562 5016 2670 5071 ἐπεὶ
2721 5022 2810 5069 καὶ
2840 5020 2915 5070 ἔτι
2961 5024 3051 5068 τοῦ
3092 5022 3388 5088 στεναγμοῦ
3417 5015 3511 5068 ούκ
3567 5014 3814 5069 ἀποπαύ-

2203 5123 2323 5158 σοιο
2375 5103 2498 5159 οὐδὲ
2545 5114 2639 5167 τῆς
2690 5107 2842 5159 οἱονεὶ
2899 5104 2955 5158 ἐκ
3006 5113 3100 5167 τῆς
3149 5101 3469 5178 διχοτομίας
3528 5109 3814 5177 γενομένης

2198 5191 2484 5266 ἀλγηδόνος
2527 5194 2842 5259 ἀπολήξειεν.
2897 5193 3057 5249 Ἀλλὰ
3097 5190 3273 5269 δεῦρο,
3323 5199 3411 5246 καὶ
3455 5192 3575 5266 παρ’
3619 5196 3811 5265 ἡμῶν,

521 5549 633 5622 (9i)
663 5550 724 5606 In
753 5550 887 5606 cod.
914 5552 1060 5620 Bog.
1090 5547 1198 5623 σβ“.
