4058 6274
238 333 364 400 1613

1512 328 2019 392 EPISTOLARUM
2061 337 2193 391 LIB.
2230 334 2299 391 II.

3435 322 3577 389 i614

238 475 374 545 ἡμεῖς
415 474 473 523 τὸ
527 468 842 541 ὀφειλόμενον
875 468 1033 535 χρέος
1071 468 1297 534 τίσωμεν
1330 483 1342 494 ’
1372 468 1461 514 καὶ
1492 466 1649 523 αὐτὸς
1673 465 1821 514 ἱστο-

1954 478 2041 516 tOS
2076 477 2297 515 munus
2327 460 2597 515 debitum
2627 461 2954 527 solvamus,
2984 467 3038 516 et
3076 467 3136 516 tu
3176 476 3266 515 res
3294 460 3421 530 ejus
3450 476 3579 514 cer-

235 566 497 633 ρικώτερον
554 557 791 627 ἐπιγνοὺς
855 556 921 605 τά
982 552 1096 604 κατ’
1157 551 1327 615 αὐτὸν,
1387 551 1659 624 ῥᾳστώνην
1706 553 1822 602 τινά

236 649 401 709 λάϐοις
453 647 508 699 ἐκ
555 654 645 705 τῆς
690 644 983 716 ἐξηγορίας.
1016 640 1104 704 ”Ω,
1130 641 1168 691 ὦ
1195 640 1206 693 l
1263 648 1368 700 πῶς
1395 637 1659 713 ἀδακρυτὶ
1678 638 1820 719 ἐνέγ-

240 757 403 808 κοιμεν
458 739 515 788 τὸ
586 732 864 805 ὀδυρτικόν
936 730 1287 801 ἀπάγγελμα;
1364 730 1609 799 ὑγιαίνων
1668 725 1728 787 ἦν
1798 730 1822 779 6

238 831 426 898 Πατὴρ,
466 828 531 877 τὰ
589 825 787 880 συνήθη
849 820 1060 891 ἐνεργῶν
1113 827 1207 879 τῆς
1269 818 1615 891 ἀνυποκρίτου
1665 816 1822 868 αὐτοῦ

239 914 454 987 ἀγάπης,
486 917 575 965 καὶ
605 916 728 985 πρὸς
778 914 899 970 τοὺς
954 905 1202 979 ἀδελφοὺς
1233 912 1321 958 xui
1377 911 1609 980 Πατέρας
1640 902 1823 967 δεξιώ-

241 1024 377 1063 σεως.
432 1007 523 1064 Τίς
577 1004 675 1074 γάρ
717 1001 741 1050 6
797 998 945 1050 πλέον
1002 999 1193 1048 ἐκείνου
1252 994 1535 1067 φιλοξενίαν
1585 994 1829 1054 ἀσπαζό-

239 1112 393 1165 μενος,
441 1096 531 1143 καὶ
585 1090 876 1161 θεραπεύων
909 1084 1242 1157 φιλουμένους
1276 1101 1289 1150 ;
1356 1086 1409 1135 ὃν
1453 1084 1580 1155 οὐχι
1606 1086 1635 1142 ἡ
1671 1082 1828 1135 ἐπάλ-

237 1182 383 1242 ληλος
429 1188 528 1232 τῶν
584 1181 960 1250 ἐπιφοιτώντων
1016 1177 1285 1245 παρουσία
1339 1177 1427 1224 καὶ
1454 1171 1672 1244 ἐπιμονὴ
1708 1167 1824 1223 ἐδά-

238 1272 390 1342 μαζεν
419 1284 432 1298 ⁸
487 1270 607 1320 ὅσον
659 1268 777 1324 ἠνία
830 1264 1019 1337 μᾶλλον
1052 1265 1081 1320 ἡ
1119 1263 1306 1321 σπάνις
1349 1266 1562 1327 τούτων,
1597 1267 1687 1313 καὶ
1741 1281 1831 1312 τα-

238 1368 356 1432 χεῖα
406 1352 703 1410 παλινοδία.
743 1358 843 1407 Καὶ
897 1358 945 1405 τί
1003 1349 1085 1404 δεῖ
1135 1355 1263 1424 πρὸς
1306 1370 1361 1403 σε
1409 1355 1494 1402 τόν
1545 1344 1597 1402 εὖ
1652 1347 1832 1402 εἰδότα

241 1445 690 1519 ὑποδειγματίζειν
720 1447 778 1497 τό
835 1444 1141 1514 λεγόμενονς
1197 1439 1291 1491 Ἠν
1344 1435 1453 1503 οὖν,
1485 1442 1553 1500 ὡς
1605 1442 1826 1513 εἴρηται,

242 1537 285 1589 ἐν
327 1539 548 1598 τούτοις.
602 1536 748 1586 Ἐπεὶ
803 1528 861 1584 δὲ
904 1538 1075 1604 παρῆν
1126 1530 1155 1586 ἡ
1199 1531 1368 1603 ἡμέρα
1420 1536 1511 1589 τῆς
1560 1531 1691 1600 μετὰ
1739 1534 1830 1585 τὴν

245 1628 595 1682 Πεντηκοστην
656 1620 899 1693 δευτέρας
959 1619 1284 1692 ἑορτάσιμος,
1320 1617 1549 1678 ἀναστὰς
1606 1616 1706 1668 ἀπὸ
1738 1624 1831 1678 τῆς

244 1711 530 1773 ἑστιάσεως,
590 1706 781 1779 ἐλήφθη
837 1709 1010 1765 πόνοις
1061 1699 1376 1777 καταρῥοίας
1424 1698 1523 1753 ἀπὸ
1601 1709 1697 1762 τῆς
1746 1720 1833 1752 κε-

1932 552 2076 605 tiore
2122 550 2368 605 historia
2413 566 2805 618 cognoscens,
2860 551 3119 622 quietem
3181 550 3445 621 aliquam
3508 566 3579 604 ex

1932 639 2271 694 narratione
2324 639 2608 709 accipias.
2658 640 2722 705 Ο,
2756 656 2811 704 o,
2872 655 2992 709 quo
3026 644 3200 709 pacto
3241 638 3579 693 luctuosam

1933 730 2567 782 commemorationem
2602 730 2728 782 sine
2756 728 3043 799 lacrymis
3078 728 3262 782 feram
3294 726 3321 780 ?
3353 728 3584 782 Incolu-

1936 817 2047 871 mis
2091 823 2213 871 erat
2257 817 2447 882 Pater,
2493 818 2679 871 solitis
2721 818 2964 871 minime
3014 816 3225 871 fucatae
3280 817 3584 872 charitatis

1935 923 2057 960 sum
2088 906 2369 976 operibus
2419 907 2701 971 intentus,
2749 906 3152 977 fratribusque
3198 922 3267 961 ac
3315 907 3588 961 Patribus

1935 994 2197 1064 hOSpitio
2242 995 2618 1066 recipiendis.
2655 994 2796 1060 Quis
2842 995 3001 1050 enim
3051 995 3408 1066 hospitalem
3450 995 3587 1066 plus

1936 1083 2037 1137 illo
2065 1084 2392 1149 adamavit,
2426 1091 2527 1139 aut
2555 1086 2745 1139 amice
2778 1085 3038 1155 exceptis
3088 1084 3446 1139 ministravit
3478 1085 3586 1139 im-

1939 1173 2182 1244 pensius
2204 1174 2232 1229 ξ)
2262 1189 2443 1244 quem
2475 1189 2584 1229 nec
2622 1173 2907 1229 continua
2936 1174 3190 1229 aliorum
3224 1190 3296 1229 ex
3326 1173 3458 1229 aliis
3485 1174 3591 1229 ad-

1938 1263 2309 1317 ventantium
2337 1262 2685 1333 frequentia.
2718 1278 2826 1317 nec
2856 1262 3191 1318 diuturnior
3225 1278 3395 1317 mora
3426 1262 3590 1318 fran-

1941 1350 2153 1420 gebat:
2189 1356 2482 1420 quantum
2510 1353 2771 1421 angebat
2802 1350 3001 1421 potius
3034 1352 3251 1406 horum
3276 1352 3506 1415 raritas,
3537 1356 3593 1407 et

1941 1440 2050 1493 cita
2087 1438 2389 1509 profectio.
2412 1441 2476 1493 Et
2500 1440 2644 1512 quid
2676 1456 2830 1511 opus
2858 1445 2944 1494 est
2972 1439 3100 1494 haec
3126 1440 3252 1505 tibi,
3279 1440 3371 1495 cui
3407 1440 3591 1511 probe

1942 1532 2084 1583 nota
2107 1534 2266 1594 sunt,
2292 1528 2579 1599 exemplis
2604 1528 2959 1583 confirmare
2982 1530 3009 1584 ?
3040 1531 3101 1582 In
3124 1529 3215 1583 his
3245 1529 3423 1598 igitur
3447 1534 3591 1597 erat,

1943 1623 2004 1670 ut
2033 1617 2257 1670 dictum
2289 1622 2394 1671 est.
2438 1618 2584 1671 Cum
2612 1622 2811 1672 autem
2843 1616 2992 1672 festa
3022 1617 3149 1671 dies
3199 1622 3473 1687 ageretur
3504 1634 3594 1671 se-

1942 1704 2142 1759 cunda
2173 1705 2563 1770 Pentecostes,
2588 1707 3056 1777 surrexissetque
3085 1722 3118 1761 a
3137 1706 3434 1771 convivio,
3470 1721 3596 1760 cor-

245 1800 402 1873 φαλῆς
442 1802 711 1870 γενομένης
759 1794 841 1847 ἐπὶ
891 1797 976 1845 τὸν
1011 1788 1298 1844 σπόνδυλον
1333 1796 1421 1843 καὶ
1475 1794 1597 1851 τοὺς
1645 1796 1832 1850 τόπους

1954 1798 2146 1863 reptus
2159 1800 2245 1847 est
2258 1795 2596 1862 catarrho,a
2609 1794 2801 1864 capite
2816 1795 2872 1847 in
2890 1794 3191 1848 vertebras
3207 1802 3261 1848 et
3279 1794 3395 1848 alia
3413 1794 3592 1849 dorso

242 1870 336 1941 τῶν
383 1891 727 1960 μεταφρένων.
782 1882 887 1955 Ἐφ’
1026 1870 1314 1940 κινηθέντεξ
1364 1882 1413 1931 οἱ
1462 1884 1712 1944 ταπεινοὶ,
1757 1877 1833 1931 εὗ-

241 1996 389 2051 ρομεν
438 1975 592 2027 αὐτὸν
644 1975 905 2045 κάμνοντα
934 1978 1006 2040 τῷ
1064 1974 1191 2033 ὄντι,
1234 1974 1323 2020 καὶ
1354 1965 1715 2040 διασαφοῦντα
1742 1969 1836 2029 τάς

245 2066 417 2126 αἰτίας
470 2071 563 2125 τῆς
619 2068 994 2134 συμπτώσεως.
1046 2055 1173 2110 Εἶτα
1220 2052 1399 2115 ἐπειδὴ
1441 2056 1836 2130 ὑπεστρέψαμεν

243 2155 372 2205 οἶκοι
406 2171 417 2182 ·
475 2149 621 2211 αὖθις
666 2158 727 2222 τῇ
790 2149 906 2211 ἑξῆς
964 2150 1391 2221 παραγενόμενοι,
1442 2144 1651 2218 εὕρομεν
1683 2145 1837 2197 αὐτόν

244 2246 316 2295 ἔτι
353 2240 661 2315 βαλλόμενον
722 2234 1093 2310 σφοδροτέραις
1147 2231 1429 2306 ἀλγηδόσι,
1496 2239 1585 2286 καὶ
1630 2231 1839 2286 διακαεῖ

242 2340 444 2406 πυρετῷ
488 2349 498 2359 ·
555 2329 702 2400 μόλις
756 2324 1040 2384 δυνηθέντα
1098 2327 1221 2395 ἡμῖν
1276 2326 1444 2394 ἡρέμα
1480 2324 1838 2396 προσ-φθέγξαι.

247 2423 369 2472 σθαι
397 2435 410 2449 ·
445 2424 535 2471 καὶ
570 2422 663 2475 τὴν
724 2416 1014 2486 ἀπόγνωσιν
1070 2421 1160 2464 τοῦ
1193 2412 1288 2484 ζῇν
1336 2415 1385 2464 ἐν
1432 2418 1587 2485 σαρκὶ
1620 2413 1841 2465 αἰνιττό-

245 2529 410 2581 μενον.
461 2513 524 2559 Τί
554 2511 611 2558 τὸ
667 2505 783 2567 ἑξῆς
818 2520 831 2569 ;
879 2511 938 2574 τῇ
983 2506 1132 2575 τρίτη
1190 2504 1358 2575 ἡμέρᾳ
1396 2506 1482 2553 καὶ
1523 2498 1719 2573 δεσμὸς
1748 2511 1842 2562 τῆς

244 2598 480 2669 γλώττης
512 2597 752 2667 πάμπαν,
800 2598 889 2644 xui
946 2591 1003 2643 οὐ
1043 2590 1148 2662 μετ’
1193 2590 1251 2641 οὐ
1304 2590 1434 2642 πολὺ
1484 2591 1509 2641 ό
1536 2594 1722 2665 πικρός
1755 2592 1842 2641 θά-

249 2705 417 2745 νατος.
476 2682 615 2737 Ἀλλ’
663 2684 786 2754 ἡμῖν
840 2683 948 2751 μὲν,
1001 2676 1094 2731 διά
1138 2683 1231 2737 τῆν
1274 2683 1519 2753 στέρησιν
1550 2687 1641 2730 τοῦ
1688 2680 1841 2750 ἀγίου

248 2769 458 2846 ἀνδρὸς,
517 2774 576 2823 τό
632 2772 817 2844 πικρὸν
875 2768 1103 2841 εἰρήσθω
1139 2785 1150 2795 ·

246 2862 433 2933 γλυκὺ,
478 2857 571 2913 διὰ
609 2863 665 2911 τὸ
694 2858 951 2910 ἀναλῦσαι
991 2862 1081 2908 καὶ
1125 2859 1217 2907 σὺν
1247 2863 1464 2927 Χριστῷ
1497 2858 1626 2908 εἶναι
1659 2875 1671 2889 ο
1707 2852 1766 2908 οὖ
1791 2862 1841 2908 τί

1208 2766 1381 2837 ἐκείνῳ
1449 2763 1507 2818 δὲ
1554 2772 1643 2818 xui
1707 2769 1840 2819 πάνυ

248 2948 308 3000 ἂν
357 2952 433 3005 εἴη
475 2952 861 3021 μακαριώτερον
894 2963 907 3013 ;
946 2944 1151 2996 Ἔκειτο
1212 2940 1297 2996 οὖν
1325 2946 1349 2995 6
1389 2949 1683 3018 μακαρίτης
1731 2944 1845 3015 (κα-

246 3039 330 3091 λόν
361 3041 461 3113 γὰρ
493 3043 583 3089 καὶ
634 3044 786 3088 τοῦτο
841 3033 1171 3106 ὑπογράψαι,
1225 3035 1397 3105 ὥσπερ
1454 3054 1505 3085 τι
1554 3033 1690 3095 ξένον
1734 3036 1844 3087 θέα-

1946 1883 2138 1937 vicina
2164 1882 2486 1938 deﬂuente.
2528 1884 2654 1947 Quo
2684 1899 2826 1937 casu
2865 1884 3037 1937 exciti
3076 1899 3187 1937 nos
3217 1882 3492 1947 humiles,
3513 1882 3596 1937 of-

1945 1970 2247 2025 fendimus
2277 1970 2475 2041 ipsum
2516 1987 2723 2026 revera
2752 1970 3159 2041 languentem,
3194 1976 3249 2026 et
3274 1971 3403 2041 ejus
3432 1971 3597 2043 quod

1948 2060 2260 2123 acciderat,
2276 2076 2496 2115 causas
2509 2061 2928 2132 explicantem.
2954 2060 3171 2116 Deinde
3186 2076 3324 2115 cum
3338 2060 3597 2129 regressi

1948 2155 2198 2203 domum
2226 2165 2520 2213 essemus,
2552 2150 2764 2204 iterum
2799 2150 2895 2203 die
2923 2150 3193 2220 sequenti
3224 2150 3595 2215 accedentes,

1948 2239 2003 2293 in
2017 2238 2285 2293 venimus
2304 2237 2474 2293 illum
2493 2238 2825 2294 acrioribus
2845 2239 3044 2293 adhuc
3061 2238 3371 2293 doloribus
3389 2238 3601 2293 arden-

1952 2328 2111 2398 tique
2142 2326 2289 2382 febri
2316 2327 2688 2382 laborantem
2717 2344 2729 2381 :
2757 2328 2837 2381 ita
2874 2332 2935 2381 ut
2964 2341 3119 2396 aegre
3152 2342 3263 2382 nos
3289 2326 3406 2381 leni
3456 2342 3602 2382 voce

1951 2416 2173 2488 alloqui
2202 2421 2424 2487 posset,
2452 2432 2521 2471 ac
2548 2416 2622 2470 de
2650 2416 2769 2470 vita
2794 2416 2852 2470 in
2876 2432 3055 2471 carne
3080 2417 3398 2485 desperare
3426 2432 3487 2469 se
3516 2416 3602 2470 in-

1952 2510 2177 2559 nueret.
2211 2504 2359 2569 Quid
2396 2505 2648 2576 postea?
2678 2506 2772 2558 die
2802 2503 2971 2559 tertio
2995 2510 3050 2559 et
3080 2504 3285 2573 lingua
3312 2504 3603 2575 impedita

1952 2609 2219 2663 prorsus,
2242 2608 2350 2648 nec
2370 2594 2556 2649 multo
2585 2594 2950 2665 postacerba
2965 2610 3145 2648 mors.
3161 2594 3274 2648 Sed
3306 2593 3403 2649 illa
3426 2593 3602 2648 nobis

1951 2682 2217 2753 quidem,
2260 2683 2359 2752 qui
2402 2688 2607 2738 sancto
2663 2683 2786 2737 viro
2844 2682 3055 2752 privati
3099 2699 3330 2747 sumus,
3386 2682 3605 2736 acerba.

1954 2772 2220 2836 dicatur;
2249 2770 2325 2825 illi
2359 2787 2497 2826 vero
2520 2778 2575 2825 et
2604 2771 2777 2826 valde
2808 2771 3022 2837 dulcis,
3059 2777 3121 2825 ut
3158 2770 3604 2836 dissolveretur,

1954 2866 2007 2916 et
2039 2866 2189 2915 esset
2213 2877 2348 2915 cum
2367 2859 2596 2916 Christo
2629 2877 2642 2926 ;
2668 2876 2789 2932 quo
2816 2860 2963 2931 quid
2988 2876 3117 2915 esse
3133 2858 3603 2931 queatbeatius?

1952 2949 2192 3005 Jacebat
2214 2964 2356 3018 ergo
2379 2949 2949 3021 viibeatus(bonum
2965 2951 3122 3004 enim
3138 2950 3403 3023 estquod
3425 2952 3602 3004 etiam

1955 3039 2287 3109 designare,
2305 3042 2584 3109 tanquam
2601 3039 2949 3093 inusitatum
2976 3038 3287 3110 quoddam
3302 3044 3607 3109 spectacu-

245 3128 364 3200 μα),
399 3124 669 3197 αἰδέσιμος
698 3133 758 3197 τῇ
794 3124 930 3194 ὄψει,
967 3119 1301 3194 ἀγγελοειδὴς
1332 3130 1402 3191 τῷ
1427 3128 1672 3194 σχήματι
1704 3140 1716 3153 ⁸
1750 3133 1842 3186 τῆς

1954 3127 2101 3199 lum)
2131 3128 2508 3182 venerandus
2534 3133 2805 3198 aspectu,
2830 3128 3299 3196 angelireferens
3315 3127 3605 3198 speciem,

246 3215 624 3289 ἔνδημησάσης
693 3217 821 3288 πρὸς
908 3216 1096 3284 Κύριον
1188 3209 1373 3282 ψυχῆς
1455 3212 1627 3285 ὥσπερ
1702 3215 1845 3275 τινάς

245 3302 523 3365 ἠλιοειδεῐς
548 3310 898 3378 χαρακτῆρας
930 3299 1389 3372 ἑναπομαξαμένης
1443 3309 1514 3369 τῷ
1570 3302 1687 3372 ἱερῷ
1742 3306 1847 3353 σώ-

246 3414 397 3467 ματι,
431 3394 541 3466 μεθ’
582 3389 641 3444 οὖ
697 3396 785 3443 xui
824 3389 897 3463 ἐφ’
1008 3388 1308 3463 λελάτρευκε
1338 3396 1398 3460 τῇ
1454 3388 1580 3461 ἁγίᾳ
1628 3387 1847 3460 Τριάδι.

246 3486 538 3557 Ἢθροίσθη
582 3482 824 3544 ἐξαπίνης
851 3480 1047 3552 ὅμιλος,
1090 3480 1221 3550 ὁμοῦ
1252 3482 1341 3546 μὲν
1392 3488 1684 3550 μοναστῶν,
1714 3482 1847 3550 ὁμοῦ

248 3570 310 3625 δὲ
360 3576 451 3624 xui
488 3567 748 3643 μιγάδων,
799 3569 954 3629 πολὺς
993 3569 1073 3619 ὅτι
1102 3566 1334 3636 μάλιστα
1366 3587 1375 3597 ·
1406 3572 1747 3640 περιεκέχυτο
1779 3569 1847 3629 εἰς

254 3662 383 3714 αὐτὸ
441 3664 509 3722 ὡς
564 3662 693 3732 ἱερὸν
750 3657 1012 3729 κειμήλιον
1077 3655 1398 3721 ἀποϐλέπων,
1445 3659 1475 3714 ἤ
1523 3657 1710 3728 μᾶλλον
1769 3657 1849 3709 οἰ-

255 3755 508 3825 κειότερον
566 3748 743 3812 εἰπεῖν,
818 3750 886 3807 ὡς
955 3748 1175 3817 ἔμπνουν
1230 3749 1320 3797 καὶ
1366 3753 1542 3816 φωνεῖν
1618 3741 1848 3817 δυνάμε-

256 3858 359 3893 νον.
410 3839 618 3911 Ἐχεῖτο
683 3834 891 3911 δάκρυα
940 3844 1038 3887 τῶν
1104 3838 1193 3906 μὲν
1242 3831 1539 3905 αἰδημόνων
1593 3833 1848 3906 ἀψοφητὶ,

253 3936 352 3980 τῶν
409 3924 467 3980 δε
522 3930 844 3999 θεραπευτῶν
901 3922 1285 3997 ἐκραγέστερον.
1357 3923 1538 3984 Οὕτως
1594 3921 1681 3974 οὖν
1757 3928 1850 3975 σὺν

249 4012 592 4088 ψαλμῳδίαις
623 4022 732 4074 ταῖς
761 4016 1119 4073 καθηκούσαις
1158 4017 1246 4064 καὶ
1301 4010 1634 4069 ἐπικλήσεσιν
1682 4015 1854 4087 ίεραρ-

255 4113 445 4179 χικαῖς
495 4100 763 4177 παρεδόθη
817 4110 889 4172 τῷ
946 4104 1108 4173 τάφῳ,
1161 4102 1277 4152 καθ’
1336 4099 1388 4151 ὃν
1431 4106 1585 4152 τόπον
1639 4102 1853 4153 εἰώθειό

253 4196 515 4267 μακάριος
593 4193 902 4264 λειτουργεῖν
983 4196 1155 4265 Κυρίῳ
1189 4206 1201 4219 ⁸

251 4288 434 4355 Πατὴρ
465 4290 571 4343 τοῖς
605 4283 894 4356 Πατράσιν,
923 4282 947 4332 6
980 4280 1310 4351 όμολογητὴς
1344 4286 1447 4339 τοῖς
1480 4279 1853 4350 ὁμολογηταῖς,

247 4375 275 4424 6
309 4369 632 4431 διδάσκαλος
662 4379 764 4431 τοῖς
793 4367 1160 4434 διδασκάλοις,
1225 4370 1250 4420 ὁ
1301 4369 1572 4440 ὑποφήτης
1595 4376 1703 4429 τοῖς
1734 4370 1857 4420 ὑπο-

1281 4194 1431 4261 καίγε
1482 4193 1769 4265 προσετέθη
1830 4192 1854 4242 6

1956 3233 2095 3273 cum
2125 3217 2202 3273 ad
2220 3217 2539 3272 Dominum
2570 3217 2956 3287 proficiscens
2980 3217 3202 3284 anima,
3231 3217 3373 3272 solis
3395 3217 3606 3282 instar,

1954 3306 2260 3361 radiantes
2309 3312 2480 3360 notas
2509 3308 2808 3377 quasdam
2866 3306 3267 3377 impressisset
3313 3306 3374 3361 in
3433 3321 3607 3361 sacro

1958 3410 2226 3466 corpore,
2253 3410 2389 3448 cum
2418 3410 2539 3466 quo
2569 3398 2627 3449 et
2654 3395 2713 3449 in
2745 3410 2867 3466 quo
2894 3400 3165 3450 sanctam
3187 3396 3456 3451 coluerat
3489 3394 3610 3449 Tri-

1957 3484 2228 3538 nitatem.
2277 3486 2527 3537 Coactus
2576 3488 2666 3537 est
2718 3483 2872 3539 illico
2924 3489 3109 3539 caelus
3166 3483 3606 3539 monachorum

1959 3572 2653 3644 saeculariumquequam
2669 3573 2968 3628 maximus
2992 3572 3609 3640 ;circumfususillum

1959 3669 2247 3734 tanquam
2266 3677 2507 3716 sacrum
2538 3662 2754 3733 pignus
2774 3662 3154 3733 intuebatur;
3181 3662 3293 3729 vel,
3324 3667 3382 3716 ut
3414 3662 3609 3729 magis

1960 3751 2198 3823 proprie
2227 3750 2447 3816 dicam,
2480 3758 2770 3821 tanquam
2816 3751 3161 3822 spirantem,
3216 3756 3271 3806 et
3302 3751 3405 3823 qui
3443 3748 3612 3822 loqui

1960 3844 2181 3911 posset.
2200 3839 2915 3911 Fundebanturlacrymre
2929 3841 3006 3894 ab
3021 3841 3327 3895 honoratis
3354 3839 3538 3911 quide
3551 3854 3611 3893 m

1961 3928 2123 3993 viris,
2158 3928 2281 3982 sine
2311 3928 2574 3998 strepitu,
2608 3944 2643 3982 a
2665 3928 2848 3982 servis
2879 3934 3079 3983 autem
3105 3928 3305 3982 sonitu
3343 3926 3609 3998 majore.

1965 4018 2058 4073 Sic
2079 4032 2219 4087 ergo
2256 4032 2393 4072 cum
2424 4016 2773 4086 psalmodiis
2798 4017 3268 4086 congruentibus
3308 4022 3364 4069 et
3401 4015 3609 4069 faustis

1963 4107 2381 4178 episcoporum
2397 4105 2921 4177 apprecationibus
2947 4106 3267 4176 sepulturae
3290 4104 3613 4159 mandatus

1965 4201 2052 4250 est
2076 4211 2147 4250 eo
2190 4196 2249 4247 in
2280 4192 2433 4257 loco,
2467 4194 2567 4248 ubi
2601 4194 2686 4248 vir
2708 4194 2919 4249 beatus
2949 4210 3118 4248 sacra
3144 4193 3397 4248 Domino
3419 4192 3615 4246 facere

1967 4287 2386 4338 consueverat:
2430 4283 3147 4354 appositnsqueestPater
3169 4280 3452 4343 Patribus,
3477 4295 3618 4335 con-

1968 4373 2157 4427 fessor
2194 4370 2659 4438 confessoribus,
2695 4372 2973 4441 magister
2986 4371 3304 4440 magistris,
3326 4371 3618 4440 interpres

257 4466 451 4531 φῆταις
481 4478 493 4490 ·
546 4463 898 4535 προσθείημεν
930 4458 980 4511 δ’
1030 4458 1089 4509 ἂν
1142 4462 1228 4509 καὶ
1276 4465 1445 4510 ταῦτα
1477 4476 1490 4490 ·
1546 4461 1570 4509 ο
1602 4457 1842 4532 ἐγκρατὴς

1969 4460 2387 4531 interpretibus
2418 4471 2430 4511 :
2460 4459 2792 4515 addiderim
2824 4476 2961 4516 vero
3017 4466 3073 4514 et
3121 4462 3235 4514 ista
3260 4480 3272 4517 :
3301 4460 3620 4513 continens

251 4557 369 4611 τοῖς
422 4549 743 4624 ἓγκρατέσιν,
800 4550 825 4600 6
867 4548 1017 4619 ἀγνός
1048 4554 1159 4609 τοῖς
1204 4546 1486 4618 φιλάγνοις,
1539 4548 1565 4598 6
1603 4547 1842 4618 φιλόξενοι

1969 4549 2431 4615 continentibus,
2463 4555 2663 4603 castus
2695 4550 3063 4605 castimoniae
3098 4549 3470 4615 amantibus,
3513 4546 3629 4602 ho-

1972 4637 2671 4709 spitalishospitalitatem
2684 4638 3038 4703 colentibus,
3060 4638 3373 4692 modestus
3388 4636 3625 4691 modice

1973 4727 2047 4781 de
2072 4742 2132 4781 se
2151 4727 2894 4798 sentientibuszquiomnia
2915 4727 3264 4781 omnibus"
3293 4726 3395 4781 rite
3413 4726 3625 4788 fuerat,

1973 4815 2176 4886 quoad
2199 4815 2288 4869 fas
2309 4814 2433 4879 fuit,
2454 4821 2736 4869 utomnes
2754 4816 3212 4886 autcomplures
3232 4814 3625 4879 lucrifaceret,

1976 4903 2315 4975 apostolicis
2369 4910 2523 4959 recte
2566 4903 2735 4959 factis
2767 4905 3077 4959 subnixus.
3114 4908 3177 4959 Et
3231 4920 3343 4958 nos
3382 4902 3629 4974 quidem

1975 4992 2233 5047 humiles
2264 5009 2425 5048 nunc
2476 4994 2886 5064 orphanorum
2938 5010 3098 5049 more
3152 4994 3426 5062 lugemus
3464 4991 3628 5045 illum

1978 5097 2111 5136 vere
2133 5082 2374 5137 Patrum
2408 5082 2775 5153 fratrumque
2802 5089 3133 5137 amatorem
3164 5098 3173 5134 :
3200 5082 3329 5151 ejus
3360 5096 3498 5135 vero
3530 5080 3634 5133 Ec-

1980 5170 2176 5235 clesia,
2209 5186 2312 5225 seu
2347 5171 2596 5241 pusillus
2629 5187 2790 5240 grex,
2819 5187 2941 5242 quo
2996 5188 3056 5224 se
3105 5176 3294 5225 vertat
3335 5169 3629 5232 nesciens,

1981 5266 2405 5331 pastoremque
2428 5265 2485 5315 et
2510 5264 2737 5331 patrem
2760 5258 3559 5331 reposcens,quemadmodu
3574 5272 3635 5311 m

1985 5348 2180 5420 pullos
2208 5348 2524 5404 verisimile
2557 5355 2670 5405 est.
2714 5389 2729 5404 .
2774 5389 2788 5403 .
2839 5390 2851 5403 .
2895 5390 2909 5404 .
2953 5384 2973 5403 .
3054 5356 3057 5359 '
3311 5358 3320 5366 '
3556 5338 3559 5339 ⁷

257 4646 375 4700 τοῖς
454 4639 751 4711 φιλοξένοις,
814 4639 839 4689 6
919 4641 1125 4709 μέτριος
1194 4643 1303 4697 τοῖς
1375 4654 1786 4709 μετριοφροσιν·
1836 4638 1860 4687 6

255 4728 432 4779 πάντα
459 4734 569 4788 τοῖς
614 4734 774 4779 πᾶσιν
833 4723 887 4778 εὖ
935 4731 1174 4797 γεγονὼς,
1207 4724 1327 4777 καθ’
1357 4727 1476 4777 ὅσον
1523 4726 1628 4776 οἶόν
1677 4745 1749 4791 τε,
1783 4727 1866 4777 ἵνα

260 4820 388 4877 τοὺς
438 4818 659 4880 παντάς,
710 4819 739 4872 ἤ
798 4820 916 4875 τοὺς
966 4815 1199 4875 πλείονας
1255 4811 1493 4886 κερδήσῃ
1535 4831 1547 4843 ⁸
1589 4814 1865 4866 ιῐιποστολι⁴

259 4911 374 4965 κοῖς
424 4908 829 4977 κατορθώμασιν
901 4900 1303 4976 ἐπερειδόμενος.
1384 4908 1480 4955 Καὶ
1559 4910 1645 4953 νῦν
1724 4906 1868 4975 ἡμεῖς

259 4997 361 5066 μὲν
418 4995 465 5045 οἱ
522 4999 754 5046 ταπεινοὶ
834 4993 1121 5066 όρφανικῶς
1198 4988 1582 5064 ἀποδυρόμενοι
1645 4996 1730 5043 τόν
1802 4996 1871 5053 ὡς

1596 5082 1624 5138 ἠ
1663 5078 1721 5133 δε
1752 5083 1867 5132 κατ’

257 5170 424 5223 αὐτόν
450 5171 762 5238 Ἐκκλησία,
822 5167 911 5223 εἶτ’
945 5167 1031 5221 οὖν
1077 5175 1134 5221 τὸ
1189 5174 1375 5241 μικρὸν
1433 5176 1692 5241 ποίμνιον,
1745 5171 1874 5230 ἠπο-

260 5082 476 5144 ἀληθῶς
538 5088 627 5134 καὶ
672 5083 997 5154 φιλοπάτορα
1049 5086 1140 5133 καὶ
1193 5077 1505 5152 φιλάδελφον
1542 5099 1552 5109 ·

253 5264 488 5335 ρημνον
534 5260 670 5321 λίαν,
733 5265 823 5311 καὶ
877 5259 1285 5330 ἀνακαλούμενον
1364 5262 1451 5310 τόν
1513 5262 1731 5331 ποιμένα
1783 5264 1874 5312 xui

259 5352 498 5421 Πατέρα,
538 5348 625 5401 οἷα
656 5348 793 5409 εἰκός
828 5352 1157 5411 νεοττοὺς....

1294 5599 1323 5628 Ὁ

343 5629 397 5667 ’⁸⁸
422 5628 447 5684 Ι
470 5627 600 5685 Cor.
630 5642 713 5694 rx,
746 5630 810 5684 19
836 5629 894 5683 et
915 5629 1007 5683 2'2.
1220 5600 1323 5644 ’ἳῖ
1364 5621 1374 5631 “
