4058 6274
548 205 688 261 1615

900 329 1029 385 CCI.
1058 359 1128 370 -—
1155 328 1465 386 Philol/we
1502 329 1838 400 possessom’.

1803 204 1864 260 S.
1903 206 1992 260 TH
2003 205 2265 262 EODORI
2304 203 2631 263 STUDITIE

3753 212 3887 271 1616

2561 331 2655 388 ΣΑ¹
2694 332 2832 405 (95).
2873 363 2940 374 --
2982 333 3268 406 Φιλοθέῳ
3310 340 3597 410 κτήτορι.

541 427 937 492 Presbyterum,
973 427 1063 491 qui
1087 426 1334 490 digamos
1355 427 1922 497 coronaverat,_sacr_is
1951 429 2160 497 operari
2189 441 2298 478 non
2328 428 2521 497 debere
2546 445 2567 497 :_
2595 431 2730 497 sicut
2758 430 2872 493 jam
2907 431 2973 481 de
2998 432 3186 482 eodem
3213 434 3523 497 presbytero
3543 435 3608 485 ad
3641 436 3886 486 eumdem

1693 489 2026 540 Philotheum
2060 492 2345 555 scripserat
2377 492 2606 554 epistola
2632 495 2743 541 191.

793 625 805 636 .
849 580 1021 653 cujus
1051 580 1181 636 laus
1211 585 1299 634 est
1324 593 1429 651 per
1479 584 1663 635 totam
1690 580 2124 646 Macedoniam,
2153 597 2188 636 a
2217 583 2263 636 A

543 669 851 726 monachis
863 667 1358 741 piisquelaicis,in
1376 667 1518 722 hore
1532 668 1894 724 habentibus
1907 670 2186 725 decorem

541 766 597 815 et
627 760 903 815 virtutem
939 759 1174 830 pietatis
1205 763 1338 812 tuae.
1382 757 1486 811 Det
1517 758 1620 812 tibi
1653 758 1852 813 adhuc
1896 761 2183 814 Dominus

539 847 692 904 bene
719 862 916 917 agere,
948 849 1007 901 in
1051 845 1224 902 bonis
1262 846 1546 917 operibus
1599 847 1908 913 ditescere,
1950 846 2182 902 facilem

539 952 667 992 esse
691 935 770 992 ad
816 935 1192 1006 erogandum
1230 941 1284 989 et
1334 936 1932 999 communicandum,
1964 937 2070 991 tibi
2124 941 2184 991 in

538 1027 803 1081 futurum
818 1026 1213 1081 thesaurizare
1243 1021 1707 1079 fundamentum
1737 1025 1990 1090 bonum,
2031 1027 2187 1081 utvi-

535 1120 660 1171 tam
689 1121 974 1170 aeternam
1004 1128 1395 1184 consequare.
1429 1114 1472 1168 Ο
1499 1112 1794 1168 Philotbee
1825 1114 2063 1184 Optime,
2086 1115 2185 1170 de-

536 1205 798 1277 positum
824 1202 962 1257 fidei
985 1203 1298 1271 diligenter
1327 1201 1811 1266 custodi,divinis
1843 1203 2181 1259 actionibus

535 1308 772 1365 semper
795 1291 1118 1361 refulgens.
1147 1292 1231 1345 Ac
1252 1289 1325 1344 de
1340 1291 1430 1345 his
1449 1291 1698 1361 quidem
1716 1291 2180 1356 satis.Quoniam

534 1389 734 1439 autem
765 1383 840 1437 de
869 1381 1218 1454 presbytero
1239 1381 1450 1435 iterum
1483 1395 1679 1435 sermo
1705 1387 1810 1444 est,
1837 1382 2180 1452 postulante

531 1471 1125 1535 honorificentiatua,
1150 1477 1211 1523 ut
1235 1470 1489 1524 liberum
1510 1471 1562 1523 ei
1587 1471 1659 1524 sit
1688 1471 1875 1524 sacris
1905 1473 2175 1542 operari:

531 1569 688 1619 recte
711 1561 771 1617 id
795 1561 1064 1634 quidem,
1082 1559 1130 1613 si
1157 1559 1489 1614 humanum
1505 1564 1664 1613 esset
1685 1560 1845 1630 quod
1859 1562 2174 1630 quaeritur:

530 1666 796 1722 namque
823 1651 899 1706 ad
929 1649 1389 1719 obsequendum
1423 1647 1525 1702 tibi
1541 1648 1602 1702 in
1623 1649 1907 1703 omnibus
1940 1649 2179 1707 festina-

529 1756 754 1805 remus,
783 1739 1064 1794 inservire
1098 1738 1402 1808 cupientes
1434 1737 1560 1801 tibi,
1595 1738 1698 1808 qui
1725 1738 1958 1794 assidue
2005 1741 2178 1796 nobis

529 1829 930 1886 obsecundas.
957 1827 1072 1882 Sed
1102 1827 1246 1898 quia
1268 1826 1341 1880 de
1363 1825 1480 1882 Deo
1499 1827 1714 1896 agitur,
1741 1827 1935 1899 deque
1952 1829 2178 1885 divino-

529 1935 662 1975 rum
710 1933 1014 1974 canonum
1062 1914 1277 1970 decreti
1326 1917 1837 1987 praavaricatione,
1907 1918 2174 1986 ignosce,
2215 1904 2252 1955 Β

527 2007 708 2064 frater
738 2005 1108 2070 charissime,
1141 2020 1262 2059 non
1295 2019 1620 2075 possumus
1665 2009 1875 2060 contra
1909 2008 2093 2060 Deum
2121 2014 2178 2062 et

527 2112 734 2154 sacros
785 2111 1046 2152 canones
1089 2095 1239 2149 ferre
1278 2093 1593 2164 judicium,
1653 2095 1978 2164 praesertim
2037 2111 2173 2152 cum

525 2187 586 2242 in
601 2187 840 2255 negotio
860 2186 1036 2257 plane
1056 2183 1789 2254 consimili,superioribus
1807 2185 2176 2254 temporibus

526 2280 712 2331 totam
766 2275 946 2330 vitam
997 2277 1265 2328 nostram
1317 2273 1731 2342 posuerimus;
1769 2272 1829 2327 in
1882 2273 2174 2328 adeundis

525 2364 823 2436 periculis,
877 2367 935 2418 et
983 2361 1220 2428 exsiliis,
1275 2367 1331 2415 et
1378 2360 1694 2427 mortibus,
1744 2361 1940 2432 potius
1987 2378 2172 2433 quam

525 2455 999 2510 consentiremus
1059 2450 1351 2520 iniquitati
1409 2457 1466 2504 et
1513 2450 1824 2505 violationi
1870 2452 2174 2520 Evangelii

525 2541 755 2598 Christi.
772 2544 971 2612 Neque
995 2555 1138 2609 ergo
1153 2540 1558 2594 adulterorum
1586 2539 1895 2610 COpulator
1917 2557 1953 2595 a
1971 2539 2171 2605 nobis,

523 2647 718 2703 neque
747 2629 1058 2702 c0pulator
1077 2628 1830 2698 digamorum,facultatem
1856 2629 2065 2684 habuit
2082 2644 2172 2684 sa-

524 2719 852 2775 criﬁcandi.
880 2719 1107 2772 Etenim
1139 2719 1188 2771 si
1218 2732 1340 2772 non
1385 2717 1607 2788 patitur
1662 2733 1832 2772 sacer
1861 2733 2078 2780 canon,
2113 2722 2174 2771 ut

520 2809 834 2881 presbyter
857 2808 1196 2862 convivetur
1227 2806 1284 2860 in
1298 2806 1523 2874 digami
1555 2806 1799 2876 nuptiis,
1816 2807 2003 2861 multo
2029 2821 2172 2861 sane

519 2899 715 2968 magis
745 2895 1021 2968 prohibet
1048 2911 1122 2950 ne
1151 2895 1318 2950 illum
1345 2900 1607 2950 coronet.

592 3075 763 3141 Quod
795 3075 842 3130 si
868 3073 966 3130 alii
992 3073 1158 3129 aliter
1174 3072 1470 3143 judicant,
1503 3071 1755 3128 viderint
1785 3071 1932 3144 quid
1964 3079 2165 3144 agant.

516 3166 635 3221 Nos
661 3165 842 3228 enim,
873 3163 1082 3235 inquit,
1116 3163 1289 3218 talem
1329 3161 1811 3217 consuetudinem
1841 3177 1960 3217 non
1992 3163 2172 3218 habe-

2511 582 2572 634 οὗ
2601 583 2627 634 ό
2652 585 2857 645 ἔπαινος
2895 579 2988 634 διὰ
3018 586 3190 646 πάσης
3247 593 3341 646 τῆς
3373 583 3720 653 Μακεδονίας,
3749 591 3886 661 παρά

2293 689 2347 722 τε
2376 671 2702 742 μοναζόντων
2751 677 2841 724 καί
2886 672 3077 724 λαίκῶν
3165 674 3404 741 εύσεϐὡν,
3492 675 3574 728 ἐπὶ
3641 676 3886 747 γλώσσης

2294 766 2545 834 φερόντων
2596 766 2687 820 τὴν
2748 760 2997 820 καλλονήν
3051 768 3138 816 καὶ
3208 763 3392 838 ἀρετὴν
3473 771 3566 827 τῆς
3632 765 3884 828 εὐσεϐείας

2294 867 2410 903 σου.
2471 850 2604 904 Ἀλλ’
2653 853 2728 902 ἔτι
2782 847 2892 920 δῴη
2951 870 3034 903 σοι
3081 855 3264 924 Κύριος
3317 852 3670 925 ἀγαθοεργεῖν,
3734 854 3885 908 πλου-

2289 946 2390 990 τεῖν
2448 937 2498 990 ἐν
2553 942 2727 1012 ἔργοις
2777 939 2969 1004 καλοῖς,
3049 939 3393 1012 εύμετάδοτον
3452 941 3601 1007 εἶναι,
3663 962 3882 996 κοινωνι-

2290 1030 2400 1093 κὸν,
2455 1027 2953 1102 ἀποθησαυρίζοντα
3011 1029 3175 1098 ἐαυτῷ
3231 1032 3456 1102 θεμελιον
3507 1032 3663 1084 καλὸν
3708 1033 3778 1094 εἰς
3829 1036 3882 1085 τό

2289 1116 2469 1188 μελλον
2492 1134 2506 1148 ·
2542 1121 2610 1179 ὡς
2639 1117 2700 1169 ἂν
2752 1116 2990 1192 ἐπιτεύξῃ
3025 1115 3114 1179 τῆς
3174 1120 3384 1172 αἰωνίου
3420 1125 3571 1183 ζωῆς.
3601 1120 3673 1173 Ὠ
3698 1121 3881 1192 φιλόθεε

2289 1209 2560 1280 κράτιστε,
2613 1211 2709 1265 τήν
2738 1211 3189 1282 παρακαταθήκην
3237 1217 3328 1270 τῆς
3383 1215 3609 1273 πίστεως
3666 1211 3880 1283 ἀκριϐῶς

2291 1294 2450 1368 [cod.
2507 1299 2648 1366 Reg.
2713 1294 2978 1369 ἀσφαλῶς]
3036 1299 3245 1369 κάτεχε,
3313 1297 3393 1350 ἀεὶ
3467 1298 3881 1372 λαμπρυνάμενος

2287 1391 2404 1446 ταῖς
2436 1387 2698 1457 θεουργοῖς
2753 1385 2996 1458 πράξεσι.
3049 1388 3154 1441 Καὶ
3212 1392 3326 1459 περὶ
3374 1391 3567 1440 τούτων
3613 1392 3703 1460 μὲν
3754 1389 3878 1452 ἅλις.

2287 1469 2501 1532 Ἐπειδὴ
2547 1470 2606 1526 δὲ
2660 1479 2748 1526 καὶ
2795 1472 2949 1536 αὖθις
2998 1479 3113 1548 περὶ
3156 1483 3248 1528 τοῦ
3280 1476 3635 1550 πρεσϐυτέρου
3669 1479 3694 1529 ό
3720 1477 3877 1549 λόγος,

2287 1561 2596 1625 ἔξαιτούσης
2648 1571 2738 1623 τῆς
2780 1568 3080 1635 τιμιότητός
3135 1583 3228 1616 σου
3259 1569 3351 1623 τὴν
3395 1565 3543 1617 λύσιν
3576 1574 3669 1618 τοῦ
3697 1569 3880 1641 ἱερουρ·

2285 1659 2391 1723 γείν
2436 1652 2590 1704 αὐτόν
2623 1670 2635 1681 ·
2708 1653 2753 1704 εἰ
2807 1657 2898 1724 μὲν
2951 1651 3266 1725 ἀνθρώπινον
3326 1655 3386 1711 ἦν
3439 1659 3494 1707 τό
3555 1658 3877 1726 ζητούμενον,

2287 1737 2341 1793 εὖ
2389 1742 2450 1792 οἶν
2508 1739 2647 1813 εἶχεν
2676 1758 2688 1769 ⁵
2736 1740 3033 1815 ἐχωροῦμεν
3083 1745 3185 1816 γὰρ
3241 1746 3369 1815 πρὸς
3414 1745 3589 1796 πᾶσάν
3651 1764 3744 1797 σου
3792 1747 3880 1797 ὑπο

2285 1834 2468 1896 ακοὴν,
2519 1831 2775 1902 φιλοῦντες
2821 1850 2877 1883 σε
2938 1833 3228 1906 θεραπεύειν
3287 1836 3374 1884 τὸν
3424 1833 3711 1886 πολλοστὸν
3743 1837 3876 1907 θερα·

2285 1925 2478 1978 πευτὴν
2544 1921 2710 1991 ημῶν.
2754 1919 2900 1974 Ἐπεὶ
2957 1917 3016 1972 δε
3073 1925 3190 1994 περὶ
3236 1928 3326 1973 τοῦ
3381 1926 3508 1974 Θεοῦ
3549 1926 3607 1974 τὸ
3655 1927 3878 1996 κινούμε-

2285 2027 2367 2060 νον
2401 2028 2414 2042 ο
2467 2013 2558 2060 καὶ
2608 2015 2700 2070 τῆς
2741 2016 2840 2060 τῶν
2883 2011 3028 2061 θείων
3061 2015 3281 2061 κανόνων
3323 2012 3600 2082 ὁροθεσίας
3630 2013 3658 2070 ἡ
3715 2017 3879 2085 παρά-

2287 2096 2436 2157 ϐασις
2463 2114 2474 2126 ·
2513 2099 2800 2168 σύγγνωθι,
2855 2093 3042 2170 ἀδελφε
3100 2098 3308 2170 φίλτατε
3341 2115 3353 2128 ·
3388 2099 3493 2170 οῦχ
3523 2101 3628 2152 οἶοί
3658 2105 3712 2153 τί
3735 2100 3875 2172 ἐσμεν

2284 2189 2418 2238 κατά
2461 2205 2515 2238 τε
2559 2191 2686 2239 Θεοῦ
2731 2191 2819 2238 καὶ
2874 2189 3017 2261 ἱερῶν
3079 2195 3300 2238 κανόνων
3370 2189 3594 2240 ἀποίσαε
3663 2195 3830 2260 κρίσιν
3861 2208 3871 2218 ·

2283 2274 2514 2347 μάλιστα
2550 2277 2631 2328 ὅτι
2689 2277 2738 2327 ἐν
2787 2274 2928 2346 αὐτῷ
2977 2278 3144 2346 τούτῳ
3193 2284 3265 2346 τῷ
3303 2282 3577 2349 παρομοίῳ
3629 2278 3874 2350 κεφαλαίῳ

2283 2362 2332 2415 ἐν
2384 2371 2492 2424 τοῖς
2542 2362 2868 2438 προλαϐοῦσι
2922 2369 3134 2435 χρόνοις
3189 2370 3363 2416 πᾶσαν
3417 2369 3510 2424 τὴν
3571 2367 3710 2426 ζωὴν
3740 2370 3872 2438 ἡμῶν

2283 2449 2498 2523 ἐθέμεθα
2525 2471 2539 2484 ο
2583 2460 2836 2525 χωρῆσαι
2892 2457 3019 2523 προς
3071 2450 3373 2518 κινδύνους,
3414 2459 3504 2505 καὶ
3535 2454 3753 2529 ἐξορίας,
3791 2460 3869 2506 καὶ

2285 2541 2556 2606 θανάτους,
2608 2543 2737 2613 ἤπερ
2799 2542 3082 2592 συνθέσθαι
3110 2550 3172 2614 τῇ
3228 2541 3435 2615 ἀνομίᾳ,
3481 2549 3573 2595 καὶ
3622 2543 3764 2596 λύσει
3789 2552 3867 2596 τοῦ

2281 2628 2601 2699 Εύαγγελίου
2654 2637 2745 2679 τοῦ
2825 2636 3079 2702 Χριστοῦ.
3140 2633 3274 2682 Οὔτε
3326 2627 3412 2682 οὖν
3491 2633 3866 2703 μοιχοζεύκτης

2279 2716 2404 2788 παρ’
2436 2718 2601 2788 ἡμῶν,
2653 2719 2767 2768 οὔτε
2808 2713 3246 2789 διγαμοξεύκτης,
3297 2718 3502 2770 λέλυται
3547 2728 3639 2780 τῆς
3687 2723 3862 2795 ἱερουρ-

2278 2810 2420 2877 γίας.
2477 2805 2538 2857 Εἰ
2585 2808 2688 2878 γὰρ
2733 2807 2758 2857 ό
2799 2808 2928 2879 ἱερός
2982 2812 3148 2857 κανὼν
3188 2807 3281 2858 ούκ
3332 2807 3580 2879 ἀνέχεται
3625 2809 3694 2871 εἰς
3725 2806 3864 2880 διγα-

2279 2890 2500 2956 ποῦντος
2547 2896 2716 2966 γάμον
2771 2895 3080 2954 ἐστιαθῆναι
3137 2900 3222 2947 τὸν
3279 2895 3630 2971 πρεσϐύτερον
3661 2919 3673 2932 ο
3710 2898 3858 2969 πολλῷ

2277 3003 2338 3056 γε
2353 2983 2544 3056 μᾶλλον
2567 2982 2801 3058 ἀπείργει
2828 2991 3006 3036 τοῦτον
3033 2992 3123 3036 τοῦ
3156 2994 3504 3056 στεφανῶσαι.

2353 3074 2411 3127 Εἰ
2467 3069 2526 3126 δε
2581 3071 2725 3125 ἄλλοι
2777 3073 2943 3134 ἄλλως
3018 3079 3307 3146 κρίνουσιν,
3390 3075 3613 3146 ὄψονται
3674 3076 3743 3148 ἐφ’
3794 3076 3857 3138 οἷς

2277 3167 2620 3235 πράττουσιν.
2643 3162 2856 3230 Ἡμεῖς
2888 3164 3012 3237 γὰρ,
3047 3167 3196 3235 φησὶ,
3241 3169 3344 3216 καὶ
3393 3166 3447 3216 αἱ
3499 3165 3856 3223 Ἐκκλησίαι

517 3269 666 3318 mus,
701 3268 884 3324 neque
907 3251 1177 3308 Ecclesia
1205 3251 1310 3307 Dei
1334 3252 1403 3304 ⁷⁸.
1434 3252 1653 3317 Quare,
1685 3265 1821 3304 cum
1871 3251 2168 3321 judicium

2280 3259 2388 3304 τοῦ
2437 3259 2598 3306 Θεοῦ
2669 3255 2988 3310 τοιαύτην
3057 3255 3400 3310 συνήθειαν
3458 3254 3572 3306 οὐκ
3625 3258 3852 3326 ἔχομεν.

516 3341 722 3398 videas
748 3358 885 3396 cum
925 3339 1188 3412 periculo
1220 3339 1634 3410 conjunctum,
1662 3339 1785 3393 noli
1813 3341 1934 3394 vim
1974 3339 2168 3397 facere

517 3430 834 3486 humilitati
862 3438 1100 3485 nostrae.
1126 3431 1272 3484 Nam
1299 3429 1345 3482 si
1387 3443 1494 3499 pro
1525 3426 1788 3483 veritatis
1819 3427 2167 3484 defensione

517 3520 593 3576 ad
624 3519 886 3590 pericula
914 3518 1184 3591 quotidie
1210 3516 1600 3586 accingimur,
1625 3531 1748 3588 quo
1768 3524 1942 3587 pacto
1961 3525 2168 3573 contra

520 3608 824 3664 veritatem
850 3606 1382 3663 dissimiliconsilio
1400 3609 1693 3660 irruemus
1715 3604 1742 3659 ?
1761 3609 1887 3661 Non
1917 3613 2004 3662 est
2024 3623 2169 3662 con-

519 3705 894 3762 sentaneum,
928 3697 1199 3761 Domine,
1219 3701 1430 3768 praeter
1458 3711 1529 3751 ea
1553 3710 1690 3766 quae
1711 3695 2167 3767 divinitusjudi-

517 3792 654 3841 cata
677 3792 833 3854 sunt,
864 3786 1055 3842 facere
1093 3785 1427 3858 quidquam
1458 3790 1563 3840 aut
1609 3784 1801 3856 loqui.
1852 3785 2163 3840 Credimus

515 3884 714 3931 autem
745 3882 817 3942 te,
849 3876 950 3948 qui
1003 3891 1185 3931 unam
1233 3876 1454 3946 quaeris
1484 3875 1750 3929 divinam
1797 3876 2163 3930 voluntatem

514 3973 571 4022 et
598 3967 852 4021 salutem
883 3966 1099 4021 anima:
1140 3970 1278 4030 tuas,
1306 3979 1632 4020 assensuru
1664 3964 1756 4018 his
1798 3964 2164 4036 quaamdixi-

516 4071 671 4121 mus,
705 4060 1136 4125 oraturumque
1155 4054 1448 4108 utdivinae
1479 4051 1594 4121 legi
1625 4051 2164 4110 firmiusinhaarea-

515 4161 670 4209 mus,
705 4160 812 4200 nec
842 4145 1179 4216 quidquam
1209 4143 1598 4198 admittamus
1628 4158 1750 4214 quo
1800 4143 2158 4198 mandatum

521 4233 619 4288 Dei
649 4233 740 4288 vel
768 4248 964 4289 canon
996 4233 1269 4289 violetur.

906 4357 1056 4413 CCll.
1092 4386 1157 4398 --
1181 4356 1394 4413 Mariae
1416 4355 1773 4427 Spathariw.

2275 3339 2437 3392 Ὥστε
2465 3337 2616 3402 εἰδὼς
2637 3343 2694 3391 τό
2726 3337 3054 3392 ἐπικίνδυνον
3085 3348 3267 3412 κρῖμα,
3301 3345 3373 3412 μὴ
3411 3343 3742 3415 παραϐιάζου
3778 3347 3854 3398 τήν

2275 3434 2583 3480 ταπείνωσιν
2615 3431 2779 3500 ἡμῶν.
2831 3427 2892 3481 Εἰ
2919 3430 3020 3501 γὰρ
3073 3430 3200 3501 ὑπὲρ
3245 3437 3336 3481 τοῦ
3393 3429 3555 3502 λόγου
3609 3438 3703 3493 τῆς
3751 3429 3849 3486 ἀλη-

2279 3521 2420 3580 θείας
2458 3519 2576 3570 καθ⁹
2643 3518 2868 3576 ἑκάστην
2945 3519 3140 3592 ἡμέραν
3185 3519 3252 3580 εἰς
3315 3518 3598 3583 κινδύνους
3655 3537 3840 3595 παρατε-

2276 3609 2531 3680 τάγμεθα,
2586 3616 2698 3669 πῶς
2733 3609 2864 3659 κατά
2903 3616 2994 3667 τῆς
3047 3607 3292 3670 ἀληθείας
3347 3609 3700 3684 ἐτεροτρόπως
3734 3627 3845 3666 κινη-

2279 3697 2587 3768 θησόμεθα;
2643 3697 2736 3748 ούκ
2809 3699 2920 3768 ἔχει
2975 3700 3153 3769 φύσιν,
3213 3695 3252 3748 ὦ
3305 3694 3565 3764 δέσποτα,
3622 3702 3756 3772 παρὰ
3799 3699 3850 3749 τὰ

2277 3782 2505 3848 θειωδώς
2557 3789 2834 3861 κεκριμένα
2875 3793 2982 3847 τοῖς
3033 3780 3238 3852 κανόσι,
3291 3783 3493 3860 δρᾶσαί
3527 3809 3578 3841 τι
3623 3793 3653 3847 ἢ
3695 3789 3846 3840 εἰπεῖν.

2274 3877 2592 3946 Πιστεύομεν
2639 3871 2698 3927 δὲ
2741 3876 2822 3926 ὅτι
2877 3880 2965 3926 καὶ
3010 3875 3160 3936 αὐτὸς
3217 3876 3265 3928 ἓν
3311 3876 3481 3936 ζητῶν
3539 3883 3597 3930 τό
3656 3878 3844 3947 θέλημα,

2271 3967 2444 4015 καὶτὸ
2472 3959 2802 4037 σωτηριῶδες
2828 3971 2919 4024 τῆς
2965 3963 3148 4036 ψυχῆς
3197 3983 3312 4032 σου,
3367 3969 3700 4038 συμφήσειας
3743 3966 3848 4036 ἡμῖν

2272 4051 2358 4104 ἐπὶ
2396 4061 2503 4113 τοὶς
2544 4052 2861 4124 λελεγμένοις
2891 4069 2907 4084 ο
2962 4058 3052 4104 καὶ
3112 4053 3372 4128 προσεύξῃ
3427 4054 3621 4126 μᾶλλον
3673 4053 3844 4126 ἐπερεί-

2273 4137 2462 4194 δεσθαι
2504 4143 2642 4214 ἡμᾶς
2709 4150 2782 4212 τῷ
2841 4143 2958 4212 θείῳ
3011 4148 3170 4214 νόμῳ,
3221 4149 3310 4195 καὶ
3362 4147 3435 4215 μὴ
3491 4145 3764 4217 προίεσθαι
3797 4142 3844 4193 τό

2271 4233 2468 4284 οἱονοῦν
2493 4233 2575 4284 ἐπὶ
2599 4229 2896 4302 παραϐάσει
2918 4231 3119 4292 ἐντολῆς
3145 4239 3278 4285 Θεοῦ
3308 4237 3398 4285 καὶ
3424 4241 3652 4296 κανόνος.

2451 4355 2539 4409 ΣΒ¹
2758 4387 2828 4397 -
2859 4359 3072 4432 Μαρίᾳ
3114 4359 3466 4434 σπαθαρίᾳ.
3502 4356 3688 4432 [ωιδ¹.]

1414 4454 1785 4504 Pcenitentiam
1819 4453 2004 4503 indicit
2030 4453 2100 4503 ob
2135 4453 2397 4505 violatum
2432 4453 2678 4504 Ecclesiae
2707 4453 2942 4518 asylum.

583 4545 864 4617 Agnoscit
910 4544 1364 4601 honoriﬁcentia
1397 4552 1516 4613 tua,
1566 4543 1889 4600 Ecclesiam
1941 4543 2153 4600 salutis
2185 4551 2230 4605 D

509 4648 638 4690 esse
661 4633 1105 4706 perfugium,ad
1118 4649 1371 4705 eamque
1399 4640 1688 4705 tanquam
1707 4633 1768 4688 in
1794 4647 2012 4688 manus
2029 4635 2153 4700 Dei,

509 4722 830 4794 profugum
857 4738 1162 4778 accurrere
1176 4737 1334 4787 eum,
1355 4737 1532 4793 quem
1549 4723 1935 4777 circumstant
1960 4736 2154 4792 angu-

509 4814 654 4868 stite.
690 4815 887 4884 Neque
929 4812 1104 4882 igitur
1136 4813 1192 4866 in
1243 4811 1427 4866 Veteri
1484 4811 1860 4866 Testamento
1910 4810 1998 4867 fas
2029 4817 2155 4867 erat

506 4917 715 4958 eorum
739 4903 840 4974 qui
862 4901 940 4958 ad
967 4900 1176 4968 refugii
1196 4899 1494 4954 civitatem
1525 4907 1854 4964 evaserant,
1883 4900 2154 4966 abripere

507 5006 877 5064 quemquam
905 5009 921 5059 ;
962 4996 1018 5045 et
1057 4989 1242 5045 multo
1271 4990 1462 5058 magis
1483 4989 1541 5043 in
1574 4991 1736 5044 Novo
1767 4988 2145 5046 Testamento

508 5078 675 5136 nefas
704 5078 1115 5136 estextrahere
1136 5081 1214 5135 ab
1243 5075 1492 5133 ecclesia
1511 5077 1617 5149 qui
1657 5091 1727 5132 eo
1749 5077 2146 5148 confugerint.

581 5231 630 5269 τε
659 5234 681 5288 ι
711 5232 846 5290 Cor.
881 5245 982 5303 xu,
1018 5233 1104 5287 16.
1185 5303 1196 5314 _

2332 4543 2390 4596 Ἠ
2417 4547 2659 4616 τιμιότης
2710 4563 2802 4596 σου
2851 4544 3095 4620 γνωρίζει
3145 4546 3225 4598 ὅτε
3285 4547 3315 4604 ἡ
3369 4545 3655 4605 Ἐκκλησία
3695 4562 3838 4615 φυγα-

2264 4629 2539 4708 δευτήριόν
2570 4632 2679 4686 ἐστι
2710 4637 2970 4706 σωτηρίας
3003 4650 3018 4665 ⁸
3073 4639 3162 4687 καὶ
3193 4635 3364 4710 ὥσπερ
3405 4634 3476 4697 εἰς
3501 4643 3688 4710 χεῖρας
3724 4637 3838 4688 Θεοῦ

2265 4723 2291 4775 ὁ
2336 4722 2578 4798 πρόσφυξ
2635 4723 2916 4798 ἀποτρέχει
2991 4726 3391 4795 περιστατηθεὶς
3439 4725 3542 4776 ύπό
3600 4723 3835 4795 ἀναγκῶν.

2264 4812 2397 4865 Οὔτε
2423 4809 2509 4864 οὖν
2539 4813 2588 4865 ἐν
2614 4821 2676 4886 τῇ
2709 4813 2914 4884 Παλαιᾷ
2960 4815 3192 4885 Διαθὴκη
3245 4812 3355 4875 ἐξόν
3406 4810 3466 4872 ἧν
3520 4821 3618 4866 τῶν
3663 4813 3732 4874 εἰς
3758 4815 3837 4867 τὴν

2262 4901 2409 4954 πόλιν
2497 4911 2596 4954 τῶν
2658 4899 3089 4976 φυγαδευτηρίων
3163 4903 3606 4975 ἀποσεσωσμίνων
3693 4901 3838 4972 ἀφαρ-

2260 4991 2444 5052 πάζειν
2496 4994 2610 5044 τινά
2643 5009 2655 5022 ·
2699 4993 2758 5045 ού
2802 4991 2971 5063 πολλῷ
3024 4991 3213 5064 μᾶλλον
3268 4991 3316 5043 ἐν
3369 5000 3430 5065 τῇ
3493 4997 3600 5063 Νέᾳ
3653 4991 3836 5062 θεμιτὸν

2260 5080 2502 5154 ἀποσπᾷν
2545 5089 2636 5143 τῆς
2701 5080 2978 5142 ἱκκλησίας
3037 5084 3154 5142 τοὺς
3232 5083 3662 5153 καταφεύγοντας.
3713 5077 3836 5131 Καθ·

2056 5352 2106 5412 Ν
2110 5353 2290 5416 ΟΤιΕ.

577 5481 694 5557 (95)
719 5483 784 5542 In
812 5481 947 5543 cod.
979 5481 1120 5553 Reg.
1153 5475 1261 5536 ad".

2258 5479 2370 5548 (96)
2393 5481 2462 5542 In
2487 5480 2626 5544 cod.
2648 5481 2795 5557 Reg.
2825 5499 2937 5555 σς.
