4058 6274
269 345 404 399 1617

1562 348 2068 407 EPISTOLARUM
2110 351 2246 406 LIB.
2295 352 2364 406 II.

3486 350 3624 403 1618

261 468 471 542 ύϐρισις
526 472 628 544 γάρ
688 471 803 525 ἐστι
848 480 1001 526 τοῦτο
1049 482 1150 526 τῶν
1207 477 1351 527 θείων
1404 478 1593 547 νόμων,
1643 480 1733 528 καὶ
1772 483 1863 528 τοῦ

1978 477 2344 532 Contumelia
2374 477 2533 532 enim
2581 477 2709 532 haec
2755 482 2841 532 est
2871 477 3214 532 divinarum
3242 474 3444 544 legum
3474 473 3625 529 divi-

260 559 396 610 θείου
457 560 863 635 θυσιαστηρίου.
913 562 1073 615 Ὠστε
1123 564 1442 621 σκοπησάτω
1494 583 1591 615 σου
1640 567 1669 622 ἡ
1723 564 1865 616 εὗσέ-

260 645 392 711 ϐεια,
434 648 613 706 ἡλίκον
663 654 721 702 τὸ
766 651 1028 723 τόλμημα.
1078 657 1165 712 Τίς
1201 649 1258 705 δὲ
1306 653 1336 710 ἠ
1386 654 1675 726 θεραπεία;
1713 661 1864 727 Πρῶ-

258 754 345 787 τον
376 741 465 807 μὲν
504 741 562 789 τὸ
611 741 795 792 θέσθαι
849 740 1006 813 ἑαυτῇ
1062 742 1199 813 ὅρον,
1251 746 1438 813 μηκέτι
1477 742 1670 813 τολμᾷν
1713 750 1866 794 τοῦτο

259 825 479 898 πρᾶξαι,
530 826 625 879 κᾶν
678 830 744 880 τὰ
814 830 918 881 οἶνω
965 831 1108 882 κάτω
1162 834 1393 901 γένηται.
1455 836 1673 883 ’Ἔπειτα
1735 838 1869 883 Τεσ-

261 920 596 985 σαρακοστὴν
648 917 768 975 ὃλην
825 916 1121 990 ἀπέχεσθαι
1168 928 1268 970 τῶν
1323 919 1687 991 ἁγιασμάτων,
1717 939 1869 992 γονυ-

259 1003 510 1057 κλινοῦσα
582 1008 911 1066 καθεκάστην
988 1005 1223 1074 δεκάκις,

266 1090 496 1163 λέγουσα
548 1111 559 1122 ·

1300 1014 1390 1061 καὶ
1463 1012 1870 1067 πεντηκοντάκις

623 1099 801 1169 Κύριε,
858 1102 1216 1170 συγχώρησον
1262 1118 1353 1170 μοι
1398 1102 1492 1155 τὴν
1544 1098 1802 1172 ἁμαρτίαν
1852 1121 1865 1134 ·

265 1184 441 1255 Κύριε,
499 1183 745 1243 ἱλάσθητί
801 1206 891 1258 μοι
954 1196 1015 1259 τῇ
1078 1187 1386 1260 ἁμαρτωλῷ.
1447 1187 1670 1259 Ὁμοίως
1722 1194 1808 1240 καί
1846 1201 1860 1214 ’

262 1273 439 1345 Κύριε,
492 1271 698 1331 ἐλέησόν
750 1295 813 1347 με
869 1272 1088 1348 δωρεάν.
1142 1283 1293 1347 Τρεῖς
1336 1296 1387 1328 τε
1415 1276 1651 1348 ψαλμοὺς
1678 1296 1866 1349 στιχο-

261 1359 468 1431 λογείνο
522 1361 794 1436 ἐξαιρέτως
846 1367 931 1416 τὸν
983 1364 1055 1430 ς·’,
1098 1369 1183 1417 τὸν
1240 1363 1338 1429 λζ’,
1390 1370 1479 1417 καὶ
1533 1369 1619 1417 τὸν
1672 1365 1733 1431 ν’,
1778 1370 1867 1418 καὶ

264 1447 357 1501 εἶθ’
384 1451 539 1511 οὕτως
565 1453 590 1503 ὁ
636 1456 761 1513 Θεὸς
792 1459 1141 1528 συγχωρήσει
1185 1473 1288 1519 σοι,
1342 1459 1518 1527 κυρία,
1572 1460 1658 1512 τὴν
1702 1455 1867 1528 ἁμαρ-

262 1542 400 1595 τίαν,
442 1539 500 1590 Εἰ
553 1537 612 1592 δὲ
661 1546 750 1594 καὶ
794 1545 1017 1617 πάρεστι
1051 1540 1294 1615 δύναμις,
1350 1546 1747 1617 τεσσαράκοντα
1777 1542 1866 1617 ἀρ-

264 1630 424 1701 γύρια
450 1625 633 1681 δοῦναι
658 1638 916 1702 πτωχοῖς.

440 1751 777 1824 ΣΓ’(97).-
812 1754 1046 1829 Εἰρήνῃ
1091 1758 1449 1829 ἡγουμένη.
1501 1756 1683 1827 [ωια’.]

264 1857 465 1907 Rursus
500 1858 565 1909 de
590 1860 904 1925 presbytero
934 1864 1026 1926 qui
1061 1878 1185 1913 cum
1230 1864 1491 1914 haereticis
1517 1864 2011 1913 communicaverat

1974 567 2153 636 nique
2200 565 2421 621 altaris.
2452 564 2646 633 Quare
2676 565 3010 621 consideret
3049 566 3237 635 pietas
3282 569 3402 633 tua,
3436 579 3625 634 quan-

1974 661 2096 709 tum
2133 655 2215 710 sic
2244 655 2358 710 hoc
2391 654 2642 710 facinus.
2691 656 2975 719 Quaenam
3024 669 3162 708 vero
3207 659 3295 708 est
3333 652 3565 707 medela
3594 650 3624 705 ?

1977 744 2237 797 Primum
2268 743 2511 815 quidem
2542 742 2643 799 tibi
2671 743 2787 814 ipsi
2821 749 2880 798 ut
2904 742 3095 814 legem
3129 746 3374 806 statuas,
3408 757 3479 795 ne
3508 741 3625 795 hoc

1976 831 2169 886 facere
2197 832 2421 887 audeas
2448 833 2726 903 amplius,
2757 837 2813 886 et
2835 848 3079 903 pessum
3105 836 3243 886 eant
3272 831 3497 885 omnia.
3523 829 3626 883 De-

1976 920 2114 975 inde
2149 926 2206 974 ut
2233 925 2416 975 totam
2460 920 2991 990 Quadragesimam
3022 936 3057 976 a
3084 918 3267 975 sacris
3296 918 3621 981 abstineas,

1977 1008 2171 1064 decies
2185 1025 2381 1079 genua
2394 1010 2636 1065 ﬂectens
2649 1010 2897 1079 singulis
2912 1006 3624 1080 diebus,etquinquagies

1978 1098 2183 1153 dicens
2211 1115 2224 1153 :
2253 1097 2518 1163 Domine,
2544 1098 2823 1154 condona
2847 1098 2989 1152 mihi
3014 1098 3127 1152 hoc
3152 1102 3486 1168 peccatum.
3520 1097 3628 1150 Do-

1982 1187 2159 1250 mine,
2189 1188 2481 1257 propitius
2505 1190 2632 1241 esto
2652 1186 2797 1241 mihi
2827 1186 3160 1258 peccatrici.
3192 1184 3623 1255 Similiterque:

1983 1276 2248 1343 Domine,
2269 1276 2550 1330 miserere
2568 1276 2682 1330 mei
2706 1275 2911 1345 gratis.
2930 1274 3070 1330 Tres
3094 1288 3335 1346 quoque
3353 1271 3623 1344 psalmos

1978 1365 2205 1427 recites,
2240 1365 2537 1437 praecipue
2584 1373 2839 1427 sextum,
2874 1363 3241 1419 tricesimum
3276 1362 3618 1433 septimum,

1976 1459 2032 1509 et
2051 1454 2622 1525 quinquagesimum
2650 1469 2660 1505 :
2689 1457 2867 1524 atque
2888 1453 2968 1507 ita
2990 1453 3141 1507 Deus
3163 1455 3476 1523 peccatum
3498 1448 3622 1515 tibi,

1974 1541 2243 1609 domina,
2277 1543 2546 1598 remittet.
2577 1541 2744 1607 Quod
2772 1541 2820 1596 si
2849 1541 3027 1596 etiam
3061 1540 3321 1612 suppetit
3352 1538 3639 1595 facultasi

1975 1633 2377 1704 quadraginta
2406 1635 2722 1701 argenteos
2746 1629 2853 1685 des
2884 1630 3278 1702 pauperibus.

2362 1755 2540 1810 CCIII.
2573 1787 2641 1795 —
2669 1754 2862 1812 Irenav
2884 1754 3240 1825 praepositae.

2055 1878 2065 1911 :
2104 1862 2402 1913 sacrificare
2434 1876 2541 1912 non
2570 1861 2763 1911 debere
2798 1875 2969 1926 usque
3004 1859 3071 1911 ad
3104 1860 3393 1924 synodum,
3421 1873 3528 1923 qua
3558 1858 3624 1909 de

1695 1926 1892 1976 talibus
1919 1929 2206 1976 statuatur.

333 2009 551 2082 Μακρὰν
609 2009 709 2064 ἀπὸ
762 2022 860 2066 τῶν
908 2017 1172 2087 ἐγκωμίων
1231 2035 1325 2067 σου
1376 2018 1426 2068 οὶ
1474 2021 1659 2090 τρόποι
1697 2021 1787 2069 καὶ
1815 2018 1865 2068 οἱ

2048 2018 2243 2085 Longe
2257 2014 2567 2071 absuntab
2588 2014 2878 2070 encomiis
2893 2013 3009 2069 tuis
3021 2028 3214 2068 mores
3235 2017 3289 2068 et
3312 2026 3624 2068 sermones

261 2097 403 2170 λόγοι
432 2100 526 2159 τῆς
574 2101 831 2163 πολιτείας
884 2123 1007 2175 μου,
1059 2106 1346 2175 τιμιωτάτη
1395 2113 1676 2175 γυναικῶν.
1727 2102 1862 2158 Ἀλλ’

264 2190 408 2240 εἴωθε
432 2188 586 2260 ψυχὴ
631 2196 792 2249 πιστὴ
826 2197 917 2244 καὶ
962 2193 1201 2253 ζητοῦσα
1230 2197 1314 2245 τὸν
1358 2196 1565 2268 Κύριον,
1622 2192 1863 2255 ἐπαίνους

264 2276 503 2330 ἀνάπτειν
546 2287 656 2342 τοῖς
700 2280 1027 2352 ἁγεράστοις,
1084 2285 1153 2343 ὡς
1203 2282 1263 2333 ἂν
1314 2285 1538 2335 ἐντεῦθεν
1579 2282 1863 2355 ἐρανίσοιτο

262 2369 321 2417 τὸ
365 2373 455 2427 τῆς
508 2373 981 2439 ταπεινοφροσύνης
1030 2370 1187 2431 κλέος.
1238 2375 1466 2429 Τοιαύτη
1519 2368 1606 2423 οὖν
1659 2369 1864 2424 ὑπεδεί-

262 2457 402 2525 χθης
443 2457 589 2527 ἡμῖν,
634 2453 827 2529 ἀδελφὴ
884 2457 930 2508 ἐν
987 2464 1181 2531 Κυρίῳ.
1240 2461 1379 2513 Ἐπεὶ
1436 2466 1525 2512 καὶ
1580 2463 1726 2531 ἡμεῖς
1777 2481 1864 2532 γι-

262 2548 545 2604 νώσκοντες
584 2548 649 2597 τὰ
704 2545 820 2598 καθ’
867 2546 1097 2613 ἑαυτοὺς,
1154 2545 1277 2601 οὐδὲ
1330 2556 1428 2600 τῶν
1481 2557 1569 2601 νῦν
1620 2549 1863 2621 ἐσχάτων

268 2630 563 2684 ἰσοστατεῖν
613 2639 846 2707 κρίνομεν
904 2635 1117 2697 ἑαυτούς
1151 2657 1164 2670 ο
1220 2642 1291 2708 μὴ
1344 2638 1421 2689 ὅτι
1477 2657 1536 2708 γε
1566 2637 1686 2709 ὕψει
1719 2638 1865 2696 τηλι-

263 2722 432 2791 κούτῳ
500 2728 833 2796 παρενείρειν,
901 2727 1039 2776 καθὰ
1082 2729 1365 2798 γέγραφας.
1426 2726 1561 2779 Ἀλλ’
1619 2723 1723 2779 ὦδε
1775 2731 1864 2798 μὲν

264 2816 431 2861 ταῦτα
486 2813 696 2863 κείσθω.
755 2812 869 2865 Ἐπὶ
924 2809 983 2865 δὲ
1022 2822 1082 2886 τῇ
1140 2822 1231 2866 τοῦ
1283 2814 1633 2889 πρεσϐυτέρου
1683 2817 1866 2868 ὑποθέ-

265 2916 346 2949 σει
396 2904 671 2969 μετακτέον
718 2904 802 2952 τόν
851 2901 1019 2972 λόγον.
1082 2903 1315 2955 Ούτίπου
1376 2906 1544 2976 ἡμεῖς.
1594 2902 1633 2955 ὦ
1665 2903 1861 2976 ἀμμὰς,

260 2993 348 3037 νῦν
395 2991 486 3056 μὲν
530 2996 678 3041 τοῦτο
709 2989 938 3063 λέγομεν,
989 2995 1166 3063 αύριον
1213 2990 1270 3044 δὲ
1320 2994 1482 3065 ἕτερον
1517 3010 1529 3022 ·
1582 2993 1687 3044 αλλ’
1721 2995 1746 3045 ὁ
1777 2994 1863 3045 αύ-

262 3080 351 3135 τὸς
395 3076 545 3146 λόγος
589 3076 637 3129 ἐν
689 3082 811 3150 ἡμῖν
856 3079 997 3132 ἐστιν
1045 3080 1143 3134 ἀεί.
1174 3086 1237 3134 Τί
1285 3082 1482 3147 τοῦτο;
1536 3086 1623 3133 τὸν
1679 3082 1867 3134 ἁλόντα

258 3168 609 3237 πρεσϐύτερον
663 3175 723 3239 τῇ
788 3175 1030 3241 κοινωνίᾳ
1087 3178 1186 3221 τῶν
1246 3173 1535 3243 αἱρετικών,
1615 3171 1717 3241 εἰγε
1767 3174 1866 3242 μοί-

259 3250 419 3303 λιστα
473 3258 562 3306 καὶ
644 3256 941 3330 ὑπογραφῇ,
1010 3262 1082 3328 μὴ
1167 3258 1352 3321 ἐξεῖναι
1412 3261 1715 3333 ἱερουργεῖν,
1772 3260 1866 3319 ἕως

1974 2104 2107 2160 vitae
2136 2120 2303 2170 meai,
2326 2103 2795 2159 honoratissima
2818 2102 3156 2158 mulierum.
3184 2100 3295 2157 Sed
3321 2100 3469 2157 solet
3493 2099 3630 2156 ani-

1973 2210 2073 2249 ma
2101 2193 2293 2248 ﬁdelis
2345 2198 2399 2248 et
2446 2208 2723 2264 quaerens
2759 2192 3080 2247 Dominum
3128 2190 3337 2247 laudes
3370 2189 3625 2245 tribuere

1973 2283 2305 2347 immeritis,
2333 2287 2394 2337 ut
2413 2281 2761 2336 humilitatis
2780 2280 2917 2336 inde
2940 2281 3192 2349 gloriam
3220 2279 3629 2338 nanciscatur.

1972 2372 2170 2427 Talem
2194 2372 2369 2439 igitur
2400 2377 2451 2425 te
2478 2386 2608 2426 esse
2640 2371 3021 2440 agnovimus,
3046 2385 3215 2425 soror
3244 2369 3304 2423 in
3351 2368 3623 2423 Domino.

1975 2463 2117 2517 Nam
2150 2477 2288 2515 cum
2321 2475 2429 2515 nos
2456 2461 2618 2530 ipsos
2649 2475 3113 2529 cognoscamus.
3156 2473 3265 2513 nec
3309 2456 3625 2529 postremis

1973 2551 2075 2620 qui
2107 2565 2266 2604 nunc
2298 2553 2453 2614 sunt,
2487 2564 2597 2603 nos
2624 2564 3012 2620 exaequamus
3045 2561 3058 2599 :
3102 2546 3322 2602 nedum
3360 2551 3425 2601 ut
3465 2550 3625 2601 tanto

1974 2653 2084 2693 nos
2115 2638 2442 2693 inferamus
2466 2637 2722 2706 fastigio,
2754 2636 3228 2707 sicutscripsisti.
3253 2638 3470 2691 Verum
3496 2634 3625 2690 haec

1974 2727 2216 2799 quidem
2231 2728 2311 2781 ita
2326 2743 2388 2780 se
2414 2726 2695 2781 habeant.
2711 2725 2798 2780 Ad
2816 2725 3146 2797 presbyteri
3166 2740 3415 2780 causam
3437 2730 3628 2779 trans-

1974 2816 2220 2871 ferenda
2249 2822 2336 2870 est
2378 2816 2585 2871 oratio.
2624 2815 3106 2886 Haudquaquam
3151 2829 3286 2879 nos,
3330 2829 3366 2870 o
3411 2817 3622 2880 mater,

1975 2920 2135 2959 nunc
2164 2904 2408 2976 quidem
2433 2903 2549 2959 hoc
2578 2903 2853 2968 dicimus,
2887 2918 3018 2958 cras
3051 2907 3249 2958 autem
3276 2901 3437 2957 aliud
3472 2917 3483 2955 :
3520 2903 3625 2957 sed

1972 2994 2133 3049 idem
2156 2994 2331 3048 nobis
2365 3008 2603 3063 semper
2630 2997 2718 3047 est
2743 3008 2960 3047 sermo.
2994 2992 3143 3056 Quid
3184 2991 3298 3046 hoc
3329 2990 3465 3045 est?
3497 2993 3621 3045 Pre-

1975 3082 2235 3153 sbytero,
2270 3082 2374 3153 qui
2419 3082 2476 3134 in
2510 3080 2925 3137 haereticorum
2955 3080 3382 3135 communione
3412 3078 3625 3149 depre-

1974 3171 2195 3225 hensus
2216 3176 2321 3238 est,
2354 3170 2734 3241 maximeque
2763 3169 2812 3223 si
2840 3168 3213 3239 subscripsit,
3241 3168 3426 3224 sacris
3454 3168 3622 3237 fungi

1974 3276 2094 3315 non
2112 3259 2305 3324 licere,
2333 3275 2521 3330 usque
2540 3258 2614 3312 ad
2648 3258 2952 3329 synodum
2974 3256 3394 3321 orthodoxam,
3418 3256 3477 3311 in
3500 3272 3623 3329 qua

258 3348 446 3413 καιροῦ
506 3342 790 3416 ὀρθοδόξου
872 3343 1117 3411 συνόδου,
1174 3346 1245 3419 ἐφ’
1386 3350 1451 3399 τὰ
1508 3354 1725 3399 τοιαῦτα
1777 3352 1864 3400 καὶ

1978 3349 2101 3403 haec
2131 3348 2540 3415 discutientur,
2574 3353 2631 3402 et
2655 3346 3174 3417 dijudicabuntur:
3212 3346 3329 3400 nisi
3357 3351 3620 3401 tantum-

262 3431 657 3502 θεωρηθήσεται
706 3439 795 3486 καὶ
850 3431 1259 3509 διακριθήσεται
1290 3452 1308 3470 ο
1340 3436 1368 3494 ἦ
1404 3439 1557 3507 μόνον
1613 3440 1671 3487 τὸ
1731 3440 1867 3488 κατὰ

257 3524 573 3593 περίστασιν
649 3519 946 3594 βαπτίζειν,
1000 3523 1294 3595 ἐκκομίζειν
1373 3529 1570 3598 νεκρὸν,
1655 3521 1867 3577 διδόναι

259 3606 418 3679 [cod.
482 3613 622 3679 Reg.
677 3608 872 3685 διδεῖν]
933 3621 1125 3684 σχῆμα
1176 3620 1417 3685 μοναχῷ,
1472 3612 1708 3683 ἁγιάζειν
1768 3623 1866 3666 τῶν

265 3704 556 3769 Θεοφανίων
582 3704 638 3751 τὸ
688 3698 852 3773 ὕδωρ,
909 3702 1338 3773 εὐαγγελίζεσθαι
1380 3704 1497 3754 κατ’
1536 3704 1748 3777 ἄρθρον,
1778 3723 1865 3773 καὶ

264 3784 605 3854 μεταδιδόναι
681 3798 780 3841 τῶν
856 3790 1196 3861 ἀγιασμάτων
1271 3789 1378 3850 ἤδη
1459 3794 1867 3866 θεουργηθέντων

265 3874 364 3925 ὑπὸ
397 3881 730 3947 σεσωσμένου
770 3878 1145 3951 πρεσϐυτέρου.
1196 3884 1296 3932 Καὶ
1350 3887 1531 3944 ταῦτα,
1584 3883 1651 3942 ὡς
1702 3877 1863 3947 εἶπον,

259 3961 315 4024 ἐξ
368 3962 613 4036 ἀνάγκης.
668 3968 808 4020 Ἐπεὶ
866 3969 1231 4042 εὑρισκομένου
1286 3976 1376 4021 τοῦ
1421 3973 1494 4040 μὴ
1553 3967 1867 4043 ἐμπαρέντος

259 4058 322 4123 τῇ
379 4060 621 4127 κοινωνίᾳ
671 4058 863 4129 ἱερέως,
913 4054 1038 4110 ούδί
1089 4059 1156 4110 τὰ
1207 4061 1557 4131 προειρημένα
1608 4065 1865 4132 πράσσειν

264 4139 395 4203 ἒξόν.

331 4228 390 4282 Ὀ
433 4234 522 4302 μὲν
579 4229 665 4285 οὖν
716 4235 962 4307 ἡμέτερος
1010 4233 1160 4306 λόγος
1212 4242 1462 4295 τοιοῦτος.
1505 4236 1564 4289 Εἰ
1613 4232 1672 4288 δε
1722 4235 1867 4288 οἴλλοι

260 4318 429 4379 ἄλλως
478 4321 507 4379 ἡ
543 4330 820 4395 φρονοῦσιν
861 4324 890 4381 ἦ
923 4328 1208 4395 κρίνουσιν,
1244 4326 1344 4377 εἶτε
1404 4325 1725 4389 ἱσοστιίσιοι,
1768 4327 1867 4377 εἴτε

260 4407 607 4482 ύπερϐάθμιοι
638 4429 648 4440 ⁸
700 4409 981 4485 ἐπειδήπερ
1037 4412 1142 4483 οὐχ
1196 4414 1313 4485 ὅρος
1342 4411 1712 4485 ἐξ[εν]ἠνεκται
1763 4412 1865 4466 ἀπὸ

260 4505 355 4549 τοῦ
402 4499 706 4573 ἀρχιερέως,
765 4499 838 4572 ἐφ’
940 4500 1219 4572 ἀναγκαῖον
1258 4499 1318 4560 ἧν
1350 4506 1581 4577 στέργειν
1610 4505 1803 4563 πάντας
1842 4518 1855 4530 ‘

260 4596 358 4648 τῆς
415 4587 648 4650 ἐξουσίας
698 4589 798 4641 εἰσὶ
852 4593 1047 4663 κύριοι,
1097 4595 1185 4641 καὶ
1224 4592 1371 4661 ἡμεῖς
1397 4611 1454 4662 γε
1503 4596 1705 4649 σιωπὴν
1754 4591 1861 4653 ἕξο-

1974 3437 2158 3493 modo
2206 3454 2266 3491 re
2298 3443 2541 3505 urgente
2571 3436 2895 3508 baptizare,
2927 3442 3228 3490 mortuum
3257 3434 3481 3505 eﬁ'erre,
3516 3434 3626 3491 ha-

1974 3526 2164 3581 bitum
2191 3526 2332 3581 dare
2358 3525 2674 3589 monacho,
2698 3523 3218 3596 Theophaniorum
3241 3539 3465 3595 aquam
3491 3539 3626 3579 san-

1977 3613 2254 3677 ctiﬁcare,
2284 3612 2690 3681 evangelizare
2716 3612 2998 3675 diluculo,
3032 3618 3087 3666 et
3112 3610 3397 3683 impertiri
3428 3626 3626 3667 sacra-

1978 3708 2177 3757 menta
2194 3703 2323 3771 jam
2345 3705 2479 3756 ante
2510 3701 2587 3756 ab
2609 3702 2851 3756 innoxio
2882 3701 3231 3772 presbytero
3252 3704 3624 3757 consecrata.

1975 3793 2163 3863 Atque
2194 3793 2341 3855 haec;
2377 3790 2596 3857 utdixi,
2621 3807 2692 3846 ex
2723 3790 3092 3846 necessitate.
3123 3793 3269 3845 Nam
3297 3791 3341 3844 si
3371 3790 3625 3860 reperia-

1978 3888 2071 3937 tur
2086 3880 2478 3950 sacerdosqui
2496 3896 2529 3934 a
2544 3879 2967 3934 communione
2982 3878 3375 3934 illaimmunis
3389 3893 3625 3933 manse-

1978 3971 2069 4038 rit,
2097 3984 2171 4024 ne
2200 3968 2327 4024 haec
2358 3968 2603 4040 quidem
2628 3982 2764 4039 quas
2795 3966 2957 4024 dicta
2991 3972 3149 4036 sunt,
3172 3967 3365 4023 facere
3391 3965 3546 4021 licet.

2045 4238 2254 4292 Nostra
2283 4234 2461 4304 igitur
2488 4234 2615 4289 hac
2645 4239 2733 4289 est
2763 4233 3072 4290 sententia.
3107 4232 3280 4298 Quod
3309 4233 3353 4287 si
3388 4232 3484 4289 alii
3515 4232 3624 4289 ali—

1977 4331 2061 4381 ter
2090 4324 2178 4380 vel
2221 4325 2500 4388 sentiunt,
2535 4324 2625 4378 vel
2671 4322 2964 4393 judicent,
3016 4324 3140 4378 sive
3185 4323 3457 4393 ejusdem
3507 4323 3623 4378 sint

1975 4414 2219 4484 gradus,
2244 4414 2367 4467 sive
2393 4413 2713 4483 superioris
2739 4428 2751 4466 :
2775 4413 3064 4484 quoniam
3087 4426 3209 4467 non
3236 4411 3315 4468 ab
3335 4411 3621 4484 episcopo

1973 4503 2092 4558 lata
2108 4506 2198 4558 lex
2230 4507 2338 4567 est,
2359 4502 2417 4556 in
2441 4517 2565 4574 qua
2595 4517 2839 4557 necesse
2862 4502 2936 4556 sit
2960 4516 3173 4557 omnes
3200 4502 3579 4573 acquiescere
3605 4519 3618 4569 ;

1972 4594 2258 4649 libertatis
2278 4609 2397 4646 suae
2416 4598 2551 4646 sunt
2569 4591 2820 4651 domini.
2841 4597 2896 4647 et
2913 4608 3022 4647 nos
3041 4593 3099 4646 in
3122 4592 3351 4647 silentio
3373 4592 3619 4646 erimus.

260 4694 368 4747 μεν.
426 4677 830 4750 Παρακαλοῦμεν
890 4675 948 4730 δὲ
1000 4683 1094 4735 τὴν
1148 4681 1429 4750 τιμιότητοὲ
1480 4699 1596 4746 σου,
1656 4682 1725 4741 ὡς
1780 4681 1864 4732 ἐπὶ

1978 4683 2292 4737 Hortamur
2313 4688 2512 4736 autem
2535 4682 2933 4736 reverantiam
2954 4688 3141 4745 tuam,
3174 4686 3233 4735 ut
3265 4680 3415 4735 sicut
3435 4681 3492 4734 in
3517 4680 3622 4736 bo-

260 4772 323 4836 τῇ
384 4764 555 4839 ἀγαθῇ
627 4767 878 4838 πολιτείᾳ,
938 4767 1097 4828 οὕτως
1157 4774 1242 4820 καὶ
1312 4772 1394 4821 ἐπὶ
1460 4777 1521 4841 τῇ
1585 4766 1866 4842 ὀρθοδοξίᾳ

261 4852 529 4924 ἀκρίϐειαν
586 4855 744 4908 ἕλκειν
774 4874 785 4885 ·
841 4854 1134 4909 ἀκούουσαν
1187 4865 1280 4909 τοῦ
1333 4858 1646 4910 Ἀποστόλου
1698 4858 1865 4929 λέγον-

258 4962 347 5002 τος
376 4959 387 4969 ⁸
437 4946 899 5016 Καθαρίσωμεν
941 4945 1210 5008 ἑαυτοὺς
1249 4946 1369 4998 ἀπὸ
1412 4950 1645 5007 παντὸς
1683 4947 1865 5019 μολυ-

262 5039 429 5104 σμοῦ
490 5036 728 5106 σαρκὸς
797 5038 905 5085 καὶ
964 5037 1347 5107 πνεύματος,
1422 5034 1866 5096 ἐπιτελοῦντες

260 5120 633 5191 ἁγιωσύνην
666 5121 722 5173 ἐν
764 5121 929 5195 φόϐῳ
955 5130 1136 5177 Θεοῦ.
1167 5121 1334 5186 Οἶδας
1355 5126 1455 5198 γὰρ
1487 5126 1567 5177 ὃτι
1592 5125 1651 5176 ού
1680 5127 1867 5197 μικρὸς

260 5207 601 5284 ἀνερριπίσθη
630 5208 862 5284 διωγμὸς
886 5214 935 5265 ἐν
958 5220 1019 5285 τῇ
1045 5213 1295 5286 λυσσώσῃ
1321 5218 1483 5287 μέχρι
1504 5222 1594 5267 τοῦ
1611 5219 1868 5287 παρόντος

335 5398 380 5432 ⁷⁷
416 5398 654 5455 Cor.vu.
693 5403 741 5453 l.

1975 4787 2053 4826 na
2073 4771 2547 4833 conversatione,
2575 4771 2658 4824 sic
2689 4768 2870 4824 etiam
2898 4770 2957 4823 in
2990 4768 3107 4823 ﬁde
3135 4769 3471 4824 orthodoxa
3497 4767 3625 4823 dili-

1975 4860 2239 4927 gentiam
2272 4858 2588 4912 adhibeat:
2627 4858 2879 4912 audiens
2901 4857 3252 4928 Apostolum
3283 4858 3577 4912 dicentem
3609 4874 3622 4913 :

1971 4947 2327 5002 Mundemus
2342 4962 2446 5001 nos
2459 4946 2534 5001 ab
2548 4946 2707 5001 omni
2718 4945 3159 5017 inquinamento
3174 4945 3374 5001 carnis
3389 4950 3441 5001 et
3453 4946 3630 5017 spiri-

1974 5041 2087 5103 tus,
2116 5035 2489 5106 perﬁcientes
2530 5034 3058 5103 sanctiﬁcationem
3088 5034 3151 5090 in
3183 5034 3392 5091 timore
3424 5035 3529 5091 Dei
3552 5036 3622 5089 ⁷⁷.

1975 5125 2133 5181 Nosti
2163 5124 2323 5180 enim
2358 5139 2477 5178 non
2508 5123 2791 5193 exiguam
2826 5123 3142 5178 excitatam
3180 5138 3311 5178 esse
3350 5139 3630 5195 persecu-

1975 5213 2199 5270 tionem
2234 5229 2269 5268 a
2298 5212 2525 5267 furente
2557 5213 2845 5268 hactenus
2877 5212 3082 5266 haeresi
3118 5226 3129 5264 :
3166 5211 3268 5266 sed
3301 5216 3354 5266 et
3391 5213 3630 5283 sangui-

1819 5496 2025 5553 NOT/E
2036 5541 2052 5557 .

337 5628 454 5702 (97)
479 5628 544 5686 In
574 5628 710 5686 cod.
738 5630 879 5703 Reg.
912 5627 1004 5685 σε’.
