4058 6274
560 295 701 350 1619

545 515 1016 566 consummatos.
1079 513 1267 577 Quam
1323 514 1512 570 multa
1566 530 1745 586 porro
1797 515 1858 570 in
1909 513 2194 570 custodiis

543 601 1007 672 carceribusque
1051 601 1273 658 inﬂicta
1319 605 1431 658 sint
1465 605 1702 669 acerba,
1747 604 1892 676 quid
1925 619 2080 675 opus
2109 607 2198 658 est

541 687 736 744 dicere
767 687 794 742 ‘l
830 689 1240 758 relegationes,
1277 692 1649 758 abactiones,
1684 701 1909 764 raptus,
1955 693 2196 748 vincula

547 777 756 844 ferrea,
781 777 956 832 famis
987 780 1303 846 cruciatus,
1326 781 1696 848 solitudines,
1730 788 1940 837 caetera
1969 781 2194 843 omnia,

545 882 681 937 quae
712 866 960 935 longum
993 868 1065 922 sit
1095 884 1356 924 narrare.
1393 870 1447 926 Si
1479 886 1620 940 ergo
1651 871 1777 926 haec
1819 871 1893 926 ita
1927 874 2084 934 sunt,
2120 883 2197 922 an

546 955 961 1027 presbyterum
982 956 1148 1012 illum
1171 963 1406 1028 oportet
1423 960 1551 1030 pari
1575 960 1915 1014 conditione
1939 958 2078 1013 hinc
2099 957 2199 1012 ab-

543 1044 641 1110 ire,
653 1045 1207 1101 immarcescibilem
1223 1046 1423 1115 gloriae
1437 1064 1720 1103 coronam
1737 1055 2016 1119 perceptu
2026 1045 2199 1117 ruml?

549 1136 587 1213 Ε
610 1135 929 1200 contrario,
959 1151 1096 1190 cum
1119 1136 1177 1190 in
1209 1138 1634 1192 communione
1665 1137 1759 1192 ille
1790 1137 2201 1208 deprehensus

547 1222 620 1276 sit
637 1228 815 1293 atque
839 1223 1275 1294 subscriptione
1296 1233 1506 1281 contra
1525 1227 1839 1290 Christum,
1864 1227 2199 1295 Deiparam,

547 1315 604 1365 et
634 1316 874 1366 sanctos
891 1327 1102 1367 omnes
1129 1318 1418 1384 concepta
1448 1331 1461 1379 ;
1494 1314 1579 1369 sic
1606 1315 1763 1368 enim
1799 1331 1859 1367 se
1885 1331 1975 1368 res
2000 1314 2198 1378 habet,

548 1400 627 1454 ob
642 1400 1020 1472 propriarum
1037 1401 1366 1470 imaginum
1386 1402 1734 1458 relationem
1752 1403 1824 1457 ad
1846 1409 2197 1473 prototypa:

548 1505 672 1566 guo
699 1494 872 1560 pacto
896 1505 1014 1544 non
1039 1505 1321 1560 magnum
1347 1491 1507 1546 ducit
1527 1492 1688 1562 quod
1717 1492 1893 1555 vivat,
1923 1491 2016 1545 vel
2036 1487 2201 1561 quod

551 1577 786 1632 sceleris
818 1578 1051 1633 veniam
1089 1579 1379 1650 impetret,
1413 1595 1656 1650 prorsus
1691 1580 1963 1635 devitans
2005 1577 2095 1633 vel
2121 1583 2202 1632 at-

553 1668 777 1735 tingere
820 1683 891 1722 ea
921 1683 1056 1739 quae
1087 1683 1192 1739 per
1220 1668 1655 1737 indulgentiam
1693 1668 1852 1724 dicta
1893 1673 2029 1722 sunt
2059 1683 2072 1732 ;
2107 1682 2204 1720 ne-

551 1756 697 1811 dum
719 1761 778 1810 ut
797 1756 970 1812 licere
984 1756 1094 1810 sibi
1113 1756 1248 1812 velit
1265 1757 1430 1812 omni
1453 1773 1522 1812 ex
1542 1763 1708 1828 parte
1725 1757 1908 1812 sacris
1921 1756 2153 1827 operari
2175 1753 2202 1808 τ
2243 1784 2284 1838 B
2313 1770 2436 1818 πίαν
2479 1786 2492 1797 -

553 1847 704 1914 Ergo
737 1861 893 1900 vana
923 1851 1063 1900 sunt
1088 1846 1314 1910 omnia,
1344 1853 1398 1901 et
1429 1846 1651 1901 frustra
1683 1847 1990 1917 martyria,
2023 1851 2076 1899 et
2118 1844 2205 1898 in-

552 1949 797 1989 cassum
825 1933 1111 1989 athleticae
1139 1935 1547 1990 contentiones
1573 1951 1584 1989 :
1608 1935 1713 1989 sed
1735 1934 1892 1990 absit
1919 1934 2018 1989 tEt
2046 1947 2202 1987 mar-

554 2027 666 2094 tyr,
696 2027 921 2094 martyr
943 2028 1030 2078 est
1060 2022 1118 2078 in
1152 2023 1266 2078 hac
1297 2023 1706 2089 confessione;
1737 2029 1792 2078 et
1821 2023 1917 2095 qui
1948 2022 2204 2092 negavit,

548 2106 762 2183 lapsus
794 2117 884 2165 est
912 2111 971 2166 in
997 2112 1111 2167 hac
1141 2112 1456 2181 negatione
1504 2129 1516 2167 :
1553 2117 1606 2168 et
1635 2128 1823 2184 usque
1850 2112 1923 2167 ad
1954 2114 2207 2166 mortem

555 2199 696 2255 ﬂere
727 2215 968 2255 necesse
998 2205 1105 2266 est,
1138 2201 1414 2273 quisquis
1443 2201 1650 2273 lapsus
1684 2200 1874 2266 fuerit,
1910 2201 1955 2256 si
1980 2214 2074 2254 me
2103 2213 2206 2253 au-

548 2289 682 2345 ‘diat
710 2293 870 2345 recta
903 2290 1333 2346 consulentem.

714 2428 892 2485 CCIV.
929 2461 996 2471 —
1034 2431 1370 2488 Theodosia
1399 2432 1688 2503 Augusta
1717 2439 1769 2488 et
1798 2431 2050 2494 Basilio,

1168 2520 1294 2588 ﬁlio
1320 2523 1449 2590 ejus
1481 2520 1565 2592 (').

1818 299 1878 358 S.
1921 299 2287 356 THEODORI
2328 299 2650 358 STUDITE

544 436 684 476 nem
703 421 1082 487 exhaustum,
1117 427 1173 478 et
1203 440 1412 481 carnes
1442 424 1780 492 dilaniatas,
1809 431 1864 481 et
1893 431 2185 497 martyres
2222 429 2266 482 A
2305 427 2501 500 αἱρέσει
2540 447 2552 460 ο

3752 302 3874 360 1620

2615 426 2744 480 ἀλλὰ
2791 433 2880 481 καὶ
2935 425 3134 499 αἵματα
3183 429 3526 493 ἐκενώθησαν,
3574 432 3658 480 καὶ
3711 430 3877 502 σάρκες

2304 517 2716 582 κατεξάνθησαν,
2777 521 2864 569 καὶ
2917 519 3177 591 μάρτυρες
3256 515 3684 574 ἀπετελέσθησαν.
3751 517 3877 570 Ὀσα

2308 601 2366 657 δε
2419 608 2484 657 τά
2532 607 2582 657 ἐν
2641 606 2895 679 φυλακαῖς
2949 611 3037 658 καὶ
3089 608 3318 679 εἱρκταῖς
3374 607 3654 670 κακωτικά,
3709 610 3755 657 τί
3808 603 3880 664 δεῖ

2307 699 2396 746 καὶ
2444 694 2652 766 λέγειν,
2710 698 2798 755 τάς
2847 694 3068 767 ἐξορίας,
3125 698 3213 756 τὰς
3262 697 3550 765 ἐπαγωγὰς,
3601 696 3687 756 τάς
3733 696 3880 768 ἀρπαο

2308 787 2422 855 γάς,
2482 787 2567 849 τά,
2633 781 2969 858 σιδηρώσεις,
3023 787 3117 846 τάς
3163 783 3600 856 λιμαγχονὴσεις,
3645 785 3733 845 τὰς
3777 803 3877 854 μον-

2310 879 2483 938 ώσεις,
2538 875 2604 925 τά
2648 873 2778 925 ἄλλα
2819 875 3007 939 πάντα,
3041 874 3108 925 ὧν
3149 873 3207 926 ού
3256 879 3444 947 μικρᾶς
3485 871 3624 924 ἐστιν
3671 874 3880 945 ἱστορίας

2311 964 2478 1036 ἔργον.
2513 962 2576 1017 Εἰ
2617 968 2788 1015 τοίνυν
2826 971 2994 1014 ταῦτα
3039 963 3222 1028 οὕτως,
3277 966 3360 1013 καὶ
3407 957 3514 1014 δεῖν
3556 964 3638 1013 τόν
3685 959 3879 1032 πρεσϐύ·

2313 1071 2454 1124 τερον
2513 1052 2776 1114 ἰσοπαθῶς
2825 1049 3118 1118 διεξελθεῖν,
3171 1054 3510 1123 κομιούμενον
3548 1053 3633 1102 τὸν
3676 1049 3878 1122 ἀμαράνο

2312 1159 2447 1192 τινον
2503 1150 2597 1201 τῆς
2643 1137 2804 1203 δόξης
2836 1145 3126 1213 στέφανον;
3177 1141 3491 1204 τούναντίον,
3547 1135 3720 1196 ἐπειδὴ
3772 1138 3879 1192 ἰάλω

2312 1239 2373 1303 τῇ
2410 1235 2650 1302 κοινωνίᾳ
2679 1235 2766 1282 καί
2797 1237 2857 1302 τῇ
2909 1231 3184 1304 ὑπογραφῇ
3232 1237 3292 1302 τῇ
3326 1231 3460 1282 κατά
3508 1235 3757 1299 Χριστοῦ,
3799 1236 3879 1289 τῆς

2311 1339 2365 1371 τε
2397 1323 2591 1390 μητρός
2621 1318 2780 1370 αὑτοῦ
2828 1323 2918 1370 καί
2966 1321 3167 1370 πάντων
3215 1327 3314 1370 τῶν
3361 1317 3525 1389 ἁγίων
3563 1331 3574 1343 ·
3633 1323 3772 1368 τοῦτο
3793 1319 3878 1388 γὰρ

2314 1405 2348 1460 δ
2356 1410 2408 1459 ιὰ
2473 1415 2572 1458 τῶν
2630 1407 2829 1459 οἰκείων
2904 1407 3110 1459 εἰκόνων
3171 1409 3201 1464 ἡ
3259 1405 3342 1458 ἐπὶ
3397 1414 3499 1458 τῶν
3555 1406 3880 1479 πρωτοτύπων

2314 1497 2543 1568 ἀναφορά
2568 1513 2581 1526 °
2633 1505 2742 1557 πῶς
2771 1495 2830 1547 ού
2864 1500 3000 1567 μέγα
3046 1497 3075 1554 ἡ
3109 1503 3279 1566 γεῖται
3317 1500 3407 1547 καὶ
3437 1498 3494 1546 τὸ
3525 1493 3647 1553 ὅλως
3673 1493 3781 1564 ζῇν,
3809 1497 3884 1544 καὶ

2313 1591 2370 1640 τό
2425 1586 2553 1647 ὅλως
2609 1586 3059 1656 συγκεχωρῆσθαι
3088 1585 3228 1654 αύτῷ
3273 1587 3331 1636 τό
3383 1583 3664 1655 ἀνόμημα·
3711 1583 3883 1653 φεύγων

2315 1676 2634 1749 ἐφάπτεσθαι
2697 1680 2786 1726 καὶ
2838 1683 2938 1726 τῶν
3005 1677 3386 1746 προειρημένων
3443 1676 3578 1724 κατά
3629 1671 3884 1743 φιλανθρω-

2543 1769 2612 1836 μὴ
2666 1766 2742 1815 ὅτι
2789 1782 2850 1833 γε
2895 1767 2984 1816 καὶ
3031 1761 3084 1826 ἐξ
3129 1761 3410 1834 ὁλοκλήρου
3463 1761 3705 1814 λελύσθαι
3750 1758 3885 1810 αύτὸν

2317 1855 2598 1929 ἱερουργεῖν
2659 1869 2673 1919 ;
2723 1851 2926 1904 Ούκοῦν
2979 1851 3110 1904 ἕωλα
3171 1853 3238 1903 τὰ
3289 1853 3478 1914 πάντα,
3538 1853 3629 1900 καὶ
3678 1848 3779 1905 εἰκῆ
3831 1849 3887 1898 τὰ

2314 1947 2593 2018 μαρτύρια,
2645 1947 2733 1994 καὶ
2785 1943 2954 2013 μάτην
3007 1943 3062 1992 αἱ
3104 1940 3384 1997 ἀθλητικαὶ
3425 1939 3688 2000 ἐνστάσεις
3718 1956 3731 1970 ·
3779 1934 3888 1987 ἀλλὰ

2316 2039 2386 2107 μὴ
2439 2037 2670 2104 γένοιτο.
2743 2035 2843 2083 Καὶ
2897 2031 2922 2081 6
2987 2030 3206 2101 μάρτυς,
3283 2031 3486 2102 μάρτυς
3540 2030 3587 2080 ἐν
3663 2021 3784 2098 τῇδε
3829 2031 3882 2096 τῇ

2679 2124 2768 2172 καὶ
2818 2121 2844 2171 6
2901 2121 3206 2192 ὴρνημένος,
3266 2121 3523 2178 ἓκπτωτος
3570 2116 3617 2168 ἐν
3671 2111 3791 2187 τῇδε
3831 2120 3883 2186 τῇ

2318 2213 2590 2286 ἐξαρνησει
2643 2229 2656 2241 ·
2725 2214 2815 2262 καὶ
2878 2205 2986 2261 δεῖν
3061 2207 3394 2282 προσκλαίειν
3469 2210 3632 2279 μέχρι
3691 2203 3885 2255 θανάτου

2319 2305 2488 2355 πάντα
2514 2304 2600 2353 τὸν
2633 2299 2820 2352 ἁλόντα
2846 2317 2859 2330 ο
2890 2299 2994 2368 εἴγε
3023 2299 3138 2368 ἔμοὶ
3169 2297 3399 2348 πείθοιτο
3430 2293 3574 2364 καλῷ
3606 2289 3878 2364 συμϐούλῳ.

2317 2123 2569 2196 ὁμολογίᾳ
2601 2139 2612 2150 ·

2319 2443 2408 2497 ΣΔ’
2438 2445 2664 2513 (98).—-—
2703 2435 3036 2513 Θεοδοσία
3070 2438 3409 2513 Αὐγούστη
3451 2439 3563 2488 καὶ
3603 2431 3884 2500 Βασιλείῳ

2815 2456 3032 2491 ισοσια
3070 2456 3369 2510 Λυγουστ

2815 2513 2929 2581 υἱῷ
2968 2510 3182 2570 αὐτῆς.
3227 2456 3409 2581 [ungi

1245 2617 1318 2667 De
1353 2617 1699 2668 immaculata
1734 2632 1954 2681 prorsus
1990 2617 2201 2666 Domini
2232 2616 2485 2678 imagine.
2521 2611 2735 2672 (Baron.
2773 2622 2864 2661 an.
2897 2608 3007 2667 823,
3040 2622 3094 2656 n.
3130 2609 3230 2660 25.)

548 2732 568 2737 η
631 2705 777 2760 Cum
816 2720 889 2760 ex
935 2707 1116 2761 variis
1144 2705 1264 2762 ﬁde
1313 2707 1530 2775 dignis,
1562 2707 1974 2779 imprimisque
2007 2723 2079 2762 ex
2109 2706 2209 2761 Dei

559 2795 976 2849 amantissimo
1001 2795 1174 2860 Isaia,
1197 2797 1500 2866 episcopo,
1527 2801 1583 2852 et
1607 2811 1678 2851 ex
1703 2795 2208 2851 reverendissimo

561 2883 786 2938 Medicii
840 2884 1116 2948 antistite,
1163 2885 1384 2940 sanctis
1423 2886 1694 2940 Patribus
1738 2886 1974 2949 nostris,
2010 2886 2084 2939 de
2124 2900 2210 2940 re-

2390 2704 2478 2754 Ἐκ
2547 2697 2806 2774 διαφόρων
2869 2696 3170 2760 ἐξιοπίστων
3231 2700 3548 2768 προσώπων,
3611 2696 3753 2763 καίγε
3800 2691 3880 2762 πρὸ

2316 2800 2415 2844 τῶν
2479 2789 2641 2841 ἄλλων
2698 2789 2841 2860 παρά
2896 2805 2952 2838 τε
3007 2793 3098 2838 τοῦ
3159 2784 3560 2856 θεοφιλεστάτου
3627 2779 3879 2833 ἕπισκόπον

2313 2880 2553 2944 Ἠσαίου,
2603 2882 2692 2928 καὶ
2743 2882 2835 2928 τοῦ
2883 2877 3200 2946 τιμιωτάτου
3239 2875 3635 2944 καθηγουμένου
3676 2875 3760 2920 τοῦ
3784 2873 3877 2922 Μη-

562 2988 697 3027 rum
729 2978 1062 3028 vestrarum
1095 2978 1250 3029 statu
1283 2975 1744 3046 accepissemus,
1775 2975 1937 3047 quod
1974 2975 2068 3030 Dei
2107 2989 2210 3029 no-

2321 2967 2518 3034 δικίου,
2551 2969 2706 3019 ὁσίων
2759 2968 2998 3036 Πατέρων
3037 2966 3182 3035 ἡμῶν
3237 2958 3644 3032 ἓκδιδαχθέντες
3694 2961 3754 3010 τὰ
3785 2955 3876 3007 καθ’

565 3062 666 3116 stri
699 3062 909 3133 optimi
954 3067 1122 3128 nutu,
1156 3062 1233 3118 ad
1259 3064 1494 3135 pietatis
1529 3070 1823 3136 rectaeque
1862 3064 1998 3118 ﬁdei
2032 3063 2212 3118 ratio-

562 3167 702 3208 nem
731 3156 785 3206 et
815 3151 1064 3206 modum
1109 3152 1380 3208 conversi
1413 3152 1660 3218 fueritis,
1693 3153 1940 3223 pristino
1968 3152 2092 3207 vale
2123 3152 2210 3206 di-

564 3245 767 3296 centes
809 3242 1012 3306 errori,
1049 3245 1109 3295 ut
1139 3241 1240 3313 qui
1281 3257 1316 3296 a
1350 3244 1466 3296 Deo
1498 3257 1617 3296 non
1652 3242 1727 3296 sit
1769 3247 1952 3306 ortus,
1984 3241 2087 3296 sed
2134 3239 2212 3294 ab

566 3330 820 3384 adversa
847 3335 1014 3401 parte
1046 3349 1058 3388 :
1110 3346 1245 3385 cum
1278 3329 1483 3402 religio
1515 3336 1616 3385 tua
1642 3347 1714 3385 ex
1744 3331 1841 3401 pia
1872 3331 1944 3384 sit
1987 3329 2209 3394 radice,

567 3418 770 3489 (talem
811 3419 1104 3490 siquidem
1135 3418 1320 3474 fuisse
1363 3419 1672 3474 fatendum
1703 3425 1794 3474 est
1826 3419 2012 3473 virum
2047 3418 2210 3472 illum

567 3511 685 3564 Deo
701 3507 1002 3578 dilectum,
1023 3509 1310 3581 omnique
1328 3509 1620 3579 probitate
1642 3525 1750 3564 con
1761 3507 2077 3579 spicuum),
2099 3507 2215 3576 egi-

566 3613 703 3653 mus
737 3597 956 3666 gratias
992 3600 1130 3663 Deo,
1159 3598 1263 3669 qui
1289 3613 1410 3653 non
1438 3599 1707 3669 permisit
1749 3613 1858 3652 nos
1883 3598 1942 3651 in
1971 3597 2212 3651 hmresis

552 3686 819 3755 ucaligine
863 3702 1228 3756 permanere,
1264 3687 1369 3741 sed
1403 3692 1630 3742 mentes
1665 3691 1894 3741 vestras
1943 3685 2094 3740 felici
2125 3683 2214 3738 lu-

568 3777 730 3830 mine
773 3775 1058 3846 implevit,
1107 3781 1170 3830 ut
1213 3776 1647 3845 cognosceretis
1673 3776 1876 3830 Jesum
1918 3775 2215 3830 Christum

574 3863 779 3918 Filium
810 3863 909 3918 Dei
939 3865 998 3918 in
1030 3863 1224 3920 forma
1251 3870 1457 3920 nostra
1497 3880 1599 3935 per
1631 3864 2054 3918 misericordiae
2091 3877 2214 3916 suae

566 3954 798 4008 viscera
823 3957 1052 4018 natum,
1083 3959 1146 4009 ut
1176 3955 1528 4023 figmentum
1561 3969 1739 4008 suum
1771 3953 1848 4007 ab
1871 3953 2105 4007 interitu
2133 3966 2217 4006 re-

569 4042 836 4103 dimeret,
858 4059 1023 4097 more
1038 4048 1242 4098 nostro
1258 4042 1502 4113 depingi
1531 4048 1710 4113 atque
1733 4041 1931 4110 efﬁngi
1960 4058 1972 4095 :
2007 4056 2078 4094 ne
2096 4056 2219 4112 qua

572 4130 651 4184 illi
687 4131 839 4185 desit
866 4131 1272 4186 humanarum
1299 4132 1730 4203 proprietatum
1767 4147 1778 4185 :
1809 4147 1944 4184 cum
1980 4133 2221 4183 maneat

574 4219 733 4274 idem
774 4220 1322 4291 incircumscriptus
1369 4236 1381 4274 :
1424 4227 1722 4292 quatenus
1775 4222 1964 4284 Deus;
2023 4223 2085 4273 ut
2115 4216 2220 4289 qui

2319 3060 2475 3130 ὑμᾶς,
2525 3059 2602 3109 ὅτι
2633 3051 2849 3126 εύδοκίᾳ
2895 3060 2985 3105 τοῦ
3025 3053 3354 3124 ύπεραγάθου
3389 3057 3526 3103 Θεοῦ
3578 3051 3717 3120 ἡμῶν
3754 3062 3874 3116 μεμι-

2321 3147 2758 3218 τεστοιχειώθητε
2812 3143 2884 3205 εἰς
2921 3145 3008 3194 τὸν
3055 3150 3146 3202 τῆς
3177 3139 3432 3200 εὐσεϐείας
3488 3144 3580 3190 καὶ
3617 3132 3880 3210 ὀρθοδοξίας

2319 3255 2507 3309 τρόπον
2559 3238 2650 3286 καὶ
2699 3233 2849 3302 λόγον
2881 3253 2894 3265 ο
2927 3236 3134 3302 χαίρειν
3183 3231 3475 3303 φράσαντες
3503 3236 3563 3300 τῇ
3617 3225 3763 3279 πάλαι
3805 3242 3879 3273 xu-

2322 3322 2560 3396 κοδοξίᾳ,
2615 3327 2678 3383 ὡς
2719 3322 2812 3374 οὐκ
2861 3322 3090 3392 ἠργμένη
3149 3321 3339 3384 θεόθεν,
3394 3317 3507 3368 ἀλλ’
3564 3317 3618 3368 ἐκ
3660 3323 3742 3374 τῆς
3774 3315 3881 3364 ἐναν-

2324 3419 2438 3476 τίας
2495 3408 2724 3485 μερίδος.
2783 3412 2922 3462 Καθό
2977 3413 3066 3461 καὶ
3136 3410 3377 3479 ὥρμηται
3426 3407 3683 3481 πατρόθεν
3735 3401 3778 3463 ἐξ
3821 3397 3880 3450 εύ·

2327 3501 2504 3560 σεϐοῦς
2553 3502 2708 3576 ῥίζης
2739 3502 2768 3558 ἧ
2830 3504 2896 3558 σὴ
2955 3497 3235 3552 θεοσέϐεια.
3287 3495 3664 3567 Ὀμολογητέον
3692 3495 3780 3563 γὰρ
3813 3489 3870 3538 ὅτι

2325 3598 2551 3650 τοιοῦτος
2607 3592 2632 3640 6
2689 3588 2815 3662 ἀνὴρ
2879 3587 3062 3648 ἐκεῖνος
3094 3604 3108 3618 '
3171 3594 3289 3656 Θεῷ
3345 3605 3396 3637 τε
3450 3583 3773 3657 πεφιλημένος
3807 3577 3870 3626 καί

2323 3684 2465 3752 πάσῃ
2507 3679 2870 3750 καλοκαγαθίᾳ
2919 3677 3366 3748 κατηγλαίσμένος
3393 3694 3406 3707 ⁸
3452 3675 3872 3747 ηύχαριστήσαμιτ

2323 3779 2396 3839 τῷ
2441 3773 2635 3840 Κυρίῳ,
2665 3768 2714 3828 ὃς
2761 3767 2854 3818 οὐκ
2885 3769 3055 3819 εἴασεν
3107 3768 3244 3836 ὑμᾶς
3275 3763 3323 3815 ἐν
3364 3771 3436 3832 τῷ
3489 3764 3629 3834 ζόφῳ
3659 3769 3744 3820 τῆς
3770 3756 3878 3824 αἷμ’

2330 3877 2457 3919 σεως
2485 3855 2751 3930 διαμεῖναι
2787 3873 2798 3886 '
2834 3855 2942 3907 ἀλλ’
2974 3856 3166 3913 ἔπλησε
3222 3857 3318 3912 τάς
3349 3853 3539 3926 ψυχὰς
3583 3853 3718 3922 ὑμῶν
3745 3843 3880 3898 ὀλϐίου

2329 3951 2496 4020 φωτὸς
2549 3947 2622 4008 εἰς
2668 3949 2726 3998 τό
2781 3944 3078 4016 ἐπιγνῶναι,
3113 3946 3194 3996 ὅτι
3246 3943 3450 4003 ἰησοῦς
3489 3937 3760 4015 Χριστὸςό
3792 3934 3884 3989 Υἱὸς

2329 4045 2420 4088 τοῦ
2451 4042 2578 4090 Θεοῦ
2627 4035 2674 4086 ἓν
2724 4044 2796 4105 τῷ
2842 4037 2958 4086 καθ’
2991 4036 3129 4105 ἡμᾶς
3169 4029 3297 4085 εῖδει
3343 4037 3566 4102 γεγονὼς
3608 4025 3698 4081 διά
3725 4022 3882 4089 σπλάγ-

2330 4147 2438 4199 χνα
2482 4126 2783 4197 οἰκτιρμῶν,
2818 4123 2883 4183 εἰς
2930 4126 2989 4174 τό
3037 4121 3420 4174 ἀνασώσασθαι
3468 4124 3527 4172 τό
3568 4118 3738 4171 ἑαυτοῦ
3772 4114 3885 4163 ixm-

2331 4217 2536 4275 πτωκὸς
2587 4215 2654 4274 εἰς
2711 4215 2904 4285 φθορὰν
2961 4211 3201 4283 πλάσμα,
3271 4212 3462 4281 ὁμοίως
3516 4211 3639 4280 ἡμῖν
3690 4199 3886 4265 ἑξεικονί·

575 4313 853 4379 paternas
893 4324 1137 4380 quoque
1168 4325 1378 4363 omnes
1426 4309 1818 4381 proprietates
1851 4307 1962 4362 sub
2009 4306 2210 4362 eadem

2337 4307 2478 4366 ζεται
2511 4323 2523 4334 ·
2557 4305 2626 4364 ὡς
2663 4303 2724 4353 άν
2777 4299 2943 4373 μηδεν
2991 4300 3210 4352 λείποιεν
3259 4299 3400 4368 αύτῷ
3448 4306 3549 4350 τῶν
3600 4293 3887 4366 ἀνθρωπίνων

575 4413 832 4468 persona
860 4399 1068 4453 retinet
1101 4417 1112 4456 :
1139 4415 1210 4454 ex
1231 4414 1352 4470 quo
1375 4399 1668 4453 mediator
1699 4399 1795 4452 Dei
1824 4403 1880 4452 et
1909 4397 2222 4451 hominum

575 4485 874 4556 apparuit,
909 4485 1106 4541 medio
1139 4487 1274 4559 ipsa
1312 4493 1576 4542 extrema
1614 4487 1999 4558 participans,
2033 4492 2089 4540 et
2122 4500 2224 4554 per

576 4575 844 4646 seipsum
860 4575 1077 4630 divinae
1098 4591 1204 4631 nos
1224 4581 1448 4631 naturae
1469 4571 1788 4647 participes
1803 4575 2087 4630 efﬁciens.
2107 4574 2223 4630 Sic-

576 4669 642 4719 ut
681 4665 838 4719 enim
891 4665 1014 4720 ﬁeri
1045 4665 1253 4737 nequit
1292 4671 1373 4727 ut,
1413 4667 1562 4720 Deus
1601 4665 1725 4736 ipse
1758 4681 1892 4719 cum
1945 4665 2016 4718 sit
2047 4663 2224 4718 Patri-

575 4769 691 4823 que
705 4753 975 4825 aequalis,
991 4770 1112 4809 non
1139 4758 1298 4809 extra
1310 4769 1552 4809 omnem
1569 4754 1643 4809 sit
1667 4752 2223 4822 incircumscriptio-

577 4857 712 4896 nem
746 4841 1032 4913 (inﬁnitus
1063 4842 1359 4913 siquidem
1392 4848 1478 4897 est
1512 4842 1664 4898 Deus
1702 4851 1754 4896 et
1785 4841 2138 4897 interminus
2169 4845 2225 4894 et

576 4931 1238 5002 incomprehensibilis),
1267 4930 1352 4984 sic
1382 4931 1560 4986 etiam
1592 4931 1716 4986 ﬁeri
1751 4946 1869 4985 non
1902 4934 2113 5001 potest,
2141 4933 2219 4996 ut,

578 5035 717 5074 cum
744 5035 878 5075 vere
904 5020 1089 5075 homo
1121 5020 1195 5074 sit
1220 5020 1365 5090 ipse,
1389 5019 1636 5075 etnobis
1667 5019 1876 5074 similis
1909 5019 2100 5074 factus
2121 5033 2226 5087 per

578 5109 800 5173 omnia,
830 5110 982 5164 intra
999 5110 1608 5180 circumscriptionem
1628 5125 1746 5164 non
1779 5113 2037 5162 maneat.
2059 5110 2226 5163 Com-

578 5198 980 5269 prehensibile
1007 5199 1230 5270 quippe
1261 5204 1349 5254 est
1369 5199 1497 5269 ejus
1527 5214 1769 5268 corpus,
1802 5204 2080 5268 tactuque
2104 5196 2225 5266 pal-

581 5287 800 5359 pabile,
859 5292 915 5343 et
963 5287 1152 5342 colore
1196 5287 1442 5343 visibile.
1491 5286 1661 5352 Quod
1707 5302 1824 5340 non
1873 5286 2223 5341 confitentes

2337 4391 2636 4464 ἰδιωμάτων
2671 4409 2683 4420 ·
2714 4396 2880 4462 μενων
2936 4393 3001 4450 ὡς
3033 4393 3164 4452 Θεὸς
3211 4391 3237 4441 6
3293 4388 3450 4449 αὐτὸς
3504 4384 3886 4458 ἀπερίγραπτος’

2333 4483 2404 4542 ὡς
2459 4485 2549 4532 καὶ
2606 4483 2669 4532 τά
2698 4489 2917 4554 πατρῷα
2974 4476 3238 4550 ἰδιώματα
3295 4477 3501 4529 ἅπαντα
3546 4473 3626 4545 ὑφ’
3665 4472 3888 4540 “HW”.

2334 4576 2455 4641 ώπῳ
2503 4573 2809 4641 κεκτημένος
2855 4587 2866 4598 ·
2919 4570 3050 4620 καθὸ
3098 4572 3187 4619 καὶ
3235 4570 3454 4638 μεσίτης
3505 4569 3636 4616 Θεοῦ
3693 4561 3774 4610 καὶ
3822 4550 3887 4602 ἀν·

2337 4661 2551 4732 θρώπων
2590 4664 2795 4732 πέφηνε.
2837 4666 2896 4730 τῇ
2953 4662 3206 4730 μεσότητι
3244 4664 3350 4717 τοῖς
3397 4656 3576 4728 ἄκροις
3614 4652 3842 4702 κοινωνῶν
3873 4654 3882 4665 ⁸

2333 4754 2423 4801 καὶ
2476 4745 2550 4800 δι’
2589 4748 2773 4801 ἑαυτοῦ
2825 4751 3100 4808 κοινωνούς
3155 4749 3292 4816 ἡμᾶς
3343 4747 3483 4805 θείας
3535 4744 3720 4813 φύσεως
3757 4733 3885 4800 ἀπ⁸Ρ’

2333 4839 2648 4910 γασάμενος.
2689 4838 2771 4897 Ὠς
2813 4840 2915 4911 γὰρ
2961 4837 3054 4888 ούκ
3108 4833 3383 4907 ἐνδέχεται
3421 4837 3548 4886 Θεὸν
3594 4829 3740 4881 αὑτὸν
3769 4826 3887 4877 ὄντα,

2334 4933 2423 4979 καὶ
2453 4931 2567 4979 ἴσον
2615 4935 2686 4996 τῷ
2739 4932 2923 4999 [lui-pi,
2978 4930 3050 4997 μὴ
3084 4926 3211 4996 οῦχὶ
3255 4923 3349 4986 ἔξω
3387 4925 3705 4996 περιγραφῆς
3741 4908 3885 4965 εἶναι’

2334 5018 2544 5088 ἄπειρον
2573 5017 2673 5090 γὰρ
2725 5019 2784 5067 τό
2837 5019 2968 5067 θεῖον
2998 5019 3085 5066 καὶ
3127 5012 3372 5087 ἀόριστον
3411 5015 3499 5062 καὶ
3530 5004 3850 5072 ἀπερίληπτον
3877 5008 3888 5023 '

2335 5111 2422 5158 τόν
2471 5105 2624 5158 αὐτόν
2674 5101 2741 5163 δή
2797 5109 2982 5177 τρόπον
3040 5103 3404 5175 ἀνεγχώρητόν
3460 5099 3599 5152 ἐστιν
3654 5093 3892 5163 ἄνθρωπον

2336 5196 2491 5246 αὐτόν
2535 5193 2736 5254 ἀληθῶς
2766 5197 2905 5261 ὄντα,
2939 5198 3028 5244 καὶ
3072 5195 3247 5264 ὅμοιον
3291 5193 3414 5262 ἡμῖν
3466 5188 3598 5239 κατά
3633 5184 3790 5235 πάντα
3820 5189 3891 5242 7⁸⁸

2335 5289 2541 5355 γονότα,
2584 5287 2656 5355 μὴ
2701 5283 2826 5354 ούχὶ
2884 5289 3206 5356 περιγραφῆς
3257 5283 3379 5332 εἶσω
3431 5281 3588 5350 μένειν
3621 5289 3632 5302 ⁸
3673 5279 3890 5340 πεΡ⁸ΊΡα’

2124 5521 2134 5528 η
2165 5447 2383 5504 Nom.

656 5585 716 5656 (')
745 5583 1111 5654 Dogmaticu.

2413 5579 2527 5654 (93)
2554 5579 2772 5651 lngcod.
2806 5581 2946 5652 Reg.
2983 5582 3070 5646 σζ.
