4058 6274
301 331 433 386 1621

1582 326 2095 383 EPISTOLARUM
2142 328 2278 386 LIB.
2321 328 2390 383 Il.

3516 328 3656 383 1622

297 454 423 502 πτὸν
476 450 636 521 [cod.
688 453 826 519 Reg.
890 450 1223 523 περιληπτὸν]
1274 452 1375 523 γὰρ
1406 450 1565 504 αὐτοῦ
1623 454 1678 503 τὸ
1713 459 1887 522 σῶμα,

2014 451 2405 515 lconomachi,
2440 452 2647 508 Christi
2679 456 2987 521 negatores
3016 452 3326 507 manifeste
3349 452 3487 508 facti
3512 457 3652 507 sunt

300 538 400 611 ἁφῇ
452 544 543 590 καὶ
584 545 749 613 χροιᾷ
783 538 1180 611 ψηλαφώμενον,
1211 539 1373 614 Ὀπερ
1424 540 1529 611 οὐχ
1588 540 1893 611 ὁμολογοῦν-

298 648 379 690 τες
440 631 489 680 οἱ
548 628 919 701 Εἱκονομάχοι,
974 628 1387 703 ἀρνησίχριστοι
1454 626 1716 701 ἀριδήλως
1770 631 1895 681 καθ-

300 722 579 782 εστήκασι,
609 721 693 769 τὸν
737 721 1033 790 ἐνσώματον
1066 717 1341 790 ἀσώματον
1396 718 1845 790 ὑπολαμϐάνοντες
1878 735 1890 747 ⁶

300 810 390 857 καὶ
447 809 531 857 τόν
563 807 677 877 μεθ’
725 809 871 878 ἡμῶν
917 813 1165 879 γεγονότα
1195 808 1289 870 ἔξω
1337 816 1427 866 τῆς
1474 810 1590 860 καθ’
1622 810 1763 879 ἡμᾶς
1797 810 1895 879 φύ-

305 913 427 955 σεως
479 892 896 967 δογματίζοντες.
958 897 1218 950 Ἐντεῦθεν
1288 893 1510 955 ἐδονήθη
1572 898 1596 948 ὁ
1649 901 1892 967 κόσμος⁶

303 984 504 1056 ἠρνήθη
560 987 792 1055 Χριστός
823 983 917 1038 διὰ
958 994 1054 1047 τῆς
1096 994 1291 1047 σεπτῆς
1321 986 1480 1037 αὐτοῦ
1514 986 1701 1046 εἰκόνος
1738 1002 1749 1014 ·
1784 988 1813 1044 ἧ
1843 1004 1897 1037 τε

303 1078 577 1136 Θεοτόκος,
610 1079 698 1125 καὶ
748 1080 848 1136 πᾶς
878 1095 960 1136 τις
1006 1083 1105 1126 τῶν
1148 1075 1328 1145 ἁγίων.
1362 1082 1433 1146 Τῇ
1468 1078 1569 1149 γὰρ
1602 1072 1892 1148 παραδοχῇ

299 1169 391 1221 τῆς
451 1160 644 1223 εἰκόνος
698 1160 1088 1234 παραδέδεκται
1137 1165 1162 1216 ό
1221 1164 1629 1235 εἰκονιζόμενος·
1694 1168 1757 1223 ὡς
1809 1168 1898 1215 καὶ⁹

302 1250 520 1322 ἔμπαλιν
608 1258 669 1322 τῇ
756 1250 995 1311 ἀθετήσει
1068 1253 1336 1310 ἠθέτηται.

303 1342 395 1409 μός
473 1338 949 1411 ἀναϐρασσόμενος,

1418 1252 1675 1306 Ἐντεῦθεν
1741 1249 1775 1304 δ
1782 1273 1899 1324 ιωγ-

1042 1345 1131 1392 καὶ
1202 1342 1539 1415 πατριάρχης
1625 1343 1900 1401 θεσπέσιος

305 1426 827 1500 ἐκσκορακιζόμενος,
879 1432 1028 1503 ἱερεῖς
1080 1449 1134 1482 τε
1173 1434 1262 1482 καὶ
1318 1432 1584 1501 ἰεράρχαι,
1639 1434 1899 1501 μονασταί

308 1535 363 1569 τε
414 1522 502 1569 καὶ
558 1515 781 1589 μιγάδες
836 1518 1157 1583 ἐνθεώτατοι,
1203 1521 1252 1571 οἱ
1293 1523 1381 1590 μεν
1434 1518 1780 1591 ἐξοριζόμενοι
1810 1524 1899 1571 καὶ

308 1605 743 1678 φυλακιζόμενοι⁶
805 1608 965 1681 ἕτεροι
1019 1605 1078 1661 δὲ
1129 1611 1561 1680 μαστιγούμενοι,
1616 1614 1705 1661 καὶ
1758 1610 1900 1679 λιμο-

306 1698 636 1767 κτονούμενοι
668 1717 682 1729 ο
734 1699 857 1749 ἔνιοι
909 1694 967 1750 δὲ
1010 1702 1100 1749 καὶ
1159 1697 1579 1769 ἀποκτενόμενοι.
1645 1696 1899 1756 Ἐντεῦθεν

2002 545 2387 611 corporatum
2431 542 2819 611 incorporum
2860 542 3232 606 arbitrantes,
3266 557 3524 614 eumque
3556 542 3660 613 qui

2004 629 2317 684 nobiscum
2374 636 2548 684 natus
2574 636 2682 698 est,
2722 636 2949 685 naturae
2974 636 3191 685 nostra;
3218 637 3520 701 expertem
3550 631 3655 685 dc-

2004 724 2333 774 cernentes.
2350 719 2494 773 Hinc
2508 735 2840 773 concussus
2856 724 2942 774 est
2969 720 3232 774 mundus
3261 735 3273 773 :
3306 726 3556 789 negatus
3571 723 3663 774 est

2006 822 2106 877 per
2134 808 2534 862 venerandam
2566 808 2892 877 imaginem
2926 824 3098 863 suam
3130 808 3416 874 Christus,
3443 814 3497 862 et
3538 809 3662 876 Dei-

2005 911 2173 967 para,
2207 902 2263 950 et
2292 897 2725 951 sanctiomnes.
2758 897 2866 952 Per
2892 898 3172 965 imaginis
3200 898 3359 950 enim
3375 897 3659 968 receptio-

2005 1001 2144 1040 nem
2176 986 2454 1057 recipitur
2476 988 2522 1039 is
2553 986 2724 1057 cujus
2758 992 2846 1042 est
2875 987 3074 1056 imago
3102 1008 3114 1042 :
3146 986 3295 1042 sicut
3320 993 3527 1042 contra
3556 1002 3663 1058 per

2005 1075 2386 1144 rejectionem
2421 1075 2700 1145 rejicitur.
2732 1076 2875 1130 Hinc
2933 1076 3165 1131 ebulliit
3202 1077 3550 1147 persecutio,
3605 1080 3663 1130 et

2007 1163 2244 1217 divinus
2275 1163 2613 1235 patriarcha
2645 1164 2938 1234 relegatus
2962 1170 3069 1230 est,
3104 1166 3446 1219 sacerdotes
3480 1169 3661 1236 atque

2007 1252 2291 1323 episcopi,
2328 1254 2606 1307 monachi
2651 1259 2708 1308 et
2758 1254 3073 1308 saecularcs
3117 1254 3496 1319 sanctissimi,
3560 1253 3661 1308 alii

2007 1341 2212 1396 exsilio
2239 1348 2291 1395 et
2316 1342 2655 1397 carceribus
2687 1343 2936 1411 addicti,
2966 1343 3064 1397 alii
3094 1342 3442 1397 verberibus
3464 1342 3651 1397 fame-

2007 1446 2123 1503 que
2145 1431 2385 1485 cruciati
2418 1431 2724 1486 :nonnulli
2758 1434 2937 1486 etiam
2965 1432 3172 1487 enecti.
3199 1432 3342 1486 Hinc
3399 1438 3659 1488 extorres

2008 1519 2067 1573 in
2096 1521 2418 1586 montibus,
2469 1522 2527 1575 in
2573 1521 2875 1591 speluncis
2934 1527 2987 1576 et
3016 1521 3285 1575 cavernis
3335 1527 3526 1590 terrm,
3555 1521 3662 1593 qui

2012 1609 2129 1662 Deo
2163 1609 2407 1664 mortale
2436 1609 2993 1680 nihilpraetulerunt.
3039 1611 3182 1664 Hinc
3207 1610 3659 1682 dirutatempla,

2010 1702 2064 1751 et
2086 1702 2292 1752 sancta
2325 1697 2660 1768 profanata,
2694 1704 2753 1753 et
2775 1698 2979 1754 divina
3008 1698 3400 1768 donariaigni
3424 1700 3659 1766 tradita,

307 1786 354 1835 ἐν
386 1787 528 1855 ὄρεσι
555 1781 961 1858 φυγαδευόμενοι
992 1792 1081 1839 καὶ
1138 1787 1418 1849 σπηλαίοις
1463 1792 1551 1839 καὶ
1600 1794 1717 1848 ταῖς
1749 1786 1899 1848 ὀπαῖς

2014 1787 2411 1858 clamoreque,
2449 1795 2509 1841 ut
2539 1787 2749 1858 paucis
2786 1786 3008 1854 dicam,
3031 1792 3086 1841 et
3111 1787 3444 1860 direptione
3484 1788 3664 1859 plena

304 1879 398 1934 τῆς
427 1881 545 1943 γῆς,
577 1876 627 1925 οἱ
673 1872 839 1945 μηδὲν
886 1884 984 1927 τῶν
1016 1873 1145 1948 τῇδε
1188 1881 1546 1949 προκρίνοντες
1594 1883 1747 1930 Θεοῦ.
1782 1874 1899 1927 Ἐν-

2012 1877 2240 1932 omnia.

304 1962 476 2014 τεῦθεν
543 1968 657 2015 ναοὶ
734 1966 1243 2037 κατασκαπτόμενοι,
1305 1970 1395 2017 καὶ
1484 1965 1611 2037 ἅγια
1687 1963 2059 2039 βεϐηλουμένα,
2126 1970 2215 2017 καὶ
2281 1967 2392 2017 θεῖα
2474 1963 2782 2037 ἀναθήματα
2862 1970 2991 2038 πυρὶ
3068 1962 3496 2042 παραδιδόμενα,
3570 1971 3661 2019 καὶ

304 2059 537 2124 κραυγῆς
561 2054 627 2104 τὰ
654 2054 824 2105 πάντα
860 2058 949 2105 καὶ
987 2053 1267 2114 λεηλασίας
1291 2054 1488 2126 πλήρη,
1513 2056 1583 2115 ὡς
1613 2052 1661 2105 ἐν
1696 2057 1933 2125 συντόμῳ
1966 2053 2143 2106 εἰπεῖν.

374 2146 606 2193 Τοιαῦτα
652 2144 717 2193 τὰ
760 2150 853 2204 τῆς
901 2141 1139 2204 ἀσεϐείας
1180 2142 1544 2217 ἐγχειρήματα
1570 2162 1582 2175 ·
1618 2144 1683 2204 ὡς
1726 2141 1785 2194 ἆν
1842 2141 1897 2193 ἐκ

304 2234 396 2279 τοῦ
431 2237 635 2302 καρποῦ
664 2234 720 2282 τὸ
763 2227 979 2302 δένδρον
1008 2236 1354 2301 γινώσκηται.
1392 2228 1602 2290 Ἐπειδὴ
1639 2228 1697 2284 δὲ
1741 2233 1895 2302 ὑμᾶς,

307 2318 377 2377 ὼς
404 2322 735 2391 προείρηται,
788 2321 818 2376 ἡ
856 2320 967 2371 θεία
996 2323 1159 2392 χάρις
1188 2320 1512 2391 ὴγκαλίσατο
1560 2316 1654 2372 διὰ
1681 2328 1777 2380 τῆς
1807 2340 1898 2371 κα·

304 2404 400 2467 λῆς
428 2406 706 2477 ὁμολογίας
737 2408 800 2467 ἧς
848 2407 1218 2478 ὡμολογήσατε
1265 2416 1376 2470 τοῖς
1426 2412 1694 2482 Πατράσιν
1724 2427 1736 2438 ·
1771 2410 1895 2483 ὑπὲρ

306 2494 365 2553 ἧς
416 2499 505 2546 καὶ
577 2499 766 2567 μέχρις
841 2496 1060 2567 αἵματος
1128 2500 1480 2571 προθυμεῖσθε
1530 2496 1899 2550 ἀντικαθίστα-

310 2584 435 2634 σθαι
468 2602 479 2614 ·
513 2588 604 2635 καὶ
642 2586 793 2655 ἡμεῖς
831 2585 880 2636 οἱ
928 2591 1161 2637 ταπεινοὶ
1213 2590 1377 2659 ταύτῃ
1424 2584 1490 2645 δή
1532 2595 1594 2659 τῇ
1650 2587 1899 2659 ὁμολογη-

308 2679 425 2744 τικῇ
454 2675 783 2737 πεποιθήσει,
820 2678 877 2726 σέ
918 2693 972 2726 τε
1003 2678 1095 2733 τὴν
1147 2680 1332 2748 κυρίαν
1386 2673 1684 2743 δέσποιναν,
1718 2681 1802 2728 τόν
1847 2695 1900 2728 τε

308 2762 487 2831 κύριον
559 2767 649 2814 καὶ
724 2758 1005 2825 δεσπότην,
1057 2766 1150 2815 σὺν
1213 2772 1322 2827 τοῖς
1407 2765 1607 2826 λοιποῖς
1675 2764 1899 2817 εὐκλεέσι

308 2846 525 2911 κλάδοις
580 2856 668 2903 καὶ
739 2848 1136 2923 εἰσδεδέγμεθα,
1190 2858 1280 2905 καὶ
1356 2859 1775 2929 συνεισκρίνομεν
1830 2862 1899 2924 τῷ

309 2942 451 3013 μέρει
506 2946 600 3001 τῆς
652 2938 957 3012 ὀρθοδοξίας
989 2959 999 2970 ·
1032 2941 1221 3013 μᾶλλον
1277 2939 1336 2994 δε
1366 2950 1427 3014 τῇ
1484 2950 1574 2995 τοῦ
1621 2950 1753 2996 Θεοῦ
1785 2941 1897 2994 Ἐκ-

314 3027 509 3099 κλησίᾳ
542 3046 553 3057 ·
587 3034 678 3080 καὶ
720 3031 938 3091 ἣκοντας
967 3032 1103 3101 ὑμᾶς
1134 3035 1259 3105 πρὸς
1290 3036 1383 3089 τὴν
1414 3037 1724 3083 ταπείνωσιν
1754 3033 1900 3102 ἡμῶν

307 3125 721 3189 προσκυνοῦμεν,
753 3124 842 3170 καὶ
887 3127 1327 3192 συγκοινωνοῦμεν
1382 3122 1503 3192 ὑμῖν
1533 3138 1544 3152 ‘
1583 3120 1901 3192 εὐχαριστή-

307 3224 395 3277 ρια
412 3213 482 3274 τῷ
499 3204 676 3277 ἀγαθῷ
694 3214 807 3276 Θεῷ
829 3205 1211 3278 ἀναπέμποντες
1230 3228 1259 3259 τ
1273 3216 1312 3278 ῷ
1342 3228 1418 3260 πο
1434 3229 1450 3259 ι
1463 3228 1487 3259 ο
1503 3216 1531 3259 ῦ
1544 3228 1568 3257 ν
1583 3227 1610 3258 τ
1626 3228 1642 3258 ι
1681 3229 1717 3279 μ
1732 3227 1794 3279 εγ
1807 3208 1905 3258 αλα

2076 2142 2243 2198 Tales
2272 2147 2440 2198 erant
2467 2144 2784 2215 impietatis
2811 2146 3097 2199 conatus:
3147 2147 3212 2200 ut
3256 2160 3328 2199 ex
3353 2143 3547 2199 fructu
3574 2158 3662 2200 ar-

2005 2230 2117 2285 bor
2137 2237 2546 2302 cognoscatur.
2581 2234 2905 2303 Postquam
2927 2239 3130 2287 autem
3177 2232 3379 2287 divina
3403 2247 3511 2287 vos
3534 2247 3666 2301 gra-

2007 2318 2107 2384 tia,
2134 2319 2284 2374 sicut
2311 2322 2454 2388 dixi,
2480 2322 2759 2391 amplexa
2776 2327 2861 2376 est
2886 2337 2991 2393 per
3019 2320 3320 2390 egregiam
3343 2319 3663 2376 confessio-

2007 2423 2164 2473 nem,
2193 2424 2379 2480 quam
2404 2411 2668 2464 Patribus
2701 2410 2953 2480 professi
2974 2410 3115 2464 estis
3151 2426 3165 2465 :
3191 2425 3298 2480 pro
3320 2425 3442 2481 qua
3472 2425 3663 2480 usque

2008 2495 2085 2551 ad
2113 2499 2467 2567 sanguinem
2500 2498 2802 2554 decertare
2835 2500 3026 2569 parati
3048 2499 3192 2555 estis
3229 2521 3241 2553 :
3272 2514 3381 2554 nos
3419 2514 3665 2570 quoque

2006 2584 2263 2640 humiles
2304 2585 2472 2641 istius
2502 2587 2785 2641 nimirum
2826 2587 3220 2642 confessionis
3253 2585 3469 2643 ﬁducia
3514 2586 3662 2654 freti,

2009 2680 2061 2728 te
2082 2674 2393 2730 dominam
2412 2681 2467 2730 et
2508 2676 2884 2744 magistram,
2916 2675 3095 2730 simul
3128 2676 3309 2730 etiam
3342 2675 3659 2730 dominum

2008 2769 2064 2818 et
2096 2765 2471 2831 magistrum,
2501 2780 2638 2819 cum
2667 2765 2895 2819 caeteris
2914 2764 3151 2836 inclytis
3176 2764 3360 2819 ramis
3382 2768 3439 2819 et
3469 2780 3664 2818 susce-

2009 2852 2226 2923 pimus,
2262 2859 2315 2907 et
2373 2854 2720 2907 orthodoxae
2767 2852 2900 2908 ﬁdei
2960 2854 3247 2925 partibus.
3311 2868 3415 2907 seu
3466 2853 3665 2924 potius

2013 2940 2281 2995 Ecclesiaa
2304 2941 2401 2996 Dei
2434 2958 2843 3007 accensemus,
2878 2942 3300 3013 venientesque
3326 2942 3401 2996 ad
3426 2942 3664 2996 humili-

2012 3034 2191 3084 tatem
2206 3036 2474 3085 nostram
2490 3047 2591 3085 vos
2616 3031 3373 3093 veneramur,etvobiscum
3394 3046 3664 3085 commu-

2012 3119 2531 3191 nicamus,gratias
2545 3124 2789 3188 agentes
2810 3122 2925 3173 Deo
2939 3119 3164 3189 optimo
3176 3119 3429 3189 quifecit
3442 3134 3664 3190 magna

2012 3210 2065 3261 et
2086 3208 2503 3263 inscrutabilia
2530 3208 2749 3279 absque
2770 3223 3014 3263 numero
3040 3209 3087 3243 ’⁷³
3123 3224 3136 3272 ;
3161 3208 3264 3279 qui
3295 3223 3367 3261 ex
3397 3207 3659 3262 tenebris

307 3298 417 3345 καὶ
474 3294 976 3366 ἀνεξιχνίαστα,
1037 3298 1114 3348 ὧν
1172 3297 1284 3349 οὐκ
1346 3300 1519 3349 ἔστιν
1593 3296 1899 3369 ἀριθμός·

2014 3295 2089 3350 ad
2108 3295 2302 3350 lucem
2330 3296 2589 3361 deducit,
2617 3312 2689 3351 ex
2704 3297 2800 3352 via
2820 3296 3035 3351 erroris
3049 3296 3124 3351 ad
3139 3296 3373 3367 pietatis
3387 3297 3663 3351 semitam

308 3390 381 3451 τῷ
435 3382 491 3434 ἐκ
552 3389 770 3446 σκότους
820 3386 890 3446 είς
918 3394 1020 3457 φῶς
1076 3388 1276 3457 ἄγοντι,
1328 3391 1416 3438 καὶ
1459 3385 1511 3448 ἐξ
1542 3382 1670 3437 οδοῦ
1709 3386 1904 3446 πλάνης

308 3471 381 3532 εἰς
428 3470 603 3544 τρίϐον
656 3472 919 3536 εὐσεϐείας
977 3479 1314 3548 μεταφέροντι
1356 3478 1526 3527 πάντα
1565 3478 1651 3526 τὸν
1683 3473 1736 3537 ἐξ
1771 3473 1902 3532 ἀλη-

309 3562 455 3621 θινῆς
503 3558 728 3635 καρδίας
787 3562 1039 3636 ἐφιέμενον
1099 3565 1384 3625 σώζεσθαι.
1448 3571 1627 3617 Ταῦτα
1677 3568 1766 3635 μὲν
1815 3564 1906 3616 οὖ-

308 3668 427 3709 τως.
481 3647 694 3710 Ἐπειδὴ
758 3649 816 3703 δὲ
864 3650 1096 3711 ἀπεδόθη
1148 3655 1267 3724 ὑμῖν
1328 3655 1472 3725 παρά
1533 3660 1624 3704 τοῦ
1676 3654 1903 3723 μεγάλου

315 3733 569 3808 βασιλέως
620 3741 650 3796 ἠ
704 3748 862 3802 νῆσος
913 3748 1007 3802 τῆς
1062 3741 1321 3794 Χαλκίτου
1376 3741 1444 3803 εἰς
1499 3746 1903 3813 κατοικητήριον

313 3821 545 3888 διαίτης,
580 3827 637 3879 οῦ
680 3837 876 3902 μικρῶς
922 3828 1192 3893 ἐλύπησεν,
1250 3830 1354 3900 οὐχ
1386 3833 1525 3901 ἡμᾶς
1570 3835 1740 3901 μόνον,
1778 3829 1906 3881 ἀλλὰ

310 3920 401 3966 καὶ
449 3917 665 3977 πολλοὺς
724 3926 821 3970 τῶν
869 3922 1129 3991 Πατέρων,
1184 3921 1263 3971 ὅτι
1322 3916 1608 3991 ἀδελφότης
1663 3920 1751 3976 ὅλη
1809 3923 1903 3971 σὺν

308 4006 680 4078 καθηγουμένῳ
738 4016 829 4067 τῆς
879 4008 1041 4059 πάλαι
1095 4008 1290 4070 οἰκείας
1342 4016 1499 4080 μονῆς
1541 4008 1730 4071 ἑξεώθη
1767 4026 1778 4037 ·
1817 4012 1905 4061 καὶ

308 4099 398 4143 νῦν
470 4091 573 4146 ὧδε
652 4094 861 4148 κάκεῖσε
931 4100 1261 4171 περιφέρεται
1295 4114 1306 4125 ”

311 4178 595 4250 ἀνοίγοντες

1370 4103 1459 4149 καὶ
1520 4099 1601 4150 ὅτι
1662 4099 1902 4169 ὤφθημεν

668 4184 916 4253 γλώσσας
1000 4183 1082 4237 ἐπὶ
1175 4189 1452 4260 προτέραις
1510 4182 1842 4256 δυσφημίαις
1889 4202 1901 4215 ·

308 4266 489 4340 Ὀμως
550 4269 730 4330 ἐπειδὴ
798 4272 1195 4343 ἀπελογήσασθε
1258 4271 1350 4326 διὰ
1405 4282 1496 4326 τοῦ
1550 4282 1902 4345 πνευματικοῦ

310 4360 459 4429 ἡμῶν
503 4363 617 4412 υἱοῦ
652 4362 964 4433 Κλήμεντος,
1015 4370 1106 4414 τοῦ
1159 4361 1535 4415 εὐλαϐεστάτου
1591 4365 1902 4435 ἡγουμένου,

310 4446 471 4507 οὕτως
509 4454 597 4500 καὶ
649 4451 807 4510 οὕτως
863 4450 1093 4523 ὑπάρξαι
1140 4457 1232 4509 τὴν
1282 4454 1525 4503 ὑπόθεσιν
1582 4449 1636 4502 ἐκ
1688 4448 1904 4525 βασιλιε-

312 4544 405 4597 κῆς
436 4536 690 4604 ἐξουσίας,
748 4539 1069 4611 ἀπελύθημεν
1100 4549 1190 4600 τῆς
1226 4540 1413 4600 λύπης.
1446 4547 1611 4593 Τοῦτο
1654 4536 1711 4592 δὲ
1738 4560 1906 4614 παρα-

2015 3384 2284 3438 transfert
2315 3401 2452 3440 eum
2485 3401 2749 3448 omnem,
2781 3386 2882 3457 qui
2913 3386 3199 3440 exanimo
3234 3385 3453 3439 salvari
3477 3385 3661 3457 cupit.

2015 3477 2201 3543 Atque
2257 3474 2383 3527 haec
2423 3473 2669 3544 quidem
2719 3475 2777 3528 in
2821 3473 2982 3529 hunc
3030 3473 3301 3529 modum.
3376 3472 3665 3529 Caeterum

2013 3568 2331 3633 postquam
2365 3562 2626 3617 Chalcita
2675 3563 2869 3617 insula
2907 3563 3076 3617 vobis
3109 3562 3423 3632 designata
3478 3561 3591 3617 fuit
3630 3578 3667 3618 a

2016 3666 2236 3720 magno
2265 3651 2623 3721 imperatore
2652 3651 2728 3706 ad
2745 3651 3116 3706 domicilium
3142 3650 3665 3721 habitationis.per

2012 3739 2166 3794 duos
2195 3755 2406 3805 annos,
2437 3757 2555 3795 non
2584 3741 2961 3795 mediocriter
2982 3739 3309 3810 doluimus,
3343 3756 3537 3810 neque
3569 3756 3669 3795 so-

2011 3828 2133 3883 lum
2165 3844 2296 3887 nos.
2332 3828 2434 3883 sed
2450 3828 2614 3885 multi
2643 3830 2910 3884 etiamex
2932 3829 3221 3895 Patribus,
3251 3829 3415 3900 quod
3433 3830 3664 3884 univer-

2014 3935 2114 3972 sus
2145 3917 2390 3973 fratrum
2425 3927 2610 3973 coetus
2637 3934 2776 3973 cum
2820 3918 3096 3985 antistite,
3130 3922 3324 3973 vetere
3375 3934 3483 3974 suo
3540 3934 3667 3975 mo-

2014 4008 2274 4061 nasterio
2304 4007 2525 4078 ejectus
2556 4008 2647 4068 sit,
2689 4013 2746 4062 et
2775 4022 2934 4060 nunc
2977 4006 3095 4061 huc
3125 4006 3385 4078 illucque
3412 4007 3664 4062 circum-

2014 4101 2245 4167 agatur,
2269 4102 2325 4150 et
2346 4097 2509 4165 quod
2543 4096 2647 4149 visi
2673 4097 2858 4150 simus
2876 4095 3114 4165 linguas
3131 4096 3361 4166 aperire
3378 4096 3453 4150 ad
3473 4095 3666 4166 pristi-

2014 4200 2093 4239 na
2105 4185 2392 4239 convicia.
2412 4186 2859 4253 Verumtamen,
2873 4184 3163 4256 quoniam
3182 4200 3287 4255 per
3300 4184 3664 4240 Clementem

2014 4274 2381 4345 spiritualem
2410 4273 2597 4327 ﬁlium
2614 4281 2907 4339 nostrum,
2931 4274 3501 4329 reverendissimum
3518 4288 3667 4344 prae-

2014 4364 2276 4434 positum
2305 4362 2712 4432 respondistis,
2755 4362 2834 4417 ita
2873 4368 3051 4434 atque
3078 4363 3157 4418 ita
3185 4362 3567 4418 constitutam
3594 4378 3667 4417 ex

2015 4453 2176 4523 regia
2208 4454 2520 4506 autoritate
2570 4468 2694 4506 rem
2727 4450 2934 4515 fuisse,
2966 4451 3255 4507 tristitiam
3296 4451 3661 4522 depulimus.

2018 4544 2134 4596 Hoc
2167 4556 2301 4595 vero
2333 4541 2723 4606 obtestamur,
2760 4546 2839 4604 ut,
2873 4545 3169 4611 quantum
3218 4541 3442 4596 conniti
3486 4541 3659 4596 vobis

308 4625 582 4698 καλοῦμεν,
629 4629 749 4679 ὅσον
821 4625 1096 4700 ἐνδέχεται
1152 4628 1505 4681 ἐκϐιάσασθαι
1564 4630 1700 4700 ὑμᾶς
1756 4631 1899 4702 θερα-

2016 4630 2167 4690 licet,
2213 4630 2641 4698 egredientium
2693 4629 2962 4684 dolorem
3012 4630 3326 4698 mitigetis;
3358 4629 3504 4701 quia
3527 4630 3665 4684 scri-

311 4723 503 4768 πεῦσαι
548 4721 604 4768 τὸ
644 4718 799 4790 ἄλγος
854 4727 952 4770 τῶν
1001 4718 1234 4781 ἐξιόντων
1265 4737 1276 4747 ν
1320 4716 1500 4777 ἐπειδὴ
1559 4723 1851 4791 γέγραπται
1888 4735 1904 4751 ⁶

312 4809 397 4863 Μὴ
432 4803 536 4876 δῷς
565 4806 817 4879 ἀνθρώπῳ
846 4812 1001 4860 τόπον
1021 4810 1354 4882 καταρᾶσθαί
1378 4828 1452 4860 σε.
1481 4813 1581 4860 Καί
1606 4826 1618 4836 ·
1653 4806 1785 4861 Ἵνα
1821 4811 1903 4874 τί,

312 4900 492 4965 φησὶν,
544 4898 574 4953 ἡ
632 4896 966 4972 ἐλευθερία
1016 4917 1132 4969 μου
1196 4902 1489 4973 κρίνεται
1541 4898 1660 4949 ὑπὸ
1710 4896 1908 4958 ἄλλης

319 4980 762 5047 συνειδήσεως
790 5002 803 5053 ;

376 5109 487 5163 EE’.
518 5143 580 5151 —
615 5111 876 5183 Κασσίᾳ
907 5111 1018 5182 (99)
1051 5107 1616 5184 κανδιδαστίσση.
1646 5110 1844 5184 [ωκα’.]

2017 4726 2185 4790 ptum
2225 4724 2355 4773 est:
2400 4721 2479 4773 Ne
2528 4718 2629 4773 des
2682 4719 2909 4775 homini
2945 4718 3169 4784 locum,
3222 4722 3287 4773 ut
3344 4718 3663 4774 maledicat

2014 4808 2209 4864 tibi".
2244 4809 2334 4864 Et:
2379 4807 2615 4879 thuid,
2643 4808 2742 4872 ait,
2788 4808 3026 4864 libertas
3064 4822 3195 4863 mea
3215 4807 3532 4877 iudicatur
3583 4808 3658 4863 ab

2014 4898 2215 4954 aliena
2232 4896 2591 4953 conscientia
2613 4897 2660 4932 ⁸ο
2681 4896 2709 4953 ἳ

2356 5111 2503 5166 CCV.
2541 5141 2606 5151 -—
2645 5110 2863 5166 Cassia;-
2887 5107 3325 5166 candidatissz.

312 5226 705 5289 Interrogatum
736 5241 791 5276 se
826 5227 893 5276 ab
925 5240 1003 5285 ea,
1035 5228 1400 5291 superioribus
1417 5227 1604 5276 litteris
1627 5226 1968 5336 respondisse
1995 5228 2050 5337 ἑά
2085 5227 2229 5290 quod
2264 5240 2449 5276 verum
2474 5230 2526 5276 et
2553 5241 2767 5290 (equum
2786 5226 3013 5288 putavit,
3033 5239 3131 5275 nec
3152 5238 3311 5288 posse
3338 5237 3369 5274 a
3391 5225 3659 5274 sententia

1886 5303 1990 5337 isce
2032 5304 2135 5337 ere.

1886 5303 2135 5339 isceaere.

386 5373 585 5442 Χρονία
630 5370 659 5427 ἡ
721 5370 965 5429 ἐπιστολὴ
1016 5378 1106 5430 τῆς
1152 5374 1450 5442 τιμιότητος
1502 5388 1617 5433 σου,
1648 5374 1737 5421 καὶ
1767 5370 1899 5426 αὕτη

386 5476 436 5511 ⁷⁸
461 5474 571 5531 Job
604 5490 662 5539 v,
691 5478 744 5531 9.
822 5476 869 5510 79
897 5477 1071 5531 Prov.
1100 5492 1228 5542 xxx,
1264 5479 1347 5533 lO.
1426 5477 1473 5511 ⁸⁸)
1501 5477 1521 5531 l
1554 5478 1684 5533 Cor.
1711 5491 1769 5539 x,
1806 5477 1892 5532 29.

2114 5371 2343 5425 Prolixa
2383 5370 2632 5441 epistola
2659 5367 3131 5424 honoriﬁcentia
3159 5372 3294 5434 tum,
3328 5367 3660 5439 eademque

1879 5552 2103 5622 NOTAE.

391 5634 605 5711 (99)11n
632 5635 768 5692 cod.
792 5637 932 5709 Reg.
966 5635 1073 5698 ση’.
