4058 6274
403 272 534 330 1623

393 488 711 559 insurgens
741 489 1031 545 adversus
1054 492 1397 548 tenuitatem
1426 497 1691 549 nostram
1716 511 1730 560 ;
1752 498 2038 565 tanquam

396 581 614 632 temere
636 583 692 632 et
713 577 1149 635 inconsiderate
1171 588 1376 636 contra
1394 586 1448 637 te
1469 583 1803 638 calumnias
1829 583 2040 637 admit-

396 671 595 721 tamus
626 683 639 732 ;
665 667 766 721 sed
794 672 849 721 et
875 683 1046 722 voces
1068 685 1201 740 quae
1229 669 1352 726 sine
1374 671 1599 742 judicio
1624 672 2036 741 proferuntur:

398 755 579 825 idque
613 755 670 810 in
709 755 890 810 rebus
938 758 1182 812 maximi
1227 760 1534 814 momenti.
1569 763 1685 815 Nos
1719 777 1858 815 vero
1902 777 2039 815 cum

399 842 545 898 tales
578 845 906 900 amandare
934 845 1232 902 soleamus
1258 853 1380 903 tum
1416 849 1556 904 illud
1590 850 2038 915 denuntiamus,

395 948 532 1004 quae
583 932 761 1001 vulgo
789 934 1108 1004 jactantur,
1142 937 1225 991 sic
1256 953 1366 992 nos
1410 939 1616 994 audire
1659 955 1763 994 ceu
1813 939 2044 996 ludicra

396 1021 677 1092 quaedam
697 1040 710 1088 ;
727 1023 810 1078 sic
823 1023 1127 1096 nosloqui,
1145 1042 1264 1081 non
1289 1027 2041 1100 uthominibusplacentes,

401 1112 504 1166 sed
538 1115 654 1168 Deo
693 1112 794 1184 qui
826 1113 1042 1183 probat
1067 1115 1248 1169 corda
1281 1122 1487 1172 nostra
1515 1135 1525 1173 :
1559 1119 1788 1173 tametsi
1821 1118 2042 1190 alioqui

397 1205 739 1273 peccatores
777 1218 1005 1257 sumus.
1039 1202 1183 1258 Nam
1235 1204 1282 1258 si
1323 1207 1559 1262 Balaam
1590 1222 1783 1276 augur
1826 1208 2043 1263 adduci

400 1305 522 1346 non
553 1291 764 1362 potuit,
797 1296 862 1345 ut
903 1296 1111 1363 praeter
1151 1293 1252 1348 Dei
1284 1295 1648 1351 voluntatem
1698 1297 1874 1352 Balac
1905 1297 2045 1353 allo-

401 1379 724 1452 phylorum
753 1381 872 1450 regi
902 1383 1289 1453 responderet
1318 1401 1331 1450 ;
1365 1385 1466 1456 qui
1494 1385 1616 1440 fieri
1642 1391 1823 1458 queat
1849 1391 1910 1441 ut
1938 1402 2045 1442 nos

402 1470 461 1524 in
499 1469 811 1525 sacerdotii
839 1470 1028 1542 gardu
1061 1473 1382 1539 constituti,
1415 1475 1827 1547 rationemque
1860 1476 1922 1531 in
1951 1477 2046 1532 die

397 1558 604 1630 judicii
630 1574 836 1614 eorum
862 1561 1202 1632 interrogati
1226 1563 1708 1634 responderimus
1738 1565 2044 1630 reddituri,

403 1647 630 1718 aliquid
663 1652 1063 1720 praeterquam
1095 1649 1262 1706 decet
1294 1651 1671 1722 proferamus
1702 1653 1729 1707 ?

480 1825 570 1881 Sic
601 1825 777 1896 igitur
807 1827 884 1883 ad
912 1826 1272 1900 interrogata
1310 1829 1749 1901 respondimus,
1782 1848 1902 1888 non
1934 1834 2048 1904 ipsi

407 1929 511 1986 per
535 1929 646 1970 nos
668 1918 732 1970 ut
752 1915 864 1971 hoc
879 1916 974 1971 vel
989 1917 1127 1972 illud
1152 1916 1315 1974 ﬁeret
1341 1919 1720 1990 imperantes,
1751 1922 1898 1976 sicut
1919 1923 2046 1994 ipsa

405 2003 602 2060 dicere
632 2020 752 2060 non
785 2005 1090 2062 dubitasti.
1125 2009 1275 2072 Quid
1305 2008 1464 2063 enim
1488 2010 1570 2063 vis
1593 2009 1714 2066 ?an
1748 2015 1807 2066 ut
1835 2012 2051 2082 cuique

405 2093 620 2164 placet,
669 2101 1069 2151 mercatorum
1120 2112 1306 2162 more,
1359 2113 1469 2153 nos
1514 2099 1876 2169 respondere
1907 2100 1935 2154 ?
1963 2104 2049 2156 An

407 2183 604 2253 potius
636 2182 942 2239 veritatem
988 2189 1049 2239 ut
1079 2201 1139 2240 se
1170 2185 1352 2241 habet
1383 2187 1643 2258 proﬁteri
1688 2189 1716 2244 ?
1764 2192 1841 2244 Ne
1879 2191 2054 2259 igitur

407 2272 742 2344 plectamur
775 2287 886 2326 nos
915 2272 1173 2330 humiles
1208 2275 1639 2346 intempestive,
1677 2281 1739 2332 ut
1773 2294 1809 2334 a
1838 2279 2051 2349 teipsa,

409 2365 512 2417 aut
541 2377 576 2416 a
609 2361 858 2416 domina
889 2378 1114 2429 sorore,
1145 2370 1245 2419 aut
1275 2363 1352 2419 ab
1378 2365 1515 2430 alio,
1549 2367 1641 2421 cui
1674 2368 2054 2437 proscindere

410 2467 480 2506 ac
509 2450 818 2506 traducere
847 2466 960 2506 nos
996 2451 1190 2508 liceat.
1227 2454 1380 2509 Scito
1425 2462 1623 2510 autem
1658 2472 1766 2511 nos
1798 2473 1940 2527 erga
1971 2458 2056 2512 di-

410 2554 598 2610 gnum
613 2544 834 2595 aeterna
848 2541 1140 2597 memoria
1157 2543 1491 2614 Strategum
1505 2544 1702 2600 alieno
1716 2547 1920 2602 animo
1934 2562 2053 2602 non

412 2645 559 2693 esse,
588 2628 733 2700 quin
765 2633 820 2683 et
848 2629 1014 2685 valde
1061 2629 1359 2689 benevolo
1389 2651 1404 2702 ,'
1451 2636 1969 2705 quemadmodum
2001 2641 2057 2691 et

418 2733 562 2788 erga
591 2718 780 2789 ipsius
799 2733 1042 2790 quoque
1056 2720 1397 2790 conjugem.
1420 2722 1696 2778 Dolemus
1709 2740 1855 2779 sane
1881 2740 1950 2780 ac
1972 2726 2056 2779 vi-

413 2807 617 2863 cissim
669 2806 800 2877 jure
857 2807 1332 2878 expostulamus,
1361 2811 1524 2882 quod
1576 2828 1681 2868 vos
1713 2818 1768 2868 et
1813 2814 2058 2870 scientia

417 2901 784 2968 praestantes,
817 2899 874 2952 et
903 2896 1254 2966 religionem
1283 2900 1588 2971 amplexae,
1612 2917 1730 2957 non
1759 2918 1897 2958 vera
1923 2904 2058 2959 cha-

413 2985 586 3041 ritate
611 2984 779 3040 illum
799 2985 861 3041 in
887 2985 1005 3041 ﬁne
1022 2993 1354 3058 prosecutae
1377 2989 1523 3045 sitis.
1559 2991 1877 3062 Oportebat
1899 2993 2057 3048 enim

414 3078 550 3131 ante
580 3075 787 3130 omnia
815 3074 868 3130 ei
900 3091 1078 3147 super
1105 3077 1332 3142 omnia,
1363 3077 1422 3133 id
1476 3079 1641 3150 quod
1680 3081 1807 3151 ejus
1840 3081 2058 3137 anima:

415 3164 621 3220 salutis
635 3169 781 3230 erat,
811 3170 873 3219 ut
893 3171 1407 3223 sacramentorum
1419 3169 1716 3242 particeps
1741 3172 1906 3226 ﬁeret
1926 3187 2060 3226 con-

415 3254 677 3320 tendere,
698 3260 910 3310 ceetera
926 3255 1130 3312 omnia
1149 3262 1210 3311 ut
1226 3261 1483 3312 stercora
1499 3258 1851 3326 existimare,
1881 3261 2061 3316 modo

413 3344 474 3399 in
495 3343 829 3400 orthodoxa
858 3346 1281 3400 communione
1309 3346 1710 3413 inveniretur;
1743 3349 1886 3420 quia
1920 3349 2062 3404 scri-

417 3440 587 3505 ptum
622 3437 746 3489 est:
789 3433 898 3491 Ubi
926 3438 979 3490 te
1020 3435 1320 3499 invenero,
1350 3437 1432 3490 ibi
1476 3441 1527 3491 te
1539 3437 1827 3506 judicabo
1853 3438 1920 3492 ⁸¹.
1949 3441 2062 3493 Nos

416 3523 664 3596 quidem
720 3522 815 3578 hic
847 3523 1142 3579 sentimus
1165 3527 1222 3578 et
1245 3523 1519 3579 dicimus.
1554 3526 1721 3590 Quod
1751 3527 1798 3580 si
1825 3527 1920 3582 alii
1953 3526 2061 3582 ali-

419 3617 524 3678 ter,
552 3612 810 3683 prOpriaa
841 3611 957 3682 ipsi
985 3611 1146 3666 vocis
1177 3616 1313 3666 sunt
1337 3611 1566 3667 domini
1593 3629 1604 3668 :
1639 3619 1694 3668 et
1717 3629 1827 3669 nos
1863 3617 2062 3686 utique

418 3701 724 3758 sileamus.
747 3701 1034 3771 Cognovit
1051 3702 1338 3756 Dominus
1361 3702 1463 3773 qui
1474 3705 1752 3772 suntejus
1779 3725 1788 3766 ;
1814 3709 1866 3760 et
1882 3705 2062 3760 disce-

417 3791 522 3848 dat
555 3791 629 3846 ab
677 3791 994 3862 iniquitate
1039 3790 1227 3846 omnis
1255 3791 1360 3862 qui
1405 3793 1673 3848 nominat
1699 3808 1910 3849 nomen
1955 3795 2066 3848 Do-

419 3879 568 3936 mini
589 3880 655 3948 “,
689 3879 840 3935 sicut
869 3879 1158 3951 scriptum
1184 3883 1291 3935 est.

807 4004 984 4060 CCVI.
1017 4033 1084 4044 —-
1110 4004 1394 4074 Hypacoe
1408 4005 1676 4061 moniali.

1641 276 1702 333 S.
1742 275 2110 333 THEODORI
2149 275 2474 334 STUDITE

393 399 1416 470 expostulatoria;etnunchumilius
1434 403 2041 476 sedeprimens,nunc
2073 410 2118 459 A
2153 402 2431 474 ἐγκλητικὴ
2486 420 2500 433 ·

3525 281 3529 290 ’
3607 276 3744 334 1624-

2554 407 2643 456 καὶ
2695 410 2766 462 πῆ
2821 405 2910 475 μεν
2969 403 3439 474 ὑποταπεινουμένη
3485 421 3498 435 ·
3555 411 3627 463 πῆ
3685 402 3745 456 δὲ

2153 493 2621 564 κατεξανισταμένη
2681 500 2775 554 τῆς
2831 491 3160 552 ούθενὸτητος
3225 494 3407 564 ἡμῶν·
3461 495 3527 554 ὡς
3576 492 3748 554 ἀτελῶς

2152 588 2241 635 καὶ
2295 581 2635 645 ἀνεξετάστως
2683 585 3032 655 προσιεμένων
3084 583 3174 641 τάς
3226 584 3364 633 κατά
3415 590 3510 634 σοῦ
3569 579 3748 634 διαϐο-

2151 671 2270 732 λάς·
2326 671 2384 724 οὑ
2438 676 2539 742 μὴν
2594 670 2721 722 ἀλλά
2779 676 2869 722 καὶ
2924 669 3147 742 ἀκρίτως
3200 669 3507 743 ἐκφερόντων
3556 673 3746 742 φωνὰς,

2151 767 2240 814 καὶ
2279 764 2471 822 ταύτας
2527 759 2574 812 ἐν
2625 767 2730 820 τοῖς
2786 759 3020 830 μάλιστα
3077 758 3398 830 ἀναγκαίοις.
3456 759 3634 831 Ἡμεῖς
3688 757 3750 812 δε

2151 858 2261 912 τοῖς
2309 852 2566 910 τοιούτοις
2627 850 3015 908 κατεθισθέντες
3080 852 3289 921 χαίρειν
3344 848 3525 920 λέγειν,
3591 851 3752 900 ἐκεῖνο

2154 937 2429 1011 δηλοῦμεν,
2489 940 2569 990 ὅτι
2622 939 2785 998 οὑτως
2842 938 3093 1008 ἀκούομεν
3146 940 3213 988 τά
3284 937 3631 1008 θρυλλούμενα
3682 940 3754 999 ὡς

2152 1026 2368 1089 παιδίας
2418 1029 2589 1089 τινάςο
2637 1032 2725 1078 καὶ
2782 1027 2944 1088 οὑτως
2995 1025 3244 1097 λαλοῦμεν
3301 1027 3405 1097 οὑχ
3456 1029 3519 1086 ὡς
3552 1025 3754 1097 ἀνθρὼ-

2153 1138 2269 1180 ποις
2313 1118 2626 1192 ἀρέσκοντες.
2689 1115 2816 1167 ἀλλὰ
2855 1125 2926 1185 τῷ
2969 1115 3075 1185 Θεῷ
3129 1123 3200 1185 τῷ
3261 1111 3609 1186 δοκιμάζοντι
3660 1117 3754 1175 τὰς

2153 1204 2375 1280 καρδίας
2405 1209 2549 1279 ἡμῶν
2581 1223 2597 1239 ο
2630 1206 2674 1258 εἰ
2702 1210 2791 1257 καὶ
2840 1204 3004 1265 ἄλλως
3057 1203 3352 1278 ἁμαρτωλοὶ
3391 1206 3746 1276 τυγχάνομεν.

2155 1298 2214 1351 Εἰ
2261 1300 2360 1369 γὰρ
2415 1296 2629 1367 Βαλαὰμ
2687 1297 2711 1347 ὁ
2761 1295 3105 1354 οἱωνοσκόπος
3132 1294 3189 1346 ού
3221 1296 3363 1368 παρά
3394 1298 3450 1346 τὸ
3507 1292 3757 1366 βούλημα

2155 1395 2244 1439 τοὺ
2297 1393 2430 1439 Θεοῦ
2481 1386 2734 1456 ἠνέσχετο
2792 1381 3139 1455 ἀποκριθῆναι
3194 1391 3266 1453 τῷ
3318 1383 3488 1435 Βαλὰκ
3549 1381 3760 1456 βασιλεῖ

2156 1483 2254 1528 τῶν
2299 1474 2587 1547 ἀλλοφύλων
2623 1494 2635 1506 ο
2705 1481 2811 1534 πῶς
2869 1475 3015 1543 ἡμεῖς
3064 1475 3112 1524 οἱ
3158 1471 3205 1524 ἐν
3248 1470 3435 1545 βαθμῷ
3470 1474 3756 1545 ἱερωσύνης

2478 1567 2567 1615 καὶ
2611 1561 2762 1633 λόγον
2845 1560 3109 1633 ὑφέξοντες
3183 1563 3230 1612 ἑν
3313 1563 3484 1636 ἡμέρᾳ
3535 1566 3760 1633 κρίσεως

2160 1653 2268 1705 ἀνθ’
2324 1653 2390 1704 ὧν
2447 1651 2762 1725 ἐρωτώμενοι
2820 1649 3238 1722 ἀποκρινούμεθα
3301 1647 3524 1702 δυνατὸν
3580 1669 3761 1721 παρα-

2157 1569 2400 1636 κείμενοι,

2085 1755 2122 1807 Β
2158 1746 2514 1816 τετραμμένως
2546 1741 2862 1812 φθέγγεσθαι
2888 1747 2981 1792 τοῦ
3014 1735 3217 1799 δέοντος
3247 1755 3263 1805 ;

2231 1832 2411 1893 Οὑτως
2473 1825 2560 1882 οὑν
2619 1828 2968 1903 ἀπεκρίθημεν
3041 1835 3148 1890 τοῖς
3221 1826 3549 1902 ἐρωτήσασιν
3583 1845 3597 1856 °
3663 1828 3764 1880 οὐκ

2160 1922 2309 1974 αὑτοὶ
2367 1919 2450 1992 ἀφ’
2507 1919 2698 1970 ἑαυτῶν
2756 1921 3138 1990 ἐπιτετροφότες
3208 1924 3362 1968 τοῦτο
3417 1918 3622 1969 κάκεῖνο
3674 1935 3766 1988 γε·

2158 2013 2359 2075 νέσθαι,
2414 2012 2478 2068 ὡς
2533 2007 2664 2065 αὑτὴ
2725 2008 3006 2080 προήχθης
3061 2006 3238 2059 εἰπεῖν.
3289 2007 3394 2060 Καὶ
3448 2011 3498 2058 τί
3530 2005 3762 2077 βούλει;

2159 2103 2289 2173 πρὸς
2327 2103 2384 2151 τὸ
2435 2097 2652 2170 ἀρέσκον
2707 2095 2909 2167 ἑκάστῳ
2954 2096 3246 2168 ἐμπορικῶς
3295 2097 3435 2165 ἡμᾶς
3489 2093 3766 2166 ἀποκρίνε-

2163 2193 2328 2260 σθαι;
2377 2189 2405 2247 ἦ
2466 2187 2872 2261 ὀρθοτομοῦντας
2905 2188 2990 2236 τὸν
3019 2185 3168 2256 λόγον
3200 2193 3296 2246 τῆς
3327 2183 3576 2244 ἀληθείας
3611 2201 3624 2250 ;
3672 2189 3764 2242 Μὴ

2160 2284 2328 2331 τοίνυν
2372 2280 2502 2349 μήτε
2546 2275 2673 2333 αὑτὴ
2720 2274 2948 2332 πληττου
3009 2274 3081 2335 εἰς
3133 2275 3271 2345 ἡμᾶς
3323 2278 3440 2334 τοὺς
3490 2277 3771 2335 ταπεινούς

2162 2368 2409 2441 ἀκαίρως,
2469 2371 2599 2438 μήτε
2629 2366 2659 2422 ἠ
2693 2368 2850 2437 κυρία
2889 2365 2918 2421 ἡ
2954 2359 3172 2435 ἀδελφὴ,
3218 2362 3338 2433 μήτ’
3389 2363 3540 2423 ἄλλος
3584 2364 3610 2414 ὁ
3637 2381 3770 2436 προ-

2163 2460 2464 2530 αιρούμενος
2519 2461 2770 2506 σκώπτειν
2828 2458 2917 2504 καὶ
2969 2448 3241 2524 διασύρειν
3275 2455 3430 2523 ἡμᾶς.
3473 2451 3632 2502 Ἀλλά
3674 2456 3762 2521 γί-

2162 2563 2328 2596 νωσκε
2379 2545 2458 2594 ὅτι
2488 2546 2576 2593 καὶ
2607 2545 2692 2593 τὸν
2743 2542 3053 2612 ἀείμνηστον
3103 2543 3400 2612 Στρατηγὸν
3431 2539 3524 2592 οὑκ
3554 2538 3763 2611 ἐχθρω-

2166 2632 2270 2694 δῶς
2317 2635 2524 2705 ἔχομεν,
2582 2629 2709 2681 ἀλλά
2765 2634 2854 2681 καὶ
2906 2629 3047 2700 μάλα
3103 2628 3377 2689 ἀσπασίως
3411 2630 3624 2701 ’ὥσπερ
3674 2633 3769 2681 καὶ

2163 2727 2253 2782 τὴν
2309 2723 2547 2794 ὁμόζυγα
2603 2719 2783 2772 αὑτοῦ.
2840 2720 3161 2789 Λυπούμεθα
3231 2714 3289 2770 δὲ
3341 2723 3428 2770 καὶ
3481 2717 3769 2788 ἀνατεγκα·

2163 2812 2346 2882 λοῦμεν
2396 2809 2607 2868 εἰκότως
2635 2824 2646 2836 ·
2677 2808 2757 2858 ὅτι
2789 2807 2935 2876 ὑμεῖς
2957 2808 3011 2857 αἱ
3041 2809 3130 2857 καὶ
3159 2810 3349 2876 γνώσει
3396 2801 3767 2878 διαφέρουσαι,

2164 2905 2254 2952 καὶ
2311 2897 2574 2957 εὐλαϐείας
2641 2895 3062 2966 ἀντιποιούμεναι
3132 2897 3224 2945 οὑκ
3297 2893 3513 2966 ἀληθινῇ
3583 2892 3766 2965 ἀγάπῃ

2166 2991 2374 3061 ἧχθητε
2430 2987 2480 3039 ἐν
2520 2985 2645 3038 τέλει
2701 2987 2831 3060 πρὸς
2884 2983 3060 3038 αὐτόν.
3117 2983 3256 3036 Ἐπεὶ
3289 2980 3395 3035 ἔδει
3428 2986 3524 3055 πρό
3560 2984 3771 3034 πάντων

2091 3111 2132 3168 C
2168 3083 2257 3131 καὶ
2282 3079 2406 3150 ὑπὲρ
2453 3077 2641 3141 πάντα,
2677 3079 2732 3127 τὸ
2767 3070 3098 3146 σωτηριῶδες
3129 3081 3222 3134 τῆς
3262 3072 3445 3144 ψυχῆς
3475 3072 3658 3132 αὑτοῦ,
3696 3072 3772 3134 εἰς

2170 3170 2227 3218 τὸ
2285 3171 2570 3238 μετασχεῖν
2628 3173 2724 3216 τῶν
2779 3163 3145 3235 ἀγιασμάτων,
3204 3162 3568 3232 ἀγωνίσασθαι
3624 3175 3635 3187 ·
3707 3165 3776 3212 τά

2170 3256 2299 3308 ἄλλα
2352 3257 2521 3308 πάντα
2579 3253 2814 3306 σκύϐαλα
2863 3255 3143 3323 ἡγούμεναι
3181 3268 3193 3280 ⁸
3228 3251 3354 3302 ὥστ’
3381 3249 3440 3301 ἂν
3501 3252 3683 3322 εὑρεθῇ
3723 3249 3774 3301 ἐν

2170 3355 2232 3419 τῇ
2263 3341 2525 3418 ὀρθοδόξῳ
2558 3347 2800 3414 κοινωνίᾳ
2825 3361 2835 3371 ·
2866 3337 3051 3398 ἐπειδὴ
3094 3345 3390 3412 γίγραπται
3424 3356 3436 3366 “
3460 3337 3659 3391 Ὀπου
3700 3339 3776 3390 ἂν

2172 3436 2330 3508 εὑρω
2373 3453 2459 3497 σε,
2490 3436 2621 3485 ίκεί
2662 3451 2728 3484 σε
2765 3451 2848 3503 χρ
2870 3438 2993 3483 ινῶ.
3026 3429 3202 3500 Ἡμεῖς
3245 3432 3334 3500 μεν
3366 3429 3529 3490 οὑτως
3560 3437 3775 3502 φρονοῦ-

2172 3544 2261 3597 μεν
2292 3527 2381 3575 καὶ
2435 3524 2666 3592 λέγομεν,
2727 3519 2785 3572 Εἰ
2821 3515 2879 3571 δε
2925 3517 3110 3580 ἄλλως,
3162 3521 3313 3570 αὑτοὶ
3363 3520 3536 3590 κύριοι
3575 3525 3676 3579 τῆς
3703 3517 3768 3568 ai-

2173 3618 2315 3672 κείας
2355 3619 2518 3683 φωνῆς
2553 3627 2564 3640 ⁸
2598 3613 2686 3660 καὶ
2737 3611 2887 3677 ἡμεῖς
2921 3627 2982 3679 γε
3009 3615 3304 3679 σιωπῶμεν.
3335 3603 3496 3658 Οἵδε
3537 3609 3772 3677 Κύριος

2173 3705 2316 3761 τοὺς
2356 3704 2537 3760 ὄντας
2577 3698 2796 3750 0:13:00-
2833 3702 2940 3749 καὶ
2981 3695 3330 3754 ἀποστότω
3369 3694 3489 3746 ἀπὸ
3531 3692 3777 3755 ἀδικίας

2175 3796 2294 3851 πᾶς
2333 3791 2358 3841 ὁ
2395 3788 2728 3860 ὀνομάζων
2766 3789 2831 3838 τὸ
2872 3790 3071 3858 ὄνομα
3112 3789 3386 3856 Κυρίουο
3419 3786 3558 3836 καθά
3584 3788 3782 3858 γέγρα-

2176 3899 2304 3933 πται
2323 3927 2328 3932 .

2309 3993 2420 4068 Σς“’
2451 3995 2553 4062 (1).
2617 3990 2970 4063 -Ὑπακοῇ
3013 3989 3409 4062 μοναζούσῃ.
3445 3987 3642 4062 [ωκγῖ]

1496 4113 1699 4162 Rursus
1725 4127 1843 4164 eam
1870 4115 1935 4163 de
1963 4113 2138 4164 fratris
2172 4111 2318 4162 obitu
2355 4109 2688 4162 consolatur.

491 4209 597 4274 Qui
629 4209 1024 4266 monasticam
1053 4209 1236 4265 vitam
1270 4214 1406 4265 sunt
1433 4210 1715 4283 amplexi,
1749 4228 1816 4267 ac
1841 4212 2056 4267 mundc

2251 4211 2315 4261 Oi
2345 4213 2430 4261 τὸν
2485 4212 2684 4282 μονήρη
2733 4204 2846 4279 βίον
2901 4207 3297 4278 ἒπανῆρημένοι,
3339 4209 3430 4256 καὶ
3479 4211 3549 4274 τῷ
3595 4208 3781 4276 κόσμῳ

419 4298 672 4371 proinde
727 4299 964 4368 mortui,
998 4298 1158 4355 velut
1187 4299 1529 4355 carnalibus
1579 4301 1891 4357 affectibus
1919 4301 2069 4356 casi-

422 4388 659 4460 busque
687 4387 1022 4458 superiores
1039 4388 1166 4458 jam
1200 4389 1356 4455 facti,
1391 4391 1446 4444 in
1471 4391 1950 4463 propinquorum
1977 4406 2070 4446 ca-

421 4476 789 4532 lamitatibus
804 4493 939 4549 quae
960 4477 1258 4544 accidunt,
1285 4478 1475 4547 frangi
1497 4481 1700 4534 animo
1718 4495 1836 4535 non
1855 4479 2068 4547 solent,

422 4581 533 4621 nec
562 4566 621 4621 in
651 4566 886 4622 illorum
919 4565 1228 4622 funeribus
1274 4567 1495 4624 dolere.
1527 4568 1637 4624 Sed
1669 4569 1954 4640 quoniam
1988 4568 2072 4623 in-

421 4654 696 4710 venimus
709 4655 871 4728 ipsos
896 4671 1138 4727 quoque
1153 4661 1389 4712 sanctos
1411 4658 1470 4712 in
1484 4658 2070 4727 consanguineorum

423 4743 629 4800 dolore
657 4749 991 4799 commotos
1037 4744 1238 4809 fuisse,
1273 4745 1650 4816 calentesque
1681 4746 1980 4818 lacrymas
2013 4746 2070 4800 in

424 4849 632 4890 eorum
685 4849 934 4889 excessu
983 4833 1244 4898 fudisse;
1280 4849 1400 4889 non
1451 4834 1714 4890 alienum
1769 4835 2070 4901 ducimus,

423 4923 584 4979 idem
615 4923 815 4995 ipsum
846 4922 1021 4978 nobis
1054 4923 1390 4992 contigisse,
1422 4939 1493 4978 ac
1524 4924 1851 4994 praesertim
1881 4924 2075 4979 fratris

423 5028 625 5078 causa,
681 5011 1000 5085 fratrisque
1057 5012 1374 5084 prudentia
1437 5017 1493 5068 et
1543 5013 2075 5085 circumspectione

423 5102 918 5174 praestantissimi,
967 5106 1022 5156 et
1067 5101 1169 5173 qui
1225 5101 1384 5157 velut
1435 5103 1618 5174 patris
1671 5101 1803 5157 loco
1855 5107 2073 5157 nostras

427 5207 569 5261 erga
613 5207 722 5246 vos
771 5190 1188 5247 sollicitudinis
1251 5191 1404 5245 vices
1459 5191 1809 5246 sustinebat.
1860 5190 2071 5246 Gravis

427 5296 680 5352 prorsus
729 5280 920 5349 dolor,
953 5295 1120 5336 soror
1170 5280 1229 5335 in
1262 5281 1533 5345 Domino,
1568 5280 1738 5350 cujus
1771 5280 1952 5351 plaga
1972 5297 2073 5336 cor

503 5391 545 5426 ⁸¹
580 5390 721 5446 Vide
753 5406 935 5462 supra
960 5388 1072 5446 col.
1106 5393 1262 5446 t598.
1341 5391 1387 5425 ⁸²
1422 5389 1468 5444 ll
1499 5389 1648 5445 Tim.
1677 5403 1737 5457 ιι,
1777 5389 1860 5444 t9.

2178 4301 2402 4351 ἐντεῦθεν
2457 4297 2857 4370 ἐσταυρωμένοι,
2917 4297 2984 4356 ὡς
3051 4291 3158 4352 ἤδη
3215 4292 3458 4366 ἀνώτεροι
3516 4299 3781 4365 γενόμενοι

2179 4396 2276 4439 τῶν
2332 4395 2594 4457 σαρκικῶν
2651 4390 2884 4456 σχέσεων
2923 4389 3012 4436 καὶ
3061 4381 3390 4455 συμϐάσεων,
3424 4383 3482 4434 οὑ
3515 4387 3781 4456 πεφύκασι

2179 4478 2619 4548 κατακάμπεσθαι
2672 4475 2720 4526 ἐν
2789 4482 2904 4534 ταῖς
2960 4472 3306 4544 συμϐατικαῐς
3363 4481 3460 4524 τῶν
3518 4479 3779 4543 συγγενῶν

2182 4568 2578 4639 περιστάσεσιν,
2632 4560 2756 4616 οὑδὲ
2811 4562 3091 4615 λυπεῖσθαι
3149 4561 3198 4613 ἐν
3257 4568 3372 4622 ταῖς
3411 4563 3604 4612 τούτων
3653 4558 3781 4612 ἀπο-

2183 4653 2447 4707 ϐιώσεσιν.
2501 4652 2639 4707 Ἀλλ’
2691 4649 2872 4710 ἐπειδὴ
2935 4653 3260 4724 εὑρίσκομεν,
3329 4655 3417 4701 καὶ
3465 4649 3540 4701 ἐπ’
3608 4649 3780 4700 αὐτῶν

2183 4751 2279 4796 τῶν
2306 4743 2466 4814 ἁγίων
2507 4743 2800 4813 κεκάμφθαι
2845 4744 2895 4793 ἐν
2923 4749 2994 4811 τῷ
3033 4749 3129 4792 τῶν
3181 4744 3446 4811 συναίμων
3480 4739 3659 4801 πάθει,
3691 4742 3782 4788 καὶ

2185 4829 2411 4904 δάκρυον
2457 4831 2771 4892 ἀποστάζειν
2832 4833 3014 4904 θερμὸν
3061 4829 3109 4880 ἐν
3166 4837 3280 4888 ταῖς
3330 4831 3523 4879 τούτων
3557 4825 3785 4878 ἀποϐιώ-

2187 4941 2328 4974 σεσιν
2365 4938 2376 4950 ·
2410 4921 2468 4973 ού
2524 4921 2657 4983 ξένον
2710 4940 2758 4972 τι
2807 4924 3040 4992 κρίνομεν
3085 4924 3174 4970 καὶ
3204 4920 3354 4990 ἡμεῖς
3412 4919 3478 4968 τά
3524 4915 3658 4968 αύτά
3684 4935 3785 4967 πε-

2184 5013 2443 5075 πονθέναι,
2476 5014 2564 5061 καὶ
2618 5008 2847 5081 μάλιστα
2879 5007 2961 5060 ἐπὶ
3015 5005 3242 5079 ἀδελφῷ,
3273 5010 3364 5058 καὶ
3414 5002 3618 5076 ἀδελφῷ
3650 5007 3786 5056 κατά

2184 5119 2237 5152 τε
2290 5105 2539 5174 φρόνησιν
2597 5103 2687 5149 καὶ
2739 5099 3062 5170 περιφάνειαν
3115 5096 3402 5167 καλλίστῳ,
3456 5099 3544 5146 καὶ
3600 5095 3706 5144 οἷον
3736 5096 3786 5145 iv

2183 5190 2323 5252 τάξει
2377 5192 2568 5262 πατρὸς
2624 5191 2863 5258 ἐπέχοντι
2917 5194 3011 5248 τῆς
3065 5188 3185 5238 καθ’
3214 5187 3352 5256 ὑμᾶς
3390 5179 3660 5257 φροντίδος
3695 5188 3788 5234 τὸν

2180 5280 2356 5351 λόγον.
2410 5281 2579 5332 Δεινὸν
2641 5280 2914 5336 ὅντως,τό
2972 5278 3160 5341 πάθος,
3218 5271 3414 5346 ἀδελφή
3477 5276 3524 5325 iv
3580 5277 3782 5346 Κυρίῳ⁹

2001 5486 2226 5548 ΝΟΤΕ.

505 5579 582 5650 (t)
612 5579 675 5634 ln
701 5577 838 5636 cod.
872 5580 1015 5650 Reg.
1043 5575 1145 5632 σθ’.
