4058 6274
288 348 424 404 1625

1562 344 2072 404 EPISTOLARUM
2100 349 2236 405 LIB.
2268 350 2335 405 Ιῐ.

3506 349 3648 407 1626

291 479 381 527 καὶ
442 475 615 545 ἥψατο
669 476 811 546 ὑμῶν
867 482 961 535 τῆς
1035 470 1260 546 καρδίας
1328 477 1354 533 ὁ
1416 477 1589 548 πληγὴ
1658 474 1889 548 καθάπερ

2005 478 2291 541 vestrum,
2324 476 2500 545 quasi
2531 476 2731 545 gladio
2764 477 3026 541 feriente,
3058 477 3327 548 perculit.
3362 475 3513 542 Quid
3542 475 3657 529 hoc

291 565 391 615 ὑπὸ
450 569 727 635 μαχαίρας
783 566 1083 634 τεμνούσης.
1137 568 1200 615 Τί
1256 584 1409 617 τουτο
1472 585 1484 631 ς
1549 563 1890 616 ἐκκαλυπτέον

288 656 391 724 γὰρ
447 657 502 705 τὸ
560 658 859 726 πρόσωπον.
917 652 975 703 ⁸0
1029 655 1205 724 κύριος
1246 655 1271 704 ὁ
1322 651 1559 726 ἁδελφὸς,
1619 657 1688 714 ὡς
1739 657 1888 722 φασὶ,

288 746 616 813 κεκοίμηται.
670 741 866 813 ’ῼχετο
911 741 1039 814 ἀνὴρ
1098 740 1313 813 ἀγαθὸς,
1361 743 1582 801 ἐσϐέσθη
1634 744 1658 793 ὁ
1704 741 1889 813 ὀφθαλ-

289 834 381 901 μὸς
434 839 525 883 τοῦ
574 836 768 902 γένους,
829 830 1034 888 ἀπέπτη
1085 835 1139 883 τὸ
1171 835 1503 906 παραμύθιον
1559 835 1700 905 ὑμῶν
1735 849 1747 860 ·
1808 830 1892 901 ὀρ-

290 925 437 992 φανοὶ
490 923 579 992 μὲν
628 923 676 972 οἱ
728 917 918 982 παῖδες
969 919 1057 981 ούς
1115 924 1322 991 ἤνεγκεν
1362 936 1374 949 °
1442 922 1635 997 ὀρφανὴ
1694 918 1752 972 δὲ
1803 924 1891 971 καὶ

293 1010 421 1067 αὐτὴ
480 1012 572 1061 σὺν
604 1016 717 1070 ταῖς
749 1006 1011 1080 ἀδελφαῖς,
1047 1008 1140 1061 οὐκ
1170 1011 1374 1081 ἔχουσα
1403 1019 1502 1063 ποῦ
1548 1010 1751 1084 ἐρείσης
1797 1013 1891 1067 τὴν

291 1105 450 1170 χεῖρα
489 1098 834 1168 ὀκλάζουσαν,
883 1099 911 1157 ἣ
968 1106 1066 1150 ποῦ
1122 1097 1434 1169 ἀποϐλέψοις
1480 1102 1894 1171 περιστατουμέ-

290 1207 371 1245 νη.
431 1186 569 1240 Ἀλλ’
620 1188 701 1238 ἶνα
750 1191 801 1239 τί
832 1186 914 1239 ἐπὶ
967 1187 1137 1239 πλεῖον
1201 1187 1631 1259 ἐλεεινολογοῦμεν
1686 1191 1743 1239 τὸ
1796 1189 1893 1239 πά-

294 1278 420 1342 θος;
454 1281 578 1348 πρὸς
612 1276 813 1348 θεοφιλῆ
868 1278 991 1348 ἡμῖν
1034 1278 1058 1327 ὁ
1088 1276 1263 1347 λόγος,
1321 1281 1451 1352 πρὸς
1486 1281 1725 1344 συνετὴν,
1763 1280 1894 1350 πρὸς

292 1364 566 1439 ἐχέφρονα,
624 1370 756 1438 πρὸς
808 1365 1137 1438 πολύπειρον,
1196 1370 1323 1438 πρὸς
1382 1366 1608 1439 ἔμπλεων
1665 1374 1726 1437 τῇ
1784 1367 1895 1439 θεία

289 1460 499 1525 γνώσει,
559 1451 848 1524 δυναμένην
892 1459 980 1506 καὶ
1035 1454 1220 1516 ἄλλους
1273 1458 1607 1528 σωφρονίζειν
1652 1461 1722 1523 τῷ
1776 1437 1892 1504 καθ’

294 1542 481 1604 ἑαυτῆς
523 1540 894 1614 ὑποδείγματι.
929 1542 1148 1596 Ἔκϐαλε
1196 1543 1249 1595 ἐκ
1294 1552 1385 1595 τοῦ
1441 1545 1641 1614 ἀγαθοῦ
1699 1544 1894 1599 θησαυ-

292 1640 385 1706 ροῦ
438 1640 533 1693 τῆς
579 1630 805 1705 καρδίας
849 1652 942 1684 σου
999 1636 1085 1683 τὸν
1131 1636 1477 1704 πνευματικὸν
1535 1632 1774 1696 πλοῦτον,
1828 1633 1896 1681 τὰ

294 1722 542 1793 φάρμακα
600 1730 689 1781 τῆς
728 1724 1081 1793 παραμυθίας,
1134 1721 1437 1796 ἐπαρκοῦσα
1490 1728 1656 1792 σαυτῇ
1704 1739 1761 1771 τε
1806 1724 1894 1770 καὶ

2003 569 2091 618 est
2118 562 2146 618 ?
2177 567 2496 634 retegenda
2519 566 2679 620 enim
2709 573 2799 621 est
2829 583 3109 638 persona.
3132 566 3421 620 Dominus
3450 566 3649 630 frater,

2007 657 2066 707 ut
2092 654 2279 717 aiunt,
2300 654 2685 709 obdormivit.
2704 656 2864 710 Abiit
2891 656 2980 710 vir
2997 657 3212 717 bonus,
3229 655 3553 710 exstinctus
3567 658 3655 709 est

2002 742 2211 796 oculus
2258 743 2519 807 familia,
2565 745 2825 799 avolavit
2856 744 3185 799 consolatio
3217 749 3410 799 vestra
3438 760 3451 796 :
3486 748 3652 813 patre

2002 832 2192 887 orbati
2228 836 2363 887 sunt
2406 832 2510 887 ﬁlii
2564 850 2717 902 quos
2752 835 2958 899 genuit
3003 833 3261 889 :orbata
3307 837 3362 887 et
3414 838 3476 886 tu
3531 832 3663 903 ipsa

2002 937 2136 975 cum
2163 921 2488 988 sororibus,
2522 938 2641 977 non
2681 922 2912 978 habens
2940 922 3041 977 ubi
3068 938 3314 977 manum
3343 921 3495 989 ﬁgas
3528 921 3660 974 titu-

2000 1010 2267 1074 bantem,
2300 1027 2409 1066 nec
2449 1027 2571 1084 quo
2602 1012 2878 1082 periculis
2922 1012 3201 1078 obsessa,
3237 1010 3550 1081 respicias.
3589 1010 3661 1065 At

2000 1115 2290 1171 quorsum
2322 1116 2658 1155 arumnam
2683 1100 2951 1171 pluribus
2973 1100 3358 1172 deploramus
3391 1098 3419 1153 7
3443 1098 3531 1153 Ad
3559 1095 3661 1153 Dei

2002 1194 2307 1243 amantem
2325 1188 2494 1244 nobis
2512 1205 2708 1244 sermo
2727 1196 2834 1251 est,
2849 1192 2922 1245 ad
2952 1189 3395 1256 intelligentem,
3421 1188 3495 1243 ad
3520 1203 3657 1258 pru-

2002 1278 2262 1340 dentem,
2286 1277 2362 1332 ad
2380 1278 2567 1333 multa
2588 1283 2917 1349 expertam,
2944 1279 3017 1333 ad
3043 1278 3248 1332 divina
3272 1277 3513 1332 scientia
3537 1276 3659 1348 ple-

2002 1383 2166 1432 nam,
2186 1383 2321 1438 qua
2353 1373 2408 1421 et
2437 1366 2583 1421 alios
2605 1367 2791 1439 possit
2818 1383 2927 1422 suo
2950 1368 3136 1438 ipsius
3158 1366 3434 1436 exemplo
3458 1380 3659 1420 emen-

2004 1456 2166 1511 dare.
2202 1459 2494 1527 Exprome
2524 1457 2597 1511 de
2628 1457 2789 1512 bono
2829 1457 3106 1511 thesauro
3133 1456 3329 1510 cordis
3363 1454 3443 1511 tui
3478 1454 3655 1525 spiri-

2003 1545 2191 1600 tuales
2221 1545 2455 1600 divitias
2482 1566 2493 1597 :
2526 1545 2953 1601 consolationis
2985 1546 3265 1610 remedia,
3294 1551 3350 1600 et
3381 1543 3485 1599 tibi
3520 1544 3652 1615 ipsi,

2004 1641 2059 1690 et
2090 1635 2392 1689 sororibus
2432 1635 2768 1704 suppedita.
2803 1634 3035 1690 Scimus
3057 1636 3215 1689 enim
3256 1634 3367 1689 has
3411 1649 3654 1706 quoque

2003 1724 2132 1793 pari
2171 1722 2413 1778 affectas
2453 1739 2581 1779 esse
2612 1725 2839 1779 tristitia
2869 1741 2880 1777 :
2916 1723 3432 1795 quemadmodum
3471 1728 3525 1776 et
3553 1722 3657 1777 do-

291 1817 402 1869 ταῐς
457 1806 719 1881 ἀδελφαῖς.
776 1816 951 1882 Ἴσμεν
1014 1813 1113 1884 γὰρ
1169 1811 1246 1862 ὅτι
1311 1810 1560 1862 κάκείνων
1616 1808 1789 1879 ἥψατο
1842 1807 1889 1870 ἐξ

2003 1811 2168 1867 mina
2182 1814 2520 1883 praeposita,
2544 1814 2689 1883 quin
2703 1818 2892 1868 ettota
2916 1812 3160 1876 familia,
3186 1811 3521 1868 addiderim
3551 1826 3657 1866 au-

289 1901 409 1950 ῖσου
456 1901 486 1956 ἡ
516 1898 650 1956 λύπη
687 1919 699 1930 ’
738 1902 844 1951 ἐπεὶ
875 1905 963 1952 καὶ
1011 1908 1106 1960 τῆς
1156 1903 1343 1973 κυρίας
1397 1901 1689 1969 ἡγουμένης
1720 1915 1732 1927 ·
1767 1896 1894 1950 ἀλλὰ

288 1990 388 2059 γὰρ
421 1992 509 2039 καὶ
542 1987 659 2039 ὅλου
704 1996 794 2040 τοῦ
838 1992 1035 2059 γένους,
1079 1990 1362 2060 προσθείην
1394 1984 1443 2039 δ’
1486 1987 1544 2038 ἂν
1590 1991 1679 2039 καὶ
1730 1987 1892 2048 αὐτῆς

292 2086 387 2137 τῆς
440 2077 764 2147 συγκλήτου,
805 2084 895 2140 Τίς
948 2077 1023 2129 ἐπ’
1069 2079 1208 2148 αὐτῷ
1255 2083 1326 2150 μὴ
1374 2077 1766 2143 ἑπιστενάξειε;
1813 2096 1892 2137 τις

290 2163 448 2237 δὲμὴ
482 2170 775 2238 καταγάγοι
808 2164 1016 2241 δάκρυα
1058 2186 1070 2234 ;
1104 2168 1258 2241 ούπερ
1318 2172 1408 2218 καὶ
1458 2169 1603 2237 ἡμῶν
1653 2175 1753 2218 τῶν
1802 2185 1890 2217 τα-

287 2265 468 2307 πεινῶν
516 2262 701 2329 καίπερ
753 2258 888 2308 οὑτω
954 2258 1389 2329 φιλοσοφούντων,
1454 2256 1625 2327 ἣψατο
1695 2255 1888 2313 ἠλόπη.

291 2345 428 2397 Ἀλλ’
492 2342 674 2403 ἐπειδὴ
747 2345 1100 2417 ἁπεϐλέψαμεν
1156 2347 1235 2397 ὅτι
1294 2342 1469 2407 οὐδεὶς
1523 2346 1595 2406 εἰς
1650 2349 1890 2415 γέννησιν

287 2431 443 2484 ἐλθὼν
470 2453 540 2502 μη
575 2434 703 2504 οὐχὶ
732 2439 820 2485 καὶ
852 2431 1171 2504 ἐκδημὴσειε
1201 2443 1299 2485 τῶν
1326 2431 1525 2486 ἐνθένδε
1556 2452 1566 2463 ’
1610 2439 1699 2486 καὶ
1737 2441 1890 2485 τοῦτο

287 2519 387 2573 ἀπο
419 2530 509 2573 τοῦ
562 2525 880 2597 προπάτορος
918 2526 1063 2596 ἡμῶν
1118 2521 1292 2595 Ἀδὰμ
1341 2529 1507 2595 μέχρι
1541 2530 1632 2575 τοῦ
1684 2520 1839 2595 δεῦρο
1872 2537 1887 2552 ⁶

289 2606 440 2661 οὐδὲν
500 2610 635 2672 ξένον
691 2613 1004 2683 ἡγησάμεθα
1058 2611 1141 2664 ἐπὶ
1188 2621 1259 2683 τῷ
1311 2612 1700 2683 συμϐεϐηκότι·
1755 2611 1889 2673 ξένον

290 2694 339 2749 δ’
401 2698 459 2749 ἃν
505 2696 617 2767 εἶεν,
670 2703 805 2773 εἴπερ
865 2704 893 2759 ἡ
934 2704 1259 2762 θεοσύνθετός
1318 2721 1410 2753 σου
1452 2698 1649 2775 καρδία
1696 2702 1891 2770 ἐνέγκοι

290 2787 641 2860 εὐχαρίστως,
674 2790 1006 2851 ύποτύπωσις
1036 2794 1279 2862 γενομένη
1318 2794 1411 2843 σὺν
1441 2798 1503 2862 τῇ
1558 2794 1715 2864 κυρίᾳ
1760 2790 1893 2840 καθ-

292 2882 575 2949 ηγουμένῃ,
626 2886 741 2939 ταῖς
793 2898 845 2931 τε
903 2877 1170 2951 ἀδελφαῖς,
1225 2884 1314 2932 καὶ
1368 2881 1512 2951 πάσῃ
1573 2887 1634 2951 τῇ
1699 2897 1892 2950 συγγε-

284 2983 423 3035 νειᾳ.

362 3055 553 3106 Διάθου
609 3057 743 3107 κατὰ
787 3059 844 3107 τὸ
898 3055 1074 3118 εἰωθός
1122 3076 1204 3108 σοι
1262 3056 1513 3128 εὐψυχῶς
1560 3057 1748 3117 πάντα,
1804 3074 1890 3125 με·

2005 1906 2140 1965 tem,
2171 1908 2225 1956 et
2265 1907 2508 1957 senatus
2564 1902 2710 1973 ipse.
2746 1903 2886 1967 Quis
2918 1902 3074 1956 illius
3114 1917 3300 1957 causa
3331 1916 3452 1957 non
3494 1900 3658 1969 inge-

2002 1990 2214 2045 miscat
2232 1992 2260 2047 7
2286 1991 2417 2063 quis
2440 1991 2740 2062 lacrymas
2768 2007 2885 2045 non
2916 1991 3173 2046 fundat?
3199 1990 3445 2062 quando
3468 1996 3654 2044 etnos

2000 2081 2278 2145 humiles,
2310 2082 2414 2152 qui
2447 2082 2528 2135 sic
2555 2080 3076 2153 philosophamur,
3106 2081 3290 2149 tetigit
3322 2084 3523 2134 tamen
3551 2080 3654 2134 do-

2000 2170 2108 2225 lor.
2128 2170 2343 2224 Verum
2368 2176 2691 2242 postquam
2716 2170 3130 2241 perspeximus
3160 2168 3462 2223 neminem
3487 2168 3655 2223 nasci

2000 2260 2101 2331 qui
2135 2259 2271 2314 hinc
2298 2259 2501 2313 itidem
2554 2274 2674 2313 non
2706 2264 2898 2322 exeat,
2932 2258 3113 2329 idque
3154 2275 3189 2313 a
3218 2258 3413 2329 primo
3460 2272 3652 2329 usque

2000 2352 2245 2419 parente
2266 2347 2454 2401 Adam
2483 2347 2559 2401 ad
2588 2355 2855 2402 nostram
2878 2347 3031 2402 hanc
3059 2351 3293 2401 atatem
3319 2363 3333 2411 ;
3364 2345 3509 2400 nihil
3532 2345 3653 2399 sin—

2001 2436 2206 2506 gulare
2239 2436 2505 2491 arbitrati
2539 2452 2746 2491 sumus
2774 2437 2829 2491 in
2860 2452 2929 2491 eo
2969 2436 3131 2507 quod
3163 2435 3400 2501 accidit,
3445 2434 3654 2503 singu-

2000 2526 2120 2581 lare
2136 2526 2331 2596 potius
2344 2524 2590 2588 fuerit,si
2607 2526 2847 2597 sapiens
2866 2541 2966 2580 cor
2984 2532 3151 2579 tuum
3167 2540 3302 2578 cum
3324 2525 3649 2593 gratiarum

2002 2615 2231 2670 actione
2262 2615 2375 2669 hoc
2426 2615 2575 2670 ferat
2606 2631 2619 2680 ;
2655 2615 2734 2670 ita
2776 2620 2838 2669 ut
2863 2614 3137 2684 exemplo
3173 2613 3275 2679 sis,
3306 2612 3550 2685 perinde
3582 2629 3652 2668 ac

2000 2704 2247 2758 domina
2278 2704 2599 2774 praposita
2644 2708 2769 2757 tum
2820 2703 3146 2767 sororibus,
3190 2707 3313 2756 tum
3370 2716 3645 2756 sororum

1999 2792 2219 2856 liberis,
2247 2797 2762 2864 cognatorumque
2798 2792 3086 2846 universa
3112 2790 3373 2847 familia.

2072 3060 2348 3131 Dispone,
2383 3067 2444 3115 ut
2497 3061 2753 3123 solebas,
2812 3059 3129 3131 tranquillo
3182 3059 3385 3113 animo
3425 3058 3653 3125 omnia,

283 3142 610 3214 γαλοϐούλως
678 3144 795 3195 καθ’
854 3145 974 3196 ὅσον
1041 3142 1310 3217 ἐνδέχεται
1385 3146 1736 3215 ἐπικουροῦσα
1800 3146 1887 3195 καὶ

2003 3165 2222 3218 magno
2266 3150 2469 3221 quoad
2521 3148 2647 3204 ﬁeri
2684 3154 2877 3220 potest
2933 3148 3203 3212 consilio,
3266 3148 3460 3203 fratris
3499 3163 3653 3217 quo-

281 3236 377 3289 την
408 3232 574 3283 οἰκίαν
627 3239 717 3283 τοῦ
765 3230 1009 3305 ἀδελφοῦ,
1062 3234 1128 3294 εἰς
1181 3238 1236 3285 τὸ
1282 3238 1352 3306 μὴ
1395 3236 1593 3305 ἐρήμην
1624 3229 1889 3307 καταδρα-

283 3329 400 3392 μεῖν
457 3325 577 3383 τοὺς
660 3319 1047 3396 ἐφεδρεύοντας,
1100 3323 1147 3375 ἓν
1202 3332 1319 3385 ταῖς
1393 3326 1738 3397 περιστάσεσι
1791 3331 1888 3374 τῶν

283 3409 590 3484 ἀνθρώπων.
638 3416 915 3485 Φρόντισον
970 3410 1058 3465 οὖν
1106 3415 1224 3466 ὅσον
1278 3410 1518 3476 δυνατὸν,
1571 3418 1661 3464 καὶ
1690 3421 1783 3473 τῆς
1814 3431 1888 3463 τι·

280 3504 411 3572 μίας
442 3499 630 3571 ψυχῆς
660 3509 751 3552 τοῦ
780 3501 982 3573 ἀγαθοῦ
1031 3499 1216 3576 ἀνδρὸς
1246 3502 1439 3555 ἐκείνου
1475 3519 1486 3531 ·
1522 3504 1601 3553 ὅτι
1641 3506 1728 3553 καὶ
1759 3503 1889 3571 μετὰ

282 3590 506 3641 θάνατον
564 3587 882 3662 βοηθοῦνται
929 3595 1072 3663 παρὰ
1124 3601 1221 3643 τῶν
1258 3592 1463 3652 ζώντων
1496 3594 1542 3643 οἱ
1592 3587 1888 3661 ἐκδεδημη-

276 3682 446 3737 κὸτες.
507 3684 607 3731 Καὶ
658 3679 827 3740 ἁπλῶς
874 3684 939 3731 τα
987 3682 1156 3733 πάντα
1208 3680 1255 3733 ἐν
1288 3688 1450 3734 πᾶσιν
1500 3677 1717 3752 οἴδαμέν
1753 3700 1809 3731 σε
1835 3677 1887 3731 εὖ

280 3764 645 3834 διατίθεσθαι,
700 3773 785 3820 καὶ
849 3777 1158 3843 στρατηγεῖν
1216 3775 1304 3823 τὸν
1358 3771 1608 3843 λογισμὸν
1675 3769 1884 3840 μᾶλλον,

277 3858 307 3916 ἦ
356 3860 775 3932 στρατηγεῖσθαι
815 3859 915 3910 ὑπό
954 3867 1043 3919 τῆς
1084 3858 1311 3931 ἀθυμίας
1357 3861 1771 3931 καὶμοχθηρίας.
1802 3858 1887 3920 Εἰς

275 3947 413 3999 αὐτό
440 3949 541 4021 γὰρ
571 3954 723 3999 τοῦτο
768 3952 857 3999 καὶ
905 3952 989 4000 τὸν
1024 3946 1242 4020 ἀδελφὸν
1291 3950 1598 4003 Ἀθανάσιον
1630 3947 1890 4000 ἀπεστάλ-

271 4054 466 4106 καμεν,
520 4032 901 4098 ἐπιδεικνύντες
963 4041 1019 4089 τὸ
1072 4040 1357 4110 περιπαθὲς
1427 4041 1571 4109 ἡμῶν
1622 4040 1748 4109 πρὸς
1804 4041 1887 4088 τὸν

268 4121 477 4197 ἄνδρα,
530 4130 615 4177 καὶ
676 4129 801 4197 πρὸς
847 4129 939 4184 τὴν
1013 4127 1259 4202 ὑμετέραν
1335 4132 1617 4198 τιμιότητα
1672 4126 1890 4197 ἐπικαμ-

266 4217 469 4265 πτικὸν
510 4231 522 4243 ·
582 4214 635 4265 ὃν
696 4213 962 4285 εὐχόμεθα
1018 4219 1205 4287 τάχιον
1274 4214 1635 4279 ἀποδέξασθαι
1694 4215 1889 4287 ἀγαθὸν

263 4302 498 4376 ἄγγελον
530 4310 623 4364 τῆς
678 4302 1003 4375 εὐχαρίστου
1055 4306 1195 4377 ὑμῶν
1248 4307 1510 4377 ὑπομονῆς
1566 4312 1885 4379 γιγνόμενον.

428 4426 520 4479 ΣΖ’
705 4460 770 4468 -
803 4426 1106 4499 Ὀλϐιανῷ
1144 4435 1489 4502 πατρικίῳ.
1537 4429 1745 4505 [ωκδ’.]

1998 3254 2115 3310 que
2169 3239 2418 3293 domum
2478 3238 2794 3308 adjuvans,
2842 3254 2915 3292 ne
2967 3252 3081 3309 ope
3116 3230 3401 3291 destituta
3447 3235 3506 3291 in
3550 3250 3652 3289 eos

1998 3327 2279 3391 incurrat,
2305 3326 2406 3398 qui
2434 3326 2680 3381 insidias
2708 3332 2943 3380 struunt
2964 3326 3021 3379 in
3037 3324 3305 3380 adversis
3332 3323 3651 3378 hominum

1998 3416 2197 3471 rebus.
2247 3418 2463 3471 Curam
2516 3415 2710 3484 igitur,
2746 3415 2947 3487 quoad
3004 3419 3190 3485 potes,
3244 3412 3400 3468 habe
3433 3412 3652 3467 anima

1997 3504 2139 3559 boni
2191 3504 2345 3558 illius
2398 3504 2501 3558 viri
2538 3520 2549 3557 :
2584 3506 2870 3575 quoniam
2906 3504 3087 3558 etiam
3142 3507 3280 3574 post
3316 3506 3568 3555 mortem
3619 3516 3654 3556 a

1998 3593 2335 3647 viventibus
2350 3593 2712 3663 adjuvantur
2734 3593 2835 3663 qui
2858 3592 2969 3646 vita
2990 3591 3169 3646 functi
3199 3594 3357 3645 sunt.
3388 3590 3650 3660 Denique

1998 3682 2202 3737 omnia
2233 3682 2289 3736 in
2324 3681 2605 3736 omnibus
2640 3682 2917 3736 novimus
2942 3686 2992 3736 te
3026 3686 3179 3735 recte
3213 3680 3554 3749 disponere,
3585 3694 3654 3733 ac

1998 3771 2196 3841 potius
2228 3771 2518 3827 rationem
2560 3770 2727 3841 sequi
2756 3771 2994 3835 ducem,
3030 3785 3210 3840 quam
3246 3785 3279 3823 a
3316 3783 3569 3823 maerore
3601 3773 3656 3821 et

2000 3860 2272 3915 molestia
2302 3860 2446 3927 regi.
2475 3861 2594 3915 Hac
2655 3860 2811 3914 enim
2869 3858 2944 3914 de
2975 3874 3159 3914 causa
3192 3857 3432 3912 fratrem
3474 3856 3653 3911 etiam

1998 3948 2391 4004 Athanasium
2424 3948 2718 4012 misimus,
2753 3947 3020 4003 dolorem
3054 3952 3323 4002 nostrum
3367 3949 3652 4000 testantes

1999 4053 2140 4108 erga
2168 4037 2538 4102 defunctum,
2572 4040 2629 4091 et
2655 4034 2935 4091 affectum
2968 4050 3109 4104 erga
3141 4035 3533 4089 reverentiam
3560 4048 3655 4088 ve-

2002 4132 2184 4182 stram
2220 4144 2232 4178 :
2284 4141 2465 4197 quem
2506 4130 2789 4197 optamus
2842 4125 3006 4179 brevi
3057 4123 3361 4187 reducem,
3392 4122 3649 4177 bonum-

1999 4232 2115 4288 que
2144 4222 2326 4286 grata
2355 4214 2652 4287 patientia
2687 4219 2892 4270 vestra
2932 4213 3205 4269 nuntium
3238 4213 3519 4282 recipere.

2375 4424 2583 4482 CCVII.
2619 4454 2675 4465 —
2711 4423 2960 4479 Olbiano
2996 4423 3277 4492 patricio.

957 4534 1024 4583 Ut
1049 4535 1100 4583 in
1133 4533 1454 4598 magistratu
1492 4536 1572 4598 pie
1602 4550 1663 4586 ac
1693 4540 1894 4593 sancte,
1933 4537 1985 4584 et
2004 4532 2080 4581 uti
2111 4531 2469 4581 Christianum
2498 4529 2665 4585 decet,
2704 4542 2759 4577 se
2792 4531 2963 4591 gerat.

348 4628 607 4696 Γεοόργιος
659 4625 684 4676 ὁ
739 4623 977 4695 θεοφιλὴς
1026 4623 1148 4698 ἀνὴρ
1198 4629 1287 4677 καὶ
1334 4621 1602 4697 περίδοξος
1654 4628 1890 4702 νοτάριος

276 4717 644 4787 προσηγορίαν
698 4714 823 4784 ἡμῖν
874 4718 1163 4784 κεκομικὼς
1216 4716 1358 4786 παρὰ
1406 4722 1500 4775 τῆς
1552 4721 1886 4788 πανευφήμου

274 4807 368 4855 καὶ
428 4797 716 4857 διαϐοήτου
772 4802 912 4872 ὑμῶν
971 4804 1260 4873 ὑπεροχῆς,
1319 4803 1558 4876 ἀπῄτησε
1600 4809 1684 4857 τὸν
1738 4805 1887 4859 ἀντα-

278 4892 534 4961 σπασμὸν
592 4888 957 4963 ἐγγράμματον
1016 4894 1157 4963 ἡμᾶς
1207 4895 1558 4959 ποιήσασθαι,
1618 4896 1682 4955 ὡς
1736 4902 1887 4946 τοῦτο

272 4980 592 5038 κελευούσης
666 4986 758 5039 τῆς
854 4986 1243 5053 μακαριότητος
1344 4983 1504 5053 ὑμῶν.
1580 4981 1754 5053 Ἡμεῖς
1829 4979 1887 5035 δὲ

274 5069 498 5127 ἑαυτοὺς
550 5073 843 5128 πεπεικὸτες
896 5069 1122 5120 ὑπείκειν
1175 5068 1222 5120 ἐν
1278 5076 1386 5130 τοῖς
1454 5069 1675 5142 φιλικοῖς
1725 5074 1882 5130 καθήο

854 4986 1243 5054 μακαριότητος
1344 4983 1504 5053 ὑμῶν.

273 5174 463 5223 κουσι,
522 5158 854 5230 χαράττομεν
927 5154 1085 5215 τήνδε
1138 5161 1231 5216 τήν
1290 5155 1566 5217 ἐπιστολήν
1622 5180 1635 5192 ·
1688 5169 1885 5234 πρῶτον

275 5246 371 5317 μεν
460 5248 931 5319 προσαγορεύοντες
986 5249 1052 5299 τὰ
1122 5246 1295 5299 εἰκότα
1346 5250 1395 5300 οἱ
1470 5248 1700 5315 εὐτελεῖς,
1759 5253 1884 5302 αὐτὸ

2075 4622 2358 4689 Georgius
2382 4622 2466 4674 vir
2488 4619 2802 4688 religiosus
2824 4618 3197 4688 insignisque
3223 4617 3493 4672 notarius
3514 4632 3651 4673 cum

2001 4710 2425 4766 salutationem
2470 4708 2645 4765 nobis
2678 4707 2971 4763 attulisset
3003 4705 3079 4761 ab
3116 4707 3281 4761 omni
3309 4706 3485 4761 laude
3506 4723 3653 4777 pra-

1996 4799 2259 4854 dicanda
2292 4804 2348 4853 et
2379 4798 2765 4854 celeberrima
2814 4794 3165 4851 celsitudine
3199 4801 3414 4857 vestra.
3452 4801 3653 4866 postu-

1995 4888 2132 4943 lavit
2157 4894 2219 4943 ut
2240 4894 2510 4943 mutuam
2535 4886 2956 4942 salutationem
2971 4883 3203 4954 scriptis
3219 4884 3422 4939 litteris
3445 4884 3653 4940 redde-

1994 4992 2217 5043 remus,
2253 4983 2541 5047 tanquam
2591 4976 2649 5029 id
2681 4974 2989 5030 beatitudo
3045 4977 3242 5028 vestra
3282 4974 3651 5044 praciperet.

1998 5068 2112 5121 Nos
2145 5082 2284 5121 vero
2333 5082 2468 5120 cum
2508 5066 2777 5120 animum
2831 5062 3244 5118 induxerimus
3277 5063 3338 5116 in
3374 5063 3649 5119 amicitia

1995 5163 2206 5219 ofﬁciis
2237 5163 2677 5234 obtemperare,
2708 5160 2867 5217 hanc
2916 5158 3228 5230 epistolam
3280 5175 3600 5216 exaramus
3636 5181 3648 5216 :

1995 5252 2257 5323 primum
2288 5251 2533 5324 quidem
2584 5250 2935 5314 salutantes,
2969 5255 3033 5304 ut
3083 5264 3119 5305 a
3159 5248 3335 5304 nobis
3366 5249 3648 5305 tenuibus

1852 5429 2079 5488 ΝΟΤᾸΕ.

354 5601 437 5672 (2)
467 5598 531 5657 In
561 5599 695 5658 cod.
736 5603 876 5674 Reg.
916 5601 1004 5661 σι’.
