  <div class='ocr_page' id='page_1' title='image "/cluster/home/n/w/nwhite01/storage/ocr_20150623/99/mdp.39015005675577/821.png"; bbox 0 0 4058 6274; ppageno 0'>
   <div class='ocr_carea' id='block_1_1' title="bbox 478 279 615 333">
    <p class='ocr_par' dir='ltr' id='par_1_1' title="bbox 478 279 615 333">
     <span class='ocr_line' id='line_1_1' title="bbox 478 279 615 333; baseline -0.007 -2"><span class='ocrx_word' id='word_1_1' title='bbox 478 279 615 333; x_wconf 78' lang='grc'><strong>1627</strong></span> 
     </span>
    </p>
   </div>
   <div class='ocr_carea' id='block_1_2' title="bbox 1735 273 2577 334">
    <p class='ocr_par' dir='ltr' id='par_1_2' title="bbox 1735 273 2577 334">
     <span class='ocr_line' id='line_1_2' title="bbox 1735 273 2577 334; baseline -0.008 0"><span class='ocrx_word' id='word_1_2' title='bbox 1735 279 1796 334; x_wconf 93' lang='lat' dir='ltr'><strong>S.</strong></span> <span class='ocrx_word' id='word_1_3' title='bbox 1837 273 2208 334; x_wconf 85' lang='lat' dir='ltr'><strong>THEODORI</strong></span> <span class='ocrx_word' id='word_1_4' title='bbox 2248 273 2577 329; x_wconf 71' lang='lat' dir='ltr'><strong>STUDITE</strong></span> 
     </span>
    </p>
   </div>
   <div class='ocr_carea' id='block_1_3' title="bbox 3688 271 3811 326">
    <p class='ocr_par' dir='ltr' id='par_1_3' title="bbox 3688 271 3811 326">
     <span class='ocr_line' id='line_1_3' title="bbox 3688 271 3811 326; baseline -0.008 -1"><span class='ocrx_word' id='word_1_5' title='bbox 3688 271 3811 326; x_wconf 80' lang='grc'><strong>1628</strong></span> 
     </span>
    </p>
   </div>
   <div class='ocr_carea' id='block_1_4' title="bbox 476 392 2146 476">
    <p class='ocr_par' dir='ltr' id='par_1_4' title="bbox 476 401 2124 476">
     <span class='ocr_line' id='line_1_4' title="bbox 476 401 2124 476; baseline 0.001 -21"><span class='ocrx_word' id='word_1_6' title='bbox 476 401 602 456; x_wconf 88' lang='lat' dir='ltr'><strong>ﬁeri</strong></span> <span class='ocrx_word' id='word_1_7' title='bbox 642 417 752 474; x_wconf 90' lang='lat' dir='ltr'><strong>par</strong></span> <span class='ocrx_word' id='word_1_8' title='bbox 777 406 885 466; x_wconf 89' lang='lat' dir='ltr'><strong>est,</strong></span> <span class='ocrx_word' id='word_1_9' title='bbox 913 407 1090 474; x_wconf 88' lang='lat' dir='ltr'><strong>atque</strong></span> <span class='ocrx_word' id='word_1_10' title='bbox 1116 402 1232 458; x_wconf 92' lang='lat' dir='ltr'><strong>hoc</strong></span> <span class='ocrx_word' id='word_1_11' title='bbox 1263 403 1464 475; x_wconf 90' lang='lat' dir='ltr'><strong>ipsum</strong></span> <span class='ocrx_word' id='word_1_12' title='bbox 1496 405 1902 476; x_wconf 83' lang='lat' dir='ltr'><strong>approbantes</strong></span> <span class='ocrx_word' id='word_1_13' title='bbox 1928 419 1999 459; x_wconf 90' lang='lat' dir='ltr'><strong>ac</strong></span> <span class='ocrx_word' id='word_1_14' title='bbox 2025 419 2124 456; x_wconf 90' lang='lat' dir='ltr'><strong>su-</strong></span> 
     </span>
    </p>
   </div>
   <div class='ocr_carea' id='block_1_5' title="bbox 2254 392 3816 476">
    <p class='ocr_par' dir='ltr' id='par_1_5' title="bbox 2254 392 3816 472">
     <span class='ocr_line' id='line_1_5' title="bbox 2254 392 3816 472; baseline -0.001 -23"><span class='ocrx_word' id='word_1_15' title='bbox 2254 405 2384 452; x_wconf 66' lang='lat' dir='ltr'><strong>roﬁ&#39;ro</strong></span> <span class='ocrx_word' id='word_1_16' title='bbox 2434 395 2818 471; x_wconf 77' lang='grc' dir='ltr'><strong>ἀποδεχόμενοι</strong></span> <span class='ocrx_word' id='word_1_17' title='bbox 2863 403 2952 450; x_wconf 84' lang='grc' dir='ltr'><strong>καὶ</strong></span> <span class='ocrx_word' id='word_1_18' title='bbox 3010 392 3543 472; x_wconf 83' lang='grc' dir='ltr'>ύπεραποδεχόμενοι,</span> <span class='ocrx_word' id='word_1_19' title='bbox 3594 397 3670 448; x_wconf 83' lang='grc' dir='ltr'>ὅτι</span> <span class='ocrx_word' id='word_1_20' title='bbox 3708 397 3816 466; x_wconf 88' lang='grc' dir='ltr'>γλί-</span> 
     </span>
    </p>
   </div>
   <div class='ocr_carea' id='block_1_6' title="bbox 480 491 2123 563">
    <p class='ocr_par' dir='ltr' id='par_1_6' title="bbox 480 491 2123 563">
     <span class='ocr_line' id='line_1_6' title="bbox 480 491 2123 563; baseline 0.001 -19"><span class='ocrx_word' id='word_1_21' title='bbox 480 491 1013 562; x_wconf 89' lang='lat' dir='ltr'><strong>perapprobantes,</strong></span> <span class='ocrx_word' id='word_1_22' title='bbox 1033 494 1194 563; x_wconf 89' lang='lat' dir='ltr'><strong>quod</strong></span> <span class='ocrx_word' id='word_1_23' title='bbox 1211 509 1418 548; x_wconf 89' lang='lat' dir='ltr'><strong>vocem</strong></span> <span class='ocrx_word' id='word_1_24' title='bbox 1435 501 1700 550; x_wconf 87' lang='lat' dir='ltr'><strong>nostram</strong></span> <span class='ocrx_word' id='word_1_25' title='bbox 1724 492 2123 563; x_wconf 88' lang='lat' dir='ltr'><strong>audirecupit,</strong></span> 
     </span>
    </p>
   </div>
   <div class='ocr_carea' id='block_1_7' title="bbox 478 579 2128 653">
    <p class='ocr_par' dir='ltr' id='par_1_7' title="bbox 478 579 2128 653">
     <span class='ocr_line' id='line_1_7' title="bbox 478 579 2128 653; baseline 0.001 -21"><span class='ocrx_word' id='word_1_26' title='bbox 478 580 579 649; x_wconf 86' lang='lat' dir='ltr'><strong>qui</strong></span> <span class='ocrx_word' id='word_1_27' title='bbox 604 579 817 634; x_wconf 85' lang='lat' dir='ltr'><strong>miselli</strong></span> <span class='ocrx_word' id='word_1_28' title='bbox 850 596 1061 634; x_wconf 90' lang='lat' dir='ltr'><strong>sumus</strong></span> <span class='ocrx_word' id='word_1_29' title='bbox 1090 585 1146 635; x_wconf 87' lang='lat' dir='ltr'><strong>et</strong></span> <span class='ocrx_word' id='word_1_30' title='bbox 1166 589 1526 653; x_wconf 87' lang='lat' dir='ltr'><strong>peccatores.</strong></span> <span class='ocrx_word' id='word_1_31' title='bbox 1565 584 1787 638; x_wconf 87' lang='lat' dir='ltr'><strong>Etenim</strong></span> <span class='ocrx_word' id='word_1_32' title='bbox 1816 583 1929 637; x_wconf 90' lang='lat' dir='ltr'><strong>hoc</strong></span> <span class='ocrx_word' id='word_1_33' title='bbox 1956 597 2128 649; x_wconf 60' lang='lat' dir='ltr'><strong>arguo</strong></span> 
     </span>
    </p>
   </div>
   <div class='ocr_carea' id='block_1_8' title="bbox 479 669 2129 743">
    <p class='ocr_par' dir='ltr' id='par_1_8' title="bbox 479 669 2129 743">
     <span class='ocr_line' id='line_1_8' title="bbox 479 669 2129 743; baseline 0.001 -21"><span class='ocrx_word' id='word_1_34' title='bbox 479 673 749 722; x_wconf 85' lang='lat' dir='ltr'><strong>mentum</strong></span> <span class='ocrx_word' id='word_1_35' title='bbox 780 675 865 722; x_wconf 89' lang='lat' dir='ltr'><strong>est</strong></span> <span class='ocrx_word' id='word_1_36' title='bbox 890 669 1123 740; x_wconf 88' lang='lat' dir='ltr'><strong>pietatis</strong></span> <span class='ocrx_word' id='word_1_37' title='bbox 1143 687 1262 724; x_wconf 88' lang='lat' dir='ltr'><strong>non</strong></span> <span class='ocrx_word' id='word_1_38' title='bbox 1297 671 1561 738; x_wconf 89' lang='lat' dir='ltr'><strong>vulgare,</strong></span> <span class='ocrx_word' id='word_1_39' title='bbox 1586 672 1749 743; x_wconf 85' lang='lat' dir='ltr'><strong>quod</strong></span> <span class='ocrx_word' id='word_1_40' title='bbox 1783 670 2129 726; x_wconf 86' lang='lat' dir='ltr'><strong>celsitudine</strong></span> 
     </span>
    </p>
   </div>
   <div class='ocr_carea' id='block_1_9' title="bbox 481 756 2132 830">
    <p class='ocr_par' dir='ltr' id='par_1_9' title="bbox 481 756 2132 830">
     <span class='ocr_line' id='line_1_9' title="bbox 481 756 2132 830; baseline 0.002 -21"><span class='ocrx_word' id='word_1_41' title='bbox 481 756 756 811; x_wconf 86' lang='lat' dir='ltr'><strong>sublimis</strong></span> <span class='ocrx_word' id='word_1_42' title='bbox 791 758 868 812; x_wconf 89' lang='lat' dir='ltr'><strong>ad</strong></span> <span class='ocrx_word' id='word_1_43' title='bbox 910 758 1225 814; x_wconf 87' lang='lat' dir='ltr'><strong>humilium</strong></span> <span class='ocrx_word' id='word_1_44' title='bbox 1269 777 1477 815; x_wconf 88' lang='lat' dir='ltr'><strong>vocem</strong></span> <span class='ocrx_word' id='word_1_45' title='bbox 1527 761 1863 826; x_wconf 88' lang='lat' dir='ltr'><strong>inﬂectitur,</strong></span> <span class='ocrx_word' id='word_1_46' title='bbox 1891 776 1960 815; x_wconf 89' lang='lat' dir='ltr'><strong>ac</strong></span> <span class='ocrx_word' id='word_1_47' title='bbox 1985 774 2132 830; x_wconf 66' lang='lat' dir='ltr'><strong>prte—</strong></span> 
     </span>
    </p>
   </div>
   <div class='ocr_carea' id='block_1_10' title="bbox 481 846 2130 922">
    <p class='ocr_par' dir='ltr' id='par_1_10' title="bbox 481 846 2130 922">
     <span class='ocr_line' id='line_1_10' title="bbox 481 846 2130 922; baseline 0.002 -24"><span class='ocrx_word' id='word_1_48' title='bbox 481 847 679 899; x_wconf 92' lang='lat' dir='ltr'><strong>sertim</strong></span> <span class='ocrx_word' id='word_1_49' title='bbox 712 846 825 901; x_wconf 88' lang='lat' dir='ltr'><strong>hoc</strong></span> <span class='ocrx_word' id='word_1_50' title='bbox 854 853 1134 918; x_wconf 90' lang='lat' dir='ltr'><strong>tempore,</strong></span> <span class='ocrx_word' id='word_1_51' title='bbox 1171 850 1418 919; x_wconf 86' lang='lat' dir='ltr'><strong>quando</strong></span> <span class='ocrx_word' id='word_1_52' title='bbox 1454 850 1723 922; x_wconf 79' lang='lat' dir='ltr'><strong>plerique</strong></span> <span class='ocrx_word' id='word_1_53' title='bbox 1744 850 1922 904; x_wconf 90' lang='lat' dir='ltr'><strong>etiam</strong></span> <span class='ocrx_word' id='word_1_54' title='bbox 1955 848 2130 903; x_wconf 86' lang='lat' dir='ltr'><strong>valde</strong></span> 
     </span>
    </p>
   </div>
   <div class='ocr_carea' id='block_1_11' title="bbox 482 934 2133 1001">
    <p class='ocr_par' dir='ltr' id='par_1_11' title="bbox 482 934 2133 1001">
     <span class='ocr_line' id='line_1_11' title="bbox 482 934 2133 1001; baseline 0.002 -13"><span class='ocrx_word' id='word_1_55' title='bbox 482 934 706 989; x_wconf 87' lang='lat' dir='ltr'><strong>amicos</strong></span> <span class='ocrx_word' id='word_1_56' title='bbox 733 934 1004 990; x_wconf 82' lang='lat' dir='ltr'><strong>homines</strong></span> <span class='ocrx_word' id='word_1_57' title='bbox 1056 943 1423 1001; x_wconf 78' lang='lat' dir='ltr'><strong>aversantur,</strong></span> <span class='ocrx_word' id='word_1_58' title='bbox 1461 955 1533 994; x_wconf 93' lang='lat' dir='ltr'><strong>ne</strong></span> <span class='ocrx_word' id='word_1_59' title='bbox 1575 940 1776 994; x_wconf 90' lang='lat' dir='ltr'><strong>dicam</strong></span> <span class='ocrx_word' id='word_1_60' title='bbox 1828 937 2133 994; x_wconf 82' lang='lat' dir='ltr'><strong>obscurio-</strong></span> 
     </span>
    </p>
   </div>
   <div class='ocr_carea' id='block_1_12' title="bbox 482 1024 2133 1091">
    <p class='ocr_par' dir='ltr' id='par_1_12' title="bbox 482 1024 2133 1091">
     <span class='ocr_line' id='line_1_12' title="bbox 482 1024 2133 1091; baseline 0.002 -14"><span class='ocrx_word' id='word_1_61' title='bbox 482 1039 575 1077; x_wconf 89' lang='lat' dir='ltr'><strong>res</strong></span> <span class='ocrx_word' id='word_1_62' title='bbox 610 1043 621 1081; x_wconf 93' lang='lat'><strong>:</strong></span> <span class='ocrx_word' id='word_1_63' title='bbox 665 1024 881 1080; x_wconf 90' lang='lat' dir='ltr'><strong>deinde</strong></span> <span class='ocrx_word' id='word_1_64' title='bbox 920 1026 1546 1091; x_wconf 85' lang='lat' dir='ltr'><strong>commonefacientes,</strong></span> <span class='ocrx_word' id='word_1_65' title='bbox 1582 1034 1644 1082; x_wconf 89' lang='lat' dir='ltr'><strong>ut</strong></span> <span class='ocrx_word' id='word_1_66' title='bbox 1693 1045 1830 1082; x_wconf 91' lang='lat' dir='ltr'><strong>cum</strong></span> <span class='ocrx_word' id='word_1_67' title='bbox 1865 1027 2133 1082; x_wconf 88' lang='lat' dir='ltr'><strong>modera-</strong></span> 
     </span>
    </p>
   </div>
   <div class='ocr_carea' id='block_1_13' title="bbox 484 1112 1805 1187">
    <p class='ocr_par' dir='ltr' id='par_1_13' title="bbox 484 1112 1805 1187">
     <span class='ocr_line' id='line_1_13' title="bbox 484 1112 1805 1187; baseline 0.005 -21"><span class='ocrx_word' id='word_1_68' title='bbox 484 1112 640 1166; x_wconf 83' lang='lat' dir='ltr'><strong>tione</strong></span> <span class='ocrx_word' id='word_1_69' title='bbox 669 1114 918 1184; x_wconf 71' lang='lat' dir='ltr'><strong>praasitis</strong></span> <span class='ocrx_word' id='word_1_70' title='bbox 950 1119 1006 1169; x_wconf 91' lang='lat' dir='ltr'><strong>et</strong></span> <span class='ocrx_word' id='word_1_71' title='bbox 1036 1114 1306 1170; x_wconf 89' lang='lat' dir='ltr'><strong>subditos</strong></span> <span class='ocrx_word' id='word_1_72' title='bbox 1337 1116 1533 1172; x_wconf 87' lang='lat' dir='ltr'><strong>divine</strong></span> <span class='ocrx_word' id='word_1_73' title='bbox 1559 1118 1805 1187; x_wconf 88' lang='lat' dir='ltr'><strong>regatis.</strong></span> 
     </span>
    </p>
   </div>
   <div class='ocr_carea' id='block_1_14' title="bbox 555 1203 2136 1276">
    <p class='ocr_par' dir='ltr' id='par_1_14' title="bbox 555 1203 2136 1276">
     <span class='ocr_line' id='line_1_14' title="bbox 555 1203 2136 1276; baseline 0.002 -20"><span class='ocrx_word' id='word_1_74' title='bbox 555 1204 700 1256; x_wconf 86' lang='lat' dir='ltr'><strong>Nam</strong></span> <span class='ocrx_word' id='word_1_75' title='bbox 737 1203 783 1255; x_wconf 88' lang='lat' dir='ltr'><strong>si</strong></span> <span class='ocrx_word' id='word_1_76' title='bbox 815 1204 1011 1257; x_wconf 90' lang='lat' dir='ltr'><strong>omnis</strong></span> <span class='ocrx_word' id='word_1_77' title='bbox 1042 1204 1408 1274; x_wconf 86' lang='lat' dir='ltr'><strong>principatus</strong></span> <span class='ocrx_word' id='word_1_78' title='bbox 1445 1211 1501 1260; x_wconf 92' lang='lat' dir='ltr'><strong>et</strong></span> <span class='ocrx_word' id='word_1_79' title='bbox 1527 1212 1788 1276; x_wconf 90' lang='lat' dir='ltr'><strong>potestas</strong></span> <span class='ocrx_word' id='word_1_80' title='bbox 1817 1221 1852 1261; x_wconf 93' lang='lat' dir='ltr'><strong>a</strong></span> <span class='ocrx_word' id='word_1_81' title='bbox 1895 1207 2009 1260; x_wconf 90' lang='lat' dir='ltr'><strong>Deo</strong></span> <span class='ocrx_word' id='word_1_82' title='bbox 2049 1211 2136 1260; x_wconf 91' lang='lat' dir='ltr'><strong>est</strong></span> 
     </span>
    </p>
   </div>
   <div class='ocr_carea' id='block_1_15' title="bbox 489 1289 2134 1366">
    <p class='ocr_par' dir='ltr' id='par_1_15' title="bbox 489 1289 2134 1366">
     <span class='ocr_line' id='line_1_15' title="bbox 489 1289 2134 1366; baseline 0.003 -23"><span class='ocrx_word' id='word_1_83' title='bbox 489 1289 790 1355; x_wconf 87' lang='lat' dir='ltr'><strong>ordinata,</strong></span> <span class='ocrx_word' id='word_1_84' title='bbox 823 1292 970 1346; x_wconf 89' lang='lat' dir='ltr'><strong>sicut</strong></span> <span class='ocrx_word' id='word_1_85' title='bbox 1005 1292 1312 1363; x_wconf 80' lang='lat' dir='ltr'><strong>Aloquitur</strong></span> <span class='ocrx_word' id='word_1_86' title='bbox 1341 1295 1610 1364; x_wconf 90' lang='lat' dir='ltr'><strong>postolus</strong></span> <span class='ocrx_word' id='word_1_87' title='bbox 1651 1297 1718 1359; x_wconf 77' lang='grc'><strong>⁸³,</strong></span> <span class='ocrx_word' id='word_1_88' title='bbox 1753 1295 2134 1366; x_wconf 90' lang='lat' dir='ltr'><strong>perspicuum</strong></span> 
     </span>
    </p>
   </div>
   <div class='ocr_carea' id='block_1_16' title="bbox 485 1382 2132 1454">
    <p class='ocr_par' dir='ltr' id='par_1_16' title="bbox 485 1382 2132 1454">
     <span class='ocr_line' id='line_1_16' title="bbox 485 1382 2132 1454; baseline 0.003 -21"><span class='ocrx_word' id='word_1_89' title='bbox 485 1386 572 1434; x_wconf 89' lang='lat' dir='ltr'><strong>est</strong></span> <span class='ocrx_word' id='word_1_90' title='bbox 598 1394 760 1443; x_wconf 90' lang='lat' dir='ltr'><strong>eum,</strong></span> <span class='ocrx_word' id='word_1_91' title='bbox 791 1383 890 1452; x_wconf 87' lang='lat' dir='ltr'><strong>qui</strong></span> <span class='ocrx_word' id='word_1_92' title='bbox 931 1382 1334 1452; x_wconf 87' lang='lat' dir='ltr'><strong>principatum</strong></span> <span class='ocrx_word' id='word_1_93' title='bbox 1390 1388 1446 1437; x_wconf 90' lang='lat' dir='ltr'><strong>et</strong></span> <span class='ocrx_word' id='word_1_94' title='bbox 1501 1389 1853 1454; x_wconf 88' lang='lat' dir='ltr'><strong>potestatem</strong></span> <span class='ocrx_word' id='word_1_95' title='bbox 1886 1383 2132 1444; x_wconf 84' lang='lat' dir='ltr'><strong>obtinet,</strong></span> 
     </span>
    </p>
   </div>
   <div class='ocr_carea' id='block_1_17' title="bbox 490 1467 2138 1542">
    <p class='ocr_par' dir='ltr' id='par_1_17' title="bbox 490 1467 2138 1542">
     <span class='ocr_line' id='line_1_17' title="bbox 490 1467 2138 1542; baseline 0.002 -20"><span class='ocrx_word' id='word_1_96' title='bbox 490 1467 590 1522; x_wconf 91' lang='lat' dir='ltr'><strong>Dei</strong></span> <span class='ocrx_word' id='word_1_97' title='bbox 637 1484 802 1522; x_wconf 91' lang='lat' dir='ltr'><strong>more</strong></span> <span class='ocrx_word' id='word_1_98' title='bbox 837 1469 1126 1540; x_wconf 89' lang='lat' dir='ltr'><strong>populum</strong></span> <span class='ocrx_word' id='word_1_99' title='bbox 1174 1471 1281 1526; x_wconf 91' lang='lat' dir='ltr'><strong>sibi</strong></span> <span class='ocrx_word' id='word_1_100' title='bbox 1319 1473 1712 1527; x_wconf 87' lang='lat' dir='ltr'><strong>commissum</strong></span> <span class='ocrx_word' id='word_1_101' title='bbox 1778 1488 1980 1542; x_wconf 87' lang='lat' dir='ltr'><strong>regere</strong></span> <span class='ocrx_word' id='word_1_102' title='bbox 2035 1472 2138 1526; x_wconf 91' lang='lat' dir='ltr'><strong>de-</strong></span> 
     </span>
    </p>
   </div>
   <div class='ocr_carea' id='block_1_18' title="bbox 486 1556 2139 1632">
    <p class='ocr_par' dir='ltr' id='par_1_18' title="bbox 486 1556 2139 1632">
     <span class='ocr_line' id='line_1_18' title="bbox 486 1556 2139 1632; baseline 0.001 -21"><span class='ocrx_word' id='word_1_103' title='bbox 486 1556 625 1612; x_wconf 88' lang='lat' dir='ltr'><strong>bere</strong></span> <span class='ocrx_word' id='word_1_104' title='bbox 661 1574 672 1612; x_wconf 95' lang='lat'>:</span> <span class='ocrx_word' id='word_1_105' title='bbox 705 1563 829 1612; x_wconf 91' lang='lat' dir='ltr'><strong>tum</strong></span> <span class='ocrx_word' id='word_1_106' title='bbox 874 1564 934 1612; x_wconf 92' lang='lat' dir='ltr'><strong>ut</strong></span> <span class='ocrx_word' id='word_1_107' title='bbox 964 1559 1311 1630; x_wconf 87' lang='lat' dir='ltr'><strong>incorrupta</strong></span> <span class='ocrx_word' id='word_1_108' title='bbox 1353 1562 1469 1616; x_wconf 89' lang='lat' dir='ltr'><strong>sint</strong></span> <span class='ocrx_word' id='word_1_109' title='bbox 1498 1562 1684 1632; x_wconf 91' lang='lat' dir='ltr'><strong>ipsius</strong></span> <span class='ocrx_word' id='word_1_110' title='bbox 1708 1563 1930 1630; x_wconf 83' lang='lat' dir='ltr'><strong>judicia</strong></span> <span class='ocrx_word' id='word_1_111' title='bbox 1983 1561 2041 1616; x_wconf 92' lang='lat' dir='ltr'><strong>in</strong></span> <span class='ocrx_word' id='word_1_112' title='bbox 2070 1561 2139 1615; x_wconf 86' lang='lat' dir='ltr'><strong>iis</strong></span> 
     </span>
    </p>
   </div>
   <div class='ocr_carea' id='block_1_19' title="bbox 487 1647 2132 1719">
    <p class='ocr_par' dir='ltr' id='par_1_19' title="bbox 487 1647 2132 1719">
     <span class='ocr_line' id='line_1_19' title="bbox 487 1647 2132 1719; baseline 0.002 -19"><span class='ocrx_word' id='word_1_113' title='bbox 487 1662 621 1717; x_wconf 57' lang='lat' dir='ltr'><strong>quae</strong></span> <span class='ocrx_word' id='word_1_114' title='bbox 652 1649 711 1701; x_wconf 93' lang='lat' dir='ltr'><strong>in</strong></span> <span class='ocrx_word' id='word_1_115' title='bbox 739 1647 1235 1719; x_wconf 89' lang='lat' dir='ltr'><strong>disceptationem</strong></span> <span class='ocrx_word' id='word_1_116' title='bbox 1267 1655 1322 1705; x_wconf 89' lang='lat' dir='ltr'><strong>et</strong></span> <span class='ocrx_word' id='word_1_117' title='bbox 1346 1652 1813 1706; x_wconf 90' lang='lat' dir='ltr'><strong>controversiam</strong></span> <span class='ocrx_word' id='word_1_118' title='bbox 1845 1651 2089 1706; x_wconf 89' lang='lat' dir='ltr'><strong>veniunt</strong></span> <span class='ocrx_word' id='word_1_119' title='bbox 2121 1667 2132 1704; x_wconf 92' lang='lat'>:</span> 
     </span>
    </p>
   </div>
   <div class='ocr_carea' id='block_1_20' title="bbox 486 1736 2140 1809">
    <p class='ocr_par' dir='ltr' id='par_1_20' title="bbox 486 1736 2140 1809">
     <span class='ocr_line' id='line_1_20' title="bbox 486 1736 2140 1809; baseline -0.001 -19"><span class='ocrx_word' id='word_1_120' title='bbox 486 1742 613 1790; x_wconf 92' lang='lat' dir='ltr'><strong>tum</strong></span> <span class='ocrx_word' id='word_1_121' title='bbox 648 1741 709 1790; x_wconf 90' lang='lat' dir='ltr'><strong>ut</strong></span> <span class='ocrx_word' id='word_1_122' title='bbox 756 1736 1016 1808; x_wconf 86' lang='lat' dir='ltr'><strong>benigno</strong></span> <span class='ocrx_word' id='word_1_123' title='bbox 1059 1744 1393 1809; x_wconf 87' lang='lat' dir='ltr'><strong>pacatoque</strong></span> <span class='ocrx_word' id='word_1_124' title='bbox 1455 1740 1612 1794; x_wconf 86' lang='lat' dir='ltr'><strong>vultu</strong></span> <span class='ocrx_word' id='word_1_125' title='bbox 1668 1747 1869 1796; x_wconf 87' lang='lat' dir='ltr'><strong>cernat</strong></span> <span class='ocrx_word' id='word_1_126' title='bbox 1915 1740 2140 1794; x_wconf 87' lang='lat' dir='ltr'><strong>adeun.</strong></span> 
     </span>
    </p>
   </div>
   <div class='ocr_carea' id='block_1_21' title="bbox 486 1824 2138 1902">
    <p class='ocr_par' dir='ltr' id='par_1_21' title="bbox 486 1824 2138 1902">
     <span class='ocr_line' id='line_1_21' title="bbox 486 1824 2138 1902; baseline 0.002 -22"><span class='ocrx_word' id='word_1_127' title='bbox 486 1829 592 1889; x_wconf 88' lang='lat' dir='ltr'><strong>tes,</strong></span> <span class='ocrx_word' id='word_1_128' title='bbox 629 1824 936 1897; x_wconf 86' lang='lat' dir='ltr'><strong>facilisque</strong></span> <span class='ocrx_word' id='word_1_129' title='bbox 957 1826 1156 1881; x_wconf 89' lang='lat' dir='ltr'><strong>aditus</strong></span> <span class='ocrx_word' id='word_1_130' title='bbox 1187 1827 1471 1883; x_wconf 75' lang='lat' dir='ltr'><strong>fiduciam</strong></span> <span class='ocrx_word' id='word_1_131' title='bbox 1498 1829 1600 1883; x_wconf 88' lang='lat' dir='ltr'><strong>det</strong></span> <span class='ocrx_word' id='word_1_132' title='bbox 1630 1828 1948 1900; x_wconf 89' lang='lat' dir='ltr'><strong>eloquendi</strong></span> <span class='ocrx_word' id='word_1_133' title='bbox 1975 1830 2138 1902; x_wconf 91' lang='lat' dir='ltr'><strong>quod</strong></span> 
     </span>
    </p>
   </div>
   <div class='ocr_carea' id='block_1_22' title="bbox 487 1915 2137 1984">
    <p class='ocr_par' dir='ltr' id='par_1_22' title="bbox 487 1915 2137 1984">
     <span class='ocr_line' id='line_1_22' title="bbox 487 1915 2137 1984; baseline 0.002 -15"><span class='ocrx_word' id='word_1_134' title='bbox 487 1929 634 1984; x_wconf 91' lang='lat' dir='ltr'><strong>opus</strong></span> <span class='ocrx_word' id='word_1_135' title='bbox 698 1921 802 1970; x_wconf 89' lang='lat' dir='ltr'><strong>est.</strong></span> <span class='ocrx_word' id='word_1_136' title='bbox 850 1915 1152 1971; x_wconf 84' lang='lat' dir='ltr'><strong>Mendicus</strong></span> <span class='ocrx_word' id='word_1_137' title='bbox 1219 1918 1400 1982; x_wconf 91' lang='lat' dir='ltr'><strong>enim,</strong></span> <span class='ocrx_word' id='word_1_138' title='bbox 1457 1925 1517 1972; x_wconf 88' lang='lat' dir='ltr'><strong>ut</strong></span> <span class='ocrx_word' id='word_1_139' title='bbox 1556 1918 1746 1981; x_wconf 90' lang='lat' dir='ltr'><strong>aiunt,</strong></span> <span class='ocrx_word' id='word_1_140' title='bbox 1801 1935 1920 1974; x_wconf 91' lang='lat' dir='ltr'><strong>non</strong></span> <span class='ocrx_word' id='word_1_141' title='bbox 1962 1919 2137 1973; x_wconf 89' lang='lat' dir='ltr'><strong>susti-</strong></span> 
     </span>
    </p>
   </div>
   <div class='ocr_carea' id='block_1_23' title="bbox 489 2003 2141 2079">
    <p class='ocr_par' dir='ltr' id='par_1_23' title="bbox 489 2003 2141 2079">
     <span class='ocr_line' id='line_1_23' title="bbox 489 2003 2141 2079; baseline 0.003 -22"><span class='ocrx_word' id='word_1_142' title='bbox 489 2008 588 2058; x_wconf 91' lang='lat' dir='ltr'><strong>net</strong></span> <span class='ocrx_word' id='word_1_143' title='bbox 621 2003 831 2058; x_wconf 88' lang='lat' dir='ltr'><strong>minas.</strong></span> <span class='ocrx_word' id='word_1_144' title='bbox 869 2004 1088 2059; x_wconf 90' lang='lat' dir='ltr'><strong>Dehinc</strong></span> <span class='ocrx_word' id='word_1_145' title='bbox 1141 2005 1217 2061; x_wconf 89' lang='lat' dir='ltr'><strong>ad</strong></span> <span class='ocrx_word' id='word_1_146' title='bbox 1252 2006 1504 2060; x_wconf 90' lang='lat' dir='ltr'><strong>mendici</strong></span> <span class='ocrx_word' id='word_1_147' title='bbox 1550 2012 1604 2062; x_wconf 91' lang='lat' dir='ltr'><strong>et</strong></span> <span class='ocrx_word' id='word_1_148' title='bbox 1653 2007 1869 2079; x_wconf 88' lang='lat' dir='ltr'><strong>abjecti</strong></span> <span class='ocrx_word' id='word_1_149' title='bbox 1919 2023 2012 2062; x_wconf 88' lang='lat' dir='ltr'><strong>res</strong></span> <span class='ocrx_word' id='word_1_150' title='bbox 2042 2008 2141 2062; x_wconf 85' lang='lat' dir='ltr'><strong>de-</strong></span> 
     </span>
    </p>
   </div>
   <div class='ocr_carea' id='block_1_24' title="bbox 491 2092 2145 2166">
    <p class='ocr_par' dir='ltr' id='par_1_24' title="bbox 491 2092 2145 2166">
     <span class='ocr_line' id='line_1_24' title="bbox 491 2092 2145 2166; baseline 0.005 -21"><span class='ocrx_word' id='word_1_151' title='bbox 491 2092 794 2162; x_wconf 86' lang='lat' dir='ltr'><strong>scendere,</strong></span> <span class='ocrx_word' id='word_1_152' title='bbox 825 2096 879 2148; x_wconf 90' lang='lat' dir='ltr'><strong>et</strong></span> <span class='ocrx_word' id='word_1_153' title='bbox 908 2093 1203 2163; x_wconf 87' lang='lat' dir='ltr'><strong>castigare</strong></span> <span class='ocrx_word' id='word_1_154' title='bbox 1228 2096 1471 2166; x_wconf 89' lang='lat' dir='ltr'><strong>quidem</strong></span> <span class='ocrx_word' id='word_1_155' title='bbox 1517 2096 1615 2150; x_wconf 92' lang='lat' dir='ltr'><strong>ubi</strong></span> <span class='ocrx_word' id='word_1_156' title='bbox 1642 2113 1881 2152; x_wconf 91' lang='lat' dir='ltr'><strong>necesse</strong></span> <span class='ocrx_word' id='word_1_157' title='bbox 1911 2104 2020 2163; x_wconf 90' lang='lat' dir='ltr'><strong>est,</strong></span> <span class='ocrx_word' id='word_1_158' title='bbox 2051 2113 2145 2153; x_wconf 92' lang='lat' dir='ltr'><strong>ca-</strong></span> 
     </span>
    </p>
   </div>
   <div class='ocr_carea' id='block_1_25' title="bbox 494 2181 2144 2254">
    <p class='ocr_par' dir='ltr' id='par_1_25' title="bbox 494 2181 2144 2254">
     <span class='ocr_line' id='line_1_25' title="bbox 494 2181 2144 2254; baseline 0.004 -20"><span class='ocrx_word' id='word_1_159' title='bbox 494 2181 713 2250; x_wconf 87' lang='lat' dir='ltr'><strong>stigare</strong></span> <span class='ocrx_word' id='word_1_160' title='bbox 742 2186 940 2236; x_wconf 88' lang='lat' dir='ltr'><strong>autem</strong></span> <span class='ocrx_word' id='word_1_161' title='bbox 969 2197 1088 2238; x_wconf 88' lang='lat' dir='ltr'><strong>non</strong></span> <span class='ocrx_word' id='word_1_162' title='bbox 1113 2200 1218 2254; x_wconf 90' lang='lat' dir='ltr'><strong>per</strong></span> <span class='ocrx_word' id='word_1_163' title='bbox 1243 2184 1414 2250; x_wconf 91' lang='lat' dir='ltr'><strong>iram,</strong></span> <span class='ocrx_word' id='word_1_164' title='bbox 1431 2184 1532 2239; x_wconf 91' lang='lat' dir='ltr'><strong>sed</strong></span> <span class='ocrx_word' id='word_1_165' title='bbox 1557 2185 1754 2241; x_wconf 89' lang='lat' dir='ltr'><strong>studio</strong></span> <span class='ocrx_word' id='word_1_166' title='bbox 1779 2187 2144 2241; x_wconf 89' lang='lat' dir='ltr'><strong>emendatio-</strong></span> 
     </span>
    </p>
   </div>
   <div class='ocr_carea' id='block_1_26' title="bbox 493 2269 2146 2347">
    <p class='ocr_par' dir='ltr' id='par_1_26' title="bbox 493 2269 2146 2347">
     <span class='ocr_line' id='line_1_26' title="bbox 493 2269 2146 2347; baseline 0.005 -23"><span class='ocrx_word' id='word_1_167' title='bbox 493 2269 613 2338; x_wconf 90' lang='lat' dir='ltr'><strong>nis,</strong></span> <span class='ocrx_word' id='word_1_168' title='bbox 639 2269 869 2341; x_wconf 89' lang='lat' dir='ltr'><strong>absque</strong></span> <span class='ocrx_word' id='word_1_169' title='bbox 883 2271 1330 2342; x_wconf 90' lang='lat' dir='ltr'><strong>perturbatione</strong></span> <span class='ocrx_word' id='word_1_170' title='bbox 1347 2274 1532 2328; x_wconf 90' lang='lat' dir='ltr'><strong>animi</strong></span> <span class='ocrx_word' id='word_1_171' title='bbox 1558 2293 1570 2340; x_wconf 91' lang='lat'><strong>;</strong></span> <span class='ocrx_word' id='word_1_172' title='bbox 1604 2291 1918 2347; x_wconf 90' lang='lat' dir='ltr'><strong>nequeper</strong></span> <span class='ocrx_word' id='word_1_173' title='bbox 1945 2276 2146 2332; x_wconf 90' lang='lat' dir='ltr'><strong>verbe-</strong></span> 
     </span>
    </p>
   </div>
   <div class='ocr_carea' id='block_1_27' title="bbox 492 2359 2144 2433">
    <p class='ocr_par' dir='ltr' id='par_1_27' title="bbox 492 2359 2144 2433">
     <span class='ocr_line' id='line_1_27' title="bbox 492 2359 2144 2433; baseline 0.005 -20"><span class='ocrx_word' id='word_1_174' title='bbox 492 2375 626 2414; x_wconf 90' lang='lat' dir='ltr'><strong>rum</strong></span> <span class='ocrx_word' id='word_1_175' title='bbox 660 2359 1056 2431; x_wconf 84' lang='lat' dir='ltr'><strong>frequentiam</strong></span> <span class='ocrx_word' id='word_1_176' title='bbox 1084 2377 1096 2413; x_wconf 92' lang='lat'><strong>:</strong></span> <span class='ocrx_word' id='word_1_177' title='bbox 1129 2362 1291 2433; x_wconf 91' lang='lat' dir='ltr'><strong>quod</strong></span> <span class='ocrx_word' id='word_1_178' title='bbox 1314 2364 1471 2418; x_wconf 88' lang='lat' dir='ltr'><strong>enim</strong></span> <span class='ocrx_word' id='word_1_179' title='bbox 1495 2363 1722 2419; x_wconf 87' lang='lat' dir='ltr'><strong>immite</strong></span> <span class='ocrx_word' id='word_1_180' title='bbox 1745 2370 1852 2431; x_wconf 89' lang='lat' dir='ltr'><strong>est,</strong></span> <span class='ocrx_word' id='word_1_181' title='bbox 1882 2366 2002 2421; x_wconf 93' lang='lat' dir='ltr'><strong>Deo</strong></span> <span class='ocrx_word' id='word_1_182' title='bbox 2024 2381 2144 2421; x_wconf 91' lang='lat' dir='ltr'><strong>non</strong></span> 
     </span>
    </p>
   </div>
   <div class='ocr_carea' id='block_1_28' title="bbox 495 2448 2144 2524">
    <p class='ocr_par' dir='ltr' id='par_1_28' title="bbox 495 2448 2144 2524">
     <span class='ocr_line' id='line_1_28' title="bbox 495 2448 2144 2524; baseline 0.006 -24"><span class='ocrx_word' id='word_1_183' title='bbox 495 2448 687 2519; x_wconf 90' lang='lat' dir='ltr'><strong>placet</strong></span> <span class='ocrx_word' id='word_1_184' title='bbox 716 2464 729 2502; x_wconf 93' lang='lat'><strong>:</strong></span> <span class='ocrx_word' id='word_1_185' title='bbox 760 2449 860 2502; x_wconf 91' lang='lat' dir='ltr'><strong>sed</strong></span> <span class='ocrx_word' id='word_1_186' title='bbox 884 2448 1176 2519; x_wconf 89' lang='lat' dir='ltr'><strong>judicium</strong></span> <span class='ocrx_word' id='word_1_187' title='bbox 1211 2451 1513 2517; x_wconf 87' lang='lat' dir='ltr'><strong>adhibeat,</strong></span> <span class='ocrx_word' id='word_1_188' title='bbox 1542 2459 1834 2524; x_wconf 87' lang='lat' dir='ltr'><strong>quantum</strong></span> <span class='ocrx_word' id='word_1_189' title='bbox 1863 2456 2007 2510; x_wconf 89' lang='lat' dir='ltr'><strong>satis</strong></span> <span class='ocrx_word' id='word_1_190' title='bbox 2037 2462 2144 2522; x_wconf 90' lang='lat' dir='ltr'><strong>est,</strong></span> 
     </span>
    </p>
   </div>
   <div class='ocr_carea' id='block_1_29' title="bbox 497 2537 2145 2617">
    <p class='ocr_par' dir='ltr' id='par_1_29' title="bbox 497 2537 2145 2617">
     <span class='ocr_line' id='line_1_29' title="bbox 497 2537 2145 2617; baseline 0.005 -27"><span class='ocrx_word' id='word_1_191' title='bbox 497 2542 559 2591; x_wconf 93' lang='lat' dir='ltr'><strong>ut</strong></span> <span class='ocrx_word' id='word_1_192' title='bbox 596 2537 763 2608; x_wconf 89' lang='lat' dir='ltr'><strong>quod</strong></span> <span class='ocrx_word' id='word_1_193' title='bbox 801 2544 968 2593; x_wconf 84' lang='lat' dir='ltr'><strong>extra</strong></span> <span class='ocrx_word' id='word_1_194' title='bbox 1006 2539 1385 2610; x_wconf 90' lang='lat' dir='ltr'><strong>disciplinam</strong></span> <span class='ocrx_word' id='word_1_195' title='bbox 1420 2547 1507 2597; x_wconf 87' lang='lat' dir='ltr'><strong>est</strong></span> <span class='ocrx_word' id='word_1_196' title='bbox 1545 2550 1798 2617; x_wconf 88' lang='lat' dir='ltr'><strong>revocet,</strong></span> <span class='ocrx_word' id='word_1_197' title='bbox 1831 2546 2145 2599; x_wconf 92' lang='lat' dir='ltr'><strong>correctio-</strong></span> 
     </span>
    </p>
   </div>
   <div class='ocr_carea' id='block_1_30' title="bbox 496 2626 2147 2701">
    <p class='ocr_par' dir='ltr' id='par_1_30' title="bbox 496 2626 2147 2701">
     <span class='ocr_line' id='line_1_30' title="bbox 496 2626 2147 2701; baseline 0.005 -21"><span class='ocrx_word' id='word_1_198' title='bbox 496 2641 756 2694; x_wconf 92' lang='lat' dir='ltr'><strong>nemque</strong></span> <span class='ocrx_word' id='word_1_199' title='bbox 782 2626 1018 2691; x_wconf 87' lang='lat' dir='ltr'><strong>efﬁciat,</strong></span> <span class='ocrx_word' id='word_1_200' title='bbox 1053 2629 1204 2684; x_wconf 91' lang='lat' dir='ltr'><strong>sicut</strong></span> <span class='ocrx_word' id='word_1_201' title='bbox 1249 2629 1370 2686; x_wconf 86' lang='lat' dir='ltr'><strong>ﬁlio</strong></span> <span class='ocrx_word' id='word_1_202' title='bbox 1404 2638 1588 2701; x_wconf 88' lang='lat' dir='ltr'><strong>pater,</strong></span> <span class='ocrx_word' id='word_1_203' title='bbox 1616 2640 1671 2687; x_wconf 91' lang='lat' dir='ltr'><strong>et</strong></span> <span class='ocrx_word' id='word_1_204' title='bbox 1697 2633 1848 2688; x_wconf 90' lang='lat' dir='ltr'><strong>sicut</strong></span> <span class='ocrx_word' id='word_1_205' title='bbox 1879 2635 2147 2688; x_wconf 89' lang='lat' dir='ltr'><strong>medicus</strong></span> 
     </span>
    </p>
   </div>
   <div class='ocr_carea' id='block_1_31' title="bbox 499 2715 2148 2790">
    <p class='ocr_par' dir='ltr' id='par_1_31' title="bbox 499 2715 2148 2790">
     <span class='ocr_line' id='line_1_31' title="bbox 499 2715 2148 2790; baseline 0.004 -21"><span class='ocrx_word' id='word_1_206' title='bbox 499 2719 744 2783; x_wconf 58' lang='lat' dir='ltr'><strong>aegroto.</strong></span> <span class='ocrx_word' id='word_1_207' title='bbox 775 2721 854 2770; x_wconf 84' lang='lat' dir='ltr'><strong>Ac</strong></span> <span class='ocrx_word' id='word_1_208' title='bbox 880 2715 1088 2770; x_wconf 78' lang='lat' dir='ltr'><strong>beatus</strong></span> <span class='ocrx_word' id='word_1_209' title='bbox 1112 2717 1204 2772; x_wconf 86' lang='lat' dir='ltr'><strong>ille</strong></span> <span class='ocrx_word' id='word_1_210' title='bbox 1234 2719 1337 2790; x_wconf 92' lang='lat' dir='ltr'><strong>qui</strong></span> <span class='ocrx_word' id='word_1_211' title='bbox 1382 2719 1457 2774; x_wconf 86' lang='lat' dir='ltr'><strong>ad</strong></span> <span class='ocrx_word' id='word_1_212' title='bbox 1488 2720 1647 2776; x_wconf 92' lang='lat' dir='ltr'><strong>hunc</strong></span> <span class='ocrx_word' id='word_1_213' title='bbox 1675 2722 1922 2777; x_wconf 92' lang='lat' dir='ltr'><strong>modum</strong></span> <span class='ocrx_word' id='word_1_214' title='bbox 1956 2722 2047 2777; x_wconf 91' lang='lat' dir='ltr'><strong>vel</strong></span> <span class='ocrx_word' id='word_1_215' title='bbox 2073 2723 2148 2776; x_wconf 92' lang='lat' dir='ltr'><strong>ci-</strong></span> 
     </span>
    </p>
   </div>
   <div class='ocr_carea' id='block_1_32' title="bbox 498 2803 2145 2882">
    <p class='ocr_par' dir='ltr' id='par_1_32' title="bbox 498 2803 2145 2882">
     <span class='ocr_line' id='line_1_32' title="bbox 498 2803 2145 2882; baseline 0.005 -24"><span class='ocrx_word' id='word_1_216' title='bbox 498 2803 597 2858; x_wconf 90' lang='lat' dir='ltr'><strong>vili</strong></span> <span class='ocrx_word' id='word_1_217' title='bbox 623 2810 837 2875; x_wconf 70' lang='lat' dir='ltr'><strong>prteest</strong></span> <span class='ocrx_word' id='word_1_218' title='bbox 856 2804 1106 2876; x_wconf 91' lang='lat' dir='ltr'><strong>imperio</strong></span> <span class='ocrx_word' id='word_1_219' title='bbox 1128 2805 1221 2860; x_wconf 86' lang='lat' dir='ltr'><strong>vel</strong></span> <span class='ocrx_word' id='word_1_220' title='bbox 1253 2807 1508 2868; x_wconf 88' lang='lat' dir='ltr'><strong>militari.</strong></span> <span class='ocrx_word' id='word_1_221' title='bbox 1535 2812 1680 2864; x_wconf 86' lang='lat' dir='ltr'><strong>Nam</strong></span> <span class='ocrx_word' id='word_1_222' title='bbox 1709 2816 1765 2865; x_wconf 86' lang='lat' dir='ltr'><strong>et</strong></span> <span class='ocrx_word' id='word_1_223' title='bbox 1792 2813 2025 2882; x_wconf 86' lang='lat' dir='ltr'><strong>Moyses</strong></span> <span class='ocrx_word' id='word_1_224' title='bbox 2049 2813 2145 2866; x_wconf 90' lang='lat' dir='ltr'><strong>Dei</strong></span> 
     </span>
    </p>
   </div>
   <div class='ocr_carea' id='block_1_33' title="bbox 498 2891 2149 2964">
    <p class='ocr_par' dir='ltr' id='par_1_33' title="bbox 498 2891 2149 2964">
     <span class='ocr_line' id='line_1_33' title="bbox 498 2891 2149 2964; baseline 0.007 -18"><span class='ocrx_word' id='word_1_225' title='bbox 498 2891 764 2947; x_wconf 87' lang='lat' dir='ltr'><strong>famulus</strong></span> <span class='ocrx_word' id='word_1_226' title='bbox 798 2896 1090 2964; x_wconf 89' lang='lat' dir='ltr'><strong>populum</strong></span> <span class='ocrx_word' id='word_1_227' title='bbox 1120 2911 1352 2964; x_wconf 88' lang='lat' dir='ltr'><strong>regens,</strong></span> <span class='ocrx_word' id='word_1_228' title='bbox 1387 2904 1440 2953; x_wconf 87' lang='lat' dir='ltr'><strong>et</strong></span> <span class='ocrx_word' id='word_1_229' title='bbox 1469 2900 1638 2953; x_wconf 87' lang='lat' dir='ltr'><strong>Jesus</strong></span> <span class='ocrx_word' id='word_1_230' title='bbox 1680 2899 1835 2954; x_wconf 84' lang='lat' dir='ltr'><strong>ﬁlius</strong></span> <span class='ocrx_word' id='word_1_231' title='bbox 1866 2904 2024 2956; x_wconf 87' lang='lat' dir='ltr'><strong>Nave</strong></span> <span class='ocrx_word' id='word_1_232' title='bbox 2056 2918 2149 2957; x_wconf 91' lang='lat' dir='ltr'><strong>co-</strong></span> 
     </span>
    </p>
   </div>
   <div class='ocr_carea' id='block_1_34' title="bbox 501 2981 2146 3060">
    <p class='ocr_par' dir='ltr' id='par_1_34' title="bbox 501 2981 2146 3060">
     <span class='ocr_line' id='line_1_34' title="bbox 501 2981 2146 3060; baseline 0.006 -25"><span class='ocrx_word' id='word_1_233' title='bbox 501 2982 631 3051; x_wconf 89' lang='lat' dir='ltr'><strong>pias</strong></span> <span class='ocrx_word' id='word_1_234' title='bbox 673 2981 923 3046; x_wconf 88' lang='lat' dir='ltr'><strong>ducens,</strong></span> <span class='ocrx_word' id='word_1_235' title='bbox 961 2984 1249 3056; x_wconf 86' lang='lat' dir='ltr'><strong>multique</strong></span> <span class='ocrx_word' id='word_1_236' title='bbox 1290 3003 1408 3041; x_wconf 92' lang='lat' dir='ltr'><strong>non</strong></span> <span class='ocrx_word' id='word_1_237' title='bbox 1433 2987 1624 3043; x_wconf 90' lang='lat' dir='ltr'><strong>solum</strong></span> <span class='ocrx_word' id='word_1_238' title='bbox 1663 3004 1893 3059; x_wconf 90' lang='lat' dir='ltr'><strong>regum,</strong></span> <span class='ocrx_word' id='word_1_239' title='bbox 1929 2991 2028 3045; x_wconf 93' lang='lat' dir='ltr'><strong>sed</strong></span> <span class='ocrx_word' id='word_1_240' title='bbox 2053 2991 2146 3060; x_wconf 88' lang='lat' dir='ltr'><strong>ju-</strong></span> 
     </span>
    </p>
   </div>
   <div class='ocr_carea' id='block_1_35' title="bbox 2234 487 3811 561">
    <p class='ocr_par' dir='ltr' id='par_1_35' title="bbox 2234 487 3811 561">
     <span class='ocr_line' id='line_1_35' title="bbox 2234 487 3811 561; baseline -0.002 -20"><span class='ocrx_word' id='word_1_241' title='bbox 2234 508 2391 560; x_wconf 88' lang='grc' dir='ltr'>χεται</span> <span class='ocrx_word' id='word_1_242' title='bbox 2428 497 2524 549; x_wconf 85' lang='grc' dir='ltr'>τῆς</span> <span class='ocrx_word' id='word_1_243' title='bbox 2572 497 2740 561; x_wconf 85' lang='grc' dir='ltr'>φωνῆς</span> <span class='ocrx_word' id='word_1_244' title='bbox 2791 490 2934 559; x_wconf 79' lang='grc' dir='ltr'>ἡμῶν</span> <span class='ocrx_word' id='word_1_245' title='bbox 2966 487 3193 539; x_wconf 85' lang='grc' dir='ltr'>ἀκοῦσαι</span> <span class='ocrx_word' id='word_1_246' title='bbox 3249 487 3463 556; x_wconf 82' lang='grc' dir='ltr'><strong>οἰκτρῶν</strong></span> <span class='ocrx_word' id='word_1_247' title='bbox 3520 489 3670 536; x_wconf 80' lang='grc' dir='ltr'>ὄντων</span> <span class='ocrx_word' id='word_1_248' title='bbox 3722 491 3811 538; x_wconf 82' lang='grc' dir='ltr'>καὶ</span> 
     </span>
    </p>
   </div>
   <div class='ocr_carea' id='block_1_36' title="bbox 2237 573 3818 650">
    <p class='ocr_par' dir='ltr' id='par_1_36' title="bbox 2237 573 3818 650">
     <span class='ocr_line' id='line_1_36' title="bbox 2237 573 3818 650; baseline -0.003 -20"><span class='ocrx_word' id='word_1_249' title='bbox 2237 579 2568 650; x_wconf 84' lang='grc' dir='ltr'>ἁμαρτωλῶν.</span> <span class='ocrx_word' id='word_1_250' title='bbox 2619 585 2718 631; x_wconf 83' lang='grc' dir='ltr'><strong>Καὶ</strong></span> <span class='ocrx_word' id='word_1_251' title='bbox 2774 581 2874 649; x_wconf 83' lang='grc' dir='ltr'>γὰρ</span> <span class='ocrx_word' id='word_1_252' title='bbox 2930 576 3187 636; x_wconf 76' lang='grc' dir='ltr'>εὐσεϐείας</span> <span class='ocrx_word' id='word_1_253' title='bbox 3251 573 3445 646; x_wconf 85' lang='grc' dir='ltr'>δεῖγμα</span> <span class='ocrx_word' id='word_1_254' title='bbox 3489 582 3636 626; x_wconf 87' lang='grc' dir='ltr'>τοῦτο</span> <span class='ocrx_word' id='word_1_255' title='bbox 3685 574 3738 626; x_wconf 83' lang='grc' dir='ltr'>ού</span> <span class='ocrx_word' id='word_1_256' title='bbox 3766 576 3818 626; x_wconf 86' lang='grc' dir='ltr'>τὸ</span> 
     </span>
    </p>
   </div>
   <div class='ocr_carea' id='block_1_37' title="bbox 2238 666 3822 739">
    <p class='ocr_par' dir='ltr' id='par_1_37' title="bbox 2238 666 3822 739">
     <span class='ocr_line' id='line_1_37' title="bbox 2238 666 3822 739; baseline -0.003 -21"><span class='ocrx_word' id='word_1_257' title='bbox 2238 671 2424 739; x_wconf 87' lang='grc' dir='ltr'>τυχὸν,</span> <span class='ocrx_word' id='word_1_258' title='bbox 2460 668 2538 718; x_wconf 87' lang='grc' dir='ltr'>ὅτι</span> <span class='ocrx_word' id='word_1_259' title='bbox 2589 669 2614 718; x_wconf 87' lang='grc' dir='ltr'><strong><em>ὁ</em></strong></span> <span class='ocrx_word' id='word_1_260' title='bbox 2657 666 2856 736; x_wconf 76' lang='grc' dir='ltr'>ὑψηλὸς</span> <span class='ocrx_word' id='word_1_261' title='bbox 2881 674 2943 737; x_wconf 73' lang='grc' dir='ltr'>τῇ</span> <span class='ocrx_word' id='word_1_262' title='bbox 2996 668 3234 738; x_wconf 73' lang='grc' dir='ltr'>ὑπεροχῇ</span> <span class='ocrx_word' id='word_1_263' title='bbox 3289 667 3413 738; x_wconf 85' lang='grc' dir='ltr'>πρὸς</span> <span class='ocrx_word' id='word_1_264' title='bbox 3464 667 3555 721; x_wconf 76' lang='grc' dir='ltr'>τὴν</span> <span class='ocrx_word' id='word_1_265' title='bbox 3599 671 3691 714; x_wconf 83' lang='grc' dir='ltr'><strong>τῶν</strong></span> <span class='ocrx_word' id='word_1_266' title='bbox 3744 682 3822 714; x_wconf 88' lang='grc' dir='ltr'>τα-</span> 
     </span>
    </p>
   </div>
   <div class='ocr_carea' id='block_1_38' title="bbox 2239 751 3823 828">
    <p class='ocr_par' dir='ltr' id='par_1_38' title="bbox 2239 751 3823 828">
     <span class='ocr_line' id='line_1_38' title="bbox 2239 751 3823 828; baseline -0.004 -20"><span class='ocrx_word' id='word_1_267' title='bbox 2239 765 2420 808; x_wconf 82' lang='grc' dir='ltr'><strong>πεινῶν</strong></span> <span class='ocrx_word' id='word_1_268' title='bbox 2452 761 2618 828; x_wconf 81' lang='grc' dir='ltr'>φωνὴν</span> <span class='ocrx_word' id='word_1_269' title='bbox 2667 755 3066 826; x_wconf 77' lang='grc' dir='ltr'>ἐπικάμπτεται,</span> <span class='ocrx_word' id='word_1_270' title='bbox 3099 760 3187 806; x_wconf 86' lang='grc' dir='ltr'>καὶ</span> <span class='ocrx_word' id='word_1_271' title='bbox 3235 753 3471 825; x_wconf 86' lang='grc' dir='ltr'>μάλιστα</span> <span class='ocrx_word' id='word_1_272' title='bbox 3507 751 3554 804; x_wconf 78' lang='grc' dir='ltr'>ἕν</span> <span class='ocrx_word' id='word_1_273' title='bbox 3593 760 3661 822; x_wconf 78' lang='grc' dir='ltr'>τῷ</span> <span class='ocrx_word' id='word_1_274' title='bbox 3705 771 3823 825; x_wconf 87' lang='grc' dir='ltr'>παρ-</span> 
     </span>
    </p>
   </div>
   <div class='ocr_carea' id='block_1_39' title="bbox 2242 841 3824 918">
    <p class='ocr_par' dir='ltr' id='par_1_39' title="bbox 2242 841 3824 918">
     <span class='ocr_line' id='line_1_39' title="bbox 2242 841 3824 918; baseline -0.004 -20"><span class='ocrx_word' id='word_1_275' title='bbox 2242 852 2351 898; x_wconf 93' lang='grc' dir='ltr'>όντι</span> <span class='ocrx_word' id='word_1_276' title='bbox 2398 854 2584 917; x_wconf 80' lang='grc' dir='ltr'><strong>καιρῷ,</strong></span> <span class='ocrx_word' id='word_1_277' title='bbox 2641 847 2793 898; x_wconf 80' lang='grc' dir='ltr'><strong>ὁπότε</strong></span> <span class='ocrx_word' id='word_1_278' title='bbox 2837 841 3209 918; x_wconf 84' lang='grc' dir='ltr'>ἀποτροπάδην</span> <span class='ocrx_word' id='word_1_279' title='bbox 3257 846 3306 896; x_wconf 82' lang='grc' dir='ltr'>οἱ</span> <span class='ocrx_word' id='word_1_280' title='bbox 3353 841 3553 908; x_wconf 81' lang='grc' dir='ltr'>πολλοὶ,</span> <span class='ocrx_word' id='word_1_281' title='bbox 3606 845 3824 902; x_wconf 80' lang='grc' dir='ltr'>καὶτοὺς</span> 
     </span>
    </p>
   </div>
   <div class='ocr_carea' id='block_1_40' title="bbox 2242 929 3823 1007">
    <p class='ocr_par' dir='ltr' id='par_1_40' title="bbox 2242 929 3823 1007">
     <span class='ocr_line' id='line_1_40' title="bbox 2242 929 3823 1007; baseline -0.003 -20"><span class='ocrx_word' id='word_1_282' title='bbox 2242 937 2374 1007; x_wconf 83' lang='grc' dir='ltr'>ἄγαν</span> <span class='ocrx_word' id='word_1_283' title='bbox 2427 935 2604 1007; x_wconf 85' lang='grc' dir='ltr'>φίλους</span> <span class='ocrx_word' id='word_1_284' title='bbox 2656 938 2865 1007; x_wconf 83' lang='grc' dir='ltr'>ἔχουσι,</span> <span class='ocrx_word' id='word_1_285' title='bbox 2919 939 2989 1006; x_wconf 81' lang='grc' dir='ltr'>μὴ</span> <span class='ocrx_word' id='word_1_286' title='bbox 3043 936 3184 1004; x_wconf 87' lang='grc' dir='ltr'>ὃτιγε</span> <span class='ocrx_word' id='word_1_287' title='bbox 3241 937 3328 985; x_wconf 82' lang='grc' dir='ltr'><strong>καὶ</strong></span> <span class='ocrx_word' id='word_1_288' title='bbox 3385 935 3506 992; x_wconf 84' lang='grc' dir='ltr'>τοὺς</span> <span class='ocrx_word' id='word_1_289' title='bbox 3563 929 3823 1003; x_wconf 78' lang='grc' dir='ltr'>ἀφανεστέ-</span> 
     </span>
    </p>
   </div>
   <div class='ocr_carea' id='block_1_41' title="bbox 2242 1020 3826 1099">
    <p class='ocr_par' dir='ltr' id='par_1_41' title="bbox 2242 1020 3826 1099">
     <span class='ocr_line' id='line_1_41' title="bbox 2242 1020 3826 1099; baseline -0.004 -23"><span class='ocrx_word' id='word_1_290' title='bbox 2242 1044 2364 1099; x_wconf 88' lang='grc' dir='ltr'>ρους</span> <span class='ocrx_word' id='word_1_291' title='bbox 2413 1039 2426 1051; x_wconf 88' lang='grc'><em>’</em></span> <span class='ocrx_word' id='word_1_292' title='bbox 2485 1026 2661 1076; x_wconf 83' lang='grc' dir='ltr'>ἔπειτα</span> <span class='ocrx_word' id='word_1_293' title='bbox 2715 1025 3200 1095; x_wconf 80' lang='grc' dir='ltr'>ὑπομιμνήσκοντες</span> <span class='ocrx_word' id='word_1_294' title='bbox 3248 1020 3356 1093; x_wconf 78' lang='grc' dir='ltr'>μεθ’</span> <span class='ocrx_word' id='word_1_295' title='bbox 3405 1021 3694 1082; x_wconf 84' lang='grc' dir='ltr'><strong>ὑποστολῆς</strong></span> <span class='ocrx_word' id='word_1_296' title='bbox 3745 1021 3826 1094; x_wconf 79' lang='grc' dir='ltr'><strong>ἄρ-</strong></span> 
     </span>
    </p>
   </div>
   <div class='ocr_carea' id='block_1_42' title="bbox 2243 1109 3409 1186">
    <p class='ocr_par' dir='ltr' id='par_1_42' title="bbox 2243 1109 3409 1186">
     <span class='ocr_line' id='line_1_42' title="bbox 2243 1109 3409 1186; baseline -0.001 -21"><span class='ocrx_word' id='word_1_297' title='bbox 2243 1133 2380 1186; x_wconf 76' lang='grc' dir='ltr'>χειν,</span> <span class='ocrx_word' id='word_1_298' title='bbox 2411 1117 2503 1164; x_wconf 85' lang='grc' dir='ltr'>καὶ</span> <span class='ocrx_word' id='word_1_299' title='bbox 2535 1109 2730 1165; x_wconf 77' lang='grc' dir='ltr'><strong>διέπειν</strong></span> <span class='ocrx_word' id='word_1_300' title='bbox 2753 1115 2811 1164; x_wconf 89' lang='grc' dir='ltr'><strong>τό</strong></span> <span class='ocrx_word' id='word_1_301' title='bbox 2842 1113 3070 1170; x_wconf 77' lang='grc' dir='ltr'>ὑπήκοον</span> <span class='ocrx_word' id='word_1_302' title='bbox 3103 1117 3409 1183; x_wconf 79' lang='grc' dir='ltr'><strong>θεοπρεπῶς.</strong></span> 
     </span>
    </p>
   </div>
   <div class='ocr_carea' id='block_1_43' title="bbox 2319 1194 3826 1274">
    <p class='ocr_par' dir='ltr' id='par_1_43' title="bbox 2319 1194 3826 1274">
     <span class='ocr_line' id='line_1_43' title="bbox 2319 1194 3826 1274; baseline -0.004 -20"><span class='ocrx_word' id='word_1_303' title='bbox 2319 1202 2377 1254; x_wconf 82' lang='grc' dir='ltr'><strong>Εἰ</strong></span> <span class='ocrx_word' id='word_1_304' title='bbox 2414 1205 2515 1274; x_wconf 81' lang='grc' dir='ltr'>γὰρ</span> <span class='ocrx_word' id='word_1_305' title='bbox 2546 1207 2694 1254; x_wconf 80' lang='grc' dir='ltr'>πᾶσα</span> <span class='ocrx_word' id='word_1_306' title='bbox 2749 1201 2893 1273; x_wconf 77' lang='grc' dir='ltr'>ἀρχὴ</span> <span class='ocrx_word' id='word_1_307' title='bbox 2927 1206 3012 1252; x_wconf 83' lang='lat' dir='ltr'><strong>xui</strong></span> <span class='ocrx_word' id='word_1_308' title='bbox 3047 1199 3260 1263; x_wconf 74' lang='grc' dir='ltr'>ἐξουσία</span> <span class='ocrx_word' id='word_1_309' title='bbox 3309 1197 3409 1251; x_wconf 84' lang='grc' dir='ltr'>ἀπὸ</span> <span class='ocrx_word' id='word_1_310' title='bbox 3443 1204 3576 1251; x_wconf 86' lang='grc' dir='ltr'>Θεοῦ</span> <span class='ocrx_word' id='word_1_311' title='bbox 3614 1194 3721 1248; x_wconf 76' lang='grc' dir='ltr'>ἔστι</span> <span class='ocrx_word' id='word_1_312' title='bbox 3761 1215 3826 1249; x_wconf 84' lang='grc' dir='ltr'>τε·</span> 
     </span>
    </p>
   </div>
   <div class='ocr_carea' id='block_1_44' title="bbox 2246 1285 3830 1363">
    <p class='ocr_par' dir='ltr' id='par_1_44' title="bbox 2246 1285 3830 1363">
     <span class='ocr_line' id='line_1_44' title="bbox 2246 1285 3830 1363; baseline -0.004 -19"><span class='ocrx_word' id='word_1_313' title='bbox 2246 1296 2494 1363; x_wconf 78' lang='grc' dir='ltr'>ταγμένη,</span> <span class='ocrx_word' id='word_1_314' title='bbox 2543 1289 2896 1350; x_wconf 84' lang='grc' dir='ltr'>ἀποστολικῶς</span> <span class='ocrx_word' id='word_1_315' title='bbox 2934 1290 3113 1354; x_wconf 86' lang='grc' dir='ltr'>εἰπεῖν,</span> <span class='ocrx_word' id='word_1_316' title='bbox 3167 1285 3408 1346; x_wconf 79' lang='grc' dir='ltr'>δηλονότι</span> <span class='ocrx_word' id='word_1_317' title='bbox 3459 1288 3484 1338; x_wconf 88' lang='grc' dir='ltr'><strong>ὁ</strong></span> <span class='ocrx_word' id='word_1_318' title='bbox 3527 1287 3705 1359; x_wconf 83' lang='grc' dir='ltr'>ἄρχων</span> <span class='ocrx_word' id='word_1_319' title='bbox 3750 1291 3830 1338; x_wconf 85' lang='grc' dir='ltr'><strong>καὶ</strong></span> 
     </span>
    </p>
   </div>
   <div class='ocr_carea' id='block_1_45' title="bbox 2247 1373 3829 1450">
    <p class='ocr_par' dir='ltr' id='par_1_45' title="bbox 2247 1373 3829 1450">
     <span class='ocr_line' id='line_1_45' title="bbox 2247 1373 3829 1450; baseline -0.005 -17"><span class='ocrx_word' id='word_1_320' title='bbox 2247 1383 2273 1433; x_wconf 96' lang='lat'><strong>6</strong></span> <span class='ocrx_word' id='word_1_321' title='bbox 2339 1381 2656 1444; x_wconf 71' lang='grc' dir='ltr'><strong>ἐξουσιάζων</strong></span> <span class='ocrx_word' id='word_1_322' title='bbox 2724 1379 2964 1441; x_wconf 84' lang='grc' dir='ltr'>θεοτελῶς</span> <span class='ocrx_word' id='word_1_323' title='bbox 3029 1378 3215 1450; x_wconf 81' lang='grc' dir='ltr'><strong>ὀφείλει</strong></span> <span class='ocrx_word' id='word_1_324' title='bbox 3284 1373 3541 1447; x_wconf 83' lang='grc' dir='ltr'>διεξάγειν</span> <span class='ocrx_word' id='word_1_325' title='bbox 3607 1378 3690 1426; x_wconf 79' lang='grc' dir='ltr'><strong>τόν</strong></span> <span class='ocrx_word' id='word_1_326' title='bbox 3739 1376 3829 1426; x_wconf 81' lang='grc' dir='ltr'>ύπό</span> 
     </span>
    </p>
   </div>
   <div class='ocr_carea' id='block_1_46' title="bbox 2248 1464 3831 1544">
    <p class='ocr_par' dir='ltr' id='par_1_46' title="bbox 2248 1464 3831 1544">
     <span class='ocr_line' id='line_1_46' title="bbox 2248 1464 3831 1544; baseline -0.004 -22"><span class='ocrx_word' id='word_1_327' title='bbox 2248 1477 2408 1544; x_wconf 86' lang='grc' dir='ltr'>χεῖρα</span> <span class='ocrx_word' id='word_1_328' title='bbox 2430 1471 2551 1522; x_wconf 90' lang='grc' dir='ltr'>λαόν</span> <span class='ocrx_word' id='word_1_329' title='bbox 2585 1489 2597 1501; x_wconf 92' lang='grc'><strong>·</strong></span> <span class='ocrx_word' id='word_1_330' title='bbox 2657 1477 2808 1522; x_wconf 90' lang='grc' dir='ltr'>τοῦτο</span> <span class='ocrx_word' id='word_1_331' title='bbox 2831 1471 2923 1540; x_wconf 75' lang='grc' dir='ltr'>μὲν</span> <span class='ocrx_word' id='word_1_332' title='bbox 2978 1467 3025 1519; x_wconf 86' lang='grc' dir='ltr'>ἐν</span> <span class='ocrx_word' id='word_1_333' title='bbox 3059 1464 3370 1526; x_wconf 81' lang='grc' dir='ltr'><strong>ἀδεκάστοις</strong></span> <span class='ocrx_word' id='word_1_334' title='bbox 3415 1469 3635 1538; x_wconf 85' lang='grc' dir='ltr'>κρίμασι</span> <span class='ocrx_word' id='word_1_335' title='bbox 3672 1472 3764 1516; x_wconf 85' lang='grc' dir='ltr'><strong>τῶν</strong></span> <span class='ocrx_word' id='word_1_336' title='bbox 3788 1466 3831 1516; x_wconf 72' lang='grc' dir='ltr'>ἐν</span> 
     </span>
    </p>
   </div>
   <div class='ocr_carea' id='block_1_47' title="bbox 2249 1550 3833 1629">
    <p class='ocr_par' dir='ltr' id='par_1_47' title="bbox 2249 1550 3833 1629">
     <span class='ocr_line' id='line_1_47' title="bbox 2249 1550 3833 1629; baseline -0.004 -18"><span class='ocrx_word' id='word_1_337' title='bbox 2249 1567 2363 1620; x_wconf 88' lang='grc' dir='ltr'>ταῖς</span> <span class='ocrx_word' id='word_1_338' title='bbox 2422 1555 2788 1618; x_wconf 86' lang='grc' dir='ltr'>διαδικασίαις</span> <span class='ocrx_word' id='word_1_339' title='bbox 2844 1555 3342 1629; x_wconf 79' lang='grc' dir='ltr'>ἀμφισϐητουμένων</span> <span class='ocrx_word' id='word_1_340' title='bbox 3387 1572 3404 1591; x_wconf 80' lang='grc' dir='ltr'><strong><em>ο</em></strong></span> <span class='ocrx_word' id='word_1_341' title='bbox 3449 1561 3600 1606; x_wconf 82' lang='grc' dir='ltr'>τοῦτο</span> <span class='ocrx_word' id='word_1_342' title='bbox 3649 1550 3705 1605; x_wconf 79' lang='grc' dir='ltr'><strong>δε</strong></span> <span class='ocrx_word' id='word_1_343' title='bbox 3752 1557 3833 1604; x_wconf 81' lang='grc' dir='ltr'>καὶ</span> 
     </span>
    </p>
   </div>
   <div class='ocr_carea' id='block_1_48' title="bbox 2251 1643 3832 1721">
    <p class='ocr_par' dir='ltr' id='par_1_48' title="bbox 2251 1643 3832 1721">
     <span class='ocr_line' id='line_1_48' title="bbox 2251 1643 3832 1721; baseline -0.005 -21"><span class='ocrx_word' id='word_1_344' title='bbox 2251 1649 2500 1721; x_wconf 75' lang='grc' dir='ltr'>ἑνευμενεῐ</span> <span class='ocrx_word' id='word_1_345' title='bbox 2570 1652 2659 1700; x_wconf 82' lang='grc' dir='ltr'><strong>καὶ</strong></span> <span class='ocrx_word' id='word_1_346' title='bbox 2721 1647 2960 1720; x_wconf 82' lang='grc' dir='ltr'>εἰρηνικῷ</span> <span class='ocrx_word' id='word_1_347' title='bbox 3032 1650 3295 1720; x_wconf 81' lang='grc' dir='ltr'>προσώπῳ</span> <span class='ocrx_word' id='word_1_348' title='bbox 3364 1643 3676 1695; x_wconf 86' lang='grc' dir='ltr'>ὀπτάνεσθαι</span> <span class='ocrx_word' id='word_1_349' title='bbox 3725 1645 3832 1703; x_wconf 85' lang='grc' dir='ltr'>τοὺς</span> 
     </span>
    </p>
   </div>
   <div class='ocr_carea' id='block_1_49' title="bbox 2177 1727 3830 1812">
    <p class='ocr_par' dir='ltr' id='par_1_49' title="bbox 2177 1727 3830 1812">
     <span class='ocr_line' id='line_1_49' title="bbox 2177 1727 3830 1812; baseline -0.006 -21"><span class='ocrx_word' id='word_1_350' title='bbox 2177 1751 2219 1806; x_wconf 79' lang='grc' dir='ltr'>Β</span> <span class='ocrx_word' id='word_1_351' title='bbox 2251 1743 2583 1812; x_wconf 83' lang='grc' dir='ltr'><strong>προσιόντας,</strong></span> <span class='ocrx_word' id='word_1_352' title='bbox 2617 1739 2707 1788; x_wconf 81' lang='grc' dir='ltr'><strong>καὶ</strong></span> <span class='ocrx_word' id='word_1_353' title='bbox 2737 1733 2950 1788; x_wconf 80' lang='grc' dir='ltr'>διδόναι</span> <span class='ocrx_word' id='word_1_354' title='bbox 2974 1743 3036 1806; x_wconf 78' lang='grc' dir='ltr'>τῇ</span> <span class='ocrx_word' id='word_1_355' title='bbox 3072 1735 3366 1807; x_wconf 83' lang='grc' dir='ltr'>εύπροσίτῳ</span> <span class='ocrx_word' id='word_1_356' title='bbox 3397 1727 3682 1806; x_wconf 77' lang='grc' dir='ltr'>παραδοχῇ</span> <span class='ocrx_word' id='word_1_357' title='bbox 3718 1732 3830 1802; x_wconf 80' lang='grc' dir='ltr'>θάρ·</span> 
     </span>
    </p>
   </div>
   <div class='ocr_carea' id='block_1_50' title="bbox 2255 1824 3831 1900">
    <p class='ocr_par' dir='ltr' id='par_1_50' title="bbox 2255 1824 3831 1900">
     <span class='ocr_line' id='line_1_50' title="bbox 2255 1824 3831 1900; baseline -0.006 -20"><span class='ocrx_word' id='word_1_358' title='bbox 2255 1848 2344 1889; x_wconf 92' lang='grc' dir='ltr'><strong>σος</strong></span> <span class='ocrx_word' id='word_1_359' title='bbox 2373 1828 2690 1899; x_wconf 84' lang='grc' dir='ltr'>φθέγγεσθαι</span> <span class='ocrx_word' id='word_1_360' title='bbox 2719 1829 2777 1878; x_wconf 91' lang='grc' dir='ltr'><strong>τό</strong></span> <span class='ocrx_word' id='word_1_361' title='bbox 2810 1826 3214 1900; x_wconf 80' lang='grc' dir='ltr'>παριστάμενον.</span> <span class='ocrx_word' id='word_1_362' title='bbox 3251 1825 3475 1894; x_wconf 88' lang='grc' dir='ltr'><strong>Πτωχὸς</strong></span> <span class='ocrx_word' id='word_1_363' title='bbox 3517 1824 3635 1894; x_wconf 83' lang='grc' dir='ltr'>γὰρ,</span> <span class='ocrx_word' id='word_1_364' title='bbox 3666 1826 3831 1892; x_wconf 82' lang='grc' dir='ltr'>φησὶν,</span> 
     </span>
    </p>
   </div>
   <div class='ocr_carea' id='block_1_51' title="bbox 2251 1909 3833 1988">
    <p class='ocr_par' dir='ltr' id='par_1_51' title="bbox 2251 1909 3833 1988">
     <span class='ocr_line' id='line_1_51' title="bbox 2251 1909 3833 1988; baseline -0.006 -20"><span class='ocrx_word' id='word_1_365' title='bbox 2251 1917 2355 1988; x_wconf 85' lang='grc' dir='ltr'>ούχ</span> <span class='ocrx_word' id='word_1_366' title='bbox 2424 1918 2703 1988; x_wconf 76' lang='grc' dir='ltr'>ὑφίσταται</span> <span class='ocrx_word' id='word_1_367' title='bbox 2761 1913 2993 1972; x_wconf 79' lang='grc' dir='ltr'>ἀπειλήν.</span> <span class='ocrx_word' id='word_1_368' title='bbox 3050 1909 3177 1966; x_wconf 80' lang='grc' dir='ltr'>Εἶτα</span> <span class='ocrx_word' id='word_1_369' title='bbox 3223 1917 3312 1964; x_wconf 91' lang='lat' dir='ltr'><strong>xui</strong></span> <span class='ocrx_word' id='word_1_370' title='bbox 3371 1913 3582 1985; x_wconf 85' lang='grc' dir='ltr'>περὶτό</span> <span class='ocrx_word' id='word_1_371' title='bbox 3630 1911 3833 1979; x_wconf 81' lang='grc' dir='ltr'>πτωχὸν</span> 
     </span>
    </p>
   </div>
   <div class='ocr_carea' id='block_1_52' title="bbox 2253 2001 3838 2079">
    <p class='ocr_par' dir='ltr' id='par_1_52' title="bbox 2253 2001 3838 2079">
     <span class='ocr_line' id='line_1_52' title="bbox 2253 2001 3838 2079; baseline -0.006 -22"><span class='ocrx_word' id='word_1_372' title='bbox 2253 2008 2400 2079; x_wconf 83' lang='grc' dir='ltr'>μέρος</span> <span class='ocrx_word' id='word_1_373' title='bbox 2461 2009 2550 2056; x_wconf 86' lang='grc' dir='ltr'>καὶ</span> <span class='ocrx_word' id='word_1_374' title='bbox 2604 2007 3034 2075; x_wconf 80' lang='grc' dir='ltr'>τεταπεινωμένον</span> <span class='ocrx_word' id='word_1_375' title='bbox 3088 2001 3530 2072; x_wconf 85' lang='grc' dir='ltr'>ἓπικάμπτεσθαι,</span> <span class='ocrx_word' id='word_1_376' title='bbox 3593 2003 3678 2050; x_wconf 88' lang='lat' dir='ltr'><strong>xui</strong></span> <span class='ocrx_word' id='word_1_377' title='bbox 3725 2016 3838 2049; x_wconf 90' lang='grc' dir='ltr'>παι-</span> 
     </span>
    </p>
   </div>
   <div class='ocr_carea' id='block_1_53' title="bbox 2254 2083 3836 2164">
    <p class='ocr_par' dir='ltr' id='par_1_53' title="bbox 2254 2083 3836 2164">
     <span class='ocr_line' id='line_1_53' title="bbox 2254 2083 3836 2164; baseline -0.006 -18"><span class='ocrx_word' id='word_1_378' title='bbox 2254 2091 2420 2147; x_wconf 80' lang='grc' dir='ltr'>δεύειν</span> <span class='ocrx_word' id='word_1_379' title='bbox 2477 2097 2565 2162; x_wconf 77' lang='grc' dir='ltr'><strong>μεν</strong></span> <span class='ocrx_word' id='word_1_380' title='bbox 2615 2095 2840 2151; x_wconf 78' lang='grc' dir='ltr'>ὁπηνίκα</span> <span class='ocrx_word' id='word_1_381' title='bbox 2891 2095 2919 2151; x_wconf 74' lang='grc' dir='ltr'>ἡ</span> <span class='ocrx_word' id='word_1_382' title='bbox 2994 2096 3155 2164; x_wconf 87' lang='grc' dir='ltr'>χρεία</span> <span class='ocrx_word' id='word_1_383' title='bbox 3201 2089 3488 2161; x_wconf 73' lang='grc' dir='ltr'>ἀναγκάζει</span> <span class='ocrx_word' id='word_1_384' title='bbox 3521 2106 3533 2118; x_wconf 90' lang='grc'><strong>·</strong></span> <span class='ocrx_word' id='word_1_385' title='bbox 3589 2083 3836 2140; x_wconf 82' lang='grc' dir='ltr'>παιδεύειν</span> 
     </span>
    </p>
   </div>
   <div class='ocr_carea' id='block_1_54' title="bbox 2255 2176 3832 2254">
    <p class='ocr_par' dir='ltr' id='par_1_54' title="bbox 2255 2176 3832 2254">
     <span class='ocr_line' id='line_1_54' title="bbox 2255 2176 3832 2254; baseline -0.006 -19"><span class='ocrx_word' id='word_1_386' title='bbox 2255 2180 2312 2235; x_wconf 81' lang='grc' dir='ltr'>δὲ</span> <span class='ocrx_word' id='word_1_387' title='bbox 2342 2188 2412 2254; x_wconf 78' lang='grc' dir='ltr'>μή</span> <span class='ocrx_word' id='word_1_388' title='bbox 2445 2186 2492 2234; x_wconf 79' lang='grc' dir='ltr'>ἐν</span> <span class='ocrx_word' id='word_1_389' title='bbox 2543 2184 2709 2254; x_wconf 80' lang='grc' dir='ltr'>θυμῷ,</span> <span class='ocrx_word' id='word_1_390' title='bbox 2751 2181 2880 2232; x_wconf 86' lang='grc' dir='ltr'><strong>ἀλλά</strong></span> <span class='ocrx_word' id='word_1_391' title='bbox 2920 2189 3097 2251; x_wconf 78' lang='grc' dir='ltr'>σκοπῷ</span> <span class='ocrx_word' id='word_1_392' title='bbox 3147 2176 3481 2253; x_wconf 80' lang='grc' dir='ltr'>διορθώσεως</span> <span class='ocrx_word' id='word_1_393' title='bbox 3519 2176 3788 2251; x_wconf 79' lang='grc' dir='ltr'>ἀταράχως</span> <span class='ocrx_word' id='word_1_394' title='bbox 3821 2192 3832 2205; x_wconf 82' lang='lat'><strong><em>°</em></strong></span> 
     </span>
    </p>
   </div>
   <div class='ocr_carea' id='block_1_55' title="bbox 2252 2263 3837 2343">
    <p class='ocr_par' dir='ltr' id='par_1_55' title="bbox 2252 2263 3837 2343">
     <span class='ocr_line' id='line_1_55' title="bbox 2252 2263 3837 2343; baseline -0.006 -19"><span class='ocrx_word' id='word_1_395' title='bbox 2252 2268 2391 2343; x_wconf 74' lang='grc' dir='ltr'>μηδὲ</span> <span class='ocrx_word' id='word_1_396' title='bbox 2447 2270 2495 2323; x_wconf 83' lang='grc' dir='ltr'>ἐν</span> <span class='ocrx_word' id='word_1_397' title='bbox 2559 2269 2769 2330; x_wconf 88' lang='grc' dir='ltr'>πολλαῖς</span> <span class='ocrx_word' id='word_1_398' title='bbox 2818 2269 3038 2342; x_wconf 85' lang='grc' dir='ltr'>μάστιξι</span> <span class='ocrx_word' id='word_1_399' title='bbox 3092 2289 3104 2300; x_wconf 93' lang='grc'><strong>·</strong></span> <span class='ocrx_word' id='word_1_400' title='bbox 3161 2271 3220 2320; x_wconf 92' lang='grc' dir='ltr'><strong>τό</strong></span> <span class='ocrx_word' id='word_1_401' title='bbox 3275 2269 3377 2340; x_wconf 79' lang='grc' dir='ltr'><strong>γὰρ</strong></span> <span class='ocrx_word' id='word_1_402' title='bbox 3435 2266 3623 2325; x_wconf 58' lang='grc' dir='ltr'>ἀπηνὴς</span> <span class='ocrx_word' id='word_1_403' title='bbox 3673 2263 3837 2336; x_wconf 84' lang='grc' dir='ltr'>ἄφιλον</span> 
     </span>
    </p>
   </div>
   <div class='ocr_carea' id='block_1_56' title="bbox 2255 2350 3834 2431">
    <p class='ocr_par' dir='ltr' id='par_1_56' title="bbox 2255 2350 3834 2431">
     <span class='ocr_line' id='line_1_56' title="bbox 2255 2350 3834 2431; baseline -0.006 -18"><span class='ocrx_word' id='word_1_404' title='bbox 2255 2368 2368 2430; x_wconf 85' lang='grc' dir='ltr'><strong>Θεῷ</strong></span> <span class='ocrx_word' id='word_1_405' title='bbox 2411 2377 2422 2389; x_wconf 89' lang='grc'>·</span> <span class='ocrx_word' id='word_1_406' title='bbox 2485 2358 2592 2410; x_wconf 86' lang='grc' dir='ltr'>ἀλλ’</span> <span class='ocrx_word' id='word_1_407' title='bbox 2651 2359 3042 2431; x_wconf 84' lang='grc' dir='ltr'>ἐγκεκριμένως,</span> <span class='ocrx_word' id='word_1_408' title='bbox 3100 2361 3190 2408; x_wconf 81' lang='grc' dir='ltr'><strong>καὶ</strong></span> <span class='ocrx_word' id='word_1_409' title='bbox 3247 2357 3367 2407; x_wconf 86' lang='grc' dir='ltr'>ὅσον</span> <span class='ocrx_word' id='word_1_410' title='bbox 3419 2358 3479 2407; x_wconf 89' lang='grc' dir='ltr'>τὸ</span> <span class='ocrx_word' id='word_1_411' title='bbox 3535 2350 3834 2406; x_wconf 83' lang='grc' dir='ltr'>ἀπαίδευτον</span> 
     </span>
    </p>
   </div>
   <div class='ocr_carea' id='block_1_57' title="bbox 2253 2441 3839 2522">
    <p class='ocr_par' dir='ltr' id='par_1_57' title="bbox 2253 2441 3839 2522">
     <span class='ocr_line' id='line_1_57' title="bbox 2253 2441 3839 2522; baseline -0.005 -23"><span class='ocrx_word' id='word_1_412' title='bbox 2253 2447 2571 2511; x_wconf 82' lang='grc' dir='ltr'>ἀναστεῖλαι,</span> <span class='ocrx_word' id='word_1_413' title='bbox 2619 2452 2708 2499; x_wconf 83' lang='grc' dir='ltr'><strong>καὶ</strong></span> <span class='ocrx_word' id='word_1_414' title='bbox 2748 2451 2806 2499; x_wconf 88' lang='grc' dir='ltr'>τὸ</span> <span class='ocrx_word' id='word_1_415' title='bbox 2849 2444 3188 2522; x_wconf 85' lang='grc' dir='ltr'>διορθωτικόν</span> <span class='ocrx_word' id='word_1_416' title='bbox 3244 2444 3693 2516; x_wconf 77' lang='grc' dir='ltr'>περιποιήσασθαι</span> <span class='ocrx_word' id='word_1_417' title='bbox 3723 2458 3736 2471; x_wconf 90' lang='grc'><strong>·</strong></span> <span class='ocrx_word' id='word_1_418' title='bbox 3763 2441 3839 2492; x_wconf 86' lang='grc' dir='ltr'><strong>οἷα</strong></span> 
     </span>
    </p>
   </div>
   <div class='ocr_carea' id='block_1_58' title="bbox 2253 2533 3837 2610">
    <p class='ocr_par' dir='ltr' id='par_1_58' title="bbox 2253 2533 3837 2610">
     <span class='ocr_line' id='line_1_58' title="bbox 2253 2533 3837 2610; baseline -0.006 -20"><span class='ocrx_word' id='word_1_419' title='bbox 2253 2542 2427 2609; x_wconf 81' lang='grc' dir='ltr'>πατὴρ</span> <span class='ocrx_word' id='word_1_420' title='bbox 2475 2533 2652 2601; x_wconf 74' lang='grc' dir='ltr'>παιδί,</span> <span class='ocrx_word' id='word_1_421' title='bbox 2695 2542 2783 2588; x_wconf 89' lang='grc' dir='ltr'><strong>καὶ</strong></span> <span class='ocrx_word' id='word_1_422' title='bbox 2838 2539 2906 2596; x_wconf 86' lang='grc' dir='ltr'>ὡς</span> <span class='ocrx_word' id='word_1_423' title='bbox 2954 2535 3128 2610; x_wconf 80' lang='grc' dir='ltr'>ἱατρός</span> <span class='ocrx_word' id='word_1_424' title='bbox 3171 2543 3242 2603; x_wconf 88' lang='grc' dir='ltr'>τῷ</span> <span class='ocrx_word' id='word_1_425' title='bbox 3290 2535 3560 2605; x_wconf 86' lang='grc' dir='ltr'>κάμνοντι.</span> <span class='ocrx_word' id='word_1_426' title='bbox 3612 2535 3707 2584; x_wconf 75' lang='grc' dir='ltr'><strong>Καὶ</strong></span> <span class='ocrx_word' id='word_1_427' title='bbox 3751 2549 3837 2600; x_wconf 86' lang='grc' dir='ltr'>μα-</span> 
     </span>
    </p>
   </div>
   <div class='ocr_carea' id='block_1_59' title="bbox 2255 2614 3833 2701">
    <p class='ocr_par' dir='ltr' id='par_1_59' title="bbox 2255 2614 3833 2701">
     <span class='ocr_line' id='line_1_59' title="bbox 2255 2614 3833 2701; baseline -0.006 -22"><span class='ocrx_word' id='word_1_428' title='bbox 2255 2630 2432 2701; x_wconf 89' lang='grc' dir='ltr'>κάριος</span> <span class='ocrx_word' id='word_1_429' title='bbox 2474 2628 2498 2677; x_wconf 91' lang='lat'><strong>6</strong></span> <span class='ocrx_word' id='word_1_430' title='bbox 2547 2625 2711 2686; x_wconf 77' lang='grc' dir='ltr'>οὕτως</span> <span class='ocrx_word' id='word_1_431' title='bbox 2759 2622 3092 2697; x_wconf 73' lang='grc' dir='ltr'>δημαγωγῶν</span> <span class='ocrx_word' id='word_1_432' title='bbox 3143 2628 3234 2675; x_wconf 87' lang='lat' dir='ltr'><strong>xui</strong></span> <span class='ocrx_word' id='word_1_433' title='bbox 3277 2614 3833 2694; x_wconf 73' lang='grc' dir='ltr'>στρατηγῶν,’Ἐπιιδι)</span> 
     </span>
    </p>
   </div>
   <div class='ocr_carea' id='block_1_60' title="bbox 2256 2709 3837 2786">
    <p class='ocr_par' dir='ltr' id='par_1_60' title="bbox 2256 2709 3837 2786">
     <span class='ocr_line' id='line_1_60' title="bbox 2256 2709 3837 2786; baseline -0.005 -18"><span class='ocrx_word' id='word_1_434' title='bbox 2256 2721 2342 2768; x_wconf 86' lang='lat' dir='ltr'><strong>xui</strong></span> <span class='ocrx_word' id='word_1_435' title='bbox 2379 2723 2576 2777; x_wconf 84' lang='grc' dir='ltr'>Μωσῆς</span> <span class='ocrx_word' id='word_1_436' title='bbox 2608 2716 2633 2766; x_wconf 89' lang='grc' dir='ltr'><strong>ό</strong></span> <span class='ocrx_word' id='word_1_437' title='bbox 2667 2716 2896 2786; x_wconf 86' lang='grc' dir='ltr'>θεράπων</span> <span class='ocrx_word' id='word_1_438' title='bbox 2936 2722 3026 2766; x_wconf 85' lang='grc' dir='ltr'><strong>τοῦ</strong></span> <span class='ocrx_word' id='word_1_439' title='bbox 3068 2721 3200 2767; x_wconf 87' lang='grc' dir='ltr'>Θεοῦ</span> <span class='ocrx_word' id='word_1_440' title='bbox 3241 2711 3491 2785; x_wconf 83' lang='grc' dir='ltr'>ἀρχικός,</span> <span class='ocrx_word' id='word_1_441' title='bbox 3533 2715 3622 2762; x_wconf 82' lang='grc' dir='ltr'>καὶ</span> <span class='ocrx_word' id='word_1_442' title='bbox 3650 2709 3837 2769; x_wconf 82' lang='grc' dir='ltr'>Ἰησοῦς</span> 
     </span>
    </p>
   </div>
   <div class='ocr_carea' id='block_1_61' title="bbox 2259 2798 3836 2878">
    <p class='ocr_par' dir='ltr' id='par_1_61' title="bbox 2259 2798 3836 2878">
     <span class='ocr_line' id='line_1_61' title="bbox 2259 2798 3836 2878; baseline -0.006 -20"><span class='ocrx_word' id='word_1_443' title='bbox 2259 2808 2398 2858; x_wconf 88' lang='grc' dir='ltr'>ὁτοῦ</span> <span class='ocrx_word' id='word_1_444' title='bbox 2429 2812 2577 2863; x_wconf 84' lang='grc' dir='ltr'><strong>Ναυῆ</strong></span> <span class='ocrx_word' id='word_1_445' title='bbox 2623 2803 2934 2878; x_wconf 84' lang='grc' dir='ltr'>στρατηγός,</span> <span class='ocrx_word' id='word_1_446' title='bbox 2979 2807 3069 2855; x_wconf 89' lang='grc' dir='ltr'><strong>καὶ</strong></span> <span class='ocrx_word' id='word_1_447' title='bbox 3113 2801 3328 2862; x_wconf 87' lang='grc' dir='ltr'>πολλοὺς</span> <span class='ocrx_word' id='word_1_448' title='bbox 3367 2804 3484 2852; x_wconf 82' lang='grc' dir='ltr'>ἔστι</span> <span class='ocrx_word' id='word_1_449' title='bbox 3524 2801 3695 2872; x_wconf 88' lang='grc' dir='ltr'>φάναι,</span> <span class='ocrx_word' id='word_1_450' title='bbox 3732 2798 3836 2849; x_wconf 86' lang='grc' dir='ltr'>ὅσοι</span> 
     </span>
    </p>
   </div>
   <div class='ocr_carea' id='block_1_62' title="bbox 2257 2885 3838 2966">
    <p class='ocr_par' dir='ltr' id='par_1_62' title="bbox 2257 2885 3838 2966">
     <span class='ocr_line' id='line_1_62' title="bbox 2257 2885 3838 2966; baseline -0.007 -19"><span class='ocrx_word' id='word_1_451' title='bbox 2257 2896 2317 2948; x_wconf 85' lang='grc' dir='ltr'>ού</span> <span class='ocrx_word' id='word_1_452' title='bbox 2357 2899 2510 2966; x_wconf 87' lang='grc' dir='ltr'>μόνον</span> <span class='ocrx_word' id='word_1_453' title='bbox 2558 2893 2606 2944; x_wconf 85' lang='grc' dir='ltr'>ἐν</span> <span class='ocrx_word' id='word_1_454' title='bbox 2654 2890 2982 2966; x_wconf 85' lang='grc' dir='ltr'>βασιλεῦσιν,</span> <span class='ocrx_word' id='word_1_455' title='bbox 3049 2889 3174 2942; x_wconf 88' lang='grc' dir='ltr'><strong>ἀλλά</strong></span> <span class='ocrx_word' id='word_1_456' title='bbox 3234 2894 3324 2941; x_wconf 89' lang='lat' dir='ltr'><strong>xui</strong></span> <span class='ocrx_word' id='word_1_457' title='bbox 3371 2894 3578 2962; x_wconf 85' lang='grc' dir='ltr'>κριταῖς</span> <span class='ocrx_word' id='word_1_458' title='bbox 3628 2890 3713 2938; x_wconf 87' lang='grc' dir='ltr'><strong>καὶ</strong></span> <span class='ocrx_word' id='word_1_459' title='bbox 3758 2885 3838 2956; x_wconf 80' lang='grc' dir='ltr'>οἶρ-</span> 
     </span>
    </p>
   </div>
   <div class='ocr_carea' id='block_1_63' title="bbox 2261 2978 3836 3057">
    <p class='ocr_par' dir='ltr' id='par_1_63' title="bbox 2261 2978 3836 3057">
     <span class='ocr_line' id='line_1_63' title="bbox 2261 2978 3836 3057; baseline -0.008 -21"><span class='ocrx_word' id='word_1_460' title='bbox 2261 3004 2448 3057; x_wconf 88' lang='grc' dir='ltr'>χουσι,</span> <span class='ocrx_word' id='word_1_461' title='bbox 2507 2987 2596 3035; x_wconf 86' lang='grc' dir='ltr'>καὶ</span> <span class='ocrx_word' id='word_1_462' title='bbox 2657 2987 2756 3056; x_wconf 91' lang='grc' dir='ltr'><strong>πρό</strong></span> <span class='ocrx_word' id='word_1_463' title='bbox 2796 2987 2976 3054; x_wconf 80' lang='grc' dir='ltr'>νόμου,</span> <span class='ocrx_word' id='word_1_464' title='bbox 3040 2986 3130 3033; x_wconf 88' lang='lat' dir='ltr'><strong>xui</strong></span> <span class='ocrx_word' id='word_1_465' title='bbox 3168 2979 3216 3032; x_wconf 83' lang='grc' dir='ltr'>ἐν</span> <span class='ocrx_word' id='word_1_466' title='bbox 3269 2983 3428 3051; x_wconf 83' lang='grc' dir='ltr'>νόμῳ,</span> <span class='ocrx_word' id='word_1_467' title='bbox 3473 2983 3560 3031; x_wconf 86' lang='lat' dir='ltr'><strong>xui</strong></span> <span class='ocrx_word' id='word_1_468' title='bbox 3603 2979 3724 3032; x_wconf 77' lang='grc' dir='ltr'>μετὰ</span> <span class='ocrx_word' id='word_1_469' title='bbox 3755 2978 3836 3030; x_wconf 70' lang='grc' dir='ltr'><strong>τόν</strong></span> 
     </span>
    </p>
   </div>
   <div class='ocr_carea' id='block_1_64' title="bbox 499 3068 2146 3157">
    <p class='ocr_par' dir='ltr' id='par_1_64' title="bbox 499 3069 2146 3147">
     <span class='ocr_line' id='line_1_64' title="bbox 499 3069 2146 3147; baseline 0.007 -25"><span class='ocrx_word' id='word_1_470' title='bbox 499 3069 703 3124; x_wconf 91' lang='lat' dir='ltr'><strong>dicum</strong></span> <span class='ocrx_word' id='word_1_471' title='bbox 735 3078 789 3124; x_wconf 93' lang='lat' dir='ltr'><strong>et</strong></span> <span class='ocrx_word' id='word_1_472' title='bbox 821 3073 1182 3144; x_wconf 88' lang='lat' dir='ltr'><strong>principum,</strong></span> <span class='ocrx_word' id='word_1_473' title='bbox 1222 3077 1323 3146; x_wconf 91' lang='lat' dir='ltr'><strong>qui</strong></span> <span class='ocrx_word' id='word_1_474' title='bbox 1352 3077 1438 3132; x_wconf 92' lang='lat' dir='ltr'><strong>vel</strong></span> <span class='ocrx_word' id='word_1_475' title='bbox 1470 3082 1608 3132; x_wconf 90' lang='lat' dir='ltr'><strong>ante</strong></span> <span class='ocrx_word' id='word_1_476' title='bbox 1658 3079 1871 3147; x_wconf 84' lang='lat' dir='ltr'><strong>legem,</strong></span> <span class='ocrx_word' id='word_1_477' title='bbox 1908 3079 2000 3134; x_wconf 86' lang='lat' dir='ltr'><strong>vel</strong></span> <span class='ocrx_word' id='word_1_478' title='bbox 2038 3079 2146 3134; x_wconf 90' lang='lat' dir='ltr'><strong>sub</strong></span> 
     </span>
    </p>
   </div>
   <div class='ocr_carea' id='block_1_65' title="bbox 2254 3068 3839 3157">
    <p class='ocr_par' dir='ltr' id='par_1_65' title="bbox 2261 3068 3839 3157">
     <span class='ocr_line' id='line_1_65' title="bbox 2261 3068 3839 3157; baseline -0.007 -32"><span class='ocrx_word' id='word_1_479' title='bbox 2261 3077 2424 3148; x_wconf 86' lang='grc' dir='ltr'>χάριν</span> <span class='ocrx_word' id='word_1_480' title='bbox 2463 3072 2807 3148; x_wconf 81' lang='grc' dir='ltr'>ἀρχαίζοντες</span> <span class='ocrx_word' id='word_1_481' title='bbox 2867 3076 2957 3123; x_wconf 88' lang='lat' dir='ltr'><strong>xui</strong></span> <span class='ocrx_word' id='word_1_482' title='bbox 2995 3077 3449 3144; x_wconf 87' lang='grc' dir='ltr'>πρωταρχοῦντες,</span> <span class='ocrx_word' id='word_1_483' title='bbox 3513 3068 3839 3157; x_wconf 68' lang='grc' dir='ltr'>εύηρέστησαι</span> 
     </span>
    </p>
   </div>
   <div class='ocr_carea' id='block_1_66' title="bbox 496 3157 2153 3238">
    <p class='ocr_par' dir='ltr' id='par_1_66' title="bbox 496 3157 2153 3238">
     <span class='ocr_line' id='line_1_66' title="bbox 496 3157 2153 3238; baseline 0.007 -27"><span class='ocrx_word' id='word_1_484' title='bbox 496 3157 647 3226; x_wconf 86' lang='lat' dir='ltr'><strong>lege,</strong></span> <span class='ocrx_word' id='word_1_485' title='bbox 681 3158 772 3214; x_wconf 92' lang='lat' dir='ltr'><strong>vel</strong></span> <span class='ocrx_word' id='word_1_486' title='bbox 822 3165 955 3230; x_wconf 90' lang='lat' dir='ltr'><strong>post</strong></span> <span class='ocrx_word' id='word_1_487' title='bbox 985 3163 1238 3231; x_wconf 81' lang='lat' dir='ltr'><strong>gratiam</strong></span> <span class='ocrx_word' id='word_1_488' title='bbox 1272 3164 1661 3234; x_wconf 89' lang='lat' dir='ltr'><strong>imperarunt,</strong></span> <span class='ocrx_word' id='word_1_489' title='bbox 1704 3167 2048 3238; x_wconf 86' lang='lat' dir='ltr'><strong>primasque</strong></span> <span class='ocrx_word' id='word_1_490' title='bbox 2075 3175 2153 3222; x_wconf 90' lang='lat' dir='ltr'><strong>te-</strong></span> 
     </span>
    </p>
   </div>
   <div class='ocr_carea' id='block_1_67' title="bbox 503 3249 2150 3327">
    <p class='ocr_par' dir='ltr' id='par_1_67' title="bbox 503 3249 2150 3327">
     <span class='ocr_line' id='line_1_67' title="bbox 503 3249 2150 3327; baseline 0.007 -27"><span class='ocrx_word' id='word_1_491' title='bbox 503 3253 783 3302; x_wconf 89' lang='lat' dir='ltr'><strong>nuerunt.</strong></span> <span class='ocrx_word' id='word_1_492' title='bbox 821 3249 1075 3304; x_wconf 92' lang='lat' dir='ltr'><strong>Domino</strong></span> <span class='ocrx_word' id='word_1_493' title='bbox 1107 3250 1409 3321; x_wconf 88' lang='lat' dir='ltr'><strong>placuere,</strong></span> <span class='ocrx_word' id='word_1_494' title='bbox 1443 3254 1605 3324; x_wconf 88' lang='lat' dir='ltr'><strong>quod</strong></span> <span class='ocrx_word' id='word_1_495' title='bbox 1639 3271 1774 3309; x_wconf 89' lang='lat' dir='ltr'><strong>cum</strong></span> <span class='ocrx_word' id='word_1_496' title='bbox 1805 3257 2016 3327; x_wconf 88' lang='lat' dir='ltr'><strong>pietate</strong></span> <span class='ocrx_word' id='word_1_497' title='bbox 2049 3257 2150 3311; x_wconf 84' lang='lat' dir='ltr'><strong>ad-</strong></span> 
     </span>
    </p>
   </div>
   <div class='ocr_carea' id='block_1_68' title="bbox 508 3335 2148 3413">
    <p class='ocr_par' dir='ltr' id='par_1_68' title="bbox 508 3335 2148 3413">
     <span class='ocr_line' id='line_1_68' title="bbox 508 3335 2148 3413; baseline 0.008 -25"><span class='ocrx_word' id='word_1_498' title='bbox 508 3335 933 3391; x_wconf 84' lang='lat' dir='ltr'><strong>ministrarent.</strong></span> <span class='ocrx_word' id='word_1_499' title='bbox 952 3339 1260 3408; x_wconf 82' lang='lat' dir='ltr'><strong>Hocigitur</strong></span> <span class='ocrx_word' id='word_1_500' title='bbox 1281 3343 1556 3413; x_wconf 79' lang='lat' dir='ltr'><strong>exemplo</strong></span> <span class='ocrx_word' id='word_1_501' title='bbox 1576 3349 1647 3408; x_wconf 92' lang='lat' dir='ltr'><strong>te,</strong></span> <span class='ocrx_word' id='word_1_502' title='bbox 1671 3345 2148 3401; x_wconf 88' lang='lat' dir='ltr'><strong>laudatissimum</strong></span> 
     </span>
    </p>
   </div>
   <div class='ocr_carea' id='block_1_69' title="bbox 502 3424 2152 3504">
    <p class='ocr_par' dir='ltr' id='par_1_69' title="bbox 502 3424 2152 3504">
     <span class='ocr_line' id='line_1_69' title="bbox 502 3424 2152 3504; baseline 0.007 -26"><span class='ocrx_word' id='word_1_503' title='bbox 502 3429 557 3478; x_wconf 87' lang='lat' dir='ltr'><strong>et</strong></span> <span class='ocrx_word' id='word_1_504' title='bbox 597 3424 1168 3482; x_wconf 88' lang='lat' dir='ltr'><strong>desideratissimum</strong></span> <span class='ocrx_word' id='word_1_505' title='bbox 1211 3429 1526 3486; x_wconf 89' lang='lat' dir='ltr'><strong>dominum</strong></span> <span class='ocrx_word' id='word_1_506' title='bbox 1573 3439 1865 3499; x_wconf 89' lang='lat' dir='ltr'><strong>nostrum,</strong></span> <span class='ocrx_word' id='word_1_507' title='bbox 1898 3449 2152 3504; x_wconf 65' lang='lat' dir='ltr'><strong>praeesse</strong></span> 
     </span>
    </p>
   </div>
   <div class='ocr_carea' id='block_1_70' title="bbox 503 3515 2151 3592">
    <p class='ocr_par' dir='ltr' id='par_1_70' title="bbox 503 3515 2151 3592">
     <span class='ocr_line' id='line_1_70' title="bbox 503 3515 2151 3592; baseline 0.007 -26"><span class='ocrx_word' id='word_1_508' title='bbox 503 3515 805 3584; x_wconf 90' lang='lat' dir='ltr'><strong>cupimus,</strong></span> <span class='ocrx_word' id='word_1_509' title='bbox 867 3521 923 3571; x_wconf 90' lang='lat' dir='ltr'><strong>et</strong></span> <span class='ocrx_word' id='word_1_510' title='bbox 977 3533 1241 3582; x_wconf 85' lang='lat' dir='ltr'><strong>oramus,</strong></span> <span class='ocrx_word' id='word_1_511' title='bbox 1298 3527 1475 3592; x_wconf 89' lang='lat' dir='ltr'><strong>atque</strong></span> <span class='ocrx_word' id='word_1_512' title='bbox 1550 3521 1700 3578; x_wconf 90' lang='lat' dir='ltr'><strong>inter</strong></span> <span class='ocrx_word' id='word_1_513' title='bbox 1749 3523 1860 3578; x_wconf 91' lang='lat' dir='ltr'><strong>hos</strong></span> <span class='ocrx_word' id='word_1_514' title='bbox 1913 3530 2151 3580; x_wconf 88' lang='lat' dir='ltr'><strong>sanctos</strong></span> 
     </span>
    </p>
   </div>
   <div class='ocr_carea' id='block_1_71' title="bbox 505 3603 2154 3677">
    <p class='ocr_par' dir='ltr' id='par_1_71' title="bbox 505 3603 2154 3677">
     <span class='ocr_line' id='line_1_71' title="bbox 505 3603 2154 3677; baseline 0.008 -21"><span class='ocrx_word' id='word_1_515' title='bbox 505 3607 560 3656; x_wconf 90' lang='lat' dir='ltr'><strong>et</strong></span> <span class='ocrx_word' id='word_1_516' title='bbox 589 3603 986 3660; x_wconf 87' lang='lat' dir='ltr'><strong>admiratione</strong></span> <span class='ocrx_word' id='word_1_517' title='bbox 1019 3607 1234 3677; x_wconf 88' lang='lat' dir='ltr'><strong>dignos</strong></span> <span class='ocrx_word' id='word_1_518' title='bbox 1274 3611 1432 3665; x_wconf 89' lang='lat' dir='ltr'><strong>viros</strong></span> <span class='ocrx_word' id='word_1_519' title='bbox 1485 3615 1795 3668; x_wconf 85' lang='lat' dir='ltr'><strong>recenseri.</strong></span> <span class='ocrx_word' id='word_1_520' title='bbox 1842 3616 1956 3668; x_wconf 90' lang='lat' dir='ltr'><strong>Nec</strong></span> <span class='ocrx_word' id='word_1_521' title='bbox 2018 3630 2154 3670; x_wconf 81' lang='lat' dir='ltr'><strong>vero</strong></span> 
     </span>
    </p>
   </div>
   <div class='ocr_carea' id='block_1_72' title="bbox 505 3691 2157 3772">
    <p class='ocr_par' dir='ltr' id='par_1_72' title="bbox 505 3691 2157 3772">
     <span class='ocr_line' id='line_1_72' title="bbox 505 3691 2157 3772; baseline 0.008 -27"><span class='ocrx_word' id='word_1_522' title='bbox 505 3691 976 3748; x_wconf 89' lang='lat' dir='ltr'><strong>admonitionem</strong></span> <span class='ocrx_word' id='word_1_523' title='bbox 1006 3703 1271 3753; x_wconf 89' lang='lat' dir='ltr'><strong>nostram</strong></span> <span class='ocrx_word' id='word_1_524' title='bbox 1296 3699 1375 3754; x_wconf 91' lang='lat' dir='ltr'><strong>sic</strong></span> <span class='ocrx_word' id='word_1_525' title='bbox 1396 3702 1656 3772; x_wconf 88' lang='lat' dir='ltr'><strong>accipias</strong></span> <span class='ocrx_word' id='word_1_526' title='bbox 1686 3704 1860 3772; x_wconf 88' lang='lat' dir='ltr'><strong>quasi</strong></span> <span class='ocrx_word' id='word_1_527' title='bbox 1892 3703 1970 3757; x_wconf 85' lang='lat' dir='ltr'><strong>ab</strong></span> <span class='ocrx_word' id='word_1_528' title='bbox 1998 3719 2157 3758; x_wconf 89' lang='lat' dir='ltr'><strong>arro-</strong></span> 
     </span>
    </p>
   </div>
   <div class='ocr_carea' id='block_1_73' title="bbox 507 3781 2153 3862">
    <p class='ocr_par' dir='ltr' id='par_1_73' title="bbox 507 3781 2153 3862">
     <span class='ocr_line' id='line_1_73' title="bbox 507 3781 2153 3862; baseline 0.007 -28"><span class='ocrx_word' id='word_1_529' title='bbox 507 3781 711 3850; x_wconf 87' lang='lat' dir='ltr'><strong>gantia</strong></span> <span class='ocrx_word' id='word_1_530' title='bbox 738 3783 1086 3853; x_wconf 87' lang='lat' dir='ltr'><strong>profectam,</strong></span> <span class='ocrx_word' id='word_1_531' title='bbox 1112 3787 1212 3842; x_wconf 91' lang='lat' dir='ltr'><strong>sed</strong></span> <span class='ocrx_word' id='word_1_532' title='bbox 1241 3788 1441 3858; x_wconf 82' lang='lat' dir='ltr'><strong>potius</strong></span> <span class='ocrx_word' id='word_1_533' title='bbox 1461 3797 1746 3862; x_wconf 86' lang='lat' dir='ltr'><strong>tanquam</strong></span> <span class='ocrx_word' id='word_1_534' title='bbox 1771 3807 1802 3846; x_wconf 90' lang='lat' dir='ltr'><strong>a</strong></span> <span class='ocrx_word' id='word_1_535' title='bbox 1827 3791 2109 3846; x_wconf 89' lang='lat' dir='ltr'><strong>charitate</strong></span> <span class='ocrx_word' id='word_1_536' title='bbox 2140 3808 2153 3858; x_wconf 92' lang='lat'><strong>;</strong></span> 
     </span>
    </p>
   </div>
   <div class='ocr_carea' id='block_1_74' title="bbox 506 3869 2156 3948">
    <p class='ocr_par' dir='ltr' id='par_1_74' title="bbox 506 3869 2156 3948">
     <span class='ocr_line' id='line_1_74' title="bbox 506 3869 2156 3948; baseline 0.008 -26"><span class='ocrx_word' id='word_1_537' title='bbox 506 3869 792 3939; x_wconf 90' lang='lat' dir='ltr'><strong>quoniam</strong></span> <span class='ocrx_word' id='word_1_538' title='bbox 814 3887 1091 3928; x_wconf 90' lang='lat' dir='ltr'><strong>amamus</strong></span> <span class='ocrx_word' id='word_1_539' title='bbox 1107 3877 1755 3948; x_wconf 89' lang='lat' dir='ltr'><strong>te,quiDeumamas,et</strong></span> <span class='ocrx_word' id='word_1_540' title='bbox 1771 3881 2045 3935; x_wconf 68' lang='lat' dir='ltr'><strong>amicitiae</strong></span> <span class='ocrx_word' id='word_1_541' title='bbox 2068 3896 2156 3937; x_wconf 87' lang='lat' dir='ltr'><strong>ar-</strong></span> 
     </span>
    </p>
   </div>
   <div class='ocr_carea' id='block_1_75' title="bbox 507 3964 2156 4041">
    <p class='ocr_par' dir='ltr' id='par_1_75' title="bbox 507 3964 2156 4041">
     <span class='ocr_line' id='line_1_75' title="bbox 507 3964 2156 4041; baseline 0.008 -30"><span class='ocrx_word' id='word_1_542' title='bbox 507 3965 860 4028; x_wconf 87' lang='lat' dir='ltr'><strong>gumentum</strong></span> <span class='ocrx_word' id='word_1_543' title='bbox 904 3968 1011 4028; x_wconf 87' lang='lat' dir='ltr'><strong>est,</strong></span> <span class='ocrx_word' id='word_1_544' title='bbox 1046 3964 1210 4021; x_wconf 88' lang='lat' dir='ltr'><strong>utilia</strong></span> <span class='ocrx_word' id='word_1_545' title='bbox 1253 3967 1305 4020; x_wconf 91' lang='lat' dir='ltr'><strong>ei</strong></span> <span class='ocrx_word' id='word_1_546' title='bbox 1332 3968 1433 4037; x_wconf 89' lang='lat' dir='ltr'><strong>qui</strong></span> <span class='ocrx_word' id='word_1_547' title='bbox 1467 3975 1724 4034; x_wconf 89' lang='lat' dir='ltr'><strong>amatur,</strong></span> <span class='ocrx_word' id='word_1_548' title='bbox 1747 3969 1910 4041; x_wconf 92' lang='lat' dir='ltr'><strong>loqui</strong></span> <span class='ocrx_word' id='word_1_549' title='bbox 1947 3991 1958 4022; x_wconf 93' lang='lat'><strong>:</strong></span> <span class='ocrx_word' id='word_1_550' title='bbox 1990 3971 2156 4040; x_wconf 91' lang='lat' dir='ltr'><strong>quod</strong></span> 
     </span>
    </p>
   </div>
   <div class='ocr_carea' id='block_1_76' title="bbox 511 4049 2155 4113">
    <p class='ocr_par' dir='ltr' id='par_1_76' title="bbox 511 4049 2155 4113">
     <span class='ocr_line' id='line_1_76' title="bbox 511 4049 2155 4113; baseline 0.007 -11"><span class='ocrx_word' id='word_1_551' title='bbox 511 4049 899 4106; x_wconf 76' lang='lat' dir='ltr'><strong>ostenderunt</strong></span> <span class='ocrx_word' id='word_1_552' title='bbox 930 4051 1184 4108; x_wconf 89' lang='lat' dir='ltr'><strong>humiles</strong></span> <span class='ocrx_word' id='word_1_553' title='bbox 1205 4054 1412 4111; x_wconf 63' lang='lat' dir='ltr'><strong>litterae</strong></span> <span class='ocrx_word' id='word_1_554' title='bbox 1431 4061 1668 4112; x_wconf 65' lang='lat' dir='ltr'><strong>nostras.</strong></span> <span class='ocrx_word' id='word_1_555' title='bbox 1697 4057 2155 4113; x_wconf 88' lang='lat' dir='ltr'><strong>Tribuatautem</strong></span> 
     </span>
    </p>
   </div>
   <div class='ocr_carea' id='block_1_77' title="bbox 508 4135 2154 4218">
    <p class='ocr_par' dir='ltr' id='par_1_77' title="bbox 508 4135 2154 4218">
     <span class='ocr_line' id='line_1_77' title="bbox 508 4135 2154 4218; baseline 0.007 -28"><span class='ocrx_word' id='word_1_556' title='bbox 508 4135 682 4191; x_wconf 92' lang='lat' dir='ltr'><strong>nobis</strong></span> <span class='ocrx_word' id='word_1_557' title='bbox 713 4138 909 4193; x_wconf 89' lang='lat' dir='ltr'><strong>bonus</strong></span> <span class='ocrx_word' id='word_1_558' title='bbox 949 4142 1100 4196; x_wconf 91' lang='lat' dir='ltr'><strong>Deus</strong></span> <span class='ocrx_word' id='word_1_559' title='bbox 1134 4148 1352 4208; x_wconf 83' lang='lat' dir='ltr'><strong>noster,</strong></span> <span class='ocrx_word' id='word_1_560' title='bbox 1388 4153 1448 4200; x_wconf 91' lang='lat' dir='ltr'><strong>ut</strong></span> <span class='ocrx_word' id='word_1_561' title='bbox 1474 4161 1676 4200; x_wconf 88' lang='lat' dir='ltr'><strong>coram</strong></span> <span class='ocrx_word' id='word_1_562' title='bbox 1706 4146 1764 4200; x_wconf 89' lang='lat' dir='ltr'><strong>in</strong></span> <span class='ocrx_word' id='word_1_563' title='bbox 1792 4146 2154 4218; x_wconf 89' lang='lat' dir='ltr'><strong>colloquium</strong></span> 
     </span>
    </p>
   </div>
   <div class='ocr_carea' id='block_1_78' title="bbox 509 4225 2156 4308">
    <p class='ocr_par' dir='ltr' id='par_1_78' title="bbox 509 4225 2156 4308">
     <span class='ocr_line' id='line_1_78' title="bbox 509 4225 2156 4308; baseline 0.007 -30"><span class='ocrx_word' id='word_1_564' title='bbox 509 4225 746 4280; x_wconf 88' lang='lat' dir='ltr'><strong>tandem</strong></span> <span class='ocrx_word' id='word_1_565' title='bbox 789 4227 1116 4300; x_wconf 85' lang='lat' dir='ltr'><strong>aliquando</strong></span> <span class='ocrx_word' id='word_1_566' title='bbox 1161 4235 1491 4297; x_wconf 89' lang='lat' dir='ltr'><strong>veniamus,</strong></span> <span class='ocrx_word' id='word_1_567' title='bbox 1521 4240 1577 4290; x_wconf 91' lang='lat' dir='ltr'><strong>et</strong></span> <span class='ocrx_word' id='word_1_568' title='bbox 1627 4235 1804 4290; x_wconf 89' lang='lat' dir='ltr'><strong>bonis</strong></span> <span class='ocrx_word' id='word_1_569' title='bbox 1833 4252 1968 4308; x_wconf 65' lang='lat' dir='ltr'><strong>qua:</strong></span> <span class='ocrx_word' id='word_1_570' title='bbox 2012 4237 2072 4291; x_wconf 93' lang='lat' dir='ltr'><strong>in</strong></span> <span class='ocrx_word' id='word_1_571' title='bbox 2105 4241 2156 4290; x_wconf 92' lang='lat' dir='ltr'><strong>te</strong></span> 
     </span>
    </p>
   </div>
   <div class='ocr_carea' id='block_1_79' title="bbox 509 4317 2157 4393">
    <p class='ocr_par' dir='ltr' id='par_1_79' title="bbox 509 4317 2157 4393">
     <span class='ocr_line' id='line_1_79' title="bbox 509 4317 2157 4393; baseline 0.008 -26"><span class='ocrx_word' id='word_1_572' title='bbox 509 4320 647 4368; x_wconf 89' lang='lat' dir='ltr'><strong>sunt</strong></span> <span class='ocrx_word' id='word_1_573' title='bbox 676 4317 1091 4386; x_wconf 81' lang='lat' dir='ltr'><strong>perfruamur:</strong></span> <span class='ocrx_word' id='word_1_574' title='bbox 1125 4326 1188 4374; x_wconf 86' lang='lat' dir='ltr'><strong>ut</strong></span> <span class='ocrx_word' id='word_1_575' title='bbox 1216 4339 1352 4393; x_wconf 69' lang='lat' dir='ltr'><strong>quae</strong></span> <span class='ocrx_word' id='word_1_576' title='bbox 1382 4323 1543 4378; x_wconf 89' lang='lat' dir='ltr'><strong>fama</strong></span> <span class='ocrx_word' id='word_1_577' title='bbox 1574 4329 1629 4378; x_wconf 91' lang='lat' dir='ltr'><strong>et</strong></span> <span class='ocrx_word' id='word_1_578' title='bbox 1675 4325 1879 4379; x_wconf 89' lang='lat' dir='ltr'><strong>audito</strong></span> <span class='ocrx_word' id='word_1_579' title='bbox 1907 4341 2025 4380; x_wconf 92' lang='lat' dir='ltr'><strong>non</strong></span> <span class='ocrx_word' id='word_1_580' title='bbox 2055 4341 2157 4380; x_wconf 83' lang='lat' dir='ltr'><strong>ex-</strong></span> 
     </span>
    </p>
   </div>
   <div class='ocr_carea' id='block_1_80' title="bbox 508 4401 2154 4483">
    <p class='ocr_par' dir='ltr' id='par_1_80' title="bbox 508 4401 2154 4483">
     <span class='ocr_line' id='line_1_80' title="bbox 508 4401 2154 4483; baseline 0.007 -28"><span class='ocrx_word' id='word_1_581' title='bbox 508 4401 672 4456; x_wconf 90' lang='lat' dir='ltr'><strong>hibet</strong></span> <span class='ocrx_word' id='word_1_582' title='bbox 721 4420 921 4460; x_wconf 89' lang='lat' dir='ltr'><strong>coram</strong></span> <span class='ocrx_word' id='word_1_583' title='bbox 978 4407 1106 4463; x_wconf 64' lang='lat' dir='ltr'><strong>haec</strong></span> <span class='ocrx_word' id='word_1_584' title='bbox 1147 4411 1382 4466; x_wconf 89' lang='lat' dir='ltr'><strong>oculata</strong></span> <span class='ocrx_word' id='word_1_585' title='bbox 1411 4413 1669 4483; x_wconf 89' lang='lat' dir='ltr'><strong>cognitio</strong></span> <span class='ocrx_word' id='word_1_586' title='bbox 1708 4413 2154 4479; x_wconf 89' lang='lat' dir='ltr'><strong>demonstrans,</strong></span> 
     </span>
    </p>
   </div>
   <div class='ocr_carea' id='block_1_81' title="bbox 508 4493 2156 4573">
    <p class='ocr_par' dir='ltr' id='par_1_81' title="bbox 508 4493 2156 4573">
     <span class='ocr_line' id='line_1_81' title="bbox 508 4493 2156 4573; baseline 0.007 -28"><span class='ocrx_word' id='word_1_587' title='bbox 508 4493 840 4561; x_wconf 88' lang='lat' dir='ltr'><strong>paratiores</strong></span> <span class='ocrx_word' id='word_1_588' title='bbox 872 4512 980 4552; x_wconf 67' lang='lat' dir='ltr'><strong>n05</strong></span> <span class='ocrx_word' id='word_1_589' title='bbox 1010 4499 1220 4554; x_wconf 88' lang='lat' dir='ltr'><strong>reddat</strong></span> <span class='ocrx_word' id='word_1_590' title='bbox 1257 4503 1722 4573; x_wconf 87' lang='lat' dir='ltr'><strong>capacioresque</strong></span> <span class='ocrx_word' id='word_1_591' title='bbox 1778 4503 1854 4556; x_wconf 89' lang='lat' dir='ltr'><strong>ad</strong></span> <span class='ocrx_word' id='word_1_592' title='bbox 1899 4503 2156 4557; x_wconf 91' lang='lat' dir='ltr'><strong>amicam</strong></span> 
     </span>
    </p>
   </div>
   <div class='ocr_carea' id='block_1_82' title="bbox 510 4582 2159 4660">
    <p class='ocr_par' dir='ltr' id='par_1_82' title="bbox 510 4582 2159 4660">
     <span class='ocr_line' id='line_1_82' title="bbox 510 4582 2159 4660; baseline 0.006 -24"><span class='ocrx_word' id='word_1_593' title='bbox 510 4582 642 4652; x_wconf 92' lang='lat' dir='ltr'><strong>conj</strong></span> <span class='ocrx_word' id='word_1_594' title='bbox 655 4585 994 4640; x_wconf 90' lang='lat' dir='ltr'><strong>unctionem</strong></span> <span class='ocrx_word' id='word_1_595' title='bbox 1021 4600 1034 4638; x_wconf 94' lang='lat'>:</span> <span class='ocrx_word' id='word_1_596' title='bbox 1057 4589 1306 4659; x_wconf 90' lang='lat' dir='ltr'><strong>quando</strong></span> <span class='ocrx_word' id='word_1_597' title='bbox 1327 4590 1572 4660; x_wconf 90' lang='lat' dir='ltr'><strong>quidem</strong></span> <span class='ocrx_word' id='word_1_598' title='bbox 1595 4607 1628 4644; x_wconf 86' lang='lat' dir='ltr'><strong>a</strong></span> <span class='ocrx_word' id='word_1_599' title='bbox 1657 4590 1818 4645; x_wconf 90' lang='lat' dir='ltr'><strong>bono</strong></span> <span class='ocrx_word' id='word_1_600' title='bbox 1851 4591 2159 4647; x_wconf 88' lang='lat' dir='ltr'><strong>tabellario</strong></span> 
     </span>
    </p>
   </div>
   <div class='ocr_carea' id='block_1_83' title="bbox 511 4670 2162 4750">
    <p class='ocr_par' dir='ltr' id='par_1_83' title="bbox 511 4670 2162 4750">
     <span class='ocr_line' id='line_1_83' title="bbox 511 4670 2162 4750; baseline 0.007 -25"><span class='ocrx_word' id='word_1_601' title='bbox 511 4670 854 4738; x_wconf 90' lang='lat' dir='ltr'><strong>didicimus,</strong></span> <span class='ocrx_word' id='word_1_602' title='bbox 881 4675 1157 4745; x_wconf 90' lang='lat' dir='ltr'><strong>pietatem</strong></span> <span class='ocrx_word' id='word_1_603' title='bbox 1184 4684 1346 4732; x_wconf 87' lang='lat' dir='ltr'><strong>tuam</strong></span> <span class='ocrx_word' id='word_1_604' title='bbox 1366 4695 1486 4733; x_wconf 94' lang='lat' dir='ltr'><strong>non</strong></span> <span class='ocrx_word' id='word_1_605' title='bbox 1512 4680 1716 4750; x_wconf 87' lang='lat' dir='ltr'><strong>paucis</strong></span> <span class='ocrx_word' id='word_1_606' title='bbox 1739 4681 1995 4750; x_wconf 87' lang='lat' dir='ltr'><strong>egregiis</strong></span> <span class='ocrx_word' id='word_1_607' title='bbox 2014 4679 2162 4736; x_wconf 87' lang='lat' dir='ltr'><strong>faci-</strong></span> 
     </span>
    </p>
   </div>
   <div class='ocr_carea' id='block_1_84' title="bbox 510 4761 2161 4841">
    <p class='ocr_par' dir='ltr' id='par_1_84' title="bbox 510 4761 2161 4841">
     <span class='ocr_line' id='line_1_84' title="bbox 510 4761 2161 4841; baseline 0.006 -27"><span class='ocrx_word' id='word_1_608' title='bbox 510 4761 759 4817; x_wconf 89' lang='lat' dir='ltr'><strong>noribus</strong></span> <span class='ocrx_word' id='word_1_609' title='bbox 790 4763 1158 4833; x_wconf 85' lang='lat' dir='ltr'><strong>insignitam,</strong></span> <span class='ocrx_word' id='word_1_610' title='bbox 1186 4783 1372 4838; x_wconf 89' lang='lat' dir='ltr'><strong>quam</strong></span> <span class='ocrx_word' id='word_1_611' title='bbox 1390 4769 1616 4823; x_wconf 92' lang='lat' dir='ltr'><strong>utinam</strong></span> <span class='ocrx_word' id='word_1_612' title='bbox 1651 4771 1937 4826; x_wconf 88' lang='lat' dir='ltr'><strong>Dominus</strong></span> <span class='ocrx_word' id='word_1_613' title='bbox 1967 4776 2027 4825; x_wconf 94' lang='lat' dir='ltr'><strong>ut</strong></span> <span class='ocrx_word' id='word_1_614' title='bbox 2060 4786 2161 4841; x_wconf 86' lang='lat' dir='ltr'><strong>pu-</strong></span> 
     </span>
    </p>
   </div>
   <div class='ocr_carea' id='block_1_85' title="bbox 512 4850 2164 4930">
    <p class='ocr_par' dir='ltr' id='par_1_85' title="bbox 512 4850 2164 4930">
     <span class='ocr_line' id='line_1_85' title="bbox 512 4850 2164 4930; baseline 0.005 -26"><span class='ocrx_word' id='word_1_615' title='bbox 512 4850 716 4920; x_wconf 91' lang='lat' dir='ltr'><strong>pillam</strong></span> <span class='ocrx_word' id='word_1_616' title='bbox 744 4854 920 4919; x_wconf 92' lang='lat' dir='ltr'><strong>oculi,</strong></span> <span class='ocrx_word' id='word_1_617' title='bbox 938 4856 1149 4912; x_wconf 84' lang='lat' dir='ltr'><strong>noxias</strong></span> <span class='ocrx_word' id='word_1_618' title='bbox 1168 4872 1379 4912; x_wconf 89' lang='lat' dir='ltr'><strong>omnes</strong></span> <span class='ocrx_word' id='word_1_619' title='bbox 1401 4857 1650 4927; x_wconf 88' lang='lat' dir='ltr'><strong>injurias</strong></span> <span class='ocrx_word' id='word_1_620' title='bbox 1668 4865 2048 4930; x_wconf 88' lang='lat' dir='ltr'><strong>superantem</strong></span> <span class='ocrx_word' id='word_1_621' title='bbox 2065 4875 2164 4913; x_wconf 89' lang='lat' dir='ltr'><strong>cu-</strong></span> 
     </span>
    </p>
   </div>
   <div class='ocr_carea' id='block_1_86' title="bbox 513 4941 2159 5019">
    <p class='ocr_par' dir='ltr' id='par_1_86' title="bbox 513 4941 2159 5019">
     <span class='ocr_line' id='line_1_86' title="bbox 513 4941 2159 5019; baseline 0.007 -28"><span class='ocrx_word' id='word_1_622' title='bbox 513 4941 1069 5016; x_wconf 88' lang='lat' dir='ltr'><strong>stodiat,servetque</strong></span> <span class='ocrx_word' id='word_1_623' title='bbox 1083 4945 1160 5000; x_wconf 90' lang='lat' dir='ltr'><strong>ad</strong></span> <span class='ocrx_word' id='word_1_624' title='bbox 1173 4946 1359 5017; x_wconf 91' lang='lat' dir='ltr'><strong>ipsius</strong></span> <span class='ocrx_word' id='word_1_625' title='bbox 1373 4961 1616 5016; x_wconf 86' lang='lat' dir='ltr'><strong>regnum</strong></span> <span class='ocrx_word' id='word_1_626' title='bbox 1631 4947 1786 5019; x_wconf 92' lang='lat' dir='ltr'><strong>quod</strong></span> <span class='ocrx_word' id='word_1_627' title='bbox 1798 4949 1858 5003; x_wconf 92' lang='lat' dir='ltr'><strong>in</strong></span> <span class='ocrx_word' id='word_1_628' title='bbox 1873 4947 2038 5004; x_wconf 79' lang='lat' dir='ltr'><strong>ccelis</strong></span> <span class='ocrx_word' id='word_1_629' title='bbox 2054 4953 2159 5004; x_wconf 89' lang='lat' dir='ltr'><strong>est.</strong></span> 
     </span>
    </p>
   </div>
   <div class='ocr_carea' id='block_1_87' title="bbox 869 5069 1823 5141">
    <p class='ocr_par' dir='ltr' id='par_1_87' title="bbox 869 5069 1823 5141">
     <span class='ocr_line' id='line_1_87' title="bbox 869 5069 1823 5141; baseline 0.001 -18"><span class='ocrx_word' id='word_1_630' title='bbox 869 5069 1100 5124; x_wconf 83' lang='lat' dir='ltr'><strong>CCVIII.</strong></span> <span class='ocrx_word' id='word_1_631' title='bbox 1143 5101 1209 5110; x_wconf 96' lang='lat'><strong>—</strong></span> <span class='ocrx_word' id='word_1_632' title='bbox 1240 5070 1496 5125; x_wconf 82' lang='lat' dir='ltr'><strong>Antonio</strong></span> <span class='ocrx_word' id='word_1_633' title='bbox 1533 5071 1823 5141; x_wconf 73' lang='lat' dir='ltr'><strong>episcopo.</strong></span> 
     </span>
    </p>
   </div>
   <div class='ocr_carea' id='block_1_88' title="bbox 2261 3149 3837 3237">
    <p class='ocr_par' dir='ltr' id='par_1_88' title="bbox 2261 3149 3837 3237">
     <span class='ocr_line' id='line_1_88' title="bbox 2261 3149 3837 3237; baseline -0.004 -21"><span class='ocrx_word' id='word_1_634' title='bbox 2261 3174 2333 3235; x_wconf 81' lang='grc' dir='ltr'>τῷ</span> <span class='ocrx_word' id='word_1_635' title='bbox 2382 3165 2561 3237; x_wconf 84' lang='grc' dir='ltr'>Κυρίῳ</span> <span class='ocrx_word' id='word_1_636' title='bbox 2618 3166 2711 3214; x_wconf 86' lang='grc' dir='ltr'><strong>σῦν</strong></span> <span class='ocrx_word' id='word_1_637' title='bbox 2760 3160 2992 3233; x_wconf 77' lang='grc' dir='ltr'>εὐσεϐείᾳ</span> <span class='ocrx_word' id='word_1_638' title='bbox 3043 3159 3503 3233; x_wconf 79' lang='grc' dir='ltr'>ἀναστρεφόμενοι.</span> <span class='ocrx_word' id='word_1_639' title='bbox 3561 3159 3726 3227; x_wconf 75' lang='grc' dir='ltr'>Ταύτῃ</span> <span class='ocrx_word' id='word_1_640' title='bbox 3780 3149 3837 3209; x_wconf 75' lang='grc' dir='ltr'>δή</span> 
     </span>
    </p>
   </div>
   <div class='ocr_carea' id='block_1_89' title="bbox 2261 3243 3841 3320">
    <p class='ocr_par' dir='ltr' id='par_1_89' title="bbox 2261 3243 3841 3320">
     <span class='ocr_line' id='line_1_89' title="bbox 2261 3243 3841 3320; baseline -0.008 -15"><span class='ocrx_word' id='word_1_641' title='bbox 2261 3253 2350 3306; x_wconf 84' lang='grc' dir='ltr'><strong>οὗν</strong></span> <span class='ocrx_word' id='word_1_642' title='bbox 2407 3258 2496 3305; x_wconf 85' lang='grc' dir='ltr'><strong>καὶ</strong></span> <span class='ocrx_word' id='word_1_643' title='bbox 2551 3256 2607 3305; x_wconf 73' lang='grc' dir='ltr'><strong>σε</strong></span> <span class='ocrx_word' id='word_1_644' title='bbox 2663 3251 2747 3303; x_wconf 89' lang='grc' dir='ltr'><strong>τόν</strong></span> <span class='ocrx_word' id='word_1_645' title='bbox 2805 3253 3136 3320; x_wconf 69' lang='grc' dir='ltr'>πανεύφτμον</span> <span class='ocrx_word' id='word_1_646' title='bbox 3193 3252 3282 3300; x_wconf 87' lang='grc' dir='ltr'><strong>καὶ</strong></span> <span class='ocrx_word' id='word_1_647' title='bbox 3347 3248 3666 3303; x_wconf 80' lang='grc' dir='ltr'>ἓπιπόθητον</span> <span class='ocrx_word' id='word_1_648' title='bbox 3718 3243 3841 3314; x_wconf 79' lang='grc' dir='ltr'>ἡμῶν</span> 
     </span>
    </p>
   </div>
   <div class='ocr_carea' id='block_1_90' title="bbox 2264 3331 3840 3412">
    <p class='ocr_par' dir='ltr' id='par_1_90' title="bbox 2264 3331 3840 3412">
     <span class='ocr_line' id='line_1_90' title="bbox 2264 3331 3840 3412; baseline -0.01 -17"><span class='ocrx_word' id='word_1_649' title='bbox 2264 3347 2526 3400; x_wconf 86' lang='grc' dir='ltr'>Δεσπότην</span> <span class='ocrx_word' id='word_1_650' title='bbox 2587 3341 2828 3412; x_wconf 88' lang='grc' dir='ltr'>φιλοῦμεν</span> <span class='ocrx_word' id='word_1_651' title='bbox 2871 3343 2961 3390; x_wconf 86' lang='lat' dir='ltr'><strong>xui</strong></span> <span class='ocrx_word' id='word_1_652' title='bbox 3019 3338 3260 3409; x_wconf 83' lang='grc' dir='ltr'>αἰτοῦμεν</span> <span class='ocrx_word' id='word_1_653' title='bbox 3328 3332 3532 3388; x_wconf 84' lang='grc' dir='ltr'>διέπειν</span> <span class='ocrx_word' id='word_1_654' title='bbox 3565 3352 3578 3367; x_wconf 76' lang='grc'><strong><em>⁸</em></strong></span> <span class='ocrx_word' id='word_1_655' title='bbox 3621 3337 3707 3385; x_wconf 92' lang='lat' dir='ltr'><strong>xui</strong></span> <span class='ocrx_word' id='word_1_656' title='bbox 3741 3331 3840 3382; x_wconf 88' lang='grc' dir='ltr'>τού-</span> 
     </span>
    </p>
   </div>
   <div class='ocr_carea' id='block_1_91' title="bbox 2262 3421 3835 3500">
    <p class='ocr_par' dir='ltr' id='par_1_91' title="bbox 2262 3421 3835 3500">
     <span class='ocr_line' id='line_1_91' title="bbox 2262 3421 3835 3500; baseline -0.008 -16"><span class='ocrx_word' id='word_1_657' title='bbox 2262 3451 2370 3493; x_wconf 92' lang='grc' dir='ltr'>τοις</span> <span class='ocrx_word' id='word_1_658' title='bbox 2410 3428 2476 3489; x_wconf 82' lang='grc' dir='ltr'>δὴ</span> <span class='ocrx_word' id='word_1_659' title='bbox 2506 3438 2608 3490; x_wconf 82' lang='grc' dir='ltr'>τοῖς</span> <span class='ocrx_word' id='word_1_660' title='bbox 2649 3431 2998 3500; x_wconf 83' lang='grc' dir='ltr'>σεσωσμένοις</span> <span class='ocrx_word' id='word_1_661' title='bbox 3037 3431 3127 3478; x_wconf 89' lang='grc' dir='ltr'><strong>καὶ</strong></span> <span class='ocrx_word' id='word_1_662' title='bbox 3177 3424 3526 3497; x_wconf 84' lang='grc' dir='ltr'>ἀξιαγάστοις</span> <span class='ocrx_word' id='word_1_663' title='bbox 3576 3421 3835 3496; x_wconf 76' lang='grc' dir='ltr'>ἐναρίθμιον</span> 
     </span>
    </p>
   </div>
   <div class='ocr_carea' id='block_1_92' title="bbox 2261 3509 3832 3592">
    <p class='ocr_par' dir='ltr' id='par_1_92' title="bbox 2261 3509 3832 3592">
     <span class='ocr_line' id='line_1_92' title="bbox 2261 3509 3832 3592; baseline -0.009 -19"><span class='ocrx_word' id='word_1_664' title='bbox 2261 3522 2522 3592; x_wconf 86' lang='grc' dir='ltr'>γενέσθαι.</span> <span class='ocrx_word' id='word_1_665' title='bbox 2576 3523 2676 3572; x_wconf 84' lang='grc' dir='ltr'><strong>Καὶ</strong></span> <span class='ocrx_word' id='word_1_666' title='bbox 2716 3522 2787 3590; x_wconf 85' lang='grc' dir='ltr'>μή</span> <span class='ocrx_word' id='word_1_667' title='bbox 2834 3537 2916 3568; x_wconf 88' lang='grc' dir='ltr'><strong>τοι</strong></span> <span class='ocrx_word' id='word_1_668' title='bbox 2960 3514 3083 3588; x_wconf 66' lang='grc' dir='ltr'>δέξῃ</span> <span class='ocrx_word' id='word_1_669' title='bbox 3133 3520 3226 3572; x_wconf 84' lang='grc' dir='ltr'>τὴν</span> <span class='ocrx_word' id='word_1_670' title='bbox 3266 3516 3568 3586; x_wconf 81' lang='grc' dir='ltr'>ὑπόμνησιν</span> <span class='ocrx_word' id='word_1_671' title='bbox 3620 3515 3754 3583; x_wconf 82' lang='grc' dir='ltr'>ἡμῶν</span> <span class='ocrx_word' id='word_1_672' title='bbox 3779 3509 3832 3592; x_wconf 70' lang='grc' dir='ltr'>ᾡς</span> 
     </span>
    </p>
   </div>
   <div class='ocr_carea' id='block_1_93' title="bbox 2263 3591 3831 3680">
    <p class='ocr_par' dir='ltr' id='par_1_93' title="bbox 2263 3591 3831 3680">
     <span class='ocr_line' id='line_1_93' title="bbox 2263 3591 3831 3680; baseline -0.008 -19"><span class='ocrx_word' id='word_1_673' title='bbox 2263 3591 2653 3680; x_wconf 81' lang='grc' dir='ltr'>αὐθαδιασμὸν,</span> <span class='ocrx_word' id='word_1_674' title='bbox 2715 3605 2822 3657; x_wconf 81' lang='grc' dir='ltr'>ἀλλ’</span> <span class='ocrx_word' id='word_1_675' title='bbox 2884 3611 2947 3666; x_wconf 84' lang='grc' dir='ltr'>ὡς</span> <span class='ocrx_word' id='word_1_676' title='bbox 2996 3603 3318 3676; x_wconf 74' lang='grc' dir='ltr'>ἀγαπητικὸν</span> <span class='ocrx_word' id='word_1_677' title='bbox 3370 3608 3566 3675; x_wconf 87' lang='grc' dir='ltr'>τρόπον</span> <span class='ocrx_word' id='word_1_678' title='bbox 3607 3619 3620 3631; x_wconf 77' lang='grc' dir='ltr'>ο</span> <span class='ocrx_word' id='word_1_679' title='bbox 3684 3591 3831 3651; x_wconf 71' lang='grc' dir='ltr'>ἐπειδὴ</span> 
     </span>
    </p>
   </div>
   <div class='ocr_carea' id='block_1_94' title="bbox 2265 3685 3839 3770">
    <p class='ocr_par' dir='ltr' id='par_1_94' title="bbox 2265 3685 3839 3770">
     <span class='ocr_line' id='line_1_94' title="bbox 2265 3685 3839 3770; baseline -0.008 -20"><span class='ocrx_word' id='word_1_680' title='bbox 2265 3699 2509 3770; x_wconf 85' lang='grc' dir='ltr'>φιλοῦμέν</span> <span class='ocrx_word' id='word_1_681' title='bbox 2547 3716 2604 3749; x_wconf 92' lang='grc' dir='ltr'><strong>σε</strong></span> <span class='ocrx_word' id='word_1_682' title='bbox 2655 3695 2901 3768; x_wconf 68' lang='grc' dir='ltr'>φιλοῦντα</span> <span class='ocrx_word' id='word_1_683' title='bbox 2955 3698 3037 3746; x_wconf 88' lang='grc' dir='ltr'><strong>τόν</strong></span> <span class='ocrx_word' id='word_1_684' title='bbox 3091 3697 3240 3761; x_wconf 80' lang='grc' dir='ltr'>Θεὸν,</span> <span class='ocrx_word' id='word_1_685' title='bbox 3300 3697 3386 3745; x_wconf 89' lang='lat' dir='ltr'><strong>xui</strong></span> <span class='ocrx_word' id='word_1_686' title='bbox 3446 3692 3600 3763; x_wconf 87' lang='grc' dir='ltr'>φίλου</span> <span class='ocrx_word' id='word_1_687' title='bbox 3653 3685 3839 3758; x_wconf 84' lang='grc' dir='ltr'>δεῖγμα,</span> 
     </span>
    </p>
   </div>
   <div class='ocr_carea' id='block_1_95' title="bbox 2265 3773 3839 3858">
    <p class='ocr_par' dir='ltr' id='par_1_95' title="bbox 2265 3773 3839 3858">
     <span class='ocr_line' id='line_1_95' title="bbox 2265 3773 3839 3858; baseline -0.01 -18"><span class='ocrx_word' id='word_1_688' title='bbox 2265 3791 2331 3840; x_wconf 83' lang='grc' dir='ltr'>τὰ</span> <span class='ocrx_word' id='word_1_689' title='bbox 2381 3787 2609 3858; x_wconf 77' lang='grc' dir='ltr'>ἑπωφελῆ</span> <span class='ocrx_word' id='word_1_690' title='bbox 2644 3786 2960 3857; x_wconf 85' lang='grc' dir='ltr'>φθέγγεσθαι</span> <span class='ocrx_word' id='word_1_691' title='bbox 2997 3791 3070 3855; x_wconf 83' lang='grc' dir='ltr'>τῷ</span> <span class='ocrx_word' id='word_1_692' title='bbox 3118 3783 3400 3855; x_wconf 82' lang='grc' dir='ltr'>φιλουμένῳ</span> <span class='ocrx_word' id='word_1_693' title='bbox 3435 3801 3448 3813; x_wconf 86' lang='grc'><strong>·</strong></span> <span class='ocrx_word' id='word_1_694' title='bbox 3491 3784 3613 3853; x_wconf 86' lang='grc' dir='ltr'>ὅπερ</span> <span class='ocrx_word' id='word_1_695' title='bbox 3654 3773 3839 3844; x_wconf 77' lang='grc' dir='ltr'>δέδειχε</span> 
     </span>
    </p>
   </div>
   <div class='ocr_carea' id='block_1_96' title="bbox 2265 3863 3839 3946">
    <p class='ocr_par' dir='ltr' id='par_1_96' title="bbox 2265 3863 3839 3946">
     <span class='ocr_line' id='line_1_96' title="bbox 2265 3863 3839 3946; baseline -0.01 -18"><span class='ocrx_word' id='word_1_696' title='bbox 2265 3895 2323 3928; x_wconf 91' lang='grc' dir='ltr'>το</span> <span class='ocrx_word' id='word_1_697' title='bbox 2376 3876 2562 3936; x_wconf 73' lang='grc' dir='ltr'>εὐτελὲς</span> <span class='ocrx_word' id='word_1_698' title='bbox 2607 3877 2751 3945; x_wconf 78' lang='grc' dir='ltr'>ἡμῶν</span> <span class='ocrx_word' id='word_1_699' title='bbox 2797 3875 3040 3946; x_wconf 89' lang='grc' dir='ltr'>γράμμα.</span> <span class='ocrx_word' id='word_1_700' title='bbox 3091 3871 3354 3933; x_wconf 82' lang='grc' dir='ltr'>Ἀξιώσειε</span> <span class='ocrx_word' id='word_1_701' title='bbox 3403 3865 3461 3922; x_wconf 76' lang='grc' dir='ltr'><strong>δε</strong></span> <span class='ocrx_word' id='word_1_702' title='bbox 3497 3872 3636 3940; x_wconf 76' lang='grc' dir='ltr'>ἡμᾶς</span> <span class='ocrx_word' id='word_1_703' title='bbox 3664 3869 3688 3918; x_wconf 86' lang='grc' dir='ltr'><strong>ό</strong></span> <span class='ocrx_word' id='word_1_704' title='bbox 3733 3863 3839 3933; x_wconf 81' lang='grc' dir='ltr'>ἀγα-</span> 
     </span>
    </p>
   </div>
   <div class='ocr_carea' id='block_1_97' title="bbox 2267 3953 3840 4035">
    <p class='ocr_par' dir='ltr' id='par_1_97' title="bbox 2267 3953 3840 4035">
     <span class='ocr_line' id='line_1_97' title="bbox 2267 3953 3840 4035; baseline -0.01 -17"><span class='ocrx_word' id='word_1_705' title='bbox 2267 3967 2350 4025; x_wconf 89' lang='grc' dir='ltr'><strong>θός</strong></span> <span class='ocrx_word' id='word_1_706' title='bbox 2382 3969 2513 4024; x_wconf 87' lang='grc' dir='ltr'>Θεὸς</span> <span class='ocrx_word' id='word_1_707' title='bbox 2550 3965 2698 4035; x_wconf 78' lang='grc' dir='ltr'>ἡμῶν</span> <span class='ocrx_word' id='word_1_708' title='bbox 2736 3967 2822 4015; x_wconf 88' lang='lat' dir='ltr'><strong>xui</strong></span> <span class='ocrx_word' id='word_1_709' title='bbox 2880 3963 2951 4022; x_wconf 83' lang='grc' dir='ltr'>εἰς</span> <span class='ocrx_word' id='word_1_710' title='bbox 2998 3965 3092 4018; x_wconf 79' lang='grc' dir='ltr'>τὴν</span> <span class='ocrx_word' id='word_1_711' title='bbox 3146 3959 3261 4012; x_wconf 82' lang='grc' dir='ltr'>κατ’</span> <span class='ocrx_word' id='word_1_712' title='bbox 3321 3958 3616 4031; x_wconf 84' lang='grc' dir='ltr'>ὀφθαλμοὺς</span> <span class='ocrx_word' id='word_1_713' title='bbox 3661 3953 3840 4027; x_wconf 81' lang='grc' dir='ltr'>ὁμιλίαν</span> 
     </span>
    </p>
   </div>
   <div class='ocr_carea' id='block_1_98' title="bbox 2267 4044 3834 4138">
    <p class='ocr_par' dir='ltr' id='par_1_98' title="bbox 2267 4044 3834 4125">
     <span class='ocr_line' id='line_1_98' title="bbox 2267 4044 3834 4125; baseline -0.009 -18"><span class='ocrx_word' id='word_1_714' title='bbox 2267 4054 2361 4125; x_wconf 74' lang='grc' dir='ltr'>ὀψέ</span> <span class='ocrx_word' id='word_1_715' title='bbox 2408 4073 2532 4106; x_wconf 86' lang='grc' dir='ltr'>ποτε</span> <span class='ocrx_word' id='word_1_716' title='bbox 2579 4053 2758 4117; x_wconf 78' lang='grc' dir='ltr'>ὶλθείν,</span> <span class='ocrx_word' id='word_1_717' title='bbox 2799 4057 2888 4102; x_wconf 89' lang='lat' dir='ltr'><strong>xui</strong></span> <span class='ocrx_word' id='word_1_718' title='bbox 2948 4049 3243 4102; x_wconf 82' lang='grc' dir='ltr'>ἀπολαῦσαι</span> <span class='ocrx_word' id='word_1_719' title='bbox 3273 4056 3372 4099; x_wconf 91' lang='grc' dir='ltr'><strong>τῶν</strong></span> <span class='ocrx_word' id='word_1_720' title='bbox 3421 4046 3469 4099; x_wconf 80' lang='grc' dir='ltr'>ἐν</span> <span class='ocrx_word' id='word_1_721' title='bbox 3525 4051 3607 4099; x_wconf 84' lang='grc' dir='ltr'>σοὶ</span> <span class='ocrx_word' id='word_1_722' title='bbox 3640 4044 3793 4096; x_wconf 86' lang='grc' dir='ltr'>καλῶν</span> <span class='ocrx_word' id='word_1_723' title='bbox 3821 4053 3834 4066; x_wconf 81' lang='grc'><strong>⁸</strong></span> 
     </span>
    </p>
   </div>
   <div class='ocr_carea' id='block_1_99' title="bbox 2268 4137 3838 4213">
    <p class='ocr_par' dir='ltr' id='par_1_99' title="bbox 2268 4137 3838 4213">
     <span class='ocr_line' id='line_1_99' title="bbox 2268 4137 3838 4213; baseline -0.008 -17"><span class='ocrx_word' id='word_1_724' title='bbox 2268 4145 2351 4196; x_wconf 80' lang='grc' dir='ltr'>ἵνα</span> <span class='ocrx_word' id='word_1_725' title='bbox 2397 4145 2497 4196; x_wconf 87' lang='grc' dir='ltr'>ὅσα</span> <span class='ocrx_word' id='word_1_726' title='bbox 2526 4145 2551 4194; x_wconf 90' lang='lat'><strong>6</strong></span> <span class='ocrx_word' id='word_1_727' title='bbox 2598 4142 2748 4213; x_wconf 86' lang='grc' dir='ltr'>λόγος</span> <span class='ocrx_word' id='word_1_728' title='bbox 2793 4148 2888 4202; x_wconf 82' lang='grc' dir='ltr'>τῆς</span> <span class='ocrx_word' id='word_1_729' title='bbox 2941 4138 3098 4198; x_wconf 83' lang='grc' dir='ltr'>ἀκοῆς</span> <span class='ocrx_word' id='word_1_730' title='bbox 3143 4137 3204 4190; x_wconf 90' lang='grc' dir='ltr'>ού</span> <span class='ocrx_word' id='word_1_731' title='bbox 3261 4141 3582 4208; x_wconf 78' lang='grc' dir='ltr'>παρίστησι,</span> <span class='ocrx_word' id='word_1_732' title='bbox 3636 4137 3838 4186; x_wconf 75' lang='grc' dir='ltr'>ταῦταή</span> 
     </span>
    </p>
   </div>
   <div class='ocr_carea' id='block_1_100' title="bbox 2267 4222 3843 4302">
    <p class='ocr_par' dir='ltr' id='par_1_100' title="bbox 2267 4222 3843 4302">
     <span class='ocr_line' id='line_1_100' title="bbox 2267 4222 3843 4302; baseline -0.005 -17"><span class='ocrx_word' id='word_1_733' title='bbox 2267 4233 2555 4290; x_wconf 80' lang='grc' dir='ltr'>αύτοπτική</span> <span class='ocrx_word' id='word_1_734' title='bbox 2618 4233 2824 4302; x_wconf 85' lang='grc' dir='ltr'>ἱστορία</span> <span class='ocrx_word' id='word_1_735' title='bbox 2880 4225 3210 4290; x_wconf 84' lang='grc' dir='ltr'>ύποδείξασα</span> <span class='ocrx_word' id='word_1_736' title='bbox 3283 4228 3672 4300; x_wconf 80' lang='grc' dir='ltr'>ἓνεργεστέρους</span> <span class='ocrx_word' id='word_1_737' title='bbox 3721 4222 3843 4290; x_wconf 75' lang='grc' dir='ltr'><strong>ἡμᾶς</strong></span> 
     </span>
    </p>
   </div>
   <div class='ocr_carea' id='block_1_101' title="bbox 3589 4306 3846 4378">
    <p class='ocr_par' dir='ltr' id='par_1_101' title="bbox 3589 4306 3846 4378">
     <span class='ocr_line' id='line_1_101' title="bbox 3589 4306 3846 4378; baseline 0.008 -13"><span class='ocrx_word' id='word_1_738' title='bbox 3589 4306 3846 4378; x_wconf 73' lang='grc' dir='ltr'>ἐπειδήπερ</span> 
     </span>
    </p>
   </div>
   <div class='ocr_carea' id='block_1_102' title="bbox 2268 4402 3844 4481">
    <p class='ocr_par' dir='ltr' id='par_1_102' title="bbox 2268 4402 3844 4481">
     <span class='ocr_line' id='line_1_102' title="bbox 2268 4402 3844 4481; baseline -0.01 -19"><span class='ocrx_word' id='word_1_739' title='bbox 2268 4407 2690 4481; x_wconf 86' lang='grc' dir='ltr'>ἐξεδιδάχθημεν</span> <span class='ocrx_word' id='word_1_740' title='bbox 2745 4409 2888 4479; x_wconf 85' lang='grc' dir='ltr'>παρὰ</span> <span class='ocrx_word' id='word_1_741' title='bbox 2943 4413 3033 4457; x_wconf 91' lang='grc' dir='ltr'><strong>τοῦ</strong></span> <span class='ocrx_word' id='word_1_742' title='bbox 3091 4411 3336 4477; x_wconf 86' lang='grc' dir='ltr'>χρηστοῦ</span> <span class='ocrx_word' id='word_1_743' title='bbox 3392 4402 3844 4474; x_wconf 78' lang='grc' dir='ltr'>γραμματηφόροι),</span> 
     </span>
    </p>
   </div>
   <div class='ocr_carea' id='block_1_103' title="bbox 2265 4314 3510 4391">
    <p class='ocr_par' dir='ltr' id='par_1_103' title="bbox 2265 4314 3510 4391">
     <span class='ocr_line' id='line_1_103' title="bbox 2265 4314 3510 4391; baseline -0.008 -17"><span class='ocrx_word' id='word_1_744' title='bbox 2265 4326 2616 4378; x_wconf 84' lang='grc' dir='ltr'>καταστήσειε</span> <span class='ocrx_word' id='word_1_745' title='bbox 2689 4327 2778 4379; x_wconf 81' lang='grc' dir='ltr'>τῆς</span> <span class='ocrx_word' id='word_1_746' title='bbox 2853 4317 3055 4391; x_wconf 80' lang='grc' dir='ltr'>φιλικῆς</span> <span class='ocrx_word' id='word_1_747' title='bbox 3130 4314 3460 4388; x_wconf 82' lang='grc' dir='ltr'>ἀνακράσεως</span> <span class='ocrx_word' id='word_1_748' title='bbox 3497 4333 3510 4346; x_wconf 91' lang='grc'><strong>·</strong></span> 
     </span>
    </p>
   </div>
   <div class='ocr_carea' id='block_1_104' title="bbox 2269 4488 3847 4568">
    <p class='ocr_par' dir='ltr' id='par_1_104' title="bbox 2269 4488 3847 4568">
     <span class='ocr_line' id='line_1_104' title="bbox 2269 4488 3847 4568; baseline -0.008 -16"><span class='ocrx_word' id='word_1_749' title='bbox 2269 4499 2363 4552; x_wconf 83' lang='grc' dir='ltr'><strong>ούκ</strong></span> <span class='ocrx_word' id='word_1_750' title='bbox 2437 4498 2621 4568; x_wconf 83' lang='grc' dir='ltr'>ὀλίγων</span> <span class='ocrx_word' id='word_1_751' title='bbox 2721 4496 3130 4568; x_wconf 88' lang='grc' dir='ltr'>κατορθωμάτων</span> <span class='ocrx_word' id='word_1_752' title='bbox 3205 4491 3699 4565; x_wconf 88' lang='grc' dir='ltr'>κεχαρακτηρίσθαι</span> <span class='ocrx_word' id='word_1_753' title='bbox 3766 4488 3847 4539; x_wconf 77' lang='grc' dir='ltr'>τὴν</span> 
     </span>
    </p>
   </div>
   <div class='ocr_carea' id='block_1_105' title="bbox 2194 4557 2237 4611">
    <p class='ocr_par' dir='ltr' id='par_1_105' title="bbox 2194 4557 2237 4611">
     <span class='ocr_line' id='line_1_105' title="bbox 2194 4557 2237 4611; baseline 0 0"><span class='ocrx_word' id='word_1_754' title='bbox 2194 4557 2237 4611; x_wconf 92' lang='lat' dir='ltr'><strong>D</strong></span> 
     </span>
    </p>
   </div>
   <div class='ocr_carea' id='block_1_106' title="bbox 2270 4575 3848 4658">
    <p class='ocr_par' dir='ltr' id='par_1_106' title="bbox 2270 4575 3848 4658">
     <span class='ocr_line' id='line_1_106' title="bbox 2270 4575 3848 4658; baseline -0.006 -17"><span class='ocrx_word' id='word_1_755' title='bbox 2270 4587 2529 4641; x_wconf 78' lang='grc' dir='ltr'>εὐσέϐειαν</span> <span class='ocrx_word' id='word_1_756' title='bbox 2587 4587 2770 4658; x_wconf 81' lang='grc' dir='ltr'>ὑμῶν·</span> <span class='ocrx_word' id='word_1_757' title='bbox 2831 4587 2890 4643; x_wconf 83' lang='grc' dir='ltr'>ἢν</span> <span class='ocrx_word' id='word_1_758' title='bbox 2945 4587 3034 4635; x_wconf 86' lang='grc' dir='ltr'><strong>καὶ</strong></span> <span class='ocrx_word' id='word_1_759' title='bbox 3093 4579 3400 4635; x_wconf 60' lang='lat' dir='ltr'><strong>diua-diaria</strong></span> <span class='ocrx_word' id='word_1_760' title='bbox 3449 4582 3474 4632; x_wconf 88' lang='lat'><strong>6</strong></span> <span class='ocrx_word' id='word_1_761' title='bbox 3543 4581 3726 4649; x_wconf 81' lang='grc' dir='ltr'>Κύριος</span> <span class='ocrx_word' id='word_1_762' title='bbox 3789 4575 3848 4632; x_wconf 82' lang='grc' dir='ltr'>ὡς</span> 
     </span>
    </p>
   </div>
   <div class='ocr_carea' id='block_1_107' title="bbox 2271 4676 2789 4750">
    <p class='ocr_par' dir='ltr' id='par_1_107' title="bbox 2271 4676 2789 4750">
     <span class='ocr_line' id='line_1_107' title="bbox 2271 4676 2789 4750; baseline -0.004 -22"><span class='ocrx_word' id='word_1_763' title='bbox 2271 4682 2428 4750; x_wconf 89' lang='grc' dir='ltr'>κόρην</span> <span class='ocrx_word' id='word_1_764' title='bbox 2503 4676 2789 4748; x_wconf 82' lang='grc' dir='ltr'>ὀφθαλμοῦ,</span> 
     </span>
    </p>
   </div>
   <div class='ocr_carea' id='block_1_108' title="bbox 2272 4753 3848 4840">
    <p class='ocr_par' dir='ltr' id='par_1_108' title="bbox 2272 4753 3848 4840">
     <span class='ocr_line' id='line_1_108' title="bbox 2272 4753 3848 4840; baseline -0.008 -22"><span class='ocrx_word' id='word_1_765' title='bbox 2272 4765 2534 4840; x_wconf 76' lang='grc' dir='ltr'>ἐπηρείας,</span> <span class='ocrx_word' id='word_1_766' title='bbox 2593 4769 2680 4816; x_wconf 91' lang='lat' dir='ltr'><strong>xui</strong></span> <span class='ocrx_word' id='word_1_767' title='bbox 2714 4769 2924 4816; x_wconf 88' lang='grc' dir='ltr'>σώσειεν</span> <span class='ocrx_word' id='word_1_768' title='bbox 2979 4761 3051 4823; x_wconf 85' lang='grc' dir='ltr'>εἰς</span> <span class='ocrx_word' id='word_1_769' title='bbox 3105 4765 3199 4819; x_wconf 71' lang='grc' dir='ltr'>τὴν</span> <span class='ocrx_word' id='word_1_770' title='bbox 3254 4757 3522 4833; x_wconf 84' lang='grc' dir='ltr'>βασιλείαν</span> <span class='ocrx_word' id='word_1_771' title='bbox 3571 4755 3725 4808; x_wconf 88' lang='grc' dir='ltr'>αύτοῦ</span> <span class='ocrx_word' id='word_1_772' title='bbox 3770 4753 3848 4806; x_wconf 77' lang='grc' dir='ltr'>τὴν</span> 
     </span>
    </p>
   </div>
   <div class='ocr_carea' id='block_1_109' title="bbox 2893 4667 3847 4748">
    <p class='ocr_par' dir='ltr' id='par_1_109' title="bbox 2893 4667 3847 4748">
     <span class='ocr_line' id='line_1_109' title="bbox 2893 4667 3847 4748; baseline -0.006 -23"><span class='ocrx_word' id='word_1_773' title='bbox 2893 4675 3017 4748; x_wconf 86' lang='grc' dir='ltr'>ὑπερ</span> <span class='ocrx_word' id='word_1_774' title='bbox 3026 4674 3243 4724; x_wconf 84' lang='grc' dir='ltr'>θέουσαν</span> <span class='ocrx_word' id='word_1_775' title='bbox 3317 4672 3493 4730; x_wconf 89' lang='grc' dir='ltr'>πάσης</span> <span class='ocrx_word' id='word_1_776' title='bbox 3570 4667 3847 4740; x_wconf 69' lang='grc' dir='ltr'>βλαπικῆς</span> 
     </span>
    </p>
   </div>
   <div class='ocr_carea' id='block_1_110' title="bbox 2271 4857 2594 4928">
    <p class='ocr_par' dir='ltr' id='par_1_110' title="bbox 2271 4857 2594 4928">
     <span class='ocr_line' id='line_1_110' title="bbox 2271 4857 2594 4928; baseline -0.009 -20"><span class='ocrx_word' id='word_1_777' title='bbox 2271 4857 2594 4928; x_wconf 68' lang='grc' dir='ltr'>ἐπουράνιον.</span> 
     </span>
    </p>
   </div>
   <div class='ocr_carea' id='block_1_111' title="bbox 2413 5056 3716 5139">
    <p class='ocr_par' dir='ltr' id='par_1_111' title="bbox 2413 5056 3716 5139">
     <span class='ocr_line' id='line_1_111' title="bbox 2413 5056 3716 5139; baseline -0.012 -16"><span class='ocrx_word' id='word_1_778' title='bbox 2413 5067 2512 5123; x_wconf 74' lang='grc' dir='ltr'><strong>ΣΗ¹</strong></span> <span class='ocrx_word' id='word_1_779' title='bbox 2699 5097 2761 5106; x_wconf 90' lang='lat'><strong>-</strong></span> <span class='ocrx_word' id='word_1_780' title='bbox 2815 5067 3127 5135; x_wconf 86' lang='grc' dir='ltr'>Ἀντωνίῳ</span> <span class='ocrx_word' id='word_1_781' title='bbox 3167 5061 3516 5132; x_wconf 77' lang='grc' dir='ltr'>ἐπισκόπῳ.</span> <span class='ocrx_word' id='word_1_782' title='bbox 3552 5056 3716 5133; x_wconf 83' lang='grc' dir='ltr'>[ωκέ.]</span> 
     </span>
    </p>
   </div>
   <div class='ocr_carea' id='block_1_112' title="bbox 512 5147 3850 5271">
    <p class='ocr_par' dir='ltr' id='par_1_112' title="bbox 512 5147 3850 5271">
     <span class='ocr_line' id='line_1_112' title="bbox 512 5147 3850 5271; baseline -0.004 -68"><span class='ocrx_word' id='word_1_783' title='bbox 512 5155 759 5204; x_wconf 89' lang='lat' dir='ltr'><strong>Studium</strong></span> <span class='ocrx_word' id='word_1_784' title='bbox 789 5157 905 5220; x_wconf 86' lang='lat' dir='ltr'><strong>ejus</strong></span> <span class='ocrx_word' id='word_1_785' title='bbox 935 5170 1064 5221; x_wconf 89' lang='lat' dir='ltr'><strong>erga</strong></span> <span class='ocrx_word' id='word_1_786' title='bbox 1089 5158 1280 5209; x_wconf 85' lang='lat' dir='ltr'><strong>Christi</strong></span> <span class='ocrx_word' id='word_1_787' title='bbox 1311 5159 1644 5210; x_wconf 85' lang='lat' dir='ltr'><strong>confessores</strong></span> <span class='ocrx_word' id='word_1_788' title='bbox 1676 5159 1930 5224; x_wconf 53' lang='lat' dir='ltr'><strong>praedicat</strong></span> <span class='ocrx_word' id='word_1_789' title='bbox 1957 5175 1968 5208; x_wconf 90' lang='lat'><strong>:</strong></span> <span class='ocrx_word' id='word_1_790' title='bbox 1997 5164 2110 5209; x_wconf 86' lang='lat' dir='ltr'><strong>tum</strong></span> <span class='ocrx_word' id='word_1_791' title='bbox 2147 5158 2498 5271; x_wconf 58' lang='lat' dir='ltr'><strong>mtetrtopolitie</strong></span> <span class='ocrx_word' id='word_1_792' title='bbox 2528 5155 2882 5220; x_wconf 83' lang='lat' dir='ltr'><strong>Synadorum,</strong></span> <span class='ocrx_word' id='word_1_793' title='bbox 2917 5157 2966 5202; x_wconf 90' lang='lat' dir='ltr'><strong>et</strong></span> <span class='ocrx_word' id='word_1_794' title='bbox 3002 5151 3361 5217; x_wconf 89' lang='lat' dir='ltr'><strong>quorumdam</strong></span> <span class='ocrx_word' id='word_1_795' title='bbox 3385 5150 3608 5200; x_wconf 89' lang='lat' dir='ltr'><strong>aliorum</strong></span> <span class='ocrx_word' id='word_1_796' title='bbox 3638 5147 3850 5194; x_wconf 88' lang='lat' dir='ltr'><strong>mortem</strong></span> 
     </span>
     <span class='ocr_line' id='line_1_113' title="bbox 2076 5235 2306 5271; baseline 0 -1"><span class='ocrx_word' id='word_1_797' title='bbox 2076 5236 2189 5271; x_wconf 91' lang='lat' dir='ltr'><strong>nun</strong></span> <span class='ocrx_word' id='word_1_798' title='bbox 2217 5235 2266 5271; x_wconf 86' lang='lat' dir='ltr'><strong>ia</strong></span> <span class='ocrx_word' id='word_1_799' title='bbox 2295 5259 2306 5270; x_wconf 91' lang='lat'><strong>.</strong></span> 
     </span>
    </p>
   </div>
   <div class='ocr_carea' id='block_1_113' title="bbox 2076 5235 2306 5272">
    <p class='ocr_par' dir='ltr' id='par_1_113' title="bbox 2076 5235 2306 5272">
     <span class='ocr_line' id='line_1_114' title="bbox 2076 5235 2306 5272; baseline 0 -2"><span class='ocrx_word' id='word_1_800' title='bbox 2076 5235 2306 5272; x_wconf 78' lang='lat' dir='ltr'><strong>nuntiat.</strong></span> 
     </span>
    </p>
   </div>
   <div class='ocr_carea' id='block_1_114' title="bbox 588 5301 2164 5375">
    <p class='ocr_par' dir='ltr' id='par_1_114' title="bbox 588 5301 2164 5375">
     <span class='ocr_line' id='line_1_115' title="bbox 588 5301 2164 5375; baseline 0.002 -21"><span class='ocrx_word' id='word_1_801' title='bbox 588 5301 823 5355; x_wconf 89' lang='lat' dir='ltr'><strong>Decenti</strong></span> <span class='ocrx_word' id='word_1_802' title='bbox 844 5302 1300 5373; x_wconf 90' lang='lat' dir='ltr'><strong>compellatione</strong></span> <span class='ocrx_word' id='word_1_803' title='bbox 1327 5317 1486 5358; x_wconf 91' lang='lat' dir='ltr'><strong>nunc</strong></span> <span class='ocrx_word' id='word_1_804' title='bbox 1513 5319 1621 5358; x_wconf 89' lang='lat' dir='ltr'><strong>usa</strong></span> <span class='ocrx_word' id='word_1_805' title='bbox 1646 5307 1734 5358; x_wconf 89' lang='lat' dir='ltr'><strong>est</strong></span> <span class='ocrx_word' id='word_1_806' title='bbox 1761 5309 2008 5375; x_wconf 86' lang='lat' dir='ltr'><strong>paterna</strong></span> <span class='ocrx_word' id='word_1_807' title='bbox 2029 5319 2164 5358; x_wconf 87' lang='lat' dir='ltr'><strong>san-</strong></span> 
     </span>
    </p>
   </div>
   <div class='ocr_carea' id='block_1_115' title="bbox 590 5401 1101 5469">
    <p class='ocr_par' dir='ltr' id='par_1_115' title="bbox 590 5401 1101 5469">
     <span class='ocr_line' id='line_1_116' title="bbox 590 5401 1101 5469; baseline -0.002 -11"><span class='ocrx_word' id='word_1_808' title='bbox 590 5402 636 5436; x_wconf 75' lang='lat'>”</span> <span class='ocrx_word' id='word_1_809' title='bbox 678 5401 898 5458; x_wconf 89' lang='lat' dir='ltr'><strong>Coloss.</strong></span> <span class='ocrx_word' id='word_1_810' title='bbox 931 5417 970 5469; x_wconf 84' lang='lat'><strong>1,</strong></span> <span class='ocrx_word' id='word_1_811' title='bbox 1011 5401 1101 5457; x_wconf 88' lang='grc'><strong>16.</strong></span> 
     </span>
    </p>
   </div>
   <div class='ocr_carea' id='block_1_116' title="bbox 2346 5287 3850 5375">
    <p class='ocr_par' dir='ltr' id='par_1_116' title="bbox 2346 5287 3850 5375">
     <span class='ocr_line' id='line_1_117' title="bbox 2346 5287 3850 5375; baseline -0.011 -21"><span class='ocrx_word' id='word_1_812' title='bbox 2346 5305 2651 5375; x_wconf 83' lang='grc' dir='ltr'>Πρέπουσαν</span> <span class='ocrx_word' id='word_1_813' title='bbox 2701 5303 3070 5373; x_wconf 87' lang='grc' dir='ltr'>προσφώνησιν</span> <span class='ocrx_word' id='word_1_814' title='bbox 3109 5297 3138 5353; x_wconf 81' lang='grc' dir='ltr'>ἡ</span> <span class='ocrx_word' id='word_1_815' title='bbox 3191 5296 3418 5368; x_wconf 80' lang='grc' dir='ltr'>πατρική</span> <span class='ocrx_word' id='word_1_816' title='bbox 3472 5309 3564 5344; x_wconf 86' lang='grc' dir='ltr'><strong>σου</strong></span> <span class='ocrx_word' id='word_1_817' title='bbox 3597 5287 3850 5360; x_wconf 77' lang='grc' dir='ltr'>ἁγιωσύνη</span> 
     </span>
    </p>
   </div>
   <div class='ocr_carea' id='block_1_117' title="bbox 2083 5490 2312 5547">
    <p class='ocr_par' dir='ltr' id='par_1_117' title="bbox 2083 5490 2312 5547">
     <span class='ocr_line' id='line_1_118' title="bbox 2083 5490 2312 5547; baseline -0.004 0"><span class='ocrx_word' id='word_1_818' title='bbox 2083 5490 2312 5547; x_wconf 76' lang='grc' dir='ltr'><strong>ΝΟΤιΕ.</strong></span> 
     </span>
    </p>
   </div>
   <div class='ocr_carea' id='block_1_118' title="bbox 590 5564 1262 5640">
    <p class='ocr_par' dir='ltr' id='par_1_118' title="bbox 590 5564 1262 5640">
     <span class='ocr_line' id='line_1_119' title="bbox 590 5564 1262 5640; baseline -0.003 -18"><span class='ocrx_word' id='word_1_819' title='bbox 590 5565 671 5640; x_wconf 88' lang='lat'><strong>(3)</strong></span> <span class='ocrx_word' id='word_1_820' title='bbox 703 5569 766 5623; x_wconf 93' lang='lat' dir='ltr'><strong>ln</strong></span> <span class='ocrx_word' id='word_1_821' title='bbox 791 5564 925 5624; x_wconf 89' lang='lat' dir='ltr'><strong>cod.</strong></span> <span class='ocrx_word' id='word_1_822' title='bbox 959 5566 1101 5636; x_wconf 81' lang='lat' dir='ltr'><strong>Reg.</strong></span> <span class='ocrx_word' id='word_1_823' title='bbox 1135 5566 1262 5620; x_wconf 77' lang='grc' dir='ltr'>σια“.</span> 
     </span>
    </p>
   </div>
  </div>
