4058 6274
331 432 613 485 πεποίηται
652 429 717 479 τὰ
754 435 862 496 νῦν,
895 428 989 481 ούκ
1047 427 1119 501 ἐφ’
1160 432 1284 502 ἡμῖν
1323 438 1430 493 τοῖς
1469 438 1747 495 ταπεινοῖς,
1797 432 1930 483 ἄπα·
1958 434 2002 487 Α

330 534 442 586 γε·

329 611 419 657 καὶ
466 615 565 657 τῶν
604 605 652 658 ἐν
690 615 763 678 τῷ
815 606 1030 679 ἐσχάτῳ
1093 606 1279 681 βαθμῷ
1321 608 1769 682 ἀπονενεμημένων
1795 611 1931 660 κατὰ

490 519 735 588 σύνισμεν
774 522 872 589 γὰρ
932 518 1145 581 ἑαυτούς
1184 520 1283 572 οἷοί
1323 519 1473 591 ἐσμεν
1515 523 1580 581 ὡς
1623 520 1929 582 ἀποδέοντες

328 698 414 746 τόν
444 705 533 756 τῆς
566 696 747 768 ἀρετῆς
794 697 940 769 λόγον
975 718 986 729 ι
1049 697 1174 749 ἀλλά
1212 707 1321 761 τοῖς
1373 705 1504 751 πᾶσι
1538 702 1692 760 θείοις
1740 720 1792 751 τε
1825 707 1929 752 Πα-

328 788 487 855 τράσι
538 791 627 838 xui
681 785 1027 857 όμολογηταίς
1096 790 1269 863 ὥσπερ
1337 808 1414 851 τις
1464 787 1679 859 ἅγγελος
1736 787 1930 859 ἁγαθός

331 872 653 944 ἀναγγέλλων
731 878 797 927 τὰ
844 880 1317 949 προσαγορευτικὰ,
1376 882 1463 929 καὶ
1528 875 1757 929 συνδέων
1812 882 1929 938 τοὺς

328 962 562 1024 ἅπαντας
605 966 745 1035 ἡμᾶς
796 974 863 1035 τῷ
921 964 1234 1036 ἀγαπητικῷ
1288 970 1463 1037 τρόπῳ
1529 986 1587 1037 γε
1654 965 1716 1039 [ἶ.
1772 972 1930 1037 Καίγε

327 1051 529 1124 τοῦτο.]
593 1059 758 1105 Τοῦτο
812 1050 1018 1106 δίκαιον
1066 1058 1156 1106 καὶ
1224 1062 1509 1128 προσῆκον,
1566 1059 1689 1116 τοὺς
1746 1054 1927 1119 ἄλλους

330 1137 534 1211 ἀλλαχῆ
593 1137 1009 1216 διεσπαρμένους
1066 1138 1161 1194 διὰ
1204 1146 1288 1193 τόν
1344 1143 1493 1214 λόγον
1541 1150 1631 1195 τοῦ
1670 1147 1795 1195 Θεοῦ
1840 1147 1928 1194 καὶ

328 1232 415 1285 τὴν
459 1234 751 1303 μαρτυρίαν
798 1238 890 1282 τοῦ
964 1239 1273 1303 μονογενοῦς
1337 1232 1497 1283 αὑτοῦ
1546 1233 1670 1284 Υἰοῦ
1734 1236 1927 1307 Κυρίου

1124 1322 1442 1393 φθέγγεσθαι
1524 1319 1647 1379 ἀλλή
1658 1323 1761 1381 λοις
1823 1328 1928 1382 τοῖς

327 1407 606 1477 γράμμασι
657 1412 745 1459 καὶ
809 1410 1161 1461 συνάπτεσθαι
1217 1418 1584 1482 πνευματικῶς
1626 1418 1735 1472 τοῖς
1797 1412 1929 1463 ὑπο-

326 1498 565 1566 μνήμασι
596 1512 608 1525 ⁶

328 1581 648 1653 λελογίσθαι.
700 1592 863 1638 Τοῦτο
901 1590 1001 1661 γὰρ
1053 1590 1202 1658 ἴσμεν
1266 1591 1471 1639 καὶτὸν
1506 1590 1761 1660 μακάριον
1803 1588 1928 1641 ἀπό-

327 1319 473 1387 ἡμῶν
524 1317 702 1376 Ἰησοῦ
781 1327 1037 1392 Χριστοῦ,

667 1501 756 1547 καὶ
807 1493 1070 1569 μηδαμῶς
1133 1506 1191 1570 τῇ
1252 1497 1451 1571 ἀφωνία
1529 1501 1596 1561 ὡς
1653 1501 1927 1560 τεθνεῶτας

330 1671 509 1723 στόλον
561 1673 759 1725 Παῦλον
828 1679 922 1726 σὺν
969 1684 1078 1736 τοῖς
1127 1678 1419 1748 όμοταγόσι
1451 1677 1710 1737 θεστολοις
1772 1676 1926 1735 ἆλλῆ-

326 1758 446 1820 λους
491 1765 747 1836 μακρόθεν
807 1772 1112 1835 φωνοῦντας,
1170 1770 1260 1819 καὶ
1326 1766 1396 1827 εἰς
1457 1770 1645 1817 ταυτόν
1708 1768 1925 1840 ἐρχομέ-
1959 1795 2003 1849 Β

325 1869 439 1910 νους
483 1849 562 1921 τῷ
597 1862 897 1924 συναπτικῷ
938 1855 1076 1925 λόγῳ
1136 1860 1225 1906 καὶ
1274 1856 1332 1906 τὸ
1377 1854 1673 1926 εὐαγγέλιον
1696 1863 1788 1917 τῆς
1821 1852 1922 1928 βα-

327 1938 520 2001 σιλείας
572 1948 705 1993 Θεοῦ
754 1943 1200 2013 καταγγέλλοντας
1238 1948 1391 1995 παντὶ
1450 1951 1520 2013 τῷ
1555 1948 1736 2015 κόσμῳ
1764 1960 1774 1972 ·
1807 1941 1854 1995 ἐν
1884 1944 1923 2014 ᾧ

323 2034 413 2080 καὶ
444 2031 581 2101 ἡμᾶς
611 2035 668 2081 τὸ
708 2038 915 2103 Πνεῦμα
952 2036 1010 2083 τὸ
1042 2031 1209 2103 οἷγιον,
1253 2032 1295 2085 εἰ
1325 2037 1414 2083 καὶ
1453 2032 1709 2105 τολμηρὸν
1742 2032 1920 2099 εἰπεῖν,

326 2117 528 2189 θέμενον
558 2126 833 2191 παρεγγυᾷ
863 2139 874 2149 ’
906 2121 1098 2174 Λάλει
1150 2124 1291 2196 γὰρ,
1323 2127 1473 2194 φησὶ,
1502 2127 1609 2173 καὶ
1652 2127 1732 2194 μὴ
1775 2141 1921 2173 σιω-

322 2210 554 2279 πήσῃς,
596 2210 694 2261 ὅτι
723 2209 872 2271 λαός
904 2230 1013 2281 μοι
1054 2210 1251 2271 πολύς
1289 2210 1466 2262 ἐστιν
1506 2213 1799 2264 ἐνταῦθα.
1822 2215 1922 2263 Καὶ

324 2293 599 2367 ἀλλαχοῦ·
656 2297 789 2350 Ἐὰν
845 2299 1340 2365 ὑποστείληται,
1405 2300 1518 2351 οῦκ
1572 2298 1839 2352 εύδοκεῖ
1888 2302 1917 2359 ἡ

321 2382 501 2454 ψυχή
539 2404 658 2456 μου
695 2384 752 2436 ἐν
811 2390 999 2457 αύτῷ.
1055 2387 1216 2439 Ὠστε
1238 2388 1447 2462 φοϐερόν
1478 2396 1644 2463 κρῖμα
1676 2397 1766 2449 τῆς
1800 2408 1922 2441 σιω-

320 2478 441 2535 πῆς,
469 2478 558 2524 καὶ
580 2480 746 2525 ταῦτα
768 2474 817 2525 ἐν
840 2471 943 2547 τῇδ
949 2495 968 2527 ε
991 2484 1051 2548 τῇ
1077 2475 1361 2548 ἐθελοκάκῳ
1386 2480 1638 2548 κωφεύσει
1664 2486 1762 2529 τῶν
1784 2480 1922 2549 αἱρε-

324 2562 590 2619 τιςόντων.
645 2560 807 2634 Ὀπερ
861 2565 891 2620 ἡ
958 2563 1224 2635 ἁγιωσύνη
1296 2576 1390 2616 σου
1461 2567 1597 2617 καθὰ
1671 2569 1920 2638 γέγραφεν

323 2645 601 2722 ἐνεργοῦσα
657 2653 947 2724 θεοπρεπῶς
1002 2653 1223 2714 πολλοὺς
1297 2660 1623 2727 πειρασμοὺς
1662 2656 1921 2731 ιὺφίστα-

327 2738 451 2788 σθαι
491 2743 616 2810 φαίη
672 2743 815 2813 παρὰ
862 2750 960 2792 τῶν
1006 2745 1098 2793 οὐκ
1151 2742 1419 2794 ἐθελόντων
1465 2743 1616 2814 λόγον
1669 2746 1813 2796 ὅσιον
1843 2746 1922 2796 ἓν-

324 2829 577 2896 ηχείσθαι
608 2842 621 2855 ’
680 2827 784 2879 ἀλλ’
840 2830 1135 2902 ἠρνημένων
1182 2836 1275 2889 τὴν
1332 2833 1646 2906 θεόγραπτον
1684 2840 1920 2906 Χριστοῦ

324 2912 515 2981 εἰκόνα,
568 2926 661 2977 τῆς
707 2923 982 2985 Θεοτόκου,
1029 2924 1117 2972 καὶ
1167 2921 1468 2973 οὑτινοσοῦν
1512 2930 1611 2973 τῶν
1672 2924 1920 2993 θεραπόν-

322 3021 422 3053 των
443 3004 622 3056 αὐτοῦ.
654 3012 833 3067 Μένοις
862 3004 969 3075 οὖν,
994 3011 1323 3081 τοριπόθητε,
1348 3009 1451 3062 ἐπὶ
1490 3018 1560 3069 τῆ
1580 3032 1602 3073 ς
1649 3010 1920 3082 λυχνίας

321 3099 413 3143 τοῦ
467 3092 622 3164 λόγου
680 3101 903 3167 κείμενος
975 3097 1290 3169 εὑαγγελικῷ
1361 3102 1754 3172 προστάγματι,
1815 3105 1920 3153 καὶ
1955 3140 1995 3197 C

321 3179 338 3197 Ν
382 3183 392 3193 ι
703 3190 724 3197 .-
939 3194 951 3197 -
1015 3190 1023 3197 .
1157 3195 1173 3197 μ
1265 3187 1276 3197 ε
1345 3192 1353 3197 .
1481 3191 1490 3197 .
1574 3190 1595 3197 ..
1662 3187 1673 3197 ς
1726 3188 1741 3197 ι
1798 3196 1801 3197 ,

320 3179 584 3253 λάμπων
643 3190 806 3236 πᾶσι
857 3190 1065 3246 τοῐςέν
1104 3195 1174 3260 τῇ
1220 3187 1436 3259 οἰκίᾳ⁶
1467 3191 1533 3250 ὡς
1560 3190 1620 3239 ἄν
1652 3187 1920 3249 ἀπλοῦντες

318 3272 413 3329 τὰς
462 3270 622 3342 ὄψεις,
671 3276 729 3324 τό
788 3283 894 3346 φῶς
933 3272 1266 3346 εἰσδέχοιντο
1300 3292 1313 3308 ⁶
1372 3278 1421 3329 οἱ
1471 3274 1530 3329 δὲ
1559 3280 1773 3348 μύοντες
1827 3280 1919 3339 τὰς

317 3359 618 3430 αἰσθήσεις,
673 3371 766 3423 τῆς
817 3363 1008 3424 οἰκείας
1062 3364 1313 3435 ἀϐλεψίας
1385 3368 1473 3418 τόν
1540 3369 1739 3438 καρπὸν
1798 3363 1917 3440 δρέ-

314 3447 514 3518 ψωντα.
553 3456 710 3523 Καίγε
757 3452 929 3515 εὔξαιο
983 3461 1135 3505 τοῦτο
1193 3459 1281 3505 καὶ
1339 3457 1477 3526 ἡμᾶς
1509 3458 1797 3523 ποιεῖσθαι,
1829 3461 1917 3508 xui

316 3534 561 3609 ἀνένοχον
617 3543 675 3591 τὸ
722 3547 814 3601 τῆς
882 3546 1215 3614 προστασίας
1289 3538 1456 3614 δῶρον
1512 3540 1913 3614 ἀπενέγκασθαι.

314 3632 593 3679 Γινώσκειν
625 3625 685 3680 δέ
744 3649 800 3682 σε
840 3629 1156 3702 βουλόμεθα,
1199 3632 1280 3682 ὅτι
1336 3632 1408 3691 εἷς
1473 3641 1570 3682 τῶν
1600 3632 1916 3704 λαμπτήρων

316 3712 518 3773 ἀπέπτη
552 3720 681 3789 πρὸς
728 3721 918 3792 Κύριον
954 3737 966 3749 ⁶

314 3804 500 3862 πολίτη
513 3827 534 3867 ς
594 3803 833 3858 Συνάδων
867 3825 879 3836 ·

1021 3720 1167 3781 οὗτος
1209 3717 1274 3777 δὴ
1317 3720 1342 3771 ὁ
1391 3720 1679 3791 ἁγιώτατος
1708 3729 1916 3794 Μητρο-

962 3809 1069 3861 ἐπεὶ
1143 3814 1233 3861 καὶ
1303 3814 1551 3884 πρότερον
1617 3812 1665 3861 οἱ
1728 3810 1915 3862 κλεινοὶ

315 3889 531 3965 ἀδελφοὶ
578 3900 666 3947 καὶ
738 3901 977 3970 Πατέρες,
1051 3898 1354 3958 Ἀθανάσιος
1411 3900 1435 3949 ό
1498 3906 1587 3950 τοῦ
1645 3899 1917 3952 Παυλοπε-

314 3985 462 4055 τρίου
507 3986 838 4057 καθηγεμὼν,
885 3991 975 4038 καὶ
1030 3987 1268 4049 Ἰωάννης
1316 3989 1341 4038 ὁ
1372 3988 1467 4049 τῆς
1494 3987 1756 4040 ’Χαλκίτου
1791 3992 1915 4042 καθ-

319 4076 536 4141 ηγητὴς.
576 4079 674 4125 Καὶ
722 4077 769 4126 οὶ
820 4074 1069 4148 αἰρετικοὶ
1114 4078 1202 4147 μὲν
1258 4072 1505 4128 δοκοῦσιν
1538 4078 1915 4148 ὑποτέμνεσθαι

312 4163 371 4210 τό
404 4161 773 4232 όμολογητικόν
804 4163 1057 4235 πλήρωμα
1088 4172 1178 4216 τοῦ
1224 4172 1479 4237 Χριστοῦ.
1525 4165 1805 4236 Ἀγνοοῦσι
1833 4163 1911 4233 δὲ,

313 4248 394 4299 ὅτι
421 4254 509 4302 καὶ
562 4252 753 4323 μᾶλλον
803 4252 1115 4310 πληθύνεται
1164 4253 1304 4324 ζήλῳ
1360 4263 1458 4305 τῶν
1515 4256 1915 4327 προηθληκότων

316 4341 775 4412 συνανιπτάμενον,
814 4346 902 4393 καὶ
959 4344 1016 4393 τὸ
1045 4341 1439 4416 πτεροῤῥυῆσαν
1487 4362 1652 4414 τυχον
1711 4349 1911 4415 στίφος.

316 4431 545 4497 Χριστός
601 4424 659 4480 δὲ
689 4431 763 4480 ἔτι
816 4427 1078 4496 καθεύδει,
1134 4438 1244 4492 τοῖς
1295 4433 1384 4502 μεν
1437 4433 1728 4503 ὑπανοίγων
1757 4436 1915 4509 θύραν

310 4521 647 4587 χρηστότητι
673 4515 1059 4590 ἀνεκδιηγήτῳ,
1095 4529 1192 4571 τῶν
1234 4516 1291 4572 δὲ
1347 4516 1650 4592 δοκιμάζων
1690 4526 1775 4574 τόν
1824 4528 1909 4574 πόα

315 4605 401 4655 θον
471 4608 518 4657 ἐν
572 4608 835 4679 ὑπομονῆς
911 4614 1293 4681 στεφανώματι,

1389 4614 1510 4671 τούς
1577 4608 1636 4662 δε
1690 4616 1779 4663 καὶ
1848 4615 1917 4675 ὡς

311 4698 520 4768 χρυσόν
573 4693 1025 4769 δεδοκιμασμένον
1078 4697 1490 4770 προσλαμϐάνων
1553 4700 1800 4753 ἑκάστοτε
1848 4702 1913 4763 εἰς

314 4778 561 4857 διάδημα
593 4786 810 4848 κάλλους
836 4784 992 4849 δόξης
1044 4792 1225 4839 αὑτοῦ.
1261 4791 1440 4840 Ταῦτά
1473 4808 1556 4840 σοι
1590 4789 1712 4861 παρ’
1745 4791 1909 4861 ἡμῶν,

311 4872 350 4921 ὧ
398 4876 641 4948 μακάριε.
694 4875 860 4936 Αὐτός
911 4873 969 4927 δὲ
1008 4878 1079 4927 ἔτι
1139 4873 1513 4940 δυσωπήσειας
1562 4881 1647 4929 τὸν
1701 4882 1850 4943 Θεὸν,
1918 4880 2124 4950 εἰρήνην
2179 4877 2466 4950 ἐμποιῆσαι
2512 4885 2572 4949 τῇ
2638 4877 2796 4928 αὑτοῦ
2850 4875 3135 4948 Ἐκκλησία
3175 4891 3185 4903 ·

312 4966 472 5014 κακὸν
522 4966 577 5014 ἑκ
634 4969 817 5034 μέσου,
898 4970 987 5017 καὶ
1052 4969 1174 5026 τοὺς
1258 4966 1716 5040 ὑπολελειμμένους
1800 4970 1940 5040 ἡμᾶς
1994 4967 2148 5030 ἀξιῶν
2203 4967 2274 5030 εἰς
2330 4972 2423 5025 τὴν
2480 4968 2592 5019 κατ’

315 5053 437 5117 θεῖν,
470 5054 607 5105 καθὰ
632 5059 720 5106 καὶ
747 5054 994 5116 εύκτικῶς
1023 5052 1394 5117 ὑπεδήλωσας.

493 5150 591 5205 ΣΘ’
765 5184 827 5192 --
868 5159 1178 5224 Διονυσίῳ
1218 5154 1586 5225 μονάζοντι.
1624 5154 1821 5225 [ωκς-’.]

1608 304 2124 365 EPISTOLABUM
2164 308 2301 365 LIB.
2341 307 2412 363 ΙΙ.

3550 307 3691 365 1630

2040 434 2210 487 ctitas
2242 437 2344 488 tua
2378 448 2499 488 non
2546 438 2790 504 propter
2831 449 2939 490 nos
2999 433 3272 499 humiles,
3301 433 3489 499 absit;
3522 433 3693 487 novi-

2041 538 2173 575 mus
2204 522 2360 575 enim
2392 521 2499 591 ipsi
2532 521 2739 592 quales
2780 523 2989 589 simus,
3024 529 3222 594 utpote
3252 522 3586 577 miseriores
3620 522 3690 574 iis

2037 610 2140 679 qui
2168 614 2536 679 postremum
2570 610 2796 664 virtutis
2845 610 3100 680 gradum
3138 611 3323 666 sortiti
3370 618 3544 675 sunt;
3582 609 3687 664 sed

2039 703 2279 768 propter
2310 714 2519 751 omnes
2542 698 2776 753 divinos
2808 705 3004 770 patres
3025 705 3081 754 et
3112 699 3506 763 coufessores,
3530 698 3692 753 velut

2038 786 2235 841 bonus
2261 786 2509 856 quidam
2567 788 2808 841 nuntius
2864 788 3127 860 alloquia
3155 788 3426 843 deferens
3459 803 3689 859 nosque

2038 891 2249 929 omnes
2294 875 2595 939 charitatis
2625 876 2839 931 aﬂectu
2872 878 3233 932 devinciens.
3268 880 3383 932 Hoc
3414 883 3566 931 certe
3592 877 3689 947 ju-

2040 970 2197 1019 stum
2231 970 2285 1017 et
2320 952 2703 1033 Conveniens,
2738 983 2839 1021 eos
2856 966 2957 1037 qui
2989 966 3103 1021 alio
3127 966 3536 1037 dispersisunt
3559 982 3690 1036 pro-

2040 1059 2166 1125 pter
2198 1054 2446 1108 verbum
2478 1054 2595 1119 Dei,
2648 1060 2703 1109 et
2735 1056 3201 1111 testiﬁcationem
3252 1054 3531 1123 unigeniti
3562 1055 3690 1124 ejus

2043 1142 2159 1196 Filii
2212 1142 2445 1197 Domini
2493 1143 2676 1198 nostri
2707 1146 2841 1198 Jesu
2896 1144 3122 1209 Christi,
3175 1143 3433 1215 colloqui
3480 1148 3689 1198 mutuo

2039 1247 2143 1302 per
2172 1232 2415 1297 litteras,
2446 1238 2501 1286 et
2518 1232 2897 1303 spiritualiter
2922 1248 3026 1303 per
3049 1232 3550 1287 commonitiones
3575 1232 3691 1286 col-

2036 1320 2246 1389 ligari;
2281 1337 2389 1375 nec
2423 1320 2718 1376 ullatenus
2755 1337 2858 1392 per
2886 1321 3184 1375 silentium
3214 1327 3503 1393 tanquam
3537 1338 3691 1375 mor-

2037 1420 2170 1465 tuos
2191 1410 2470 1481 reputari.
2490 1410 2581 1465 Sic
2597 1410 2755 1465 enim
2775 1410 2999 1463 scimus
3016 1411 3259 1465 beatum
3280 1409 3526 1465 Paulum
3549 1426 3690 1481 apo-

2037 1498 2253 1554 stolum
2288 1516 2425 1553 cum
2476 1499 2650 1553 sociis
2686 1500 2922 1553 eminus
2971 1499 3118 1553 inter
3148 1517 3210 1554 se
3242 1499 3476 1553 locutus
3507 1506 3561 1553 et
3588 1515 3692 1570 per

2035 1588 2466 1644 commercium
2499 1588 2791 1642 sermonis
2826 1603 2942 1642 una
2964 1589 3396 1658 conspirantes,
3428 1590 3692 1656 Evange-

2034 1677 2182 1732 lium
2201 1678 2367 1746 regni
2386 1676 2481 1731 Dei
2497 1677 2885 1731 annuntiasse
2908 1677 3184 1731 universo
3201 1678 3459 1731 mundo:
3496 1677 3689 1747 inquo

2036 1783 2146 1820 nos
2167 1767 2345 1821 etiam
2366 1766 2614 1835 Spiritus
2638 1770 2900 1830 sanctus,
2927 1766 3031 1820 etsi
3055 1766 3343 1820 audacius
3365 1772 3450 1820 est
3471 1766 3685 1836 dicere,

2035 1856 2423 1919 constituens,
2452 1855 2704 1909 mandat
2729 1872 2740 1909 :
2775 1856 3055 1925 Loquere,
3090 1855 3298 1926 inquit,
3324 1862 3471 1911 etne
3490 1854 3685 1919 sileas,

2032 1944 2172 2014 quia
2183 1943 2444 2013 populus
2458 1959 2620 1998 meus
2635 1944 2857 1998 multus
2872 1950 2956 1999 est
2990 1944 3085 1999 hic
3100 1944 3146 1978 ⁸⁴
3165 1946 3229 1998 Ει
3245 1943 3387 1998 alibi
3414 1959 3426 1998 :
3457 1944 3688 1999 Sisubi—

2032 2034 2267 2089 raxerit
2298 2048 2376 2095 se,
2406 2048 2525 2087 non
2551 2033 2813 2102 placebit
2843 2033 2954 2087 sibi
2978 2033 3183 2088 anima
3214 2034 3277 2087 in
3308 2033 3415 2088 illo
3443 2034 3509 2085 ⁸⁵.
3534 2034 3687 2097 Quo-

2030 2121 2190 2199 circa
2206 2121 2590 2175 formidabile
2621 2121 3017 2191 estjudicium
3044 2122 3278 2187 silentii,
3310 2121 3368 2175 in
3388 2122 3500 2176 hac
3533 2137 3686 2192 prae-

2032 2210 2232 2265 sertim
2248 2209 2515 2279 maligna
2536 2209 2839 2264 surdidate
2868 2209 3356 2266 hteretizantium.
3372 2210 3540 2275 Quod
3555 2210 3689 2280 qui-

2032 2300 2171 2355 dem
2200 2299 2479 2354 sanctitas
2502 2299 3157 2370 tua,quemadmodum
3194 2300 3444 2368 scripsit,
3479 2299 3686 2354 sedulo

2033 2390 2261 2459 riteque
2292 2388 2439 2443 dum
2470 2388 2832 2460 exsequitur,
2868 2388 3169 2443 molestias
3190 2388 3480 2459 plurimas
3507 2388 3585 2444 ab
3616 2388 3685 2442 iis

2033 2479 2299 2542 sustinet,
2324 2478 2427 2549 qui
2450 2492 2686 2531 sacrum
2718 2476 2966 2531 verbum
2999 2476 3206 2530 audire
3238 2476 3447 2531 nolunt
3472 2494 3485 2544 ;
3514 2476 3618 2531 sed
3651 2493 3686 2531 a

2035 2569 2150 2621 Deo
2166 2567 2386 2637 pictam
2402 2566 2635 2632 Christi,
2668 2566 2952 2635 Deiparaa,
2974 2565 3061 2619 vel
3077 2565 3345 2635 cujusvis
3376 2580 3684 2619 servorum

2031 2656 2160 2725 ejus
2193 2655 2823 2725 imaginem'rejiciunt.
2846 2656 3022 2722 Perge
3054 2660 3276 2720 autem,
3310 2653 3687 2709 desideratis-

2032 2744 2199 2809 sime,
2238 2744 2339 2815 qui
2373 2759 2552 2812 super
2599 2742 3027 2799 candelabrum
3088 2744 3279 2808 Verbi,
3330 2743 3687 2812 Evangelica

2032 2849 2171 2887 voce
2187 2849 2250 2888 es
2267 2834 2516 2904 positus,
2548 2834 2749 2888 lucens
2762 2833 2822 2886 in
2841 2833 3109 2887 omnibus
3124 2836 3226 2903 qui
3250 2832 3312 2887 in
3328 2832 3498 2887 domo
3520 2836 3683 2896 sunt,

2032 2921 2079 2955 ⁸⁸
2096 2927 2156 2975 ut
2185 2921 2503 2993 quioculos
2519 2920 3006 2992 aperiuntlumen
3037 2922 3372 2992 excipiant;
3409 2920 3508 2991 qui
3540 2936 3681 2975 vero

2032 3026 2245 3065 sensus
2273 3011 2613 3074 occludunt,
2643 3010 2922 3065 caecitatis
2954 3027 3081 3064 suae
3111 3010 3338 3065 fructus
3365 3009 3682 3077 colligant;

2022 3084 2089 3153 let
2118 3116 2223 3154 ora
2254 3098 2476 3169 utique,
2510 3104 2568 3152 ut
2616 3100 2729 3153 hoc
2756 3104 2811 3153 et
2841 3115 2951 3153 nos
2982 3105 3355 3171 prmstemus,
3384 3098 3681 3169 culpaque

2032 3204 2286 3243 vacuum
2367 3187 2728 3258 praefecturae
2797 3188 3026 3241 donum
3082 3197 3471 3258 reportemus.
3526 3187 3681 3241 Scire

2031 3294 2205 3349 porro
2236 3284 2288 3331 te
2318 3277 2617 3341 volumus,
2646 3292 2833 3331 unum
2860 3277 2935 3331 de
2966 3277 3365 3332 luminaribus
3391 3276 3467 3331 ad
3490 3275 3681 3330 Domi-

2027 3381 2172 3420 num
2205 3365 2475 3420 avolasse
2500 3382 2514 3430 ;
2547 3364 2599 3419 is
2625 3369 2713 3419 est
2733 3366 3144 3420 sanctissimus
3173 3364 3550 3436 metropolita
3573 3365 3681 3435 Sy-

2026 3456 2326 3510 nadorum
2362 3474 2374 3521 ;
2410 3471 2477 3509 ac
2501 3454 2662 3525 prius
2693 3455 2872 3511 etiam
2914 3455 3233 3527 praeclaros
3265 3455 3473 3510 fratres
3496 3460 3551 3509 et
3578 3470 3679 3525 pa-

2026 3549 2163 3608 tres,
2230 3544 2621 3599 Athanasium
2683 3544 3038 3616 Paulopetrii
3111 3545 3571 3606 moderatorem,
3626 3548 3681 3598 et

2023 3635 2314 3689 Joannem
2338 3639 2625 3687 rectorem
2655 3633 2951 3689 Chalcitas.
2975 3636 3035 3687 Et
3068 3633 3540 3705 putantquidem
3565 3632 3680 3687 hee-

2024 3723 2205 3788 retici,
2254 3738 2571 3776 numerum
2634 3723 2859 3777 succidi
2939 3722 3351 3777 confessorum
3407 3721 3615 3775 Christi
3660 3736 3673 3776 :

2024 3812 2301 3881 ignorant
2331 3816 2551 3874 autem,
2586 3811 2969 3867 aemulatione
2999 3812 3391 3883 praeeuntium
3435 3809 3678 3865 athleta-

2023 3915 2178 3965 rum,
2207 3901 2407 3968 augeri
2441 3902 2637 3970 potius
2670 3916 2886 3969 agmen
2928 3899 3400 3963 convolantium,
3432 3904 3681 3953 castum-

2022 4005 2138 4061 que
2166 3989 2292 4043 alas
2324 3989 2749 4059 explicantium
2782 4006 2791 4037 :
2830 3989 3124 4045 Christum
3152 4004 3287 4043 vero
3318 3987 3517 4041 adhuc
3544 3985 3679 4039 dor-

2027 4079 2190 4142 mire,
2229 4084 2407 4148 atque
2439 4077 2568 4131 aliis
2598 4078 2842 4148 quidem
2867 4079 3116 4146 januam
3150 4076 3378 4147 aperire
3411 4075 3676 4130 bonitate

2022 4165 2345 4231 ineffabili;
2386 4166 2637 4221 aliorum
2690 4165 2998 4236 explorare
3053 4165 3321 4220 studium
3370 4164 3676 4235 proposita

2024 4256 2319 4327 patientiae
2334 4271 2586 4320 corona;
2604 4254 2770 4315 alios,
2787 4259 3075 4325 tanquam
3101 4253 3418 4324 probatum
3436 4267 3671 4315 aurum,

2028 4344 2247 4415 ubique
2270 4359 2506 4413 semper
2533 4358 2838 4397 assumere
2870 4342 2945 4397 ad
2972 4342 3255 4396 diadema
3284 4341 3515 4397 decoris
3547 4340 3675 4409 glo-

2024 4433 2128 4487 riae
2161 4448 2304 4487 suae.
2342 4434 2472 4487 Haec
2506 4432 2604 4486 tibi
2637 4449 2671 4486 a
2702 4431 2895 4495 nobis,
2922 4447 2958 4485 o
2990 4432 3178 4486 beate.
3207 4433 3287 4486 Tu
3318 4446 3455 4485 vero
3495 4445 3673 4500 perge

2025 4523 2211 4576 Deum
2237 4537 2501 4585 exorare,
2541 4528 2599 4574 ut
2629 4537 2841 4591 pacem
2896 4520 3167 4575 Ecclesiae
3195 4537 3319 4574 sua:
3346 4519 3631 4590 largiatur
3657 4535 3668 4573 :

2026 4609 2186 4665 mala
2207 4610 2414 4664 omnia
2444 4608 2695 4663 evellens
2726 4611 2798 4663 de
2829 4609 3043 4672 medio,
3072 4614 3127 4663 et
3158 4625 3287 4671 nos,
3315 4609 3415 4677 qui
3447 4606 3672 4664 residui

2024 4716 2255 4765 sumus,
2284 4700 2500 4768 dignos
2557 4704 2818 4763 censeat,
2856 4700 2957 4771 qui
3016 4698 3091 4752 ad
3124 4698 3368 4753 intuitus
3396 4712 3673 4765 congres-

2025 4806 2155 4843 sum
2186 4790 2515 4853 veniamus,
2551 4789 2702 4843 sicut
2727 4794 2933 4858 optare
2968 4793 3017 4841 te
3049 4786 3420 4856 significasti.

3259 4875 3494 4926 ἐκτίλλων
3568 4879 3672 4926 πᾶν

2671 4966 2965 5038 ὀφθαλμοὺς
3044 4964 3248 5037 ὁμιλίαν
3326 4964 3517 5017 ἐλθείαν
3594 4964 3668 5017 ἐλ-

2381 5156 2553 5210 CCIX.
2584 5187 2651 5194 —
2685 5153 2965 5223 Dionysio
2994 5153 3304 5210 monacho.

1018 5250 1385 5306 Pcenitentem,
1420 5255 1470 5300 et
1503 5252 1569 5300 ad
1596 5255 1750 5300 rectae
1776 5252 1898 5301 ﬁdei
1922 5252 2316 5301 confessionem
2346 5266 2638 5309 reversum,
2672 5251 2970 5301 conﬁrmat.

313 5329 379 5378 Οὶ
446 5330 590 5400 παρὰ
660 5336 759 5379 τῶν
839 5328 1195 5401 ἐπιστημόνων

386 5425 433 5461 ⁸⁴
464 5424 612 5481 Psal.
637 5442 873 5495 xxxvm,
912 5432 994 5485 l3.

1294 5332 1479 5406 ἰατρῶν
1560 5334 1903 5404 θεραπευόμε-

1072 5430 1118 5464 ⁸⁸
1150 5428 1323 5486 Hebr.
1357 5445 1415 5494 χ,
1448 5432 1536 5485 38.

2084 5332 2260 5400 Quia
2296 5332 2500 5403 peritis
2553 5333 2798 5387 medicis
2845 5336 3130 5386 curantur
3184 5332 3546 5388 deteriorum
3574 5334 3669 5389 in-

1615 5430 1662 5465 “
1695 5430 1890 5487 Matth.
1927 5446 1983 5496 γ,
2016 5431 2103 5486 15.

1873 5527 2102 5585 NOTAE.

386 5594 468 5669 (4)
498 5595 565 5651 In
596 5595 730 5653 cod.
757 5598 898 5668 Reg.
