4058 6274
391 305 524 361 1631

1642 304 1701 361 S.
1745 303 2114 360 THEODOBI
2155 302 2489 359 STUDITZE

3600 303 3741 359 i632

388 429 687 502 spectione
713 445 866 502 opus
917 447 1035 486 non
1093 432 1350 498 habent;
1383 431 1491 487 etsi
1518 447 1589 487 ex
1615 432 1898 488 charitate
1931 430 2038 487 ali-

2160 449 2246 495 ιοι,
2279 430 2337 482 οὗ
2364 434 2548 503 χρείαν
2579 433 2767 502 ἔχουσι
2802 437 2897 490 τῆς
2943 438 3043 481 τῶν
3073 430 3350 501 ῦφειμένων
3383 427 3695 498 ἐπισκέψεως
3725 445 3739 458 ⁸

387 536 539 592 quos
565 519 863 574 interdum
889 520 1311 576 benevolentes
1343 537 1460 576 non
1503 525 1813 592 respuunt.
1845 522 2037 586 Quare

390 624 897 680 supervacaneam
947 625 1070 664 rem
1099 611 1216 679 egit
1261 610 1521 666 fraterna
1551 611 1880 665 reverentia
1916 616 2034 673 tua,

388 714 526 752 cum
557 700 777 753 allatre
793 703 994 753 nostro
1013 699 1108 754 Dei
1137 700 1552 754 amantissimo
1583 699 2037 770 archiepiscopo

388 787 694 858 Dyrrachii
752 793 983 854 sanata,
1042 804 1160 842 non
1219 790 1597 859 conquievit:
1635 787 1737 843 sed
1800 787 2038 843 anobis

390 877 567 930 etiam
596 875 816 930 inﬁmis
851 882 907 931 et
936 877 1184 947 abjectis
1233 880 1599 934 curationem
1630 877 1889 949 expetiit.
1927 877 2040 932 Sed

389 964 886 1036 quandoquidem
917 968 1212 1036 permovit
1239 983 1399 1022 nunc
1427 984 1534 1022 vos
1570 967 1870 1022 charitatis
1886 965 2039 1020 ratio

391 1059 453 1109 ut
501 1053 827 1109 scriberetis
855 1071 868 1121 ;
899 1057 1194 1126 persuasit
1241 1063 1298 1111 et
1355 1057 1552 1122 nobis,
1580 1057 1684 1128 qui
1743 1055 1908 1110 nihili
1940 1072 2042 1109 su-

393 1160 548 1207 mus,
575 1148 634 1198 ut
688 1142 853 1198 vobis
905 1145 1390 1209 rescriberemus,
1438 1145 1735 1216 nobisque
1768 1161 1871 1198 vos
1905 1144 2040 1199 cha-

394 1233 578 1288 ritatis
610 1231 822 1287 affectu
884 1234 1404 1305 conjungeremus.
1448 1235 1672 1288 Debent
1721 1234 1900 1299 enim,
1933 1232 2038 1286 etsi

393 1321 556 1376 nulla
577 1338 669 1375 res
698 1327 891 1388 cogat,
919 1323 1020 1394 qui
1051 1323 1382 1378 institutum
1416 1324 1573 1378 idem
1603 1323 1860 1393 amplexi
1883 1326 2039 1384 sunt,

393 1410 673 1466 eumdem
697 1412 874 1466 etiam
908 1427 1152 1466 sensum
1182 1413 1628 1481 amplectentes,
1663 1418 1934 1466 amanter
1959 1412 2041 1465 in-

396 1505 480 1555 ter
511 1516 571 1554 se
599 1501 1055 1571 contemperari.
1087 1504 1233 1556 Nam
1255 1517 1325 1556 eo
1351 1502 1514 1572 quod
1540 1501 1936 1572 multiplicata
1957 1507 2043 1555 est

397 1589 698 1659 iniquitas,
748 1589 1044 1644 refrixisse
1093 1589 1438 1645 charitatem
1502 1590 1850 1653 multorum,
1898 1588 2044 1644 dixit

398 1679 683 1734 Dominus
711 1679 776 1733 ‘7.
813 1678 982 1744 Quod
1010 1679 1188 1748 igitur
1213 1679 1370 1734 circa
1385 1681 1754 1735 curationem
1788 1685 2044 1734 vestram

397 1783 432 1823 a
458 1767 834 1822 sanctissimo
860 1767 1309 1838 archiepiscopo
1350 1772 1634 1822 statutum
1683 1774 1789 1832 est,
1821 1768 2045 1836 integre

397 1857 766 1913 observetur.
800 1859 917 1910 Hoc
940 1871 1078 1910 vero
1102 1856 1515 1919 adhortamur.
1537 1861 1591 1912 et
1619 1857 2042 1919 admonemus,

398 1961 517 2001 non
548 1944 843 2010 fatiscere,
873 1946 949 2000 ad
1007 1961 1077 2001 ea
1126 1950 1672 2016 respectantesquaa
1696 1952 1850 2002 retro
1884 1951 2044 2009 sunt,

400 2051 593 2105 neque
647 2035 724 2090 ad
779 2035 1093 2090 exitiosam
1142 2035 1608 2090 submissionem
1670 2037 1760 2090 his
1803 2041 1904 2090 aut
1933 2035 2047 2089 illis

399 2123 758 2196 quibuslibet
792 2123 1024 2179 indiciis
1077 2123 1317 2179 abduci.
1353 2123 1662 2180 Sufficiunt
1695 2125 1851 2178 enim
1903 2140 2053 2194 prae-

402 2213 568 2268 terita
593 2229 605 2265 :
635 2212 708 2266 de
733 2212 956 2284 quibus
986 2228 1244 2282 gemere,
1277 2217 1332 2268 et
1366 2229 1503 2267 cum
1532 2213 1812 2284 lacrymis
1845 2213 2051 2284 depre-

401 2302 519 2357 cari
536 2307 822 2373 perpetuo
848 2301 1160 2366 debemus,
1187 2302 1420 2374 plorare
1445 2302 1864 2368 aclamentari,
1887 2301 2050 2373 quod

403 2407 538 2445 cum
563 2391 830 2460 ejusdem
850 2390 1089 2445 habitus
1110 2391 1340 2456 fratres,
1373 2391 1529 2446 velut
1551 2391 1787 2463 aquilae,
1813 2407 2051 2446 sursum

402 2495 506 2552 per
536 2479 979 2534 confessionem
1027 2479 1333 2543 evolarint,
1381 2495 1489 2533 nos
1522 2481 1632 2534 sub
1687 2479 1929 2534 haeresis
1971 2479 2053 2535 la-

403 2583 558 2640 queo
589 2567 960 2634 detinemur;
993 2566 1262 2639 dumque
1316 2567 1395 2621 illi
1429 2567 1905 2637 persecutionem
1952 2584 2054 2638 pa-

403 2657 645 2719 tiuntur,
676 2671 784 2711 n03
815 2655 979 2710 domi
1007 2672 1321 2711 manemus
1349 2673 1359 2708 :
1396 2663 1449 2711 et
1480 2673 1616 2711 cum
1651 2656 1730 2711 illi
1764 2672 1955 2728 usque
1975 2657 2051 2711 ad

403 2744 752 2816 martyrium
804 2744 1252 2812 decertaverint,
1299 2761 1409 2800 nos
1463 2752 1797 2814 negatores,
1828 2746 1878 2800 si
1931 2761 2051 2801 non

402 2833 602 2899 corde,
635 2849 736 2888 ore
776 2837 976 2888 tamen
1005 2850 1333 2906 manuque,
1361 2834 1501 2889 facti
1531 2851 1739 2889 sumus
1768 2852 1781 2889 :
1815 2839 1889 2904 et,
1923 2835 2053 2889 aliis

401 2924 462 2978 in
490 2938 725 2978 carcere
760 2921 1016 2978 detentis
1047 2922 1326 2995 fameque
1375 2924 1614 2987 enectis,
1651 2939 1760 2978 nos
1799 2923 1969 2979 liberi
2001 2930 2056 2979 et

401 3012 591 3067 securi
645 3011 920 3066 vivimus.
954 3013 1082 3076 Quo
1113 3012 1291 3080 igitur
1318 3015 1498 3067 modo
1543 3014 1670 3068 haec
1702 3014 1906 3068 animo
1930 3029 2057 3068 ver-

2081 1791 2120 1843 Β

2149 518 2284 590 εἰμή
2329 539 2380 570 τι
2410 520 2514 593 ἄρα
2568 518 2778 590 ἀγάπης
2814 525 2987 592 τρόπῳ
3032 518 3397 591 ἀφοσιούμενοι
3446 521 3566 578 τοὺς
3614 537 3742 588 γνη-

2151 610 2432 669 σιεύοντας.
2483 607 2643 661 ’Ὥστε
2695 613 2784 661 καὶ
2834 610 2862 666 ἡ
2922 605 3170 680 ἀδελφικὴ
3213 609 3353 680 ὑμῶν
3392 611 3628 679 τιμιότης
3659 626 3747 658 πε-

2145 701 2318 770 ριττόν
2374 719 2424 750 τι
2490 696 2549 748 ἀν
2601 697 2892 771 εἰργάζετο,
2965 700 3106 770 παρά
3172 704 3264 749 τοῦ
3349 695 3747 769 θεοφιλεστάτου

2147 787 2292 857 ἡμῶν
2349 790 2544 858 πατρὸς
2626 791 2718 838 καὶ
2788 786 3212 860 ἀρχιεπισκόπου
3293 793 3383 837 τοῦ
3445 783 3749 858 Δυρραχίου

2151 874 2358 927 ἰαθεῖσα
2403 881 2492 928 καὶ
2549 880 2621 948 μὴ
2672 876 2976 948 ἐμμείνασα,
3039 873 3147 926 ἀλλ’
3199 876 3274 926 ἔτι
3313 879 3401 926 καὶ
3449 873 3571 945 παρ’
3598 875 3748 944 ἡμῶν

2149 971 2247 1013 τῶν
2301 965 2576 1036 ὑφειμένων
2631 965 2900 1037 θεραπείαν
2957 961 3302 1024 ἐπιζητοῦσα.
3367 961 3500 1017 Ἀλλ’
3563 964 3670 1013 ἐπεὶ
3722 961 3749 1012 ὁ

2147 1051 2296 1124 λόγος
2353 1061 2442 1113 τῆς
2514 1053 2722 1124 ἀγάπης
2787 1058 3022 1110 κεκίνηκε
3084 1061 3171 1103 νῦν
3243 1053 3374 1124 ὑμᾶς
3439 1049 3750 1113 ἐπιστεῖλαι,

2147 1146 2356 1194 πέπεικε
2439 1147 2529 1193 καὶ
2601 1143 2742 1214 ἡμᾶς
2815 1146 2931 1204 τοὺς
3002 1139 3320 1214 οὐδαμινοῦς
3373 1138 3753 1193 ἀντεπιστεῖλαι

2149 1231 2290 1303 ὑμῖν,
2348 1235 2436 1282 καὶ
2494 1231 2725 1302 συνάψαι
2768 1235 2893 1303 πρὸς
2937 1232 3148 1292 ἑαυτοὺς
3187 1237 3248 1302 τῇ
3288 1231 3588 1300 ἀγαπητικῇ
3633 1223 3756 1280 δια-

2154 1321 2309 1374 θέσει.
2339 1324 2453 1390 Χρὴ
2512 1322 2636 1391 γὰρ,

2155 1409 2278 1460 αὐτὸ
2335 1409 2634 1481 ἐπάγγελμα
2693 1411 3131 1482 ἐπανῃρημένους,
3203 1413 3292 1460 καὶ
3365 1410 3422 1459 τὸ
3489 1405 3615 1458 αὐτὸ
3663 1401 3754 1458 οὖν

2688 1325 2777 1372 καὶ
2831 1317 2970 1390 δίχα
3020 1323 3157 1381 τινος
3206 1319 3512 1389 ἀναγκαίου,
3547 1319 3752 1377 τοὺςτό

2155 1503 2392 1571 φρόνημα
2449 1498 2844 1570 ἀσπαζομένους
2902 1497 3237 1569 ἀγαπητικῶς
3296 1497 3748 1569 συνανακρᾶσθαι.

2157 1591 2255 1639 Καὶ
2282 1589 2383 1660 γὰρ
2427 1584 2518 1639 διὰ
2569 1591 2628 1639 τὸ
2667 1587 3026 1645 πληθυνθῆναι
3081 1591 3173 1644 τὴν
3220 1585 3457 1656 ἀνομίαν,
3510 1584 3748 1656 ψυγῆναι

2154 1680 2244 1734 τὴν
2303 1685 2401 1727 τῶν
2450 1675 2649 1728 πολλῶν
2718 1673 2946 1746 ἀγάπην,
2989 1677 3013 1727 ὁ
3056 1677 3244 1748 Κύριος
3302 1677 3497 1747 εἴρηκε,
3544 1677 3612 1725 Τὸ
3663 1675 3757 1744 μὲν

2155 1761 2242 1816 οὖν
2303 1772 2396 1826 τῆς
2439 1764 2666 1840 ἰατρείας
2720 1767 2862 1837 ὑμῶν
2913 1767 3049 1817 κατά
3093 1768 3149 1817 τό
3202 1766 3620 1834 κεκανονισμένον
3650 1762 3752 1813 ὑπὸ

2157 1860 2248 1905 τοῦ
2277 1853 2571 1924 ἀγιωτάτου
2629 1853 3080 1926 ἀρχιεπισκόπου,
3141 1855 3499 1925 συντηρείσθω
3546 1850 3752 1906 ἀνοσον.

2155 1949 2320 1994 Τοῦτο
2362 1939 2420 1995 δὲ
2473 1951 2822 2015 παραινοῦμεν
2866 1948 2955 1995 xui
3009 1944 3490 2015 ὑπομιμνήσκομεν,
3519 1945 3588 2012 μὴ
3635 1941 3758 2011 ὑφι-

2160 2034 2328 2094 ζάνειν
2373 2031 2526 2083 πάλιν
2577 2032 2643 2092 εἰς
2673 2034 2740 2084 τά
2796 2031 3004 2084 ὀπίσω·
3049 2029 3188 2104 μηδέ
3231 2034 3361 2105 πρὸς
3399 2034 3491 2088 τὴν
3522 2028 3756 2102 ὀλεθρίαν

2160 2121 2457 2172 ὑπόπτωσιν
2512 2120 2812 2190 ἀπάγεσθαι
2846 2117 2940 2172 διά
2968 2117 3132 2172 τῶνδε
3177 2123 3263 2171 καὶ
3294 2115 3458 2171 τῶνδε
3501 2126 3599 2169 τῶν
3626 2137 3759 2188 γνωο

2158 2211 2448 2282 ρισμάτων.
2506 2211 2685 2281 Ἀρκεῖ
2739 2212 2840 2282 γὰρ
2893 2214 2984 2260 καὶ
3038 2211 3104 2261 τὰ
3151 2207 3312 2261 πάλαι
3353 2224 3364 2234 ·
3426 2206 3498 2279 ἐφ’
3552 2207 3627 2267 οἷς
3666 2209 3758 2257 καὶ

2159 2298 2419 2371 ὀφείλομεν
2453 2303 2643 2351 στένειν
2687 2303 2776 2351 καὶ
2826 2303 3038 2368 ποτνιᾴν
3096 2297 3163 2358 εἰς
3226 2301 3284 2350 τὸ
3333 2295 3431 2360 ἀεὶ,
3487 2296 3678 2347 κλαίειν
3705 2313 3760 2346 τε

2160 2393 2248 2439 καὶ
2305 2388 2567 2460 οἰμώζειν,
2627 2388 2706 2439 ὃτι
2762 2396 2861 2440 τῶν
2919 2384 3149 2458 ἀδελφῶν
3199 2387 3546 2458 ὁμοσχήμων,
3596 2403 3759 2455 μετα-

2163 2479 2379 2529 σθέντων
2411 2479 2478 2537 ὡς
2520 2475 2676 2528 ἀετῶν
2717 2477 2852 2548 ὑψοῦ
2883 2484 2944 2548 τῇ
2982 2475 3228 2548 ὁμολογίᾳ
3263 2493 3278 2508 ο
3331 2477 3480 2547 ἡμεῖς
3524 2475 3623 2526 ὑπὸ
3652 2492 3759 2524 πα-

2159 2563 2290 2638 γίδα
2354 2568 2716 2638 κεκρατήμεθα
2757 2575 2846 2626 τῆς
2900 2567 3184 2638 αἱρέσεως·
3254 2563 3500 2616 κάκείνων
3566 2560 3762 2614 διωκο-

2161 2658 2343 2725 μένων,
2401 2657 2546 2726 ἡμεῖς
2607 2658 2742 2706 οἶκοι
2794 2659 3006 2727 μένομεν
3041 2670 3051 2680 '
3114 2658 3204 2706 xui
3261 2650 3424 2706 τῶνδε
3455 2652 3756 2712 ἠθληκότων

2161 2753 2508 2818 μαρτυρικῶς,
2565 2747 2710 2817 ἡμεῖς
2771 2744 2972 2817 ἔξαρνοι
3009 2752 3290 2816 γεγόναμεν
3343 2747 3488 2815 χειρὶ
3517 2747 3606 2793 xui
3633 2745 3757 2793 στὸ-

2162 2853 2310 2905 ματι,
2352 2834 2447 2885 κᾶν
2492 2834 2550 2885 οὐ
2595 2830 2793 2907 καρδίᾳ
2827 2853 2840 2866 ·
2874 2838 2965 2885 καὶ
3012 2831 3176 2884 ἀλλων
3215 2832 3632 2905 φυλακιζομένων
3673 2836 3765 2882 καὶ

2162 2922 2652 2994 λιμοκτονουμένων,
2704 2925 2856 2995 ἡμεῖς
2921 2923 2971 2974 ἐν
3026 2918 3180 2994 ἀδείᾳ
3227 2919 3499 2993 διήγομεν.
3534 2927 3646 2980 Πῶς
3677 2915 3766 2972 οὖν

2166 3012 2259 3064 οὐκ
2286 3010 2592 3084 ἐνθυμητέον
2622 3020 2806 3077 ταῦτα,
2839 3016 2928 3063 xui
2965 3007 3058 3064 διὰ
3105 3006 3234 3063 τάδε
3264 3007 3510 3084 ὀδυρτέον
3546 3027 3559 3075 ;
3590 3032 3607 3056 ι
3650 3015 3767 3070 Πῶς

403 3101 598 3157 sanda
650 3117 770 3156 non
829 3106 989 3172 sunt,
1037 3101 1130 3156 vel
1180 3101 1396 3156 horum
1448 3119 1629 3158 causa
1688 3118 1806 3157 non
1853 3102 2049 3174 lugen-

2166 3103 2372 3173 ἔσομαι,
2416 3107 2571 3172 φησὶν
2619 3103 2644 3152 6
2699 3105 2857 3172 μέγας
2911 3101 3196 3164 Βασίλειος,
3238 3101 3369 3171 μετά
3399 3097 3519 3152 Ἰὼϐ
3561 3099 3586 3149 ὁ
3627 3095 3768 3169 μηδὲ

401 3190 595 3246 dum?
627 3211 654 3239 ‹‹
684 3191 812 3255 Quo
844 3197 1036 3260 pacto,
1068 3190 1148 3244 ait
1179 3205 1434 3258 magnus
1471 3191 1737 3251 Basilius,
1770 3206 1905 3245 cum
1944 3190 2056 3246 Job

402 3294 523 3344 ero,
557 3278 661 3350 qui
710 3294 818 3332 nec
851 3277 1168 3333 minimam
1221 3278 1602 3334 afﬂictionem
1660 3296 1794 3334 cum
1842 3281 2056 3348 gratia-

399 3384 534 3423 rum
563 3368 794 3422 actione
841 3367 1077 3437 suscepi
1107 3368 1133 3422 ?
1162 3368 1473 3440 quomodo
1519 3386 1656 3423 cum
1689 3385 2056 3440 unoquoque

403 3460 770 3521 sanctorum,
814 3455 916 3527 qui
974 3471 1081 3527 per
1135 3472 1341 3512 eorum
1395 3445 1640 3529 vestigia
1694 3459 1876 3512 vitam
1934 3473 2055 3512 non

398 3545 590 3600 duxi?
621 3565 649 3593 »
680 3545 898 3612 Videte,
935 3544 1160 3606 fratres,
1197 3547 1536 3615 cujusmodi
1592 3548 1707 3601 sint
1764 3554 2052 3602 terrores:

401 3638 695 3705 quantum
754 3633 1079 3687 intercedat
1132 3633 1516 3688 discriminis.
1577 3635 1731 3702 Quid
1754 3635 2048 3705 proderit,

404 3722 614 3793 inquit,
667 3722 892 3777 homini
938 3722 988 3776 si
1030 3723 1369 3778 universum
1420 3724 1708 3779 mundum
1763 3725 2051 3792 lucretur,

403 3811 618 3868 anima:
647 3826 783 3866 vero
804 3826 925 3866 suae
947 3811 1362 3867 detrimentum
1411 3814 1684 3880 patiatur
1715 3814 1760 3848 ⁸⁸
1783 3811 1810 3867 ?
1844 3816 2048 3868 Nonne

402 3901 530 3956 haec
588 3899 822 3955 Domini
879 3917 990 3955 vox
1040 3901 1180 3956 est?
1231 3903 1568 3956 Timeamus
1623 3917 1764 3971 ergo
1812 3908 1866 3956 et
1915 3917 2052 3957 con-

406 3990 864 4046 tremiscamus:
920 4005 990 4044 ac
1040 3990 1114 4044 de
1165 3990 1463 4060 prioribus
1513 3990 1756 4062 quidem
1812 3990 2054 4046 veniam

405 4095 582 4152 porro
597 4078 986 4150 imploremus
1011 4100 1023 4145 ;
1048 4079 1105 4134 in
1120 4084 1426 4149 posterum
1444 4085 1646 4134 autem
1667 4089 1825 4135 recto
1847 4095 2056 4150 gressu

405 4168 804 4233 ambulemus,
834 4184 954 4223 non
994 4168 1332 4224 vacillantes
1373 4168 1493 4223 ullo
1528 4169 1730 4235 modo,
1767 4185 1961 4242 neque
1995 4169 2055 4224 in

406 4259 558 4313 duas
584 4263 802 4328 partes,
847 4258 1011 4329 quod
1060 4258 1350 4329 scriptum
1401 4263 1506 4325 est,
1541 4258 1947 4314 claudicantes
1967 4259 2054 4323 υς

406 4347 509 4403 sed
537 4346 597 4402 in
632 4348 726 4402 Dei
760 4347 1065 4402 mandatis
1110 4353 1271 4403 recta
1320 4349 1680 4413 incedentes,
1733 4348 1914 4403 ﬁdem
1942 4349 2057 4402 sin-

405 4451 626 4500 ceram,
660 4437 955 4507 vitamque
994 4435 1112 4492 doli
1149 4443 1449 4507 expertem
1492 4444 1918 4493 conservantes
1952 4455 1965 4504 ;
1999 4442 2058 4491 ut

403 4524 811 4581 haereditatem
843 4524 1272 4595 adipiscamur,
1299 4541 1417 4581 non
1449 4542 1734 4598 pgrorum
1767 4532 1822 4581 et
1850 4528 2056 4581 vinea-

403 4630 559 4679 rum,
593 4619 648 4669 et
673 4613 944 4679 ficorum,
980 4619 1035 4668 et
1063 4631 1439 4687 quaecunque
1486 4621 1624 4670 sunt
1673 4616 1844 4671 morti
1872 4615 2060 4670 obno-

407 4705 517 4760 xite
549 4708 605 4759 et
651 4704 1049 4774 corruptibilis
1081 4703 1254 4771 vitae;
1289 4704 1390 4758 sed
1422 4705 1718 4760 bonorum
1752 4721 1887 4775 qua:
1922 4720 2061 4775 pro-

407 4793 598 4850 missa
620 4798 775 4856 sunt,
811 4795 942 4848 vitae
972 4800 1226 4857 aeternae,
1246 4794 1532 4864 regnique
1555 4794 1862 4848 caelorum.
1887 4793 2060 4861 Quod

405 4883 566 4938 enim
590 4882 901 4938 contrariis
922 4882 1258 4937 actionibus
1279 4882 1638 4952 rependatur
1663 4899 1887 4937 merces
1919 4883 2061 4953 ipsis

407 4972 722 5036 contraria,
748 4971 903 5027 absit
929 4977 987 5026 ut
1009 4971 1340 5042 cogitemus
1371 4976 1472 5025 aut
1492 4971 1783 5026 dicamus.
1825 4973 1939 5026 Pax
1959 4987 2060 5026 vo-

412 5062 525 5125 bis,
562 5061 768 5118 fratres
813 5062 873 5116 in
934 5061 1204 5116 Domino.
1241 5059 1473 5116 Paciﬁci
1525 5065 1710 5115 estote
1766 5060 2060 5125 invicem;

413 5156 578 5206 orate
599 5165 709 5222 pro
738 5150 912 5206 nobis
939 5149 1223 5205 fratribus
1251 5167 1263 5216 ;
1293 5148 1706 5206 consolamini.

484 5383 531 5420 ⁸⁷
557 5383 752 5441 Matth.
780 5398 941 5448 xxiv,
980 5386 1064 5440 l2.
1141 5382 1187 5420 ⁸⁸
1218 5381 1416 5441 Matth.
1449 5396 1564 5448 xlv,
1589 5380 1678 5438 26.

2093 4463 2137 4519 D

2167 3194 2260 3248 τήν
2316 3198 2588 3262 τυχοῦσαν
2640 3189 2813 3260 Θλίψιν
2874 3189 2981 3262 μετ’
3043 3189 3387 3262 εὐχαριστίας
3444 3184 3766 3258 δεξάμενος;

2168 3287 2278 3340 πῶς
2309 3275 2366 3330 δὲ
2406 3279 2516 3348 μεθ’
2552 3278 2774 3331 ἑκάστου
2815 3287 2914 3329 τῶν
2972 3278 3154 3349 ἁγίων,
3209 3279 3235 3329 6
3285 3282 3357 3350 μὴ
3409 3283 3519 3338 τοῖς
3558 3279 3764 3348 ἴχνεσιν

2168 3363 2334 3415 αὐτῶν
2387 3363 2920 3435 ἐμπολιτευσάμενος;
2958 3384 2984 3413 ››
3073 3362 3275 3436 Ὀρᾶτε,
3374 3358 3607 3434 ἀδελφοὶ,
3669 3362 3772 3414 οἶοι

2167 3454 2214 3503 οἱ
2246 3453 2573 3526 φοϐερισμοὶ,
2609 3453 2695 3504 οἷα
2723 3454 2788 3504 τὰ
2828 3449 3189 3524 διαστήματα.
3245 3455 3339 3518 Τί,
3393 3454 3574 3523 φησὶν,
3616 3450 3764 3522 ὠφε-

2165 3541 2352 3600 λήσει
2406 3540 2759 3614 ἆνθρωπον,
2829 3539 2931 3593 ἐὰν
2983 3541 3124 3593 ὅλον
3185 3544 3288 3593 τὸν
3343 3544 3589 3612 κόσμον
3642 3558 3764 3612 κερ-

2168 3628 2361 3703 δήσῃ,
2418 3635 2529 3688 τὴν
2571 3626 2639 3682 δὲ
2689 3629 2913 3702 ψυχὴν
2967 3630 3164 3682 αὐτοῦ
3220 3631 3566 3701 ζημιωθῇ;
3625 3627 3768 3698 Οὐχὶ

2166 3728 2256 3772 τοῦ
2286 3725 2480 3794 Κυρίου
2509 3723 2647 3791 φωνὴ
2683 3719 2814 3777 αὕτη
2853 3735 2866 3785 ;
2900 3719 3101 3771 Οὐκοῦν
3127 3717 3429 3790 φοϐηθῶμεν
3453 3722 3543 3769 xui
3570 3719 3769 3792 τρομά-

2166 3809 2327 3881 ξωμεν
2359 3825 2370 3838 ’
2411 3813 2501 3860 xui
2528 3812 2644 3881 περὶ
2677 3811 2767 3878 μέν
2799 3816 2964 3862 τιτῶν
2994 3811 3254 3883 προτέρων
3288 3803 3555 3878 δεηθῶμεν
3582 3809 3660 3858 ἔτι
3676 3811 3771 3862 τὴν

2168 3904 2517 3970 συγχώρησιν
2554 3915 2566 3927 ·
2608 3902 2737 3970 πρὸς
2776 3916 2828 3949 τε
2873 3900 2939 3949 τά
2997 3896 3114 3960 ἑξῆς
3158 3893 3492 3970 βαδιούμεθα
3548 3895 3774 3970 ὀρθοπο-

2168 3983 2398 4053 δοῦντες,
2424 3983 2554 4059 μηδ’
2586 3987 2712 4048 ὅλως
2741 3986 3098 4058 σκελιζόμενοι
3131 4007 3143 4019 ο
3177 3981 3307 4058 μηδ’
3333 3983 3408 4037 ἐπ’
3459 3986 3775 4058 ἀμφοτέραις

2166 4085 2280 4140 ταῖς
2314 4077 2514 4148 ἰγνύαις
2565 4077 2936 4149 χωλανοῦντες,
2970 4078 3102 4128 κατά
3133 4079 3190 4128 τὸ
3230 4077 3584 4150 γεγραμμένον
3615 4091 3627 4103 ·
3664 4072 3774 4125 ἀλλ’

2168 4167 2571 4238 εὐθυποροῦντες
2601 4165 2648 4218 ἐν
2687 4174 2795 4226 ταῖς
2840 4165 3065 4227 ἐντολαῖς
3113 4173 3203 4217 τοῦ
3231 4172 3364 4218 Θεοῦ
3394 4181 3406 4194 ·
3461 4169 3547 4222 τὴν
3591 4167 3776 4215 πίστιν

2169 4256 2446 4332 ἀκραιφνῆ,

2170 4347 2252 4398 ἵνα
2307 4345 2798 4417 κληρονομήσωμεν,
2869 4344 2962 4395 οὒκ
3032 4342 3247 4416 ἀγροὺς,
3305 4347 3394 4394 καὶ
3443 4340 3771 4413 ἀμπελῶνας,

2530 4261 2622 4314 τὴν
2672 4256 2932 4308 πολιτείαν
3003 4251 3288 4313 ἀκίϐδηλον
3349 4260 3727 4326 συντηροῦντες
3759 4268 3771 4282 ⁸

2168 4439 2254 4487 καὶ
2289 4440 2473 4499 συκᾶς,
2533 4439 2620 4485 xui
2679 4435 2778 4484 ὅσα
2831 4440 2926 4494 τῆς
2983 4432 3236 4504 ἐπικήρου
3295 4437 3385 4482 καὶ
3434 4431 3774 4504 φθειρομένης

2171 4523 2306 4584 ζωῆς
2342 4541 2352 4552 ·
2377 4522 2507 4574 ἀλλά
2544 4525 2607 4574 τά
2639 4525 2686 4574 ἐν
2718 4520 3046 4593 ἐπαγγελίαις
3115 4520 3306 4592 ἀγαθὰ,
3339 4524 3431 4577 τὴν
3487 4518 3628 4578 ζωὴν
3677 4522 3774 4576 τήν

2171 4613 2396 4676 αἰώνιον,
2455 4617 2548 4670 τὴν
2601 4609 2872 4685 βασιλείαν
2915 4619 3014 4662 τῶν
3070 4610 3324 4684 οὐρανῶν,
3369 4611 3437 4662 Τὸ
3481 4610 3582 4682 γὰρ
3637 4606 3778 4659 ἐναν-

2171 4706 2277 4753 τίον
2331 4703 2385 4753 ἐκ
2416 4709 2514 4752 τῶν
2559 4699 2795 4753 ἐναντίων
2837 4699 3067 4772 πράξεων
3117 4700 3418 4770 ἀπάντημα,
3480 4695 3634 4754 ἀπείη
3683 4702 3777 4748 xui

2173 4790 2352 4843 ἐννοεῖν
2413 4795 2495 4842 καὶ
2535 4789 2716 4862 λέγειν.
2775 4789 2964 4860 Εἰρήνη
3021 4790 3165 4861 ὑμῖν,
3221 4783 3434 4859 ἀδελφοὶ
3483 4785 3533 4838 ἓν
3571 4791 3772 4858 Κυρίῳ.

2172 4880 2468 4953 Εἰρηνεύετε
2528 4881 2575 4930 ἓν
2635 4877 2874 4940 ἀλλήλοις
2909 4896 2919 4906 ·
3003 4879 3224 4948 εὔχεσθε
3300 4877 3425 4951 ὑπὲρ
3484 4877 3631 4947 ἡμῶν
3669 4882 3775 4926 τῶν

2173 4966 2403 5042 ἀδελφῶν
2437 4989 2448 5001 ι
2492 4967 2881 5044 παρακλήθητε.

1755 5381 1802 5417 ⁸ο
1831 5379 2003 5438 Hebr.
2035 5396 2139 5448 xu,
2167 5383 2255 5438 t3.
