4058 6274
308 293 445 353 1633

382 420 457 475 ΣΥ
728 421 956 491 Ἰωσὴφ
997 421 1467 491 καθηγουμένῳ
1500 426 1608 470 τῶν
1649 421 1842 494 Κερα.

894 512 1074 581 μέων.
1116 506 1315 580 [ωκη’].

1583 288 2096 351 EPISTOLARUM
2140 296 2280 353 LIB.
2320 290 2385 351 II.

1942 419 1989 471 A

3533 292 3670 353 1634

2184 422 2327 477 CCX.
2351 451 2418 463 -
2441 422 2696 492 Josepho
2718 422 3033 493 praeposito
3066 424 3506 479 Cerameorum.

733 616 898 665 Deﬂet
926 616 1134 666 obitum
1170 615 1544 678 metropolitae.
1580 616 1778 664 Deinde
1812 616 1955 665 hunc
1989 614 2287 678 Josephum
2322 616 2389 665 ad
2419 617 2872 679 perseverantiam
2903 617 3237 666 cohortatur.

385 711 484 759 Καὶ
536 709 636 779 πρὸ
689 714 778 765 τῆς
834 704 1072 765 ἐλεύσεως
1104 712 1194 757 τοῦ
1247 705 1405 756 καλοῦ
1463 709 1699 777 Σεργίοτι
1754 706 1908 762 ηκου-

311 798 469 852 τίσθη
549 798 675 867 ἡμῖν
735 799 793 846 τὸ
865 798 982 867 περὶ
1036 798 1122 846 τὸν
1184 796 1439 866 μακάριον
1511 793 1911 868 Μητροπολίτην

310 887 489 944 πένθος
528 886 692 956 ὑμῶν,
725 884 763 934 ὦ
819 880 1031 955 ἀδελφοὶ
1089 889 1396 954 τιμιώτατοι
1435 898 1447 910 “
1505 888 1593 934 καὶ
1625 884 1743 934 ὅσον
1776 885 1914 934 ἐστε-

310 973 552 1045 νάξαμεν,
626 974 907 1047 προσθείην
967 968 1017 1023 δ’
1066 973 1145 1038 ἄν,
1209 977 1298 1023 καὶ
1351 968 1732 1043 ἑδακρύσαμεν,
1775 968 1913 1023 οἶδεν

315 1065 340 1115 6
395 1071 492 1115 τῶν
547 1071 786 1136 κρυπτῶν
836 1062 1000 1133 [ϐοά.
1054 1064 1192 1130 Reg.
1243 1060 1531 1133 γνὼστης.]
1562 1058 1773 1118 Ἐπειδὴ
1807 1081 1914 1112 κοι-

318 1154 403 1213 νὸς
436 1153 460 1202 6
494 1155 674 1223 Πατὴρ
728 1155 819 1202 καὶ
853 1151 993 1221 ὑμῶν
1051 1154 1135 1202 xui
1170 1150 1337 1221 ἡμῶν,
1383 1150 1520 1220 φίλος
1581 1169 1631 1201 τι
1682 1156 1869 1210 πιστός
1898 1166 1910 1178 ·

313 1244 370 1292 τὸ
400 1243 544 1314 παρὰ
572 1246 704 1291 πᾶσι
746 1239 1059 1310 ζητούμενον
1112 1245 1201 1290 καὶ
1256 1240 1472 1290 σπάνιον
1529 1242 1912 1310 εὑρισκόμενον.

315 1328 387 1381 Ὠ
416 1338 518 1390 πῶς
547 1333 797 1381 κατέπεσε
833 1328 1015 1388 στύλος
1062 1336 1157 1389 τῆς
1184 1328 1497 1386 Ἐκκλησίας
1539 1325 1867 1401 ἀκράδαντος
1895 1346 1912 1399 ;

314 1426 424 1479 πῶς
473 1414 531 1470 δὲ
582 1416 882 1474 ἀπεσϐέσθη
945 1425 1048 1487 φῶς
1097 1425 1196 1468 τῶν
1250 1415 1299 1467 ἐν
1367 1419 1561 1481 σκότει,
1594 1420 1765 1467 καὶτὸ
1798 1418 1916 1487 ὑμέ-

316 1526 460 1579 τερον
518 1503 811 1558 ἰδιαίτατον
849 1508 1148 1576 αὔγασμα;
1203 1509 1451 1576 σεσίγηκε
1492 1504 1708 1575 γλῶσσα
1761 1502 1917 1562 ἡδυε-

316 1600 439 1659 πὴς,
502 1600 669 1666 ᾤχετο
722 1602 843 1655 νοῦς
907 1598 1316 1668 ἐμφρονέστατος
1351 1610 1363 1623 '
1428 1595 1743 1651 ὑπεσπάσθη
1789 1596 1919 1667 ἕρει-

319 1705 428 1757 σμα
476 1689 718 1747 πίστεως,
777 1688 1054 1757 πρόμαχος
1119 1683 1465 1748 Ἐκκλησιῶν,
1525 1682 1785 1754 μειλίχιος
1836 1683 1917 1733 λο-

314 1794 423 1845 γος,
474 1776 735 1833 πειθήνιος
795 1777 932 1846 φωνή
968 1790 978 1801 ’
1043 1779 1141 1824 πᾶν
1192 1774 1313 1824 ὅσον
1373 1772 1526 1823 καλὸν
1584 1777 1672 1823 καὶ
1731 1774 1916 1843 ᾄδεται

315 1868 431 1938 περὶ
487 1869 578 1915 τοῦ
630 1859 823 1935 ἀνδρὸς
876 1867 966 1914 xui
1004 1864 1339 1936 γνωρίζεται.
1389 1866 1488 1914 Καὶ
1517 1867 1816 1933 γεγόναμεν,
1858 1860 1914 1911 οὗ

314 1952 444 2024 λέγω
504 1956 561 2005 τὸ
613 1954 754 2024 ὑμῶν
785 1956 959 2023 μόνον,
1013 1950 1143 2002 ἀλλά
1175 1957 1263 2003 καὶ
1312 1953 1447 2002 κατὰ
1477 1955 1533 2001 τὸ
1565 1960 1662 2002 τῶν
1696 1948 1918 2024 ὀρθοδό-

316 2041 415 2104 ξων
445 2042 724 2115 πλήρωμα,
787 2040 999 2115 ὀρφανοὶ
1049 2040 1132 2091 ἐπὶ
1188 2039 1580 2111 προλαϐούσαις
1626 2040 1913 2113 ὁρφανίαις.

319 2129 612 2205 Προῦλαϐεν
698 2127 787 2183 ὅδε
850 2132 875 2182 6
931 2132 1184 2202 μακάριος

640 2235 652 2248 ·
695 2223 995 2276 συναπέπτη
1030 2218 1176 2278 ἄλλος
1217 2236 1229 2247 ·

1276 2135 1455 2204 Πατήρ
1491 2149 1503 2161 ·
1567 2129 1915 2189 ἐπηκολούθη-

321 2238 402 2272 σεν
434 2220 599 2294 ἕτερος
640 2235 652 2248 ·
695 2223 995 2276 συναπέπτη
1030 2218 1176 2278 ἄλλος
1217 2236 1229 2247 ·
1287 2215 1485 2290 σχεδὸν
1515 2221 1702 2280 πάντες
1730 2220 1779 2270 οἱ
1818 2240 1916 2290 φω-

320 2315 502 2381 στῆρες
565 2316 664 2360 τῶν
716 2316 914 2360 πιστῶν
962 2304 1178 2371 ἔδυσαν,
1245 2304 1441 2379 κομιδῇ
1496 2307 1678 2378 ὀλίγων
1735 2307 1920 2358 ἐναπο-

316 2396 639 2468 λειφθέντων.
706 2401 804 2448 Καὶ
901 2396 1180 2466 στυγνάζει
1237 2399 1327 2467 μὲν
1411 2397 1435 2447 ὁ
1496 2397 1733 2468 οὐρανὸς,
1788 2400 1923 2467 νέφει

319 2490 724 2557 περιεχόμενος·
788 2485 1069 2555 στυγνάζει
1113 2480 1171 2535 δὲ
1228 2486 1307 2536 ὅτι
1355 2484 1585 2555 μάλιστα
1641 2486 1670 2542 ἠ
1706 2484 1918 2542 Ἐκκληο

322 2578 413 2626 σία
488 2581 591 2636 νῦν,
650 2577 771 2634 τοὺς
830 2572 1044 2647 ἀστέρας
1100 2577 1258 2632 αὐτῆς
1310 2572 1715 2631 ἀποϐεϐληκυῖα.
1784 2574 1920 2631 Πλὴν

320 2662 513 2733 ὅμωςὸ
568 2668 660 2723 τῆς
716 2657 1061 2722 δικαιοσύνης
1121 2662 1260 2722 ἥλιος
1318 2662 1486 2733 εἴληφε
1539 2666 1656 2723 τοὺς
1690 2666 1920 2734 [Ιατέρας

318 2748 489 2822 [C0d.
521 2752 659 2820 Reg.
694 2748 965 2824 ἀστέρας.]
1004 2754 1245 2823 μακαρίῳ
1285 2750 1415 2802 τέλει
1462 2750 1864 2813 ἀποϐιὼσαντας
1903 2768 1916 2780 ⁸

321 2843 409 2890 καὶ
436 2830 598 2900 ίαύτός
626 2840 884 2910 ὑπέσχετο
910 2840 1019 2901 ἕως
1071 2847 1183 2900 τῆς
1240 2838 1613 2902 συντελείας
1667 2848 1776 2892 τοῦ
1829 2840 1923 2892 αἰ-

320 2935 475 2988 ῶνος
525 2929 739 2979 ἔσεσθαι
789 2928 902 2999 μεθ’
952 2930 1118 3000 ἡμῶν.
1159 2926 1319 2980 Ὠστε
1376 2928 1420 2981 εἰ
1476 2934 1566 2980 καὶ
1619 2929 1829 3003 λυπηρὰ
1858 2931 1924 2982 τὰ

319 3020 558 3090 παρόντα
585 3034 597 3046 ⁸
632 3016 759 3069 ἀλλὰ
805 3016 956 3069 πάλιν
1014 3025 1279 3092 περιχαρῆ
1329 3014 1422 3069 διὰ
1460 3022 1552 3076 τὴν
1607 3015 1815 3088 ἐλπίδα,
1844 3021 1922 3070 ὅτι

317 3106 507 3176 ἔχομεν
560 3106 632 3165 εἰς
684 3111 812 3158 Θεὸν
869 3108 986 3169 τοὺς
1042 3111 1275 3179 Πατέρας
1331 3108 1472 3179 ἡμῶν
1503 3110 1920 3180 ὑπερασπιστάς,

2095 708 2158 759 Et
2208 712 2343 759 ante
2393 706 2718 760 adventum
2762 706 2906 761 boni
2932 706 3139 775 Sergii,
3180 707 3254 761 de
3284 706 3447 761 luctu
3478 713 3677 765 vestro

2024 795 2180 849 circa
2215 795 2457 849 beatum
2508 795 2949 866 metropolitam
2990 797 3433 859 audiveramus,
3465 796 3677 852 fratres

2024 883 2496 937 honoratissimi:
2544 890 2839 954 quantum
2907 884 3403 953 iugemuerimus,
3448 884 3672 941 addam

2025 976 2246 1034 autem,
2279 970 2590 1042 lacrymati
2622 972 2831 1035 simus,
2866 974 3029 1026 novit
3074 971 3443 1027 occultorum
3472 974 3679 1043 Cogni-

2026 1065 2133 1113 tor.
2168 1060 2515 1115 Communis
2546 1060 2769 1131 quippe
2824 1067 2992 1131 pater
3023 1067 3147 1115 erat
3194 1067 3249 1115 et
3282 1066 3470 1116 vester
3491 1068 3545 1117 et
3575 1079 3679 1118 no-

2027 1158 2159 1213 ster,
2213 1147 2492 1220 ﬁdusque
2540 1150 2794 1213 amicus,
2825 1149 3020 1221 qualis
3074 1151 3151 1204 ab
3195 1151 3478 1204 omnibus
3511 1167 3678 1222 quaa-

2026 1238 2194 1302 ritur,
2214 1245 2269 1290 et
2293 1253 2429 1291 raro
2457 1237 2775 1292 invenitur.
2799 1239 2842 1294 Ο
2874 1239 3183 1309 quomodo
3213 1238 3424 1294 cecidit
3453 1240 3678 1295 colum-

2026 1341 2106 1380 na
2128 1325 2398 1380 Ecclesiae
2430 1326 2831 1383 inconcussa?
2861 1328 3170 1398 quomodo
3205 1327 3559 1383 exstinctum
3591 1336 3679 1384 est

2027 1414 2230 1469 lumen
2289 1416 2345 1468 in
2399 1415 2654 1470 tenebris
2708 1416 3236 1481 commorantium,
3288 1421 3345 1472 et
3396 1417 3679 1487 splendor

2030 1510 2219 1558 vester
2260 1504 2619 1574 peculiaris?
2664 1504 2743 1559 ob
2775 1507 2990 1560 mutuit
3036 1505 3241 1574 lingua
3298 1506 3674 1577 suaviloqua,

2031 1592 2362 1647 abiitmens
2389 1593 2874 1663 prudentissima,
2909 1594 3260 1647 convulsum
3283 1600 3370 1649 est
3400 1594 3678 1649 columen

2028 1680 2189 1746 ﬁ-iei,
2210 1689 2619 1752 propugnator
2637 1682 2927 1748 Ecclesiae,
2961 1682 3281 1737 mellitluus
3314 1699 3532 1750 sermo,
3562 1700 3678 1739 vox

2028 1771 2431 1840 persuadens:
2461 1772 2753 1841 quidquid
2777 1771 3035 1843 denique
3058 1772 3201 1827 boui
3220 1772 3294 1826 de
3320 1789 3441 1827 Viro
3461 1773 3678 1844 praedi-

2028 1863 2196 1913 catur
2222 1868 2277 1913 et
2305 1861 2671 1928 agnoscitur.
2710 1862 2774 1914 Et
2805 1860 2941 1915 facti
2989 1877 3219 1930 sumus,
3254 1877 3372 1915 non
3407 1861 3540 1915 dico
3568 1877 3677 1916 vos

2028 1952 2280 2016 tantum,
2302 1947 2405 2001 sed
2431 1963 2643 2003 omnes
2679 1949 2903 2019 ubique
2932 1949 3270 2015 orthodoxi,
3304 1951 3559 2020 orphani
3587 1967 3681 2004 su-

2028 2052 2138 2107 pra
2155 2036 2557 2107 praacedentes
2570 2037 2872 2093 orbitates.
2893 2040 3443 2095 Antecessitbeatus
3461 2040 3556 2093 hic
3580 2042 3681 2093 Pa-

2030 2133 2133 2195 ter,
2170 2125 2527 2180 subsecutus
2554 2132 2641 2180 est
2671 2127 2835 2191 alter,
2871 2127 3048 2181 simul
3066 2127 3325 2183 avolavit
3351 2128 3521 2194 alius,
3554 2144 3680 2182 om-

2031 2214 2131 2269 nia
2162 2230 2345 2285 prope
2385 2213 2652 2269 ﬁdelium
2682 2214 2913 2270 lumina
2938 2218 3304 2283 occiderunt,
3339 2220 3545 2289 paucis
3577 2216 3679 2271 ad-

2031 2306 2279 2360 modum
2310 2306 2542 2360 relictis.
2563 2307 2900 2360 Ettristatur
2925 2306 3168 2376 quidem
3187 2307 3680 2362 coelumuubibus

2030 2392 2459 2448 circumfusum
2488 2417 2499 2460 ;
2532 2396 2792 2449 tristatur
2828 2401 3029 2449 autem
3064 2395 3123 2449 in
3152 2397 3359 2466 primis
3394 2411 3553 2450 nunc
3577 2399 3678 2450 Ec-

2030 2482 2227 2546 clesia,
2260 2482 2444 2538 stellis
2478 2484 2602 2537 suis
2638 2483 2749 2538 sibi
2798 2483 3094 2539 detractis.
3128 2485 3548 2539 Verumtamen
3582 2483 3679 2540 Sol

2024 2572 2266 2642 justitiaa
2291 2574 2628 2643 assumpsit
2649 2572 2845 2627 Patres
2876 2573 3053 2628 beato
3079 2576 3239 2628 exitu
3258 2575 3373 2628 vita
3403 2574 3637 2628 functos
3662 2590 3675 2627 :

2030 2666 2083 2715 et
2108 2661 2237 2730 ipse
2269 2661 2581 2716 nobiscum
2625 2676 2807 2731 usque
2852 2662 2932 2717 ad
2978 2665 3541 2719 consummationem
3573 2678 3680 2719 sae-

2028 2751 2150 2805 culi
2180 2753 2222 2786 9°
2247 2751 2511 2805 futurum
2549 2767 2610 2805 se
2641 2752 2933 2822 promisit.
2957 2753 3148 2817 Quare
3181 2752 3313 2808 licet
3342 2753 3531 2807 tristia
3563 2754 3679 2806 sint

2030 2841 2369 2909 praesentia,
2403 2841 2536 2895 laeta
2593 2846 2729 2894 sunt
2762 2856 2965 2895 rursus
3014 2848 3256 2913 propter
3287 2858 3480 2913 spem,
3512 2842 3679 2913 quod

2028 2927 2225 2982 Patres
2257 2936 2492 2983 nostros
2520 2929 2684 2999 apud
2716 2932 2901 2984 Deum
2929 2936 3293 3001 protectores
3319 2931 3678 2995 habeamUs,

2029 3016 2107 3072 ab
2138 3016 2257 3072 alto
2272 3033 2380 3072 nos
2391 3017 2649 3086 benigne
2666 3019 3067 3088 respicientes,
3086 3020 3135 3090 ej
3149 3035 3336 3090 usque
3349 3019 3678 3074 bonitatem

2030 3106 2109 3161 ad
2134 3107 2317 3161 nostri
2339 3106 2925 3162 commiserationem
2956 3108 3340 3163 inﬂectentes.
3373 3111 3448 3163 De
3467 3112 3680 3163 caetero

314 3194 511 3247 ἄνωθεν
557 3193 927 3254 ἐποπτεύοντας
1006 3198 1147 3267 ἡμᾶς
1200 3196 1365 3265 ἵλεως,
1424 3201 1514 3248 καὶ
1591 3199 1918 3269 κάμπτοντας

2032 3195 2107 3251 ad
2138 3211 2247 3251 vos
2270 3196 2674 3251 convertenda
2699 3203 2785 3251 est
2815 3197 3021 3252 oratio.
3059 3198 3541 3269 Haudquaquam
3573 3197 3680 3252 de-

312 3282 392 3345 εἰς
462 3288 548 3336 τὸν
604 3288 723 3355 περὶ
779 3285 918 3356 ἡμᾶς
970 3281 1156 3351 οἶκτον,
1218 3289 1311 3343 τὴν
1385 3285 1543 3337 αὐτοῦ
1598 3285 1917 3357 ἀγαθότητα.

311 3377 519 3425 Λοιπὸν
568 3373 639 3445 ἐφ’
680 3377 799 3445 ὑμῖν
863 3372 1228 3448 ἕπιστρεπτέος
1267 3376 1292 3425 6
1348 3373 1524 3445 λόγος.
1577 3379 1651 3427 Οὐ
1680 3380 1921 3448 ποίμνιον

310 3460 435 3514 ἔστι
466 3463 813 3535 ἠπορημένον,
856 3460 894 3513 ὦ
938 3459 1170 3535 ἀδελφοί.
1203 3462 1261 3515 Ὀ
1310 3465 1411 3535 γὰρ
1460 3463 1611 3524 καλὸς
1667 3463 1925 3538 ἀρχιποί-

305 3571 421 3624 μην
468 3552 631 3623 ὑμῶν,
694 3553 718 3603 6
774 3559 864 3604 τοῦ
921 3558 1183 3626 μακαρίου
1233 3557 1432 3626 Πέτρου
1482 3561 1572 3606 τοῦ
1631 3553 1921 3607 ἀποστόλου

303 3642 610 3713 ὁμώνυμος,
660 3637 768 3698 ἢδη
822 3645 914 3693 xui
967 3644 1197 3694 ἐτύπωσε
1250 3647 1335 3694 καὶ
1396 3642 1787 3715 ἐστοιχείωσεν,
1849 3647 1923 3696 ἔτι

301 3749 365 3782 τε
436 3733 535 3792 ζῶν
590 3731 874 3802 ἡγούμενον
938 3733 1058 3803 ὑμῖν
1110 3737 1511 3804 προεστήσατο·
1569 3738 1658 3784 καὶ
1695 3739 1795 3786 πᾶν
1844 3735 1923 3786 ὅτι

301 3819 401 3872 οὖν
471 3819 797 3891 ὀφειλόμενον
852 3816 1128 3883 διετάξατο
1170 3837 1180 3847 ·
1239 3827 1327 3873 καὶ
1381 3821 1492 3874 ὃλον
1551 3827 1799 3887 ἐνιαυτὸν,
1856 3826 1924 3884 ὡς

300 3905 426 3967 ἤδη
490 3907 726 3983 ἀπαίρων
782 3910 901 3961 καθ’
975 3910 1199 3969 ἑκάστην
1252 3913 1469 3985 ἡμέραν,
1529 3916 1649 3973 τοὺς
1703 3932 1923 3964 συντακ-

296 4002 533 4072 τηρίους
580 3997 767 4069 λόγους
824 3999 1107 4071 ἐπιφωνῶν,
1164 4004 1470 4074 κατήρτισεν
1524 4002 1610 4053 ἕνα
1656 4002 1913 4053 ἕκαστον

292 4092 399 4139 καὶ
467 4085 627 4158 εὐχῆς
680 4090 769 4159 μὲν
819 4090 989 4163 ἔργον,
1035 4094 1108 4160 μὴ
1162 4093 1297 4141 κατά
1370 4094 1463 4148 τὴν
1516 4087 1802 4142 δυσκολίαν
1832 4098 1924 4142 τοῦ

292 4181 542 4251 χρόνου,
574 4176 739 4237 άλλως
766 4174 1055 4234 ἀπαντήσει
1101 4181 1166 4230 τὰ
1211 4180 1515 4253 πράγματα,
1571 4178 1680 4230 ἀλλ’
1719 4182 1788 4240 ὡς
1818 4176 1922 4231 διε-

289 4265 531 4330 τάξατο,
588 4262 856 4338 διαμεῖναι
907 4272 997 4319 καὶ
1057 4268 1191 4340 ὑμᾶς
1221 4272 1311 4320 καὶ
1355 4272 1507 4321 αὑτά.
1545 4268 1619 4320 Οὐ
1652 4273 1754 4340 μὴν
1780 4269 1823 4321 εἰ
1849 4265 1922 4320 δι’

296 4354 554 4416 ἐναντίας
602 4355 764 4423 ἔλθοι,
836 4359 1021 4409 τούτου
1086 4360 1249 4430 χάριν
1315 4360 1572 4430 προέσθαι
1640 4360 1777 4430 ὑμᾶς
1832 4364 1920 4417 τὴν

295 4444 563 4503 ἀλήθειαν
597 4460 613 4476 ο
664 4444 792 4497 ἀλλά
846 4447 1015 4506 καθὼς
1094 4445 1327 4508 κάκεῖνος
1402 4443 1675 4509 διετάξατο
1737 4446 1921 4520 ἐγγρά-

2032 3285 2264 3339 stitutus
2291 3299 2433 3354 grex
2463 3284 2623 3351 estis,
2652 3284 2879 3340 fratres.
2917 3286 3201 3355 Egregius
3234 3287 3393 3341 enim
3418 3287 3524 3351 vir,
3558 3287 3683 3356 pri-

2030 3388 2167 3428 mus
2218 3380 2421 3444 pastor
2479 3380 2690 3438 vester,
2725 3375 2880 3429 beati
2917 3375 3059 3429 Petri
3087 3375 3340 3446 apostoli
3369 3375 3681 3444 cognomi-

2032 3463 2141 3527 nis,
2165 3463 2293 3532 jam
2322 3478 2426 3518 vos
2447 3463 2705 3518 erudivit
2734 3469 2789 3519 et
2836 3462 3198 3529 informavit,
3226 3471 3281 3519 et
3311 3480 3447 3519 cum
3480 3464 3679 3520 adhuc

2030 3551 2268 3617 viveret,
2294 3552 2681 3623 pracpositum
2711 3553 2877 3608 vobis
2917 3553 3182 3624 praefecit
3210 3570 3223 3620 ;
3253 3560 3309 3609 et
3339 3570 3472 3625 quae
3502 3553 3682 3608 debe-

2030 3640 2152 3707 bat,
2184 3642 2390 3697 omnia
2410 3641 2712 3697 constituit
2735 3660 2749 3709 ;
2775 3648 3017 3714 totoque
3048 3658 3233 3709 anno,
3266 3642 3427 3697 velut
3474 3642 3687 3697 diebus

2031 3729 2281 3799 singulis
2339 3730 2626 3800 migrans,
2660 3732 3020 3803 comparatis
3073 3733 3152 3787 ad
3196 3732 3529 3787 discessum
3561 3747 3689 3786 ver-

2029 3819 2121 3874 bis
2134 3835 2242 3874 vos
2256 3819 2588 3891 alloquens,
2606 3820 2855 3891 perfecte
2869 3821 3141 3876 instruxit
3156 3836 3649 3893 unumquemque
3671 3838 3684 3875 :

2029 3911 2301 3980 adeoque
2328 3908 2663 3980 optandum
2694 3916 2803 3976 est,
2839 3916 2897 3965 ut
2926 3926 3046 3965 non
3078 3910 3266 3976 aliter,
3288 3910 3366 3964 ob
3386 3910 3680 3980 temporis

2031 3996 2432 4064 difﬁcultates,
2458 4014 2550 4053 res
2599 4000 2957 4064 cucsedant;
2995 4000 3099 4055 sed
3126 4000 3277 4054 sicut
3304 4001 3429 4070 ipse
3460 4001 3681 4054 consti-

2031 4087 2157 4151 tuit,
2190 4088 2270 4142 ita
2300 4089 2702 4158 permaneatis
2721 4095 2923 4153 etvos,
2957 4094 3014 4144 et
3042 4105 3136 4143 res
3177 4090 3343 4159 ipsa.
3368 4091 3567 4159 Neque
3597 4094 3685 4144 ta-

2031 4191 2188 4241 men,
2223 4177 2269 4231 si
2299 4176 2446 4247 quid
2472 4183 2681 4233 contra
2710 4178 2982 4239 evenerit,
3012 4177 3232 4232 idcirco
3255 4176 3549 4247 abjiciatis
3571 4193 3683 4233 vos

2028 4266 2369 4335 veritatem;
2420 4267 2543 4332 sed,
2574 4267 3093 4338 quemadmodum
3126 4268 3349 4337 scripto
3405 4266 3501 4322 ille
3532 4282 3685 4339 pras-

2030 4356 2202 4425 cepit,
2263 4356 2470 4410 omnia
2528 4363 2767 4428 propter
2842 4356 3136 4411 Christum
3198 4356 3567 4412 arbitremini
3622 4363 3682 4413 ut

2031 4448 2311 4509 stercora,
2335 4450 2390 4500 et
2410 4446 2467 4499 in
2482 4444 2619 4499 ﬁdei
2637 4446 3015 4517 veritatisque
3027 4445 3372 4501 defensione
3389 4461 3508 4501 non
3538 4462 3687 4518 prie.

294 4554 437 4609 φως,
470 4535 643 4586 πάντα
687 4534 923 4588 σκύϐαλα
964 4537 1276 4606 ἡγήσασθαι
1308 4533 1404 4589 διὰ
1434 4540 1684 4609 Χριστὸν,
1732 4541 1918 4609 καὶμὴ

2032 4535 2377 4590 varicemini
2389 4576 2401 4589 .

290 4621 613 4699 προδοῦναι
676 4628 793 4685 τοὺς
866 4630 982 4699 περὶ
1055 4631 1283 4689 πίστεως
1371 4630 1459 4679 καὶ
1531 4626 1775 4688 ἀληθείας
1835 4627 1924 4679 λό-

290 4733 462 4787 γους.

373 4807 571 4856 Ταῦτα
622 4804 711 4874 μὲν
756 4808 916 4855 πᾶσιν
963 4804 1083 4876 ὑμῖν
1150 4805 1371 4870 λεκτέον,
1414 4809 1812 4880 προηγουμένως
1863 4802 1922 4858 δὲ

292 4897 391 4947 σοὶ
446 4897 523 4961 τῷ
572 4895 738 4965 κυρίῳ
784 4894 1137 4964 καθηγεμόνι*
1194 4890 1375 4952 ἐπειδὴ
1440 4893 1544 4947 οἷον
1617 4898 1675 4947 τὸ
1730 4896 1919 4968 ἄρχον,

285 4972 397 5036 καί
456 4981 518 5031 τὸ
572 4978 859 5053 ἀρχόμενον
930 4984 1120 5053 πέφυκε
1162 4984 1422 5053 γίνεσθαι.
1501 4988 1601 5036 Καί
1657 5003 1715 5054 γε
1774 4983 1913 5045 ἅπαξ

288 5072 612 5140 ἐαλώκαμιν
670 5072 750 5122 ἐπὶ
805 5078 867 5143 τῇ
950 5073 1184 5144 αἱρετικῇ
1254 5077 1515 5145 κοινωνίᾳ,

286 5161 630 5236 ὁρωμένων·
688 5163 758 5231 μὴ
823 5159 995 5228 πάλιν,

1592 5070 1763 5145 φειδοῖ
1817 5082 1914 5126 τῶν

1076 5157 1301 5234 δεόμεθα
1360 5166 1450 5215 καὶ
1520 5162 1787 5236 ὑπομιμνή
1800 5182 1923 5216 σκο-

375 5321 435 5359 πο
464 5319 666 5378 Matth.
691 5335 894 5391 xxvm,
921 5325 1012 5380 20.

2103 4806 2236 4859 Haec
2285 4802 2567 4859 omnibus
2596 4803 2841 4876 quidem
2882 4804 3051 4859 vobis
3097 4804 3396 4870 dicenda;
3434 4805 3540 4859 sed
3572 4803 3677 4860 tibi

2033 4893 2409 4964 potissimum
2453 4891 2700 4947 domino
2750 4893 3067 4963 praeposito
3091 4909 3105 4960 ;
3128 4894 3271 4964 quia
3300 4892 3509 4964 quales
3541 4900 3676 4947 sunt

2031 4982 2137 5054 qui
2162 4987 2445 5052 praesunt,
2475 4981 2618 5036 tales
2634 4998 2760 5036 esse
2788 4982 2976 5036 solcnt
3000 4982 3315 5037 etsubditi.
3346 4982 3672 5054 thuidem

2033 5070 2216 5126 semel
2236 5069 2589 5141 deprehensi
2620 5087 2827 5125 sumus
2846 5072 2906 5124 iu
2932 5071 3209 5127 hteretica
3231 5073 3683 5137 communione,

2034 5165 2279 5234 propter
2344 5160 2607 5217 studium
2673 5176 2872 5217 rerum
2919 5160 3275 5217 visibilium:
3319 5177 3391 5216 ne
3446 5162 3685 5232 iterum,

1897 5466 2131 5526 NOTIE.

370 5588 471 5666 (5)
501 5584 571 5644 In
599 5586 733 5647 cod.
759 5588 901 5661 Reg.
931 5588 1061 5664 aq’.
