4058 6274
505 293 640 355 1635

1768 290 1826 350 S.
1868 282 2232 349 THEODORI
2274 283 2600 348 STUDITA?

3697 293 3829 356 1636

494 440 739 480 oramus
754 423 1496 492 etadmonemus,propter
1511 420 1894 484 monasteria,
1913 419 2135 474 vineas-

2247 439 2357 491 μεν,
2414 417 2506 472 διὰ
2557 424 2907 492 μοναστήρια,
2987 420 3288 492 ἁμπελῶνάς
3341 442 3394 474 τε
3446 427 3533 475 καὶ
3591 423 3827 490 ἑλαιῶνας

495 529 611 585 que
635 518 692 567 et
722 512 936 567 oliveta
962 518 1016 565 et
1045 509 1240 574 ﬁceta,
1271 527 1403 580 quae
1436 525 1546 564 nos
1577 508 1962 580 postmodum
1992 509 2139 562 sicut

493 609 692 674 patres
740 601 928 655 nostri
974 599 1224 654 relicturi
1258 615 1487 662 sumus,
1523 605 1578 652 et
1630 597 1885 652 relicturi
1938 597 1995 650 in
2030 612 2138 649 saa-

492 692 645 745 cula.
671 694 956 744 attentum
985 687 1232 742 instituti
1253 689 1435 741 nostri
1457 685 1719 740 studium
1743 684 2136 754 negligamus,

494 779 955 851 polluamurque
1014 776 1381 831 heterodoxa
1445 774 1891 837 communione,
1951 788 2140 845 prava

491 867 766 938 exempla
779 868 915 921 hinc
934 867 1071 920 inde
1094 863 1664 935 circumspicientes.
1690 866 1813 918 Non
1831 864 1944 917 ista
1960 863 2138 916 nobis

491 957 714 1012 auxilio
748 961 919 1010 erunt
953 961 1217 1025 tempore
1249 955 1472 1013 mortis.
1507 956 1564 1007 in
1584 952 1732 1007 hora
1759 952 2007 1022 judicii;
2035 951 2140 1005 sed

488 1044 651 1100 bona
676 1044 1061 1106 conscientia,
1097 1049 1149 1097 et
1185 1041 1566 1112 inculpabilis
1608 1042 2004 1096 conversatio.
2040 1046 2138 1094 At-

490 1147 608 1204 que
637 1133 764 1186 haec
792 1147 902 1186 nos
936 1131 1020 1184 sic
1047 1131 1376 1197 hortamur,
1409 1144 1530 1183 non
1565 1134 1852 1199 tanquam
1887 1127 2140 1182 velimus

491 1235 670 1290 grave
702 1220 928 1292 aliquid
962 1236 1063 1274 vos
1096 1220 1236 1290 pati,
1270 1218 1375 1272 sed
1405 1218 1569 1289 quod
1611 1225 1897 1289 tanquam
1928 1217 2139 1271 fratres

492 1309 767 1365 fratribus
779 1325 955 1380 opem
973 1309 1120 1362 ferre
1139 1308 1474 1379 cupiamus,
1492 1312 1667 1378 prout
1682 1305 1968 1361 mandato
1995 1322 2144 1376 prae-

491 1410 729 1471 ceptum
780 1405 883 1452 est.
920 1398 1146 1452 Etenim
1183 1397 1422 1450 miseret
1451 1412 1582 1460 nos,
1617 1389 2164 1466 compatimurque'

487 1489 736 1543 domino
785 1486 1084 1558 Gregorio,
1119 1485 1412 1557 spirituali
1472 1484 1634 1539 fratri
1661 1490 1888 1547 nostro,
1927 1489 1988 1538 ut
2035 1485 2141 1555 qui

485 1577 912 1650 prosperejam
950 1575 1347 1636 consenuerit,
1378 1573 1629 1644 talisque
1657 1576 1729 1628 sit
1753 1573 1995 1644 qualem
2030 1589 2137 1628 no-

488 1666 612 1730 stis,
651 1675 773 1720 tum
826 1681 896 1720 ex
952 1665 1151 1719 carnis
1181 1662 1412 1725 ofticiis,
1445 1669 1568 1716 tum
1613 1677 1684 1716 ex
1731 1661 2138 1732 s'piritualibus

490 1761 645 1809 recte
677 1754 846 1809 factis
875 1769 887 1807 :
921 1755 1145 1825 quique
1199 1751 1493 1807 Christum
1550 1750 1816 1804 imitatus
1859 1756 2138 1820 paternas
2173 1785 2209 1838 Β

488 1843 692 1898 subire
721 1843 926 1898 omnia
967 1841 1259 1906 maluerit,
1310 1855 1492 1912 quam
1541 1840 1827 1894 adversus
1859 1847 2138 1910 paternas

485 1932 860 1986 deﬁnitiones
892 1930 1228 2002 quidquam
1281 1934 1645 2000 perpetrare.
1680 1931 1938 1984 Donetur
1965 1928 2134 1983 vobis

486 2036 590 2092 per
616 2023 864 2089 gratiam
901 2037 1019 2090 pax
1077 2020 1194 2082 Dei,
1222 2035 1408 2090 quam
1447 2019 1666 2072 sanctis
1698 2017 1986 2086 apostolis
2015 2019 2137 2072 suis

486 2111 560 2164 ad
613 2111 795 2164 C(BIOS
852 2109 1060 2164 abiens
1117 2106 1437 2178 impertiit;
1470 2105 1799 2177 quinetiam
1843 2112 1898 2160 et
1928 2114 2138 2162 mutua

485 2199 638 2253 inter
667 2214 772 2254 vos
793 2199 1049 2253 dilectio.
1075 2198 1143 2252 In
1177 2197 1284 2252 hoc
1311 2195 1486 2259 enim,
1517 2197 1616 2260 ait,
1645 2200 1993 2264 cognoscent
2022 2213 2138 2251 um-

489 2303 590 2344 nes
620 2289 762 2358 quia
793 2286 1081 2354 discipuli
1109 2285 1225 2341 mei
1253 2284 1408 2348 estis,
1441 2284 1491 2338 si
1519 2283 1889 2339 dilectionem
1918 2283 2139 2340 habue-

490 2377 621 2431 ritis
651 2377 730 2431 ad
755 2376 1004 2430 invicem
1038 2377 1106 2427 ⁹¹.
1142 2377 1302 2429 Bono
1356 2374 1435 2427 sis
1467 2374 1688 2441 animo,
1723 2373 1965 2428 domine
1987 2389 2139 2445 prae-

489 2465 711 2536 pOsite,
742 2471 796 2520 et
826 2467 954 2536 ipse
986 2463 1276 2518 dominus
1308 2464 1662 2532 Gregorius;
1702 2470 1826 2516 tum
1856 2470 1912 2517 et
1943 2463 2136 2517 caeteri

483 2569 694 2609 omnes
717 2570 786 2606 ex
817 2554 1058 2608 ordines
1091 2575 1101 2616 ;
1131 2553 1390 2606 universi
1421 2551 1715 2605 tristitiam
1754 2550 2134 2620 refugientes,

489 2649 543 2697 et
572 2651 859 2713 tanquam
888 2657 1108 2696 novum
1137 2640 1426 2712 quiddam
1463 2641 1588 2704 iter,
1618 2639 1919 2711 spirituale
1949 2647 2138 2695 certa-

488 2747 625 2785 men
654 2737 914 2784 vestrum
973 2731 1298 2785 obeuntes:
1334 2744 1441 2800 pro
1493 2727 1664 2783 nobis
1696 2728 1872 2783 etiam
1899 2728 2136 2784 humili-

489 2819 604 2875 bus
635 2826 876 2874 orantes
905 2820 1154 2875 meliora
1183 2823 1237 2875 et
1270 2818 1557 2874 viciniora
1589 2819 1777 2875 saluti
1796 2821 1866 2875 θ’.

805 3034 984 3090 CCIX.
1025 3063 1092 3072 —
1134 3032 1465 3099 Euphemio
1510 3031 1817 3088 Sardensi.

2248 515 2337 562 καὶ
2384 518 2640 577 συκῶνας,
2681 509 2715 560 οἷ
2742 514 2927 580 μικρὸν
2981 510 3199 584 ὕστερον
3230 517 3318 563 καὶ
3369 514 3516 584 ἡμεῖς
3547 516 3614 574 ὡς
3665 517 3710 566 οἱ
3733 536 3828 568 πα-

2249 601 2383 669 τέρες
2434 601 2578 669 ἡμῶν
2671 599 3045 670 καταλείψομεν
3137 600 3209 660 εἰς
3273 599 3481 671 αἰῶνας,
3569 599 3828 676 προδῶμεν

2247 691 2340 744 τήν
2371 685 2635 759 ἀκρίϐειαν
2696 695 2788 738 τοῦ
2829 687 3230 758 ἐπαγγέλματος,
3289 694 3378 741 καὶ
3429 692 3732 762 χρανθῶμεν
3771 701 3825 764 τῇ

2671 598 3045 670 καταλείψομεν
3137 600 3209 660 εἰς
3273 599 3481 671 αἰῶνας,

2250 773 2529 850 ἑτερόδοξῳ
2577 781 2836 848 κοινωνίᾳ,
2877 778 2943 828 τὰ
2992 777 3204 848 σκαμϐἀ
3260 774 3626 850 ὑποδείγματα
3661 780 3829 833 κύκλο-

2253 867 2332 917 θεν
2378 863 2786 938 περιϐλέποντες.
2847 864 2922 917 Οὐ
2983 871 3342 937 προστήσεται
3399 869 3524 938 ἡμῖν
3573 870 3621 920 ἐν
3678 879 3829 943 καιρῷ

2252 955 2495 1017 θανάτου,
2551 956 2600 1005 ἓν
2657 955 2767 1027 ὥρᾳ
2795 958 3012 1026 κρίσεως
3065 954 3136 1016 εὶς
3186 953 3433 1026 βοήθειαν
3471 964 3641 1008 ταῦτα
3672 976 3685 988 ο
3717 956 3830 1010 ἀλλὰ

2249 1047 2307 1094 τό
2338 1047 2577 1115 χρηστόν
2625 1039 2886 1106 συνειδὸς,
2935 1048 3026 1094 καὶ
3065 1044 3095 1100 ή
3149 1043 3550 1116 ἀκατάγνωστος
3591 1045 3824 1102 πολιτεία.

2253 1137 2353 1186 Καὶ
2395 1141 2561 1184 ταῦτα
2603 1133 2709 1204 ούχ
2761 1135 2826 1193 ὡς
2857 1129 3161 1205 βουλόμενοι
3201 1135 3337 1204 ὑμᾶς
3387 1138 3620 1206 πάσχειν
3651 1155 3701 1187 τι
3740 1133 3825 1188 δει-

2249 1226 2354 1285 νόν,
2386 1223 2820 1296 προτρεπόμεθα⁹
2877 1220 2983 1272 ἀλλ’
3032 1224 3098 1283 ὡς
3153 1219 3364 1295 ἀδελφοὶ
3417 1221 3659 1296 ἀδελφοῖς
3715 1221 3830 1297 βοη-

2253 1313 2355 1362 θεῖν
2408 1313 2809 1384 προαιρούμενοι
2877 1313 3012 1362 κατά
3067 1315 3160 1369 τὴν
3244 1310 3551 1364 κελεύουσαν
3617 1312 3827 1370 ἐντολήν.

2253 1400 2392 1452 Ἐπεὶ
2444 1404 2534 1451 καὶ
2591 1399 2944 1470 κατελεοῦμεν,
2996 1404 3086 1452 καὶ
3165 1399 3481 1475 οἰκτείρομεν
3533 1404 3620 1454 τόν
3667 1405 3831 1474 κύριον

2252 1493 2536 1561 Γρηγόριον
2589 1491 2676 1539 τόν
2719 1491 3067 1559 πνευματικόν
3123 1490 3268 1559 ἡμῶν
3340 1486 3581 1561 ἀδελφὸν,
3627 1492 3694 1551 ὡς
3732 1487 3830 1548 ἤδη

2249 1577 2480 1650 λιπαρῶς
2533 1582 2885 1651 γεγηρακότα,
2943 1581 3030 1629 καὶ
3084 1585 3317 1629 τοιοῦτον
3370 1582 3492 1630 ὅντα
3550 1579 3656 1632 οἷον
3705 1582 3829 1644 ἴστε,

2250 1665 2350 1718 ἀπὸ
2403 1685 2458 1718 τε
2509 1675 2607 1718 τῶν
2661 1674 2923 1740 σαρκικῶν
3002 1667 3356 1734 καθηκόντων,
3439 1672 3529 1719 καὶ
3602 1667 3698 1720 ἀπὸ
3741 1687 3830 1720 των

3183 1756 3227 1808 εί
3279 1760 3365 1808 καὶ
3430 1757 3510 1808 ὅτι
3563 1775 3835 1831 χριστομι·

2247 1848 2392 1914 μήτῳ
2461 1849 2770 1894 ταπεινώσει
2845 1844 3008 1895 οἴσειν
3089 1844 3255 1895 πάντα
3334 1847 3649 1917 προέκρινεν,
3702 1846 3730 1904 ἧ
3785 1864 3832 1895 τι

2249 1763 2607 1826 πνευματικῶν
2664 1756 3076 1827 κατορθωμάτων
3116 1776 3128 1788 ·

2248 1935 2473 1984 ἐναντίον
2517 1939 2617 1983 τῶν
2650 1940 2914 2004 πατρικῶν
2963 1934 3192 2006 ὁρισμῶν
3247 1929 3666 2005 διαπράξασθαι.
3729 1941 3836 1987 Χα-

2246 2022 2455 2093 ρισθείη
2508 2021 2628 2092 ύμῖν
2658 2022 2688 2078 ἠ
2733 2021 2909 2092 εἰρήνη
2955 2029 3045 2073 τοῦ
3103 2029 3256 2087 Θεοῦ,
3312 2024 3472 2096 ἤνπερ
3507 2022 3830 2095 ἑπεφθέγξατο

2247 2115 2355 2170 τοῖς
2387 2108 2552 2180 ἁγίοις
2611 2109 2771 2161 αὐτοῦ
2821 2109 3133 2172 ἀποστόλοις
3185 2108 3418 2184 ἀπαίρων
3467 2110 3517 2162 ἓν
3556 2114 3786 2184 οῦρανοῖς
3814 2130 3826 2143 ο

2247 2197 2374 2251 ἀλλὰ
2395 2204 2497 2270 μὴν
2535 2204 2626 2250 καὶ
2655 2202 2684 2257 ἠ
2718 2199 2790 2261 εἰς
2818 2198 3068 2260 ἀλλήλους
3099 2199 3300 2270 ἀγάπη.
3335 2201 3426 2253 Ἐν
3462 2203 3663 2272 τούτῳ
3698 2203 3827 2272 γὰρ,

2247 2292 2399 2359 φησὶ,
2453 2292 2824 2359 γνώσονται
2880 2290 3111 2350 πάντες
3189 2288 3285 2341 ὃτι
3346 2289 3492 2361 ἐμοὶ
3561 2291 3832 2362 μαθηταὶ

2247 2376 2408 2441 ἐστὶ,
2451 2379 2553 2429 εὰν
2593 2377 2847 2448 ἀγάπην
2886 2381 3084 2449 ἔχητε
3121 2378 3181 2430 ἐν
3237 2377 3558 2440 ἀλλήλοις.
3600 2379 3828 2450 Εύθύμει,

2248 2466 2274 2517 6
2299 2469 2474 2537 κύριος
2503 2467 2528 2517 ό
2560 2468 2859 2537 ἡγούμενος,
2894 2467 3052 2528 αὐτὸς
3099 2468 3124 2518 6
3154 2469 3333 2540 κύριος
3375 2472 3660 2542 Γρηγόριος
3689 2485 3702 2498 ⁸
3731 2465 3830 2519 εἶτα

2248 2554 2314 2615 εἷς
2365 2555 2580 2615 ἕκαστος
2637 2563 2738 2606 τῶν
2781 2554 2897 2617 ἑξῆς
2927 2573 2940 2585 ⁶
2993 2555 3310 2616 ἀνανεύοντες
3361 2554 3589 2617 ἅπαντες
3618 2556 3713 2608 ἀπό
3750 2563 3830 2616 τῆς

2243 2644 2428 2710 λύπης,
2479 2649 2569 2695 καὶ
2622 2641 2983 2705 ὁδοποιοῦντες
3023 2647 3197 2717 ὧσπερ
3254 2649 3367 2697 νέαν
3414 2649 3534 2698 τινὰ
3583 2642 3700 2698 ὁδόν
3752 2648 3828 2696 τόν

2245 2738 2592 2805 πνευματικόν
2637 2735 2780 2805 ὑμῶν
2827 2733 3003 2806 ἀγῶνα
3043 2748 3054 2760 ’

2244 2823 2390 2894 ἡμῶν
2444 2830 2543 2874 τῶν
2571 2831 2822 2876 ταπεινῶν
2875 2825 2949 2876 τὰ
2995 2827 3350 2896 κρείττονα
3400 2828 3513 2877 καὶ
3571 2823 3827 2896 ἕχόμενα

2247 2916 2597 2984 σωτηρίας.

2429 3035 2552 3090 ΣΙΑ¹
2724 3066 2789 3076 -
2831 3036 3134 3110 Εὐφημίῳ
3173 3033 3444 3111 Σάρδης.
3479 3035 3662 3111 [ωλί’.]

3111 2739 3536 2806 προσευχόμενοι
3593 2740 3680 2787 καὶ
3723 2739 3828 2806 περὶ

928 3139 1206 3188 Abstinere
1235 3152 1267 3189 a
1301 3139 1466 3188 sacris
1491 3138 1859 3188 {unctionibus
1886 3138 2082 3189 debere
2115 3153 2228 3200 eos,
2259 3141 2352 3204 qui
2379 3154 2502 3190 cum
2537 3141 2798 3192 haereticis
2828 3143 3380 3192 communicaverunt.

555 3241 638 3294 Tu
663 3239 929 3310 quidem,
963 3254 998 3293 ο
1029 3239 1220 3305 beate,
1253 3246 1542 3293 consueta
1578 3245 1747 3294 utens
1773 3238 2130 3305 humilitate,
2163 3241 2203 3296 C

481 3343 592 3383 nos
625 3327 1017 3382 inhonoratos
1072 3327 1270 3382 verbis
1317 3326 1523 3383 efferre
1556 3343 1676 3382 non
1725 3327 1970 3382 desinis.
2009 3331 2130 3384 Nos

482 3433 622 3472 vero
653 3419 830 3489 plane
861 3423 912 3471 te
944 3418 1223 3472 novimus
1247 3422 1302 3472 et
1331 3417 1524 3472 basim
1557 3418 1722 3472 verbi
1763 3434 1912 3482 esse,
1947 3424 2001 3473 et
2031 3419 2132 3474 ﬁr-

481 3513 853 3562 mamentum
895 3505 1166 3560 Ecclesiae
1194 3521 1205 3558 :
1235 3506 1618 3577 maximeque
1669 3506 1786 3562 hoc
1839 3513 2129 3579 tempore,

480 3595 726 3667 quando
778 3595 1169 3649 deseruerunt
1203 3610 1311 3648 nos
1341 3594 1400 3649 hi
1456 3601 1636 3666 atque
1683 3595 1762 3650 illi
1822 3597 2130 3668 conspicui

482 3685 701 3748 Patres,
755 3682 944 3751 gloria
1012 3682 1526 3750 orthodoxorum;
1587 3689 1768 3754 tuque
1817 3684 1978 3739 velut
2028 3684 2125 3740 fax

479 3787 665 3844 prope
698 3773 874 3826 unica
903 3771 1205 3833 discurris,
1255 3771 1587 3841 praelucens
1640 3772 1710 3826 iis
1741 3773 1845 3845 qui
1887 3774 1946 3828 in
1984 3776 2130 3829 urbe

477 3861 851 3916 remissiores
879 3866 1048 3916 sunt:
1081 3859 1299 3915 multos
1353 3859 1722 3926 illuminans,
1751 3861 1898 3916 lucis
1928 3864 2132 3935 inopia

478 3951 873 4014 cazcutientes,
898 3948 1096 4020 plures
1122 3949 1199 4004 ad
1221 3951 1404 4003 Deum
1428 3948 1755 4015 adducens,
1784 3966 1888 4020 per
1907 3951 2130 4006 exube-

477 4043 727 4104 rantem,
761 4037 1026 4092 ﬂuminis
1058 4037 1375 4108 cujusdam
1407 4037 1616 4104 instar,
1650 4037 1999 4095 melliﬂuam
2026 4040 2130 4096 do-

477 4129 731 4183 ctrinam
759 4133 946 4182 tuam.
979 4128 1193 4180 Verum
1224 4134 1281 4180 tu
1315 4126 1489 4182 nobis
1522 4142 1699 4197 porro
1729 4130 2130 4192 conserveris,

480 4217 568 4271 vir
618 4215 1144 4280 desideratissime,
1189 4216 1312 4270 imo
1363 4215 1635 4270 Ecclesiae
1691 4216 2008 4280 universas,
2053 4216 2131 4273 ad

475 4304 970 4366 stabilimentum,
995 4304 1380 4376 divinamque
1399 4305 1875 4360 exsultationem.
1905 4307 1981 4360 De
2000 4322 2133 4377 pre-

477 4393 718 4464 sbytero
738 4399 961 4457 autem,
980 4393 1054 4448 de
1076 4409 1197 4464 quo
1221 4393 1541 4464 signiﬁcari
1551 4393 2128 4466 jussisti,quomodo

480 4499 542 4538 se
569 4482 807 4546 habeat,
832 4489 886 4537 et
905 4481 1070 4553 quod
1093 4485 1442 4553 redemptus
1477 4483 1604 4538 sita
1631 4483 1973 4554 captivitate
1996 4482 2130 4538 bar-

477 4571 702 4636 barica,
733 4571 957 4626 scimus
988 4577 1044 4626 et
1082 4587 1215 4636 nos,
1251 4571 1488 4639 singula
1515 4570 1591 4626 ab
1619 4571 1882 4642 ipsomet
1912 4572 2126 4628 edocti.
2159 4613 2204 4669 Β

482 4660 596 4717 Sed
625 4662 708 4716 vir
740 4661 844 4715 iste
870 4675 979 4715 nec
1026 4659 1168 4724 vult,
1199 4675 1308 4714 nec
1360 4660 1600 4730 patitur,
1627 4677 1697 4715 ex
1740 4676 1953 4716 norma
1981 4662 2130 4716 inter

479 4766 589 4806 nos
641 4755 880 4820 recepta
936 4764 998 4803 se
1043 4749 1276 4817 corrigi.
1307 4749 1465 4803 Nosti
1521 4750 1702 4815 enim,
1735 4753 1852 4805 Deo
1893 4749 2123 4817 dilecte,

479 4839 787 4894 communi
827 4838 1055 4894 calculo
1087 4837 1518 4902 confessorum,
1546 4838 1648 4910 qui
1675 4844 1776 4894 aut
1805 4839 2003 4895 adhuc
2034 4857 2132 4894 su-

477 4928 749 5000 perstites
783 4933 940 4993 sunt,
975 4932 1076 4982 aut
1103 4925 1284 4998 paulo
1315 4932 1450 4981 ante
1481 4927 1556 4981 ad
1608 4929 1927 4983 Dominum
1972 4929 2132 4984 abie-

476 5023 632 5082 runt,
658 5022 945 5072 statutum
1001 5031 1154 5084 esse,
1190 5020 1251 5070 ut
1299 5016 1482 5070 sacris
1531 5015 1762 5082 initiati,
1792 5017 1895 5088 qui
1943 5017 2130 5073 semel

474 5106 533 5161 in
565 5105 840 5160 haeretica
867 5105 1292 5160 communione
1321 5103 1677 5174 deprehensi
1701 5105 1937 5174 fuerint,
1970 5123 2005 5162 a
2029 5122 2126 5162 sa-

474 5210 575 5250 cra
607 5193 907 5249 iunctione
955 5193 1192 5265 penitus
1244 5197 1580 5259 arceantur,
1611 5193 1812 5264 quoad
1858 5194 2134 5250 videlicet

472 5297 735 5356 superna
755 5282 1128 5339 Providentia
1148 5297 1258 5338 nos
1279 5282 1576 5354 respiciat.
1600 5284 1668 5337 Et
1685 5282 1996 5354 quomodo
2017 5299 2117 5341 ca-

575 5389 592 5424 ¹
617 5389 789 5444 Joan.
818 5404 941 5454 xui,
973 5391 1060 5444 35.
1137 5388 1186 5424 "
1221 5386 1394 5444 Hebr.
1428 5403 1511 5456 v1,
1545 5391 1600 5445 9.

2316 3246 2382 3295 Σὺ
2429 3245 2540 3314 μεν,
2595 3240 2634 3294 ὦ
2684 3244 2930 3317 μακάριε,
2988 3251 3048 3315 τῇ
3129 3244 3341 3301 συνήθει
3391 3244 3819 3317 ταπεινοφροσύνῃ

2243 3335 2516 3405 χρώμενος
2559 3331 2618 3384 οῦ
2668 3328 3036 3403 διαλιμπάνεις
3096 3329 3470 3404 ἀποσεμνύνειν
3524 3335 3659 3404 ἡμᾶς
3720 3333 3824 3390 τοὺς

2243 3418 2583 3492 ἀγεράστους.
2637 3419 2815 3491 Ἡμεῖς
2859 3417 2918 3472 δέ
2971 3439 3029 3472 σε
3088 3422 3258 3492 ἴσμεν,
3329 3423 3398 3482 ὡς
3487 3419 3706 3485 ἀληθῶς,
3743 3422 3820 3470 καὶ

2242 3506 2481 3581 κρηπῖδα
2529 3517 2620 3561 τοῦ
2675 3509 2853 3581 λόγου,
2902 3514 2992 3562 καὶ
3045 3511 3266 3582 ἔρεισμα
3320 3519 3414 3572 τῆς
3482 3511 3816 3569 Ἐκκλησίας’

2243 3603 2332 3650 καὶ
2380 3597 2612 3668 μάλιστά
2664 3617 2722 3669 γε
2769 3599 2912 3670 οἶρτι,
2971 3599 3199 3656 ὁπηνίκα
3255 3597 3657 3652 ἀπολελοίπασιν
3702 3600 3820 3668 ἡμᾶς

2243 3688 2269 3738 6
2319 3682 2463 3738 δεῖνα
2508 3690 2599 3738 καὶ
2641 3687 2666 3738 6
2698 3682 2862 3752 δεῖνα,
2899 3688 2947 3739 οἱ
2974 3683 3244 3759 διαφανεῖς
3303 3690 3546 3761 Πατέρες,
3603 3691 3659 3739 τὸ
3699 3685 3823 3744 κλέος

2241 3782 2341 3826 τῶν
2367 3771 2680 3849 όρθοδόξων,
2725 3780 2815 3828 καὶ
2858 3778 2929 3836 ὡς
2985 3777 3060 3839 εἷς
3114 3771 3313 3848 σχεδόν
3354 3780 3553 3849 πυρσὸς
3586 3775 3823 3850 ὑπερλάμ-

2242 3884 2350 3916 πων
2402 3873 2502 3916 τῶν
2532 3866 2810 3937 ύφειμένων
2863 3863 3092 3926 διαθίεις
3142 3873 3241 3917 τῶν
3295 3864 3344 3916 ἐν
3397 3866 3552 3918 ἄστει
3583 3883 3595 3896 °
3631 3864 3823 3921 πολλοὺς

2243 3956 2332 4024 μὲν
2383 3953 2619 4024 φωτίζων
2667 3955 3051 4025 μυωπάζοντας
3111 3956 3166 4006 ἑκ
3218 3953 3584 4026 φωτολειψίας,
3642 3953 3824 4009 πλείους

2244 4037 2304 4094 δὲ
2356 4051 2635 4116 προσάγων
2691 4043 2762 4112 τῷ
2810 4050 2924 4114 Θεῷ
2967 4039 3062 4096 διὰ
3121 4050 3218 4104 τῆς
3271 4041 3674 4107 ἔπικλυζούσης,
3729 4040 3822 4092 οἷον

2237 4130 2459 4205 ῥεύματί
2485 4150 2586 4183 τινι
2631 4130 2978 4202 μελισταγοῦς
3032 4129 3272 4203 διδαχῆς
3305 4151 3426 4187 σου.
3455 4132 3618 4187 Ἀλλὰ
3643 4131 3822 4204 φυλαχ-

2246 4221 2381 4280 θείης
2405 4221 2529 4290 ἡμῖν
2569 4223 2658 4285 ἔτι,
2709 4218 2748 4272 ὦ
2800 4223 3085 4295 τριπόθητε
3110 4237 3128 4254 ο
3159 4221 3218 4273 ού
3257 4225 3359 4294 μὴν
3411 4221 3539 4274 ἀλλὰ
3579 4226 3665 4273 καὶ
3692 4221 3817 4288 πάσῃ

2240 4315 2300 4381 τῇ
2362 4307 2667 4381 Ἐκκλησία,
2713 4309 2786 4370 εἰς
2825 4313 3119 4381 στηριγμόν
3167 4328 3222 4362 τε
3271 4315 3362 4362 καὶ
3411 4312 3544 4363 θεῖον
3594 4306 3823 4380 ἀγαλλία-

2241 4417 2335 4470 μα.
2368 4401 2490 4470 Περὶ
2544 4393 2604 4450 δε
2639 4397 2700 4449 οὗ
2749 4397 3108 4472 πρεσϐυτέρου
3149 4397 3422 4461 ἐκέλευσας
3472 4405 3700 4471 σημᾶναι
3744 4395 3823 4446 οῦ-

2240 4505 2337 4546 τως
2365 4490 2454 4538 καὶ
2498 4486 2682 4554 οὕτως,
2710 4483 2841 4538 εἶναί
2892 4505 2945 4538 τε
2999 4491 3091 4539 καὶ
3119 4485 3531 4562 ἕκλελυτρῶσθαι
3581 4493 3674 4546 τῆς
3702 4481 3818 4557 βαρ·

2241 4574 2464 4647 ϐαρικῆς
2515 4574 2905 4646 αἰχμαλωσίας,
2968 4578 3215 4648 σύνισμεν
3265 4579 3395 4650 πρὸς
3445 4576 3601 4628 αὑτοῦ
3654 4573 3820 4626 τούτου

2239 4665 2438 4718 ἕκαστα
2488 4661 2934 4736 ἐκμεμαθηκότες.
3002 4664 3140 4718 Ἀλλ’
3194 4667 3220 4717 6
3269 4663 3397 4738 ἀνὴρ
3451 4666 3512 4718 ού
3579 4663 3821 4736 βούλεται,

2242 4752 2331 4806 εἶτ’
2363 4749 2450 4805 οὖν
2501 4754 2595 4804 οὐκ
2647 4751 2910 4825 ἀνέχεται,
2953 4762 3024 4824 τῷ
3081 4753 3198 4806 καθ’
3256 4755 3398 4826 ἡμᾶς
3437 4757 3580 4826 τύπῳ
3635 4767 3822 4804 κεκανο·

2241 4844 2440 4898 νίσθαι.
2475 4839 2649 4896 Οἶσθα
2675 4845 2800 4915 γὰρ,
2863 4844 3154 4916 θεοτίμητε,
3215 4845 3296 4896 ὅτι
3346 4851 3487 4916 κοινῇ
3534 4841 3683 4914 ψήφῳ
3736 4844 3824 4890 τῶν

2243 4949 2299 4984 τε
2345 4932 2419 4984 ἔτι
2475 4931 2602 5003 ὑπὲρ
2655 4940 2754 5003 γῆν
2808 4935 2981 4998 ὄντων,
3045 4937 3136 4984 καὶ
3192 4940 3288 4985 τῶν
3344 4935 3564 5004 ἔναγχος
3604 4925 3822 4998 Extimui-

2245 5019 2441 5072 σάντων
2483 5023 2615 5092 πρὸς
2669 5022 2859 5094 Κύριον
2913 5019 3262 5092 όμολογητῶν,
3323 5024 3442 5081 τοὺς
3502 5018 3640 5080 ἅπαξ
3683 5015 3824 5069 ἑαλω-

2241 5111 2393 5168 κότας
2444 5115 2503 5181 τῇ
2563 5110 2796 5183 αἱρετικῇ
2857 5114 3099 5182 κοινωνίᾳ
3154 5112 3458 5184 ἱερωμένους
3506 5105 3715 5180 εἶρχθαι
3739 5110 3822 5161 τῆς

2240 5198 2553 5273 ἱερουργίας,
2612 5195 2916 5274 διώρισται,
2966 5199 3062 5261 ἕως
3093 5195 3337 5258 δηλονότι
3387 5204 3572 5272 καιροῦ
3620 5195 3826 5247 ἐπισκο-

2236 5294 2338 5348 πῆς
2374 5293 2464 5349 τῆς
2500 5288 2690 5342 ἄνωθεν
2747 5292 3010 5362 προνοίας.
3070 5293 3180 5342 Καὶ»
3226 5296 3336 5351 πῶς
3387 5289 3448 5342 ἄν
3490 5282 3817 5352 δυνηθείημεν

2045 5477 2280 5545 NOTAE.

545 5585 626 5660 (6)
655 5585 724 5642 In
746 5583 883 5643 cod.
913 5587 1056 5656 Reg.
1088 5580 1223 5637 σιδ¹.
