4058 6274
278 282 418 369 1137

1558 278 2070 340 EPISTOLABUM
2111 282 2244 340 LIB.
2287 279 2361 341 Il.

3498 284 3637 349 {638

269 413 429 465 λῦσαι
453 416 540 464 τὸν
596 415 804 480 κανόνα,
863 407 1077 463 καὶδιά
1128 418 1222 471 τῆς
1274 417 1366 462 τοῦ
1405 409 1514 472 ἑνὸς
1542 407 1867 482 παραδοχῆς

1995 427 2203 466 nonem
2220 410 2442 467 violare
2456 413 2847 482 possimus,ac
2859 430 2963 486 per
2979 416 3421 485 susceptionem
3439 417 3637 477 unius,

269 507 423 573 νόμον
499 500 580 553 ἐπὶ
654 502 883 561 ἅπαντας
958 503 1077 561 τοὺς
1150 503 1551 574 προειργμένους
1628 498 1868 565 ἀποῖσαι,

272 591 367 643 κάν
423 594 590 661 τούτῳ
622 592 900 643 ὑπεναντία
928 593 1017 662 μὲν
1071 585 1271 663 δρᾶσαι
1300 597 1372 658 τῷ
1435 591 1553 659 θείῳ
1607 592 1752 660 ἡμῶν
1784 594 1873 640 καὶ

270 683 573 754 πρωτάρχῳ
624 682 982 751 καθηγεμόνι’
1035 679 1115 730 ὅτι
1148 675 1287 749 μηδὲ
1341 678 1510 738 ἁπλῶς
1541 679 1697 740 αὐτὸς
1754 682 1875 738 τούς

274 774 543 830 τοιούτους
598 768 821 840 εὐλογεῖν
874 772 1049 825 κοινὴν
1095 764 1292 839 βρῶσιν
1334 766 1579 839 ἀνέχεται
1613 806 1625 817 .
1680 772 1751 839 μὴ
1795 768 1876 818 ὅτι

274 880 333 931 γε
362 860 510 912 πλέον
564 864 614 911 τί
671 862 887 932 ἐνεργεῖν
943 860 1255 929 ἱερατικῶς·
1318 860 1435 917 τοὺς
1468 856 1646 917 ἄλλους
1699 875 1751 907 τε
1778 864 1876 907 τῶν

273 948 605 1020 ὁμολογητῶν
639 943 1013 1010 σκανδαλίσαι,
1057 951 1148 998 καὶ
1180 947 1399 999 ὑποῖσαι
1444 942 1718 1017 διχόνοιαν
1759 948 1878 1005 τοὺς

272 1037 541 1113 ἀκριϐείας
563 1035 937 1108 ἀντεχομένους
967 1054 979 1099 ἱ

351 1215 458 1266 Κάν
509 1232 637 1273 τινες
696 1215 825 1272 ἴσως
864 1214 1091 1284 ἔφθασαν
1131 1218 1191 1283 τῇ
1225 1211 1341 1262 κατ’
1393 1209 1584 1271 αύτούς
1614 1206 1878 1282 διακρίσει

280 1299 376 1355 διὰ
402 1305 458 1354 τὸ
514 1305 689 1354 στενὸν
741 1309 832 1352 τοῦ
859 1306 1077 1373 χρόνου,
1129 1305 1219 1351 καὶ
1257 1303 1315 1351 10
1354 1308 1454 1350 τῶν
1500 1299 1877 1359 ἐπιζητούντων

281 1391 682 1463 ἀναγκαστικέω,

281 1478 539 1551 ἐπιτιμίαν
610 1478 1016 1531 ἀπολελυκέναι·
1089 1480 1212 1549 ἡμῖν
1276 1474 1334 1529 δε
1416 1474 1657 1547 οὐδαμῶς
1728 1484 1876 1527 τοῦτο

761 1392 906 1450 τινὰς
976 1397 1077 1441 τῶν
1138 1387 1497 1462 πρεσϐυτέρων
1578 1389 1704 1459 μετὰ
1785 1393 1877 1443 τὴν

281 1571 711 1643 κατεργάσασθαι
754 1569 874 1640 ἄτερ
927 1574 1017 1619 τοῦ
1090 1563 1351 1640 προέδρου
1386 1586 1397 1598 ·

285 1663 429 1710 στέον
457 1655 511 1711 εὖ
564 1661 703 1729 ἔχειν
754 1661 840 1709 τὸν
897 1657 1053 1727 λόγον
1108 1665 1205 1718 τῆς
1252 1655 1575 1727 καθείρξεως.
1624 1662 1735 1707 Ποῦ
1777 1657 1875 1727 γὰρ

1450 1566 1532 1617 ὁτι
1591 1573 1680 1617 καὶ
1731 1585 1878 1636 νομι-

283 1751 459 1819 φανεὶη
506 1751 562 1799 10
616 1744 863 1821 διάφορον
898 1755 994 1797 τών
1047 1742 1433 1820 προδωσάντων
1467 1749 1558 1799 τὴν
1613 1744 1874 1810 ἀλήθειαν,
1909 1756 1949 1810 Β

281 1841 370 1888 καὶ
422 1841 492 1907 μή
530 1851 544 1897 ;

283 1926 525 1997 ἑλομένων
586 1926 711 1997 ὑπὲρ
773 1932 864 1975 τοῦ
903 1924 1061 1975 καλοῦ
1114 1924 1389 1980 τληπαθεῖν
1442 1939 1456 1989 ;
1528 1927 1626 1974 Καὶ
1685 1930 1785 1974 ποῦ
1852 1923 1876 1972 ὁ

598 1844 693 1886 τῶν
748 1839 990 1905 γενναίως
1044 1834 1419 1898 ἐνηθληκότων,
1474 1839 1564 1885 καὶ
1618 1830 1878 1903 μηδαμῶς

282 2017 511 2088 Χριστὸς
566 2018 655 2065 καὶ
706 2014 732 2065 0
784 2013 980 2077 Βελίαλ,
1014 2016 1071 2064 τὸ
1116 2021 1219 2084 φῶς
1249 2017 1337 2063 καὶ
1385 2016 1442 2062 τὸ
1490 2016 1703 2071 σκότος’
1738 2014 1876 2083 εἴπερ

283 2102 474 2176 ἀναμὶξ
521 2105 587 2154 τά
628 2105 815 2166 πάντα,
872 2107 962 2154 καὶ
992 2106 1091 2176 πρὸ
1140 2106 1358 2173 κρίσεως
1410 2098 1716 2168 συνοδικῆς,
1768 2107 1876 2172 κρί-

288 2212 371 2254 σις
396 2210 408 2222 '
438 2198 527 2244 καὶ
582 2194 682 2265 πρὸ
714 2192 942 2265 εἰρήνης,
1006 2191 1183 2262 εἰρήνη
1211 2207 1225 2255 ;
1281 2191 1582 2261 Ἀπόμοπον
1636 2198 1808 2258 τοῦτο,
1842 2188 1880 2241 ὦ

284 2287 524 2355 Πατέρων
576 2282 844 2354 κράτιστε,
903 2282 970 2341 ὡς
1020 2282 1145 2350 ἡμῖν
1200 2298 1259 2350 γε
1317 2276 1509 2331 δοκεῖ’
1560 2282 1788 2351 εἴποιμεν
1830 2276 1878 2331 δ’

284 2373 344 2422 ἄν
366 2376 528 2441 καὶτῇ
564 2367 799 2439 ἀληθείᾳ.
833 2370 1123 2440 Ἀρκετον
1161 2387 1230 2438 γε
1266 2375 1346 2437 τῷ
1386 2370 1653 2439 τοιούτῳ
1683 2371 1713 2426 ἡ
1757 2368 1883 2420 ἐπι-

285 2464 472 2531 τιμία
509 2460 667 2514 αὕτη
701 2459 730 2514 ἡ
766 2458 881 2508 ὑπὸ
921 2464 1042 2507 τῶν
1067 2457 1393 2521 πλειόνων,
1423 2458 1662 2529 ὦςφησιν
1690 2457 1884 2509 ὀἈπὸ-

289 2548 489 2613 στολος,
537 2550 615 2607 ὡς
675 2546 746 2596 ἄν
786 2549 866 2616 μὴ
910 2553 979 2615 τῇ
1022 2549 1460 2619 περισσοτέρᾳ
1497 2546 1657 2619 λύπη
1699 2565 1883 2598 κατα-

286 2638 446 2708 ποθῇ
490 2636 515 2686 ὁ
553 2642 861 2693 τοιοῦτος.
892 2634 967 2685 Ού
998 2638 1100 2705 μὴν
1143 2638 1423 2705 προακτέον
1450 2634 1517 2695 εἰς
1564 2638 1649 2686 τὸν
1707 2634 1790 2707 ἀφ’
1824 2636 1883 2687 οὗ

289 2727 478 2797 εἴρχθη
509 2720 602 2775 διὰ
623 2727 708 2780 τὴν
730 2720 1027 2797 παράϐασιν
1048 2722 1273 2795 βαθμὸν,
1302 2724 1389 2783 ἕως
1417 2731 1508 2775 τοῦ
1540 2721 1742 2785 δέοντος
1769 2744 1884 2776 και-

288 2822 383 2889 ροῦ
416 2830 427 2842 ’
487 2816 573 2864 ἵνα
600 2817 689 2863 καὶ
719 2816 776 2863 τὸ
830 2819 923 2863 τοῦ
950 2811 1401 2884 πλημμεληθέντος
1443 2810 1582 2874 εἶδος
1628 2816 1705 2865 ἔτι
1734 2814 1883 2865 κολά-

291 2902 434 2963 ζοιτο
484 2902 1028 2976 παραπληκτιώτερον,
1088 2906 1179 2952 καὶ
1236 2903 1261 2952 ὁ
1321 2908 1411 2961 τῆς
1459 2903 1720 2972 ὑγιώσεως
1770 2908 1882 2976 τρό-

288 3011 385 3053 πος
432 2992 762 3063 ὑποφαίνοιτο
794 2987 887 3043 διὰ
930 2998 1023 3052 τῆς
1062 2989 1368 3065 προλήψεως
1399 2994 1456 3042 τὸ
1507 2993 1677 3043 ἱκανὸν
1723 2995 1879 3064 ἔχων.

1983 499 2175 570 legem
2191 501 2466 555 eamdem
2496 501 2573 555 ad
2592 517 2801 556 omnes
2820 504 2946 572 jam
2969 503 3275 558 abstentos
3291 506 3637 572 transferre;

1983 595 2163 661 atque
2204 590 2315 643 hac
2345 590 2405 644 in
2440 606 2519 653 re,
2568 592 2864 647 contraria
2895 607 3069 660 agere
3100 593 3304 647 divino
3335 600 3390 648 et
3421 597 3639 666 prima-

1985 679 2071 731 rio
2102 677 2458 732 moderatori
2482 684 2686 732 nostro
2714 679 2957 750 (quippe
2981 680 3081 750 qui
3114 680 3258 735 tales
3278 698 3350 735 ne
3372 698 3641 737 commu-

1988 783 2121 819 nem
2150 766 2393 837 quidem
2428 768 2627 821 cibum
2664 768 3014 822 benedicere
3042 770 3295 839 patitur;
3320 772 3541 826 nedum
3577 777 3639 826 ut

1989 855 2249 925 amplius
2270 855 2580 925 quidpiam
2606 856 2991 911 sacerdotalis
3021 859 3283 912 muneris
3312 874 3641 931 exsequan-

1989 944 2127 1013 tur),
2156 943 2398 1015 reliquis
2418 944 2594 998 etiam
2619 945 3061 1000 confessoribus
3092 947 3377 1002 seandalo
3408 964 3559 1012 esse,
3585 954 3640 1004 et

1988 1032 2377 1088 dissensionis
2393 1048 2641 1087 causam
2668 1034 2929 1103 praebere
2950 1035 3042 1103 iis,
3069 1036 3530 1107 quiaccuratam
3556 1053 3643 1092 re-

1992 1122 2180 1176 tinent
2208 1121 2589 1192 disciplinam
2619 1121 2647 1175 ‘i

2065 1210 2177 1265 Etsi
2206 1216 2406 1266 autem
2430 1211 2561 1282 jam
2589 1211 2771 1282 aliqui
2799 1212 3049 1267 fortasse
3075 1213 3185 1269 tale
3224 1214 3298 1269 de
3322 1215 3432 1270 illis
3460 1215 3642 1271 tulere

1984 1300 2300 1370 judicium,
2333 1307 2573 1370 propter
2603 1302 2885 1367 temporis
2916 1304 3246 1371 angustias,
3279 1311 3335 1357 et
3359 1303 3641 1373 ﬂagitan-

1990 1391 2133 1444 tium
2165 1389 2531 1452 violentiam,
2568 1396 2627 1442 ut
2657 1390 3044 1461 presbyteros
3063 1393 3361 1462 quosdam
3395 1409 3497 1463 per
3522 1410 3645 1464 pae-

1989 1477 2298 1532 nitentiam
2333 1477 2749 1532 absolverent:
2797 1479 2973 1533 nobis
3013 1486 3211 1534 tamen
3244 1482 3407 1536 nullo
3460 1484 3640 1537 modo

1990 1567 2040 1620 id
2074 1566 2196 1620 ﬁeri
2218 1566 2411 1635 placet
2442 1567 2670 1634 injussu
2703 1568 3009 1622 antistitis:
3044 1569 3186 1639 quia
3221 1570 3637 1640 prohibitionis

1989 1671 2234 1709 causam
2254 1654 2581 1723 legitimam
2599 1671 2747 1719 esse,
2766 1671 3002 1712 censere
3020 1657 3335 1713 debemus.
3361 1660 3460 1714 Ubi
3481 1661 3640 1714 enim

1989 1744 2244 1797 eluceret
2273 1742 2590 1797 discrimen
2626 1743 2860 1798 illorum
2892 1747 2995 1816 qui
3026 1748 3330 1802 veritatem
3361 1749 3645 1818 prodide—

1990 1838 2146 1896 runt,
2175 1838 2229 1885 et
2267 1847 2473 1886 eorum
2515 1833 2619 1903 qui
2647 1848 2766 1886 non
2799 1835 3241 1904 prodiderunt?
3286 1853 3492 1892 eorum
3540 1838 3645 1908 qui

1991 1927 2290 1975 certamen
2323 1925 2561 1975 strenue
2592 1921 3028 1987 sustinuerunt,
3063 1930 3118 1978 et
3149 1941 3358 1980 eorum
3386 1926 3489 1996 qui
3535 1942 3644 1981 nec

1992 2010 2133 2064 boni
2156 2010 2507 2080 honestique
2534 2009 2731 2064 studio
2763 2010 2915 2065 dura
2943 2015 3165 2083 perpeti
3188 2013 3505 2069 voluerunt
3530 2016 3558 2071 ‘i’
3582 2017 3645 2069 Et

1993 2099 2241 2154 ubinam
2273 2099 2537 2154 Christus
2567 2103 2624 2153 et
2661 2100 2861 2164 Belial,
2896 2100 2997 2156 lux
3028 2109 3083 2156 et
3116 2104 3393 2167 tenebrae,
3428 2104 3473 2158 si
3501 2120 3643 2158 con-

1988 2187 2130 2245 fusa
2160 2189 2563 2242 suntomnia:
2596 2195 2653 2243 et
2675 2195 2813 2244 ante
2839 2192 3531 2261 synodicumjudicium.
3555 2194 3648 2261 ju-

1994 2277 2245 2347 dicium;
2280 2284 2337 2331 et
2364 2282 2501 2331 ante
2541 2293 2775 2348 pacem,
2810 2295 2929 2349 pax
2959 2280 2987 2336 ?
3019 2281 3343 2335 Vitandum
3375 2283 3509 2350 hoc,
3544 2285 3647 2337 Pa-

1995 2373 2147 2420 trum
2199 2364 2457 2436 optime,
2490 2372 2550 2420 ut
2591 2368 2764 2421 nobis
2806 2367 3050 2438 quidem
3098 2369 3348 2436 videtur,
3391 2372 3644 2426 dixerim

1994 2462 2213 2520 autem,
2260 2455 2441 2509 etiam
2474 2456 2704 2509 veritati
2738 2474 2749 2510 :
2799 2457 3041 2525 Sufﬁcit
3074 2458 3169 2513 illi
3216 2460 3320 2529 qui
3357 2460 3648 2529 ejusmodi

1994 2550 2098 2609 est,
2122 2544 2463 2613 objurgatio
2485 2543 2608 2599 hac
2623 2545 2833 2615 quwﬁt
2852 2562 2885 2601 a
2908 2547 3203 2614 pluribus,
3225 2555 3285 2603 ut
3302 2549 3382 2604 ait
3397 2553 3646 2619 Aposto-

1994 2633 2107 2696 lus.
2137 2649 2211 2689 ne
2227 2634 2387 2703 forte
2414 2634 2844 2690 abundantiori
2866 2636 3105 2693 tristitia
3134 2638 3519 2695 absorbeatur
3545 2640 3649 2710 qui

1993 2723 2283 2792 ejusmodi
2322 2727 2489 2778 est”.
2529 2723 2643 2777 Sed
2692 2725 2750 2778 in
2792 2741 2931 2779 eum
2976 2728 3252 2795 gradum,
3307 2745 3342 2784 a
3370 2745 3491 2801 quo
3542 2744 3649 2799 per

1995 2813 2549 2883 praevaricationem
2571 2813 2808 2880 decidit,
2833 2817 3233 2872 restituendus
3256 2834 3375 2873 non
3400 2824 3488 2872 est
3509 2824 3646 2873 ante

1994 2902 2276 2957 idoneum
2303 2908 2568 2974 tempus;
2606 2914 2666 2957 ut
2688 2908 2744 2957 et
2760 2904 2859 2975 qui
2879 2904 3143 2977 deliquit,
3166 2908 3429 2961 severius
3447 2908 3647 2961 adhuc

1992 2990 2305 3063 puniatur;
2356 2998 2412 3046 et
2441 2991 2769 3046 sanationis
2811 2992 3029 3047 modus
3083 2994 3139 3048 id
3186 2996 3351 3066 quod
3380 2996 3519 3051 satis
3552 2996 3645 3062 sit,

290 3081 350 3133 Εἰ
402 3087 492 3131 καὶ
524 3082 603 3132 ὃτι
640 3079 873 3154 ἐξαίρετά
916 3098 1034 3131 τινα
1060 3078 1174 3131 κατ’
1222 3078 1461 3153 ἀπορίαν,
1508 3085 1578 3152 μη
1630 3086 1883 3154 παρόντος

1995 3096 2100 3151 per
2129 3080 2615 3151 anticipationem
2647 3081 2933 3135 habuisse
2965 3082 3257 3137 videatur.
3288 3086 3646 3157 Quanquam

292 3174 646 3241 σεσωσμένου,
715 3174 1123 3244 συγκεχώρηται
1178 3165 1307 3242 δρᾷν
1367 3170 1649 3240 ἱερατικῶς,
1704 3172 1739 3221 ἄ
1797 3175 1886 3222 καὶ

284 3263 657 3311 συνεπίσταται
692 3260 722 3316 ἡ
766 3258 1027 3320 τελειότης
1067 3276 1182 3322 σου,
1227 3259 1252 3308 0
1307 3254 1412 3315 ἢδη
1455 3258 1715 3332 εἰργμένος
1761 3262 1887 3312 ταύ-

284 3367 371 3419 τῃ.
434 3347 567 3401 Ἀλλ’
600 3347 705 3399 οἷον
736 3343 825 3399 ὅδε
878 3349 903 3398 0
934 3345 1281 3419 πρεσϐύτερος
1310 3350 1400 3398 καὶ
1451 3350 1550 3421 πρὸ
1579 3356 1677 3400 τῶν
1708 3350 1882 3421 [C0d.

286 3439 431 3506 Reg.
496 3436 614 3505 τῆς]
676 3434 953 3509 Βαρϐάρων
1021 3438 1356 3511 πεπραγμένα
1424 3438 1566 3506 αὐτῷ
1637 3446 1886 3502 συννοῶν,

289 3528 380 3575 καὶ
427 3526 491 3583 ὡς
540 3523 759 3584 πολλοὺς
801 3520 931 3597 τῇδε
978 3521 1208 3595 ἐφώτισε,
1279 3528 1368 3575 καὶ
1415 3521 1543 3593 δεῖν,
1595 3530 1743 3595 φασὶ,
1795 3523 1891 3578 διὰ

286 3615 457 3666 πάντα
508 3620 674 3665 ταῦτα
717 3612 981 3685 λελυμένον
1041 3614 1190 3679 εἶναι,
1255 3613 1349 3664 οὐκ
1419 3614 1672 3685 ἠνέσχετο
1736 3614 1892 3667 ὑπελ-

290 3704 392 3755 θεῖν
445 3702 776 3773 ὀμοιοπαθῶς
814 3709 922 3762 τοῖς
975 3701 1196 3753 ἐνταῦθα
1236 3702 1495 3776 εἰρχθεῖσι
1531 3724 1543 3735 ·
1603 3700 1688 3755 διὸ
1722 3722 1890 3775 παρα-

285 3796 662 3863 κεχωρήκαμεν
708 3790 847 3861 αύτῷ
878 3794 942 3842 τὰ
991 3790 1105 3841 κατ’
1138 3790 1312 3855 αὑτὸν,
1365 3793 1434 3852 ὡς
1464 3794 1525 3843 οἶν
1560 3789 1889 3866 διακρίνοιτο

286 3880 481 3953 πρᾶξαι
513 3898 525 3910 ·
587 3882 704 3932 οὔτε
750 3879 1013 3944 λύσαντες,
1070 3882 1186 3931 οὔτε
1217 3879 1496 3953 εἱρξαντες.
1549 3879 1788 3955 Ἐῤῥωσο
1842 3885 1890 3934 ἐν

290 3973 484 4042 Κυρίῳ,
562 3970 905 4042 ὑπερεύφημε,
957 3971 1104 4040 ἡμεῖς
1180 3988 1233 4020 τε
1290 3974 1380 4021 καὶ
1449 3971 1498 4020 οἱ
1551 3969 1663 4040 μεθ’

290 4053 504 4130 ἀδελφοὶ
527 4058 754 4110 πλεῖστα
783 4059 1261 4130 προσαγορεύομεν.

1743 3972 1890 4043 ἡμῶν

398 4182 511 4235 ΣΙΒ’
543 4183 645 4255 (7).
676 4212 738 4224 —
771 4182 1020 4255 Ἰωάννῃ
1082 4188 1542 4255 Γραμματικῶ.
1578 4182 1781 4255 [ωλς-’.]

1996 3169 2312 3240 peculiaria
2324 3169 2604 3239 quaedam
2619 3169 2694 3225 ob
2708 3169 3427 3241 inopiam,quiainnoxius
3442 3174 3651 3229 aderat

1998 3258 2215 3321 nullus,
2249 3256 2576 3312 sacerdotis
2619 3260 2733 3312 ritu
2760 3258 2922 3313 obire
2972 3260 3304 3329 permissus
3335 3267 3424 3315 est
3462 3262 3649 3333 (quod

1996 3354 2050 3403 et
2076 3344 2423 3418 perfectioni
2448 3352 2561 3401 tuae
2581 3354 2789 3401 notum
2820 3351 2953 3415 est),
2980 3348 3029 3401 is
3051 3348 3177 3420 ipse
3205 3350 3308 3420 qui
3329 3365 3489 3403 nunc
3516 3366 3651 3421 pro-

1996 3436 2252 3490 hibetur.
2280 3436 2512 3499 Verum,
2534 3435 2679 3505 quia
2693 3434 2787 3488 hic
2804 3436 3135 3507 presbyter,
3160 3437 3493 3507 intelligens
3514 3454 3648 3509 qua;

1996 3524 2161 3594 apud
2200 3524 2494 3579 Barbaros
2532 3531 2752 3593 egerat,
2799 3530 2854 3579 et
2883 3525 3045 3596 quod
3080 3526 3299 3581 multos
3331 3527 3413 3581 ibi
3457 3527 3651 3598 bapti-

1996 3617 2207 3676 zasset,
2225 3611 2509 3683 quodque
2538 3619 2778 3682 propter
2798 3612 2919 3668 haec
2940 3614 3143 3670 omnia
3166 3615 3541 3671 absolutione
3566 3617 3650 3669 in-

1998 3702 2244 3771 digeret,
2283 3703 2579 3755 recusavit
2625 3702 2837 3756 eadem
2870 3702 3068 3757 subire
3097 3720 3231 3775 quae
3263 3706 3364 3777 qui
3396 3705 3493 3761 hic
3542 3707 3651 3761 ab-

2000 3791 2174 3844 stenti
2206 3794 2379 3844 sunt:
2412 3790 2630 3843 idcirco
2661 3790 3044 3860 permisimus
3074 3792 3152 3847 illi
3182 3801 3242 3848 ut
3262 3811 3355 3849 res
3384 3811 3523 3849 suas
3542 3810 3649 3865 pro

2000 3879 2240 3935 arbitrio
2272 3893 2379 3931 suo
2423 3886 2642 3948 ageret,
2674 3893 2779 3933 nec
2808 3879 3099 3935 solventes
3130 3882 3322 3951 illum,
3356 3899 3463 3938 nec
3514 3900 3653 3954 pro-

2000 3968 2292 4023 hibentes.
2327 3966 2463 4022 Vale
2503 3967 2563 4021 in
2594 3966 2868 4033 Domino,
2917 3968 3006 4023 vir
3044 3969 3477 4026 laudatissime.
3512 3975 3651 4041 Nos,

2002 4063 2058 4113 et
2078 4057 2179 4129 qui
2199 4057 2514 4113 nobiscum
2534 4062 2673 4111 sunt
2688 4056 2920 4123 fratres,
2950 4058 3272 4129 plurimum
3292 4060 3653 4118 salutamus.

2285 4182 2457 4239 CCXI.
2491 4212 2559 4221 —-
2578 4181 2802 4236 Joanni
2830 4183 3235 4239 Grammatice
3260 4185 3351 4256 (').

540 4318 692 4377 Quod
720 4318 930 4368 adorari
960 4318 1151 4368 debeat
1182 4318 1359 4380 imago
1392 4317 1599 4374 Christi,
1633 4332 1743 4368 non
1766 4318 1923 4370 latria
1950 4319 2071 4375 coli,
2094 4317 2188 4367 sed
2220 4316 2478 4371 Christus,
2503 4315 2597 4377 qui
2626 4314 2680 4363 in
2716 4328 2779 4363 ea
2799 4314 3017 4363 relative
3038 4315 3315 4371 adoretur.

364 4418 530 4493 Χάριν
558 4418 793 4490 ὁμολογῶ
845 4426 916 4488 τῷ
973 4415 1106 4488 ἁγίῳ
1146 4424 1281 4487 Θεῷ,
1331 4418 1412 4468 ὅτι
1441 4436 1537 4469 σου
1564 4417 1884 4477 ἠκουτίσθην

2072 4416 2332 4474 Gratiam
2364 4416 2562 4471 habeo
2597 4418 2712 4470 Deo
2760 4422 2987 4483 sancto,
3020 4417 3184 4488 quod
3237 4417 3327 4474 vel
3357 4434 3488 4475 sero
3520 4425 3653 4475 tan-

291 4506 337 4560 εἰ
374 4512 463 4558 καὶ
496 4506 589 4578 ὀψὲ
645 4514 735 4559 τοῦ
767 4514 951 4581 καιροῦ
993 4510 1086 4565 τὴν
1118 4506 1267 4579 φίλην
1322 4511 1489 4578 φωνήν
1520 4526 1533 4539 ο
1603 4508 1663 4559 ού
1690 4510 1790 4580 γὰρ
1830 4508 1891 4559 οἶν

291 4599 490 4669 εἴποιμι
516 4598 677 4672 χάριν
707 4598 868 4669 εὑρεῖν
917 4604 988 4667 τῷ
1017 4598 1211 4654 ταύτην
1265 4594 1530 4668 ἀσυφίλως
1562 4595 1723 4669 [cod.
1753 4599 1889 4667 Reg.

288 4684 524 4758 ἀσυφίλῳ
602 4690 881 4760 προπετείᾳ
956 4681 1293 4755 διακόψαντι]
1388 4689 1637 4759 πρότερον
1705 4682 1893 4738 διακό-

289 4774 475 4845 ψαντι,
515 4774 651 4830 Ἀλλ’
706 4770 885 4832 ἐπειδὴ
919 4776 1047 4845 ὁμοῦ
1110 4781 1170 4846 τῇ
1207 4774 1472 4848 ἀποσκευῇ
1518 4783 1614 4836 τῆς
1647 4775 1818 4838 λύπης
1858 4778 1887 4833 ἡ

293 4868 426 4937 σοφή
462 4884 555 4917 σου
612 4870 871 4936 τιμιότης,
899 4868 984 4915 καὶ
1018 4867 1103 4915 τὸν
1143 4868 1260 4935 περὶ
1320 4872 1408 4926 τῆς
1443 4874 1635 4924 σεπτῆς
1696 4864 1893 4927 εἰκόνος

291 4964 384 5009 τοῦ
439 4963 673 5030 Χριστοῦ
720 4956 868 5026 λόγον
914 4953 1278 5025 ἀντεξήγαγεν,
1334 4956 1493 5007 ἐκεῖνο
1545 4957 1655 5026 ἔχώ
1707 4954 1891 5025 λέγειν,

291 5042 332 5096 ὦ
391 5046 689 5117 τριπόθητε,
741 5044 821 5095 ὃτι
869 5050 1287 5116 συνηγοροῦσαν,
1348 5042 1454 5095 ἀλλ’
1513 5043 1609 5095 οὑκ
1676 5043 1894 5114 ἀντηγο-

285 5143 485 5211 ροῦσαν
541 5141 648 5196 τοῖς
714 5137 844 5209 πρὸς
908 5136 1033 5206 ἐμοῦ
1086 5133 1488 5201 ἀπεσταλμένοις
1554 5133 1718 5186 πάλαι
1800 5138 1894 5192 τὴν

288 5227 517 5297 ἔναγχος
570 5243 664 5277 σου
712 5223 988 5282 ἐπιστολὴν
1034 5222 1425 5296 συμϐαίνουσαν
1469 5222 1637 5299 εὗρον.
1672 5222 1895 5295 Ὀμολο-

370 5374 417 5407 ³³
448 5371 495 5427 Il
520 5372 649 5427 Cor.
684 5386 745 5437 ιι,
775 5372 833 5436 6,
863 5375 923 5426 7.

2001 4508 2140 4562 dem
2191 4506 2450 4562 amicam
2499 4520 2705 4560 vocem
2746 4510 2911 4561 tuam
2945 4506 3283 4562 audierim:
3335 4524 3443 4563 nec
3491 4510 3647 4565 enim

2001 4596 2253 4651 dixerim
2283 4596 2537 4665 gratiam
2559 4595 2779 4651 habere
2812 4613 2905 4652 me
2926 4597 2998 4662 ei,
3032 4597 3309 4669 quihanc
3338 4604 3516 4654 antea
3538 4604 3657 4654 tur-

2002 4687 2151 4758 piter
2194 4684 2449 4739 discidit.
2500 4687 2569 4739 At
2608 4686 2897 4756 quoniam
2944 4686 3141 4751 simul,
3193 4703 3332 4743 cum
3384 4688 3653 4744 dolorem

2002 4776 2327 4845 deponeret
2361 4775 2602 4845 sapiens
2646 4776 2976 4832 reverentia
3009 4782 3127 4844 tua,
3177 4777 3251 4833 de
3307 4778 3657 4834 veneranda

2002 4865 2185 4919 etiam
2250 4863 2511 4932 imagine
2565 4864 2777 4919 Christi
2839 4881 3180 4921 sermonem
3249 4866 3471 4937 injecit,
3542 4868 3656 4923 hoc

2004 4952 2199 5008 habeo
2217 4952 2432 5020 dicere,
2461 4953 2547 5007 vir
2568 4953 3093 5020 desideratissime,
3124 4956 3509 5026 patrocinari,
3532 4972 3652 5012 non

2003 5041 2429 5107 contradicere,
2470 5047 2527 5097 et
2555 5042 2623 5096 iis
2654 5058 2788 5113 quae
2827 5060 2862 5098 a
2896 5059 2987 5097 me
3020 5044 3251 5098 dudum
3286 5045 3473 5101 missa
3518 5051 3657 5101 sunt

2004 5133 2301 5187 cohaarere
2330 5133 2522 5186 visam
2553 5146 2685 5186 esse
2716 5133 3054 5202 proximam
3096 5133 3411 5202 epistolam
3464 5140 3651 5189 tuam.

2005 5220 2315 5279 Conﬁteris
2340 5221 2523 5285 enim,
2537 5220 2710 5291 juxta
2740 5220 3095 5291 praestitutas
3124 5220 3224 5276 tibi
3251 5223 3657 5293 propositiun—

1870 5460 2095 5517 NOTAE.

371 5572 452 5644 (7)
482 5571 548 5628 In
575 5570 711 5628 cod.
742 5573 884 5642 Reg.
913 5573 1031 5627 σις’.

2076 5564 2146 5636 (“)
2170 5563 2537 5637 Dogmatica.
