4058 6274
475 249 615 311 1639

1743 247 1803 306 S.
1843 239 2214 307 THEODORI
2256 246 2581 306 STUDITE

3687 246 3829 304 1640

469 379 660 444 .culas,
691 393 932 434 omnem
960 377 1284 447 imaginem
1315 392 1446 431 esse
1476 376 2014 434 demonstrativam
2043 376 2109 433 al-

2231 379 2492 447 γουμένως
2536 376 2637 448 γὰρ
2691 393 2826 426 κατα
2880 376 2948 426 τὰ
2993 377 3448 447 προσκευασθέντα
3492 393 3576 427 σοι
3622 374 3838 446 λημμα-

472 469 674 533 terius,
720 467 1005 521 nimirum
1039 467 1336 536 prototypi
1373 481 1386 519 :
1425 482 1514 533 ac,
1544 467 1593 520 si
1639 482 1710 521 ex
1749 471 1873 521 arte
1922 482 2126 536 gram-

471 559 692 612 matica
723 556 1094 627 loquendum
1135 561 1245 622 est,
1299 556 1409 609 hoc
1441 555 1753 610 relativum
1800 557 1924 621 erit,
1957 557 2122 627 quod

473 646 872 701 similitudinis
892 645 1374 713 signiﬁcativum,
1403 652 1458 698 et
1482 643 2042 711 demonstrativum,
2069 652 2124 700 et

471 735 1023 806 repraesentativum
1042 731 1398 805 appellatur.
1425 734 1759 798 Quinetiam
1779 750 1900 789 non
1918 740 1978 788 ut
1999 751 2123 790 ma-

469 824 626 878 teriai
643 823 1018 878 tribuendam
1045 839 1171 877 esse
1196 821 1866 890 adorationemimagini
1893 823 2118 888 Christi,

470 913 575 966 sed
638 919 697 966 ut
745 911 970 967 Christo
1017 911 1124 982 ipsi
1172 927 1184 964 :
1242 910 1538 982 siquidem
1601 911 1793 966 honor
1844 913 2121 980 imaginis

468 1002 735 1056 ascendit
765 1001 838 1057 ad
884 1007 1293 1072 prototypum,
1329 999 1645 1063 subducta,
1679 1016 1784 1071 per
1823 1000 2118 1056 actionem

469 1092 704 1153 mentis,
737 1091 988 1144 materia
1019 1106 1084 1143 ex
1110 1089 1452 1144 charactere
1483 1090 1585 1159 qui
1619 1089 1675 1142 in
1709 1105 1779 1144 ea
1810 1089 2116 1144 formatur.

466 1179 529 1231 Et
558 1177 741 1232 latrias
773 1177 934 1232 cultu
965 1176 1289 1231 deferenda
1319 1181 1429 1240 est,
1470 1184 1528 1231 ut
1554 1178 1660 1237 ais,
1696 1177 1967 1232 adoratio
1997 1180 2120 1233 Ser-

463 1269 650 1321 vatori
699 1267 948 1330 Christo,
991 1274 1045 1320 et
1085 1273 1220 1320 ante
1265 1281 1528 1328 carnem,
1559 1270 1614 1319 et
1669 1275 1799 1335 post
1851 1268 2120 1321 incarna-

467 1356 718 1410 tionem:
748 1364 803 1409 et
829 1363 965 1411 ante
994 1355 1340 1423 imaginem,
1375 1361 1429 1407 et
1454 1370 1557 1424 per
1589 1353 1749 1408 illam
1782 1372 1794 1408 :
1831 1371 1937 1410 nec
1971 1371 2122 1411 sana

466 1451 662 1500 mente
692 1445 1015 1515 quisquam
1063 1449 1168 1508 est,
1201 1442 1435 1513 opinor,
1477 1443 1580 1514 qui
1609 1443 1747 1497 huic
1778 1451 1932 1499 recte
1979 1461 2121 1500 con-

469 1535 687 1588 stitutae
718 1532 1000 1587 doctrinae
1029 1548 1089 1585 se
1117 1538 1406 1602 opponat.
1453 1532 1563 1586 Sed
1596 1537 1653 1586 et
1682 1533 1993 1602 exemplis,
2031 1531 2120 1588 vel

469 1623 608 1677 solis
631 1621 706 1676 ad
740 1637 960 1692 aquam
984 1619 1069 1675 vel
1098 1621 1374 1688 trianguli
1405 1621 1840 1683 immaterialis,
1869 1623 1982 1677 hoc
2013 1631 2118 1688 est,

466 1710 896 1774 mathematici,
922 1710 995 1764 ad
1023 1710 1412 1773 materialem,
1438 1726 1557 1764 non
1583 1711 1819 1766 videtur
1848 1713 2120 1767 insisten-
2155 1733 2194 1786 Β

464 1801 632 1855 dum.
667 1800 959 1865 Quoniam
995 1815 1096 1869 per
1126 1799 1508 1869 hypothesim
1545 1802 1591 1854 si
1626 1806 1918 1864 sumatur,
1946 1801 2120 1856 latria

464 1889 784 1944 colendum
830 1904 960 1942 esse
1014 1887 1222 1952 solem,
1270 1894 1325 1942 et
1372 1888 1629 1957 ﬁguram
1673 1889 2115 1958 triaugularem,

467 1978 818 2049 priusquam
850 1976 936 2030 vel
961 1976 1055 2030 ille
1082 1978 1142 2030 in
1171 1978 1345 2048 aquis
1383 1984 1582 2040 micet,
1633 1979 1716 2032 vel
1747 1978 1876 2033 haec
1907 1979 1965 2033 in
1997 1995 2118 2033 ma-

464 2067 612 2122 teria
639 2072 954 2120 cernatur:
1005 2065 1387 2120 manifestum
1429 2069 1538 2132 est,
1582 2067 1762 2121 etiam
1796 2075 2116 2138 postquam

463 2156 590 2210 haec
634 2154 981 2222 acciderint,
1029 2154 1117 2209 vel
1149 2155 1326 2210 simul
1369 2154 1526 2210 facta
1554 2155 1787 2220 fuerint,
1818 2157 1987 2212 latria
2023 2173 2122 2218 co.

458 2244 706 2300 lendum
739 2250 1060 2315 utrumque
1091 2259 1238 2297 esse.
1276 2244 1367 2299 Sic
1399 2245 1559 2298 enim
1585 2251 1640 2299 et
1671 2248 1989 2300 Dominum
2016 2262 2116 2302 no-

463 2338 646 2388 strum
677 2333 877 2387 Jesum
895 2332 1191 2386 Christum
1214 2333 1488 2403 apposite
1505 2333 1835 2400 ostendisti,
1873 2344 1932 2388 ut
1955 2343 2111 2400 ante,

460 2422 544 2477 sic
569 2432 623 2477 et
683 2430 816 2493 post
862 2421 1358 2484 incarnationem.
1417 2421 1584 2477 latria
1631 2422 1741 2476 coli
1789 2422 2006 2478 drbere
2057 2433 2113 2479 et

462 2511 719 2566 adorari.
767 2510 956 2565 Latria
994 2526 1135 2580 ergo
1177 2509 1495 2565 colendum
1541 2527 1668 2565 esse
1717 2511 2033 2578 Christum,
2075 2529 2111 2570 ο

459 2602 670 2667 amice,
693 2600 747 2654 in
781 2599 1056 2653 confesso
1086 2605 1170 2653 est
1202 2617 1214 2654 :
1251 2606 1310 2654 at
1339 2615 1456 2654 non
1486 2601 1567 2654 ita
1604 2601 1943 2656 veneranda
1981 2603 2110 2672 ejus

461 2689 663 2757 imago
689 2689 860 2743 latria
882 2688 1301 2759 prosequenda
1328 2695 1431 2753 est,
1454 2688 1602 2742 sicut
1626 2689 1794 2760 juxta
1825 2691 2110 2761 hypothe-

461 2779 594 2843 sim,
629 2777 716 2831 sol
746 2793 919 2847 aquae
951 2777 1278 2841 immixtus,
1313 2784 1368 2831 at
1411 2793 1528 2832 non
1563 2779 1763 2847 imago
1797 2781 2099 2849 trianguli.

463 2865 794 2934 triangulus
825 2867 1086 2920 materiae.
1104 2867 1345 2930 afﬁxus,
1364 2873 1423 2921 at
1440 2883 1557 2921 non
1577 2867 1778 2936 imago
1805 2869 2104 2938 trianguli-

458 2956 706 3010 Attende
747 2956 928 3020 enim,
958 2959 1120 3026 apud
1155 2971 1262 3010 nos
1289 2955 1647 3010 Christianos
1700 2957 1942 3012 unicam
1971 2974 2107 3014 esse

457 3044 714 3109 latriam,
747 3060 983 3116 aequam
1018 3043 1365 3100 solisanctae
1384 3051 1440 3100 et
1465 3045 2106 3103 consubstantialiTri-
2146 3080 2186 3136 α

457 3134 624 3188 nitati
647 3132 884 3188 exhibet
905 3134 1183 3188 universa
1197 3140 1410 3189 natura
1428 3134 1674 3189 visibilis
1697 3136 2103 3193 etinvisibilis.

458 3225 574 3277 Nec
599 3221 689 3277 fas
713 3229 802 3276 est
845 3222 1248 3278 venerandam
1285 3224 1610 3294 imaginem
1651 3225 1886 3289 Christi,
1935 3224 2109 3283 latria

457 3311 772 3366 colendam
803 3311 1017 3366 dicere.
1067 3314 1327 3367 Duorum
1359 3313 1517 3367 enim
1567 3314 1818 3369 alterum
1849 3329 1861 3369 :
1897 3321 1998 3370 aut
2045 3315 2107 3370 id

456 3400 622 3472 quod
674 3401 866 3465 latria,
919 3400 1072 3456 sicut
1115 3400 1235 3468 illa,
1294 3401 1614 3457 colendum
1657 3404 1748 3470 sit,
1808 3405 2103 3460 Trinitatis

457 3489 640 3544 latria;
671 3489 868 3554 inseri,
902 3489 1065 3561 quod
1107 3491 1505 3562 impossibile;
1537 3494 1681 3563 quia
1710 3494 1971 3548 Trinitati
1999 3494 2106 3549 ad-

446 3577 591 3633 ditio
623 3577 823 3632 inferri
851 3578 1013 3632 nulla
1044 3584 1258 3648 potest,
1277 3579 1406 3649 jam
1435 3581 1593 3635 enim
1621 3583 1989 3653 quaternitas
2017 3583 2101 3637 fo-

447 3666 533 3713 ret
566 3675 577 3712 :
607 3664 709 3714 aut
741 3659 788 3712 si
822 3674 939 3713 non
975 3659 1284 3727 inseratur,
1315 3661 1420 3714 sed
1450 3661 1651 3732 ipsum
1683 3678 1788 3732 per
1813 3679 1875 3718 se
1905 3663 2104 3718 colen-

448 3745 594 3801 dum
626 3748 717 3810 sit,
751 3746 904 3801 duas
926 3748 1088 3818 apud
1115 3763 1227 3802 nos
1256 3747 1462 3804 latrias
1484 3749 1684 3806 doceri
1715 3770 1728 3805 ε
1753 3767 1875 3823 quo
1893 3752 2040 3823 quid
2066 3769 2102 3808 a

446 3834 621 3890 nobis
647 3851 715 3890 ex
727 3842 988 3905 peterent
1005 3837 1385 3905 graecizantes
1406 3838 1804 3906 lconamachi,
1830 3857 2016 3911 quam
2040 3849 2100 3898 ut

446 3924 585 3980 inde
616 3925 1018 3988 ostenderent,
1043 3940 1176 3991 nos,
1198 3927 1464 3982 admissa
1484 3929 1706 3998 duplici
1723 3929 1914 3993 latria,
1940 3946 2100 3985 crea-

445 4019 638 4070 turam
691 4019 902 4085 praeter
960 4018 1299 4070 Creaturem
1344 4019 1558 4082 coiere,
1616 4019 2096 4091 Arianorumque

446 4103 734 4174 impietati
785 4103 932 4158 nihil
976 4105 1302 4160 concedere
1341 4104 1368 4158 ?
1406 4105 1730 4162 Adoranda
1781 4109 1959 4177 igitur
2007 4116 2096 4165 est

441 4193 644 4260 imago
685 4193 913 4256 Christi,
965 4198 1025 4248 at
1073 4209 1192 4249 non
1239 4195 1562 4251 deferenda
1603 4197 1682 4252 illi
1738 4196 1927 4264 latria,
1986 4199 2092 4254 sed

445 4281 693 4342 Christo,
726 4281 829 4351 qui
867 4282 925 4335 in
975 4298 1046 4336 ea
1094 4284 1398 4348 adoratur,
1435 4285 1606 4353 juxta
1649 4288 2090 4357 consequentia)

442 4369 732 4424 rationem
759 4387 772 4421 :
805 4372 1095 4441 quoniam
1127 4371 1254 4426 haec
1287 4371 1408 4427 duo
1445 4379 1603 4438 sunt,
1632 4375 1833 4443 imago
1873 4381 1929 4430 et
1961 4393 2093 4447 pro-
2123 4364 2168 4420 D

442 4461 746 4528 totypum;
777 4457 1172 4515 etdiscrimen
1201 4468 1310 4526 est,
1329 4476 1450 4516 non
1472 4463 1526 4516 in
1553 4464 1882 4534 hypostasi,
1911 4465 2092 4520 sedin

443 4549 723 4605 essentia.

540 4760 758 4816 CCXIII.
791 4791 856 4800 —
886 4761 1170 4818 Michaeli
1192 4763 1466 4833 Syncello
1496 4765 1984 4838 Hagz‘opolitano.

2231 485 2338 530 τια,
2395 466 2474 516 ὃτι
2503 469 2651 516 πᾶσα
2703 463 2848 515 εἰκὼν
2887 463 3040 516 οἶλλου
3095 463 3207 516 ἐστὶ
3239 462 3527 528 δηλωτικὴ,
3585 461 3833 521 δηλονότι

2231 562 2323 606 τοῦ
2349 556 2694 626 πρωτοτύπου
2727 571 2737 582 ⁸
2772 558 2861 605 καὶ
2919 553 2961 605 εἰ
2998 557 3108 627 χρή
3164 557 3316 626 φάναι
3346 557 3482 606 κατὰ
3540 557 3632 611 τὴν
3662 573 3836 626 γραμ-

2231 647 2456 716 ματικὴν
2527 642 2878 714 τεχνολογίαν,
2943 644 3083 694 τοῦτ’
3147 645 3208 694 ἄν
3261 647 3338 702 εἴη
3405 643 3731 714 ἀναφορικὸν,
3797 643 3826 693 ὃ

2231 738 2320 784 καὶ
2371 734 2753 803 ὁμοιωματικόν
2807 736 2894 783 καὶ
2948 728 3210 783 δεικτικὸν
3266 741 3354 784 και
3411 727 3829 784 ἀνταποδοτικὸν

2231 819 2480 874 καλεῖται.
2535 825 2631 872 Καὶ
2683 825 2779 891 μὴν
2833 821 2938 891 οὐχ
2986 823 3051 880 ὡς
3105 819 3200 878 ὕλη
3261 817 3368 872 δεῖν
3421 822 3705 894 προσάγειν
3762 827 3828 891 τῇ

2231 917 2464 982 Χριστοῦ
2505 909 2663 961 εἰκόνι
2691 915 2781 968 τὴν
2820 912 3182 983 προσκύνησιν
3213 927 3224 938 ⁸
3260 908 3366 961 ἀλλ’
3406 911 3477 971 ὡς
3514 909 3654 978 αὐτῷ
3695 915 3832 981 Χρι-

2233 1007 2373 1068 στῷ·
2409 1001 2547 1071 εἴπερ
2598 1000 2627 1056 ἡ
2689 1007 2778 1058 τῆς
2832 999 3025 1058 εἰκόνος
3073 1003 3198 1069 τιμὴ
3241 997 3323 1050 ἐπὶ
3378 1003 3434 1050 τὸ
3488 1003 3829 1073 πρωτότυπον

2230 1082 2510 1150 ἀναϐαίνει,
2580 1083 3017 1157 ὑπεξαιρουμένης
3094 1091 3183 1144 τῆς
3211 1084 3337 1145 ὖλης
3410 1091 3481 1153 τῷ
3547 1090 3644 1142 τῆς
3722 1081 3828 1134 ἐπι-

2229 1177 2370 1232 νοίας
2397 1171 2532 1242 λόγῳ
2572 1172 2625 1222 ἐκ
2667 1179 2755 1223 τοῦ
2787 1172 2836 1223 ἐν
2876 1172 3004 1242 αὐτῇ
3052 1172 3516 1243 σχηματιζομενου
3548 1181 3820 1246 χαρακτῆ-

2228 1279 2336 1334 ρος.
2395 1266 2494 1312 Καὶ
2549 1260 2855 1333 λατρευτώς,
2889 1264 2954 1322 ὡς
3013 1266 3122 1332 φης,
3155 1264 3474 1334 προσακτέον
3526 1265 3616 1317 την
3667 1279 3826 1334 προσο

2229 1353 2446 1406 κύνησιν
2495 1358 2565 1420 τῷ
2616 1357 2816 1422 Σωτῆρι
2865 1357 3101 1422 Χριστῷ,
3156 1356 3244 1402 καὶ
3299 1352 3399 1421 πρὸ
3455 1353 3669 1421 σαρκὸς,
3739 1355 3829 1400 καὶ

2231 1441 2359 1510 μετὰ
2393 1447 2657 1510 σάρκωσιν
2686 1458 2698 1470 ⁸
2727 1444 2818 1490 καὶ
2863 1443 2962 1511 πρὸ
2993 1448 3088 1500 τῆς
3117 1439 3324 1503 εἰκόνος,
3365 1444 3454 1490 καὶ
3507 1434 3580 1490 δι’
3612 1439 3778 1498 αὐτῆς
3815 1455 3826 1466 ⁸

2231 1533 2320 1579 καὶ
2377 1525 2551 1588 οὐδεὶς
2601 1537 2700 1579 τῶν
2747 1525 2800 1580 εὖ
2849 1531 3187 1602 φρονούντων,
3234 1525 3402 1599 οἶμαι,
3459 1526 3831 1601 ἀντιφέρεσθαι

2231 1624 2341 1677 τοῖς
2396 1616 2560 1690 ὀρθῶς
2618 1613 3136 1689 δεδογματισμένοις.
3196 1616 3352 1668 Ἀλλὰ
3406 1619 3507 1690 γὰρ
3567 1621 3654 1668 καὶ
3717 1623 3830 1677 τοῖς

2231 1703 2590 1778 ὑποδείγμασι
2630 1715 2722 1758 τοῦ
2768 1725 2820 1758 τε
2876 1707 3023 1764 ἡλίου
3079 1711 3203 1779 πρὸς
3263 1709 3320 1757 τὸ
3378 1703 3544 1779 ὕδωρ,
3589 1711 3676 1757 καὶ
3733 1713 3831 1756 τοῦ

2231 1793 2387 1846 ἁῦλου
2435 1802 2709 1867 τριγώνου,
2759 1796 2875 1854 ἢτοι
2922 1797 3307 1866 μαθηματικοῦ,
3354 1798 3485 1869 πρὸς
3525 1799 3580 1846 τὸ
3629 1793 3829 1862 ἕνυλον,

2229 1885 2322 1935 οὐκ
2398 1883 2712 1956 ἁπεμφαῖνον
2778 1883 3012 1936 ἕπεσθαι.
3083 1883 3220 1936 Ἐπεὶ
3293 1885 3408 1935 καθ’
3471 1886 3716 1936 ὑπόθεσιν
3785 1883 3833 1935 εἰ

2224 1972 2438 2044 ληφθείη
2489 1975 2766 2047 λατρευτὸς
2817 1976 2842 2025 6
2891 1975 3055 2037 ἣλιος,
3118 1977 3147 2031 ἦ
3203 1976 3261 2025 τὸ
3306 1979 3552 2048 τρίγωνον
3607 1980 3827 2044 σχῆμα,

2226 2068 2324 2137 πρὸ
2354 2072 2444 2116 τοῦ
2475 2067 2560 2115 τὸν
2612 2068 2701 2134 μὲν
2754 2066 2802 2115 ἐν
2830 2060 2993 2115 ὕδασι
3028 2062 3257 2133 πάλλειν,
3291 2066 3348 2114 τὸ
3408 2059 3466 2115 δε
3519 2067 3618 2134 προ
3649 2070 3740 2113 τοῦ
3771 2062 3826 2113 ἐν

2225 2152 2318 2224 ὕλη
2374 2154 2731 2224 ὑποφανθῆναι
2778 2170 2790 2182 ⁸
2848 2149 3110 2216 δηλονότι,
3172 2158 3260 2203 καὶ
3318 2154 3446 2223 μετὰ
3503 2157 3596 2210 τὴν
3655 2150 3826 2203 ἐκεῖσε

2225 2245 2508 2314 ἔμπτωσιν,
2569 2246 2687 2300 ἤτοι
2737 2247 3019 2313 συμφυῖαν,
3069 2240 3345 2313 λατρευτόν
3397 2239 3652 2314 ἑκάτερον.
3712 2243 3826 2292 0'3-

2223 2351 2294 2384 τω
2345 2335 2445 2404 γὰρ
2498 2337 2586 2382 καὶ
2630 2335 2716 2382 τὸν
2748 2331 2938 2402 Κύριον
2980 2332 3126 2402 ἡμῶν
3172 2330 3377 2386 Ἰησοῦν
3429 2334 3656 2402 Χριστὸν
3698 2327 3826 2397 ἀρα-

2220 2427 2380 2493 ρότως
2406 2417 2701 2484 ὑπέδειξας,
2751 2423 3000 2491 καὶμετὰ
3058 2420 3323 2490 σάρκωσιν
3349 2421 3413 2478 ὡς
3464 2421 3564 2491 πρὸ
3617 2423 3826 2488 σαρκώ-

2223 2529 2345 2569 σεως
2374 2510 2650 2582 λατρευτὸν
2699 2505 2826 2560 εἶναί
2874 2527 2928 2560 τε
2973 2513 3061 2560 καὶ
3102 2509 3532 2580 προσκυνεῖσθαι.
3584 2512 3825 2578 Λατρευ-

2219 2601 2308 2660 τὸς
2337 2595 2444 2664 οὖν,
2473 2596 2513 2649 ὦ
2541 2603 2654 2662 τᾶν,
2711 2598 2736 2648 6
2770 2601 3001 2669 Χριστὸς
3048 2597 3466 2668 ὁμολογουμένως
3499 2613 3515 2628 ·
3547 2595 3653 2646 ἀλλ’
3694 2596 3822 2667 οὑχὶ

2219 2688 2249 2744 ἠ
2307 2692 2468 2744 σεπτή
2521 2687 2681 2738 αὐτοῦ
2723 2687 2868 2738 εἰκὼν
2916 2686 3189 2759 λατρευτὴ,
3239 2687 3411 2758 ὥσπερ
3470 2689 3559 2737 καὶ
3601 2686 3626 2735 6
3672 2684 3822 2744 ἣλιος

2218 2776 2334 2828 καθ’
2365 2777 2612 2828 ὑπόθεσιν
2661 2780 2934 2847 συμμιγὴς
2963 2784 3035 2845 τῷ
3082 2771 3262 2838 ὕδατι,
3297 2773 3404 2824 ἀλλ’
3446 2777 3572 2845 οὐχὶ
3604 2775 3632 2830 ἡ
3671 2773 3821 2824 εἰκὼν

2217 2872 2308 2917 τοῦ
2350 2865 2498 2922 ἡλίου
2535 2882 2546 2893 ·
2589 2870 2678 2917 καὶ
2718 2867 2776 2916 τὸ
2815 2868 3062 2935 τρίγωνον
3103 2863 3316 2930 ὑλωθὲν,
3351 2862 3457 2914 ἀλλ’
3489 2863 3617 2933 οὐχὶ
3670 2865 3698 2920 ἡ
3746 2863 3822 2914 εἱ-

2216 2958 2318 3004 κών
2347 2962 2438 3005 τοῦ
2484 2960 2760 3028 τριγώνου.
2791 2951 2928 3028 Ὀρα
2964 2955 3065 3024 γὰρ
3115 2954 3192 3004 ὅτι
3221 2956 3318 3023 μία
3363 2953 3392 3008 ἡ
3423 2951 3638 3023 λατρεία
3667 2954 3813 3020 ἡμῶν

2216 3051 2313 3094 τῶν
2371 3051 2694 3116 Χριστιανῶν
2733 3047 2860 3115 μόνη
2903 3050 2962 3114 τῇ
3025 3041 3151 3113 ἁγίᾳ
3180 3045 3270 3093 καὶ
3323 3042 3588 3112 ὁμοουσίῳ
3619 3037 3810 3115 Τριάδι

2215 3135 2656 3205 προσενηνεγμένη
2715 3133 2814 3183 ὑπὸ
2871 3149 2924 3182 τε
2980 3131 3153 3190 πάσης
3217 3131 3406 3202 ὁρατῆς
3464 3131 3661 3201 φύσεως
3727 3133 3814 3181 καὶ

2215 3218 2461 3291 ἀοράτου.
2519 3225 2619 3273 Καὶ
2662 3220 2756 3272 οῦκ
2803 3218 3029 3292 ἐγχωρεῖ
3071 3223 3164 3277 τὴν
3222 3222 3414 3276 σεπτὴν
3464 3217 3636 3269 εἰκόνα
3691 3225 3818 3292 Χρι-

2215 3318 2338 3367 στοῦ
2385 3309 2667 3382 λατρεντὴν
2699 3311 2874 3381 φάναι.
2909 3315 3055 3360 Δυοῖν
3097 3310 3199 3381 γὰρ
3235 3309 3445 3381 θάτερον
3481 3324 3492 3336 ·
3526 3311 3556 3364 ἣ
3607 3311 3664 3358 τό
3695 3309 3812 3359 κατ’

2213 3399 2371 3458 αὐτὴν
2417 3399 2692 3471 λατρευτὸν
2735 3405 2797 3470 τῇ
2849 3393 3095 3470 τριαδικῇ
3151 3397 3363 3472 λατρεία
3413 3401 3812 3471 συνεισκρίνειν,

2211 3487 2334 3562 ὅπερ
2391 3485 2646 3540 ἀδύνατον
2707 3504 2718 3516 ·
2775 3485 2978 3560 ἐπείπερ
3037 3486 3132 3538 οὐκ
3189 3483 3435 3556 ἓδέχεται
3499 3488 3814 3558 προσθήκην

2210 3581 2328 3630 τινὰ
2379 3582 2722 3630 συνεισοίσειν
2777 3584 2837 3648 τῇ
2885 3572 3118 3648 Τριάδι·
3172 3576 3507 3650 εὑρεθήσεται
3563 3578 3664 3650 γὰρ
3734 3595 3816 3628 τε-

2208 3670 2332 3740 τρὰς
2378 3663 2512 3718 οὖσα
2541 3683 2552 3696 ⁸
2597 3667 2624 3724 ἡ
2669 3671 2739 3735 μὴ
2795 3669 3275 3737 συνεισκρινομένου
3318 3663 3504 3734 ἐκεῖσε,
3542 3665 3660 3717 καθ’
3689 3665 3814 3717 ἐαυ-

2207 3759 2266 3807 τό
2298 3752 2356 3808 δὲ
2381 3760 2537 3816 ὄντως
2589 3756 2892 3829 λατρευτοῦ,
2935 3751 3032 3807 δύο
3079 3758 3167 3814 τὰς
3215 3755 3451 3826 λατρείας
3503 3755 3650 3826 ἡμῶν
3683 3751 3816 3827 δογ-

2205 3844 2437 3915 ματίζειν
2475 3861 2487 3874 ⁸
2520 3850 2606 3896 καὶ
2639 3849 2690 3896 τί
2715 3843 2774 3895 ὄιν
2807 3843 2927 3895 ἄλλο
2961 3847 3158 3905 ζητοῖεν
3185 3842 3434 3900 Ἐλλήνιοι
3462 3844 3619 3915 (cod.
3657 3846 3801 3913 Reg.

2207 3932 2355 4005 ἑλεῖν]
2412 3934 2764 4005 Εἰκονομάχοι
2813 3938 2940 4006 πρὸς
2989 3935 3153 4004 ἡμῶν,
3211 3933 3240 3990 ἢ
3301 3936 3358 3983 τὸ
3413 3932 3638 3984 ἐντεῦθεν
3675 3932 3813 3984 ἀπο-

2206 4017 2374 4083 δεῖξαι
2399 4024 2537 4094 ἡμᾶς
2568 4030 2628 4094 τῇ
2688 4018 2847 4094 ὃυῑκῇ
2904 4021 3112 4095 λατρεία
3153 4022 3489 4093 λατρεύοντας
3520 4029 3581 4092 τῇ
3632 4026 3809 4074 κτίσει

2204 4113 2346 4184 παρὰ
2395 4115 2480 4163 τὸν
2539 4113 2826 4173 Κτίσαντα,
2881 4117 2970 4162 καὶ
2997 4107 3148 4162 οὐδὲν
3203 4119 3302 4161 τῶν
3342 4109 3617 4182 Ἀρειανῶν
3663 4111 3814 4162 ἐλάτε-

2202 4219 2323 4262 τους
2386 4203 2521 4252 κατὰ
2575 4199 2854 4266 ἁσέϐειαν;
2914 4204 3302 4273 Προσκυνητέον
3361 4196 3447 4251 οὖν
3508 4207 3566 4271 τῇ
3642 4200 3806 4252 εἰκόνι

2203 4296 2455 4361 Χριστοῦ,
2509 4289 2567 4341 οὐ
2619 4290 2916 4364 λατρευτέον
2947 4307 2958 4318 ·
3003 4288 3135 4341 ἀλλὰ
3163 4296 3232 4359 τῷ
3279 4288 3328 4340 ἐν
3385 4289 3516 4360 αὐτῇ
3569 4308 3810 4361 προσκυ-

2201 4385 2424 4450 νουμένῳ
2490 4386 2727 4454 Χριστῷ,
2781 4381 2916 4430 κατὰ
2964 4382 3052 4430 τὸν
3118 4385 3213 4438 τῆς
3271 4377 3580 4440 ἀκολουθίας
3638 4377 3809 4451 [cod.

2202 4469 2343 4537 Reg.
2399 4466 2656 4538 ἀληθείας]
2704 4468 2852 4540 λόγον
2882 4484 2894 4497 ⁸
2937 4464 3118 4526 ἐπειδὴ
3165 4475 3332 4519 ταῦτα
3380 4463 3498 4534 δύο,
3548 4467 3698 4519 εἰκών
3755 4487 3810 4521 τε

2200 4560 2291 4608 καὶ
2315 4565 2668 4628 πρωτοτυπον,
2696 4565 2785 4609 καὶ
2841 4559 2870 4616 ἡ
2932 4553 3251 4629 διαφορότης
3281 4556 3375 4608 οῦκ
3405 4555 3486 4609 ἐπὶ
3531 4564 3627 4617 τῆς
3685 4559 3809 4610 ὑπο-

2204 4647 2457 4711 στάσεως,
2491 4646 2619 4698 ὀιλλὰ
2652 4648 2788 4699 κατὰ
2816 4650 2900 4699 τὸν
2931 4654 3024 4708 τῆς
3053 4647 3238 4709 οὐσίας
3274 4646 3442 4718 λόγον.

2280 4771 2395 4825 ΣΙΓ¹
2552 4803 2619 4813 -
2647 4771 3276 4916 ΜιχαὴλΙζΣλυζγῖἐλλῳ
3316 4773 3732 4844 Ἀγιοπολίτη

2941 4865 2979 4894 ω
3071 4885 3082 4897 ο

2941 4865 3046 4897 ωλι.
3071 4885 3082 4897 .

436 4960 645 5011 Laudat
671 4962 822 5012 illum
853 4964 920 5013 ob
958 4978 1021 5014 ea
1067 4979 1184 5028 qua:
1220 4965 1600 5040 Hierosolymis
1631 4983 1726 5032 pro
1749 4973 2011 5040 __veritatis
2045 4975 2383 5040 confessione
2425 4977 2732 5040 pertulerat,
2762 4980 2878 5026 tum
2910 4977 3119 5026 nuntiat
3152 4979 3580 5040 persecutionem
3617 4977 3786 5028 Cons-

1464 5033 1781 5096 tantinopoli
1803 5048 2060 5086 cessasse.
2092 5039 2304 5102 (Baron.
2329 5033 2556 5097 tim-845,
2591 5054 2643 5088 ιι.
2666 5041 2768 5102 42.)

513 5141 714 5198 Scribo
744 5159 905 5199 nunc
929 5145 1008 5200 ad
1030 5147 1423 5202 reverentiam
1455 5151 1642 5212 tuam,
1665 5151 1911 5221 quando
1942 5153 2088 5209 mihi

439 5230 539 5286 Dei
554 5238 704 5288 nutu
727 5233 936 5304 obtigit
964 5240 1026 5291 ut
1040 5234 1303 5307 epistola:
1320 5236 1659 5293 ministrum
1679 5240 2079 5298 nanciscerer:

2272 5155 2429 5230 Ἄρτι
2478 5156 2756 5210 ἐπιστέλλω
2799 5163 2859 5229 τῇ
2920 5161 3186 5228 τιμιότητί
3237 5175 3351 5224 σου,
3401 5157 3624 5214 ὁπηνίκα
3681 5157 3808 5210 εὐω-

2202 5239 2347 5304 δὼθη
2405 5265 2496 5318 μοι
2550 5248 2598 5298 ἐν
2653 5253 2726 5317 τῷ
2777 5245 3025 5317 θελήματι
3072 5252 3163 5298 τοῦ
3203 5246 3524 5318 Θεοῦιεὺρεῖν
3557 5241 3804 5299 διάκονον

2006 5403 2210 5460 NOTAE
2221 5441 2245 5464 ο

501 5542 577 5613 (8)
599 5543 662 5600 In
686 5541 820 5600 cod.
852 5544 995 5616 Reg.
1027 5544 1161 5612 σις’.
