4058 6274
296 305 428 365 1641

1569 304 2075 368 EPISTOLARUM
2119 312 2254 371 LIB.
2297 313 2366 368 II.

3506 308 3647 374 1642

292 446 386 490 τοῦ
424 439 735 512 γράμματος
763 457 775 469 ·
811 434 918 490 ἐπεὶ
969 436 1170 510 ἔμελλον
1196 434 1257 489 ἆν
1290 435 1343 500 ἐξ
1397 438 1560 498 αὐτῆς
1612 447 1705 501 τῆς
1752 441 1884 490 καθ-

1999 438 2266 511 alioquin
2296 455 2367 495 ex
2388 439 2526 511 ipsa
2557 438 2831 496 custodia
2867 443 3073 496 nostra
3093 438 3357 512 idipsum
3383 439 3648 498 facturus

293 528 497 601 είρξεως
550 529 691 600 ἡμῶν
749 527 872 579 αὐτό
906 534 1055 580 τοῦτο
1085 534 1268 594 ποιεῖν,
1314 531 1403 580 καὶ
1434 527 1538 600 οὐχ
1567 527 1727 593 ἅπαξ,
1761 527 1890 581 ἀλλά

293 621 383 670 καὶ
438 613 522 678 δὶς
564 620 655 669 καὶ
699 615 948 677 πολλάκις
986 620 1115 678 ἴσως
1146 635 1157 647 ·
1191 614 1314 669 οὐδὲ
1364 620 1465 692 γὰρ
1507 619 1585 669 ὅτι
1626 618 1772 689 ὑμεῖς
1803 616 1888 669 ἀλ-

291 703 559 772 λοδαπεῖς,
610 708 757 779 ἡμεῖς
803 708 944 779 ὑμῶν
992 703 1309 781 ἑτεροειδεῖς.
1360 706 1492 761 Ἀλλ’
1527 709 1605 760 ὅτι
1654 707 1710 759 ἐκ
1760 712 1886 780 μιᾶς

293 799 494 870 μητρὸς
558 804 653 859 τῆς
718 798 985 857 υἱοθεσίας
1045 800 1423 869 γεγεννημέναι,
1482 801 1573 850 καὶ
1621 805 1693 868 τῷ
1746 797 1885 869 αὐτῷ

290 894 599 960 χαρακτῆρι
662 894 757 948 τῆς
816 886 1117 962 εἰλικρινοῦς
1195 892 1414 948 πίστεως
1472 890 1881 960 μεμορφωμένοι,

291 978 383 1026 καὶ
441 971 673 1047 ἀδελφοὶ,
724 980 814 1028 καὶ
870 975 1207 1048 συμπολίται,
1259 976 1481 1049 κεφαλὴν
1533 978 1741 1048 ἔχοντες
1798 978 1883 1026 τὸν

298 1067 528 1138 Χριστόν
560 1081 573 1093 ”
604 1064 760 1140 οὗπερ
813 1066 882 1127 ὡς
936 1073 1088 1138 σῶμα
1142 1066 1422 1132 τελοῦντες,
1476 1070 1584 1117 καὶ
1620 1064 1773 1137 μέλη
1819 1063 1883 1115 ἐκ

294 1158 531 1226 μέρους
569 1152 823 1225 ὀφειλέται
866 1155 1020 1226 ἐσμεν
1076 1158 1165 1207 καὶ
1220 1159 1528 1229 συγχαίρειν
1559 1153 1794 1214 ἀλλήλοις
1834 1155 1883 1205 ἓν

289 1249 401 1304 τοῖς
431 1238 645 1307 δεξιοῖς,
689 1247 779 1295 καὶ
811 1242 1059 1297 ἀνιᾶσθαι
1098 1240 1162 1296 αὖ
1194 1243 1276 1297 ἐπὶ
1305 1252 1412 1305 τοῖς
1444 1242 1717 1318 λυπηροῖς.
1749 1240 1881 1297 Ἀλλ’

292 1331 333 1381 ὤ
381 1339 511 1399 πῶς,
567 1330 771 1405 ἀλλαχῇ
832 1336 1164 1408 ὡρμημένους
1206 1335 1357 1405 ὑμᾶς
1415 1335 1746 1405 πορεύεσθαι,
1798 1332 1884 1391 ἠν-

292 1422 520 1492 άγκασεν
575 1423 606 1480 ἡ
640 1423 773 1497 φορά
800 1430 891 1474 τοῦ
947 1430 1133 1497 καιροῦ
1178 1422 1228 1474 ἐν
1267 1423 1490 1496 ἄρκυσιν
1517 1422 1753 1493 ἐμπεσεῖν
1783 1429 1882 1473 τῶν

291 1506 422 1581 τῇδε
471 1518 797 1585 κρατοῦντων
837 1515 941 1579 ;Τί
992 1508 1080 1563 οὖν
1138 1514 1276 1563 ἔστιν
1308 1510 1464 1563 εἰπεῖν
1502 1514 1629 1584 πρὸς
1668 1518 1879 1577 ταῦτα;

297 1599 325 1657 ὃ
361 1600 481 1672 ὅπερ
511 1604 641 1671 φησὶ
661 1603 720 1652 τό
751 1602 882 1675 ἱερὸν
909 1603 1165 1676 γράμμα’
1203 1606 1319 1654 Καὶ
1359 1602 1383 1652 6
1424 1599 1587 1671 ἀγὼν
1629 1597 1739 1670 ἦγε
1777 1604 1881 1652 τὸν

294 1692 457 1754 Ἧοὺ,
489 1688 594 1740 ἀλλ’
649 1688 754 1741 ἐκεῖ
788 1692 877 1763 μὲν
904 1690 971 1751 εἰς
1024 1694 1081 1743 τὸ
1139 1689 1454 1763 βασιλεῦσαι
1511 1697 1601 1741 τοῦ
1627 1689 1839 1761 Ἰσραήλ
1866 1703 1881 1719 ⁸

1999 543 2185 598 eram,
2217 544 2326 584 nec
2357 528 2540 585 semel
2579 528 2780 595 modo,
2827 528 2933 585 sed
2971 529 3064 585 bis
3103 530 3285 586 etiam
3323 545 3395 586 ac
3426 531 3645 603 sapius

1997 617 2247 673 fortasse
2280 635 2291 672 :
2327 634 2524 690 neque
2549 618 2728 687 enim,
2756 618 2899 692 quia
2915 617 3095 674 exteri
3118 634 3224 674 vos
3255 619 3645 688 estis,idcirco

1996 706 2224 762 avobis
2246 708 2439 778 specie
2468 707 2901 779 discrepamus.
2939 707 3051 764 Sed
3076 723 3214 764 cum
3236 724 3309 765 ex
3336 723 3461 766 una
3498 708 3647 766 ado-

1996 796 2214 867 ptionis
2242 802 2431 854 matre
2462 797 2641 868 geniti
2670 797 2878 867 simus,
2909 800 2966 853 et
2986 796 3200 853 eodem
3228 797 3474 854 sinceras
3503 797 3643 855 ﬁdei

1995 885 2334 942 charactere
2373 886 2659 957 insigniti,
2692 891 2747 942 et
2775 886 3005 953 fratres,
3047 893 3103 942 et
3133 887 3431 954 concives,
3464 892 3647 960 caput

1992 974 2284 1031 habentes
2325 975 2642 1045 Christum,
2675 980 2737 1031 ut
2775 976 2880 1048 qui
2919 974 3111 1048 ipsius
3150 991 3365 1049 corpus
3405 992 3642 1045 sumus,

1994 1067 2047 1120 et
2097 1064 2361 1121 membra
2394 1064 2465 1122 de
2506 1064 2766 1122 membro
2800 1065 2848 1100 ⁹⁴
2877 1084 2890 1124 :
2918 1064 3493 1137 congaudereiinter
3533 1081 3646 1123 nos

1993 1152 2285 1208 debemus
2314 1154 2373 1209 in
2403 1153 2730 1226 prosperis,
2750 1153 3011 1226 angique
3038 1153 3258 1225 pariter
3274 1154 3334 1210 in
3355 1154 3642 1211 adversis.

1997 1244 2207 1297 Verum
2238 1243 2549 1315 quomodo
2595 1259 2719 1309 vos,
2768 1259 2906 1299 cum
2954 1242 3071 1299 alio
3124 1242 3370 1315 profecti
3412 1244 3641 1311 essetis,

1992 1332 2231 1403 impulit
2251 1337 2586 1404 temporum
2610 1332 2910 1399 violentia,
2931 1332 3067 1387 utin
3085 1348 3295 1388 eorum
3318 1332 3421 1405 qui
3441 1348 3642 1390 rerum

1991 1419 2088 1475 hic
2119 1422 2447 1491 potiuntur,
2479 1421 2628 1479 retia
2651 1421 2973 1477 incideritis
2996 1420 3024 1477 ‘i
3050 1420 3205 1487 Quid
3226 1421 3303 1477 ad
3330 1420 3461 1477 haec
3490 1422 3644 1479 dice-

1994 1525 2127 1563 mus
2156 1510 2184 1565 ?
2213 1511 2323 1566 nisi
2350 1511 2408 1566 id
2440 1510 2604 1583 quod
2636 1527 2810 1567 sacra
2842 1511 3146 1583 Scriptura
3181 1511 3262 1566 ait
3294 1527 3307 1566 :
3341 1512 3420 1566 Et
3446 1511 3645 1568 multi-

1995 1599 2135 1654 tudo
2162 1600 2335 1657 duxit
2379 1600 2531 1656 Jehu
2580 1602 2650 1665 9⁵,
2702 1600 2806 1656 sed
2837 1600 2954 1655 illic
2993 1601 3241 1672 quidem
3272 1600 3349 1656 ad
3387 1615 3643 1671 regnum

1993 1688 2172 1744 Israel
2203 1705 2216 1755 ;
2250 1690 2347 1745 hic
2376 1706 2513 1745 vero
2545 1690 2622 1745 ad
2652 1689 3062 1745 testimonium
3091 1688 3375 1756 veriIatis,
3398 1693 3459 1745 ut
3482 1705 3645 1746 nunc

295 1780 517 1831 ἐνταῦθα
564 1775 643 1844 δὲ,
686 1779 754 1841 εἰς
804 1783 862 1832 τὸ
916 1789 1255 1855 μαρτυρῆσαι
1306 1788 1369 1852 τῇ
1433 1778 1648 1852 ἀληθείᾳ
1681 1796 1693 1809 '
1728 1781 1793 1840 ὡς
1825 1778 1884 1829 ἀν

1995 1778 2171 1833 etiam
2203 1778 2523 1849 impleatur
2550 1779 2713 1851 quod
2746 1777 2973 1833 dictum
3005 1782 3095 1833 est
3121 1795 3135 1833 :
3169 1778 3253 1833 De
3281 1777 3429 1834 Sion
3459 1778 3645 1834 exibit

290 1867 541 1941 πληρωθῇ
576 1872 632 1920 1'6
666 1868 927 1943 εἰρημένον
976 1872 1060 1921 καὶ
1090 1876 1244 1921 τανῦν
1267 1884 1281 1899 ’
1318 1870 1415 1922 Ἐκ
1454 1874 1607 1920 Σιὼν
1648 1868 1815 1931 ἐξελε
1832 1870 1887 1919 ύ-

295 1974 479 2008 σεται
515 1956 725 2029 λόγος,
749 1963 856 2010 καὶ
885 1962 1077 2030 νόμος
1110 1962 1348 2032 Κυρίου
1384 1958 1445 2019 ἐξ
1472 1955 1883 2030 Ἰερουσαλήμ.

291 2040 469 2097 Ὧδεὸ
495 2054 629 2113 νοῦς,
664 2044 703 2097 ὦ
731 2049 1024 2121 πάμμακαρ
1060 2045 1229 2119 [ϐοά.
1264 2048 1405 2115 Reg.
1440 2044 1665 2120 μάκαρ.]
1687 2062 1698 2075 ⁸
1729 2047 1888 2104 Στῆθι

296 2139 557 2205 γενναίως,
611 2138 1105 2209 ὑπομιμνησκομεν·
1141 2136 1424 2198 Δόξασον
1466 2132 1541 2193 δη
1583 2139 1687 2187 τόν
1730 2138 1887 2188 Θεὸν

290 2221 350 2274 ἐν
389 2231 469 2294 τῷ
526 2229 780 2297 σώματί
822 2244 935 2276 σου
976 2230 1087 2277 καὶ
1136 2224 1193 2276 ἐν
1231 2233 1313 2295 τῷ
1370 2227 1713 2295 Πνεῦματι.
1764 2223 1887 2277 Εἰπὲ

291 2316 381 2364 καὶ
410 2312 562 2374 αὐτὸς
577 2315 709 2385 μετά
724 2320 816 2365 τοῦ
843 2315 1118 2366 θεσπεσίου
1145 2313 1349 2366 Παύλου
1369 2334 1381 2346 ·
1412 2320 1453 2365 Ο
1469 2310 1531 2365 ῖδ
1546 2334 1579 2365 α
1617 2315 1682 2365 ὅτ
1698 2334 1714 2364 ι
1752 2333 1819 2365 το
1834 2319 1890 2372 ῦ.

289 2405 360 2453 τό
398 2421 506 2473 μοι
573 2400 991 2461 ἀποϐήσεται
1051 2403 1143 2463 εἰς
1206 2408 1531 2475 σωτηρίαν
1595 2399 1707 2455 διὰ
1769 2397 1883 2462 τ’ἧς

290 2492 459 2560 ὑμῶν
503 2488 789 2553 δεήσεως
828 2496 938 2544 καὶ
977 2490 1416 2564 ἐπιχορηγίας
1452 2499 1562 2544 τοῦ
1603 2495 1885 2564 Πνεῦμα-

288 2578 629 2642 τοςἸησοῦ
664 2588 978 2655 Χριστοῦ,
1010 2584 1169 2633 κατά
1205 2585 1316 2639 τὴν
1356 2577 1882 2653 ἀποκαραδοκίαν

288 2672 400 2721 καὶ
438 2665 676 2721 ἐλπίδα
722 2686 880 2742 μου·
915 2672 1016 2722 ὅτι
1056 2668 1115 2721 ἐν
1155 2666 1371 2722 οὐδενὶ
1435 2670 1883 2742 αἰσχυνθήσο-

286 2779 437 2831 μαι·
497 2758 623 2810 ἀλλ⁹
663 2758 721 2810 ἐν
758 2758 1285 2835 πάσηπαῤῥησίᾳ
1341 2762 1419 2820 ὡς
1470 2762 1737 2813 πάντοτε
1775 2765 1882 2813 καὶ

290 2856 395 2900 νῦν
435 2848 1017 2921 μεγαλυνθήσεται
1055 2852 1110 2902 ἐν
1150 2858 1229 2921 τῷ
1270 2854 1523 2921 σώματί
1562 2869 1703 2922 μου,
1758 2852 1882 2902 εἴτε

287 2934 399 2990 διὰ
438 2937 566 2998 ξωῆ
588 2957 628 3003 ς,
662 2940 789 2991 εἴτε
828 2934 940 2990 διὰ
979 2940 1277 2991 θανάτου.
1303 2938 1482 3010 Ἐμοὶ
1514 2941 1637 3011 γὰρ
1677 2941 1735 2990 τὸ
1768 2939 1881 3010 ζῇν

286 3030 599 3099 Χριστὸς,
629 3030 843 3080 καὶτὸ
884 3026 1231 3081 ἀποθανεῖν
1270 3025 1523 3103 κέρδος.
1563 3024 1677 3081 Ἴδε
1706 3029 1730 3079 6
1759 3028 1881 3099 γλυ-

284 3118 378 3179 κὺς
401 3114 560 3188 ἀγὼν,
587 3112 672 3169 ἴδε
700 3118 725 3168 6
757 3118 1016 3190 μακάριος
1047 3117 1428 3189 συναλλαγμός,
1462 3115 1748 3191 βραχείαις
1774 3116 1879 3169 θλί-
1922 3152 1962 3209 C

280 3203 412 3276 ψεσί
441 3224 495 3258 τε
517 3209 608 3258 καὶ
641 3209 1032 3279 περιστάσεσιν,
1061 3206 1150 3259 εἶτ’
1177 3203 1264 3259 οὖν
1288 3206 1515 3277 πληγαῖς
1542 3226 1594 3259 τε
1623 3210 1712 3258 καὶ
1740 3206 1881 3280 ῥανί-

286 3313 370 3346 σιν
402 3295 622 3367 αίματος
654 3298 780 3349 Θεὸν
809 3298 1070 3367 γενέσθαι,
1102 3301 1187 3349 καὶ
1236 3303 1368 3350 Θεοῦ
1415 3302 1508 3348 τοῦ
1547 3299 1702 3358 ὅντως
1739 3294 1881 3357 ὄντος

282 3380 572 3456 ἐπιτυχεῖν.
591 3386 887 3457 Ἐμονώθης
904 3393 1203 3459 τοιγαροῦν,
1228 3387 1293 3447 ὡς
1314 3383 1631 3459 ἀκηκόαμεν,
1660 3386 1879 3457 τμηθεὶς

280 3481 356 3543 τῷ
386 3478 679 3549 φρονήματι
700 3473 799 3527 ἀπὸ
830 3483 929 3527 τῶν
974 3474 1356 3547 ἀγαπησάντων
1401 3479 1485 3527 τὸν
1541 3482 1627 3526 νῦν
1680 3474 1874 3527 αἰῶνα⁶

282 3562 412 3615 ἀλλά
432 3566 727 3627 συναιώθης
754 3570 889 3617 πᾶσι
908 3572 1018 3626 τοῖς
1030 3564 1388 3638 ἀντεχομένοις
1408 3571 1501 3616 τοῦ
1522 3573 1583 3624 τῆ
1596 3585 1616 3626 ς
1638 3562 1875 3624 ἀληθείας

281 3651 441 3724 λόγου
454 3698 467 3711 ,

284 3745 344 3794 τὸ
379 3746 560 3816 στῖφος
583 3750 744 3819 χεῖρα
772 3748 1028 3817 προτείνει
1060 3744 1184 3797 ἑλεῖν
1215 3746 1469 3818 ὁμόχρον.

356 3836 442 3891 Μὴ
477 3828 545 3891 δὴ
607 3832 990 3906 ἀπολειφθῶμεν
1028 3841 1121 3895 τῆς
1183 3833 1342 3894 καλῆς
1393 3836 1625 3906 χορείας,
1654 3830 1693 3884 ὦ
1722 3831 1880 3885 σεϐά-

286 3940 411 3994 σμιε
442 3941 455 3954 ·
489 3919 621 3995 μηδ’
675 3919 739 3975 αὖ
794 3925 1229 3996 καταισχύνωμεν
1278 3925 1371 3983 τάς
1412 3942 1615 3975 παντων
1642 3918 1877 3988 ἐλπίδας,

288 4008 329 4062 ὦ
378 4013 678 4086 τριπόθητε.
739 4016 889 4065 Πόσα
943 4012 1003 4064 ἀν
1057 4015 1260 4086 ἔκαμες,
1293 4015 1424 4066 ὥστε
1479 4032 1573 4065 σου
1614 4015 1670 4065 τὸ
1723 4015 1882 4083 ὄνομα

1777 4103 1881 4156 Νῦν

289 4184 351 4242 δέ
398 4191 467 4251 ὡς
496 4189 573 4242 ἔπ’
605 4194 756 4263 ὅρους
801 4189 992 4263 ἀρετῶν
1043 4188 1137 4244 διὰ
1163 4197 1253 4251 τῆς
1304 4190 1582 4261 ὁμολογίας
1629 4188 1883 4247 ἀναϐεϐη-

284 4282 411 4345 κὼς,
470 4278 698 4352 ἐμφανὴς
757 4278 927 4352 ἐγένου
998 4288 1070 4351 τῷ
1134 4280 1336 4352 κόσμῳ,
1392 4284 1481 4332 καὶ
1535 4278 1880 4353 λαμποφορείς

292 4367 443 4425 ἡλίου
494 4372 851 4441 φωτεινότερον
907 4371 1001 4422 σὺν
1052 4377 1122 4440 τῷ
1171 4369 1308 4441 λόγῳ
1361 4373 1451 4421 καὶ
1506 4371 1592 4420 τόν
1638 4367 1776 4441 βίον,
1817 4367 1883 4428 εἰς

289 4455 448 4520 δόξαν
473 4464 594 4511 Τοῦ
635 4462 884 4532 Πατρός
922 4461 1091 4532 ἡμῶν
1131 4466 1240 4511 τοῦ
1281 4457 1337 4509 ἐν
1375 4464 1510 4519 τοῖς
1549 4458 1879 4530 οὐρανοῖς·

289 4547 356 4608 εἰς
387 4551 542 4600 τόπον
567 4550 782 4621 ἧρχθης
824 4549 1181 4623 ὑπεραίνοντα,
1224 4548 1290 4609 εἰς
1314 4547 1560 4620 γλῶσσαν
1584 4544 1883 4620 παρεδόθης

298 4634 610 4710 βλάσφημον
648 4653 663 4667 ⁸

293 4723 723 4799 ψευδολογοῦσαν
774 4732 865 4781 καὶ
919 4732 1237 4803 πειρωμένην
1299 4726 1587 4779 ὑποκλίνειν
1648 4724 1748 4778 ἀπὸ
1792 4733 1884 4778 τοῦ

288 4815 495 4887 ὑψηλοῦ
542 4821 632 4870 καὶ
687 4819 824 4870 θείου
878 4822 1204 4891 φρονήματος
1238 4834 1251 4884 ;
1285 4815 1391 4868 ἀλλ’
1430 4820 1579 4888 ἴσμεν
1610 4816 1663 4879 ἐξ
1702 4814 1881 4882 ἀκοῆς,

293 4907 413 4967 ὅσος
438 4911 529 4959 καὶ
560 4906 714 4969 αὐτὸς
746 4906 791 4960 εἴ
817 4910 1008 4983 χάριτι
1036 4914 1290 4981 Χριστοῦ,
1318 4905 1468 4978 λόγον
1498 4905 1700 4978 ἐπέχων
1724 4908 1882 4975 ζωῆς,

300 4999 483 5068 σοφίας
510 4996 713 5071 ῥεῖθρον
745 4995 845 5049 ἀπὸ
901 5001 1161 5068 στὸματος
1208 4994 1636 5071 προϐαλλόμενος,
1705 4992 1885 5046 ἀντεπ-

294 5083 492 5156 εξάγειν
544 5087 611 5138 τὰ
640 5085 813 5139 εἰκότα
862 5093 973 5148 ταῖς
1018 5089 1269 5158 ματαίαις
1314 5088 1654 5159 προτάσεσιν.
1710 5082 1885 5156 Ἡμεῖς

292 5170 352 5227 δὲ
400 5176 449 5226 οἱ
494 5180 724 5229 ταπεινοὶ
775 5174 933 5229 ἐκεῖνο
985 5175 1195 5248 λέγομεν
1238 5179 1328 5227 καὶ
1383 5171 1762 5246 διασαφοῦμεν,
1806 5174 1885 5226 ὅτι

292 5260 512 5335 λογάδες
563 5262 724 5318 πάλαι
766 5284 820 5319 τε
870 5270 959 5319 καὶ
1009 5274 1099 5317 νῦν
1137 5268 1470 5339 προέστησαν
1514 5260 1669 5317 τοῦδε
1699 5270 1790 5316 τοῦ
1814 5265 1882 5315 ἰε-

287 5360 555 5428 ραρχικοῦ
612 5355 811 5428 θρόνου,
874 5355 1119 5429 εὖτεχνίᾳ
1170 5351 1447 5427 δογμάτων
1502 5357 1560 5406 τὸ
1611 5357 1728 5425 περὶ
1784 5360 1883 5405 τῶν

291 5444 440 5517 ἱερῶν
494 5443 698 5497 εἰκόνων
751 5446 995 5519 θεώρημά
1066 5464 1120 5499 τε
1175 5448 1265 5496 καὶ
1326 5446 1569 5516 σύνθημα
1619 5439 1886 5496 διατυπώ-

370 5566 419 5640 ff
451 5566 472 5619 Ι
506 5567 635 5640 Cor.
667 5581 771 5633 xu,
795 5569 885 5623 27.
962 5567 1009 5603 ³³
1040 5568 1106 5623 ιν
1128 5568 1269 5640 Reg.
1322 5582 1399 5635 IX,
1470 5568 1556 5622 13·

294 5638 345 5675 "
369 5636 574 5698 Matth.
598 5652 677 5705 τι,
711 5640 764 5695 9.

578 5746 820 5803 PATROL.
864 5745 969 5801 Gn.
1018 5745 1189 5803 XCIX
1201 5785 1214 5803 .

290 4098 550 4152 ἀκουστὸν
588 4102 636 4153 ἐν
687 4099 843 4175 ἀρετῇ
891 4103 1134 4173 γενέσθαι
1187 4108 1297 4164 τοῖς
1335 4097 1439 4154 ὦδε
1479 4101 1689 4153 κάκεῖσε
1723 4117 1736 4166 ;

714 4642 855 4691 πὸσα
885 4640 975 4711 μὶν
1008 4634 1097 4690 οὖν
1147 4642 1475 4707 σαίνουσαν;
1528 4641 1673 4690 πόσα
1718 4633 1777 4689 δὲ
1826 4636 1883 4689 οὗ

557 3652 814 3707 Ἐντεῦθεν
894 3673 951 3706 σε
1003 3655 1028 3705 6
1095 3657 1255 3727 χορός
1329 3662 1428 3707 τῶν
1476 3655 1754 3729 μαρτύρων
1838 3650 2111 3705 ὑπολαϐεῖν
2167 3650 2412 3724 βοόλεται
2471 3651 2747 3727 ὁλόκληρον
2798 3669 2811 3682 ·

1635 5566 1683 5601 ⁰⁶
1748 5564 1860 5620 lsa.
1924 5576 1987 5631 ιι,
2051 5560 2105 5617 3.

1994 1882 2204 1933 sermo,
2228 1874 2279 1924 et
2314 1868 2412 1924 lex
2445 1867 2675 1923 Domini
2695 1867 2765 1923 de
2786 1867 3116 1923 Jerusalem
3136 1868 3205 1921 9°.
3224 1866 3347 1921 Huc
3368 1867 3642 1923 animum

1994 1957 2256 2021 adverte,
2285 1973 2321 2012 ο
2349 1956 2692 2013 beatissime
2751 1972 2764 2011 :
2824 1960 2916 2012 sta
2964 1955 3207 2021 fortiter,
3260 1970 3580 2012 monemus
3623 1969 3640 2012 :

1993 2047 2267 2116 glori/ica
2287 2047 2474 2103 Deum
2501 2046 2565 2102 in
2596 2061 2844 2115 corpore
2874 2049 2993 2109 tuo,
3024 2051 3076 2102 et
3097 2044 3161 2100 in
3192 2045 3413 2114 spiritu
3436 2046 3506 2101 97.
3542 2046 3642 2101 Dic

1994 2140 2048 2190 et
2079 2136 2204 2207 ipse
2234 2151 2373 2191 cum
2398 2136 2603 2191 divino
2621 2133 2802 2191 Paulo
2827 2151 2841 2190 :
2873 2133 3005 2191 Scio
3035 2134 3178 2207 quia
3197 2134 3307 2191 hoc
3334 2134 3485 2191 mihi
3506 2149 3644 2203 pro-

1995 2225 2183 2281 veniet
2220 2225 2301 2281 ad
2320 2226 2594 2293 salutem,
2626 2240 2740 2294 per
2785 2228 3038 2281 vestram
3069 2224 3397 2280 orationem
3423 2228 3477 2280 et
3504 2223 3643 2280 sub-

1992 2314 2265 2371 ministra
2273 2314 2485 2371 tionem
2512 2315 2780 2382 Spiritus
2792 2315 2834 2369 J
2834 2329 2935 2370 esu
2950 2313 3193 2377 Christi,
3210 2313 3533 2370 secundum
3545 2329 3644 2370 ea:-

1990 2403 2404 2472 spectationem
2429 2410 2482 2459 et
2507 2418 2668 2471 spem
2698 2418 2910 2470 meum,
2938 2403 3081 2473 quia
3103 2402 3167 2459 in
3189 2403 3359 2459 nullo
3387 2403 3642 2473 confun-

1992 2492 2108 2548 dar
2137 2511 2153 2547 .'
2182 2494 2284 2549 sed
2320 2494 2380 2549 in
2422 2493 2584 2549 omni
2621 2492 2846 2561 ﬁducia
2892 2493 3046 2549 sicut
3101 2507 3349 2564 semper,
3379 2497 3433 2549 et
3480 2506 3644 2549 nunc

1991 2582 2476 2653 magniﬁcabitur
2507 2582 2781 2639 Christus
2818 2582 2883 2637 in
2919 2597 3165 2651 corpore
3191 2597 3339 2651 meo,
3378 2580 3499 2639 sive
3533 2597 3644 2652 per

1992 2672 2193 2737 vitam,
2216 2672 2337 2728 sive
2355 2687 2467 2741 per
2492 2674 2756 2728 mortem.
2781 2671 2934 2728 Mihi
2956 2671 3108 2728 enim
3142 2670 3338 2728 vivere
3369 2671 3643 2727 Christus

1989 2768 2091 2827 est,
2114 2763 2330 2818 etmori
2340 2762 2574 2817 lucrum
2597 2762 2780 2816 "'.En
2796 2760 2967 2816 dulce
2980 2763 3304 2827 certamen,
3320 2775 3394 2816 en
3408 2759 3643 2817 felicem

1988 2851 2544 2916 commutationem,
2576 2866 2682 2922 per
2707 2850 2918 2906 breves
2943 2849 3356 2906 tribulationes
3378 2854 3434 2906 et
3455 2863 3644 2920 angu-

1988 2940 2150 3005 stias,
2185 2953 2291 2994 seu
2325 2939 2535 3012 plagas
2565 2938 2964 3009 etfsanguinis
3001 2943 3218 3009 guttas,
3267 2941 3453 2995 Deum
3489 2937 3641 3006 ﬁeri,

1990 3034 2046 3084 et
2072 3028 2333 3099 Deo,qui
2366 3044 2500 3084 vere
2524 3031 2634 3092 est,
2660 3026 2854 3100 potiri.
2907 3027 3080 3083 Solus
3125 3042 3267 3099 ergo
3321 3027 3513 3084 factus
3549 3042 3638 3093 es,

1990 3121 2052 3172 ut
2100 3117 2462 3188 accepimus,
2491 3116 2569 3172 ab
2616 3117 2686 3172 iis
2717 3132 2897 3172 sensu
2926 3116 3176 3188 divisus,
3209 3116 3314 3189 qui
3345 3115 3638 3172 saeculum

1988 3205 2105 3261 hoc
2144 3210 2425 3261 amarunt
2458 3222 2470 3261 :
2506 3205 2613 3261 sed
2651 3222 2786 3261 cum
2824 3205 2895 3261 iis
2934 3205 3219 3262 omnibus
3250 3205 3632 3276 conjunctus,

1990 3294 2091 3367 qui
2120 3294 2382 3351 veritatis
2414 3295 2706 3350 sustinent
2735 3293 3163 3351 defensionem.
3206 3294 3353 3350 Hinc
3392 3299 3446 3351 te
3484 3308 3641 3351 mar-

1990 3391 2188 3456 tyrum
2218 3385 2436 3443 chorus
2464 3384 2763 3457 integrum
2794 3384 3098 3456 suscipere
3126 3383 3425 3441 desiderat
3453 3398 3465 3437 :
3498 3383 3639 3440 hinc

1989 3473 2398 3529 confessorum
2420 3489 2647 3529 cuneus
2679 3488 2930 3529 manum
2957 3473 3223 3546 porrigit,
3258 3478 3323 3529 ut
3346 3472 3407 3529 in
3435 3472 3639 3530 locum

1990 3579 2166 3618 suum
2196 3563 2460 3634 recipiat.

2872 3653 3059 3705 ἓκείθεν
3136 3659 3237 3705 τῶν
3302 3648 3637 3725 ὁμολογητῶν

2062 3831 2546 3905 Haudquaquam
2559 3830 2637 3888 ab
2659 3831 2774 3887 hac
2786 3831 3078 3903 praaclara
3101 3831 3322 3888 chorea
3341 3830 3638 3888 descisca-

1992 3937 2147 3988 mus,
2168 3922 2253 3976 vir
2275 3920 2633 3987 venerande,
2650 3936 2844 3992 neque
2860 3936 2997 3992 spes
3019 3920 3291 3977 omnium
3310 3917 3642 3977 confunda-

1995 4026 2049 4065 m
2062 4012 2244 4075 us,vir
2271 4010 2791 4066 desideratissime.
2810 4011 3048 4075 Quanta
3062 4008 3392 4081 pertulisti?
3405 4007 3556 4064 adeo
3571 4009 3636 4063 ut

1991 4115 2213 4157 nomen
2235 4105 2399 4154 tuum
2416 4099 2641 4171 passim
2656 4098 2840 4154 abhis
2868 4098 3045 4155 etillis
3056 4098 3332 4153 auditum
3362 4096 3639 4153 sit.Nunc

1992 4192 2215 4258 autem,
2229 4194 2513 4262 tanquam
2529 4189 2591 4244 in
2603 4188 2889 4243 virtutum
2910 4192 3177 4243 montem
3200 4202 3306 4259 per
3317 4184 3640 4242 confessio-

1991 4295 2129 4335 nem
2144 4278 2854 4350 subvectus,conspicuus
2866 4277 3082 4333 mundo
3095 4275 3286 4333 factus
3299 4272 3641 4346 es,etfacem

1993 4369 2150 4439 geris
2181 4368 2303 4424 sole
2333 4367 2701 4436 lucidiorem,
2743 4367 2927 4421 vitam
2958 4365 3136 4421 simul
3175 4380 3315 4420 cum
3339 4378 3636 4429 sermone,

1994 4458 2073 4514 ad
2102 4457 2357 4528 gloriam
2387 4457 2585 4511 Patris
2611 4454 2825 4521 nostri,
2843 4454 3024 4524 quiin
3047 4454 3203 4510 caelis
3219 4457 3304 4509 est
3348 4452 3417 4507 ⁸⁸.
3440 4450 3639 4507 Excel-

1994 4562 2129 4601 sum
2159 4547 2219 4601 in
2236 4545 2437 4600 locum
2459 4550 2696 4600 evectus
2722 4560 2802 4610 es,
2831 4542 3052 4612 linguas
3078 4541 3348 4612 objectus
3371 4556 3434 4596 es
3460 4539 3642 4596 male-

1993 4635 2162 4698 dicas,
2203 4634 2349 4707 quid
2379 4649 2501 4689 non
2541 4632 2833 4688 vellicanti
2873 4633 2901 4689 ἳ
2939 4630 3089 4703 quid
3113 4645 3236 4685 non
3268 4628 3572 4685 mentienti
3611 4628 3641 4684 ‘I

1993 4724 2139 4779 dum
2169 4728 2223 4780 te
2244 4723 2322 4780 ab
2348 4722 2579 4779 excelso
2610 4725 2665 4778 et
2692 4721 2892 4777 divino
2920 4735 3101 4776 sensu
3128 4717 3439 4775 deﬂectere
3463 4732 3642 4774 cona-

1993 4818 2106 4870 tur.
2149 4813 2263 4869 Sed
2296 4812 2598 4868 auditione
2634 4810 2974 4882 accepimus
3006 4813 3270 4881 quantus
3318 4811 3375 4862 et
3403 4808 3529 4878 ipse
3559 4805 3639 4862 sis

1994 4902 2183 4973 gratia
2225 4901 2455 4967 Christi,
2474 4901 2608 4955 vitae
2630 4914 2970 4955 sermonem
2995 4896 3310 4961 adhibens,
3333 4895 3640 4967 sapientia

1992 4991 2219 5048 ﬂumen
2254 5007 2323 5046 ex
2368 5005 2468 5046 ore
2498 4988 2890 5061 profundens,
2922 4986 3090 5042 vanis
3129 4983 3641 5056 propositionibus

1994 5080 2385 5151 congruentia
2405 5092 2741 5151 opponens.
2762 5079 2877 5133 Nos
2894 5090 3035 5131 vero
3055 5071 3471 5129 humilesillud
3492 5072 3643 5127 dici-

1992 5186 2130 5226 mus
2168 5174 2224 5226 et
2272 5172 2578 5237 testamur,
2610 5166 2770 5221 viros
2809 5163 3057 5220 eximios
3088 5167 3144 5218 et
3183 5161 3326 5218 olim
3378 5165 3436 5218 et
3480 5175 3644 5217 nunc

1992 5258 2374 5315 hierarchicte
2422 5257 2561 5313 huic
2602 5255 2727 5311 sedi
2767 5252 3101 5326 praefuisse,
3133 5250 3257 5323 qui,
3288 5250 3644 5320 dogmatum

1992 5350 2224 5421 peritia,
2253 5353 2438 5404 totam
2470 5346 2545 5400 de
2567 5344 2751 5400 sacris
2778 5341 3146 5411 imaginibus
3178 5338 3645 5411 speculationem

1994 5443 2049 5495 et
2074 5437 2407 5495 doctrinam
2432 5434 2876 5506 descripserunt
2920 5429 3437 5502 tradideruntque.
3469 5430 3554 5493 Et,
3598 5425 3648 5481 si

2182 5560 2226 5595 97
2259 5559 2282 5613 Ι
2316 5556 2449 5616 Cor.
2508 5571 2585 5624 vi,
2626 5556 2716 5611 20.
2786 5550 3155 5629 "'_Philipp.
3229 5566 3270 5621 ι,
3330 5549 3402 5605 29
3461 5562 3636 5622 seqq.

3290 5728 3361 5783 52
