4058 6274
485 271 629 331 1643

1760 270 1819 328 S.
1861 266 2229 328 THEODORI
2269 267 2605 327 STUDITE

3705 271 3850 331 1644

481 399 828 473 apostolicis
881 399 1078 455 verbis
1125 398 1449 455 dicendum
1505 401 1613 455 est.
1658 399 1765 456 Ubi
1801 399 2130 456 abundavit

2247 401 2423 458 σαντές
2451 416 2504 449 τε
2555 401 2645 449 καὶ
2701 391 3044 460 ἓκδὼσαντες.
3105 401 3225 462 Καὶ,
3273 396 3316 450 εἰ
3357 393 3440 450 δεῖ
3489 397 3853 460 ἀποστολικῶς

477 493 809 561 peccatum,
837 488 1354 558 superabundavit
1383 491 1436 544 et
1466 487 1666 559 gratia
1695 490 1766 543 99.
1809 488 1951 544 Hinc
1972 489 2133 546 enim

480 593 824 651 progressa,
865 582 1151 649 tanquam
1200 591 1272 632 ex
1299 578 1482 648 portis
1520 576 1712 644 inferi,
1743 574 1991 632 haeresis
2013 578 2134 632 Ico-

480 665 860 732 nomachica,
891 666 986 722 hic
1025 681 1268 739 quoque
1297 681 1570 738 repressa
1609 671 1696 721 est
1728 683 1741 722 :
1770 665 1918 737 quin
1957 669 2015 722 et
2042 682 2133 722 re-

480 757 770 828 primetur
807 755 1092 828 deinceps
1133 755 1326 826 magis
1365 754 1616 827 Spiritus
1665 755 1856 810 sancti
1903 753 2131 820 afﬂatu,

479 845 726 918 quando
751 845 1087 915 increpabit
1115 843 1380 900 Christus
1411 859 1761 914 perversum
1785 845 1898 900 hoc
1927 860 2134 902 revera

481 950 668 1001 mare,
699 935 761 990 in
786 935 922 1006 ‘quo
964 933 1151 990 multa
1178 933 1338 989 circa
1383 932 1568 989 ﬁdem
1607 932 1924 1003 naufragia
1960 932 2130 1000 ﬁunt,

479 1038 604 1080 non
637 1029 761 1079 tam
793 1022 1009 1078 mentis
1049 1022 1454 1094 perversitate,
1486 1036 1672 1094 quam
1712 1021 2132 1094 imperantium

480 1117 665 1170 metu.
688 1116 965 1168 Attamen
992 1110 1162 1166 multi
1192 1126 1224 1166 e
1254 1109 1517 1182 procella
1537 1115 1928 1176 emerserunt,
1953 1109 2136 1182 Spiri-

481 1205 576 1258 tus
606 1200 795 1258 sancti
815 1200 991 1258 clavo
1021 1199 1144 1255 nixi
1180 1215 1194 1251 :
1223 1204 1279 1255 et
1306 1199 1496 1255 multa
1524 1200 1794 1255 exstitere
1823 1199 2133 1272 martyria,

481 1295 540 1349 et
554 1290 792 1364 pietatis
816 1289 1036 1358 scripta
1067 1293 1482 1354 monumenta,
1507 1289 1850 1344 universum
1873 1304 2135 1344 errorem

478 1380 822 1448 refellentia,
839 1380 1166 1437 etveritatis
1181 1379 1689 1451 pulchritudinem
1709 1379 1936 1435 cunctis
1951 1379 2136 1436 ﬁdeli-

479 1470 598 1528 bus
612 1470 911 1526 mentibus
941 1469 1450 1525 demonstrantia:
1476 1468 1843 1542 quibuscum
1874 1474 2136 1524 servetur

481 1565 539 1618 et
569 1559 877 1616 beatitudo
908 1563 1024 1622 tua,
1049 1557 1262 1614 bonum
1277 1562 1575 1614 certamen
1605 1563 1863 1621 certans,
1895 1572 2134 1614 cursum

482 1663 915 1716 consummans,
940 1648 1116 1716 ﬁdem
1145 1662 1388 1705 servans
1417 1661 1438 1718 ;
1471 1651 1538 1703 ut
1568 1647 1823 1717 justitiw
1853 1663 2134 1705 coronam

483 1737 741 1812 accipiat
769 1739 927 1797 1.1ta
956 1738 1049 1793 sit.

841 1950 1067 2008 CCXIV.
1093 1981 1163 1992 —
1195 1950 1477 2021 Hypacoe
1508 1949 1777 2006 moniali.

2243 486 2420 551 εἰπεῖν,
2451 485 2649 539 Ὅπου
2690 485 3076 538 ἐπλεόνασεν
3117 487 3146 544 ἡ
3194 485 3505 560 ἁμαρτία,
3546 489 3852 564 ὑπερεπε-

2241 579 2593 648 ρίσσευσεν
2633 577 2662 634 ἡ
2701 577 2917 650 χάρις.
2956 571 3090 627 Ὧδε
3158 576 3260 648 γὰρ
3315 575 3645 650 προελθοῦσα
3694 579 3763 638 ὡς
3794 577 3852 640 ἐξ

2242 661 2376 736 ᾅδου
2431 664 2604 717 πυλῶν
2635 667 2664 723 ἡ
2721 664 3117 738 Εἰκονομαχικὴ
3177 666 3399 736 αἵρεσις⁹
3457 661 3562 717 ὦδε
3605 671 3692 719 καὶ
3722 687 3853 719 κατ-

2243 758 2493 827 ήργηται,
2545 753 2674 806 ἀλλά
2727 759 2816 806 καὶ
2874 757 2949 806 ἔτι
3011 755 3477 827 καταργηθήσεται
3506 761 3620 816 ταῖς
3660 758 3850 829 αὔραις

2242 850 2334 895 τοῦ
2388 843 2541 915 ἁγίου
2603 845 2940 914 Πνεύματος⁶
2999 844 3225 902 ὁπηνίκα
3277 845 3577 916 ἐπιτιμήσει
3610 849 3851 916 Χριστὸς

2243 939 2304 1004 τῇ
2364 938 2568 1005 πονηρᾷ
2615 935 2778 1006 ταύτῃ
2845 936 2912 995 ὡς
2941 930 3152 995 ἀληθῶς
3207 931 3468 1006 θαλάσσῃ,
3497 937 3617 1008 περὶ
3643 933 3702 992 ἣν
3728 933 3848 988 πολ·

2242 1019 2307 1072 λὰ
2351 1023 2418 1073 τὰ
2469 1025 2586 1094 περὶ
2637 1026 2730 1079 τήν
2785 1025 2965 1073 πίστιν
3022 1023 3272 1094 ναυάγια,
3332 1021 3391 1074 ού
3442 1029 3688 1074 τοσοῦτον
3732 1019 3848 1075 δια-

2247 1116 2442 1182 στροφῇ
2497 1113 2633 1175 νοὸς,
2684 1111 2804 1162 ὅσον
2852 1106 2958 1163 δέει
2998 1118 3099 1162 τῶν
3159 1113 3505 1183 κρατούντων.
3566 1111 3707 1170 Πλὴν
3767 1113 3842 1164 ὅτι

2240 1198 2554 1272 περιείλοντο
2609 1197 2787 1252 πολλοὶ
2843 1207 2935 1252 τοῦ
3012 1196 3273 1260 κλύδωνος
3325 1195 3847 1274 πηδαλιουχούμενοι

2245 1290 2507 1360 Πνεύματι
2538 1287 2671 1360 ἁγίῳ
2695 1305 2708 1317 °
2743 1294 2832 1341 καὶ
2885 1287 3049 1341 πολλὰ
3080 1292 3147 1341 τά
3205 1292 3489 1362 μαρτύρια,
3520 1295 3611 1342 καὶ
3660 1293 3727 1343 τὰ
3754 1299 3853 1352 τῆς

2244 1376 2505 1440 εὐσεϐείας
2563 1380 2924 1450 συγγάμματα
2974 1385 3149 1431 πᾶσαν
3190 1378 3446 1437 πλάνησιν
3486 1375 3852 1452 διελέγχοντα,

2243 1470 2333 1518 καὶ
2360 1470 2454 1524 τὴν
2484 1474 2580 1528 τῆς
2613 1464 2853 1529 ἀληθείας
2901 1470 3202 1542 ὡραιότητα
3229 1473 3427 1530 πάσαις
3469 1476 3680 1529 πισταῖς
3726 1465 3854 1521 δια-

2243 1560 2407 1617 νοίαις
2438 1557 2807 1627 ὑποφαίνοντα.
2840 1557 2967 1610 Μεθ’
2999 1557 3066 1607 ὧν
3094 1556 3384 1629 φυλαχθείη
3403 1561 3492 1609 καὶ
3517 1559 3546 1616 ἡ
3583 1562 3649 1616 σὴ
3682 1577 3856 1630 μακαο

2242 1645 2442 1718 ριότης,
2473 1648 2558 1696 τόν
2597 1643 2774 1716 ἀγῶνα
2814 1648 2917 1697 τὸν
2956 1644 3150 1696 καλὸν
3201 1643 3681 1718 ἀγωνιζομένη,
3743 1651 3855 1698 τὸν

2167 1750 2212 1806 Β
2245 1731 2484 1807 δρόμον
2523 1733 2819 1799 τελοῦσα,
2848 1738 2960 1792 τήν
2999 1738 3229 1787 πίστιν
3259 1741 3570 1807 τηροῦσα,
3605 1735 3657 1788 εἰ
3696 1741 3853 1788 από·

2242 1822 2436 1895 ληψιν
2473 1829 2582 1876 τοῦ
2620 1831 2736 1886 τῆς
2775 1819 3212 1886 δικαιοσύνης
3255 1822 3595 1896 στεφάνου.
3625 1821 3791 1879 Εἶεν.

2387 1948 2522 2004 ΣΙΔ’.
2556 1949 2634 2022 (9)
2665 1980 2734 1993 -
2761 1949 3036 2023 ’Υπακοῇ
3078 1950 3479 2026 μοναζούσῃ·
3512 1950 3704 2024 [ωλη’.]

1740 2047 2061 2098 Consolatur
2088 2045 2153 2096 de
2179 2049 2352 2097 morte
2385 2047 2583 2098 fratris.

556 2149 675 2205 Etsi
715 2147 921 2206 timide
960 2148 1180 2215 scribo,
1220 2147 1414 2204 facere
1452 2151 1656 2204 tamen
1695 2162 1818 2203 non
1856 2161 2130 2218 possum,

481 2240 629 2312 quin
643 2237 720 2295 ad
734 2238 958 2309 gratias
973 2237 1284 2294 etlaudem
1297 2253 1365 2293 os
1380 2252 1584 2292 meum
1599 2235 1869 2308 aperiam
1890 2235 2136 2292 honori-

481 2327 736 2384 ﬁcentius
751 2333 884 2384 tuae.
901 2329 1225 2399 Quousque
1239 2326 1419 2397 igitur
1430 2340 1551 2382 non
1573 2324 1829 2389 desines,
1849 2323 2136 2397 praeclara

482 2422 693 2484 mater,
716 2417 971 2489 teipsam
1000 2415 1174 2472 nobis
1205 2415 1551 2486 impendere
1582 2415 1610 2471 i'
1641 2415 1961 2486 Quousque
1999 2429 2134 2468 mu-

483 2522 630 2564 nera
666 2506 807 2562 hinc
833 2512 891 2562 et
927 2505 1066 2560 inde
1108 2504 1460 2561 transmissa
1499 2520 1622 2560 non
1661 2501 2034 2559 cessabunt?
2064 2518 2135 2557 ac

485 2611 648 2653 nunc
670 2595 953 2660 maxime,
974 2593 1219 2666 quando
1236 2593 1425 2648 multa
1447 2598 1502 2649 te
1523 2594 1710 2648 tristia
1729 2592 2096 2648 obsederunt
2119 2610 2130 2643 :

484 2690 728 2758 propter
755 2699 892 2756 quae
918 2681 1161 2755 impulsi
1183 2683 1261 2737 ad
1296 2681 1682 2736 scribendum
1709 2681 2008 2753 praecipue
2039 2697 2134 2735 su-

484 2789 642 2840 mus,
669 2788 808 2828 cum
847 2771 1266 2827 didicissemus
1305 2775 1380 2836 te,
1423 2771 1580 2825 circa
1617 2769 1776 2825 beati
1815 2769 2012 2825 fratris
2053 2769 2136 2825 tui

481 2861 786 2934 reliquias,
815 2861 942 2917 haec
965 2865 1021 2916 et
1039 2858 1139 2915 illa
1165 2859 1375 2930 egisse.
1401 2860 1579 2913 Aiunt
1596 2859 1756 2914 enim
1786 2863 1840 2914 te
1863 2875 2132 2930 capsam,

483 2967 622 3009 cum
652 2951 769 3008 alia
797 2965 870 3006 ex
907 2949 1150 3019 regione
1180 2948 1388 3004 fuisset
1413 2945 1966 3017 allata,reserasse;
2011 2953 2135 3002 tum

479 3039 765 3113 reliquiis,
809 3038 1086 3102 atfusam,
1120 3036 1182 3093 in
1227 3036 1401 3093 ulnas
1457 3037 1810 3108 sumpsisse,
1845 3038 2136 3110 novisque

479 3130 635 3202 illas,
669 3129 831 3186 velut
855 3129 1056 3201 ipsum
1087 3131 1412 3193 mortuum,
1440 3125 1637 3182 linteis
1678 3125 1806 3182 aliis
1835 3126 2128 3183 induisse.

481 3218 624 3286 Quis
655 3218 750 3275 hic
775 3217 1103 3275 fraternum
1118 3231 1388 3272 amorem
1412 3221 1582 3272 tuum
1615 3230 1737 3271 non
1755 3214 2082 3271 admiretur
2109 3215 2137 3270 ‘I

480 3312 587 3366 aut
611 3308 745 3381 quis
770 3313 898 3363 tum
929 3321 1196 3378 praesens
1227 3304 1527 3376 lacrymas
1556 3319 1676 3360 non
1701 3303 1910 3360 effudit
1944 3305 1974 3356 ‘2
2014 3322 2136 3361 non

477 3395 1111 3467 doluitjvehementer‘?
1123 3394 1372 3466 quando
1394 3409 1504 3449 nos
1522 3393 1703 3449 etiam
1726 3393 1906 3463 longe
1938 3410 2136 3450 remo-

475 3491 586 3552 tos,
619 3503 693 3542 ex
721 3485 932 3542 auditu
961 3484 1089 3539 solo
1118 3484 1308 3552 tetigit
1346 3482 1537 3547 dolor,
1571 3483 1862 3554 gravique
1901 3484 2136 3540 tristitia

477 3592 580 3633 cor
612 3575 824 3633 affecit.
868 3575 911 3630 Ο
954 3572 1239 3629 acerbum
1279 3572 1557 3627 nuntium
1601 3572 1612 3625 l
1656 3587 1692 3627 o
1731 3571 2073 3628 luctuosum
2117 3574 2128 3628 l

476 3666 624 3739 quid
646 3665 869 3720 fuimus
892 3661 918 3715 ?
944 3670 999 3718 et
1028 3662 1174 3734 quid
1200 3662 1339 3718 facti
1363 3678 1572 3716 sumus
1590 3662 1618 3716 ‘?
1649 3666 1891 3733 repente
1917 3663 2135 3733 orpha-

473 3757 557 3821 ni,
590 3753 766 3810 fratre
803 3751 1088 3808 destituti.
1133 3751 1430 3820 Ingemuit
1467 3750 1717 3806 fortasse
1758 3750 1846 3806 sol
1887 3755 1943 3806 et
1980 3751 2129 3823 ipse,

473 3843 589 3900 hoc
628 3857 876 3899 cernens
909 3857 922 3896 :
950 3840 1113 3895 ﬂevit
1147 3840 1292 3896 luna
1325 3842 1607 3895 eventum
1642 3856 1654 3893 :
1688 3839 1973 3895 tristiores
2012 3840 2133 3896 fue—

473 3937 614 3990 runt
661 3931 862 3996 stellas,
918 3929 1077 3985 velut
1122 3934 1442 3984 maerentes
1478 3947 1490 3986 :
1524 3927 1829 4000 similique
1883 3927 1944 3983 in
1971 3928 2134 3986 luctu

472 4021 656 4078 fuisse
685 4019 939 4076 dixerim
969 4017 1206 4089 singula
1236 4016 1549 4073 elementa.
1584 4018 1734 4082 Quid
1764 4032 1905 4088 ergo
1926 4017 1954 4073 ‘2
1983 4033 2132 4075 num

471 4111 534 4167 in
565 4109 800 4187 tristitia
830 4108 1238 4181 persistemus,
1271 4106 1616 4178 dolorisque
1656 4105 1817 4162 nube
1856 4111 2131 4164 contene-

471 4199 840 4263 brescemus,
875 4197 1026 4253 sicut
1063 4196 1104 4251 ii
1143 4196 1247 4268 qui
1289 4195 1590 4266 perierunt
1627 4194 1656 4249 ἳ
1695 4195 1929 4252 Minime
1969 4213 2127 4263 vero,

473 4304 641 4345 soror
664 4289 725 4343 in
754 4287 1028 4343 Domino.
1061 4288 1178 4342 Nec
1207 4285 1369 4341 enim
1408 4285 1535 4340 sine
1573 4285 1955 4356 providentia
1991 4292 2132 4342 sunt

471 4393 564 4434 res
604 4381 843 4443 nostrae,
886 4391 994 4430 nec
1044 4375 1174 4430 sine
1217 4389 1344 4445 spe,
1394 4373 1916 4445 quemadmodum
1965 4377 2127 4448 apud

471 4470 680 4538 gentes
712 4464 1012 4538 mysteriis
1041 4478 1166 4519 non
1215 4462 1474 4520 initiatas
1502 4480 1516 4518 :
1548 4462 1652 4518 sed
1676 4469 1815 4519 sunt
1845 4463 1907 4519 in
1941 4480 2127 4521 manu

469 4556 590 4621 Dei,
632 4554 735 4628 qui
774 4553 982 4610 omnia
1019 4553 1280 4608 continet
1317 4570 1334 4623 ;
1384 4567 1420 4608 a
1457 4567 1580 4624 quo
1619 4551 1758 4608 facti
1799 4569 2030 4623 sumus,
2071 4559 2127 4610 et

467 4659 598 4711 nos,
629 4650 686 4701 et
706 4643 812 4716 qui
843 4658 952 4698 nos
979 4646 1311 4712 genuerunt
1343 4663 1355 4706 ;
1381 4641 1552 4712 cujus
1577 4657 1823 4697 munere
1851 4647 1906 4697 et
1939 4642 2126 4715 spira-

465 4750 601 4791 mus
630 4740 686 4790 et
715 4733 978 4789 vivimus
1009 4747 1084 4798 ;a
1103 4747 1225 4804 quo
1245 4730 1388 4786 item
1409 4731 1488 4786 ad
1504 4731 1837 4802 hancque:
1851 4733 2126 4789 omnium

465 4823 734 4881 maxima
785 4825 875 4878 est
921 4820 1206 4891 dignitas,
1271 4820 1622 4892 virginitatis
1688 4820 2123 4892 professionem

463 4918 666 4970 evecta
717 4927 800 4968 es.
846 4909 1192 4966 Planximus
1235 4916 1531 4981 quantum
1585 4909 1727 4964 satis
1779 4916 1905 4966 erat
1928 4909 2124 4967 fratris

461 5017 690 5058 necem.
720 5003 888 5056 Nunc
926 5006 1164 5070 tempus
1203 5004 1292 5053 est
1330 4997 1776 5064 consolationis,
1809 5014 1970 5055 nunc
1996 5000 2122 5055 dies

463 5091 793 5162 gratiarum
845 5088 1115 5144 actionis.
1173 5087 1558 5159 Deponamus
1613 5102 1755 5157 ergo
1803 5087 2122 5160 lugubrem

457 5179 730 5247 habutm,
759 5184 816 5234 et
851 5179 1057 5248 magni
1079 5175 1265 5233 animi
1294 5176 2123 5235 armainduamus.Praemisi-

461 5285 598 5325 mus
630 5266 894 5334 fratrem,
930 5273 986 5324 et
1011 5266 1228 5334 forma,
1263 5271 1320 5322 et
1343 5270 1561 5330 mente,
1591 5270 1649 5322 et
1685 5264 1803 5321 ﬁde
1834 5272 2123 5337 preestan-

532 5377 579 5411 θ’
609 5377 774 5432 Tom.
799 5392 854 5443 v,
887 5379 976 5432 20.
1054 5375 1072 5410 1
1111 5375 1156 5430 ll
1180 5372 1330 5430 Tim.
1359 5389 1436 5439 1v,
1468 5373 1522 5428 7.

2319 2148 2418 2198 Καὶ
2493 2144 2858 2218 εὐλαϐούμενοι
2935 2149 3169 2222 γράφειν,
3239 2148 3375 2218 ὅμως
3444 2145 3858 2222 ἀναγκαζόμεθα

2249 2238 2420 2306 στόμα
2466 2235 2784 2310 εὐχάριστον
2842 2240 2934 2288 καὶ
2987 2236 3256 2309 αἰνέσιμον
3318 2234 3540 2308 ἀνοίγειν
3566 2247 3628 2310 τῇ
3680 2243 3853 2310 τιμιό-

2219 2329 2366 2383 -τητί
2421 2343 2538 2382 σου.
2592 2323 2720 2386 Ἕως
2780 2328 2904 2378 πότε
2953 2321 3042 2377 οὖν
3089 2325 3184 2376 οὐκ
3241 2324 3436 2399 ἀνῆση,
3500 2325 3852 2401 καλλιμῆτορ,

2245 2419 2442 2486 κιχρᾷν
2490 2416 2614 2485 ἡμῖν
2667 2418 2892 2472 σεαυτήν
2921 2432 2942 2479 ;
2971 2414 3106 2476 Ἐως
3151 2418 3290 2477 τίνος
3340 2416 3408 2466 τὰ
3439 2411 3733 2490 δωρήματοί
3766 2437 3858 2471 σοι

2247 2501 2341 2553 ούκ
2401 2501 2756 2566 ἀπολήξουσιν
2804 2501 3030 2556 ἐντεῦθεν
3073 2507 3164 2555 καὶ
3221 2501 3448 2555 ἐντεῦθεν
3501 2511 3856 2579 παραπεμπό-

2246 2610 2372 2663 μενα
2405 2607 2419 2657 ;
2453 2596 2541 2644 καὶ
2590 2591 2824 2664 μάλιστά
2871 2611 2930 2664 γε
2958 2599 3046 2643 νῦν
3076 2610 3089 2623 ·
3123 2592 3208 2644 ὅτε
3257 2591 3423 2644 πολλά
3451 2612 3509 2645 σε
3537 2595 3603 2645 τὰ
3638 2594 3856 2670 λυπηρά

2246 2683 2682 2751 περιεστοίχισαν
2711 2697 2724 2710 ’
2777 2680 2852 2753 ἐφ’
2903 2681 2982 2742 οἷς
3032 2684 3121 2732 καὶ
3171 2679 3482 2752 ἐκινήθημεν
3520 2681 3709 2754 μᾶλλον
3738 2683 3853 2736 ἔπι-

2250 2768 2448 2821 στεῑλαι
2472 2789 2483 2800 ·
2514 2771 2762 2840 μαθόντες
2815 2770 2979 2832 οὕτως
3015 2774 3104 2821 καὶ
3130 2770 3308 2837 οὕτως,
3365 2770 3450 2823 ἐπὶ
3497 2779 3568 2842 τῷ
3622 2773 3851 2846 λειψάνῳ

2245 2865 2339 2910 τοῦ
2373 2863 2635 2932 μακαρίου
2688 2856 2913 2931 ἀδελφοῦ
2959 2877 3054 2911 σου
3095 2859 3537 2932 καταπράξασθαί
3584 2880 3662 2914 σε.
3714 2868 3852 2916 Φασὶ

2246 2948 2347 3021 γὰρ
2407 2945 2682 3019 ἀνεῳγέναι
2733 2966 2791 3000 σε
2827 2951 2920 3006 τήν
2977 2950 3140 3006 θήκην
3197 2955 3616 3023 παραγενομένην
3649 2949 3703 3002 ἐκ
3756 2959 3848 3012 τῆς

2248 3032 2569 3108 ἀλλοδαπῆς,
2624 3033 2737 3090 εἶτα
2789 3036 3174 3111 περιπλακῆναι
3227 3045 3302 3109 τῷ
3359 3037 3605 3111 λειψάνῳ,
3658 3046 3748 3092 καὶ
3775 3043 3841 3103 εἱς

2175 3165 2214 3222 C
2247 3123 2473 3197 ἀγκάλας
2556 3126 2682 3180 ἑλεῖν
2761 3128 3280 3200 μετενταφιάςουσαν
3333 3126 3399 3200 [ἰ.
3457 3131 3848 3202 μεταμφιάζου-

2247 3215 2368 3289 σαν]
2417 3218 2569 3269 οἰονεὶ
2619 3220 2707 3268 τὸν
2763 3221 2938 3292 νεκρὸν
2995 3217 3166 3278 ἄλλοις
3207 3224 3406 3278 καινοῖς
3460 3217 3696 3279 ὀθονίοις.
3757 3226 3851 3282 Τίς

2245 3301 2332 3356 οὖν
2364 3305 2456 3356 οὐκ
2510 3305 2733 3358 αἰάσατο
2776 3306 2939 3377 [C0d.
2993 3307 3133 3377 Reg.
3182 3305 3473 3380 ἀγάσαιτο]
3502 3311 3560 3359 τὸ
3607 3305 3852 3380 φιλάδελ-

2245 3398 2332 3467 φόν
2366 3414 2460 3447 σου
2495 3411 2510 3462 ;
2541 3400 2620 3456 τίς
2651 3392 2710 3448 δὲ
2751 3403 3040 3453 τηνικαῦτα
3089 3401 3270 3469 παρὼν
3313 3396 3408 3448 οὐκ
3447 3396 3506 3448 ἀν
3546 3396 3718 3470 ἐξέχεε
3752 3396 3850 3452 δά-

2242 3503 2379 3559 κρυα
2409 3501 2424 3552 ;
2466 3485 2560 3537 ούκ
2589 3484 2649 3536 ἂν
2708 3483 3010 3558 ὠλοφύρατο
3061 3486 3261 3558 θερμῶς
3292 3502 3307 3552 ;
3333 3487 3462 3538 ὅπου
3487 3505 3549 3558 γε
3581 3491 3666 3540 καὶ
3697 3490 3848 3560 ἡμῶν

2241 3571 2550 3646 πορῥωτέρω
2622 3569 2963 3645 διακειμένων
3022 3571 3076 3636 ἐξ
3134 3572 3292 3635 ἀκοῆς
3342 3579 3497 3646 μόνον
3557 3575 3732 3646 ἥψατο
3788 3581 3848 3630 τὸ

2241 3663 2428 3731 πάθος,
2485 3664 2571 3714 καὶ
2627 3659 2999 3737 περιωδύνησε
3057 3667 3151 3721 τὴν
3208 3661 3433 3738 καρδίαν
3491 3663 3721 3740 σφόδρα.
3781 3665 3851 3718 Ὠ

2241 3750 2482 3822 ἀγγελίας
2550 3752 2786 3827 πικρᾶςῙ
2843 3753 2882 3803 ὦ
2961 3758 3352 3825 συναντήματος
3404 3750 3735 3827 όδυρτικοῦῖ
3794 3761 3849 3809 τί

2241 3836 2388 3912 ἦμεν,
2439 3845 2532 3893 καὶ
2583 3846 2635 3893 τί
2694 3843 2970 3914 ἓγενόμεθα
3025 3859 3040 3908 ;
3099 3841 3339 3906 ἐξαπίνης
3401 3842 3635 3916 ὀρφανοὶ,
3686 3848 3848 3919 ἐρημ-

2241 3926 2474 4002 άδελφοι.
2530 3937 2690 4002 Τάχα
2741 3930 3002 3994 ἐστέναξεν
3054 3933 3186 4006 ὁρῶν
3241 3937 3329 3984 καὶ
3374 3933 3399 3984 ό
3431 3934 3576 3996 ἣλιος
3609 3937 3667 3986 τὸ
3698 3941 3848 4006 γενό-

2239 4037 2386 4091 μενον
2420 4040 2432 4052 ·
2467 4015 2728 4094 ἐδάκρυσε
2765 4017 2825 4072 δὲ
2871 4020 3057 4079 σελήνη
3111 4023 3178 4073 τά
3213 4022 3489 4094 φθάσαντα
3532 4037 3546 4050 ⁸
3593 4021 3849 4096 ἐστύγνα-

2241 4127 2336 4160 σαν
2378 4105 2437 4161 δὲ
2489 4107 2722 4184 ἀστέρες,
2775 4112 2841 4170 ὡς
2886 4109 3216 4183 λυπούμενοι,
3249 4112 3330 4164 ὃτι
3383 4107 3471 4164 οὖν
3520 4113 3678 4166 εἰπεῖν
3719 4114 3846 4168 ἄλλο

2237 4205 2337 4249 τῶν
2397 4203 2674 4270 στοιχείων
2725 4201 2976 4262 πεπονθὸς
3008 4202 3072 4252 τά
3123 4201 3297 4272 ὅμοια.
3339 4204 3403 4254 Τί
3454 4197 3542 4254 οὖν
3573 4201 3847 4274 έπιμείνω-

2235 4306 2326 4359 μεν
2371 4295 2480 4350 τοῖς
2537 4287 2829 4363 λυπηροῖς;
2863 4291 3270 4362 συσκοτάσωμεν
3320 4299 3393 4362 τῷ
3436 4295 3571 4363 νέφει
3623 4300 3719 4354 τῆς
3755 4291 3846 4345 λύ-

2237 4396 2359 4443 πης,
2410 4382 2498 4430 καὶ
2543 4381 2809 4450 γενώμεθα
2865 4381 2934 4442 ὥς
2992 4381 3041 4431 οἱ
3098 4379 3473 4442 ἀπολωλεκότες
3505 4397 3520 4449 ;
3554 4384 3841 4454 Οῦμενουν,

2236 4463 2432 4538 ἀδελφή
2488 4468 2536 4518 ἓν
2597 4471 2798 4541 Κυρίῳ.
2841 4468 2917 4520 Ού
2973 4469 3073 4543 γὰρ
3107 4467 3407 4541 ἀπρονόητα
3460 4473 3528 4522 τὰ
3565 4473 3794 4546 ἡμέτερα
3823 4489 3837 4502 '

2235 4553 2361 4609 οὐδὲ
2419 4555 2721 4624 ἀνέλπιστα,
2777 4561 2910 4611 κατὰ
2937 4560 3004 4611 τὰ
3059 4560 3177 4618 ἔθνη
3235 4562 3303 4612 τὰ
3357 4559 3614 4632 ἁμύηταο
3653 4560 3762 4614 ἀλλ’
3791 4561 3837 4614 ἐν

2233 4651 2395 4719 χερσὶ
2441 4651 2566 4699 Θεοῦ
2610 4653 2702 4699 τοῦ
2747 4648 2815 4700 τὰ
2870 4649 3039 4702 πάντα
3085 4652 3395 4722 συνέχοντος
3427 4666 3443 4683 ⁸
3472 4648 3597 4726 παρ’
3645 4651 3710 4703 οὗ
3749 4655 3834 4704 καὶ

2232 4739 2515 4808 γεγόναμεν
2571 4739 2660 4789 καὶ
2719 4739 2885 4804 ἡμεῖς,
2935 4742 3026 4790 καὶ
3073 4740 3121 4790 οἱ
3176 4743 3512 4811 γεγενηκότες
3557 4741 3736 4813 ἡμᾶς·
3788 4739 3839 4804 ἐξ

2234 4823 2295 4876 οὔ
2338 4829 2428 4876 καὶ
2479 4827 2537 4877 τό
2591 4824 2829 4879 ἀναπνεῖν
2881 4831 2971 4880 καὶ
3011 4827 3107 4900 ζῇν
3153 4831 3447 4902 κεκτήμεθα
3477 4849 3492 4863 ο
3525 4832 3617 4882 καὶ
3663 4833 3720 4882 τὸ
3769 4830 3838 4893 εἰς

2233 4909 2356 4965 τόδε
2407 4917 2746 4988 προαχθῆναι
2792 4923 2882 4969 τοῦ
2931 4921 3183 4988 μεγίστου
3210 4925 3310 4970 τῶν
3364 4917 3672 4992 ἀξιωμάτων
3706 4939 3842 4994 παρ·

2236 5004 2430 5054 θενικόν
2481 5001 2797 5077 ἐπάγγελμα.
2860 5004 3217 5080 Ἐκλαύσαμεν
3275 5004 3362 5060 οὖν
3409 5010 3477 5060 τά
3523 5008 3704 5062 εἰκότα
3754 5009 3840 5062 ἐπὶ

2233 5099 2305 5162 τῷ
2358 5088 2584 5165 ἀδελφῷ.
2646 5100 2754 5146 Νῦν
2811 5097 2994 5168 καιρὸς
3068 5095 3468 5170 παρακλήσεως,
3519 5104 3608 5148 νῦν
3668 5100 3842 5171 ἡμέρα

2234 5179 2601 5254 εὐχαριστίας.
2674 5184 3023 5258 Ἀποθώμεθα
3098 5181 3188 5238 οὖν
3271 5189 3327 5239 τό
3395 5187 3633 5239 πενθικόν
3697 5195 3842 5259 σχῆ-

2237 5290 2333 5342 μα,
2392 5275 2481 5323 καὶ
2539 5269 2880 5346 ἐνδυσώμεθα
2933 5276 3001 5328 τά
3067 5275 3202 5329 ὅπλα
3257 5283 3349 5338 τῆς
3406 5275 3836 5349 μεγαλοψυχίας.

2017 5463 2065 5518 Ν
2069 5463 2244 5522 ΟΤιΕ.

463 5577 469 5582 ’
529 5561 607 5638 (9)
639 5561 704 5621 In
728 5561 863 5621 cod.
891 5563 1038 5633 Reg.
1080 5559 1207 5625 σιζν.
