4058 6274
238 342 263 396 1
273 338 377 394 645

1535 337 2047 395 EPISTOLARUM
2080 342 2212 396 LIB.
2246 343 2312 397 II.

3462 348 3601 404 1646

238 463 654 538 Προύπέμψαμεν
683 459 907 535 ἀδελφὸν
960 460 1154 535 ἀγαθὸν
1206 469 1277 534 τῷ
1330 482 1384 516 τε
1436 460 1584 532 εῖδει,
1634 468 1721 516 καὶ
1770 471 1831 536 τῇ

1972 480 2085 530 em,
2117 466 2266 523 sicut
2296 470 2353 522 et
2394 469 2572 524 antea
2618 469 3105 539 consanguineos
3157 472 3212 525 et
3267 471 3543 541 parentes
3588 484 3601 523 :

237 560 441 627 γνώμῃ,
499 558 588 607 καὶ
638 561 701 626 τῇ
752 557 951 617 πίστει,
1028 554 1200 627 ὥσπερ
1276 557 1366 605 καὶ
1417 557 1663 628 πρότερον
1718 558 1838 616 τοὺς

239 645 544 716 ὁμαίμονας,
575 664 602 693 ››
655 647 745 695 καὶ
802 646 924 704 τούς
974 646 1284 715 γεννήτορας
1318 662 1331 675 ·
1390 645 1576 715 μικρὸν
1625 643 1836 717 ὕστερον

244 731 571 805 συνεψόμεθα
600 736 689 784 καὶ
744 732 910 804 ἡμεῖς,
965 726 1156 792 Οὐδεὶς
1197 732 1221 782 6
1253 731 1451 796 ζήσων,
1484 736 1571 784 καὶ
1601 736 1672 804 μὴ
1718 734 1837 791 θνη-

243 821 447 893 ξόμενος
481 838 493 850 ·
548 818 723 883 οὐδεὶς
774 822 798 872 6
853 821 1131 892 γεννηθεὶς,
1183 824 1382 892 καὶμὴ
1417 826 1608 892 ταφείς.
1667 828 1840 896 Παρα-

247 913 623 983 σκευασώμεθα
662 910 771 963 λίαν
800 909 969 982 [ϐοά.
1000 912 1139 982 Reg.
1172 908 1373 983 λοιπόν]
1412 916 1500 963 καὶ
1538 913 1685 983 ἡμεῖς
1715 914 1841 983 πρὸς

244 1004 339 1059 τὴν
397 997 617 1063 ἔξοδον·
676 999 1031 1072 ἑτοιμάσωμεν
1092 1000 1160 1051 τὰ
1210 996 1396 1071 ἐφόδια
1441 1008 1534 1061 τῆς
1582 1002 1844 1072 μεταστά-

247 1109 373 1151 σεως
406 1111 419 1123 ·
479 1095 800 1162 τυπώσωμεν
856 1091 949 1151 τὰς
998 1084 1221 1161 ἀδελφὰς
1277 1096 1349 1159 τῷ
1379 1088 1549 1160 οἰκείῳ
1579 1095 1844 1147 καταστή-

246 1198 395 1251 ματι,
457 1184 547 1230 καὶ
601 1180 799 1231 πενθεῖν
850 1178 1119 1253 εὐκαίρως,
1169 1181 1258 1230 καὶ
1297 1177 1628 1253 εὐχαριστεῖν
1687 1179 1847 1251 ἁρμο-

250 1264 399 1329 δίως.
437 1266 686 1339 Δείξωμεν
742 1273 852 1329 τοῖς
882 1268 1094 1341 ὁρῶσιν,
1147 1268 1227 1319 ὅτι
1257 1268 1282 1318 6
1309 1270 1438 1328 Θεὸς
1484 1266 1534 1319 ἐν
1563 1269 1687 1339 ἡμῖν
1735 1267 1846 1319 ἐστι

253 1353 621 1428 δοξαζόμενος,
700 1359 1175 1429 εύχαριστούμενος
1220 1355 1293 1429 ἐφ’
1348 1358 1426 1418 οἷς
1470 1356 1680 1412 κελεύει.
1734 1357 1849 1411 Αύ-

251 1450 360 1508 τός
399 1442 653 1511 ἔδωκεν,
697 1446 882 1507 αὐτὸς
920 1452 1032 1497 καὶ
1089 1444 1379 1517 ἀφείλετο
1412 1460 1427 1477 ⁶
1484 1449 1561 1506 ὡς
1610 1456 1688 1517 τῷ
1742 1454 1850 1500 Κυ-

252 1540 367 1607 ρίῳ
412 1532 651 1600 ἔδοξεν,
714 1535 915 1597 οὕτως
971 1539 1077 1588 καὶ
1133 1536 1369 1588 ἐπίετο.
1430 1541 1533 1589 Ναὶ
1565 1536 1849 1611 παρακαλῶ

255 1629 350 1683 τὴν
373 1625 652 1696 τιμιότητά
683 1643 777 1676 σου
827 1627 923 1677 ἴσα
966 1629 1056 1677 καὶ
1086 1630 1247 1698 μητρὶ
1277 1628 1363 1677 καὶ
1390 1628 1685 1699 γεννησάσῃ
1737 1630 1851 1685 ἤτοι

258 1710 452 1786 ἀδελφῇ
509 1721 571 1785 τῇ
601 1712 818 1786 φιλτάτῃ
861 1733 951 1785 μοι
984 1732 997 1745 ο
1054 1712 1334 1785 ἀφήσωμεν
1365 1718 1534 1786 φωνὴν
1567 1715 1806 1776 αἰνέσεως
1833 1735 1847 1748 ⁸

1947 554 2127 626 paulo
2142 560 2467 627 postetnos
2482 556 2945 629 subsequemur.
2961 558 3165 614 Nullus
3178 558 3351 625 vivet,
3366 558 3469 631 qui
3483 572 3607 615 non

1949 643 2023 698 sit
2052 644 2377 700 moriturus
2402 662 2415 700 :
2442 660 2620 702 nemo
2634 652 2808 703 natus
2826 652 2881 702 et
2893 662 3015 703 non
3030 646 3609 719 sepultus.Accinga-

1949 748 2083 787 mur
2100 738 2275 789 etnos
2288 733 2571 806 deinceps
2587 736 2662 792 ad
2677 737 2901 792 exitum
2932 756 2944 793 :
2993 736 3365 807 migrationis
3392 736 3611 793 viatica

1948 838 2369 893 comparemus
2394 840 2405 879 :
2426 840 2658 881 sorores
2683 826 2956 898 exemplo
2970 825 3608 891 nostroinformemus,

1951 916 2013 966 ut
2033 915 2091 966 et
2120 914 2466 984 tempestive
2489 913 2751 984 lugeant,
2786 921 2843 971 et
2876 915 3143 980 utdecet,
3159 915 3381 986 gratias
3405 920 3608 985 agant.

1953 1001 2356 1057 Ostendamus
2380 1002 2449 1057 iis
2475 1004 2578 1074 qui
2603 1019 2714 1059 nos
2734 1003 2957 1070 vident,
2994 1006 3180 1060 Deum
3215 1020 3251 1060 a
3284 1003 3460 1060 nobis
3491 1003 3613 1074 glo-

1952 1089 2191 1155 riﬁcari,
2229 1091 2399 1162 eique
2449 1092 2671 1161 gratias
2699 1094 2796 1163 agi
2827 1093 2906 1149 ob
2940 1109 3010 1149 ea
3062 1109 3198 1165 quas
3215 1093 3387 1163 jubet
3417 1109 3431 1146 :
3483 1093 3613 1163 Ipse

1955 1176 2136 1243 dedit,
2158 1178 2282 1248 ipse
2298 1179 2576 1237 abstulit:
2602 1182 2757 1237 sicut
2770 1181 3013 1237 Domino
3024 1182 3369 1251 placuit,ita
3377 1182 3610 1251 factum

1956 1271 2038 1323 est
2060 1268 2103 1320 ².
2130 1267 2337 1338 Utique
2350 1269 2611 1324 obtestor
2623 1268 3139 1326 honoriﬁcentiam
3156 1275 3339 1342 tuam,
3364 1269 3612 1342 perinde

1957 1372 2027 1412 ac
2062 1361 2311 1411 matrem
2343 1372 2478 1428 quae
2526 1373 2621 1413 me
2665 1359 2954 1427 genuerit,
2999 1363 3103 1415 aut
3161 1374 3431 1415 sororem
3465 1357 3616 1414 mihi

1959 1444 2375 1501 charissimam
2398 1462 2411 1511 ;
2431 1461 2786 1517 promamus
2807 1462 3013 1504 vocem
3038 1448 3400 1504 laudationis
3425 1446 3617 1503 :exhi-

1957 1534 2211 1590 beamus
2237 1534 2468 1590 vultum
2518 1535 2875 1592 hilaritatis:
2927 1537 3255 1593 doceamus
3305 1535 3613 1608 operibus,

1959 1639 2071 1678 nos
2111 1640 2349 1679 crucem
2378 1624 2639 1680 humeris
2676 1630 2924 1695 gestare,
2958 1632 3014 1681 et
3061 1626 3365 1682 voluntate
3408 1629 3615 1681 nostra

1963 1718 2229 1768 mortuos
2258 1729 2407 1777 esse,
2441 1720 2495 1769 et
2517 1713 2735 1769 divinis
2778 1714 3078 1770 mandatis
3112 1714 3173 1770 in
3204 1714 3489 1770 omnibus
3507 1714 3615 1770 ob-

255 1799 605 1875 ὑποδείξωμεν
653 1806 930 1877 πρόσωπον
979 1799 1331 1875 φαιδρότητος
1373 1820 1385 1833 °
1429 1799 1726 1876 διδάξωμεν
1775 1806 1853 1879 ἕρ-

1972 1808 2314 1873 temperare.
2348 1805 2467 1857 Hoc
2494 1803 2676 1859 modo
2705 1805 2752 1858 si
2792 1809 2844 1859 te
2875 1804 3147 1874 gesseris,
3180 1809 3357 1875 prout
3387 1808 3616 1859 rectum

256 1910 393 1963 γοις,
440 1893 520 1943 ὅτι
561 1894 647 1943 τὸν
690 1894 914 1964 σταυρὸν
969 1890 1049 1943 ἐπ’
1107 1892 1257 1963 ὤμων
1334 1895 1545 1965 φέρομεν
1580 1910 1593 1923 ⁸

255 1984 529 2053 πραιρέσει
606 1978 941 2052 ἀπεθάνομεν,

1654 1897 1742 1945 καὶ
1786 1900 1848 1957 τῇ

1036 1984 1126 2032 καὶ
1218 1983 1415 2052 εἵκομεν
1480 1983 1617 2034 κατὰ
1685 1984 1856 2034 πάντα

256 2076 364 2130 τοῖς
404 2071 559 2131 θείοις
611 2071 1038 2143 προστάγμασιν.
1093 2069 1210 2122 Ἐὰν
1262 2071 1397 2123 οὕτω
1448 2070 1682 2143 πράξοις,
1734 2073 1854 2124 ὅσον

257 2162 317 2211 τὸ
354 2158 530 2226 καλὸν,
577 2157 838 2232 εὐφρανεῖς
864 2163 1118 2229 Χριστὸν,
1165 2162 1251 2211 τὸν
1296 2158 1550 2211 ἀθάνατόν
1602 2180 1696 2213 σου
1726 2181 1858 2233 νυμ-

260 2252 394 2320 φίον.
461 2247 601 2301 Ἐπεὶ
658 2247 745 2299 ἐὰν
797 2246 959 2319 λυπῇ,
1014 2248 1191 2310 λυπεῖς
1243 2248 1397 2300 αύτόν
1458 2252 1522 2310 ὡς
1572 2253 1628 2301 τὸ
1699 2250 1854 2315 εἰκὸς,

258 2339 323 2397 ὡς
370 2335 519 2389 ἄλλον
572 2339 943 2407 περισσότερον
1005 2334 1197 2387 ἐκείνου
1251 2336 1491 2408 φιλοῦσα.
1551 2336 1702 2409 Ὀρᾲς
1758 2345 1857 2390 ποῦ

261 2445 318 2478 σε
367 2427 392 2476 6
444 2424 597 2495 λόγος
653 2424 890 2495 ἢγαγεν;
942 2426 1009 2486 ὡς
1062 2421 1187 2477 οὐδὲ
1234 2424 1457 2499 ὀρφανὴν
1491 2422 1674 2492 οὖσαν,
1735 2424 1860 2480 οὐδὲ

262 2512 632 2577 ἀνεπίσκοπον,
694 2508 818 2564 οὐδὲ
863 2511 1278 2585 ἁπροστάτευτον
1310 2532 1322 2544 ·
1374 2515 1444 2569 Εἰ
1489 2519 1608 2588 γὰρ
1646 2518 1671 2567 ό
1703 2520 1859 2578 Θεὸς

263 2604 396 2676 μεθ’
447 2605 647 2675 ἡμῶν,
698 2607 797 2684 ri,“
849 2602 984 2654 καθ’
1034 2605 1247 2674 ἡμών;
1282 2605 1326 2657 εἰ
1355 2605 1554 2667 αύτὸςό
1583 2610 1857 2680 περιέπων,

262 2697 345 2754 τίς
369 2693 394 2744 ὁ
417 2691 736 2743 ἁντιπίπτων
770 2707 783 2757 ;
812 2690 991 2753 Οὕτως
1017 2697 1106 2744 καὶ
1129 2700 1280 2744 τανῦν
1302 2696 1603 2766 προήχθην,
1637 2693 1855 2767 ἀδελφὴ,

264 2781 625 2855 παρακαλέσαι
685 2799 761 2835 σε.
836 2780 981 2839 Αὐτὴ
1071 2778 1130 2834 δὲ
1182 2778 1234 2834 εὖ
1295 2785 1603 2857 πράττουσα
1658 2788 1857 2837 πείθοιο

1964 1895 2052 1946 est
2079 1907 2148 1946 ac
2176 1891 2553 1962 praeclarum,
2587 1892 2887 1949 Christum
2912 1892 3278 1949 exhilarabis
3308 1893 3617 1949 immorta-

1964 1978 2079 2035 lem
2113 1982 2413 2051 Sponsum
2446 1986 2645 2048 tuum;
2691 1982 3002 2054 quoniam,
3039 1982 3090 2037 si
3151 1982 3414 2048 tristaris,
3478 1996 3618 2038 con-

1966 2071 2163 2126 tristas
2186 2070 2376 2136 illum,
2433 2076 2495 2126 ut
2524 2087 2634 2141 par
2684 2076 2771 2127 est
2800 2072 3060 2137 credere,
3094 2075 3384 2144 tanquam
3434 2072 3619 2128 alium

1968 2175 2091 2230 prae
2117 2159 2216 2215 illo
2234 2175 2445 2217 amans
2471 2160 2825 2231 impensius.
2856 2161 3028 2217 Vides
3059 2177 3180 2233 quo
3211 2165 3265 2216 te
3290 2161 3385 2216 hic
3419 2175 3615 2216 sermo

1968 2250 2247 2320 perduxit
2278 2273 2289 2304 :
2318 2249 2482 2321 quod
2538 2265 2734 2322 neque
2781 2250 2932 2307 orba
2987 2251 3086 2317 sis,
3120 2265 3230 2306 nec
3284 2250 3619 2321 inspectore

1969 2354 2194 2404 careas,
2224 2354 2331 2395 nec
2362 2342 2577 2395 tutore.
2611 2338 2679 2394 Si
2702 2340 2859 2395 enim
2897 2341 3053 2395 Deus
3102 2354 3214 2409 pro
3261 2338 3452 2404 nobis,
3484 2337 3615 2410 quis

1970 2434 2180 2484 contra
2209 2444 2314 2484 nos
2344 2429 2366 2462 ³
2390 2427 2418 2483 ?
2449 2428 2497 2483 si
2522 2428 2650 2499 ipse
2681 2444 2887 2484 curam
2920 2429 3090 2499 gerit,
3118 2428 3253 2500 quis
3275 2427 3619 2485 adversabi-

1972 2520 2065 2572 tur
2088 2516 2116 2571 ?
2149 2517 2242 2573 Sic
2270 2522 2329 2572 et
2381 2533 2563 2583 nunc,
2596 2533 2783 2584 soror,
2817 2517 3115 2573 adductus
3146 2533 3279 2573 sum
3307 2522 3370 2573 ut
3399 2522 3456 2572 te
3485 2517 3622 2573 hor-

1972 2610 2149 2662 tarer.
2186 2607 2268 2661 Tu
2288 2621 2429 2661 vero
2458 2610 2613 2662 recte
2640 2605 2846 2661 feceris
2889 2606 2938 2661 si
2977 2606 3185 2662 credas
3211 2606 3456 2662 indocto
3492 2603 3619 2661 seni

1970 2694 2324 2761 consulenti,
2359 2700 2416 2750 et
2438 2696 2540 2766 qui
2571 2695 2751 2751 rebus
2779 2695 2912 2761 tuis,
2945 2699 3125 2767 prout
3155 2695 3351 2761 debet,
3381 2695 3464 2751 sic
3496 2693 3622 2751 afﬁ-

1968 2786 2116 2839 citur
2145 2789 2433 2856 tanquam
2464 2784 2744 2855 propriis.

268 2869 445 2943 ἀσόφῳ
470 2874 692 2943 γέροντι,
729 2864 782 2921 εὖ
811 2869 1280 2942 συμϐουλεύσαντι,
1311 2878 1400 2925 καὶ
1446 2882 1517 2945 τῷ
1556 2878 1660 2927 ὄντι
1689 2875 2079 2927 οἰκεοπαθοῦντι
2106 2873 2456 2946 όφειλομένως,
2480 2876 2546 2936 ὡς
2566 2873 2751 2941 οἰκεῖα,
2780 2875 2845 2927 τὰ
2877 2874 2964 2927 σά.

340 2994 456 3049 ΣῙΕ¹
488 2994 605 3067 (9⁸).
632 3024 699 3035 -
729 2990 1028 3067 Μεθοδίῳ
1069 2994 1179 3066 (10)
1219 2997 1589 3068 μονάζοντι.
1627 2997 1790 3071 [ωμ’.]

2260 2997 2453 3055 CCXV.
2487 3030 2553 3042 —
2584 3000 2882 3057 Methodio
2907 2999 3197 3057 monacho
3226 2999 3316 3070 (').

1615 3105 1687 3155 De
1706 3107 1929 3156 diversis
1949 3108 2299 3172 argumentis.

340 3201 485 3252 Οσην
516 3195 629 3266 ἔχει
678 3191 953 3247 ἐπιποθίαν
1001 3196 1031 3253 ἡ
1066 3200 1311 3267 τιμιότης
1342 3215 1436 3248 σου
1495 3193 1625 3249 ἰδεῖν
1655 3201 1745 3254 τὴν
1766 3217 1860 3250 τα-

2045 3199 2276 3263 Quanto
2306 3196 2524 3266 ﬂagrat
2553 3196 2901 3253 excellentia
2933 3200 3034 3253 tua
3064 3194 3359 3252 desiderio
3388 3191 3629 3250 vivendi

266 3287 510 3337 πείνωσιν
562 3286 726 3357 ἡμῶν,
783 3286 1043 3343 τοσαύτην
1096 3285 1285 3338 οἰέσθω
1351 3291 1436 3339 καὶ
1479 3290 1571 3344 τὴν
1611 3288 1863 3361 ἡμετέραν

268 3371 399 3425 εἶναι
450 3377 575 3447 πρὸς
622 3379 716 3433 τὴν
772 3374 886 3428 κατ’
924 3373 1216 3447 ὀφθαλμοὺς
1265 3375 1490 3447 ὁμιλίαν.
1521 3374 1652 3428 Ἀλλ’
1682 3372 1861 3433 ἐπειδὴ

265 3467 595 3536 γέγραπται·
638 3467 720 3519 Οὐ
774 3474 889 3520 τοῦ
932 3464 1231 3526 θέλοντος
1270 3460 1575 3517 οὐδὲτοῦ
1610 3468 1867 3536 τρέχον-

266 3572 396 3621 τος,
440 3552 599 3607 ἀλλὰ
639 3564 749 3609 τοῦ
792 3556 1122 3615 ἐλεοῦντος
1162 3561 1331 3607 Θεοῦ
1371 3567 1384 3580 ⁸
1429 3552 1568 3624 αύτῷ
1600 3552 1865 3605 ἀναθετέον

267 3645 357 3694 τὸν
403 3645 585 3709 πόθον,
615 3650 705 3697 καὶ
755 3643 1079 3719 ἐπιρῥιπτέον
1136 3646 1228 3701 τὴν
1277 3647 1549 3716 μέριμναν,
1594 3648 1682 3694 καὶ
1714 3642 1866 3702 αύτός

269 3736 503 3801 ποιήσει,
536 3734 762 3792 ὁπηνίκὰ
793 3734 853 3786 ἄν
883 3737 972 3784 καὶ
1005 3730 1283 3804 βούληται,
1335 3730 1579 3804 θέλημα
1623 3739 1738 3783 τῶν
1770 3750 1864 3803 φο-

272 3818 590 3894 ϐουμένων
648 3823 867 3879 αὐτόν.
906 3824 975 3874 Τὸ
1008 3818 1067 3873 δὲ
1110 3828 1196 3873 νῦν
1241 3823 1384 3892 ἔχον,
1429 3819 1706 3892 ἀναγκαῖον
1752 3824 1867 3893 περὶ

271 3918 370 3961 τῶν
397 3914 753 3984 προταθέντων
774 3910 1062 3983 κεφαλαίων
1088 3911 1189 3962 ὑπὸ
1220 3918 1318 3962 τῶν
1335 3918 1695 3982 πνευματικῶν
1721 3911 1867 3981 ἡμῶν

270 3996 503 4072 ἀδελφῶν
531 4000 816 4076 Ἱλαρίωνός
867 4020 922 4053 τε
974 4004 1062 4052 καὶ
1093 3999 1441 4073 Εύστρατίου,
1473 3998 1870 4071 μεσολαϐούσης

272 4096 369 4150 τῆς
399 4097 495 4153 σῆς
526 4089 804 4157 εὐλαϐείας,
857 4088 1207 4163 ἀποκριθῆναι
1250 4091 1317 4141 τὰ
1346 4088 1541 4143 εἰκότα.
1602 4087 1688 4151 Ὦς
1720 4087 1778 4139 ἂν
1812 4083 1870 4139 δὲ

272 4177 567 4232 εύσύνοπτα
590 4184 803 4251 γένηται
826 4180 892 4231 τὰ
911 4178 1178 4250 λεγόμενα,
1206 4177 1314 4240 ἑνὸς
1341 4177 1563 4230 ἑκάστου
1592 4178 1871 4249 προταθέν-

270 4285 358 4327 τος
383 4269 659 4340 κεφαλαίου
680 4270 817 4321 κατὰ
850 4271 1149 4339 συνέχειαν,
1177 4271 1268 4319 καὶ
1293 4268 1322 4325 ἠ
1359 4265 1640 4340 ἀπόκρισις
1669 4261 1789 4322 εἷεν,

348 4355 660 4430 Ἐρώτησι
682 4378 703 4420 ς
740 4356 821 4412 A’.
869 4387 937 4397 —
961 4362 1083 4430 Περὶ
1128 4364 1225 4409 τῶν
1255 4356 1722 4427 χειροτονηθέντων
1752 4373 1872 4429 πρε-

234 4498 237 4499 ,
278 4443 540 4520 σϐυτέρων
583 4445 631 4499 ἓν
687 4452 886 4519 Ῥώμῃ,
935 4444 983 4497 ἐν
1028 4445 1303 4514 Νεαπόλει,
1359 4448 1449 4497 καὶ
1495 4446 1545 4496 ἓν
1577 4442 1875 4517 Λογγιϐαρ-

277 4534 393 4608 δίᾳ,
448 4536 777 4610 ἁκηρύκτων,
827 4540 917 4589 καὶ
966 4534 1351 4609 ἀπολελυμένων
1384 4553 1395 4565 ·

274 4628 544 4689 τοιούτους
594 4622 873 4699 δέχεσθαι,
914 4629 1003 4678 καὶ
1056 4631 1312 4679 κοινωνεῖν
1368 4623 1563 4690 αὐτοῖς,
1619 4627 1710 4676 καὶ
1757 4643 1875 4676 συν-

278 4719 489 4782 εσθίειν,
504 4720 593 4769 καὶ
617 4716 989 4788 συνεύχεσθαι.

350 4805 745 4881 Ἀπόκρισις.
781 4835 850 4846 -
885 4805 970 4857 Ἐν
1022 4811 1188 4877 καιρῷ
1233 4803 1473 4876 αἱρέσεως
1518 4801 1576 4854 ού
1632 4803 1767 4854 κατὰ
1812 4802 1877 4853 τὰ

279 4894 329 4947 ἐν
380 4895 553 4969 εἰρήνῃ
610 4894 914 4947 τυπωθέντα
977 4893 1181 4954 πάντως
1223 4891 1618 4967 ἁπαραλείπτως
1654 4895 1873 4962 γίνεται,

280 4981 376 5038 διὰ
424 4989 518 5044 τὴν
558 4984 956 5057 ἀναγκάφουσαν
1007 4986 1211 5055 χρείαν.
1289 4980 1449 5055 Ὅπερ
1509 4986 1743 5053 φαίνεται
1792 4999 1877 5034 πε-

276 5077 507 5135 ποιηκὼς
537 5075 563 5126 ὅ
594 5093 649 5127 τε
690 5076 1092 5146 μακαριώτατος
1140 5071 1479 5135 Ἀθανάσιος,
1533 5074 1618 5122 καὶ
1653 5071 1677 5121 6
1720 5069 1878 5142 ἁγιώ-

351 5221 374 5253 ²
403 5216 516 5275 Job
546 5233 584 5286 1,
617 5221 707 5273 2t.
786 5221 805 5251 ³
840 5220 991 5274 Rom
1009 5230 1123 5282 vui,
1153 5218 1240 5271 31.
1317 5214 1340 5249 ⁴
1373 5212 1645 5278 Hom.1x,
1680 5217 1762 5267 16.

1974 3287 2320 3342 tenuitatem
2353 3291 2651 3342 nostram:
2676 3291 2905 3343 tantum
2933 3290 3167 3358 etputet
3188 3299 3315 3340 esse
3330 3288 3626 3348 nostrum,

1975 3380 2039 3431 ut
2065 3381 2256 3432 tecum
2286 3392 2487 3431 coram
2519 3375 3001 3445 congrediamur.
3034 3373 3147 3429 Sed
3169 3373 3314 3445 quia
3340 3372 3631 3444 scriptum

1976 3470 2062 3520 est
2085 3482 2097 3519 :
2122 3466 2255 3521 Non
2274 3464 2520 3520 volentis
2533 3480 2720 3535 neque
2746 3463 3060 3530 currentis,
3087 3463 3191 3519 sed
3210 3461 3537 3519 miserentis
3550 3469 3630 3518 est

1974 3553 2084 3609 Dei
2110 3554 2129 3587 ‘
2163 3569 2177 3619 ;
2205 3553 2282 3609 ad
2323 3553 2521 3625 ipsum
2548 3552 2891 3607 referendus
2923 3558 3010 3607 est
3035 3551 3301 3618 affectus,
3350 3566 3420 3606 ac
3448 3548 3633 3623 proji-

1976 3641 2188 3697 cienda
2217 3642 2275 3695 in
2306 3657 2445 3696 eum
2504 3657 2692 3700 cura:
2745 3646 2923 3713 atque
2966 3642 3114 3713 ipse,
3163 3657 3301 3696 cum
3357 3639 3631 3705 voluerit,

1986 3731 2355 3786 Voluntatem
2381 3731 2710 3787 timentium
2723 3746 2782 3785 se
2791 3730 2972 3800 faciet
2992 3732 3034 3785 ⁵.
3065 3729 3236 3795 Quod
3258 3745 3400 3784 vero
3423 3729 3500 3784 ad
3517 3728 3634 3784 hoc

1975 3825 2214 3890 tempus
2236 3820 2460 3888 attinet,
2489 3820 2563 3874 de
2593 3819 2892 3891 capitibus
2920 3820 3238 3891 propositis
3259 3836 3293 3874 a
3316 3816 3634 3890 spirituali-

1976 3910 2090 3965 bus
2131 3910 2405 3965 fratribus
2426 3910 2643 3965 nostris
2675 3908 2971 3966 Hilarione
2993 3915 3049 3964 et
3081 3909 3396 3975 Eustratio,
3451 3907 3633 3963 inter-

1976 3999 2248 4053 veniente
2277 3997 2606 4053 reverentia
2635 4004 2753 4063 tua,
2782 3997 3191 4053 necessarium
3220 4001 3310 4052 est
3331 4012 3467 4068 quea
3496 4010 3635 4051 con-

1977 4087 2273 4144 venientia
2316 4086 2676 4143 videbuntur
2696 4087 3078 4158 respondere.
3095 4086 3312 4141 Verum
3328 4084 3635 4141 utfacilius

1978 4176 2206 4249 percipi
2237 4177 2613 4249 possintquae
2627 4175 2920 4240 dicentur,
2960 4175 3282 4247 unicuique
3308 4173 3635 4246 propositae

1979 4266 2291 4339 quaestioni
2306 4265 2438 4336 conj
2450 4267 2658 4321 unctim
2674 4265 2803 4336 subj
2817 4270 3064 4334 ungetur
3075 4264 3285 4320 ordine
3299 4262 3634 4335 responsio.

2050 4354 2447 4426 Interrogatio
2474 4355 2514 4409 Ι.
2548 4386 2614 4395 -
2643 4356 2720 4410 De
2750 4353 3137 4427 presbyteris,
3172 4353 3275 4425 qui
3302 4355 3504 4408 Romae
3536 4355 3640 4407 aut

1982 4444 2249 4516 Neapoli,
2282 4450 2338 4499 et
2362 4444 2423 4499 in
2456 4442 2876 4514 Longobardia
2896 4441 3152 4497 ordinati
3184 4441 3417 4514 absque
3444 4439 3639 4496 accla-

1449 4533 1493 4586 εἰ
1567 4538 1677 4608 χρὴ
1754 4537 1860 4586 τοὺς

1984 4534 2245 4590 matione
2277 4538 2435 4598 sunt,
2469 4538 2523 4587 et
2542 4531 2774 4587 dimissi
2799 4546 2811 4586 :
2839 4535 3037 4587 utrum
3051 4546 3153 4586 eos
3178 4529 3439 4601 recipere
3465 4543 3641 4600 opor-

1984 4627 2124 4688 teat,
2159 4639 2295 4678 cum
2322 4622 2525 4695 eisque
2551 4622 3017 4687 communicare,
3050 4625 3106 4677 et
3138 4619 3345 4676 cibum
3375 4632 3629 4684 sumere,

1985 4718 2040 4769 et
2070 4727 2262 4767 orare.

2056 4801 2395 4871 Responsio.
2438 4830 2506 4841 —
2545 4799 3396 4870 Haereseostempore,propter
3422 4808 3641 4865 cogen-

1985 4894 2104 4947 tem
2140 4890 2573 4955 necessitatem,
2612 4905 2732 4945 non
2764 4889 2940 4961 plane
2991 4886 3158 4944 omni
3189 4903 3263 4941 ex
3291 4888 3459 4956 parte
3491 4884 3644 4939 fiunt

1986 4996 2121 5052 quea
2144 4979 2203 5034 in
2236 4995 2379 5050 pace
2412 4979 2640 5034 sancita
2666 4984 2820 5033 sunt.
2847 4977 2908 5032 Id
2926 4975 3089 5048 quod
3114 4974 3325 5030 fecisse
3339 4972 3640 5029 cernimus

1984 5072 2117 5126 tum
2144 5067 2565 5124 beatissimum
2592 5066 3009 5132 Athanasium,
3045 5069 3172 5120 tum
3195 5062 3642 5121 sanctissimum

1841 5214 1862 5247 δ
1887 5211 2037 5268 Psal.
2070 5227 2253 5277 cxuv,
2300 5214 2383 5267 i9.

1850 5320 2075 5376 NOT/E.

355 5424 450 5493 (9')
486 5422 552 5477 In
576 5422 707 5479 cod.
740 5419 1038 5493 Βεενσιηζ

361 5487 474 5565 (10)
515 5496 677 5549 Hanc
702 5487 1017 5565 epistolam
1045 5489 1227 5565 edidit
1249 5488 1589 5565 Cotelerius,
1604 5491 1645 5565 t.
1675 5487 1748 5565 Ill
1762 5489 1886 5544 Mo-

282 5560 432 5622 num
446 5560 702 5622 .Eccles.
722 5560 960 5634 Graecae,
976 5580 1045 5619 ex
1060 5562 1400 5634 cothegio,
1415 5576 1475 5615 n.
1490 5560 1770 5634 4770,3ub
1785 5576 1888 5615 no-

280 5637 450 5697 mine
467 5637 516 5694 N
523 5636 799 5710 icephori
814 5635 919 5692 CP.
933 5632 953 5707 j
977 5633 1354 5695 atTheodoro
1367 5636 1576 5690 nostro
1589 5632 1890 5689 vindicant

1992 5418 2126 5475 cod.
2157 5419 2298 5486 Reg.
2326 5431 2383 5471 n.
2422 5415 2730 5488 i987,_quo
2772 5414 2861 5469 usi
2901 5427 3132 5479 sumus,
3159 5414 3215 5469 et
3242 5408 3465 5483 duplex
3495 5421 3637 5479 apo-

1995 5488 2295 5560 graphum
2324 5486 2644 5560 Sirmondil

2069 5559 2129 5632 (‘)
2160 5559 2530 5631 Dogmatica.
