4058 6274
535 299 552 349 1
562 289 666 348 647

1774 283 1833 343 S.
1874 286 2240 345 THEODORI
2281 283 2607 347 STUDITE

3740 294 3762 346 1
3771 289 3879 348 648

524 417 851 475 Eusebium
879 437 891 476 :
926 416 1029 491 qui
1059 416 1606 474 amboexterorum
1653 417 2061 476 ordinationes
2089 416 2157 472 fe-

2279 435 2434 476 τατος
2497 416 2763 483 Εὐσέϐιος,
2823 417 3127 491 ὑπερορίους
3190 422 3512 492 χειροτονίας
3588 416 3874 493 ἀμφότεροι

522 524 672 564 cere.
707 507 990 580 Idemque
1023 522 1185 563 nunc
1224 507 1283 561 in
1299 509 1574 578 praesenti
1606 509 1819 566 haeresi
1873 507 1998 564 ﬁeri
2029 523 2167 564 con-

521 597 786 670 spicitur.
831 598 1035 668 Itaque
1091 595 1423 669 presbyteri
1473 599 1805 663 memorati,
1861 597 1908 652 si
1965 597 2166 669 palam

520 686 792 744 damnati
813 702 934 742 non
965 686 1097 752 sint,
1113 701 1501 758 nequaquam
1523 688 1599 743 ob
1620 687 1916 760 ejusmodi
1931 685 2168 743 ordina-

521 776 742 832 tionem
775 775 1090 833 aversandi
1121 781 1277 842 sunt,
1311 776 1416 832 sed
1445 777 1797 834 admittendi
1830 776 2165 833 secundum

518 870 778 937 quatuor
807 864 1267 937 propositiones.

586 954 985 1026 Interrogatio
1017 955 1080 1010 ll.
1116 985 1183 996 -—
1213 954 1295 1010 De
1334 954 1694 1028 presbyteris
1731 959 1896 1012 extra
1921 953 2166 1027 provin-

516 1043 674 1101 ciam
712 1044 776 1100 in
803 1043 1000 1101 Sicilia
1023 1044 1348 1101 ordinatis:
1396 1048 1595 1101 utrum
1626 1043 1862 1101 admitti
1882 1043 2159 1101 debeant.

589 1225 923 1295 Responsio.
953 1255 1019 1265 —
1049 1224 1183 1281 Haec
1229 1224 1614 1296 interrogatio
1642 1223 1851 1280 similis
1877 1227 1964 1281 est
1990 1238 2164 1296 supe-

515 1313 676 1382 riori,
706 1313 840 1370 licet
871 1313 1098 1370 ratione
1146 1313 1261 1370 loci
1291 1314 1618 1386 discrepet:
1655 1313 1906 1370 similem
1963 1315 2163 1386 itaque

513 1405 971 1475 responsionem
997 1404 1266 1476 accipiet.

583 1492 985 1564 Interrogatio
1043 1494 1136 1548 Ill.
1175 1525 1242 1536 -
1273 1495 1351 1548 De
1385 1492 1654 1548 Ecclesiis
1704 1492 2028 1564 inquinatis
2061 1507 2164 1564 per

515 1583 855 1639 sacerdotes
882 1583 988 1656 qui
1034 1582 1245 1639 haeresi
1293 1583 1836 1646 communicarunt,
1867 1597 1903 1637 a
1935 1581 2162 1654 quibus

513 1671 852 1728 detinentur
883 1691 896 1731 :
928 1677 1129 1728 utrum
1149 1672 1210 1728 in
1241 1687 1342 1728 eas
1372 1672 1657 1728 orationis
1689 1671 1776 1728 vel
1810 1669 2162 1743 psalmodiaa

513 1777 698 1817 causa
725 1761 957 1832 ingredi
986 1766 1276 1833 oporteat.

581 1851 919 1921 Responsio.
943 1883 1012 1892 —
1042 1850 1384 1907 Nullatenus
1412 1850 1471 1906 in
1503 1849 1848 1923 hujusmodi
1877 1849 2162 1906 ecclesias

510 1939 970 2011 ingrediendum
1002 1945 1104 2007 est,
1133 1941 1303 2012 juxta
1317 1941 1528 1996 modos
1545 1944 1941 1997 memoratos:
1970 1956 2166 2013 quan-

509 2029 840 2103 doquidem
865 2031 1152 2103 scriptum
1178 2036 1268 2086 est
1292 2047 1302 2083 :
1354 2030 1506 2087 Ecce
1552 2031 1925 2101 relinquetur
1953 2029 2162 2086 domus

508 2125 702 2176 vestra
725 2121 956 2177 deserta
979 2121 1021 2175 °.
1069 2119 1259 2174 Simul
1279 2119 1438 2175 enim
1494 2124 1671 2191 atque
1702 2119 2043 2174 introducta
2073 2125 2164 2175 est

505 2207 766 2277 haeresis,
791 2209 1082 2266 abscessit
1107 2207 1482 2280 angelusloci
1507 2223 1747 2280 praeses,
1761 2209 1933 2279 juxta
1960 2209 2162 2281 magni

507 2297 930 2354 Basiliivocem
958 2299 979 2334 ⁷
1014 2315 1027 2354 :
1061 2313 1130 2353 ac
1153 2297 1444 2369 templum
1470 2297 1791 2370 ejusmodi,
1819 2298 2159 2354 communis

505 2391 559 2442 et
591 2387 844 2458 profana
891 2388 1112 2443 domus
1167 2386 1390 2443 factum
1416 2391 1547 2442 est:
1591 2387 1667 2441 Et
1719 2403 1839 2442 non
1875 2387 2156 2454 introibo,

504 2475 718 2547 inquit,
752 2478 816 2531 in
845 2476 1145 2532 ecclesiam
1166 2475 1630 2546 malignantium
1663 2477 1778 2530 °.Et
1802 2475 2155 2546 Apostolus:

510 2563 622 2630 Qui
649 2580 964 2621 consensus
988 2565 1204 2634 templo
1228 2564 1338 2621 Dei
1359 2580 1490 2620 cum
1516 2564 1691 2620 idolis
1722 2566 1742 2600 θ
1775 2563 1803 2619 ‘i

578 2742 968 2814 Interrogatio
998 2741 1086 2798 IV.
1119 2773 1188 2782 —
1224 2741 1305 2798 De
1345 2741 1609 2798 ecclesiis
1639 2756 1745 2812 per
1791 2742 2031 2797 eosdem
2066 2756 2157 2799 sa-

507 2831 779 2887 cerdotes
802 2830 1330 2904 pollutis,sedquee
1355 2831 1433 2887 ab
1453 2830 1600 2902 ipsis
1623 2845 1745 2886 non
1771 2830 2108 2887 detinentur
2137 2847 2152 2884 :

505 2935 654 2976 num
682 2920 742 2976 in
772 2921 885 2976 illis
916 2919 1170 2993 psallere
1192 2925 1249 2976 et
1277 2935 1448 2976 orare
1477 2924 1775 2992 oporteat.

575 3097 912 3167 Responsio.
945 3129 1013 3137 —
1027 3098 1267 3168 Oportet
1278 3111 1421 3152 sane
1431 3096 1503 3161 jin
1516 3111 1617 3152 eas
1629 3095 1907 3153 ecclesias
1935 3097 2153 3155 intrare
2183 3129 2224 3187 ρ

505 3186 585 3244 ad
611 3186 990 3260 psallendum
1020 3190 1078 3241 et
1100 3186 1420 3252 orandum,
1451 3185 1500 3241 si
1534 3186 1715 3242 modo
1745 3186 1860 3242 illis
1882 3201 2003 3242 non
2016 3202 2150 3243 am-

504 3276 662 3348 plius
683 3275 800 3348 pol]
811 3281 1029 3331 uuntur
1049 3275 1128 3330 ab
1157 3275 1464 3339 haereticis,
1487 3275 1593 3330 sed
1622 3277 1699 3331 ab
1717 3275 2068 3331 orthodoxis
2089 3275 2150 3331 in

501 3371 860 3438 perpetuum
911 3365 1267 3420 detinentur.
1345 3363 1740 3420 Constitutum
1795 3370 1995 3420 autem
2057 3365 2152 3421 hic

503 3461 610 3520 est,
641 3459 705 3510 ut
733 3454 811 3510 ab
838 3453 1118 3526 episcopo
1145 3453 1238 3509 vel
1259 3453 1565 3510 sacerdote
1588 3470 1750 3510 sanae
1765 3454 1923 3520 ﬁdei,
1941 3454 2154 3510 solem-

502 3545 596 3599 nis
627 3543 854 3615 apertio
883 3542 1165 3609 ecclesiae,
1221 3541 1484 3598 exhibita
1514 3558 1709 3614 prece,
1762 3542 1883 3598 ﬁat.
1946 3547 2150 3616 Itaque

501 3632 551 3687 si
577 3632 690 3688 hoc
719 3632 845 3698 ﬁat,
863 3637 918 3687 et
945 3647 1182 3686 sacrum
1209 3631 1291 3687 ibi
1347 3631 1632 3687 celebrari
1686 3648 1807 3688 non
1833 3633 1942 3688 erit
1972 3633 2150 3689 abso-

500 3737 669 3779 num.
703 3720 985 3792 Exemplo
1016 3720 1089 3775 sit
1123 3725 1368 3776 sanctus
1413 3720 1793 3786 Athanasius,
1847 3722 1968 3792 qui,
2012 3738 2149 3779 cum

499 3811 824 3883 imperator
854 3809 1232 3866 Constantius
1283 3809 1483 3881 ipsum
1531 3809 1869 3866 hortaretur
1902 3815 1964 3865 ut
1991 3812 2149 3868 hanc

496 3917 684 3958 unam
712 3902 966 3972 gratiam
997 3899 1367 3966 concederet,
1393 3899 1899 3955 tradendiscilicet
1918 3901 2150 3958 Arianis

498 3990 662 4061 apud
674 3989 1093 4045 Alexandriam
1107 3988 1396 4059 templum
1412 4003 1599 4043 unum
1619 3987 1721 4043 ubi
1733 3990 2144 4057 convenirent;

497 4080 726 4144 annuit,
760 4078 942 4134 modo
970 4079 1097 4149 ipse
1129 4093 1366 4150 quoque
1398 4077 1652 4147 gratiam
1683 4077 1960 4133 eamdem
2001 4081 2149 4134 Con-

498 4168 883 4239 stantinopoli
928 4172 1411 4238 consequeretur,
1461 4172 1523 4222 ut
1565 4182 1784 4238 nempe
1832 4167 2145 4224 orthodoxi

497 4257 886 4312 convenirent
903 4257 965 4311 in
991 4255 1282 4326 templum
1308 4271 1516 4322 unum,
1549 4256 1626 4312 ab
1673 4257 1907 4312 Arianis
1937 4256 2130 4313 deten-

493 4350 645 4402 tum.

570 4433 968 4506 Interrogatio
1017 4435 1076 4490 V.
1122 4465 1191 4473 —
1222 4436 1300 4489 De
1331 4433 1550 4490 sanctis
1593 4435 1696 4506 qui
1739 4434 1800 4489 in
1844 4450 2092 4507 corpore
2128 4454 2140 4492 :
2177 4420 2223 4476 D

495 4530 694 4582 utrum
724 4523 953 4595 ingredi
985 4527 1258 4594 oporteat
1283 4524 1343 4578 in
1396 4539 1605 4578 eorum
1651 4525 2011 4591 coemeteria,
2042 4525 2148 4580 ibi-

493 4628 610 4684 que
639 4629 811 4669 orare
841 4618 897 4669 et
927 4613 1197 4677 adorare,
1227 4611 1373 4668 dum
1405 4629 1476 4669 ea
1572 4612 1810 4684 pollutis
1833 4613 2149 4671 sacerdoti-

487 4700 606 4758 bus
636 4707 932 4760 tenentur.

563 4880 904 4952 Responsio.
933 4909 999 4920 ——
1023 4879 1152 4935 Non
1174 4880 1684 4952 permittitcanon,
1714 4879 2044 4936 secundum
2073 4897 2145 4937 ea

491 4985 627 5042 quae
666 4971 830 5042 prius
860 4968 1160 5026 declarata
1185 4975 1342 5034 sunt,
1371 4969 1431 5024 in
1464 4985 1672 5024 eorum
1700 4971 2038 5026 coemeteria
2059 4971 2142 5026 in-

491 5061 682 5114 troire.
718 5059 1013 5131 Scriptum
1070 5062 1159 5113 est
1212 5059 1371 5113 enim
1400 5073 1413 5112 :
1451 5057 1522 5114 Ut
1566 5057 1709 5127 quid
1741 5059 1983 5116 libertas
2011 5075 2141 5116 mea

482 5148 796 5217 iudicatur
819 5149 893 5205 ab
924 5148 1125 5205 aliena
1143 5147 1504 5203 conscientia
1522 5147 1569 5183 1°
1598 5147 1751 5202 ?nisi
1780 5147 1926 5203 forte
1939 5164 2010 5203 ex
2036 5164 2142 5204 ne-

489 5237 781 5304 cessitate,
860 5237 1279 5293 tantummodo
1348 5235 1428 5291 ad
1501 5235 1871 5292 venerandus
1948 5237 2138 5293 sancti

487 5325 794 5397 reliquias,
828 5327 932 5383 ﬁat
969 5326 1296 5396 ingressus.

558 5415 957 5488 Interrogatio
978 5415 1066 5470 VI.
1108 5444 1175 5455 —
1216 5413 1299 5468 De
1337 5412 1411 5468 iis
1452 5413 1555 5485 qui
1607 5412 1879 5470 habitum
1930 5429 2134 5474 mona-

1659 5575 1681 5611 ⁸
1699 5574 1846 5634 Psal.
1873 5591 2012 5643 xxv,
2047 5582 2098 5636 5.

563 5578 584 5614 ⁸
607 5576 809 5636 Matth.
842 5590 998 5647 mu,
1021 5574 1108 5630 38.
1187 5574 1208 5610 τ
1235 5573 1415 5647 Epist.
1460 5574 1582 5632 191.

2276 507 2642 579 ποιησάμενοι.
2678 510 2777 560 Καὶ
2808 514 2893 558 νῦν
2942 504 3000 560 δὲ
3038 509 3096 560 τό
3128 506 3254 559 αὐτὸ
3307 508 3493 583 ὁρᾶται
3521 513 3875 581 πραττόμενον

2277 594 2323 647 ἐν
2373 604 2434 668 τῇ
2485 599 2725 671 παρούσῃ
2768 598 2984 672 αἱρέσει.
3049 595 3209 650 ⁸Ὠστε
3252 599 3300 650 οἱ
3347 594 3781 666 ύποδηλωθέντες,
3831 598 3875 650 εἰ

2275 685 2334 737 ού
2392 682 2666 760 προδήλως
2723 686 2824 739 εἰσὶ
2875 690 3312 759 κατεγνωσμνέοι,
3364 684 3610 761 οὐδαμῶς
3667 689 3722 740 ἐκ
3779 693 3874 739 τοῦ

2275 775 2437 836 οὕτως
2464 778 2900 850 χειροτονηθῆναι
2944 775 3307 849 ἀποτρόπαιοι,
3351 776 3478 831 ἀλλὰ
3522 773 3870 850 προσδεκτέοι

2273 867 2408 917 κατὰ
2430 868 2692 939 τέσσαρας
2721 867 3020 941 προτάσεις.

2343 954 2686 1028 Ἐρώτησις
2716 954 2786 1010 Β’.
2822 986 2890 996 -
2931 960 3054 1029 Περὶ
3103 963 3201 1008 τῶν
3239 957 3703 1029 χειροτονηθέντων
3750 973 3870 1028 πρε-

2275 1041 2533 1117 σϐυτέρων
2589 1046 2840 1120 ὑπερόρια
2887 1043 2935 1097 ἐν
2986 1044 3189 1118 Σικελίᾳ
3219 1066 3234 1079 ·
3292 1045 3336 1098 εἰ
3382 1050 3492 1122 χρὴ
3542 1048 3756 1106 τούτους
3791 1041 3865 1097 δέ·

2272 1135 2490 1203 χεσθαι.

2345 1223 2743 1297 Ἀπόκρισις.
2777 1255 2843 1264 -
2871 1229 3037 1277 Τοῦτο
3061 1226 3118 1276 τό
3149 1222 3392 1297 ἐρώτημα
3421 1225 3596 1297 ὃμοιον
3623 1230 3716 1276 τοῦ
3748 1242 3870 1298 προ-

2272 1313 2517 1379 τεθέντος,
2611 1312 2654 1364 εἰ
2727 1316 2817 1365 καὶ
2889 1313 3008 1365 καθ’
3105 1313 3282 1385 ὕφεσιν
3356 1318 3514 1367 τόπου
3592 1312 3858 1385 ἀνόμοιον.

2270 1399 2479 1472 Ὁμοίαν
2507 1397 2748 1453 δηλονότι
2777 1400 2874 1464 ἕξει
2898 1406 2987 1454 καὶ
3015 1405 3106 1460 τὴν
3139 1399 3436 1477 ἀπόκρισιν.

2347 1489 2576 1562 Ἐρώτη
2593 1509 2657 1542 σι
2674 1509 2694 1550 ς
2729 1489 2801 1546 Γ’“.
2859 1522 2925 1531 -
2975 1494 3094 1565 Περὶ
3142 1499 3238 1543 τῶν
3295 1493 3635 1544 κοινωθέντων
3689 1489 3874 1547 ἐκκλη-

2277 1585 2402 1637 σιῷν
2447 1577 2500 1629 ἐκ
2549 1587 2647 1631 τῶν
2703 1581 2871 1653 ἱερέων
2910 1587 3008 1631 τῶν
3065 1587 3487 1637 κοινωνησάντων
3535 1587 3595 1652 τῇ
3649 1582 3874 1655 αἱρέσει,

2271 1672 2362 1720 καὶ
2390 1673 2750 1742 κατεχομένων
2782 1668 2869 1722 ὑπ’
2898 1669 3064 1721 αὐτῶν
3095 1691 3107 1703 -
3143 1670 3186 1722 εἰ
3214 1673 3325 1745 χρὴ
3360 1669 3407 1722 έν
3439 1671 3620 1731 αὐταῖς
3650 1670 3874 1723 εἰσιέναι

2198 1775 2243 1830 Β
2273 1761 2434 1831 χάριν
2464 1763 2628 1830 εὐχῆς
2653 1763 2744 1812 καὶ
2765 1755 3101 1831 ψαλμῳδίας.

2343 1848 2741 1920 Ἀπόκρισις.
2790 1879 2849 1889 ——
2883 1848 2958 1900 Οὐ
2991 1852 3102 1921 χρή
3133 1851 3190 1901 τό
3221 1847 3445 1902 καθόλου
3478 1847 3544 1910 εἰς
3574 1850 3666 1911 τὰς
3694 1849 3878 1901 τοιαύ-

2271 1955 2365 1998 τας
2417 1935 2694 1998 ἐκκλησίας
2747 1935 2980 2004 εἰσιέναι,
3039 1939 3177 1990 κατὰ
3231 1941 3354 1999 τοὺς
3400 1938 3695 2011 εἰρημένους
3751 1942 3878 2013 τρό-

2270 2045 2400 2088 πους
2427 2046 2440 2059 '
2475 2023 2654 2086 ἔπειδή
2685 2030 2978 2099 γέγραπται
3007 2043 3019 2056 ⁶
3055 2024 3222 2080 Ἰδοὺ
3286 2025 3548 2100 ἀφίεται
3605 2029 3629 2079 ό
3689 2023 3880 2089 οἶκος

2269 2116 2439 2187 ὑμῶν
2474 2119 2727 2188 ἕρημος.
2753 2114 2899 2188 Ἀμα
2934 2118 3036 2188 γὰρ
3068 2125 3140 2188 τῷ
3171 2115 3490 2189 εἰσαχθῆναι
3519 2121 3611 2176 τῆν
3640 2117 3872 2191 αἰρεσιν,

2271 2203 2472 2263 ἀπέπτη
2505 2206 2529 2255 ό
2587 2207 2765 2280 ἔφορος
2816 2212 2914 2257 τῶν
2954 2205 3119 2258 ἐκεῖσε
3163 2203 3400 2278 ἄγγελος,
3462 2208 3594 2258 κατὰ
3621 2210 3716 2265 τὴν
3767 2227 3878 2278 φω-

2267 2299 2359 2352 νῆν
2409 2301 2499 2347 τοῦ
2557 2293 2781 2366 μεγάλου
2839 2293 3108 2346 Βασιλείου
3168 2313 3184 2330 ο
3252 2300 3342 2348 καὶ
3393 2297 3566 2357 κοινὸς
3631 2291 3769 2355 οἶκος
3839 2296 3870 2346 ὁ

2266 2379 2478 2436 τοιόσδε
2502 2383 2827 2456 χρηματίζει
2851 2389 2990 2443 ναός.
3023 2387 3138 2436 Καὶ
3179 2382 3246 2435 ού
3285 2389 3364 2456 μὴ
3418 2383 3710 2450 εἰσέλθω,
3774 2403 3877 2456 φη-

2268 2478 2370 2538 σιν,
2405 2472 2491 2532 εἰς
2528 2471 2921 2529 Ἐκκλησίαν
2959 2478 3512 2545 πονηρευομένων.
3542 2474 3875 2526 ΚαὶόἊπό-

2267 2561 2491 2622 στολος’
2549 2563 2659 2623 Τίς
2722 2563 3204 2634 συγκατάθεσιν
3280 2571 3402 2634 νᾳῷ
3479 2569 3640 2616 Θεοῦ
3704 2564 3872 2634 μετὰ

2264 2648 2541 2703 εἰδώλων
2571 2667 2586 2718 ς

2334 2741 2686 2816 Ἐρώτησις
2714 2739 2786 2797 Δ’.
2838 2771 2908 2781 -
2938 2744 3063 2812 Περὶ
3110 2748 3210 2792 τῶν
3267 2748 3366 2794 τῶν
3396 2743 3738 2794 κοινωθέντων
3781 2742 3869 2795 ἐκ-

2262 2830 2491 2888 κλησιῶν
2542 2831 2644 2882 ὑπὸ
2689 2837 2790 2881 τῶν
2827 2828 2992 2881 αὐτῶν
3025 2830 3215 2901 ἱερέων,
3248 2834 3338 2882 καὶ
3371 2834 3444 2902 μὴ
3499 2836 3866 2903 κατεχομένων

2261 2919 2348 2973 ὑπ’
2375 2919 2541 2972 αὐτῶν
2574 2939 2588 2953 ο
2625 2923 2668 2971 εί
2709 2922 2816 2991 χρὴ
2847 2917 2896 2970 ἐν
2938 2925 3054 2981 ταῖς
3091 2921 3356 2980 τοιαύταις
3385 2918 3597 2990 ψάλλειν
3623 2925 3713 2974 καὶ
3773 2925 3862 2974 εὖ-

2265 3011 2487 3081 χεσθαι.

2333 3099 2733 3173 Ἀπόκρισις.
2794 3127 2861 3136 -
2915 3100 3027 3170 Χρὴ
3075 3099 3164 3168 μὲν
3221 3093 3308 3149 οὖν
3361 3097 3578 3151 εἰσιέναι
3627 3101 3680 3151 ἓν
3745 3107 3857 3161 ταῖς

2259 3191 2526 3248 τοιαύταις
2579 3186 2881 3246 ἐκκλησίαις
2938 3186 3010 3246 εἰς
3056 3189 3114 3238 τό
3157 3186 3370 3258 ψάλλειν
3409 3193 3500 3240 καὶ
3553 3190 3813 3260 εὔχεσθαι
3844 3206 3859 3221 ⁸

2261 3276 2370 3330 ἀλλ’
2439 3281 2576 3351 εἰπερ
2645 3275 2887 3348 ἀσφαλῶς
2951 3279 3140 3348 μηκέτι
3212 3281 3523 3350 χραίνονται
3587 3277 3688 3330 ὑπὸ
3764 3287 3867 3331 τῶν

2260 3363 2552 3441 ὀρθόδόξων
2614 3364 2684 3426 εἰς
2722 3368 2779 3416 τό
2837 3362 2936 3416 ἀεί.
2984 3366 3283 3416 Τετύπωται
3334 3360 3394 3417 δὲ
3450 3367 3688 3432 ἐνταῦθα,
3759 3367 3864 3420 ύπό

2261 3459 2590 3525 σεσωσμένον
2645 3453 2950 3524 ἐπισκόπου,
3008 3456 3039 3511 ἦ
3093 3455 3264 3528 ἱερέως
3312 3456 3379 3506 τὰ
3409 3452 3611 3518 ἂνοίξια
3639 3464 3736 3517 τῆς
3783 3455 3869 3508 έκ-

2257 3544 2476 3605 κλησίας
2525 3545 2783 3615 γίνεσθαι,
2841 3543 3270 3614 ύποφωνουμὲνης
3343 3543 3525 3615 εὐχῆς.
3584 3542 3748 3598 Ὠστε
3819 3546 3864 3599 εἰ

2257 3642 2408 3686 τοῦτο
2463 3634 2680 3704 γένοιτο,
2739 3636 2914 3684 καὶτὸ
2953 3630 3264 3706 λειτουργεῖν
3317 3634 3482 3685 ἐκεῖσε
3512 3632 3606 3686 οὐκ
3628 3629 3864 3705 ἀπᾷδον.

2258 3718 2626 3797 Παράδειγμα,
2655 3724 2712 3774 τό
2751 3725 2837 3773 τόν
2863 3720 3011 3792 ἅγιον
3061 3721 3370 3775 ’Δθανοξσιον
3411 3723 3511 3775 ὑπὸ
3585 3730 3863 3776 Κωνσταν·

2255 3817 2367 3865 τίου
2393 3811 2483 3865 τοῦ
2536 3811 2796 3883 βασιλέως
2825 3810 3279 3884 παρακαλούμενον
3328 3817 3453 3882 μίαν
3507 3815 3705 3870 ταύτην
3754 3815 3866 3885 χεὶ-

2255 3922 2335 3974 ριν
2417 3902 2816 3972 παρασχέσθαι,
2871 3907 2961 3952 τοῦ
3032 3899 3080 3951 ἐν
3131 3897 3499 3974 Ἀλεξανδρείᾳ
3580 3902 3666 3954 ἕνα
3736 3907 3864 3956 ναὸν

2254 3987 2586 4059 παραδοῦναι
2627 3997 2732 4050 τοῖς
2770 3990 3051 4062 Ἀρειανοῖς
3095 3989 3163 4049 εἰς
3197 3992 3255 4041 τὸ
3303 3991 3644 4062 συνάγεσθαι,
3693 4011 3865 4044 κατα-

2255 4087 2453 4145 νεῦσαι,
2500 4081 2656 4152 ἄνπερ
2707 4079 2756 4130 ἐν
2807 4078 3342 4132 Κωνσταντινουπόλει
3392 4078 3614 4150 λήψοιτο
3661 4080 3862 4144 καύτός

2255 4173 2349 4228 τὴν
2379 4167 2540 4226 αὐτὴν
2591 4168 2774 4242 χάριν,
2813 4174 2905 4220 τοῦ
2958 4167 3279 4238 συνάγεσθαι
3310 4171 3428 4230 τούς
3461 4164 3778 4240 ὀρθοδόξους
3811 4171 3861 4223 ἓν

2257 4259 2327 4313 ένὶ
2347 4265 2451 4328 ναῷ
2481 4261 2815 4329 κατεχομένῳ
2847 4257 2947 4309 ὑπὸ
2975 4255 3275 4331 Ἀρειανῶν.

2329 4434 2686 4509 Ἐρώτησις
2711 4432 2785 4486 Ε’.
2824 4465 2890 4474 -
2922 4436 3047 4506 Περὶ
3099 4442 3199 4486 τῶν
3229 4432 3278 4485 ἐν
3307 4439 3515 4506 σώματι
3568 4434 3731 4506 ἁγίων
3767 4457 3780 4469 ·
3814 4435 3858 4489 εἰ

2255 4529 2366 4596 χρὴ
2401 4522 2612 4577 εἰσιέναι
2643 4524 2714 4586 εἰς
2765 4526 2831 4576 τὰ
2857 4526 3180 4597 κοιμητήρια
3203 4523 3392 4591 αὐτῶν,
3447 4528 3536 4576 καὶ
3576 4527 3850 4596 εὔχεσθαι,

2255 4617 2346 4666 καὶ
2410 4620 2717 4687 προσκυνεῖν
2766 4613 2945 4675 αὐτοῖς
2986 4617 3347 4685 κατεχομένων
3400 4613 3505 4684 [αἱ.
3560 4619 3848 4688 κατεχομέ-

2254 4722 2381 4771 νοις,
2448 4705 2534 4761 αι.
2599 4699 3042 4777 καταδεχόμενον]
3099 4703 3198 4755 ὑπό
3246 4711 3342 4755 τῶν
3397 4703 3714 4776 μιανθέντων
3772 4706 3840 4758 ἱε-

2252 4797 2402 4867 ρέων.

2323 4886 2712 4954 Απόκρισις.
2747 4912 2814 4924 -
2871 4880 2946 4934 Ou’
2994 4885 3307 4957 παραχωρεί
3358 4885 3545 4946 κανὼν,
3597 4885 3736 4936 κατὰ
3790 4886 3854 4936 τὰ

2251 4967 2673 5044 προδηλωθέντα,
2733 4970 2948 5024 εἰσιέναι
2996 4969 3063 5032 εἰς
3111 4972 3177 5023 τὰ
3231 4976 3450 5022 τοιαῦτα
3500 4978 3849 5046 κοιμητήρια.

2255 5065 2547 5133 Γέγραπται
2573 5061 2850 5134 γάρ”Ίνα
2879 5064 2939 5113 τί
2969 5062 2999 5118 ἠ
3030 5059 3364 5134 ἐλευθερία
3390 5082 3511 5137 μου
3550 5067 3855 5136 κρίνεται

2249 5152 2366 5203 ὑπὸ
2405 5150 2605 5212 ἄλλης
2645 5145 2916 5209 συνειδή
2937 5166 3127 5219 σεως;
3163 5151 3206 5203 εἰ
3234 5159 3304 5217 μή
3336 5173 3387 5206 τι
3417 5155 3478 5206 ἄν
3508 5153 3560 5215 ἐξ
3589 5150 3850 5223 ἀνάγκης,

2247 5244 2382 5292 κατὰ
2409 5245 2561 5312 μόνον
2616 5243 2675 5292 τό
2709 5237 3057 5292 ἀσπάσασθαι
3085 5243 3142 5292 τὸ
3193 5249 3283 5294 τοῦ
3315 5241 3465 5316 ἁγίου
3514 5241 3778 5314 λείψανον,
3813 5243 3846 5300 ἠ

2248 5326 2453 5392 εἴσοδος
2483 5333 2703 5401 γένοιτο.

2319 5419 2680 5494 Ἐρώτησις
2832 5447 2895 5460 -—
2927 5423 3052 5496 Περὶ
3089 5427 3188 5473 τῶν
3229 5418 3484 5474 λαϐόντων
3530 5421 3589 5472 τό
3620 5438 3856 5492 μοναχι-

2177 5581 2198 5615 θ
2238 5579 2284 5636 II
2318 5581 2450 5637 Cor.
2484 5595 2561 5647 vn,
2599 5583 2684 5637 l6.
2761 5579 2856 5638 ¹⁰1
2885 5578 3016 5640 Cor.
3042 5596 3105 5650 x,
3144 5581 3234 5638 29.
