4058 6274
245 306 386 362 1649

242 433 334 484 κὸν
390 436 585 504 σχῆμα
635 429 690 482 ἐκ
744 437 844 484 τῶν
892 432 1233 485 κοινωθέντων
1288 432 1457 507 ἱερέων

242 524 463 583 τούτους
514 519 793 594 δέχεσθαι.

314 614 554 684 Ἀπόκρ
571 631 722 675 ισις.
756 641 827 654 -ι
880 610 1286 684 Ὀμολογοῦντας
1337 614 1714 686 ἡμαρτηκέναι,
1756 616 1846 665 καὶ

240 703 637 773 ἐπιτιμηθέντας
712 704 889 777 χρόνῳ
963 706 1085 771 τινὶ,
1161 698 1251 754 εἶθ’
1330 703 1486 763 οὕτως
1574 698 1846 775 σφραγῖδα

241 786 562 863 δεχομένους
626 795 1107 864 παρασεσωσμένου
1180 790 1556 866 πρεσϐυτέρου,
1615 787 1845 865 προσδε-

238 899 380 932 κτεον
389 923 401 934 .

312 969 661 1041 Ἐρώτησις
711 968 785 1025 Ζ’.
840 1000 907 1010 —
961 974 1086 1043 Περὶ
1139 978 1236 1022 τῶν
1290 971 1705 1045 ὑπογραψάντων
1754 975 1844 1023 καὶ

238 1060 662 1116 κοινωνησάντων
737 1066 983 1131 μοναχῶν
1058 1064 1148 1112 καὶ
1199 1059 1457 1135 κληρικῶν
1526 1060 1574 1112 έν
1628 1068 1691 1133 τῇ
1754 1064 1843 1112 αύ-

236 1155 300 1221 τῇ
332 1150 529 1221 αἱρέσει
566 1165 582 1180 ⁸
621 1156 730 1210 πῶς
759 1152 869 1222 χρή
921 1151 1137 1211 τούτους
1189 1147 1448 1222 δέχεσθαι
1480 1167 1497 1183 ο
1532 1155 1703 1223 χωρὶς
1734 1148 1842 1201 ἑπι-

240 1242 438 1310 τιμίου,
494 1238 524 1296 ἢ
583 1241 715 1309 μετὰ
770 1240 1033 1311 ἐπιτιμίου
1085 1253 1098 1267 ⁸
1160 1241 1244 1291 ἑὰν
1304 1239 1599 1312 ὁμολογῶσι
1654 1245 1841 1312 μηκέτι

238 1325 455 1400 ἐνεργεῖν
508 1325 556 1379 έν
586 1327 648 1399 τῇ
700 1329 925 1403 ἱερατείᾳ
953 1344 966 1358 '
995 1332 1085 1381 καὶ
1118 1328 1161 1381 εἱ
1209 1328 1405 1391 ἔξεστιν
1435 1330 1580 1401 ἡμῖν,
1629 1324 1839 1381 διδόναι

241 1418 482 1488 ἐπιτίμια
506 1423 610 1477 τοῖς
639 1418 914 1478 τοιούτοις.

312 1504 713 1578 Ἀπόκρισις.
748 1538 815 1547 -
844 1506 1003 1565 Δῆλον
1034 1508 1113 1559 ὅτι
1163 1509 1294 1579 μετὰ
1342 1515 1441 1559 τῶν
1470 1510 1840 1581 προσηκόντων

238 1593 531 1667 έπιτιμίων.
588 1602 708 1657 Πῶς
757 1598 857 1668 γὰρ
891 1594 950 1647 ἂν
1004 1600 1074 1668 μὴ
1127 1600 1249 1658 τοὺς
1281 1600 1510 1670 καρποὺς
1561 1604 1655 1659 τῆς
1685 1616 1839 1669 μετα-

235 1688 380 1745 νοίας
426 1682 857 1757 ἐπιδεικνύμενοι,
914 1682 1008 1738 εἶεν
1041 1684 1180 1749 ἄξιοι
1236 1688 1559 1758 συναφθῆναι
1589 1694 1661 1757 τῷ
1693 1685 1840 1759 ὀρθο-

1524 305 2036 364 EPISTOLARUM
2076 307 2210 363 LIB.
2252 308 2320 364 II.

1516 450 1529 462 '
1580 441 1686 494 πῶς
1730 438 1841 506 χρή
1880 434 1926 489 Α
1958 434 2172 490 sticum
2204 450 2240 491 a
2278 436 2700 493 contaminatis
2739 433 3150 493 sacerdotibus
3202 433 3598 503 acceperunt:

3465 301 3602 361 1650

1956 524 2266 596 quomodo
2296 525 2477 598 recipi
2510 526 2793 582 debeant.

2026 614 2364 683 Responsio.
2401 646 2463 656 —
2493 616 2549 672 Si
2579 615 2975 670 conﬁteantur
3003 628 3065 668 se
3104 624 3406 684 peccasse,
3439 612 3495 663 et
3524 607 3599 665 ad

1956 702 2200 776 aliquod
2216 709 2451 776 tempus
2463 704 2876 777 pmnitentiam
2898 702 3143 773 egerint,
3163 705 3341 773 atque
3362 698 3446 754 ita
3457 713 3605 754 con-

1955 794 2353 863 signationem
2380 793 2595 849 deinde
2619 793 2695 848 ab
2715 797 2889 849 rectae
2912 789 3416 864 ﬁdeipresbytero
3438 803 3602 845 acce-

1954 884 2169 954 perint,
2205 883 2559 939 admittendi
2591 887 2750 938 sunt.

2024 972 2421 1043 Interrogatio
2448 972 2564 1028 VII.
2599 1004 2665 1013 —
2700 972 2777 1028 De
2809 969 3122 1028 monachis
3151 973 3208 1024 et
3245 966 3469 1024 clericis
3499 966 3599 1038 qui

1951 1061 2145 1117 eidem
2171 1062 2379 1117 haeresi
2409 1062 2887 1133 subscripserunt
2916 1058 3555 1128 communicaruntque
3584 1070 3598 1110 :

1950 1150 2261 1222 quomodo
2280 1151 2604 1223 recipiendi
2630 1151 2745 1206 sint
2769 1167 2781 1206 :
2815 1150 2944 1205 sine
2967 1146 3335 1222 poenitentia,
3357 1160 3436 1201 an
3459 1160 3599 1202 cum

1950 1240 2340 1312 poenitentia:
2398 1240 2445 1295 si
2495 1240 2747 1311 professi
2778 1238 2995 1296 fuerint
3050 1254 3111 1293 se
3151 1252 3272 1293 non
3335 1234 3599 1309 amplius

1951 1345 2123 1385 sacra
2154 1329 2361 1385 munia
2386 1329 2657 1385 obituros
2688 1345 2701 1383 :
2740 1334 2797 1385 et
2824 1344 2973 1384 num
3003 1328 3171 1383 liceat
3198 1326 3373 1382 nobis
3402 1324 3597 1398 poeni-

1951 1419 2163 1474 tentias
2192 1418 2410 1474 talibus
2442 1419 2774 1492 imponere.

2021 1508 2358 1578 Responsio.
2384 1538 2448 1548 -
2473 1509 2684 1581 Utique
2707 1524 2843 1564 cum
2862 1505 3224 1580 poenitentiis
3243 1503 3603 1561 convenien-

1950 1598 2109 1653 tibus
2144 1615 2157 1664 ;
2194 1614 2314 1670 quo
2346 1597 2506 1653 enim
2542 1598 2744 1666 modo,
2776 1596 2891 1651 nisi
2923 1595 3199 1651 exhibitis
3228 1593 3596 1667 poenitentiae

1948 1686 2434 1757 fructibus,digni
2448 1687 2674 1759 sintqui
2687 1686 3022 1742 orthodoxo
3035 1687 3269 1757 corpori
3287 1682 3600 1739 uniantur‘t

239 1769 379 1845 δόξῳ
428 1779 675 1846 σώματι;
730 1770 939 1827 διδόναι
1000 1772 1059 1828 δε
1114 1779 1202 1827 καὶ
1259 1777 1394 1847 ἡμᾶς
1446 1774 1684 1847 ἐπιτίμια
1735 1782 1833 1835 τοῖς

1957 1779 2045 1832 His
2076 1782 2275 1832 autem
2315 1782 2371 1832 et
2401 1794 2436 1833 a
2465 1777 2638 1832 nobis
2664 1776 3049 1847 pcenitentias
3079 1774 3330 1845 injungi,
3360 1788 3483 1828 non
3511 1775 3599 1828 est

234 1864 508 1928 τοιούτοις,
551 1863 645 1915 οὐκ
701 1864 1032 1938 ἀποκριτέον.
1095 1868 1392 1938 Γέγραπται
1443 1867 1565 1937 γὰρ,
1630 1863 1839 1921 Ἀλλὴ-

233 1950 352 2003 λων
390 1954 464 2004 τὰ
522 1951 683 2028 βάρη
727 1951 1106 2027 βαστάζετε,
1175 1958 1283 2007 καὶ
1324 1954 1528 2016 οὕτως
1564 1953 1840 2011 ἀναπλη-

233 2046 483 2114 ρώσατε
520 2044 624 2094 τόν
662 2047 853 2116 νόμον
892 2051 1004 2096 τοῦ
1043 2050 1353 2119 Χριστοῦ.

310 2131 665 2205 Ἐρώτησις
698 2133 777 2187 Η’.
809 2162 880 2175 —
909 2138 1035 2207 Περὶ
1065 2141 1165 2185 τῶν
1212 2141 1459 2205 μοναχῶν
1490 2140 1587 2185 τῶν
1618 2129 1839 2205 ἂδιαφό·

233 2240 334 2294 ρως
384 2220 815 2294 παραϐαλλόντων
844 2229 948 2283 τοῖς
999 2230 1252 2294 τυχοῦσι,
1284 2228 1374 2275 καὶ
1434 2227 1837 2295 συνευχομένοις

233 2315 325 2362 καὶ
358 2312 721 2363 συνεσθίουσιν
752 2310 925 2371 αὐτοῖς
955 2328 967 2341 ·
1003 2310 1046 2364 εἰ
1075 2316 1183 2386 χρή
1238 2308 1496 2384 δέχεσθαι
1525 2316 1642 2373 τοὺς
1670 2315 1838 2365 τοιού-

234 2418 355 2459 τους
381 2399 452 2460 εἱς
477 2404 807 2453 συνεστίασιν
838 2405 927 2453 καὶ
956 2396 1290 2472 ψαλμῳδίαν.

308 2488 710 2562 Ἀπόκρισις.
744 2519 813 2534 —
837 2496 940 2543 Τοῦ
990 2490 1313 2543 Ἀποστόλου
1365 2490 1595 2562 λέγοντος
1616 2505 1633 2523 ⁸
1666 2492 1834 2544 Στέλ-

232 2577 462 2630 λεσθαι
491 2578 650 2649 ὑμᾶς
679 2577 797 2630 ἀπὸ
837 2582 1070 2639 παντὸς
1110 2576 1389 2651 ἀδελφοῦ
1430 2579 1714 2642 ἀτάκτως
1742 2600 1837 2633 πε-

231 2673 686 2741 ριπατοῦντος,
729 2671 953 2739 καὶμὴ
997 2670 1160 2719 κατὰ
1198 2672 1307 2726 τὴν
1348 2665 1726 2741 παράδοσιν
1767 2670 1835 2728 ἣν

232 2756 595 2830 παρέλαϐον
623 2758 766 2831 παρ’
798 2760 967 2829 ἡμῶν
1002 2775 1014 2787 ·
1048 2766 1152 2818 πῶς
1177 2758 1305 2831 ούχὶ
1330 2764 1421 2811 καὶ
1447 2759 1531 2832 ἀφ’
1559 2760 1747 2812 ἑαυτῶν
1777 2763 1834 2812 τὸ

231 2845 389 2898 καλὸν
419 2851 657 2920 κρίνετε;
714 2846 757 2899 εἰ
807 2849 897 2918 μὲν
948 2843 1035 2899 οὖν
1082 2845 1405 2919 ἀπόσχοιντο
1460 2858 1553 2911 τῆς
1611 2852 1836 2924 ἐφαμάρ-

229 2955 320 2988 του
376 2937 671 3001 συνηθείας,
720 2932 1139 3009 καταδεχόμενοί
1192 2957 1246 2989 τε
1296 2942 1386 2990 καὶ
1438 2936 1701 3011 ἐπιτιμίαν
1740 2945 1835 2997 τὴν

228 3030 622 3096 προσήκουσαν,
699 3022 917 3078 δεκτέοι.
975 3027 1345 3099 Ἐπιτηρητέον
1405 3024 1464 3079 δὲ
1516 3033 1645 3089 τίνες
1701 3029 1834 3081 εἰσὶν

1948 1866 2438 1938 improbandum.
2473 1866 2769 1937 Scriptum
2797 1866 2953 1920 enim
2986 1867 3074 1919 est
3107 1880 3118 1919 :
3154 1864 3328 1919 Alter
3350 1862 3596 1917 alterius

1949 1971 2131 2013 onera
2158 1962 2414 2027 portate,
2444 1961 2495 2012 et
2523 1957 2605 2012 sic
2635 1955 2955 2024 adimplete
2982 1954 3165 2023 legem
3199 1951 3424 2008 Christi
3453 1952 3521 2006 υ.

2018 2134 2413 2206 Interrogatio
2444 2134 2582 2189 VIII.
2608 2164 2668 2176 —
2694 2134 2773 2189 De
2802 2131 3114 2189 monachis
3135 2130 3238 2203 qui
3260 2128 3595 2202 promiscue

1948 2239 2084 2279 cum
2120 2224 2310 2279 obviis
2338 2224 2703 2296 quibuslibet
2738 2223 3122 2287 conveniunt,
3152 2235 3391 2292 unaque
3421 2222 3597 2275 orant

1947 2329 2017 2369 ac
2040 2313 2239 2369 cibum
2263 2319 2547 2369 sumunt:
2578 2318 2777 2368 utrum
2800 2312 2877 2368 ad
2900 2326 3285 2368 communem
3312 2308 3512 2365 cibum
3537 2311 3595 2365 et

1945 2402 2349 2475 psalmodiam
2379 2403 2608 2458 admitti
2637 2402 2916 2458 debeant.

2015 2494 2349 2562 Responsio.
2381 2524 2444 2533 —
2481 2495 2627 2547 Cum
2669 2492 2984 2564 Apostolus
3015 2490 3173 2545 dicat
3204 2507 3217 2544 :
3259 2490 3331 2546 Ut
3360 2487 3597 2546 subtra-

1947 2582 2104 2639 hatis
2123 2598 2220 2638 vos
2241 2581 2310 2637 ab
2329 2582 2480 2636 omni
2487 2582 2686 2651 fratre
2698 2597 2791 2636 am
2801 2579 3391 2636 butanteinordinate
3406 2581 3461 2633 et
3475 2593 3595 2633 non

1945 2671 2268 2727 secundum
2285 2670 2661 2726 traditionem
2688 2685 2865 2742 quam
2889 2674 3245 2737 acceperunt
3269 2668 3543 2724 anobis“
3582 2684 3597 2734 ;

1945 2761 2256 2833 quomodo
2284 2775 2405 2815 non
2432 2776 2504 2815 ex
2520 2759 2693 2814 vobis
2717 2759 2860 2830 ipsis
2880 2758 3046 2830 quod
3072 2757 3302 2813 bonum
3333 2761 3422 2812 est
3441 2756 3599 2827 judi-

1946 2851 2094 2906 catis
2117 2852 2144 2908 ?
2166 2852 2392 2921 Itaque,
2416 2849 2464 2904 si
2493 2865 2530 2904 a
2558 2864 2745 2921 prava
2776 2847 3211 2903 consuetudine
3241 2846 3591 2913 destiterint,

1946 2938 2401 3011 acceperintque
2427 2938 2880 2994 convenientem
2909 2935 3343 3008 pmnitentiam,
3378 2936 3595 2991 admit-

1948 3028 2107 3084 tendi
2135 3032 2291 3083 sunt.
2317 3027 2775 3083 Observandum
2798 3031 2996 3081 autem
3021 3030 3106 3080 est
3132 3025 3382 3097 quinam
3405 3024 3528 3079 sint
3554 3025 3595 3079 ii

231 3111 316 3173 οὓς
369 3122 494 3185 φῆτε
549 3118 879 3186 τυχόντας
913 3131 926 3145 ·
990 3110 1092 3189 ἆρα
1147 3118 1419 3191 αἱρετικοὶ,
1472 3118 1501 3176 ἡ
1560 3114 1833 3190 προδήλως

1957 3133 2098 3190 quos
2128 3118 2353 3173 vocatis
2383 3117 2579 3173 obvios
2620 3115 2909 3187 quoslibet
2940 3133 2957 3169 :
2988 3130 3134 3170 num
3167 3114 3444 3179 haeretici,
3488 3117 3595 3169 aut

229 3206 645 3275 κατεγνωσμένοι
675 3203 756 3257 ἐπὶ
791 3212 860 3275 τῷ
914 3202 1057 3278 βίῳ;
1111 3210 1229 3279 περὶ
1258 3215 1357 3258 τῶν
1411 3209 1655 3259 τοιούτων
1707 3212 1829 3283 γὰρ,

233 3295 395 3363 φησὶν
421 3294 446 3343 ό
476 3292 789 3354 Ἀπόστολος
821 3310 833 3323 ⁸
870 3293 1002 3346 Ἐάν
1058 3313 1157 3355 τις
1196 3291 1471 3367 ἀδελφός
1523 3296 1830 3368 ὀνομαζό-

226 3400 413 3453 μενος
451 3386 703 3455 πόρνος,
746 3384 775 3441 ἣ
822 3382 1229 3450 πλεονέκτης,
1268 3384 1297 3442 ἦ
1333 3381 1831 3462 εἰδωλολάτρης,

226 3472 408 3523 καὶτὰ
451 3470 566 3533 ἑξῆς
601 3488 613 3500 ·
652 3480 732 3542 τῷ
770 3476 1044 3543 τοιούτῳ
1088 3470 1256 3544 μηδὲ
1298 3476 1685 3528 συνεσθίειν.

303 3560 659 3632 Ἐρώτησις
700 3560 781 3613 6’.
840 3591 909 3602 —
958 3565 1081 3633 Περὶ
1145 3570 1244 3614 τῶν
1293 3562 1672 3638 πρεσϐυτέρων,
1731 3576 1829 3618 τῶν

231 3646 567 3722 βεϐρωκότων
613 3652 745 3721 μετὰ
794 3658 893 3702 τῶν
942 3652 1212 3725 αἱρετικῶν
1259 3650 1399 3715 ἅπαξ
1451 3658 1541 3705 καὶ
1589 3651 1691 3720 δὶς,
1742 3661 1829 3709 καὶ

231 3742 302 3809 μὴ
361 3758 807 3805 κοινωνησαντων,
854 3739 882 3797 ἢ
942 3739 1376 3815 ύπογραψάντων,
1424 3742 1454 3799 ἦ
1506 3742 1830 3818 συλλειτουρ-

232 3830 507 3897 γησάντων
542 3845 554 3857 ·
590 3828 633 3880 εἰ
673 3832 783 3900 χρὴ
812 3833 927 3890 τοὺς
975 3832 1245 3892 τοιούτους
1289 3827 1547 3902 δέχεσθαι
1576 3832 1645 3895 εἰς
1701 3853 1826 3886 συν-

226 3920 483 3981 εστίασιν,
532 3921 621 3969 καὶ
674 3914 1012 3990 ψαλμῳδίαν,
1064 3923 1231 3993 χωρὶς
1282 3916 1575 3992 σφραγῖδος
1614 3922 1642 3979 ἣ
1699 3926 1829 3994 μετὰ

228 4002 467 4079 σφραγῑδ
471 4026 496 4058 ο
506 4028 545 4069 ς.

300 4094 695 4170 Ἀπόκρισις.
755 4127 820 4137 -—-
847 4097 969 4149 Ἐπὶ
998 4104 1100 4149 τῶν
1130 4099 1376 4149 τοιούτων
1407 4103 1672 4172 τηρητέον,
1710 4100 1754 4152 εἰ
1778 4103 1827 4153 οἱ

225 4182 543 4257 βεϐρωκότες
590 4187 741 4259 ἱερεῖς
793 4187 924 4258 μετὰ
979 4188 1148 4259 ἱερέων
1226 4188 1494 4259 αἱρετικῶν
1551 4188 1580 4245 ἢ
1637 4188 1826 4241 λαῐκῶν

223 4275 428 4345 ἔφαγον,
482 4279 572 4326 καὶ
647 4274 1063 4347 ὁμολογουμένων
1123 4276 1153 4333 ἢ
1212 4276 1657 4349 ὀρθοφρονούντων
1711 4282 1823 4351 μὲν,

219 4364 597 4415 κοινωνούντων
629 4360 663 4415 δ
667 4366 687 4416 ὲ
716 4371 822 4423 τοῖς
852 4366 1149 4436 αἱρετικοίς.
1194 4365 1383 4425 Μεῖζον
1411 4368 1512 4439 γὰρ
1558 4370 1615 4418 τὸ
1664 4375 1829 4442 κρῖμα

218 4451 305 4502 ἐπὶ
371 4459 471 4502 τῶν
533 4454 833 4525 ἱερωμένων.
910 4458 1172 4525 Μετανοίᾳ
1230 4450 1288 4505 δὲ
1350 4452 1598 4526 ἀξιολόγῳ
1656 4456 1827 4509 ἑκατέ-

220 4557 343 4610 ρους
396 4538 743 4614 προσδεκτέον
796 4550 1109 4601 κοινωνῆσαι
1179 4542 1356 4602 αὐτοῖς
1411 4542 1542 4595 ἁλῶν
1598 4564 1667 4610 τε,
1740 4552 1829 4599 καὶ

221 4638 539 4701 προσευχῶν
599 4629 705 4703 [αἱ.
778 4631 941 4683 ἄλλων
999 4650 1053 4683 τε
1126 4632 1465 4706 προσευχῶν]
1521 4638 1610 4687 καὶ
1670 4655 1829 4711 σφρα-

223 4713 399 4787 γίδος.

290 4808 646 4884 Ἐρώτησις
698 4808 756 4867 Ι’.

222 4908 424 4975 σμικῶν
482 4898 531 4950 ἐν
592 4906 653 4971 τῇ
724 4901 919 4971 αἱρέσει
984 4904 1072 4952 καὶ
1132 4903 1547 4953 κοινωνούντωνο
1611 4903 1655 4954 εὶ
1713 4909 1823 4978 χρή

218 4998 334 5053 τοὶς
380 4991 641 5050 τοιούτοις
686 4996 961 5061 κοσμικοῐς
1011 4986 1321 5064 ὁρθοδόξους
1371 4995 1660 5063 κοσμικοὺς
1704 5012 1827 5046 συν-

220 5082 435 5133 εσθίειν.

292 5169 699 5240 Ἀπόκρισις.
745 5198 809 5210 -
836 5168 896 5221 Ἦ
950 5165 1257 5243 ἀδιαφορία,
1289 5177 1386 5223 τῶν
1434 5179 1603 5223 κακῶν
1641 5174 1700 5224 τὸ
1750 5176 1826 5224 α’ί-

218 5278 353 5316 τιον,
382 5256 727 5329 ’Δναμέσον
757 5260 898 5331 γὰρ,
934 5264 1084 5331 φησὶ,
1115 5262 1403 5332 καθαροῦ
1425 5264 1533 5312 καὶ
1559 5258 1823 5333 βεϐήλου

218 5349 290 5402 ού
347 5343 743 5401 διέστελλον.
777 5352 891 5421 Χρὴ
921 5344 1028 5416 οὖν,
1062 5352 1200 5423 εἰπερ
1249 5348 1479 5410 ζηλωταί
1508 5350 1637 5403 εἰσιν
1665 5353 1713 5403 οἱ
1742 5352 1826 5426 ὁρ-

224 5434 575 5508 θοδοεοῦντες,
608 5442 679 5509 μὴ
740 5439 1057 5511 προσίεσθαι
1115 5442 1235 5501 τοὺς
1288 5442 1555 5502 τοιούτους
1603 5439 1675 5502 εἰς
1706 5460 1825 5493 συν-

816 4840 883 4850 —
941 4815 1065 4881 Περὶ
1120 4819 1219 4863 τῶν
1278 4812 1692 4886 ὑπογραψάντων
1740 4834 1829 4867 κο-

294 5619 338 5655 ²¹
375 5616 562 5673 Galat.
595 5632 671 5682 ιν,
698 5622 751 5674 2.
830 5619 875 5653 ¹²
905 5618 951 5673 Il
975 5619 1175 5675 Thess.
1212 5634 1289 5686 ιιι,
1320 5620 1372 5676 6.

1452 5620 1499 5655 ¹³
1528 5620 1549 5673 Ι
1576 5620 1711 5678 Cor.
1746 5637 1795 5687 v,
1835 5626 1917 5677 tl.

1942 3206 2147 3279 palam
2173 3206 2425 3275 culpatae
2456 3208 2589 3261 vitae
2618 3206 2647 3258 ‘t
2678 3205 2757 3259 De
2790 3204 3001 3260 talibus
3022 3204 3247 3275 quippe
3272 3203 3591 3275 Apostolus

1942 3296 2022 3351 ait
2051 3312 2062 3350 :
2094 3297 2162 3352 Si
2180 3296 2229 3351 is
2258 3296 2362 3368 qui
2386 3296 2584 3365 frater
2610 3294 2978 3364 nominatur,
2999 3298 3078 3349 est
3101 3292 3457 3363 fornicator,
3481 3297 3592 3347 aut

1939 3400 2182 3449 avarus,
2208 3392 2311 3442 aut
2337 3384 2506 3440 idolis
2530 3384 2881 3449 serviens,et
2905 3399 3033 3453 quae
3062 3387 3427 3454 sequuntur;
3456 3397 3588 3439 cum

1941 3475 2232 3544 ejusmodi
2262 3490 2369 3530 nec
2396 3473 2588 3531 cibum
2619 3488 2849 3529 sumere
2878 3474 2945 3525 ³³.

2010 3564 2410 3634 Interrogatio
2440 3564 2527 3617 IX.
2554 3593 2619 3603 —
2650 3566 2727 3617 De
2756 3560 3119 3633 presbyteris
3133 3560 3237 3632 qui
3270 3559 3454 3615 semel
3484 3565 3591 3616 aut

1939 3652 2153 3709 iterum
2185 3669 2323 3708 cum
2355 3652 2646 3708 haereticis
2676 3652 2879 3707 cibum
2919 3654 3322 3720 sumpserunt,
3346 3664 3471 3704 non
3501 3654 3588 3705 ta-

1937 3758 2073 3798 men
2089 3742 2691 3798 communicaverunt
2713 3740 2806 3795 vel
2823 3738 3327 3810 subscripserunt,
3348 3742 3452 3793 aut
3465 3753 3589 3794 una

1941 3832 2123 3887 sacris
2149 3832 2378 3903 operati
2410 3838 2547 3886 sunt
2579 3850 2590 3889 :
2631 3830 2826 3885 sintne
2857 3829 2935 3884 ad
2966 3842 3351 3883 communem
3384 3828 3587 3881 cibum

1936 3925 1989 3977 et
2015 3920 2415 3992 psalmodiam
2447 3918 2822 3987 admittendi,
2849 3918 3082 3989 absque
3112 3916 3584 3986 consignatione,

1936 4010 2030 4066 vel
2064 4026 2202 4066 cum
2233 4009 2705 4080 consignatione.

2004 4100 2337 4169 Responsio.
2370 4130 2435 4139 —
2478 4101 2541 4153 In
2572 4097 2700 4152 istis
2745 4095 3193 4152 observandum
3235 4097 3340 4158 est,
3373 4109 3450 4149 an
3487 4110 3584 4150 sa-

1936 4190 2202 4244 cerdotes
2235 4188 2340 4260 qui
2394 4187 2596 4243 cibum
2639 4190 3043 4258 sumpserunt,
3086 4200 3224 4239 cum
3286 4183 3581 4239 haereticis

1937 4277 2369 4343 sacerdotibus,
2401 4293 2477 4333 an
2523 4292 2660 4331 cum
2710 4276 2877 4331 laicis
2910 4272 3299 4345 sumpserint,
3327 4277 3385 4328 et
3434 4287 3581 4329 num

1936 4383 2071 4423 cum
2131 4367 2200 4422 iis
2256 4366 2359 4439 qui
2407 4370 2563 4421 recte
2618 4364 2864 4437 quidem
2920 4363 3221 4427 sentirent,
3270 4362 3377 4417 sed
3429 4378 3589 4418 com-

1937 4455 2313 4511 municarent
2359 4470 2498 4510 cum
2554 4453 2866 4510 haereticis.
2915 4451 3099 4523 Majus
3149 4451 3308 4506 enim
3362 4450 3586 4506 crimen

1938 4552 2025 4601 est
2054 4546 2112 4600 in
2144 4544 2388 4601 sacratis
2412 4543 2779 4599 hominibus.
2816 4541 3057 4614 Utrique
3089 4556 3268 4613 porro
3294 4556 3431 4596 cum
3464 4556 3588 4612 pae-

1938 4634 2185 4689 nitentia
2236 4633 2538 4703 condigna
2578 4631 2799 4702 suscipi
2846 4631 3081 4696 debent,
3140 4635 3196 4685 et
3251 4629 3485 4685 admitti
3506 4629 3585 4685 ad

1938 4724 2426 4780 communionem
2454 4722 2614 4788 salis,
2647 4726 2703 4776 et
2727 4736 2994 4793 precum,
3019 4725 3073 4775 et
3094 4718 3581 4789 consignationis.

2010 4813 2410 4883 Interrogatio
2443 4814 2503 4866 Χ.
2531 4840 2600 4853 -
2628 4811 2707 4865 De
2739 4809 3126 4866 smcularibus
3155 4809 3259 4880 qui
3288 4807 3349 4862 in
3375 4806 3585 4862 haeresi

1939 4903 2419 4973 subscripserunt
2441 4900 3082 4969 communicaruntque
3105 4903 3301 4951 utrum
3318 4912 3454 4951 cum
3472 4896 3584 4951 illis

1935 4991 2323 5047 saecularibus
2358 4989 2671 5045 saeculares
2699 4987 3066 5044 orthodoxos
3099 4986 3300 5041 cibum
3344 5000 3583 5041 sumere

1935 5081 2271 5139 conveniat.

2003 5170 2346 5243 Responsio.
2377 5200 2441 5211 -
2470 5172 2620 5226 Usus
2653 5167 3030 5240 promiscuus
3060 5180 3243 5222 causa
3284 5170 3370 5220 est
3400 5164 3585 5221 malo-

1934 5278 2090 5318 rum.
2131 5261 2225 5315 Ait
2262 5260 2420 5314 enim
2451 5279 2462 5317 :
2498 5259 2661 5314 Inter
2693 5255 2980 5313 mundum
3012 5260 3065 5310 et
3105 5254 3431 5323 profanum
3464 5270 3583 5310 non

1936 5350 2278 5407 habuerunt
2303 5348 2649 5405 distantiam
2677 5348 2743 5401 1‘.
2773 5346 2977 5416 Itaque
3003 5342 3317 5399 orthodoxi
3338 5342 3583 5409 debent,

1934 5440 1985 5497 si
2001 5439 2123 5497 zelo
2144 5439 2424 5510 ﬂagrant,
2447 5436 2594 5494 tales
2615 5435 2694 5493 ad
2709 5448 3095 5492 communem
3111 5432 3309 5489 cibum
3330 5447 3453 5490 non
3480 5432 3585 5489 ad-

1996 5622 2044 5655 “
2073 5619 2276 5675 Ezech.
2300 5620 2440 5681 xxu,
2468 5620 2555 5672 26.
