4058 6274
255 299 390 355 1653

1536 300 2051 358 EPISTOLARUM
2090 302 2223 357 LIB.
2267 303 2340 359 Il.

3476 302 3617 361 ισδι

320 404 665 499 Ἐρώτησις
725 423 821 481 ΙΔ’.
874 456 944 466 -
997 431 1121 501 Περὶ
1182 435 1280 480 τῶν
1344 428 1705 502 πρεσϐυτέρων
1755 436 1845 481 τῶι

2034 430 2437 501 Interrogatio
2469 430 2598 487 XIV.
2626 461 2696 473 —
2728 434 2805 488 De
2833 430 3193 504 presbyteris
3212 429 3314 503 qui
3346 429 3619 486 similiter

251 512 351 565 ὑπὸ
401 511 696 587 ὀρθοδόξων
742 518 1237 589 χειροτονηθέντων,
1296 521 1368 589 μὴ
1440 517 1854 593 ὑπογραψάντων

254 599 332 668 δὲ,
377 600 516 674 μηδὲ
582 606 1026 671 κοινωνησάντων,
1104 611 1501 679 συμφαγόντων,
1569 604 1629 659 δὲ
1697 610 1853 680 μόνον

252 692 383 763 μετὰ
408 697 700 765 Γρηγορίου
721 700 815 745 τοῦ
836 693 1243 765 μητροπολίτου.

326 780 737 853 Ἂπόκρισις.
770 813 839 822 -
865 783 948 836 Ἐν
983 791 1094 846 τοῖς
1132 783 1370 857 ἀνωτέρω
1407 781 1795 858 πρ[ο]απεδόθη
1828 785 1854 836 ὁ

254 874 371 943 περὶ
423 873 607 923 τούτου
663 871 827 943 λόγος.
879 875 996 925 Εἴτε
1050 869 1138 924 οὖν
1201 877 1330 945 μετά
1382 879 1694 948 Γρηγορίου,
1756 878 1856 927 εἴτε

253 960 367 1030 μεθ’
413 960 523 1012 οἵου
575 957 771 1019 δήποτε
817 969 917 1014 τῶν
972 959 1301 1036 ἑτεροδόξων,
1330 964 1358 1021 ἠ
1395 968 1726 1024 συνεστίασις
1772 969 1856 1036 γέ-

252 1065 412 1120 γονεο
467 1055 710 1121 μετανοίᾳ
783 1050 1035 1122 ἀξιολόγῳ
1112 1054 1138 1104 ὁ
1194 1055 1547 1115 συνεστιαθεὶς
1611 1061 1704 1104 τοῦ
1767 1056 1853 1125 ἑγ-

252 1137 514 1210 κλήματος
563 1138 893 1212 ἀπολέλυται,
949 1142 1009 1193 ού
1083 1146 1236 1214 μόνον
1313 1145 1446 1217 πρὸς
1520 1147 1854 1195 συνεστίασιν

252 1235 353 1280 τῶν
402 1227 819 1300 πεφυλαγμένων,
878 1229 1006 1283 ἀλλὰ
1084 1236 1173 1283 καὶ
1235 1235 1366 1305 πρὸς
1438 1232 1500 1290 ἦν
1549 1231 1852 1294 ἠξιώθησαν

257 1318 557 1391 ἱερωσύνην.
590 1321 659 1370 Τό
715 1315 773 1370 δὲ
811 1322 995 1393 μέτρον
1051 1326 1146 1373 τοῦ
1203 1319 1467 1393 ἐπιτιμίου
1518 1321 1576 1373 ού
1631 1317 1851 1374 δυνατὸν

255 1410 553 1479 ὡρισμένως
595 1407 919 1474 ὑποϐάλλειν,
972 1405 1063 1461 διὰ
1128 1413 1385 1467 ποιότητα
1432 1412 1517 1462 καὶ
1566 1416 1850 1482 προσώπου

253 1500 341 1549 καὶ
398 1498 592 1568 τρόπου
624 1512 641 1527 ⁸
678 1498 812 1549 ὥστε
859 1496 910 1549 ἐν
970 1495 1178 1557 δυσὶνῆ
1229 1503 1375 1573 τρισὶ
1400 1507 1852 1573 τεσσαρακοσταίς

255 1584 530 1659 ἀρκεῖσθαι
558 1588 643 1638 τὸν
668 1587 1058 1659 ἐπιτιμηθέντα.

1963 518 2041 575 ab
2054 519 2400 575 orthodoxis
2413 521 2667 577 ordinati
2681 527 2900 588 sunt,et
2911 536 3105 592 neque
3117 519 3615 592 subscripserunt,

1962 622 2158 678 neque
2172 608 3333 675 communicarunt,sedduntaxatcibum
3347 623 3617 681 sumpse-

1962 701 2102 752 runt
2125 713 2261 752 cum
2294 699 2571 768 Gregorio
2600 698 2999 770 metropolita.

2033 787 2370 856 Responsio.
2404 819 2471 828 —
2494 788 2627 843 Jam
2651 788 2712 843 in
2751 787 3159 859 superioribus
3185 786 3259 844 de
3288 787 3401 842 ista
3428 801 3492 843 re
3520 786 3616 844 lex

1964 880 2048 930 est
2089 875 2322 931 tradita.
2369 876 2503 932 Sive
2553 877 2732 946 igitur
2757 893 2894 933 cum
2953 876 3255 947 Gregorio,
3305 877 3431 932 sive
3476 891 3614 933 cum

1964 964 2227 1035 quolibet
2270 981 2342 1020 ex
2370 965 2750 1021 heterodoxis
2798 966 2967 1021 cibus
3022 970 3301 1037 sumptus
3349 966 3463 1036 sit;
3511 966 3616 1038 qui

1964 1053 2305 1123 sumpserit,
2334 1069 2369 1109 a
2407 1055 2656 1110 crimine
2695 1070 2801 1126 per
2829 1054 3245 1126 paenitentiam
3282 1066 3616 1125 congruam

1963 1141 2231 1211 solvitur,
2275 1158 2398 1198 non
2444 1144 2626 1199 modo
2658 1148 2722 1200 ut
2759 1161 2895 1200 cum
2937 1145 3008 1200 iis
3063 1144 3169 1216 qui
3209 1160 3271 1200 se
3313 1144 3615 1200 immunes

1963 1229 2154 1302 culpae
2185 1240 2514 1298 servarunt,
2536 1233 2737 1289 cibum
2766 1238 2985 1300 sumat,
3014 1235 3121 1289 sed
3141 1233 3324 1289 etiam
3344 1236 3405 1289 ut
3424 1248 3615 1289 sacer-

1962 1319 2691 1391 dotioquoinsignitusest
2707 1322 3009 1393 fungatur.
3030 1323 3390 1379 Puenitentiae
3413 1326 3613 1378 autem

1961 1408 2214 1465 modum
2260 1409 2503 1467 deﬁnite
2553 1411 2869 1483 subjicere,
2913 1427 3036 1467 non
3086 1416 3174 1467 est
3211 1409 3495 1483 possibile
3533 1410 3613 1466 ob

1959 1497 2310 1569 qualitatem
2339 1516 2612 1572 personas
2641 1505 2699 1557 et
2722 1517 2961 1557 morum
2990 1517 3004 1556 :
3037 1501 3118 1557 ita
3148 1504 3212 1556 ut
3240 1499 3481 1556 duabus
3513 1499 3615 1556 tri-

1959 1585 2152 1644 busve
2230 1589 2709 1660 quadragesimis
2781 1588 3105 1647 multatum
3174 1588 3361 1645 fuisse
3444 1587 3614 1645 suﬂl-

1960 1676 2093 1731 ciat.

328 1762 678 1836 Ἐρώτησις
708 1764 804 1820 ΙΕ’.
851 1796 919 1809 --
954 1765 1079 1841 Περὶ
1110 1765 1473 1841 πρεσϐυτέρων
1517 1767 1704 1837 ὁμοίως
1748 1766 1845 1817 ὑπὸ

2031 1767 2429 1838 Interrogatio
2455 1770 2563 1824 XV.
2586 1799 2653 1809 —
2683 1770 2762 1824 De
2800 1767 3170 1840 presbyteris
3197 1767 3300 1839 qui
3341 1766 3613 1825 similiter

253 1849 547 1927 ὀρθοδόξων
600 1856 1089 1929 χειροτονηθέντων,
1140 1859 1230 1907 καὶ
1282 1856 1417 1907 κατά
1455 1856 1668 1926 ἄγνοιαν
1720 1874 1852 1925 συμ-

253 1945 516 2013 φαγόντων
568 1945 699 2011 μετά
762 1944 1123 2021 πρεσϐυτέρων
1174 1942 1508 2017 βεϐρωκότων
1573 1945 1705 2015 μετά
1759 1951 1852 1996 τοῦ

254 2031 415 2083 αὐτοῦ
445 2032 850 2104 μητροπολίτου.

325 2120 728 2194 Ἀπόκρισις.
758 2126 1145 2197 -Γέγραπται
1172 2138 1186 2153 ⁶
1222 2128 1350 2175 Πᾶν
1389 2125 1457 2174 τό
1496 2124 1553 2175 ἐν
1593 2120 1847 2193 ἀγνοίᾳ,

251 2212 622 2284 καθαρισθή
642 2230 845 2265 σεται.
872 2211 1028 2264 Ὥστε
1059 2211 1297 2284 ἀνένοχοί
1335 2211 1438 2264 εἰσι
1468 2213 1659 2273 παντὸς
1686 2213 1851 2263 ἐπιτι-

251 2304 396 2372 μίου.

318 2400 668 2473 Ἐρώτησις
709 2397 830 2470 Ις·’.
871 2428 938 2438 -
980 2402 1104 2473 Περὶ
1140 2397 1502 2473 πρεσϐυτέρων
1532 2394 1843 2472 ὁρθοδᾰξων,

251 2500 413 2567 ἤγουν
465 2495 773 2568 Ἰλαρίωνος,
820 2500 909 2549 καὶ
943 2495 1267 2570 Εύστρατίου
1299 2502 1539 2568 μοναχοῦ
1572 2512 1584 2525 ·
1619 2494 1679 2547 ἂν
1713 2498 1848 2568 ἔχω-

255 2605 336 2637 σιν
363 2584 605 2647 ἐξουσίαν
632 2592 722 2637 τοῡ
751 2580 961 2637 διδόναι
982 2583 1238 2656 ἐπιτίμια.

325 2674 720 2748 Ἀπόκρισις.
776 2704 846 2714 -
913 2678 1226 2746 Προείρηται
1278 2671 1372 2724 κάν
1420 2680 1526 2733 τοῖς
1586 2671 1840 2747 ἀνωτέρω,

250 2764 331 2815 ὅτι
374 2767 485 2834 χρὴ
546 2758 775 2817 διδόναι.
811 2758 1023 2820 Ἐπειδὴ
1055 2759 1113 2814 δὲ
1147 2760 1379 2834 ἐμφαίνει
1408 2763 1438 2819 ἡ
1487 2761 1767 2836 ἐρώτησις,
1802 2762 1845 2813 εἰ

252 2848 336 2927 δεῖ
363 2854 562 2904 καὶτὸν
592 2856 662 2923 μὴ
718 2853 910 2923 ἔχοντα
945 2854 1245 2924 ἱερωσύνην,
1299 2848 1511 2903 διδόναι
1539 2852 1675 2904 κατὰ
1718 2850 1844 2904 ἀπο-

248 2946 366 3015 ρίαν
412 2940 793 3016 πρεσϐυτέρων,
838 2946 928 2993 καὶ
969 2945 1151 2993 πίστιν
1208 2948 1300 2993 τοῦ
1352 2944 1699 3013 προσιόντος*
1748 2941 1842 2993 ούκ

246 3030 342 3093 ἔξω
388 3038 480 3082 τοῦ
533 3030 747 3097 εἰκότος,
803 3035 893 3083 καὶ
948 3033 1036 3083 τὸν
1094 3028 1267 3092 ἁπλῶς
1322 3033 1556 3103 μοναχὸν
1604 3031 1843 3104 ἐπιτίμια

247 3117 283 3172 δ
289 3116 345 3171 ιδ
350 3123 458 3171 οναι
473 3164 485 3177 .

313 3208 661 3284 Ἐρώτησις
690 3207 785 3263 ΙΖ’.
818 3239 885 3250 -
921 3214 1047 3281 Περὶ
1098 3209 1411 3281 μονάζοντος
1464 3215 1558 3261 τοῦ
1594 3208 1838 3270 λαϐόντος

240 3301 301 3351 τό
356 3300 488 3373 ἱερὸν
547 3306 742 3370 σχῆμα
771 3301 906 3351 κατὰ
947 3299 1162 3370 ἄγνοιαν
1202 3296 1304 3351 ἀπὸ
1338 3297 1691 3373 πρεσϐυτέρου
1722 3317 1837 3371 χει-

234 3390 604 3463 ροτονηθέντος
630 3390 729 3441 ὑπὸ
760 3389 1144 3460 καθῃρημένου.

310 3475 710 3549 Ἀπόκρισις.
766 3507 835 3517 —
887 3480 1108 3549 Εἴρηται
1157 3478 1206 3528 ἓν
1239 3475 1394 3550 ἑτέρῳ
1446 3475 1726 3548 κεφαλαίῳ,
1759 3476 1839 3528 ὅτι

238 3570 369 3619 Πᾶν
410 3569 478 3617 τὸ
530 3567 696 3618 κατὰ
742 3566 1034 3636 ἄγνοιαν,
1086 3566 1677 3640 καθαρισθήσεται.
1738 3570 1839 3618 Καὶ

236 3659 328 3707 ούκ
361 3653 472 3717 ἐξὸν
497 3653 910 3729 ἀποστρέφεσθαι
927 3658 1019 3713 τὴν
1042 3656 1173 3726 μετά
1192 3661 1281 3707 τοῦ
1308 3657 1542 3707 τοιούτου
1567 3658 1838 3706 συνεστία-

239 3763 341 3809 σιν,
398 3748 488 3795 καὶ
540 3746 623 3797 ἐπὶ
678 3743 841 3795 ἄλλων
895 3748 988 3802 τὴν
1017 3742 1284 3816 σύμϐασιν
1336 3746 1618 3796 ποιούντων
1646 3744 1838 3815 ὁμοίως

233 3838 321 3886 καὶ
356 3832 552 3905 φιλίαν.

300 3924 488 3976 Ταῦτά
547 3941 631 3974 σοι
677 3924 767 3993 μὲν
811 3924 878 3983 ὡς
929 3921 1202 3994 συμψύχῳ
1258 3925 1349 3974 καὶ
1394 3925 1642 3994 συμπόνῳ
1685 3924 1835 3993 ἡμεῖς

229 4014 377 4065 κατά
430 4015 488 4064 τὸ
523 4010 730 4084 ἐφικτόν
783 4010 1152 4083 ἀνεπτύξαμεν.
1213 4011 1381 4073 Αὐτὸς
1430 4008 1488 4063 δε
1544 4008 1835 4084 μεταδοίης

228 4098 481 4174 ἀσφαλῶς
528 4106 637 4163 τοῖς
684 4098 1074 4174 ἐπερωτάσασιν
1102 4096 1365 4172 ἀδελφοῖς.
1401 4099 1484 4151 Ού
1523 4102 1641 4171 γὰρ
1685 4102 1762 4152 πά
1784 4123 1835 4153 ν-

228 4210 354 4243 των
397 4191 426 4247 ἡ
469 4194 694 4249 πίστις
712 4206 724 4219 ⁸
760 4184 882 4241 οὐδὲ
908 4188 1113 4251 πολλοῖς
1144 4188 1501 4262 ἐκπέφρασται
1521 4190 1587 4241 τὰ
1615 4186 1797 4242 τοιάδε
1817 4207 1829 4219 ·

232 4281 291 4332 ού
342 4283 500 4352 μόνον
555 4274 649 4331 διὰ
676 4283 769 4337 τὴν
817 4279 993 4330 ἄνοιαν
1022 4287 1121 4330 τῶν
1158 4276 1548 4349 ἀνομησάντων,
1586 4276 1717 4331 ἀλλά
1743 4284 1834 4332 καὶ

235 4366 330 4422 διά
380 4371 502 4429 τοὺς
545 4370 869 4442 πειρασμοὺς
903 4376 1002 4418 τῶν
1054 4369 1398 4441 κρατούντων.
1458 4366 1605 4421 Ἀνθ’
1656 4368 1722 4419 ὧν
1774 4364 1832 4420 δε

234 4461 282 4511 οἱ
337 4455 711 4511 εὖλαϐέστατοι
763 4455 1149 4509 ἀπεστάλκασιν
1199 4455 1500 4508 ἀποστόλων
1530 4455 1726 4508 πολλῶν
1778 4476 1832 4510 τε
1863 4488 1907 4543 D

233 4553 322 4600 καὶ
378 4545 569 4613 καλῶν,
625 4544 922 4617 ἀμείψοιντο
973 4547 1116 4617 παρά
1168 4552 1301 4597 Θεοῦ
1332 4550 1426 4603 τὴν
1481 4543 1627 4607 ἀξίαν
1673 4548 1829 4617 μισθ-

232 4634 550 4701 αποδοσίαν,
584 4639 671 4687 καὶ
700 4632 828 4687 τάδε
854 4631 950 4687 δύο
979 4633 1306 4707 μαλακίσκια
1332 4634 1403 4696 εἰς
1429 4633 1711 4707 ὑπόμνημα
1742 4656 1829 4708 φι-

233 4725 370 4788 λίας.
406 4724 672 4799 Ἔρρωσθε
720 4723 766 4776 ἐν
804 4729 1001 4798 Κυρίῳ,
1041 4743 1366 4796 τιμιώτατοι,
1414 4729 1828 4797 προσευχόμενοι

233 4817 356 4890 ὑπὲρ
410 4816 554 4886 ἡμῶν
607 4821 705 4865 τῶν
772 4812 1087 4887 ἁμαρτωλῶν
1160 4815 1237 4864 τὰ
1288 4816 1650 4887 κρείττονα,
1717 4818 1825 4867 καὶ

233 4903 518 4977 ἐχόμενα
557 4907 901 4978 σωτηρίας.

398 5090 538 5165 ΣΙς¹
560 5090 697 5163 (12).
722 5120 791 5133 --
824 5090 1082 5161 Ἰωάννη
1124 5087 1430 5161 κληρικῷ.
1467 5088 1671 5163 [ωμγ¹.]

1961 1854 2039 1911 ab
2084 1855 2434 1912 orthodoxis
2465 1857 2723 1913 ordinati
2763 1863 2919 1927 sunt,
2961 1873 3033 1913 ac
3075 1872 3182 1929 per
3210 1856 3613 1927 ignorantiam

1960 1944 2159 1999 cibum
2184 1951 2721 2017 sumpseruntcum
2736 1946 3100 2019 presbyteris
3117 1945 3225 2019 qui
3245 1961 3385 2002 cum
3397 1944 3613 2001 eodem

1959 2034 2339 2105 metropolita
2367 2035 2569 2090 cibum
2602 2040 3002 2107 sumpserant.

2028 2124 2370 2191 Responsio.
2395 2155 2463 2165 -
2495 2125 2786 2197 Scriptum
2810 2128 2931 2181 est:
2965 2125 3149 2181 Omne
3177 2124 3337 2196 quod
3354 2123 3417 2180 in
3442 2123 3608 2196 igno-

1957 2211 2179 2275 rantia,
2228 2213 2699 2270 mandabitur“.
2744 2213 3035 2282 Quocirca
3062 2212 3208 2270 nulli
3241 2228 3437 2285 poenas
3469 2216 3613 2269 sunt

1957 2298 2222 2355 obnoxﬁ.

2026 2406 2427 2478 Interrogatio
2456 2411 2589 2465 XVI.
2632 2439 2701 2451 —-
2729 2410 2810 2465 De
2840 2408 3207 2483 presbyteris
3236 2407 3607 2477 orthodoxis,

1953 2502 2100 2568 puta
2128 2496 2442 2563 Hilarione,
2477 2503 2533 2552 et
2563 2497 2857 2554 Eustratio
2888 2498 3189 2555 monacho
3223 2514 3236 2553 :
3264 2496 3609 2554 habeantne

1954 2590 2312 2656 potestatem
2336 2586 2688 2659 injungendi
2721 2586 3127 2659 poenitentias.

2022 2675 2363 2743 Responsio.
2390 2705 2459 2716 —
2478 2678 2608 2731 Iam
2628 2676 2855 2731 dictum
2882 2681 2967 2732 est
2997 2681 3053 2732 et
3074 2675 3134 2730 in
3168 2673 3601 2747 superioribus,

1952 2762 2185 2834 injungi
2210 2769 2507 2835 oportere.
2532 2765 2682 2831 Quia
2710 2780 2852 2821 vero
2874 2764 3070 2820 innuit
3095 2763 3497 2833 interrogatio,
3524 2778 3604 2820 an

1952 2854 2054 2925 qui
2086 2853 2368 2909 sacerdos
2418 2869 2540 2910 non
2572 2858 2678 2919 est,
2709 2854 2945 2918 debeat,
2988 2853 3091 2909 ubi
3122 2852 3451 2926 presbyteri
3480 2867 3605 2909 non

1952 2946 2110 3007 sunt,
2139 2942 2451 3014 iniungere
2478 2949 2721 3015 propter
2750 2942 2934 2999 ﬁdem
2962 2941 3301 2998 accedentis
3336 2959 3349 2997 :
3391 2945 3607 3013 praeter

1949 3030 2040 3087 fas
2068 3047 2190 3087 non
2221 3036 2310 3088 est
2340 3035 2403 3088 ut
2432 3032 2524 3087 vel
2554 3032 2808 3103 simplex
2844 3030 3182 3088 monachus
3218 3030 3604 3103 poenitentias

1877 3134 1918 3193 ρ
1950 3120 2240 3192 imponat.

2019 3210 2418 3280 Interrogatio
2446 3211 2600 3265 XVII.
2634 3241 2703 3249 —
2728 3209 2807 3265 De
2833 3208 3135 3265 monacho
3161 3209 3265 3282 qui
3295 3224 3401 3281 per
3428 3209 3602 3279 igno-

1946 3300 2203 3355 rantiam
2235 3314 2473 3355 sacrum
2504 3298 2777 3355 habitum
2799 3299 3025 3371 accepit
3048 3314 3082 3354 a
3112 3298 3464 3371 presbytero
3493 3312 3602 3371 per

1948 3387 2287 3459 depositum
2314 3389 2612 3445 ordinato.

2018 3478 2357 3546 Responsio.
2391 3508 2458 3517 —
2502 3478 2567 3532 In
2593 3476 2710 3533 alio
2748 3477 2939 3548 capite
2970 3476 3200 3533 dictum
3228 3480 3356 3535 est:
3412 3476 3598 3534 Omne

1947 3567 2105 3636 quod
2123 3581 2231 3635 per
2249 3565 2674 3635 ignorantiam,
2699 3565 3110 3622 mandabitur.
3139 3567 3255 3621 Nec
3276 3565 3410 3621 licet
3430 3581 3597 3623 aver-

1947 3656 2064 3710 sari
2120 3670 2505 3711 communem
2569 3671 2708 3710 cum
2766 3654 2878 3709 isto
2922 3653 3144 3721 cibum,
3216 3669 3410 3727 neque
3478 3653 3597 3711 alia

1946 3744 2214 3800 similiter
2294 3760 2430 3817 quae
2512 3743 2900 3801 concordiam
2969 3749 3027 3800 et
3102 3743 3439 3801 amicitiam
3507 3743 3594 3800 fo-

1944 3841 2101 3889 vent.

2013 3928 2202 3996 Atque
2231 3922 2358 3978 haec
2387 3922 2633 3993 quidem
2662 3922 2766 3977 tibi
2794 3926 3083 3993 tanquam
3124 3920 3395 3979 unanimi
3425 3926 3482 3978 et
3506 3921 3592 3979 la-

1942 4013 2159 4071 borum
2190 4013 2353 4068 socio
2383 4027 2494 4066 nos
2515 4026 2631 4083 .pro
2652 4010 2878 4065 viribus
2904 4010 3321 4082 explicuimus.
3353 4013 3435 4066 Tu
3452 4026 3593 4068 vero

1942 4118 2014 4157 ea
2069 4105 2238 4157 caute
2283 4100 2498 4156 tradito
2556 4099 2839 4156 fratribus
2892 4100 2996 4171 qui
3054 4098 3590 4169 interrogaverunt.

1941 4192 2074 4247 Non
2102 4190 2253 4246 enim
2280 4192 2542 4245 omnium
2565 4196 2644 4245 est
2672 4188 2876 4257 ﬁdes”
2902 4205 2914 4243 :
2943 4202 3139 4260 neque
3168 4187 3299 4243 haec
3319 4188 3594 4260 exposita

1941 4287 2079 4335 sunt
2100 4278 2301 4334 multis
2326 4298 2338 4337 :
2374 4293 2495 4333 non
2518 4277 2701 4333 modo
2729 4283 2969 4349 propter
2991 4276 3361 4333 dementiam
3377 4293 3590 4335 eorum

1940 4370 2043 4441 qui
2101 4368 2508 4440 deliquerunt;
2562 4367 2668 4422 sed
2721 4368 2895 4421 etiam
2941 4371 3183 4438 propter
3234 4366 3591 4423 tentationes

1940 4474 2146 4514 eorum
2178 4458 2280 4531 qui
2307 4456 2712 4512 dominantur.
2742 4457 2851 4511 Pro
2878 4455 2947 4510 iis
2980 4461 3181 4511 autem
3212 4455 3410 4511 multis
3432 4471 3585 4527 pra:-

1941 4546 2240 4619 clarisque
2286 4544 2635 4600 muneribus
2665 4559 2795 4614 quae
2838 4543 3266 4614 religiosissimi
3308 4543 3586 4599 homines

1940 4637 2252 4700 miserunt,
2298 4634 2546 4705 dignam
2595 4649 2631 4688 a
2682 4634 2801 4688 Deo
2853 4634 3398 4689 remunerationem
3440 4633 3591 4689 acci-

1940 4726 2124 4797 piant,
2158 4727 2213 4780 et
2255 4724 2365 4778 has
2391 4724 2541 4778 duas
2591 4722 2901 4794 sportellas
2945 4722 3006 4776 in
3052 4723 3327 4777 amicitiae
3369 4738 3589 4777 monu-

1942 4818 2232 4869 mentum.
2280 4812 2477 4869 Valete
2520 4814 2579 4867 in
2608 4812 2882 4877 Domino,
2929 4810 3432 4877 reverendissimi,
3478 4825 3587 4882 pro

1936 4903 2111 4958 nobis
2140 4901 2553 4975 peccatoribus
2584 4906 2896 4974 precantes
2934 4901 3185 4957 meliora
3217 4906 3269 4958 et
3296 4899 3587 4957 viciniora

1932 4990 2119 5049 saluti
2137 4992 2210 5048 1⁸.

2351 5081 2569 5137 CCXVI.
2601 5107 2666 5120 --
2691 5079 2918 5136 Joanni
2945 5076 3180 5135 clerico.

886 5203 1069 5254 Potius
1094 5217 1203 5253 non
1232 5218 1452 5267 peccare
1486 5208 1652 5267 curet,
1686 5219 1849 5269 quam
1881 5205 2055 5270 qualis
2080 5217 2241 5269 paena
2269 5206 2487 5269 peccato
2524 5204 2809 5255 statuenda
2846 5203 2930 5253 sit.

305 5306 381 5357 Τὸ
435 5306 523 5375 μὲν
568 5310 658 5365 τῆς
709 5302 914 5376 ἀγάπης
966 5321 1061 5356 σου
1095 5298 1261 5376 δῶρον
1294 5300 1671 5376 ἀπεδεξάμεθα,
1720 5303 1829 5377 φίλε

313 5447 362 5482 ¹⁶
392 5445 569 5504 Levit.
598 5463 677 5514 1v,
706 5450 760 5503 2.
839 5447 882 5483 ³⁷
915 5448 958 5503 II
980 5446 1181 5504 Thess.
1209 5463 1288 5514 ιιι,
1311 5451 1365 5503 2.
1442 5449 1490 5485 ³³
1515 5447 1688 5506 Hebr.
1719 5465 1794 5517 vi,
1826 5453 1878 5505 9.

2011 5303 2347 5361 Dilectionis
2374 5306 2491 5359 tuae
2521 5318 2742 5359 munus
2778 5301 3147 5375 accepimus,
3177 5303 3368 5359 amice
3397 5302 3585 5360 since-

1792 5548 2014 5605 NOTAE.

297 5616 408 5680 (12)
438 5615 505 5675 In
537 5616 671 5675 cod.
704 5618 846 5689 Reg.
879 5616 1005 5672 σιθ’.
