4058 6274
447 275 586 332 1655

1710 267 1770 323 S.
1809 267 1898 322 ΤΗ
1908 263 2170 322 EODOBI
2210 263 2537 321 STUDITE

3669 263 3811 318 1656

440 397 695 456 rissime.
724 396 813 453 Ad
837 393 1367 465 interrogationem
1396 408 1540 450 vero
1569 396 1759 458 tuam,
1787 407 1910 464 qua
1943 390 2098 446 scire

2219 394 2557 462 γνησιώτατε.
2623 388 2692 441 Τὸ
2752 383 2812 441 δὲ
2858 389 3059 457 αἴτημα
3103 386 3225 460 ὅπερ
3284 386 3397 459 (42)
3454 386 3639 461 ᾐτήσω
3674 389 3815 462 πρὸς

444 503 604 554 aves,
631 503 767 560 quae
815 501 996 558 paena
1046 485 1121 540 sit
1148 483 1389 550 luenda,
1423 484 1472 538 si
1522 481 1833 552 contigerit
1868 485 1922 536 te
1963 496 2102 536 cum

443 576 734 634 haereticis
783 575 1118 640 convivari;
1153 574 1264 629 hoc
1301 573 1776 645 respondemus:
1825 569 1886 626 in
1937 569 2103 625 omni

445 665 690 740 quidem
715 671 958 736 peccato
971 668 1244 735 paratam
1257 678 1387 718 esse
1410 662 1646 717 veniam
1667 660 1895 716 idoneae
1920 659 2104 730 poeni-

449 755 644 811 tentiae
678 769 690 805 :
722 757 1004 809 caeterum
1034 757 1169 808 ante
1211 755 1526 822 peccatum
1553 765 1796 822 poenam
1846 753 2103 804 statuere

446 858 570 899 non
598 842 793 912 licere,
825 841 1172 914 peccatique
1207 841 1460 911 januam
1490 839 1604 893 hoc
1635 837 1818 893 modo
1850 841 2102 910 aperire.

447 934 649 1004 Neque
678 929 836 986 enim
882 931 930 985 si
974 930 1339 1001 perconteris
1374 951 1386 982 :
1423 929 1479 985 Si
1527 927 1863 983 moechatus
1914 925 2101 991 fuero,

448 1020 616 1094 quod
641 1019 847 1089 nolim,
861 1033 1143 1092 quaenam
1159 1018 1266 1074 erit
1282 1016 1502 1090 paena?
1516 1019 1589 1072 de
1602 1016 1717 1072 hac
1738 1015 2104 1088 respondere

450 1109 643 1167 debeo
676 1124 688 1166 :
725 1108 987 1164 incitatio
1013 1109 1174 1165 enim
1201 1113 1289 1164 est
1318 1108 1395 1164 ad
1438 1105 1834 1179 peccandum.
1884 1105 1997 1162 Sed
2022 1107 2106 1162 ita

449 1197 940 1271 respondendum
971 1201 1102 1254 est:
1151 1198 1299 1253 Cave
1343 1211 1416 1251 ne
1449 1200 1758 1267 peccatum
1801 1193 2102 1260 admittas,

451 1287 743 1361 pedemve
775 1286 852 1342 ad
873 1285 1136 1359 lapidem
1170 1285 1465 1352 offendas,
1495 1284 1617 1340 sive
1637 1283 1958 1349 intellectu,
1983 1284 2102 1339 sive

453 1392 660 1434 sensu.
710 1375 817 1433 Ubi
848 1379 1048 1433 autem
1079 1374 1415 1440 offenderis,
1450 1380 1592 1431 tunc
1643 1373 1912 1429 medicus
1937 1373 2106 1429 obse-

451 1467 638 1522 cranti
663 1470 717 1522 et
746 1463 1054 1537 pmnitenti
1080 1464 1364 1520 idoneum
1396 1464 1474 1520 ad
1506 1464 1882 1519 sanationem
1916 1478 2100 1518 reme-

449 1554 620 1613 dium
661 1553 990 1612 adhibebit.
1030 1554 1165 1610 Haac
1207 1554 1311 1610 tibi
1340 1569 1567 1624 magna
1613 1569 1752 1609 cum
1781 1552 2106 1608 attentione

451 1644 686 1718 scripsi,
743 1659 946 1710 orans,
994 1644 1230 1710 dilecte,
1272 1648 1336 1700 ut
1375 1643 1452 1700 ab
1487 1643 1653 1700 omni
1687 1643 1848 1699 malo
1891 1641 2106 1698 libere-

455 1749 558 1792 1‘18.

750 1859 990 1916 ccxvn.
1023 1889 1092 1900 —
1129 1858 1440 1916 Thomaidi
1467 1858 1692 1929 virgini
1720 1857 1806 1930 (').

2213 482 2291 544 τὸ,
2345 477 2429 530 ἐὰν
2478 479 2652 551 φθάσῃ
2715 479 3118 536 συνεστιαθῆναι
3175 478 3472 549 αἱρετικῶς,
3525 473 3809 529 εἰδέναιτό

2215 568 2496 639 ἐπιτίμιον,
2550 565 2707 619 ἐκεῖνο
2762 566 2990 638 λέγομεν,
3048 567 3128 618 ὄτι
3181 565 3266 619 ἐπὶ
3323 569 3509 628 παντὸς
3571 563 3812 640 ἁμαρτή-

2214 677 2378 730 ματος
2434 658 2464 715 ἡ
2519 655 2780 727 ἀξιόλογος
2826 658 3070 728 μετάνοια
3120 660 3213 714 τὴν
3263 661 3613 729 συγχώρησιν
3646 659 3760 728 ἔχει
3795 675 3808 688 ο

2215 747 2274 799 ού
2327 751 2429 818 μὴν
2471 750 2571 821 πρό
2610 753 2701 798 τοῦ
2759 745 3132 819 ἁμαρτήματος
3187 745 3384 808 ἔξεστιν
3441 747 3682 817 ἐπιτίμια
3735 765 3816 797 τις

2218 839 2375 903 θέναι,
2436 840 2524 888 καὶ
2571 834 2793 906 ἀνοίγειν
2843 834 3064 888 ἐντεῦθεν
3116 839 3209 894 τὴν
3265 837 3424 910 θύραν
3479 843 3575 896 τῆς
3644 834 3817 907 ἁμαρ-

2212 929 2353 987 τίας.
2417 923 2557 978 Οὐδὲ
2603 927 2705 999 γὰρ
2738 925 2821 977 ἐὰν
2855 925 3123 998 ἐρωτήσῃς
3157 924 3251 978 Ἐἰ
3280 926 3465 997 φθάσω
3503 931 3810 999 πορνεῦσαι,

2214 1017 2282 1076 ὡς
2329 1013 2386 1066 ού
2444 1013 2726 1087 βούλομαι,
2763 1017 2901 1066 τίτὸ
2932 1013 3187 1086 ἐπιτίμιον
3222 1030 3236 1080 ;
3267 1019 3376 1087 χρή
3419 1033 3480 1082 με
3525 1012 3818 1087 ἀποκριθῆ-

2212 1108 2298 1155 ναί
2330 1124 2413 1156 σοι
2453 1101 2574 1156 τόδε
2613 1121 2625 1134 ’
2669 1107 2936 1176 προτροπὴ
2980 1105 3082 1178 γὰρ
3127 1108 3324 1176 γίνεται
3376 1110 3468 1156 τοῦ
3528 1104 3808 1178 ἁμαρτεῖν.

2213 1179 2374 1246 Ἀλλὰ
2419 1200 2572 1245 τοῦτο
2615 1193 2920 1266 ἀποκριτέον
2945 1212 2957 1226 ·
2992 1196 3078 1251 Μὴ
3129 1200 3351 1252 ποιῆσαι
3393 1197 3487 1250 τὴν
3524 1192 3813 1264 ἁμαρτίαν,

2216 1277 2353 1354 μηδὲ
2409 1281 2711 1354 προσκόψαι
2763 1284 2888 1353 πρὸς
2932 1280 3072 1333 λίθον
3124 1283 3209 1333 τὸν
3241 1277 3402 1346 πόδα,
3453 1284 3544 1334 καὶ
3596 1288 3814 1345 νοητῶς,

2213 1376 2304 1424 καὶ
2334 1371 2620 1434 αἰσθητῶς.
2645 1371 2806 1424 Ὅταν
2837 1368 2896 1424 δὲ
2925 1370 3252 1445 προσκόψῃς,
3287 1375 3401 1424 τότε
3439 1372 3464 1422 ό
3509 1370 3684 1442 ἰατρὸς
3713 1389 3824 1422 πα-

2215 1461 2526 1535 ρακαλοῦντι
2580 1465 2670 1513 καὶ
2715 1467 3052 1533 μετανοοῦντι
3109 1456 3390 1512 ἐπιδίόωσι
3451 1462 3507 1512 τὸ
3568 1462 3823 1532 θεραπευ-

2216 1554 2358 1601 τικὸν
2407 1553 2558 1624 ἴαμα,
2595 1551 2774 1603 Ταῦτά
2819 1569 2899 1603 σοι
2946 1553 3182 1624 γέγραφα
3214 1552 3306 1602 σὺν
3348 1548 3508 1623 πολλῇ
3538 1555 3824 1625 προσοχῇ,

2218 1637 2492 1711 εὐχόμενος
2553 1640 2815 1715 ῥυσθῆναί
2879 1657 2956 1703 σε,
3039 1638 3358 1710 ἡγαπημένε,
3425 1637 3526 1690 ἀπὸ
3621 1640 3824 1699 παντὸς

2216 1748 2402 1784 κακου.

2289 1853 2406 1908 ΣΙΖ¹
2429 1853 2565 1925 (13).
2587 1884 2656 1893 —
2683 1849 2984 1926 Θωμαῖδι
3014 1853 3521 1928 παρθενευούσῃ.
3541 1851 3743 1926 [ωμζ’.]

1336 1976 1408 2025 De
1430 1988 1492 2024 eo
1527 1974 1670 2039 quod
1701 1984 2044 2038 nequaquam
2080 1970 2237 2022 latria
2264 1969 2457 2021 colitur
2488 1971 2666 2034 imago
2696 1969 2927 2019 Domini.

523 2063 997 2138 Propositionem
1052 2065 1396 2121 reverentiae
1448 2069 1586 2130 tuae,
1643 2079 1713 2119 ex
1771 2063 1905 2118 viva
1963 2077 2110 2118 voce

451 2153 788 2213 admodum
813 2153 1151 2210 honorandi
1177 2153 1405 2210 domini
1433 2153 1712 2210 archiatri
1738 2153 1912 2209 laetus
1947 2168 2110 2208 acce-

451 2245 534 2318 pi,
569 2248 771 2316 utpote
792 2259 827 2299 a
856 2244 1197 2316 propinquo
1231 2244 1452 2316 Deique
1483 2250 1724 2300 amante
1750 2242 2106 2315 expositam.

452 2336 569 2390 Nec
596 2347 810 2389 recuso
836 2331 924 2388 vel
957 2347 993 2387 a
1012 2331 1235 2388 femina
1251 2331 1481 2388 discere
1495 2333 1793 2389 interdum
1823 2331 1990 2404 quod
2015 2346 2110 2386 me

451 2421 612 2478 latet.
637 2426 908 2478 Attamen
925 2421 1000 2477 de
1026 2421 1511 2478 venerandarum
1533 2423 1864 2492 imaginum
1899 2422 2112 2477 adora-

451 2511 632 2574 tioue,
675 2509 872 2582 qualis
912 2525 1042 2566 esse
1084 2510 1321 2577 debeat,
1358 2511 1667 2582 ignorasse
1696 2527 1816 2566 non
1865 2511 2100 2570 videor.

450 2602 569 2656 Nos
599 2599 820 2672 itaque,
847 2599 1366 2666 reverendissima,
1401 2605 1463 2655 ut
1493 2599 1567 2654 de
1597 2599 1727 2656 aliis
1757 2599 1815 2654 in
1845 2617 2111 2671 praesens

450 2688 647 2744 dicere
699 2688 1000 2753 omittam,
1059 2689 1388 2758 imaginem
1440 2689 1677 2744 Domini
1732 2690 1918 2745 nostri
1967 2691 2110 2745 Jesu

455 2775 665 2833 Christi
697 2776 780 2832 sic
805 2775 1154 2844 adoramus,
1175 2781 1238 2832 ut
1265 2777 1466 2848 ipsum
1493 2777 1812 2834 Dominum
1835 2785 2107 2835 nostrum

452 2867 658 2921 Jesum
688 2864 1003 2921 Christum.
1041 2867 1159 2921 Hoc
1197 2870 1421 2932 autem,
1472 2866 1658 2934 Sicut,
1706 2867 2108 2923 similitudinis

454 2958 560 3021 est,
582 2969 704 3010 non
721 2953 1192 3011 conﬁrmationis
1219 2974 1231 3013 :
1262 2954 1548 3027 alioquin,
1577 2971 1701 3011 non
1725 2956 1926 3026 imago
1952 2957 2108 3012 Chri-
2143 2925 2183 2981 Ο

455 3043 546 3108 sti,
581 3042 685 3099 sed
717 3042 979 3099 Christus
1016 3043 1143 3116 ipse
1173 3049 1347 3100 esset.
1381 3048 1451 3100 At
1482 3061 1622 3101 vero
1661 3045 1863 3116 imago
1895 3047 2109 3103 Christi

448 3137 567 3189 est:
593 3138 648 3188 et
675 3131 770 3188 ille
802 3132 863 3186 in
885 3148 991 3188 sua
1017 3133 1280 3202 imagine
1302 3133 1588 3189 adoratus
1607 3139 1714 3199 est,
1737 3140 1792 3190 et
1813 3142 2105 3207 tanquam

450 3221 705 3278 alterum
748 3220 808 3276 in
837 3221 1026 3277 altero
1074 3225 1162 3277 est
1201 3227 1500 3278 ostensus.
1533 3222 1624 3279 Ait
1654 3224 1814 3279 enim
1862 3225 2107 3297 Chryso-

450 3311 742 3368 stomus‘9
773 3327 785 3365 :
826 3330 854 3363 (ι
901 3310 1037 3365 Vidi
1069 3310 1353 3379 angelum
1386 3313 1443 3366 in
1477 3311 1738 3381 imagine
1773 3329 1785 3366 :
1817 3333 1844 3365 »
1893 3320 1948 3369 et
1974 3317 2109 3370 Gre-

451 3399 655 3471 gorius
678 3399 1012 3469 Theologus
1043 3401 1342 3454 rursum"
1377 3418 1388 3456 :
1419 3421 1447 3452 «
1475 3403 1633 3455 Hanc
1665 3407 1865 3456 autem
1888 3403 2107 3458 intente

451 3487 858 3561 prospiciebat
888 3487 1175 3544 Polemon
1197 3489 1257 3544 in
1280 3488 1560 3560 imagine.
1599 3512 1620 3539 ι
1654 3491 1836 3563 Igitur
1859 3497 1914 3547 et
1944 3493 2109 3548 Chri-

453 3581 578 3634 stus
611 3577 670 3630 in
710 3592 781 3632 ea
819 3577 1085 3646 imagine
1117 3578 1376 3632 cernitur
1420 3583 1476 3634 et
1520 3579 1804 3634 adoratur
1836 3595 1849 3632 :
1901 3596 2105 3637 verum

455 3665 563 3722 etsi
593 3681 698 3737 per
725 3665 1208 3732 similitudinem;
1249 3682 1372 3722 non
1395 3672 1591 3723 tamen
1624 3668 1779 3731 ideo,
1814 3671 1956 3740 quia
1981 3670 2108 3742 ipse

451 3755 736 3810 adoratur
761 3761 818 3810 et
837 3755 963 3826 ipse
989 3754 1161 3810 latria
1188 3755 1416 3823 colitur,
1440 3757 1644 3826 imago
1664 3757 1835 3813 latria
1858 3758 2110 3816 colenda

451 3846 541 3899 est
570 3860 584 3896 :
619 3842 919 3916 siquidem
952 3842 1183 3898 nullum
1215 3843 1364 3899 foret
1395 3845 1714 3901 discrimen
1750 3846 2032 3916 imaginis
2055 3854 2111 3904 et

447 3931 770 4005 prototypi.
803 3931 1009 4003 itaque
1039 3931 1167 3987 haec
1202 3939 1340 3988 sunt
1365 3933 1507 4000 duo,
1540 3936 1810 3992 essentiaa
1838 3936 2111 3993 diﬂeren-

450 4022 553 4088 tia,
587 4021 691 4077 sed
729 4036 854 4077 non
902 4021 1247 4093 hypostasis
1283 4022 1690 4080 similitudine.
1739 4025 1827 4080 Ad
1857 4026 2004 4092 haec,
2063 4027 2111 4082 si

452 4109 581 4167 sola
609 4110 862 4167 Trinitas
892 4109 1067 4166 latria
1095 4110 1322 4177 colitur,
1359 4128 1481 4184 quo
1513 4120 1689 4184 pacto
1721 4121 1901 4185 queat
1927 4116 2110 4171 etiam

449 4199 652 4269 imago
676 4198 850 4255 latria
870 4199 983 4255 coli
1005 4198 1031 4244 ?
1069 4201 1439 4273 quaternitas
1466 4203 1624 4258 enim
1658 4203 1813 4259 facta
1863 4206 2112 4260 Trinitas

449 4265 802 4354 invenietur,
835 4265 1138 4346 additione
1179 4296 1480 4363 suscepta,
1524 4293 1688 4365 quod
1720 4293 1976 4365 impium
2003 4299 2110 4349 est.
2145 4265 2192 4320 D

454 4376 624 4443 Quod
654 4375 704 4431 si
723 4377 965 4450 proprie
988 4394 1058 4434 ac
1081 4379 1460 4450 peculiariter
1474 4381 1658 4438 habet
1682 4383 1883 4453 imago
1904 4379 2114 4439 Christi

452 4470 516 4522 ut
542 4465 716 4524 latria
760 4467 1013 4524 colenda
1038 4469 1141 4534 sit;
1176 4469 1290 4525 hoc
1321 4471 1497 4527 etiam
1527 4472 1712 4527 modo
1763 4472 1952 4527 latriae
1977 4473 2111 4528 duae

451 4555 864 4628 deprehensae,
887 4557 966 4613 ad
982 4564 1267 4614 creaturae
1287 4561 1512 4615 cultum
1538 4577 1647 4616 nos
1671 4561 1789 4616 add
1801 4567 1993 4627 ucent,
2018 4578 2114 4633 pe-

452 4644 623 4701 rinde
672 4662 740 4701 ac
781 4647 1023 4702 haeresis
1056 4647 1435 4704 Arianorum.
1485 4649 1598 4706 Sed
1630 4665 1824 4721 apage
1858 4651 2113 4723 impium

455 4749 718 4790 sensum.
746 4737 822 4790 Te
837 4750 977 4790 vero
1000 4737 1198 4791 bonus
1228 4739 1378 4792 Deus
1401 4743 1599 4792 noster
1624 4746 1817 4794 servet
1840 4739 2107 4806 illaesam,

455 4828 510 4879 et
540 4822 667 4878 sine
696 4821 1045 4889 offensione,
1089 4829 1214 4880 tum
1244 4825 1302 4879 in
1335 4825 1672 4881 orthodoxa
1713 4827 1855 4896 ﬁde,
1889 4833 2017 4883 tum
2049 4830 2109 4883 id

454 4910 710 4968 honesta
747 4912 882 4967 vitae
927 4911 1290 4979 conditione,
1340 4929 1526 4984 quam
1566 4929 1672 4986 per
1710 4915 2106 4987 virginitatem

455 4999 706 5070 elegisti,
739 5005 799 5057 ut
825 5000 1067 5074 placeas
1103 5001 1378 5059 Domino.
1866 5017 1876 5023 ·

2292 2068 2601 2136 Περιχαρώς
2648 2057 2907 2132 ἐδεξάμην
2951 2063 3043 2118 τὴν
3086 2062 3342 2136 πρότασιν
3382 2067 3476 2122 τῆς
3518 2063 3827 2132 τιμιότητός

2221 2169 2336 2218 σου,
2389 2146 2483 2202 διὰ
2531 2157 2700 2220 φωνῆς
2749 2149 2922 2210 ζώσης
2968 2155 3060 2201 τοῦ
3091 2149 3375 2222 ὑπερτίμου
3406 2153 3589 2224 κυρίου
3623 2147 3828 2222 ἀρχιή-

2218 2260 2365 2314 τρου,
2423 2239 2513 2292 ἅτε
2554 2241 2697 2312 παρὰ
2762 2245 3040 2310 συγγενοῦς
3105 2242 3194 2291 καὶ
3248 2237 3507 2311 θεοφιλοῦς
3571 2258 3827 2314 προσφω-

2217 2332 2481 2388 νηθείσης.
2554 2333 2653 2382 Καὶ
2695 2328 2788 2380 οῦκ
2830 2326 3180 2400 ἀπαναίνομαι
3231 2333 3320 2380 καὶ
3367 2330 3511 2403 παρὰ
3567 2331 3822 2400 γυναικὸς

2219 2421 2490 2492 μανθάνειν
2521 2417 2632 2471 ἔσθ’
2662 2419 2744 2470 ὅτε
2791 2420 2849 2469 τὸ
2896 2418 3162 2470 λανθάνον.
3205 2416 3280 2470 Οὐ
3327 2421 3430 2490 μὴν
3462 2413 3600 2470 δοκῶ
3629 2419 3825 2489 ἠγνοη-

2218 2512 2361 2561 κέναι
2412 2512 2506 2566 τήν
2556 2511 2672 2581 περὶ
2729 2515 2826 2560 τῶν
2877 2515 3074 2560 σεπτῶν
3150 2507 3355 2560 εἰκόνων
3433 2510 3819 2585 προσκύνησιν,

2219 2599 2353 2658 ὅπως
2399 2595 2586 2669 ὀφείλει
2643 2592 2790 2648 εἶναι.
2829 2595 3002 2667 Ἡμεῖς
3056 2603 3352 2671 τοιγαροῦν,
3405 2592 3444 2646 ὦ
3497 2598 3817 2668 τιμιωτάτη,

2221 2688 2303 2738 ἳνα
2357 2690 2474 2758 περὶ
2529 2693 2627 2736 τῶν
2676 2683 2838 2737 ἄλλων
2877 2687 3014 2737 ἐάσω
3064 2687 3120 2737 τὸ
3168 2688 3331 2758 παρὸν
3387 2684 3567 2758 λέγειν,
3616 2689 3709 2745 τὴν
3749 2686 3820 2739 εἰ-

2217 2780 2343 2828 κόνα
2397 2783 2488 2827 τοῦ
2517 2776 2714 2850 Κυρίου
2771 2776 2913 2847 ἡμῶν
2946 2773 3123 2832 Ἰησοῦ
3159 2781 3393 2848 Χριστοῦ
3443 2776 3608 2837 οὕτως
3651 2795 3817 2850 προσ-

2217 2870 2482 2936 κυνοῦμεν,
2536 2865 2605 2925 ὡς
2649 2862 2802 2915 αὐτὸν
2859 2863 3049 2936 Κύριον
3107 2865 3250 2935 ἡμῶν
3303 2863 3509 2921 Ἰησοῦν
3557 2869 3814 2937 Χριστόν.

2215 2957 2285 3006 Τὸ
2328 2949 2405 3017 δὲ,
2452 2951 2564 3018 Ὠς,
2620 2959 2771 3004 τοῦτο
2825 2952 3118 3024 ὁμοιώσεώς
3162 2951 3320 3019 ἐστιν,
3354 2951 3460 3005 ἀλλ’
3493 2953 3551 3005 οὐ
3595 2951 3811 3026 βεϐαιώ-

2219 3061 2382 3105 σεως·
2453 3044 2482 3102 ἦ
2539 3045 2640 3116 γὰρ
2696 3042 2776 3109 ἂν,
2834 3042 2926 3095 ούκ
2985 3043 3131 3095 εἰκὼν
3187 3051 3444 3115 Χριστοῦ,
3493 3043 3600 3096 ἀλλ’
3661 3045 3810 3106 αὐτὸς

2217 3137 2445 3207 Χριστός
2487 3134 2646 3186 ἐστιν.
2691 3131 2849 3187 Ἀλλὰ
2899 3136 3000 3204 μὴν
3041 3132 3189 3184 εἰκὼν
3241 3133 3470 3207 Χριστοῦ
3520 3132 3685 3204 ἔστιν,
3725 3141 3813 3188 καὶ

2216 3221 2264 3274 ἐν
2316 3230 2378 3295 τῇ
2427 3221 2582 3274 αὑτοῦ
2637 3221 2793 3274 εἰκόνι
2845 3224 3280 3296 προσκεκύνηται,
3314 3226 3404 3274 καὶ
3455 3225 3519 3283 ὡς
3565 3224 3734 3298 ἕτερον
3766 3223 3815 3277 ἐν

2217 3311 2368 3384 ἑτέρῳ
2403 3307 2690 3364 δέδεικται.
2726 3315 2861 3370 Φησὶ
2908 3313 3010 3384 ’γὰρ
3055 3312 3080 3362 ὁ
3127 3317 3507 3384 Χρυσόστομος
3537 3330 3549 3343 ⁸
3585 3331 3614 3364 (ι
3656 3311 3816 3366 Εἶδον

2215 3399 2429 3473 ἄγγελον
2483 3399 2530 3452 ἐν
2589 3400 2746 3452 εἰκόνι
2777 3419 2789 3432 ·
2827 3421 2855 3450 ››
2884 3401 3026 3452 καὶὸ
3085 3399 3338 3471 Θεολόγος
3385 3406 3673 3476 Γρηγόριος
3717 3411 3817 3455 πά-

2214 3489 2292 3541 λιν
2325 3509 2338 3521 ·
2379 3511 2398 3538 ι
2431 3495 2502 3561 Τῇ
2561 3485 2611 3540 δ’
2665 3485 2725 3546 ἧν
2784 3489 3124 3564 ύπερκύπτων
3173 3489 3410 3562 Πολέμων
3468 3489 3516 3542 ἐν
3570 3491 3749 3546 εἰκόνι.
3785 3512 3814 3545 υ

2219 3578 2416 3631 Οὐκοῦν
2460 3582 2546 3631 καὶ
2597 3579 2621 3630 ὁ
2673 3581 2900 3650 Χριστὸς
2950 3576 2996 3629 ἐν
3029 3585 3090 3650 τῇ
3125 3576 3289 3652 ἐκείνῃ
3346 3579 3454 3652 [αι.
3512 3579 3703 3654 οἰκείᾳ]
3749 3581 3818 3634 εἰ·

2217 3672 2327 3720 κόνι
2380 3672 2470 3718 καὶ
2521 3668 2772 3741 ὁρώμενος
2826 3666 2940 3719 ἐστι
2993 3671 3084 3720 καὶ
3148 3672 3617 3742 προσκυνούμενος.
3673 3669 3819 3726 Ἀλλ’

2219 3757 2262 3810 εἰ
2316 3762 2405 3809 καὶ
2453 3758 2870 3829 ὁμοιωματικῶς,
2927 3758 3081 3829 ὅμως,
3123 3759 3200 3810 ὅτι
3239 3758 3392 3819 αὐτὸς
3443 3767 3819 3834 προσκυνεῖται

2218 3850 2306 3898 καὶ
2379 3846 2533 3908 αὐτὸς
2597 3845 2919 3920 λατρεύεται,
2992 3846 3051 3898 ού
3103 3851 3205 3920 μὴν
3260 3850 3289 3906 ἡ
3333 3847 3481 3900 εἰκὼν
3538 3848 3700 3902 αύτοῦ
3729 3851 3820 3904 λα-

2218 3939 2404 4008 τρευτὴ
2441 3952 2451 3965 ·
2501 3938 2609 3988 ἐπεὶ
2658 3932 2807 3988 ούδεν
2862 3931 3110 4011 διάφορον
3163 3936 3352 3998 εἰκόνος
3407 3942 3496 3989 καὶ
3549 3943 3820 4014 πρωτοτύ-

2218 4044 2339 4078 που.
2373 4027 2622 4095 Καίτοιγε
2654 4031 2820 4077 ταῦτα
2846 4020 2962 4090 δύο,
2996 4033 3058 4098 τῇ
3103 4022 3446 4101 διαφορότητι
3477 4035 3568 4088 τῆς
3603 4027 3815 4095 οὐσίας,

2221 4114 2280 4166 ού
2334 4122 2395 4187 τῇ
2461 4115 2732 4186 ὁμοιότητι
2788 4122 2883 4175 τῆς
2925 4115 3276 4176 ὑποστάσεως.
3333 4114 3571 4184 Ἔπειτα,
3631 4123 3722 4170 καὶ
3776 4121 3820 4172 εἰ

2221 4206 2377 4278 Τριὰς
2433 4208 2561 4276 μόνη
2617 4203 2732 4255 ἐστὶ
2776 4203 3142 4277 λατρευομένη,
3190 4213 3300 4266 πῶς
3357 4201 3558 4258 δύναιτ’
3613 4205 3673 4258 ἃν
3726 4213 3820 4262 καὶ

2224 4295 2252 4351 η
2317 4293 2462 4345 εἰκὼν
2527 4293 2916 4366 λατρεύεσθαι;
2970 4295 3304 4367 εὑρεθήσεται
3372 4296 3470 4369 γὰρ
3536 4297 3720 4370 τετρὰς
3784 4299 3814 4356 ἠ

2223 4385 2398 4456 Τριάς,
2469 4383 2776 4456 προσθήκην
2851 4378 3101 4454 δεξαμένη
3133 4400 3146 4412 ·
3219 4383 3340 4457 ὅπερ
3400 4385 3540 4436 ἐστὶν
3611 4383 3817 4448 ἀσεϐές.

2225 4471 2289 4526 Εἰ
2319 4468 2491 4524 δὲκαὶ
2527 4468 2836 4532 ἰδιαζόντως
2878 4473 2992 4543 ἔχει
3022 4475 3079 4524 τὸ
3117 4471 3392 4545 λατρευτόν
3425 4475 3453 4531 ἡ
3513 4473 3660 4526 εἰκὼν
3689 4483 3819 4546 Χρι-

2225 4568 2350 4613 στοῦ
2380 4576 2396 4593 ⁶
2428 4566 2517 4612 καὶ
2569 4560 2702 4611 οὕτω
2761 4556 2857 4612 δύο
2909 4560 3140 4634 λατρείαι
3197 4562 3562 4634 εύρισκόμεναι
3607 4562 3676 4624 εἰς
3705 4583 3814 4616 κτιο

2225 4647 2604 4720 σματολατρίαν
2661 4650 2799 4719 ἡμᾶς
2849 4647 3112 4720 ἀγάγοιεν,
3141 4650 3331 4712 ἓπίσης
3361 4658 3454 4713 τῆς
3485 4659 3584 4703 τῶν
3608 4651 3811 4726 Ἀρεια-

2219 4745 2308 4795 νῆν
2359 4739 2622 4810 αἱρέσεως.
2676 4737 2834 4792 Ἀλλὰ
2884 4739 3053 4810 ἄπαγε
3081 4746 3172 4790 τοῦ
3202 4738 3421 4802 ἀσεϐοῦς
3462 4746 3807 4813 φρονήματος.

2219 4831 2278 4878 Σὲ
2309 4822 2417 4878 δ’ὲὸ
2476 4826 2672 4898 ἀγαθὸς
2729 4829 2857 4887 Θεὸς
2908 4828 3052 4898 ἡμῶν
3097 4827 3479 4900 περιφυλάξειεν
3535 4827 3691 4889 ἀσινῆ
3726 4835 3816 4882 καὶ

2219 4915 2552 4990 ἀπρόσκοπον
2604 4925 2665 4989 τῇ
2722 4935 2775 4970 τε
2825 4911 3091 4992 ὁρθοδόξῳ
3139 4921 3336 4983 πίστει,
3387 4922 3477 4969 καὶ
3506 4925 3570 4990 τῇ
3629 4938 3819 4991 σεμνο-

2216 5013 2399 5078 πρεπεῐ
2443 5005 2700 5079 πολιτείᾳ,
2757 5009 2817 5065 ἣν
2877 5003 2970 5059 διὰ
3017 5007 3298 5078 παρθενίας
3348 5005 3611 5082 προείλου,
3681 5011 3819 5082 πρὸς

2217 5098 2554 5170 εὐαρέστησιν
2588 5099 2804 5169 Κυρίου.

527 5275 576 5314 ³⁸
601 5275 808 5334 Sermo
835 5277 862 5333 1
891 5275 968 5334 de
991 5275 1238 5335 diversis
1269 5276 1579 5351 utriusque
1607 5279 1965 5338 Testamenti
1993 5278 2161 5337 locis.
2237 5280 2494 5340 1"lamb.
2524 5280 2613 5340 18.

2021 5423 2240 5482 NOTE.

531 5532 593 5595 (⁸)
620 5533 991 5605 Dogmatica.

2276 5539 2390 5612 (l3)
2427 5542 2492 5596 In
2523 5539 2660 5598 cod.
2702 5541 2839 5610 Reg.
2880 5539 2982 5594 σκ’.
