4058 6274
280 323 419 379 1657

422 448 548 503 ΣΙΗ¹
590 449 729 523 (14).
762 481 831 492 -
862 452 1205 525 Δημητρίῳ
1253 451 1491 523 ὑπάτῳ.
1535 447 1750 523 [χμβ’.]

1579 322 2087 379 EPISTOLARUM
2127 322 2263 378 LIB.
2314 323 2383 377 II.

1935 451 1989 507 A

3505 316 3644 371 1658

2278 449 2542 505 CCXVIII.
2577 479 2645 489 —
2674 445 2973 505 Demetrio
3003 444 3241 502 consuli
3269 443 3356 515 (').

278 554 687 606 Constantinum
709 555 844 606 Iren.
868 556 941 606 ﬁl.
974 556 1042 606 ob
1066 556 1280 621 nuptias
1301 555 1631 605 adulterinas
1649 554 1839 605 merito
1855 555 2117 666 Herodem
2137 556 2364 605 alterum
2385 555 2506 611 dici,
2528 558 2767 605 attamen
2784 556 2951 618 ipsius
2965 552 3359 602 mentionemin
3380 564 3437 600 re
3460 550 3645 600 divina

1878 632 1967 666 lerl
1996 632 2175 666 posse-

1878 632 1967 667 neri
1995 632 2175 682 posse.

352 714 557 779 Μικροῦ
607 711 698 760 καὶ
750 726 996 784 προτερον
1057 704 1151 761 διὰ
1200 714 1291 761 τοῦ
1342 708 1647 783 γράμματος
1702 705 1885 760 ἀπελο-

280 798 577 869 γησάμεθα,
633 800 702 858 ὡς
749 796 908 855 πολλή
958 802 1048 850 καὶ
1117 800 1243 873 ὑπὲρ
1295 802 1390 856 τὴν
1444 796 1592 860 ἀξίαν
1648 798 1793 868 ἡμῶν
1851 799 1879 855 ἡ

280 890 462 948 πίστις
515 905 631 953 σου,
686 890 943 955 Δέσποτα,
993 890 1023 946 ἧ
1079 907 1133 940 τε
1180 890 1305 959 τιμὴ
1361 891 1451 940 καὶ
1505 888 1535 944 ἡ
1595 885 1881 957 ἀγάπησις.

277 974 451 1048 Ἡμεῖς
513 972 572 1028 δὲ
636 975 740 1048 ούχ
806 977 969 1038 οὕτως
1028 975 1182 1050 ἐσμεν
1244 978 1383 1029 καθά
1448 974 1835 1048 ὑπολαμϐάνετε
1868 991 1880 1006 ·

280 1063 387 1117 ἀλλ’
414 1064 712 1138 ἁμαρτωλοὶ
742 1065 815 1126 εἰς
852 1062 1003 1119 ούδὶν
1052 1065 1243 1138 ἔφελος,
1278 1066 1396 1118 οὔτε
1442 1067 1584 1138 ύμῖν,
1616 1061 1833 1127 κλαδοις
1867 1080 1880 1095 ·

279 1159 382 1227 μὴν
420 1153 595 1217 ἄλλοις
643 1156 992 1228 ὑπάρχοντες,
1053 1158 1148 1215 Εἶη
1190 1151 1250 1208 δὲ
1306 1156 1428 1227 ὑμῖν
1474 1156 1610 1208 κατά
1657 1158 1750 1213 τὴν
1798 1173 1883 1207 πε-

280 1245 524 1303 ποίθησιν
574 1244 599 1295 6
630 1245 819 1316 μισθὸς
875 1248 965 1297 καὶ
995 1246 1020 1297 6
1059 1244 1196 1308 ἔλεος
1222 1246 1368 1321 παρά
1417 1248 1631 1317 Κυρίου,
1669 1247 1762 1297 σὺν
1815 1250 1878 1315 τῇ

278 1336 437 1407 κυρία
498 1334 797 1407 ύπατίσσῃ,
871 1338 962 1387 καὶ
1037 1341 1146 1397 τοῖς
1220 1333 1472 1407 εύγενέσιν
1536 1335 1678 1406 ὑμῶν
1766 1336 1884 1386 οὔτε

279 1418 347 1475 ὦν
389 1425 479 1475 καὶ
508 1423 601 1485 τὰς
645 1425 949 1496 προσφορὰς
998 1420 1267 1496 δεξάμενοι
1312 1426 1737 1496 προσηνέγκαμεν
1781 1428 1882 1476 Κυ-

278 1514 376 1585 ρίῳ
405 1512 469 1563 τὰ
496 1516 849 1585 χαριστήρια.
880 1509 1014 1567 Ἀλλ’
1057 1512 1137 1565 ἐπὶ
1177 1514 1235 1565 τὸ
1282 1520 1586 1584 κατεπεῖγον
1635 1513 1660 1564 6
1706 1511 1877 1583 λόγος.

282 1597 669 1666 Ἐλυπὴθησαν,
715 1604 865 1672 φησὶ,
900 1604 1026 1662 τινὲς
1076 1598 1171 1654 διὰ
1206 1604 1295 1654 τὸν
1349 1598 1584 1675 δεύτερον
1612 1597 1871 1676 Ἡρώδην,

282 1689 360 1740 ὅτι
389 1685 668 1763 όρθόδοξος
720 1686 781 1748 ἦν
810 1692 954 1749 καὶή
1007 1689 1293 1750 Ἐκκλησία
1342 1694 1652 1765 μνημονεύει
1697 1690 1875 1745 αὐτοῦ.

280 1782 489 1849 Πρῶτον
541 1780 630 1850 μὲν
678 1774 920 1851 Ἡρώδην
977 1781 1192 1841 σύνηθες
1236 1779 1399 1852 λέγειν
1456 1782 1576 1841 τοὺς
1631 1785 1880 1853 κρατοῦν-

277 1883 371 1927 τας
400 1880 416 1895 ⁶
447 1867 583 1919 καθα
623 1885 781 1939 φησιν
822 1869 848 1919 ό
898 1867 1183 1940 Θεολόγος’
1239 1886 1268 1919 «
1311 1870 1432 1921 Ἐὰν
1472 1865 1679 1943 Ἡρώδη
1714 1869 1878 1944 παρὰ·

281 1960 427 2027 στῇς,
480 1960 771 2014 σιώπησον.
823 1976 854 2010 »
883 1956 1101 2011 Ἔπειτα
1155 1962 1509 2011 σκοπείτωσαν
1555 1960 1603 2011 οἱ
1657 1957 1881 2016 ἐπισκή-

276 2062 501 2110 πτοντες,
552 2044 597 2097 εἰ
660 2050 732 2117 μὴ
800 2045 1009 2109 εἰκότως
1064 2048 1094 2106 ἡ
1153 2046 1495 2120 ἀφομοίωσις.
1562 2046 1621 2100 '0
1673 2054 1879 2122 πρῶτος

273 2130 516 2209 Ἡρώδης
544 2142 767 2207 γυναῖκα
817 2138 954 2209 ἔχων
984 2140 1077 2195 τὴν
1111 2138 1367 2210 θυγατέρα
1415 2138 1607 2210 Ἀρέτα
1659 2144 1750 2189 τοῦ
1783 2134 1877 2210 βα-

279 2221 479 2289 σιλέως,
528 2228 617 2277 καὶ
675 2227 870 2283 ταύτην
928 2224 1170 2292 ἓκϐαλὼν,
1258 2226 1429 2299 εἴληφε
1482 2231 1576 2285 τήν
1654 2233 1878 2298 γυναῖκα

276 2311 533 2367 Φιλίππου
585 2321 677 2366 τοῦ
729 2310 950 2387 ἀδελφοῦ
1020 2322 1177 2369 αυτοῦ
1235 2316 1303 2377 εἰς
1351 2314 1587 2392 δεύτερον
1649 2320 1877 2370 συνοικέ-

279 2420 390 2454 σιον
423 2421 437 2434 ·
488 2407 577 2455 καὶ
626 2400 807 2462 ἐπειδὴ
862 2406 1007 2478 παρὰ
1044 2408 1130 2457 τὸν
1172 2411 1325 2478 νόμον
1379 2413 1551 2473 τοῦτο,
1606 2405 1877 2479 ἐλέγχεται

277 2492 378 2544 ύπό
403 2497 496 2544 τοῦ
528 2488 842 2565 Προδρόμου
876 2510 889 2523 ·
942 2499 1031 2547 καὶ
1059 2498 1131 2566 μὴ
1166 2498 1327 2568 φέρων
1359 2498 1446 2548 τὸν
1475 2496 1708 2569 ἔλεγχον,
1743 2501 1876 2549 κτεί-

276 2599 349 2633 νει
397 2583 483 2634 τόν
512 2585 805 2655 προφήτην.
867 2579 995 2636 Εἶτα
1049 2586 1181 2656 μετά
1227 2588 1412 2658 μικρὸν
1462 2587 1563 2638 ύπό
1609 2593 1699 2638 τοῦ
1733 2582 1873 2639 ἰδίου

276 2668 402 2723 λαοῦ
434 2668 791 2732 ἀνασοϐευθεὶς
839 2674 1103 2744 φονεύεται
1132 2692 1147 2706 ο
1180 2681 1271 2727 τοῦ
1329 2671 1692 2750 δικαιοκρίτου
1742 2682 1875 2728 Θεοῦ

279 2757 427 2823 ἀξίαν
484 2759 832 2832 ἐπαγαγόντος
882 2758 1037 2821 δίκην
1088 2771 1160 2834 τῷ
1216 2772 1454 2838 φονευτῇ,
1506 2765 1620 2819 ἀντὶ
1651 2767 1872 2818 θανάτου

278 2850 427 2902 ὁσίου
482 2851 699 2903 θάνατον
756 2853 1037 2907 οἴκτιστον.
1076 2851 1333 2927 Ἐλθωμεν
1385 2853 1470 2908 ἐπὶ
1524 2859 1612 2909 τὸν
1639 2860 1757 2930 περὶ
1814 2856 1875 2909 οὗ

278 2939 304 2990 6
332 2937 452 3011 λόγο
462 2960 500 3001 ς.

349 3034 577 3081 Γυναῖκα
625 3029 811 3092 καύτός
866 3032 1003 3103 ἔχων
1059 3035 1258 3105 Μαρίαν
1310 3038 1403 3093 τὴν
1448 3039 1679 3107 νομίμως
1748 3054 1872 3088 συν-

278 3118 530 3190 αφθείσαν
586 3119 725 3191 αύτῷ
778 3118 834 3173 ἐκ
884 3124 1144 3188 νεότητος,
1205 3122 1428 3175 ἐκϐαλὼν
1486 3127 1701 3191 ταύτην,
1759 3145 1874 3198 μοι-

268 3214 458 3279 χικῶς,
506 3210 642 3260 κατά
670 3212 757 3261 τὸν
804 3208 956 3281 λόγον
1006 3218 1098 3263 τοῦ
1149 3217 1367 3286 Κυρίου,
1422 3212 1593 3286 εἴληφε
1648 3224 1873 3286 γυναῖκα

270 3293 537 3357 Θεοδότην
583 3297 1017 3375 κουϐικουλαρίαν
1082 3300 1151 3363 εἰς
1206 3297 1443 3379 δεύτερον
1491 3307 1811 3357 συνοικέσιον
1848 3322 1861 3336 ·

269 3390 359 3438 καὶ
410 3383 589 3447 ἐπειδὴ
669 3391 811 3465 παρά
882 3393 950 3443 τά
1019 3390 1312 3463 Εὗαγγέλια
1384 3400 1557 3462 τοῦτο,
1635 3393 1871 3467 ἐλέχεται

269 3473 543 3538 Πλάτωνος
590 3480 726 3531 κατά
767 3498 1045 3551 προσωπον
1079 3497 1090 3509 ·
1140 3485 1229 3533 καὶ
1276 3485 1348 3553 μὴ
1395 3486 1554 3555 φέρων
1599 3486 1684 3535 τόν
1734 3485 1868 3557 ἔλεγ-

264 3583 389 3637 χον,
436 3564 591 3618 κλείει
633 3570 719 3620 τόν
749 3570 893 3621 ὅσιον
940 3572 1004 3631 ὡς
1053 3571 1366 3643 τεθαμμένον
1400 3586 1415 3602 ⁸
1449 3570 1559 3624 εἶτα
1606 3576 1735 3645 μετά
1772 3595 1865 3646 μι-

265 3655 392 3727 κρόν
438 3654 538 3707 ὑπὸ
579 3663 665 3708 τοῦ
718 3658 951 3715 ὑπηκόου
1002 3657 1365 3722 ἀνασοϐευθεὶς
1416 3661 1717 3734 τυφλοῦται,
1776 3670 1867 3716 τοῦ

268 3736 610 3797 δικαιοδότου
672 3753 805 3799 Θεοῦ
856 3752 1228 3822 προσήκουσαν
1295 3747 1644 3822 ἐπαγαγόντος
1712 3748 1867 3810 δίκην

267 3838 339 3903 τῷ
370 3841 682 3909 φρουριστῇ,
742 3834 849 3888 ἀντὶ
904 3836 1136 3909 φυλακῆς
1194 3839 1345 3901 ὁσίας
1391 3844 1626 3913 πήρωσιν
1657 3840 1869 3914 ’ὀφθαλ-

265 3929 397 3994 μῶν.
448 3922 817 3978 Ἐνωτισοίσθω
868 3922 955 3979 οὖν
1007 3932 1108 3988 πᾶς
1160 3930 1297 4001 ἔχων
1343 3936 1483 3997 νοῦν,
1538 3934 1607 3994 ὡς
1652 3932 1756 4004 ἄρα
1788 3929 1867 3985 δι-

267 4014 427 4073 καίως
480 4008 715 4086 δεύτερος
766 4012 1003 4088 Ἡρώδης
1062 4023 1471 4086 Κωνσταντῖνος,
1527 4020 1604 4072 ἐπ’
1659 4019 1718 4072 ἂν
1775 4021 1869 4073 οὐκ

267 4098 389 4152 ἄλλο
437 4103 605 4155 ἔκτοτε
635 4108 800 4177 μέχρι
830 4112 921 4158 τοῦ
963 4102 1117 4182 δεῦρο
1162 4111 1403 4181 πέπραχε
1449 4116 1705 4176 τοιοῦτον,
1761 4110 1869 4163 ὀνο-

266 4192 491 4262 μάζοιτο
525 4209 537 4221 ·
597 4193 751 4257 αὐτὸς
825 4194 990 4266 ἑαυτῷ
1066 4196 1389 4271 προξενήνσας
1462 4204 1866 4273 πρακτικῶςτό

268 4283 452 4353 ὄνομα,
504 4286 605 4336 Καὶ
656 4288 773 4358 περὶ
810 4287 996 4338 τούτου
1036 4287 1325 4359 πράγματα
1376 4291 1448 4361 μὴ
1488 4293 1866 4364 παρεχέτωσαν

266 4370 411 4441 ἡμῖν.
441 4369 516 4423 Οὐ
559 4367 779 4425 δύναται
807 4378 1033 4448 Χριστός
1080 4378 1110 4435 ἡ
1145 4374 1363 4435 ἀλήθεια
1408 4378 1713 4449 ψεύσασθαι
1744 4398 1755 4410 ·
1785 4380 1866 4432 ὅτι

264 4476 456 4531 μοιχός
494 4462 654 4527 ἐστιν,
687 4459 813 4515 οὐδὲ
853 4462 1246 4531 όάντιπίπτων,
1286 4468 1365 4519 ὅτι
1408 4472 1480 4540 μὴ
1515 4468 1639 4540 ούχὶ
1682 4470 1861 4541 θεομασ

263 4554 372 4620 χεῖ.
419 4553 519 4602 Καὶ
549 4549 607 4601 ού
645 4549 794 4614 λήξοι
817 4551 1121 4626 λαλούμενον
1152 4554 1177 4607 ὃ
1207 4554 1445 4613 ἐποίησεν
1486 4558 1512 4608 ό
1546 4560 1861 4629 μοιχεύσας,

264 4639 354 4698 ἕως
402 4639 692 4703 συντελείας
736 4648 827 4694 τοῦ
881 4642 1078 4707 αἰῶνος.
1141 4643 1270 4699 Ἀλλ’
1325 4642 1507 4704 ἐπειδὴ
1566 4648 1614 4698 οἱ
1675 4645 1864 4699 λυπού-

265 4746 405 4801 μενοι
481 4732 906 4803 συναπήχθησαν
963 4741 1023 4805 τῇ
1100 4739 1340 4807 μοιχείᾳ.
1398 4733 1643 4788 ἀνιῶνται
1691 4744 1861 4799 κακῶς
1896 4717 1940 4772 D

264 4823 327 4889 τῇ
368 4817 661 4890 ὑπομνήσει
691 4840 704 4853 ·
738 4816 854 4873 δέον
903 4820 1088 4882 αὐτοὺς
1135 4822 1403 4896 ύμολογεῖν
1428 4827 1487 4876 τό
1520 4822 1725 4890 ἀληθὲς,
1772 4830 1862 4878 καὶ

262 4911 612 4981 προσπίπτειν
651 4914 741 4962 καὶ
784 4909 1119 4983 προσκλαίειν
1166 4921 1239 4984 τῷ
1284 4920 1397 4984 Θεῷ
1446 4914 1571 4988 ὑπὲρ
1623 4921 1718 4975 τῆς
1767 4912 1861 4966 ἀπ-

264 5003 478 5067 αγωγῆς
519 4994 659 5071 ἐφῇ
708 5003 797 5052 καὶ
846 4995 1083 5053 δωσουσι
1130 4999 1279 5073 λόγον
1334 5002 1382 5055 ἓν
1425 5004 1595 5076 ἡμέρᾳ
1646 5007 1862 5078 κρίσεως

263 5088 336 5157 μὴ
378 5094 755 5157 μετανοοῦντες.
790 5090 856 5141 Οἱ
896 5085 955 5142 δὲ
978 5093 1105 5165 πρὸς
1142 5093 1200 5142 τό
1231 5091 1531 5164 παροξύνειν
1584 5095 1669 5145 τόν
1711 5096 1859 5156 Θεὸν,

263 5174 339 5226 ἔτι
389 5173 649 5250 ἁμαρτίας
712 5176 785 5251 ἰφ⁹
851 5176 1087 5254 ἁμαρτίᾳ
1129 5176 1453 5233 ἐπισπῶνται
1498 5202 1511 5215 ·
1571 5182 1601 5241 ἦ
1654 5181 1859 5241 λέληθεν

1906 3365 1945 3421 C

2066 710 2129 763 Et
2162 708 2341 781 paulo
2371 712 2547 764 antea
2576 722 2681 779 per
2723 707 2943 763 litteras
3000 703 3640 765 commemoravimus,

1994 804 2222 870 quanta
2246 803 2403 854 esset
2432 804 2487 853 et
2507 814 2693 870 quam
2738 812 2921 868 supra
2950 797 3225 851 meritum
3267 798 3540 849 nostrum
3571 792 3645 848 ﬁ-

1994 887 2170 943 ducia
2200 892 2324 955 tua,
2369 888 2636 951 Domine,
2670 886 3053 941 observantia
3092 887 3253 949 item,
3286 899 3355 938 ac
3382 882 3641 937 dilectio.

1995 979 2109 1032 Nos
2141 993 2281 1033 vero
2308 994 2429 1034 non
2459 977 2497 1032 ii
2531 993 2744 1033 sumus
2771 992 2924 1048 quos
2950 992 3077 1032 esse
3107 972 3501 1036 arbitramini,
3532 970 3643 1027 sed

1992 1071 2355 1137 peccatores,
2415 1082 2674 1139 quorum
2724 1066 2921 1123 inanis
2974 1070 3099 1120 tum
3146 1063 3317 1118 vobis
3348 1066 3475 1117 tum
3509 1060 3640 1117 aliis

1992 1170 2176 1227 opera
2207 1162 2309 1212 est.
2339 1156 2609 1214 Siautem
2626 1156 2793 1212 vobis
2820 1154 3155 1210 secundum
3173 1152 3351 1207 ﬁdem
3376 1155 3639 1207 vestram

1991 1260 2219 1301 merces
2266 1250 2324 1301 et
2370 1246 2773 1301 misericordia
2807 1261 2841 1302 a
2892 1243 3164 1309 Domino,
3214 1257 3352 1297 cum
3394 1240 3643 1296 domina

1992 1334 2346 1403 consulissa,
2366 1335 2671 1407 nobilique
2695 1334 2902 1391 sobole
2920 1337 3120 1390 vestra
3145 1348 3161 1385 :
3191 1347 3453 1404 quorum
3476 1329 3641 1386 obla-

1992 1423 2255 1480 tionibus
2296 1425 2554 1496 acceptis
2591 1424 2917 1480 obtulimus
2946 1422 3197 1479 Domino
3224 1436 3496 1477 munera.
3524 1417 3635 1475 Sed

1991 1512 2069 1570 ad
2100 1515 2401 1586 negotium
2424 1530 2641 1585 urgens
2657 1530 2727 1569 ac
2745 1513 3149 1569 necessarium
3174 1510 3369 1566 oratio
3396 1522 3639 1564 conver-

1990 1608 2163 1660 tatur.
2192 1608 2360 1677 IEgre
2390 1605 2498 1661 fuit
2529 1603 2855 1668 nonnullis,
2878 1602 3092 1674 inquit,
3123 1601 3202 1656 ob
3234 1598 3525 1654 Herodem
3546 1596 3637 1652 al-

1988 1695 2202 1758 terum,
2232 1694 2395 1765 quod
2435 1693 2803 1749 orthodoxus
2834 1692 3025 1758 fuerit,
3059 1696 3114 1747 et
3144 1688 3406 1744 Ecclesia
3432 1687 3636 1758 ipsum

1989 1787 2435 1838 commemoret.
2452 1783 2712 1838 Primum
2727 1781 2992 1855 quidem,
3019 1780 3261 1837 solenne
3282 1782 3370 1834 est
3393 1774 3637 1831 Herodis

1989 1871 2389 1942 appellatione
2415 1871 2712 1945 principes
2742 1870 3029 1927 indicare.
3059 1869 3148 1925 Ad
3178 1883 3360 1940 quem
3384 1864 3634 1921 modum

1986 1960 2319 2031 Theologus
2349 1962 2460 2017 ait:
2498 1981 2526 2013 «
2557 1962 2613 2017 Si
2644 1976 2850 2017 coram
2897 1960 3123 2015 Herode
3173 1959 3424 2024 steteris,
3449 1957 3573 2012 sile.
3600 1976 3628 2008 »

1985 2050 2358 2122 Perpendant
2371 2050 2588 2107 deinde
2600 2051 2703 2123 qui
2718 2054 3025 2114 accusant,
3042 2064 3247 2105 annon
3269 2048 3631 2104 conveniens

1984 2141 2354 2212 comparatio
2404 2140 2495 2196 sit.
2528 2140 2757 2196 Primus
2813 2139 3070 2195 Herodes
3119 2153 3367 2194 uxorem
3397 2137 3631 2193 habens

1982 2229 2167 2286 ﬁliam
2200 2235 2387 2286 Aretze
2413 2231 2589 2301 regis,
2622 2246 2692 2286 ea
2721 2228 2991 2294 dimissa,
3026 2229 3348 2299 conjugem
3375 2225 3630 2298 Philippi

1985 2318 2181 2375 fratris
2213 2320 2301 2375 sui
2331 2319 2561 2392 accepit
2587 2320 2647 2376 in
2678 2319 2928 2375 alterum
2959 2318 3331 2374 oonnubium
3361 2332 3374 2371 :
3403 2321 3459 2371 et
3488 2331 3637 2389 quo-

1983 2410 2148 2465 niam
2180 2410 2238 2465 id
2269 2415 2480 2481 praater
2508 2410 2724 2479 legem,
2751 2408 3019 2479 arguitur
3049 2423 3085 2462 a
3110 2411 3481 2463 Praecursore
3507 2424 3520 2474 ;
3562 2421 3633 2462 ac

1982 2498 2510 2571 reprehensionem
2569 2515 2685 2554 non
2731 2498 2948 2561 ferens,
2991 2497 3345 2569 prophetam
3375 2496 3628 2551 occidit:

1983 2588 2199 2645 deinde
2228 2588 2393 2644 haud
2425 2588 2611 2643 multo
2641 2593 2837 2660 posta
2862 2587 3106 2659 proprio
3146 2585 3372 2657 populo
3401 2586 3624 2656 ejectus

1982 2678 2307 2734 occiditur:
2330 2679 2492 2748 justo
2534 2681 2650 2733 Deo
2699 2677 2930 2733 vindice
2960 2675 3223 2732 debitam
3268 2675 3630 2747 rependente

1982 2767 2301 2823 homicidae
2324 2767 2630 2833 ultionem,
2662 2783 2771 2839 pro
2799 2766 2908 2821 viri
2936 2765 3124 2822 sancti
3148 2780 3290 2820 nece
3314 2764 3630 2820 miserabi-

1982 2857 2099 2913 lem
2128 2857 2451 2913 interitum.
2499 2856 2586 2911 Ad
2636 2873 2772 2912 eum
2818 2871 2998 2929 porro
3046 2855 3376 2924 veniamus,
3400 2854 3475 2909 de
3504 2870 3626 2926 quo

1983 2962 2179 3003 sermo
2209 2953 2299 3002 est
2323 2946 2650 3002 institutus.

1970 3052 2001 3081 Α
2054 3039 2307 3093 Uxorem
2338 3042 2394 3091 et
2444 3036 2539 3091 hic
2595 3051 2733 3092 cum
2790 3034 3033 3091 haberet
3071 3033 3314 3090 Mariam
3366 3032 3628 3103 legitime

1983 3125 2095 3181 sibi
2144 3126 2221 3182 ab
2254 3126 2655 3182 adolescentia
2700 3126 3079 3196 copulatam;
3112 3124 3225 3179 hac
3275 3123 3483 3193 ejecta,
3520 3137 3627 3194 per

1981 3216 2359 3281 adulterium,
2386 3216 2557 3286 juxta
2594 3215 2845 3271 verbum
2882 3213 3134 3277 Domini,
3163 3212 3392 3283 accepit
3420 3210 3630 3282 conju-

1981 3319 2118 3375 gem
2151 3304 2487 3359 Theodoten
2528 3302 2956 3359 cubiculariam
2989 3301 3252 3357 secundo
3283 3299 3623 3355 connubio:

1980 3398 2036 3448 et
2072 3393 2362 3465 quoniam
2397 3394 2456 3448 id
2488 3399 2694 3449 contra
2748 3391 3134 3461 Evangelium
3188 3395 3293 3455 est,
3327 3406 3363 3445 a
3390 3388 3627 3443 Platone

1980 3498 2184 3538 coram
2197 3482 2684 3554 reprehenditur;
2718 3497 2976 3553 cumque
2990 3496 3108 3535 non
3123 3477 3628 3549 ferretreprehen-

1979 3572 2230 3637 sionem,
2253 3571 2444 3626 virum
2472 3574 2765 3635 sanctum,
2787 3575 3077 3641 tanquam
3097 3566 3415 3639 sepultum,
3444 3563 3630 3620 inclu-

1979 3659 2066 3716 dit
2087 3679 2099 3719 :
2131 3660 2349 3715 deinde
2372 3660 2551 3733 paulo
2574 3665 2711 3732 post
2727 3658 3014 3715 asubdito
3037 3657 3245 3729 pulsus
3262 3659 3623 3713 excaecatur:

1973 3748 2134 3820 justo
2151 3749 2352 3821 judice
2384 3752 2501 3805 Deo
2531 3764 2829 3820 congruas
2850 3752 3122 3802 sumente
3144 3762 3353 3817 poenas
3383 3760 3419 3799 a
3439 3759 3631 3799 carce-

1978 3839 2156 3905 rario,
2189 3856 2297 3911 pro
2344 3839 2451 3895 viri
2484 3840 2671 3895 sancti
2725 3853 2958 3894 carcere
2991 3837 3307 3893 orbitatem
3356 3833 3625 3889 luminis.

1978 3929 2195 3985 Audiat
2220 3930 2421 4001 itaque
2438 3928 2712 4001 quisquis
2738 3933 2825 3983 est
2847 3928 3059 3982 mentis
3082 3942 3204 3981 suae
3223 3940 3491 3995 compos,
3516 3937 3627 3978 an-

1979 4033 2101 4073 non
2158 4023 2446 4091 tanquam
2495 4018 2638 4073 alter
2697 4018 2954 4073 Herodes
3010 4015 3453 4078 Constantinus,
3486 4026 3625 4067 cum

1979 4108 2125 4163 nihil
2147 4109 2308 4164 aliud
2335 4124 2404 4164 ex
2430 4124 2500 4164 eo
2532 4113 2801 4179 tempore
2828 4121 3021 4177 usque
3040 4105 3097 4160 in
3126 4104 3286 4159 hunc
3307 4103 3467 4158 diem
3491 4118 3625 4173 ege-

1977 4198 2070 4263 rit,
2101 4198 2307 4253 merito
2338 4199 2421 4253 sic
2479 4198 2837 4260 nominetur,
2874 4195 3031 4250 hanc
3079 4194 3204 4265 ipse
3257 4193 3368 4249 sibi
3412 4206 3625 4264 reapse

1980 4287 2438 4359 appellationem
2465 4287 2785 4358 adoptans.
2812 4290 2889 4341 Ac
2909 4286 2983 4341 de
3012 4301 3073 4339 re
3102 4284 3215 4339 ista
3245 4300 3319 4339 ne
3348 4282 3517 4338 nobis
3540 4280 3624 4339 illi

1974 4375 2273 4433 facessant
2311 4377 2636 4446 negotium.
2694 4379 2818 4431 Non
2850 4378 3042 4446 potest
3067 4373 3352 4437 Christus,
3386 4373 3491 4444 qui
3521 4387 3622 4427 ve-

1975 4466 2118 4521 ritas
2141 4471 2246 4533 est,
2279 4467 2549 4522 mentiri:
2584 4465 2872 4536 quoniam
2922 4464 3193 4519 moechus
3247 4468 3337 4517 est
3366 4462 3470 4535 qui
3502 4476 3623 4516 non

1974 4555 2240 4612 obsistit:
2270 4555 2599 4628 quinetiam
2633 4554 2726 4608 Dei
2777 4554 2964 4609 hostis
3003 4558 3108 4608 est.
3141 4554 3256 4608 Nec
3278 4552 3402 4609 ulla
3432 4550 3626 4606 silebit

1972 4650 2116 4700 aetas
2142 4645 2201 4699 id
2215 4645 2378 4717 quod
2399 4645 2669 4699 mmcbus
2698 4643 2835 4713 egit,
2856 4659 3049 4714 usque
3065 4641 3135 4697 ad
3154 4639 3623 4695 consummatio-

1973 4748 2111 4789 nem
2163 4733 2381 4788 saaculi.
2442 4733 2555 4789 Sed
2617 4733 2905 4805 quoniam
2946 4732 2983 4786 ii
3016 4732 3113 4803 qui
3150 4734 3621 4801 conqueruntur,

1974 4823 2243 4878 moechiae
2258 4822 2745 4878 obsecundarunt
2770 4844 2779 4885 ;
2798 4822 2977 4890 hujus
2990 4821 3071 4874 rei
3087 4820 3448 4876 mentionem
3463 4834 3624 4875 acer-

1971 4911 2047 4967 be
2061 4911 2274 4967 ferunt.
2296 4912 2557 4967 Debentii
2582 4927 2787 4966 verum
2802 4911 3087 4974 conﬁteri,
3104 4915 3475 4981 prosternere
3492 4924 3553 4964 se
3567 4914 3623 4963 et

1972 5015 2173 5056 coram
2201 5001 2320 5057 Deo
2365 5002 2567 5070 lugere
2611 5000 2690 5056 ob
2719 5003 3064 5056 sanctorum
3093 5000 3517 5070 captivitatem,
3545 5001 3620 5053 de

1972 5104 2095 5161 qua
2123 5094 2178 5145 et
2206 5088 2493 5146 reddituri
2529 5093 2669 5145 sunt
2696 5089 2989 5144 rationem
3038 5088 3099 5142 in
3132 5088 3226 5142 die
3250 5087 3477 5158 judicii,
3504 5086 3619 5142 nisi

1973 5179 2136 5251 ipsos
2156 5178 2460 5252 poeniteat.
2490 5178 2547 5235 Si
2565 5192 2705 5233 vero
2729 5177 2805 5233 ad
2830 5176 3186 5232 irritandum
3208 5178 3389 5232 Deum
3408 5191 3614 5248 pecca-

1825 5446 2051 5505 NOTIE.

336 5628 452 5703 (14)
490 5630 552 5686 In
591 5630 727 5688 cod.
782 5633 930 5703 Reg.
963 5631 1058 5705 96‘.

2017 5632 2089 5706 (')
2115 5634 2481 5705 Dogmatica.
