4058 6274
430 307 456 362 ί
467 307 570 364 659

1688 305 1749 361 S.
1790 301 2158 360 THEODORI
2196 301 2525 358 STUDIT/E

3649 302 3788 358 1660

426 433 488 487 ta
515 434 761 502 peccato
791 430 1076 501 adjiciant
1106 451 1118 490 :
1144 432 1368 488 anlatet
1395 431 1580 503 ipsios
1617 434 1846 504 quanta
1884 444 2073 502 perse-

2196 427 2379 490 αὐτοὺς
2408 428 2510 489 οἷος
2555 423 2787 501 διωγμὸς
2838 426 3064 482 ἐντεῦθεν
3103 425 3306 499 ἀνήφθη
3341 433 3615 499 πανταχοῦ
3640 445 3658 465 ο
3700 432 3790 482 καὶ

427 520 586 577 cutio
635 520 774 577 hinc
807 522 1029 592 ubique
1059 521 1534 592 conﬂagraverit,
1563 525 1622 577 et
1664 537 1852 593 quam
1907 519 2080 574 multi

428 610 706 666 mmchati
738 611 855 667 sint
880 615 1124 682 propter
1153 611 1385 682 insigne
1406 611 1520 667 hoc
1542 609 1928 683 exemplum?
1963 608 2080 665 Sed

428 699 544 755 alia
572 699 740 755 mitto
771 699 987 763 dicere,
1030 699 1436 755 nomullorum
1466 701 1785 756 hominum
1811 713 2078 755 reveren-
2126 717 2128 720 ν

429 787 528 844 tia.
562 788 867 855 Desinant,
895 789 1238 861 quicunque
1269 787 1349 844 illi
1377 795 1531 853 sunt,
1565 789 1834 844 dolorem
1856 804 1979 860 prae
2015 803 2080 841 se

426 874 576 932 ferre
601 878 702 949 qui
727 880 844 933 Deo
888 893 1108 933 exosus
1135 884 1241 934 est.
1274 880 1430 934 Deus
1461 879 1614 935 enim
1639 894 1956 949 personam
1982 878 2082 934 ho-

427 966 604 1022 minis
629 982 749 1022 non
769 969 987 1036 accipit
1011 969 1076 1021 ²¹.
1100 971 1199 1034 Ac,
1220 973 1433 1040 printer
1449 968 1509 1023 id
1528 967 1693 1040 quod
1725 984 1798 1023 ex
1819 969 2082 1036 Evange-

423 1054 505 1110 lio
536 1055 902 1127 accepimus,
937 1056 985 1111 si
1041 1057 1176 1128 quis
1225 1057 1389 1112 aliud
1447 1057 1828 1128 evangelizet,
1880 1056 1972 1112 vel
2031 1057 2081 1112 si

429 1144 678 1214 angelus
696 1145 787 1210 sit,
811 1145 1179 1202 anathemati
1209 1146 1537 1214 subjicitur,
1561 1145 2082 1218 quemadmodum

426 1231 640 1289 beatus
667 1233 986 1305 Apostolus
1005 1234 1227 1290 clamat
1251 1237 1318 1288 ³³.
1352 1235 1485 1290 Haec
1517 1251 1655 1289 cum
1707 1234 2081 1304 religiosissi-

427 1338 562 1378 mus
586 1323 943 1394 praepositus
969 1323 1154 1395 probe
1169 1323 1326 1380 norit
1352 1341 1366 1391 ;
1396 1340 1469 1379 ne
1483 1325 2084 1397 conqueratur,quod

426 1415 671 1468 sanctus
691 1412 1081 1485 Theophanes
1111 1412 1171 1468 in
1205 1413 1320 1470 hoc
1349 1415 1589 1484 negotio
1634 1415 2082 1470 accusationem

426 1515 549 1557 non
579 1500 869 1570 effugerit.
902 1503 1135 1558 Veritati
1166 1503 1325 1558 enim
1366 1502 1512 1558 nihil
1565 1503 2080 1574 anteponendum.

426 1589 546 1645 Nec
567 1589 693 1660 ipse
725 1593 923 1659 negat,
958 1606 1096 1646 cum
1126 1591 1291 1647 audit
1326 1609 1338 1646 :
1382 1592 1534 1647 sicut
1579 1608 1775 1664 neque
1822 1608 2082 1662 magnus

429 1678 740 1750 apostolus
777 1681 976 1735 Petrus
1029 1679 1410 1750 negationem
1443 1697 1640 1747 suam,
1675 1697 1783 1737 nec
1841 1686 2083 1738 sanctus

2188 518 2304 570 ὅσοι
2343 520 2663 590 ἐμοίχευσαν
2715 517 2770 570 ἐκ
2816 525 2906 571 τοῦ
2945 520 3273 590 προῦχοντος
3318 513 3742 590 παραδείγματος
3777 535 3792 584 ;

2188 612 2276 658 καὶ
2306 601 2466 658 τᾶλλα
2497 615 2678 659 σιωπῶ
2718 608 2898 679 λέγειν,
2935 604 3082 659 αἰδοῖ
3111 626 3261 658 τινων
3309 610 3621 679 προσώπων.
3654 613 3794 659 Παυ-

2192 696 2474 750 σᾶσθωσαν
2513 697 2791 750 λυπεῖσθαι
2836 697 3003 755 λύπην
3048 699 3329 767 θεοστυγῆ,
3361 697 3546 759 οἵτινες
3575 696 3636 748 ἆν
3674 693 3790 750 εἷεν.

2190 791 2534 856 Πρόσωπον
2593 789 2712 858 γὰρ
2764 789 2916 846 Θεὸς
2968 785 3302 859 ἀνθρώπου
3346 786 3414 838 οὐ
3461 785 3791 856 λαμϐάνει.

2192 880 2312 940 Καὶ,
2360 877 2484 948 παρ’
2532 876 2557 927 ὂ
2595 878 2652 928 ἑκ
2690 883 2782 928 τοῦ
2821 875 3136 946 Εὖαγγελίου
3173 874 3543 948 παρελάϐομεν,
3585 875 3668 928 ἐάν
3715 895 3798 938 τις

2191 964 2586 1037 εὐαγγελίζηται
2625 967 2814 1040 ἕτερον,
2872 971 3038 1041 μέχρι
3085 970 3175 1018 καὶ
3219 964 3462 1037 ἀγγέλου,
3514 964 3799 1037 ἀναθέματι

2191 1054 2552 1121 ὑποϐάλλεται,
2595 1057 2732 1107 καθά
2773 1053 2876 1128 βοᾷ
2903 1057 2928 1107 6
2954 1057 3208 1128 μακάριος
3249 1054 3584 1117 Ἀπόστολος.
3616 1061 3798 1108 Ταῦτα

2193 1140 2342 1205 εἰδὼς
2391 1149 2482 1197 καὶ
2534 1146 2560 1196 6
2615 1144 2980 1206 εὑλαϐέστατος
3036 1147 3341 1217 ἡγούμενος,
3391 1149 3462 1215 μὴ
3518 1143 3799 1215 ἓγκαλείτω

2193 1237 2307 1305 περὶ
2338 1241 2431 1286 τοῦ
2478 1233 2632 1306 ἁγίου
2679 1235 2993 1306 Θεοφάνους,
3041 1235 3122 1286 ὅτι
3171 1235 3362 1306 ᾐτιάθη
3409 1233 3460 1285 ἐν
3509 1241 3580 1304 τῷ
3623 1236 3798 1309 προεγ-

2193 1342 2340 1395 ματι.
2401 1322 2673 1384 Ἀληθείας
2730 1325 2827 1398 γὰρ
2887 1321 3038 1376 οὐδὲν
3081 1327 3476 1398 προτιμότερον,
3542 1328 3644 1376 Καὶ
3704 1323 3800 1375 οῦκ

2194 1410 2528 1465 ἀπαναίνεται
2577 1411 2797 1479 ἀκούων,
2838 1415 2909 1475 ὡς
2960 1409 3084 1466 οὐδὲ
3138 1416 3330 1486 Πέτρος
3380 1414 3406 1464 ό
3450 1416 3613 1485 μέγας
3664 1411 3801 1466 ἀπό·

2196 1501 2377 1564 στόλος
2405 1505 2498 1561 τὴν
2528 1503 2768 1575 ἄρνησιν,
2803 1499 2927 1555 οὐδὲ
2958 1498 3126 1555 Δαϐὶδ
3155 1504 3181 1554 ὁ
3212 1502 3363 1573 ἅγιος
3392 1506 3486 1560 τὴν
3525 1506 3796 1574 μοιχείαν,

2193 1587 2318 1644 οὐδὲ
2368 1594 2664 1666 Κυπριανός
2705 1592 2731 1643 ό
2778 1594 3087 1666 ἱερόμαρτυς
3115 1595 3209 1650 τὴν
3261 1595 3522 1663 γοητείαν.
3557 1595 3684 1665 Περὶ
3738 1588 3803 1643 δὲ

2193 1687 2286 1732 τοῦ
2327 1681 2408 1732 ὅτι
2438 1682 2508 1742 ὡς
2555 1677 2832 1755 όρθόδοξος
2868 1683 3240 1753 μνημονεύεται
3281 1682 3330 1732 ἐν
3379 1687 3439 1752 τῇ
3488 1680 3798 1751 Ἐκκλησία,

429 1767 616 1823 David
631 1768 972 1833 moechiam,
1005 1785 1114 1824 nec
1145 1785 1312 1825 sacer
1338 1776 1562 1843 martyr
1601 1770 1930 1843 Cyprianus
1962 1787 2084 1828 ma-

2196 1765 2344 1822 οὐδεν
2392 1771 2708 1842 προΐσταται
2759 1777 2831 1841 τῷ
2881 1769 3182 1842 Εὖαγγελίῳ
3214 1786 3228 1800 ·
3266 1767 3374 1822 ἐπεὶ
3424 1772 3804 1842 μνημονεύεται

429 1857 613 1928 giam.
639 1858 808 1923 Quod
833 1863 1335 1931 autemtanquam
1352 1859 1792 1916 orthodoxusin
1828 1860 2085 1918 Ecclesia

429 1953 963 2016 commemoratur;
989 1963 1377 2020 nequaquam
1390 1948 1452 2004 id
1475 1949 1794 2020 Evangelia
1808 1951 2086 2006 adversa-

431 2041 524 2092 tur
552 2054 564 2094 :
594 2037 1087 2110 quandoquidem
1127 2045 1636 2095 commemoratur
1654 2044 1710 2095 et
1735 2040 2080 2096 Valentinia-

428 2141 546 2183 nus
577 2143 591 2180 :
623 2133 682 2182 at
708 2141 830 2182 non
856 2142 926 2182 eo
949 2127 1113 2199 quod
1151 2126 1304 2183 duas
1349 2128 1526 2183 simul
1558 2144 1770 2184 uxores
1808 2129 2086 2185 habuerit

428 2218 643 2287 praeter
667 2215 886 2285 legem,
914 2216 1020 2271 sed
1038 2221 1514 2288 propterrectam
1549 2217 1730 2273 ﬁdem
1765 2236 1777 2274 :
1813 2225 1869 2274 et
1891 2219 2085 2275 Jovia-

429 2319 564 2370 nus,
603 2309 662 2360 at
701 2320 820 2360 non
852 2305 1016 2377 quod
1051 2306 1460 2363 masculorum
1510 2312 1822 2379 corruptor
1886 2307 2080 2376 fuerit,

428 2393 934 2465 quemadmodum
963 2399 1246 2454 narrant:
1276 2399 1331 2451 et
1369 2395 1755 2468 Nicephorus,
1777 2401 1834 2452 at
1859 2412 1980 2452 non
2011 2413 2082 2452 eo

427 2481 594 2554 quod
634 2499 854 2539 avarus
888 2483 1077 2540 fuerit.
1114 2484 1283 2540 Plura
1309 2485 1425 2540 dici
1448 2490 1504 2540 et
1546 2485 1620 2540 de
1646 2485 1776 2540 aliis
1799 2492 2078 2558 possunt,

428 2571 900 2644 quiquanquam
914 2573 1410 2629 aliiscriminibus
1443 2575 1726 2639 accusati,
1770 2579 1970 2630 tamen
2002 2575 2082 2631 ob

425 2664 651 2715 rectam
681 2660 864 2716 ﬁdem
891 2662 1201 2723 duntaxat.
1226 2663 1516 2718 memoria
1537 2662 1934 2720 ecclesiastica
1954 2679 2084 2736 per—

426 2747 723 2805 fruuntur.
749 2750 863 2806 Sed
893 2750 966 2805 de
999 2750 1088 2805 his
1117 2750 1434 2808 hactenus.
1475 2751 1560 2807 Tu
1601 2767 1762 2821 vero,
1812 2753 2078 2818 Domine,

2192 1863 2284 1913 καὶ
2323 1857 2745 1920 Οὑαλεντινιανός
2773 1878 2785 1892 ·
2842 1857 2947 1911 ἀλλ’
3004 1859 3062 1911 οὗ
3105 1860 3242 1910 κατά
3289 1861 3347 1910 τὸ
3399 1855 3496 1910 δύο
3545 1859 3676 1929 ὁμοῦ
3705 1877 3805 1929 γυο

2191 1954 2374 2010 ναῖκας
2421 1950 2562 2019 ἔχειν
2614 1952 2948 2022 παρανόμως,
3005 1946 3134 2000 ἀλλὰ
3184 1948 3321 1999 κατὰ
3366 1950 3461 2006 τὴν
3501 1947 3658 2020 ὀρθὴν
3713 1951 3803 1999 πί·

2195 2056 2306 2090 στιν
2347 2055 2361 2070 ο
2394 2041 2484 2090 καὶ
2536 2037 2808 2104 Ἰοϐιανός,
2851 2036 2958 2089 ἀλλ’
3001 2037 3060 2089 οῦ
3117 2038 3287 2097 καθὼς
3340 2038 3665 2108 ἱστορεῖπται
3717 2036 3802 2088 ὅτι

2193 2124 2568 2201 ἁῤῥενοφθόαος
2599 2123 2660 2185 ἧν
2687 2144 2698 2156 ·
2732 2131 2821 2179 καὶ
2863 2130 3179 2199 Νικηφόρος,
3236 2124 3345 2178 ἀλλ’
3375 2125 3434 2177 οὐ
3465 2127 3595 2178 καθὸ
3623 2124 3804 2178 πλεον-

2191 2219 2360 2277 έκτης.
2418 2221 2517 2269 Καὶ
2566 2216 2756 2269 πολλοῦ
2796 2215 2909 2269 ἐστι
2959 2216 3125 2288 λέγειν
3177 2219 3294 2289 περὶ
3337 2223 3435 2266 τῶν
3483 2215 3664 2279 ἄλλων,
3723 2212 3800 2281 οἱ,

2191 2305 2285 2357 κᾶν
2331 2308 2398 2358 τὰ
2441 2304 2572 2358 ἄλλα
2623 2302 3039 2378 διαϐιϐλημένοι,
3099 2301 3192 2357 διὰ
3240 2301 3299 2357 δὲ
3343 2309 3436 2362 τὴν
3487 2300 3800 2376 ὀρθοδοξίαν

2191 2397 2343 2468 μόνον
2372 2401 2584 2468 μνήμης
2636 2399 2827 2468 ἔτυχον
2881 2393 3347 2457 έκκλησιαστικῆς.
3402 2401 3582 2447 Ταῦτα
3629 2396 3799 2466 ἐχέτω

2193 2482 2314 2538 ὧδε.
2365 2484 2536 2547 Αὐτός
2590 2481 2670 2554 δὲ,
2721 2489 2975 2549 Δέσποτα,
3028 2486 3220 2557 κάτεχε
3269 2482 3508 2556 ἀσφαλῶς
3564 2486 3622 2536 τὸ
3671 2485 3799 2554 σύγ-

2189 2594 2411 2647 γραμμα
2442 2595 2454 2608 ·
2487 2578 2557 2646 μὴ
2611 2576 2822 2649 ἔκφορον
2875 2573 3002 2626 αὐτό
3064 2583 3245 2639 ποιῶν,
3304 2570 3486 2632 ἐπειδὴ
3535 2569 3794 2637 κίνδυνος,

2191 2666 2329 2716 καθά
2387 2662 2657 2735 ἀναγγελεῖ
2707 2665 2733 2716 6
2787 2667 3258 2736 γραμματηφόρος,
3317 2661 3375 2715 ’0
3427 2665 3612 2738 Κύριος
3667 2665 3797 2734 μετά

2190 2760 2282 2806 τοῦ
2313 2755 2602 2826 πνεύματος
2635 2755 2799 2826 ὑμῶν.
2835 2753 3026 2824 Ἀμήν.

425 2836 584 2893 hanc
613 2837 926 2909 epistolam
957 2855 1128 2896 serva
1184 2839 1414 2904 sedulo,
1441 2856 1549 2896 nec
1578 2841 1916 2912 pervulgari
1950 2841 2111 2898 sinas
2141 2857 2152 2895 :
2185 2857 2305 2898 non
2363 2842 2524 2898 enim
2558 2857 2652 2898 res
2678 2841 2942 2915 periculo
2999 2845 3197 2912 vacat,
3241 2841 3393 2897 sicut
3436 2839 3792 2897 tabellarius

425 2926 743 2982 renuntiat.
807 2929 1092 2984 Dominus
1153 2944 1294 2985 cum
1361 2928 1575 3001 spiritu
1623 2935 1842 2986 vestro.
1875 2932 2086 2986 Amen.

558 3043 778 3099 CCXIX.
810 3075 870 3085 —
899 3044 1232 3100 Solutiones
1255 3044 1618 3101 diversorum
1653 3045 1934 3116 capitum.

499 3134 897 3207 Interrogatio
928 3136 968 3188 l.
1010 3165 1078 3173 —
1104 3134 1183 3188 De
1228 3134 1597 3206 presbytero,
1630 3139 1686 3191 et
1721 3135 2002 3205 diacono,
2032 3139 2085 3192 et

423 3227 694 3291 lectores,
723 3225 825 3297 qui
856 3239 991 3278 cum
1014 3221 1304 3296 rectaﬁde
1334 3223 1855 3292 essent,hiereticis
1880 3229 2085 3280 tamen

425 3315 951 3373 communicarunt
1007 3327 1078 3367 ex
1125 3311 1394 3367 humano
1438 3319 1632 3368 metu:
1691 3327 1769 3368 an
1815 3318 2086 3385 oporteat

424 3421 535 3479 pro
565 3405 710 3477 ipsis
739 3401 1109 3458 oblationem
1154 3400 1370 3465 facere,
1421 3406 1525 3457 aut
1547 3401 1954 3473 pervigilium,
1982 3409 2086 3458 aut

425 3493 856 3566 precationem.

495 3581 840 3654 Responsio.
869 3612 938 3620 ——
971 3579 1024 3636 Si
1051 3594 1241 3652 usque
1273 3577 1352 3635 ad
1366 3579 1596 3634 obitum
1610 3579 1902 3636 haereticis
1921 3596 2082 3636 com-

425 3671 806 3727 municantes
833 3669 1287 3742 perseverarint,
1307 3683 1716 3740 nequaquam.
1750 3669 1852 3724 Sin
1885 3675 2082 3725 autem

422 3760 486 3816 in
515 3760 695 3824 exitu,
723 3763 778 3814 et
800 3758 1196 3829 resipuerunt,
1231 3761 1287 3812 et
1308 3750 1563 3812 confes'si
1600 3763 1738 3812 sunt
1779 3773 1840 3812 se
1873 3757 2081 3814 timore

423 3847 635 3912 victos,
664 3863 733 3903 ac
761 3846 948 3909 tertio,
991 3845 1040 3900 si
1073 3861 1245 3900 sacra
1288 3845 1570 3916 mysteria
1623 3845 1701 3901 ab
1728 3845 2080 3902 orthodoxis

423 3942 836 4010 perceperunt,
851 3933 1287 4003 indulgendum
1313 3940 1377 3989 ut
1397 3950 1504 4006 pro
1519 3934 1663 4006 ipsis
1687 3935 1920 3991 ﬁantea
1945 3952 2081 4008 quae

423 4026 591 4098 prius
618 4028 1097 4080 commemorata
1124 4027 1283 4077 sunt.

497 4114 973 4184 Interrogatione
1002 4113 1067 4167 Il.
1103 4142 1168 4152 —
1194 4112 1273 4167 De
1296 4112 1607 4168 monachis
1629 4117 1685 4168 et
1715 4112 2082 4169 monialibus

425 4204 532 4277 qui
559 4203 830 4258 similiter
861 4202 919 4258 in
954 4200 1405 4257 commumione
1445 4201 1858 4258 haereticorum
1890 4219 1921 4258 e
1967 4203 2083 4260 vita

426 4293 833 4349 decesserunt.

497 4381 844 4453 Responsio.
874 4409 940 4421 —-
971 4380 1252 4452 Superior
1305 4380 1617 4451 responsio
1648 4385 1705 4437 et
1745 4381 1805 4438 in
1834 4381 1931 4437 his
1965 4397 2082 4437 ser-
2110 4405 2156 4460 D

425 4476 616 4527 vetur.
649 4468 923 4526 Similiter
953 4474 1009 4524 et
1050 4469 1109 4523 in
1135 4467 1320 4533 laicis,
1353 4469 1513 4536 viris,
1567 4469 1824 4537 feminis,
1858 4470 2078 4542 pueris.

428 4562 562 4616 Haec
592 4564 792 4616 autem
831 4557 906 4613 de
951 4557 1200 4612 mortuis
1229 4557 1388 4613 dicta
1432 4565 1588 4613 sunt.
1644 4558 1790 4614 Nam
1835 4559 1881 4613 si
1939 4559 2084 4616 vivit

429 4650 629 4706 adhuc
655 4647 851 4720 quivis
882 4663 954 4702 ex
983 4645 1265 4702 omnibus
1305 4652 1440 4702 ante
1479 4647 1812 4719 appellatis,
1848 4664 1916 4704 ac
1948 4649 2082 4704 resi-

429 4737 629 4811 piscit,
658 4754 730 4793 ex
757 4752 828 4793 eo
857 4737 953 4792 die
980 4741 1205 4791 metum
1234 4735 1568 4806 deponens,
1601 4736 1945 4810 eligensque
1975 4753 2081 4810 pro

429 4831 594 4884 recto
625 4833 679 4884 et
709 4827 960 4882 honesto
999 4823 1154 4880 dura
1196 4825 1356 4896 pati;
1390 4825 1437 4879 si
1494 4826 1737 4898 quidem
1771 4827 2083 4900 presbyter

432 4917 506 4973 sit
531 4915 626 4973 vel
652 4916 962 4981 diaconus,
991 4929 1159 4970 sacro
1183 4914 1512 4970 ministerio
1564 4916 1951 4987 prohibeatur
1981 4934 2085 4972 us-

431 5021 548 5079 que
578 5005 655 5062 ad
681 5011 796 5061 tem
808 5021 919 5077 pus
931 5003 1147 5076 synodi
1174 5003 1524 5060 orthodoxae
1553 5007 2084 5076 :postconvenien-

433 5099 552 5152 tem
576 5110 718 5150 vero
746 5094 1180 5166 paenitentiam,
1230 5094 1526 5166 particeps
1581 5101 1709 5150 esto
1751 5111 1935 5153 sacra;
1977 5099 2086 5152 Eu-

433 5183 734 5242 charistiae
772 5184 850 5240 ab
898 5183 1235 5240 orthodoxo
1285 5189 1665 5241 consecratae.
1726 5185 2083 5242 Pasnitenticn

505 5355 548 5391 ²¹
585 5353 860 5421 Galat.n,
935 5355 991 5410 6.
1066 5354 1116 5389 ²²
1139 5350 1388 5409 Galam.

2121 3047 2163 3102 C
2193 3045 2587 3117 ΣΙΘ’(15).-Λ
2609 3048 2794 3108 ύσεις
2825 3041 3150 3120 διαφόρων
3184 3043 3564 3117 κεφαλαίων.
3591 3041 3790 3117 [ωμθ’.]

2267 3136 2615 3210 Ἐρώτησις
2644 3133 2720 3189 Α’.
2754 3165 2820 3176 —
2868 3139 2994 3206 Περὶ
3021 3133 3393 3209 πρεσϐυτέρου,
3450 3130 3696 3186 διακόνου
3742 3152 3793 3185 τε

2192 3230 2282 3278 καὶ
2318 3224 2649 3297 ἀναγνώστου
2693 3227 3000 3296 ἐσχηκότων
3050 3228 3290 3297 φρόνημα
3329 3222 3502 3296 ὀρθόν,
3551 3230 3664 3285 τοῖς
3715 3225 3792 3274 αἱ·

2191 3322 2415 3390 ρετικοῖς
2476 3311 2535 3367 δὲ
2595 3315 3018 3371 κοινωνησάντων
3073 3312 3125 3376 ἐξ
3180 3313 3504 3387 ἀνθρωπίνου
3573 3311 3734 3385 φόϐου
3777 3330 3790 3342 ⁸

2193 3404 2376 3478 εἰχρή
2425 3409 2726 3478 προσφορὰν
2774 3404 2901 3478 ὑπὲρ
2951 3402 3118 3456 αὐτῶν
3150 3409 3336 3468 ποιεῖν,
3392 3403 3422 3461 ἦ
3463 3398 3792 3474 παννυχίδα,

2193 3495 2222 3554 ἦ
2257 3494 2443 3566 εὐχήν.

2263 3583 2665 3654 Ἀπόκρισις.
2729 3612 2799 3622 -
2859 3581 2918 3634 Εἰ
2974 3583 3167 3655 μέχρις
3228 3579 3558 3642 ἀποϐιώσεως
3609 3599 3794 3632 κοινω-

2189 3679 2388 3732 νοῦντες
2428 3678 2534 3732 τοῖς
2583 3673 2858 3745 αἱρετικοῖς
2905 3667 3185 3742 διέμειναν,
3231 3667 3497 3742 οὐδαμῶς.
3543 3669 3608 3726 Εἰ
3647 3666 3708 3722 δὲ
3745 3667 3794 3720 ἐν

2191 3769 2252 3833 τῇ
2287 3757 2450 3833 ἐξόδῳ
2503 3764 2591 3813 καὶ
2648 3759 3089 3832 μετεμελήθησαν,
3139 3765 3228 3812 καὶ
3277 3759 3620 3832 ὡμολόγησαν
3651 3757 3796 3830 φόϐῳ

2189 3851 2565 3924 κεκρατῆσθαι,
2615 3853 2705 3902 καὶ
2749 3853 2922 3922 τρίτον
2963 3849 3006 3902 εἰ
3055 3847 3400 3906 ἐκοινώνησαν
3444 3857 3544 3900 τῶν
3577 3843 3793 3921 ὀρθοδό-

2190 3939 2287 4001 ξων
2340 3937 2680 4010 ἁγιασμάτων
2721 3955 2734 3969 ·
2791 3943 3166 4012 συγχωρητέον
3219 3939 3457 4008 γίνεσθαι
3513 3935 3797 3997 ἒπ¹αὑτοῖς

2188 4030 2255 4080 τὰ
2276 4031 2651 4102 προειρημένα.

2261 4116 2617 4189 Ἐρώτησις
2657 4115 2727 4170 B'.
2762 4145 2827 4157 —-
2871 4120 2995 4188 Περὶ
3035 4123 3280 4188 μοναχῶν
3329 4119 3416 4167 καὶ
3453 4118 3793 4188 μοναζουσῶν

2189 4207 2379 4278 ὁμοίως
2404 4213 2466 4278 τῇ
2496 4208 2741 4277 κοινωνίᾳ
2762 4213 2860 4257 τῶν
2885 4207 3157 4278 αἱρετικῶν
3185 4203 3612 4258 ἀποϐιωσείντων.

2262 4383 2668 4455 Ἀπόκρισις.
2725 4412 2792 4422 -
2847 4380 2906 4434 Ἠ
2963 4385 3308 4456 προειρημένη
3369 4380 3648 4454 ἀπόκρισις
3707 4403 3798 4454 φυ-

2187 4473 2453 4526 λαττέσθω
2495 4476 2585 4525 καὶ
2646 4470 2730 4524 ἐπὶ
2783 4468 2986 4526 τοῖσδε.
3045 4470 3280 4544 Ὁμοίως
3321 4476 3410 4524 καὶ
3462 4474 3544 4525 ἐπὶ
3583 4473 3794 4536 λὰῐκῶν,

2190 4559 2393 4636 ἀνδρῶν
2440 4581 2512 4626 τε,
2589 4564 2679 4613 καὶ
2751 4569 3038 4632 γυναικῶν,
3118 4565 3206 4613 καὶ
3281 4557 3509 4616 παίδων.
3577 4565 3798 4634 Εἴρηται

2191 4651 2250 4706 δὲ
2301 4659 2468 4705 ταῦτα
2540 4655 2658 4724 περὶ
2731 4659 2830 4703 τῶν
2907 4653 3213 4704 τεθνεώτων.
3291 4653 3351 4705 Εἰ
3404 4655 3505 4727 γάρ
3559 4653 3636 4704 ἔτι
3695 4652 3790 4713 ζῶν

2188 4752 2330 4801 ἐστιν
2385 4740 2442 4793 ἐκ
2489 4741 2691 4792 πάντων
2743 4748 2842 4792 τῶν
2895 4745 3296 4813 προειρημένων,
3351 4745 3441 4793 καὶ
3498 4740 3791 4814 μεταμέλοι-

2189 4851 2268 4898 το,
2301 4830 2395 4893 ἔξω
2423 4831 2618 4904 ῥίπτων
2649 4832 2736 4882 τὸν
2783 4828 2936 4900 φόϐον
2992 4828 3093 4882 ἀπὸ
3134 4837 3226 4882 τοῦ
3283 4827 3460 4904 δεῦρο,
3500 4834 3590 4882 καὶ
3622 4831 3796 4902 αἱρού-

2191 4939 2335 4994 μενος
2364 4920 2490 4993 ὐπερ
2535 4925 2627 4970 τοῦ
2677 4917 2878 4991 ἀγαθοῦ
2929 4920 3242 4972 κακοπαθεῖν
3276 4935 3288 4948 ·
3343 4918 3386 4970 εἰ
3434 4921 3524 4991 μεν
3569 4917 3796 4993 πρεσϐύ-

2191 5027 2336 5084 τερος
2361 5008 2390 5066 ἦ
2426 5003 2688 5072 διάκονος,
2732 5007 2983 5080 εἰργέσθω
3022 5015 3116 5071 τῆς
3159 5009 3451 5080 ἱερουργίας
3490 5007 3580 5068 ἕως
3607 5012 3797 5081 καιροῦ

2196 5095 2422 5151 συνόδου
2481 5094 2793 5172 ὀρθοδοξίας
2825 5113 2837 5127 ⁶
2892 5098 3025 5169 μετά
3071 5092 3131 5149 δὲ
3169 5094 3434 5168 ἐπιτιμίαν
3480 5099 3574 5154 τὴν
3626 5114 3799 5170 προσ-

2195 5191 2449 5255 ήκουσαν,
2488 5189 2771 5260 μετεχέτω
2822 5193 2923 5239 τῶν
2978 5181 3271 5262 ὀρθοδόξων
3317 5184 3680 5257 ἀγιασμοίτων,
3733 5183 3793 5237 Ἠ

1996 5450 2221 5508 NOTAE.

504 5579 620 5654 (15)
650 5581 716 5636 In
746 5575 887 5636 Cod.
922 5578 1062 5648 Reg.
1099 5574 1235 5630 axe'.
