4058 6274
300 297 430 351 1661

295 418 354 475 δὲ
415 417 634 493 δύναμις
663 427 756 482 τῆς
813 419 1099 492 ἐπιτιμίας,
1146 418 1391 493 ἀμεθεξία
1445 417 1557 471 ἐστὶ
1594 426 1696 471 τῶν
1735 419 1889 490 ἅγια·
1921 419 1965 474 Α

296 513 526 584 σμάτων,
577 509 694 561 καθ’
747 510 801 561 ὃν
847 512 1028 582 καιρὸν
1081 510 1111 568 ἦ
1164 511 1378 581 καιροὺς
1409 509 1434 559 ὁ
1465 511 1712 579 ἐπιτιμῶν
1753 508 1890 560 οἰκο-

292 605 474 673 νομοίη
512 638 524 651 .
576 599 651 650 Ού
681 601 780 672 γὰρ
828 599 1107 670 ὁριστικῶς
1155 600 1294 649 ἔστιν
1340 596 1709 669 ἀποφήνασθαι
1738 616 1750 629 ·
1798 593 1890 649 διὰ

292 692 351 741 τὸ
380 688 529 740 ἄλλον
560 687 715 740 ἆλλου
749 684 1006 763 διαφέρειν
1066 692 1155 739 καὶ
1208 691 1491 759 προσώπῳ,
1534 691 1625 738 καὶ
1674 691 1887 757 γνώσει,

292 782 381 830 καὶ
415 774 646 849 σπουδῇ,
688 781 776 829 καὶ
824 777 1020 848 ἡλικίᾳ.
1062 776 1123 829 Εἰ
1170 772 1229 828 δὲ
1280 775 1519 847 μονάζων
1552 777 1651 840 εἴη,
1705 776 1735 834 ἦ
1772 773 1890 825 ἀνα-

291 872 554 937 γνώστης,
585 870 615 923 ἦ
664 869 1007 938 μονάζουσα·
1068 872 1159 917 τοῦ
1208 864 1469 938 ἐπιτιμίου
1534 863 1889 939 πληρουμένου

295 956 448 1015 εὐθὺς
504 951 744 1008 διδόσθω
801 956 830 1013 ἡ
878 957 990 1007 θεία
1052 954 1256 1027 μέθεξις
1295 972 1308 983 ·
1369 956 1617 1014 ὡσαύτως
1668 959 1755 1005 καὶ
1808 953 1892 1005 ἐπὶ

290 1045 503 1111 λαῐκῶν,
545 1041 749 1117 ἀνδρῶν
802 1064 856 1098 τε
915 1050 1006 1098 καὶ
1059 1053 1320 1116 γυναικῶν
1369 1049 1459 1096 καὶ
1514 1040 1739 1097 παίδων.
1790 1048 1889 1100 Δῆ-

290 1134 375 1187 λον
417 1132 475 1187 δὲ
513 1134 606 1187 κάν
665 1137 867 1196 τούτοις
921 1131 1261 1210 διαφορότης,
1317 1137 1450 1187 κατά
1504 1153 1559 1187 τε
1614 1137 1891 1208 πρόσωπον

293 1228 384 1276 καὶ
430 1226 488 1276 τὸ
539 1222 743 1295 ἀξίωμα
793 1228 882 1275 καὶ
932 1223 1173 1281 ἡλικίανο
1225 1227 1289 1284 ὡς
1344 1229 1434 1276 καὶ
1481 1229 1578 1295 μιᾷ
1628 1241 1890 1295 τεσσαρα-

294 1321 457 1385 κοστῇ
520 1315 829 1365 ἱκανοῦσθαι
907 1316 1001 1372 τὴν
1080 1312 1342 1384 ἐπιτιμίαν
1428 1320 1501 1384 τῷ
1561 1310 1915 1383 λαμϐάνοντι.’

293 1405 510 1474 Φανερόν
551 1398 609 1455 δὲ
662 1403 743 1454 ὅτι
790 1405 848 1454 τό
882 1400 1139 1474 ἐπιτίμιον
1182 1410 1276 1463 τῆς
1308 1400 1575 1473 ἀμεθεξίας
1606 1409 1703 1452 τῶν
1739 1400 1896 1471 ἁγια-

295 1492 505 1563 σμοίτων
565 1489 1068 1562 συνεπιλαμϐάνεται
1123 1495 1213 1543 καὶ
1269 1498 1607 1564 προσευχῶν,
1656 1494 1746 1541 καὶ
1800 1508 1897 1559 γο-

688 1584 777 1632 καὶ
860 1582 1160 1654 ἑκγρατείας
1233 1577 1542 1654 βρωμάτων,
1611 1581 1747 1632 κατὰ
1804 1583 1894 1637 τὴν

297 1670 635 1741 ὑποκειμένην
666 1672 819 1741 φύσιν
848 1676 940 1721 τοῦ
962 1667 1359 1740 ἐπιτιμωμένου.

366 1760 713 1831 Ἐρώτησις
752 1757 826 1813 I".
867 1789 936 1799 —
962 1763 1085 1833 Περὶ
1115 1766 1207 1811 τοῦ
1235 1755 1449 1811 διδόναι
1474 1754 1623 1831 δῶρα
1656 1755 1705 1809 ἐν
1731 1776 1893 1830 μονα·
1928 1770 1968 1825 Β

295 1579 593 1645 νυκλισιῶν,

300 1853 534 1922 στηρίοις
566 1846 824 1921 ἀνδρείοις
848 1867 903 1900 τε
926 1852 1012 1901 καὶ
1052 1853 1392 1919 γυναικείοις.

312 2002 315 2003 ν
371 1937 772 2007 Ἀπόκρισις.
815 1969 883 1978 —
914 1941 1112 2004 Δοτέον,
1162 1937 1205 1989 εἰ
1242 1937 1347 1990 εἰσὶ
1377 1936 1758 2009 πεφυλαγμένοι
1797 1946 1895 2000 τῆς

300 2027 567 2099 αἰρετικῆς
594 2030 885 2088 κοινωνίας.

367 2116 713 2188 Ἐρώτησις
753 2114 823 2169 Δ’.
877 2146 945 2154 -—
995 2120 1119 2189 Περὶ
1150 2122 1240 2167 τοῦ
1282 2114 1367 2187 ἀφ’
1417 2115 1607 2167 ἑαυτῶν
1634 2122 1891 2167 κοινωνεῖν

295 2208 325 2264 ἤ
358 2205 677 2277 μονάζοντας
699 2208 730 2263 ἤ
759 2204 1087 2276 μοναξούσας
1116 2213 1213 2256 τῶν
1240 2204 1605 2277 ἀγιασμάτων.

366 2382 766 2456 Ἀπόκρισις.
810 2412 876 2422 -
905 2382 1016 2434 Ούκ
1041 2382 1149 2445 ἐξὸν
1180 2381 1436 2435 ἅπτεσθαι
1466 2378 1588 2435 οὐδὲ
1618 2390 1717 2435 τῶν
1747 2384 1891 2435 θείων

297 2471 642 2544 ἀναθημάτων
711 2473 831 2531 τοὺς
893 2470 986 2534 ἔξω
1056 2473 1337 2545 ἱερωσύνης
1370 2490 1381 2500 ·
1435 2471 1565 2530 πλὴν
1611 2472 1655 2524 εἰ
1709 2476 1781 2545 μή
1841 2491 1893 2523 τι

295 2562 431 2613 κατὰ
475 2565 651 2612 πᾶσαν
708 2558 959 2631 ἀνάγκην,
1033 2564 1105 2632 μὴ
1173 2562 1540 2633 εὑρισκομένου
1603 2562 1892 2634 πρεσϐυτέ-

296 2669 389 2722 ρου
434 2650 464 2708 ἣ
534 2646 801 2715 διακόνου,
869 2649 955 2720 ἀφ’
1015 2649 1207 2702 ἑαυτῶν
1273 2654 1510 2722 μετέχειν
1569 2657 1659 2702 τοῦ
1694 2646 1888 2723 δώρου.

296 2746 461 2791 Τοῦτο
491 2734 551 2791 δὲ
593 2748 698 2800 πῶς
730 2756 743 2806 ;
776 2740 1043 2810 τιθεμένης
1078 2737 1259 2814 βίϐλου
1313 2742 1469 2815 ἱερᾶς,
1503 2746 1591 2792 καὶ
1641 2739 1893 2812 ἐφαπλου-

297 2831 449 2900 μένης
523 2828 707 2889 ὀθόνης
783 2830 1037 2901 καθαρᾶς,
1098 2829 1127 2886 ἡ
1192 2830 1323 2902 ἱερᾶς
1388 2825 1888 2902 ἐπικαλυμματίδος,

297 2915 462 2969 ἐκεῖσε
499 2924 590 2969 τοῦ
631 2912 803 2991 δώρου
847 2919 950 2970 ἀπὸ
997 2921 1175 2991 χειρός
1219 2922 1312 2970 σὺν
1366 2917 1505 2990 φόϐῳ
1558 2921 1892 2993 προτεθέντος

1798 3004 1890 3060 εἷθ’

1924 3125 1964 3180 C

296 3009 427 3077 μετὰ
477 3010 569 3064 τὴν
637 3003 922 3079 ὑμνῳδίαν,
982 3006 1083 3060 ἀπὸ
1162 3011 1413 3080 στόματος
1477 3007 1690 3065 ληπτέον
1725 3022 1739 3036 °

296 3096 459 3157 οὕτως
498 3092 534 3148 δ
540 3095 821 3158 ιακλύσεως
850 3100 988 3150 οἶνου
1018 3101 1293 3170 γενομένης
1326 3106 1397 3168 τῷ
1425 3096 1758 3169 λαμϐάνοντι.

369 3185 716 3260 Ἐρώτησις
777 3186 850 3241 Ε’.
904 3217 973 3229 -
1013 3192 1139 3260 Περὶ
1180 3187 1391 3252 λαῑκῶν,
1439 3184 1641 3259 ἀνδρῶν
1695 3205 1748 3238 τε
1805 3189 1891 3238 καὶ

293 3283 554 3346 ’γυναικών
598 3274 889 3348 ὀρθοδόξων
939 3276 992 3339 ἐξ
1032 3273 1314 3350 ὁρθοδόξου
1373 3279 1769 3347 κοινωνούντων,
1803 3281 1892 3348 φό-

297 3362 370 3435 ϐῳ
415 3360 474 3416 δὲ
521 3364 821 3437 ἀνθρωπίνῳ
865 3364 1027 3418 τᾶλλα
1076 3368 1249 3419 πάντα
1301 3374 1410 3428 τοῖς
1450 3368 1725 3440 αἱρετικοῖς
1776 3386 1895 3418 συν-

296 3458 717 3526 αναμιγνυμένων
756 3469 770 3482 ·
821 3462 930 3517 πῶς
985 3459 1096 3528 χρὴ
1160 3458 1279 3517 τοὺς
1329 3454 1754 3529 ἁκριϐευομένους
1778 3460 1893 3529 περὶ

297 3547 467 3597 αὐτῶν
498 3546 638 3615 ἔχειν
649 3584 661 3599 .
1405 3590 1425 3615 ,

367 3643 775 3716 Ἀπόκρισις.
836 3674 890 3685 -
945 3644 1074 3697 Ἀπὸ
1123 3646 1212 3715 μὲν
1273 3644 1533 3716 ἱερατικοῦ
1582 3647 1742 3715 ἤγουν
1769 3662 1897 3716 πρε-

300 3730 553 3805 σϐυτέρου
592 3736 682 3784 καὶ
735 3728 1003 3798 διακόνου,
1034 3735 1343 3804 μονάζοντός
1389 3751 1443 3785 τε
1496 3738 1586 3784 καὶ
1642 3734 1896 3805 μοναζού-

300 3839 417 3886 σης,
461 3820 698 3893 ἀφεκτέον
757 3823 1045 3872 συνεσθίειν
1102 3824 1188 3872 τόν
1228 3819 1577 3894 ἡκριϐωμένον
1609 3840 1622 3854 ο
1680 3822 1773 3873 ούκ
1825 3818 1897 3873 οἶ-

298 3905 371 3960 δα
422 3909 465 3961 εἰ
493 3913 563 3981 μή
608 3928 661 3961 τι
717 3908 1013 3982 οἰκονομίας
1063 3913 1256 3981 τρόπῳ,
1290 3914 1380 3962 καὶ
1426 3917 1577 3962 τοῦτο
1611 3916 1890 3963 σπανιώτε-

296 4017 411 4070 ρον.
466 3999 593 4050 Ἀπὸ
644 3994 703 4050 δε
742 4006 837 4050 τῶν
880 3998 1091 4063 λαῑκῶν,
1152 3995 1436 4074 ἀδιάφορον
1463 4003 1520 4051 τὸ
1550 4002 1836 4053 συνεσθίειν
1871 4017 1883 4028 ο

295 4089 392 4139 κᾶν
442 4090 585 4160 τύχη
616 4088 862 4149 πολλάκις
888 4092 978 4140 καὶ
1024 4095 1280 4141 κοινωνεῖν
1302 4089 1455 4141 αὐτὸν
1478 4088 1616 4161 φόϐῳ
1647 4098 1708 4161 τῇ
1751 4092 1885 4162 αἱρέ-

299 4195 397 4242 σει,
431 4178 621 4247 ἔχοντα
653 4173 711 4229 δὲ
740 4178 878 4249 ὅμως
909 4172 1188 4249 ὁρθόδοξον
1234 4180 1291 4229 τὸ
1321 4182 1578 4252 φρόνημα.
1617 4180 1757 4238 Πλὴν
1810 4181 1892 4233 ἵνα

295 4270 369 4338 μὴ
399 4266 684 4318 ἀκόλαστον
712 4269 788 4325 εἴη
846 4269 901 4317 τό
930 4268 1238 4339 ἁμάρτημα,
1274 4272 1459 4340 μικρὸν
1500 4270 1756 4341 ἐπιτίμιον
1786 4272 1895 4323 ἐπι-

298 4352 538 4409 διδόσθω
587 4362 697 4416 τοῖς
735 4352 1115 4428 ἁδιοίφορούσιν
1154 4358 1209 4408 ἐκ
1248 4355 1405 4428 φόϐου
1438 4365 1545 4421 τοῖς
1600 4361 1892 4432 αἱρετικοῖς.

294 4447 365 4499 Τό
387 4441 421 4497 δ
425 4448 446 4497 ε
472 4448 746 4517 ἐπιτίμιον,
772 4445 1100 4515 γονυκλισίαι
1122 4443 1510 4512 πεντεκαίδεκα,
1535 4448 1691 4521 εύχαὶ
1724 4453 1897 4503 ὡσαύ-
1930 4482 1973 4536 D

296 4554 394 4596 τως
427 4552 439 4564 ⁸
475 4537 690 4609 Κύριε,
734 4540 1049 4608 συγχώρη
1087 4538 1193 4587 σόν
1238 4555 1346 4607 μοι
1384 4541 1496 4595 τὴν
1527 4536 1889 4610 ἁμαρτίαν·

300 4626 511 4699 Κύριε,
584 4625 904 4682 ἱλάσθητί
962 4645 1072 4696 μοι
1123 4633 1202 4695 τῷ
1246 4624 1639 4701 ἁμαρτωλῷ·
1678 4632 1887 4704 Κύριε,

299 4711 432 4773 ἐλέη
454 4718 559 4767 σόν
587 4733 659 4786 με
696 4732 707 4744 ·
738 4713 838 4767 ἀπὸ
868 4719 1202 4779 πεντήκοντα,
1230 4716 1348 4775 ἦτοι
1369 4714 1569 4769 ἑκατόν.

370 4890 723 4965 Ἐρώτησις
888 4923 957 4933 -
988 4892 1046 4945 Εἰ
1082 4896 1192 4964 χρὴ
1246 4900 1351 4954 τοῖς
1384 4893 1753 4966 συμψάλλουσι
1790 4903 1892 4957 τοῖς

298 4982 592 5053 αὶρετικοίς,
650 4979 993 5053 ἀπεχομένοις
1034 4977 1091 5033 δε
1143 4990 1233 5042 τῆς
1286 4988 1557 5045 κοινωνίας
1599 4982 1787 5051 αὐτῶν,
1831 4984 1892 5036 ἆν

298 5089 352 5123 τε
389 5070 743 5143 πρεσϐυτέρῳ,
792 5070 851 5123 ἂν
902 5090 956 5123 τε
1010 5068 1256 5143 διακόνῳ,
1319 5071 1379 5124 ἂν
1408 5092 1462 5125 τε
1499 5072 1684 5143 λαίκῷ,
1739 5074 1799 5125 ἂν
1840 5094 1893 5127 τε

296 5164 530 5231 γυναικὶ,
561 5156 909 5233 μεταδιδόναι
938 5168 1036 5213 τῶν
1089 5160 1432 5234 ἁγιασμοίτων
1478 5165 1564 5216 τὸν
1610 5159 1892 5237 ὁρθόδοξον

302 5251 455 5323 ἱερέα.

371 5339 778 5413 Ἀπόκρισις.
828 5371 895 5381 -
924 5342 994 5393 T6
1026 5341 1115 5412 μὲν
1145 5335 1232 5392 οὖν
1274 5337 1641 5413 μεταδιδόναι,
1673 5340 1894 5415 μεταδι-

300 5425 441 5480 δότω
478 5445 491 5459 ⁶
553 5436 662 5491 τοῖς
699 5432 788 5501 μεν
822 5431 1128 5505 ἱερωμένοις,
1185 5428 1518 5503 οἰκονομικῶς
1563 5432 1691 5503 μετὰ
1733 5434 1895 5485 ἐπιτι-

299 5522 446 5589 μίου,
516 5514 609 5569 διὰ
659 5522 752 5577 τὴν
809 5522 939 5592 πρὸς
1010 5523 1127 5579 τοὺς
1175 5520 1464 5591 αἱρετικοὺς
1520 5520 1805 5593 ἀπαγωγὴν
1845 5524 1894 5574 ἓν

299 5613 411 5669 τοῖς
441 5605 610 5667 ἄλλοις
648 5621 661 5635 ⁸
698 5615 810 5669 τοῖς
853 5604 910 5660 δὲ
952 5607 1152 5669 λαῐκοίς
1179 5608 1295 5661 ἄνευ
1354 5609 1636 5683 ἐπιτιμίου.
1680 5615 1804 5685 Περὶ
1836 5607 1895 5664 δὲ

298 5703 393 5750 τοῦ
453 5691 653 5750 διετίαν
704 5698 918 5770 ἔχοντος
973 5696 1304 5771 ἀναγνώστου
1358 5698 1405 5752 ἓν
1461 5708 1523 5773 τῇ
1576 5699 1754 5774 ἀποχῇ
1800 5708 1894 5762 τῆς

1560 292 2067 350 EPISTOLARUM
2109 295 2244 350 LIB.
2290 295 2360 351 ΙΙ.

3518 294 3656 351 1662

1998 424 2199 477 autem
2263 436 2403 494 pars
2492 426 2596 489 est,
2682 422 3060 480 Eucharistiae
3086 421 3271 478 dilata
3330 419 3659 493 perceptio,

1997 515 2227 582 quanto
2258 512 2543 583 temporis
2587 513 2779 584 spatio
2807 512 3098 567 censuerit
3142 512 3191 565 is
3249 510 3355 581 qui
3410 524 3657 580 poenam

2000 599 2227 654 statuit.
2266 601 2466 672 Neque
2495 601 2654 655 enim
2678 600 2927 671 praecise
2954 600 3204 654 deﬁnire
3248 602 3350 654 aut
3401 601 3659 652 statuere

1997 685 2175 753 licet;
2208 688 2370 758 quod
2427 688 2577 744 alius
2617 688 2695 743 ab
2745 688 2859 744 alio
2914 687 3150 742 differat
3210 686 3519 756 dignitate,
3549 683 3659 739 do-

1999 776 2208 844 ctrina,
2241 777 2513 845 negotiis,
2560 783 2615 833 et
2670 783 2861 834 aetate.
2906 778 2960 833 Si
2992 793 3132 832 vero
3176 775 3511 830 monachus
3562 774 3656 838 sit,

2001 871 2102 921 aut
2130 866 2331 933 lector,
2356 872 2457 921 aut
2490 867 2766 923 monialis
2797 884 2808 921 :
2844 866 3194 938 poenitentia
3223 870 3489 936 peracta,
3544 868 3635 918 sta

2000 954 2104 1010 tim
2118 955 2327 1011 divina
2351 956 2987 1013 Eucharistiadonctur
3012 974 3024 1010 :
3059 953 3577 1029 quemadmodum
3605 955 3661 1007 et

1999 1043 2073 1099 de
2106 1044 2271 1100 laicis
2323 1045 2716 1109 censendum,
2771 1045 2935 1109 viris,
2999 1042 3261 1108 feminis,
3312 1040 3655 1113 puerisque.

2001 1133 2373 1189 Manifestum
2391 1140 2476 1189 est
2505 1140 2704 1190 autem
2728 1137 2785 1189 et
2812 1134 2873 1188 in
2890 1133 2984 1188 his
3008 1131 3331 1187 discrimen
3370 1145 3499 1184 esse
3529 1144 3659 1200 per-

2001 1237 2309 1289 sonarum,
2343 1222 2671 1292 dignitatis,
2691 1228 2747 1277 et
2776 1222 2966 1277 aetatis
2996 1238 3009 1275 :
3035 1225 3099 1277 ut
3124 1221 3217 1275 vel
3246 1234 3368 1274 una
3398 1217 3659 1290 quadra-

2001 1312 2231 1380 gesima
2253 1311 2397 1367 satis
2429 1313 2479 1367 ei
2498 1311 2683 1384 sitqui
2716 1311 3123 1382 paenitentiam
3142 1308 3378 1381 accipit.
3410 1306 3658 1379 Liquido

2002 1407 2236 1457 constat
2301 1409 2502 1457 autem
2578 1401 3011 1473 paenitentiam,
3088 1415 3210 1455 una
3273 1413 3411 1453 cum
3472 1396 3660 1452 dilata

2003 1491 2382 1563 perceptione
2409 1489 3135 1561 Eucharistiwmomplecti
3167 1493 3224 1543 et
3248 1487 3570 1550 orationes,
3601 1489 3660 1541 et

2005 1595 2271 1649 genuum
2308 1580 2617 1649 ﬂexiones,
2649 1585 2705 1635 et
2753 1579 3183 1636 abstinentiam
3223 1593 3260 1633 a
3291 1575 3460 1641 cibis,
3485 1577 3658 1646 juxta

2004 1668 2160 1724 illius
2181 1670 2285 1741 qui
2316 1685 2558 1741 poenam
2592 1668 3123 1734 subit,facultatem
3140 1682 3209 1723 ac
3230 1666 3404 1721 vires.

2073 1760 2473 1828 Interrogatio
2511 1760 2602 1815 [IL
2635 1789 2703 1799 -—
2753 1761 2831 1813 De
2870 1757 3069 1825 donis,
3127 1772 3204 1812 an
3276 1752 3656 1810 monasteriis

2003 1851 2131 1903 tum
2154 1849 2562 1904 virorumtum
2584 1848 2943 1903 feminarum
2976 1846 3103 1901 dari
3134 1844 3416 1899 debeant.

2072 1938 2410 2004 Responsio.
2440 1968 2505 1978 —
2538 1936 2749 1992 Danda
2774 1940 2933 1999 sunt,
2959 1934 3006 1988 si
3042 1933 3286 2006 quidem
3321 1932 3360 1987 ii
3392 1931 3509 1985 sint
3538 1929 3655 1985 hee-

1999 2028 2193 2081 reticae
2214 2026 2659 2082 communionis
2689 2030 2982 2096 expertes.

2071 2115 2465 2185 Interrogatio
2496 2116 2584 2169 IV.
2617 2145 2680 2154 —
2716 2114 2797 2169 De
2850 2110 3275 2168 communione
3338 2124 3519 2165 sacrae
3550 2109 3657 2161 Eu-

2000 2204 2309 2270 charistim,
2343 2220 2530 2276 quam
2571 2219 2675 2276 per
2705 2219 2767 2258 se
2795 2203 2910 2275 ipsi
2935 2201 3215 2257 monachi
3242 2198 3336 2254 vel
3362 2196 3654 2253 moniales

2001 2295 2318 2367 accipiant.

2070 2393 2410 2463 Responsio.
2445 2423 2509 2433 —
2541 2395 2621 2449 Ne
2650 2407 2819 2447 sacra
2847 2389 3092 2461 quidem
3129 2386 3382 2443 donaria
3411 2389 3656 2455 tangere

1998 2482 2226 2538 licitum
2259 2488 2349 2538 est
2372 2483 2441 2537 iis
2466 2481 2569 2553 qui
2603 2480 2945 2537 sacerdotes
2984 2493 3106 2534 non
3162 2481 3338 2532 sunt:
3381 2491 3508 2541 nec,
3541 2472 3656 2529 nisi

2001 2572 2149 2628 forte
2178 2573 2527 2628 necessitate
2543 2576 2808 2641 urgente,
2834 2570 2883 2624 si
2906 2568 3063 2625 desit
3081 2567 3392 2639 presbyter
3420 2563 3658 2620 veldia-

2000 2677 2189 2719 conus
2218 2679 2233 2727 ;
2263 2678 2365 2733 per
2391 2661 2653 2733 seipsum
2710 2674 2946 2715 sumere
3001 2656 3457 2713 Eucharistiam.
3496 2651 3657 2708 lstud

2001 2756 2200 2807 autem
2231 2766 2351 2823 quo
2372 2755 2548 2822 pacto
2578 2750 2605 2803 ?
2642 2750 2845 2805 Posito
2872 2763 3042 2803 sacro
3086 2746 3257 2811 libro,
3292 2749 3657 2814 extensoque

2001 2856 2152 2912 puro
2195 2840 2397 2907 linteo,
2431 2845 2535 2896 aut
2572 2855 2743 2896 sacro
2785 2837 3105 2902 velamine,
3169 2833 3447 2906 deposita
3484 2830 3655 2905 prius

2002 2929 2118 2984 illic
2150 2946 2180 2985 e
2235 2945 2419 2985 manu
2460 2945 2600 2984 cum
2650 2933 2813 2983 metu
2871 2943 3045 2983 sacra
3096 2922 3485 2991 Eucharistia,
3516 2923 3658 2993 post

1999 3018 2367 3090 hymnorum
2394 3018 2826 3088 recitationem,
2852 3032 2954 3072 ore
2994 3014 3154 3070 sumi
3185 3012 3384 3070 debet.
3425 3014 3652 3080 Postea,

2001 3109 2105 3180 qui
2135 3108 2382 3179 accepit,
2417 3107 2659 3162 abluere
2684 3123 2751 3162 os
2781 3107 2921 3161 vino
2960 3104 3155 3160 debet.

2074 3198 2470 3269 Interrogatio
2503 3200 2564 3254 V.
2589 3227 2650 3237 —
2688 3200 2765 3252 De
2792 3195 2986 3260 laicis,
3021 3193 3161 3248 viris
3193 3207 3262 3247 ac
3292 3188 3528 3246 feminis
3559 3203 3657 3244 or-

2003 3288 2301 3354 thodoxis,
2316 3289 2419 3359 qui
2434 3286 2510 3343 ab
2531 3286 2869 3342 orthodoxo
2883 3281 3355 3347 communicant,
3380 3278 3655 3333 humano

2003 3384 2204 3433 autem
2248 3378 2457 3433 timore
2483 3378 2542 3431 in
2588 3374 2811 3431 caeteris
2850 3373 3133 3429 omnibus
3179 3386 3316 3426 cum
3363 3367 3656 3423 haereticis

2002 3467 2361 3522 miscentur:
2394 3465 2706 3537 quomodo
2730 3463 2860 3519 illos
2882 3465 3175 3534 oporteat,
3208 3459 3312 3531 qui
3337 3456 3654 3512 exactioris

2003 3556 2334 3627 disciplinae
2365 3554 2617 3611 studiosi
2648 3559 2806 3620 sunt,
2835 3568 2973 3608 cum
2999 3551 3092 3606 his
3122 3564 3184 3605 se
3210 3563 3433 3620 gerere.

2072 3646 2413 3717 Responsio.
2457 3675 2525 3685 —
2575 3646 2753 3700 Sacro
2798 3640 3043 3713 quidem
3090 3637 3342 3707 homini,
3392 3635 3508 3691 hoc
3545 3637 3650 3700 est,

2004 3734 2355 3806 presbytero
2371 3740 2428 3789 et
2447 3733 2726 3797 diacono,
2745 3729 2961 3786 deinde
2987 3728 3285 3784 monacho
3316 3722 3653 3789 etmoniali,

2004 3823 2340 3878 cavendum
2384 3838 2456 3877 ex
2486 3821 2801 3892 disciplina
2836 3819 3129 3875 exactiore
3178 3832 3253 3872 ne
3282 3831 3420 3870 cum
3449 3814 3543 3869 his
3575 3810 3653 3867 ci-

2004 3912 2151 3967 bum
2167 3916 2394 3967 sumat:
2430 3911 2542 3966 nisi
2558 3911 2705 3966 forte
2720 3926 2822 3981 per
2835 3905 3305 3980 dispensationis
3322 3901 3655 3975 quemdam

2005 4002 2276 4066 modum,
2315 4005 2373 4056 et
2399 4001 2513 4056 hoc
2551 4002 2749 4072 ipsum
2775 3999 2990 4054 rarius.
3023 3996 3212 4051 Laicis
3254 4009 3394 4049 vero
3424 3991 3656 4047 licitum

2004 4097 2112 4158 est,
2145 4091 2347 4147 cibum
2387 4106 2522 4145 cum
2555 4089 2646 4144 his
2677 4103 2889 4159 capere
2918 4103 2931 4141 :
2966 4084 3203 4142 etiamsi
3237 4098 3396 4154 saepe
3429 4080 3658 4137 contin-

2005 4187 2106 4253 gat
2126 4182 2235 4237 hos
2252 4197 2323 4237 ex
2353 4185 2511 4236 metu
2526 4179 2973 4235 communicare
2995 4176 3234 4242 haeresi;
3261 4175 3407 4229 dum
3429 4175 3657 4226 rectam

2001 4272 2237 4329 interim
2263 4270 2442 4325 ﬁdem
2478 4271 2684 4324 animo
2710 4271 2968 4324 teneant.
3010 4268 3253 4327 Tamen,
3297 4278 3372 4317 ne
3398 4258 3661 4332 impuni-

2004 4368 2129 4418 tum
2163 4362 2239 4417 sit
2268 4361 2572 4425 dilectum,
2606 4360 2824 4429 exigua
2850 4359 3197 4429 imponatur
3235 4369 3416 4426 pcena
3444 4351 3518 4407 iis
3550 4350 3654 4422 qui

2003 4467 2140 4507 cum
2184 4450 2477 4506 htereticis
2517 4465 2589 4505 ex
2620 4452 2781 4503 metu
2824 4446 3161 4518 promiscue
3211 4447 3416 4513 agunt.
3474 4441 3652 4496 Pcena

2003 4557 2165 4607 vero,
2218 4539 2565 4612 quindecim
2619 4538 2903 4593 ﬂexiones
2953 4550 3238 4606 genuum,
3283 4530 3655 4605 precationes

2001 4630 2247 4685 totidem
2276 4646 2286 4682 :
2322 4630 2585 4692 Domine,
2616 4629 2848 4695 ignosce
2864 4625 3010 4680 mihi
3032 4625 3140 4680 hoc
3164 4628 3512 4693 peccatum;
3537 4619 3649 4674 Do-

2003 4720 2176 4785 mine,
2202 4718 2500 4789 propitius
2525 4722 2642 4773 esto
2668 4716 2815 4771 mihi
2837 4713 3173 4786 peccatori;
3197 4711 3464 4777 Domine,
3484 4708 3655 4765 mise-

2001 4823 2133 4865 rere
2160 4808 2301 4871 mei;
2332 4806 2733 4878 quinquagies
2763 4804 2853 4860 vel
2887 4804 3128 4859 centies.

2074 4897 2475 4968 Interrogatio
2506 4896 2591 4950 VI.
2625 4926 2691 4934 —
2718 4896 2805 4949 An
2836 4898 3107 4964 oporteat
3127 4892 3198 4946 iis
3231 4891 3332 4962 qui
3364 4906 3502 4945 cum
3530 4888 3651 4943 hee-

2000 4988 2194 5043 reticis
2233 4986 2411 5041 simul
2432 4985 2713 5057 psallunt,
2747 4984 2825 5039 ab
2851 4985 3123 5055 ipsorum
3150 4987 3351 5038 autem
3386 4993 3653 5035 commu-

2000 5076 2179 5132 nione
2235 5075 2555 5140 abstinent,
2605 5074 2729 5128 sive
2774 5073 3146 5145 presbytero,
3201 5071 3324 5125 sive
3368 5068 3652 5133 diacono,

2003 5165 2128 5221 sive
2152 5165 2328 5230 laico,
2356 5166 2475 5219 sive
2503 5163 2755 5228 mulieri,
2786 5160 3220 5218 Eucharistiam
3252 5156 3546 5230 impertiri
3577 5154 3655 5212 ab

2003 5254 2342 5313 orthodoxo
2373 5252 2703 5311 sacerdote.

2073 5344 2410 5414 Responsio.
2448 5372 2517 5384 —
2564 5340 2736 5407 Quod
2784 5339 2861 5395 ad
2910 5338 3379 5411 impertiendum
3424 5335 3654 5401 attinet,

2002 5434 2373 5505 impertiatur
2418 5432 2620 5504 utique
2664 5445 2677 5484 :
2728 5428 3139 5485 sacerdotibus
3169 5426 3416 5498 quidem
3457 5440 3531 5481 ex
3567 5423 3658 5479 di-

2004 5520 2386 5593 spensatione
2416 5536 2554 5576 cum
2578 5518 2944 5590 pmnitentia,
2976 5517 3143 5589 quod
3165 5516 3240 5572 ab
3270 5516 3565 5573 haereticis
3597 5514 3659 5570 in

2003 5610 2130 5667 aliis
2154 5610 2333 5665 rebus
2360 5624 2424 5664 se
2454 5608 2808 5665 abstrahant
2839 5626 2851 5666 :
2881 5607 3051 5664 laicis
3075 5612 3274 5664 autem
3307 5605 3438 5661 sine
3469 5606 3655 5678 poenio

2001 5700 2204 5759 tentia.
2249 5701 2451 5757 Lector
2487 5712 2630 5755 vero
2660 5698 2709 5755 si
2732 5698 2861 5770 jam
2899 5712 3005 5770 per
3039 5696 3351 5755 biennium
3380 5696 3658 5754 haeretica
