4058 6274
420 317 560 374 1663

415 530 546 587 ﬁeri
587 547 775 588 sacrae
810 531 1210 594 Eucharistiae,
1243 531 1352 585 etsi
1384 530 1443 585 in
1476 530 1605 586 aliis
1638 529 1922 601 abreptus
1956 527 2072 584 fue-

415 620 508 676 rit.
535 623 617 676 Ex
643 619 1089 692 dispensatione
1117 623 1316 675 autem
1341 619 1465 675 haec
1491 619 1650 675 dicta
1670 625 1808 675 sunt
1834 625 2075 690 propter

416 709 734 766 hominum
780 709 1284 775 imbecillitatem;
1328 725 1400 764 ne
1445 708 1591 764 dum
1635 724 1738 764 eos
1793 713 2074 780 optamus

419 798 655 855 efﬁcere
676 800 841 855 omni
863 799 1136 854 hmretica
1161 798 1580 870 conspersione
1598 814 1804 870 puros,
1839 799 2074 854 incaute

416 890 588 963 ipsos
621 889 680 944 in
713 889 924 944 eadem
957 888 1223 961 pericula
1248 888 1661 959 conjiciamus.

491 978 894 1048 Interrogatio
941 978 1054 1033 VlI.
1089 1008 1155 1018 ——
1192 981 1280 1032 An
1334 981 1605 1049 oporteat
1649 993 1767 1033 una
1820 975 2072 1048 psallere

414 1082 558 1122 cum
593 1065 664 1121 iis
695 1067 799 1138 qui
836 1066 1128 1122 haereticis
1155 1081 1276 1122 non
1307 1066 1758 1123 communicant
1796 1066 2069 1139 quidem,

417 1155 528 1212 sed
555 1171 693 1211 cum
728 1155 799 1210 iis
828 1155 1010 1211 libere
1051 1159 1240 1225 agunt
1283 1155 1342 1210 in
1375 1155 1504 1212 aliis
1528 1155 1710 1212 rebus
1740 1173 1750 1210 :
1795 1161 1895 1212 aut
1925 1155 2073 1212 acci-

414 1259 557 1318 pere
587 1243 923 1300 oblationes
962 1244 1039 1300 ab
1065 1245 1228 1316 ipsis,
1272 1260 1377 1300 seu
1417 1261 1639 1311 ceram,
1682 1262 1784 1301 seu
1811 1245 2033 1301 oleum.

489 1335 831 1404 Responsio.
863 1365 932 1374 —
964 1334 1020 1390 Si
1050 1333 1294 1405 quidem
1324 1335 1666 1390 sacerdotes
1690 1334 1931 1404 fuerint,
1960 1350 2071 1390 nec

415 1423 800 1479 heterodoxis
825 1421 1094 1487 offerant,
1116 1422 1465 1494 accipienda
1491 1423 1569 1480 ab
1599 1424 1668 1479 iis
1685 1423 1903 1488 oblata,
1932 1441 2071 1480 cum

417 1512 769 1585 poenitentia
813 1512 1035 1584 aliqua.
1073 1512 1130 1568 Si
1168 1528 1309 1567 vero
1345 1512 1500 1579 laici,
1548 1513 1674 1568 sine
1724 1513 2072 1585 poenitentia

414 1618 596 1674 porro
638 1601 1032 1674 pergendum.
1076 1603 1316 1673 Oportet
1344 1602 1503 1658 enim
1549 1602 1874 1659 discrimen
1912 1619 2068 1670 esse,

414 1694 661 1763 propter
691 1691 1017 1746 sacerdotis
1043 1691 1416 1762 dignitatem.

489 1780 894 1850 Interrogatio
939 1781 1073 1836 VIII.
1120 1811 1182 1822 —
1236 1785 1323 1836 An
1371 1781 1504 1837 licet
1551 1781 1726 1838 nobis
1773 1782 2067 1854 precatio-
2100 1789 2144 1846 Β

415 1884 557 1926 nem
586 1869 871 1926 adhibere
909 1871 978 1925 iis
1014 1871 1116 1943 qui
1148 1876 1420 1942 poscunt,
1460 1875 1562 1928 aut
1591 1871 1792 1927 oleum
1822 1872 2068 1928 benedi-

415 1973 571 2024 cere,
630 1963 734 2015 aut
785 1975 982 2016 ceram
1036 1959 1382 2026 accendere,
1450 1964 1585 2017 aute
1649 1977 1820 2017 sacro
1887 1961 2070 2018 calice

417 2046 625 2104 bibere
649 2048 678 2102 ?

487 2137 828 2209 Responsio.
862 2169 928 2178 —
962 2137 1016 2194 Si
1056 2137 1404 2195 heterodoxi
1443 2144 1600 2205 sunt,
1634 2140 1879 2196 minime
1913 2157 1926 2196 :
1961 2142 2068 2197 etsi

416 2241 553 2282 cum
606 2226 724 2281 ﬁde
769 2226 1076 2284 accedant.
1125 2227 1317 2285 Nulla
1350 2228 1504 2285 enim
1549 2229 1794 2286 societas
1833 2231 1954 2286 luci
1989 2230 2070 2287 ad

421 2316 695 2372 tenebras
715 2315 784 2372 ³⁸.

489 2405 886 2475 Interrogatio
940 2408 1024 2462 IX.
1059 2436 1127 2446 --
1170 2407 1227 2463 Si
1265 2407 1600 2463 monachus
1639 2413 1740 2465 aut
1789 2409 2067 2466 monialis

416 2495 493 2552 ad
524 2511 635 2551 nos
657 2497 885 2551 venerit
903 2495 1123 2551 divinae
1151 2497 1532 2553 Eucharistite
1555 2514 1759 2565 causa,
1789 2515 2067 2571 quaenam

421 2584 717 2655 exigenda
769 2584 1063 2641 confessio
1111 2590 1218 2655 est,
1268 2585 1389 2652 ubi,
1440 2603 1562 2658 quo
1597 2589 1712 2643 sint
1766 2587 1846 2643 illi
1889 2593 2066 2655 statu,

417 2672 602 2730 lateat
625 2671 653 2726 ?

492 2763 834 2832 Responsio.
878 2795 944 2803 —
983 2763 1156 2820 Omni
1189 2764 1445 2819 venienti
1484 2765 1876 2836 impertienda
1904 2783 2063 2823 com-

422 2851 652 2916 munio,
684 2851 730 2905 si
754 2867 875 2924 quo
907 2851 968 2906 in
996 2856 1150 2907 statu
1181 2853 1254 2907 sit
1282 2853 1608 2923 ignoratur,
1640 2855 1949 2925 rogandus
1991 2871 2068 2912 an

418 2941 827 2997 venerandam
852 2941 1061 2998 Christi
1092 2941 1417 3010 imaginem
1440 2949 1493 2998 et
1511 2950 1853 3000 sanctorum
1882 2943 2065 3001 colat:

420 3044 500 3086 an
529 3029 719 3099 fugiat
750 3030 1163 3086 haereticorum
1196 3032 1710 3095 communionem,
1742 3049 1851 3090 nec
1887 3034 2067 3090 aliam

419 3117 606 3211 ullam
639 3119 979 3211 hmreticam
1011 3120 1214 3211 animo
1246 3123 1602 3178 sententiam
1633 3127 1846 3179 teneat.
1879 3127 2070 3196 Atque
2109 3153 2150 3211 ρ

419 3207 523 3263 ubi
553 3208 760 3264 omnia
787 3209 1098 3265 confessus
1137 3209 1330 3275 fuerit,
1361 3217 1414 3266 et
1449 3212 1747 3268 confessio
1774 3213 2071 3269 tenebitur

419 3313 663 3352 omnem
715 3299 1001 3354 detestata
1041 3299 1348 3367 haeresim;
1398 3305 1538 3357 tunc
1579 3301 1979 3373 impertienda
2018 3303 2068 3359 ei

420 3402 603 3442 sacras
635 3387 1017 3443 Eucharistiae
1048 3389 1398 3444 communio
1425 3396 1529 3445 est.

489 3475 893 3545 Interrogatio
936 3479 996 3533 X.
1040 3508 1106 3518 —
1151 3485 1236 3533 An
1275 3477 1449 3534 liceat
1487 3479 1730 3536 moniali
1775 3497 1999 3554 aquam
2041 3498 2070 3539 e

419 3580 594 3621 sacro
621 3565 801 3620 calice
831 3565 1045 3621 bibere.
1082 3566 1180 3639 [Ut
1209 3573 1354 3638 puta
1385 3569 1655 3624 sanitatis
1690 3570 1924 3643 causa]

495 3655 833 3723 Responsio.
853 3686 921 3696 —
945 3657 1008 3710 In
1041 3673 1280 3712 summa
1307 3658 1633 3713 sacerdotis
1661 3667 1760 3714 aut
1789 3660 2069 3716 monachi

419 3743 691 3816 penuria,
725 3743 803 3799 ob
833 3751 1143 3817 urgentem
1176 3746 1613 3814 necessitatem,
1649 3748 1834 3804 bibat.

495 3918 890 3989 Interrogatio
923 3920 1005 3975 XI.
1052 3951 1119 3961 -—
1150 3921 1213 3976 In
1254 3923 1502 3978 transitu
1533 3939 1680 3978 num
1712 3923 1941 3994 ingredi
1977 3926 2069 3983 fas

419 4007 480 4064 in
513 4007 834 4064 Ecclesiam
857 4025 1042 4080 quam
1071 4009 1385 4066 haereticus
1413 4011 1676 4069 obtineat
1711 4013 1732 4068 ἶ

492 4097 829 4167 Responsio.
865 4129 931 4138 —
981 4100 1034 4155 Si
1070 4115 1249 4171 penes
1278 4100 1622 4156 hmreticum
1658 4102 1912 4160 Ecclesia
1953 4109 2064 4171 est,

425 4187 675 4244 omnino
706 4203 825 4242 non
848 4187 980 4242 licet
1008 4188 1241 4258 ingredi
1267 4190 1552 4246 orationis
1582 4207 1764 4248 causa
1798 4210 1810 4245 :
1843 4192 1954 4248 nisi
1987 4193 2066 4250 ob

426 4276 609 4333 aliam
641 4276 1152 4334 circumstantiam
1182 4294 1315 4350 quae
1345 4285 1604 4336 excuset.

492 4455 890 4526 Interrogatio
938 4455 1042 4510 XII.
1070 4486 1139 4497 —
1185 4459 1458 4526 Ignotum
1499 4457 1781 4514 abbatem
1827 4460 1905 4515 ad
1957 4475 2065 4515 nos

419 4545 780 4611 venientem,
810 4560 886 4601 an
915 4544 1004 4600 fas
1036 4550 1172 4601 ante
1202 4561 1476 4618 examen,
1515 4554 1578 4604 ut
1609 4555 1882 4604 sanctum
1907 4565 2066 4606 com-

422 4633 667 4706 pellare,
696 4649 766 4689 ac
797 4635 1201 4705 precationem
1234 4635 1312 4690 ab
1343 4651 1413 4692 eo
1439 4652 1707 4708 poscere.

495 4723 832 4793 Responsio.
866 4752 935 4764 ——
965 4724 1464 4796 Quandoquidem
1493 4731 1730 4798 tempus
1759 4731 1850 4782 est
1878 4727 2067 4782 haere-

424 4812 520 4876 sis,
565 4820 701 4868 ante
740 4828 994 4868 examen
1026 4829 1146 4868 non
1187 4819 1421 4884 oportet
1450 4831 1666 4888 neque,
1703 4816 2062 4883 Benedicite,

419 4902 635 4967 sancti,
681 4902 897 4968 dicere,
947 4918 1056 4958 nec
1105 4904 1509 4975 precationem
1561 4904 1638 4960 ab
1678 4921 1748 4960 eo
1798 4921 2061 4976 poscere.

423 4993 770 5047 Communis
811 5008 947 5047 vero
975 4992 1330 5065 deneganda
1371 5009 1490 5049 non
1519 4998 1605 5048 est
1643 4993 1940 5058 salutatio,
1975 5011 2066 5050 se-

422 5080 690 5136 cundum
721 5082 908 5136 sancti
941 5080 1133 5137 Basilii
1163 5083 1670 5138 constitutionem.

492 5168 890 5240 Interrogatio
933 5171 1067 5225 XIII.
1108 5201 1176 5210 —
1218 5173 1295 5226 De
1333 5176 1533 5243 puteo,
1576 5171 1624 5226 si
1662 5170 1923 5243 pollutus
1967 5171 2059 5237 sit,

421 5272 499 5314 an
533 5273 773 5330 precem
802 5275 1085 5332 peragere
1123 5265 1374 5333 oportea
1424 5259 1827 5318 orthodoxum
1866 5275 2062 5317 sacer-

420 5345 643 5405 dotem.

495 5613 542 5649 “
573 5612 620 5668 II
651 5612 778 5670 Cor.
807 5628 884 5681 vr,
922 5615 1003 5668 14.

1683 313 1743 370 S.
1787 313 1972 369 ΤΗΕο
1985 310 2160 367 ΒΟΒΙ
2199 310 2522 370 ΞΤΗΒΙΤᾸΞ

419 442 852 498 communione
871 439 1175 506 abstinuit,
1201 455 1444 513 aequum
1461 444 1550 496 est
1567 456 1703 497 eum
1717 439 2068 512 participem

2202 439 2416 511 κίρετικῆ
2427 461 2448 502 ς
2497 445 2786 508 κοινωνίας,

3641 313 3781 370 1664

2864 439 3070 496 δίκαιον
3149 443 3387 514 μετέχειν
3457 437 3612 491 αὐτὸν
3677 447 3780 492 τῶν

2183 527 2545 600 ἁγιασμάτων,
2578 533 2672 584 κᾶν
2725 532 2773 584 ἐν
2804 540 2915 595 τοῖς
2952 533 3122 593 ἄλλοις
3175 533 3566 600 συναπάγηται.
3627 529 3782 581 Οἰκο-

2181 627 2405 688 νομικῶς
2437 617 2689 673 δὲταῦτα
2736 625 2936 697 εἴρηται
2990 619 3083 675 διὰ
3132 625 3225 680 τὴν
3276 619 3541 672 ἀσθένειαν
3567 626 3666 670 τῶν
3695 617 3782 670 ἀν-

2185 709 2399 781 θρώπων
2441 725 2453 736 ·
2521 713 2590 770 ὡς
2641 712 2702 762 ἄν
2753 716 2826 783 μὴ
2885 714 3051 770 πάντη
3091 715 3360 774 ζητοῦντες
3399 709 3590 770 αὐτοὺς
3621 709 3784 760 καθα-

2179 800 2304 872 ροὺς
2352 805 2512 850 ποιεῖν
2591 806 2682 861 τῆς
2754 802 3017 875 αἱρετικῆς
3099 801 3464 872 συμφύρσεως,
3546 796 3784 870 λάθωμεν

2182 887 2249 947 εἰς
2279 886 2411 939 αὐτὰ
2441 890 2506 940 τὰ
2531 893 2709 963 καίρια
2737 889 3088 965 παραλύοντες
3117 889 3321 948 αὐτούς.

2254 972 2604 1045 Ἐρώτησις
2641 974 2714 1029 Ζ’.
2760 1006 2824 1016 --
2873 974 2933 1028 Εἰ
2965 970 3048 1027 δεῖ
3075 973 3393 1046 συμψάλλειν
3425 978 3537 1032 τοῖς
3573 975 3644 1043 μὴ
3674 990 3785 1023 κοι-

2180 1069 2398 1114 νωνοῦσι
2445 1069 2552 1125 τοῖς
2606 1066 2898 1138 αἱρετικοῖς,
2955 1060 3306 1136 ἀδιαφοροῦσι
3360 1058 3419 1114 δὲ
3459 1060 3508 1114 ἐν
3546 1067 3657 1123 τοῖς
3695 1059 3786 1112 ἆλ-

2180 1151 2287 1214 λοις
2322 1168 2333 1180 ·
2371 1152 2401 1211 ἦ
2442 1149 2701 1225 δέχεσθαι
2755 1155 3056 1228 προσφορὰς
3108 1153 3231 1226 παρ’
3263 1151 3452 1219 αὐτῶν,
3503 1153 3534 1210 ἤ
3564 1153 3782 1224 κηροὺς,

2185 1240 2215 1315 ᾖ
2255 1240 2422 1293 ἔλαιον
2435 1283 2448 1296 .

2252 1331 2667 1406 Ἀπόκρισις.
2712 1363 2778 1372 -
2818 1332 2876 1385 Εἰ
2905 1335 2995 1405 μὲν
3030 1333 3294 1406 ίερωμένοι
3324 1326 3439 1396 εἶεν,
3462 1332 3548 1381 καὶ
3579 1333 3640 1382 οὐ
3671 1335 3787 1391 τοῖς

2181 1417 2492 1496 ἑτεροδόξοις
2545 1425 2922 1496 προσφέρουσι,
2989 1416 3341 1493 προσδεκτέον
3377 1421 3444 1471 τὰ
3497 1419 3620 1490 παρ’
3687 1417 3786 1470 αὖ·

2179 1518 2278 1562 τῶν
2329 1514 2775 1582 προσενηνεγμένα
2817 1511 2927 1582 μετ’
2985 1512 3249 1582 ἐπιτιμίου
3281 1513 3437 1570 τινός.
3491 1507 3551 1560 Εἰ
3582 1503 3643 1560 δὲ
3671 1505 3789 1558 λαῖ-

2178 1604 2283 1665 κοὶ,
2333 1597 2450 1652 ἄνευ
2509 1597 2770 1672 ἐπιτιμίου
2814 1603 3110 1675 προσιτέον.
3154 1605 3238 1652 Δεῖ
3288 1600 3390 1671 γὰρ
3423 1594 3789 1670 διαφορότητα

2181 1685 2310 1742 εἶναι
2339 1685 2434 1740 διὰ
2461 1691 2518 1740 τὸ
2549 1697 2640 1750 τῆς
2668 1691 2950 1762 ἱερωσύνης
2981 1688 3208 1762 ἀξίωμα.

2253 1778 2617 1850 Ἐρώτησις.
2661 1778 2743 1833 Η’.
2785 1810 2854 1818 -
2885 1778 2944 1832 Εἰ
2983 1778 3151 1841 ἔξεστι
3195 1784 3358 1830 ποιεῖν
3391 1781 3500 1838 τοῖς
3539 1774 3785 1827 αἰτοῦσιν

2181 1869 2307 1940 ἡμῖν
2351 1867 2536 1939 εὐχὴν,
2589 1868 2619 1928 ἦ
2678 1867 2900 1940 εὐλογεῖν
2954 1867 3142 1934 ἔλαιον,
3195 1867 3225 1926 ἦ
3267 1869 3456 1940 κηροὺς
3512 1863 3784 1932 ἀνάπτειν,

2182 1959 2212 2017 ἢ
2237 1955 2578 2030 ἁπομυρίζειν
2613 1957 2742 2030 ἅγια
2775 1975 2790 2024 ;

2254 2134 2653 2209 Ἀπόκρισις.
2696 2166 2762 2178 -
2804 2135 2920 2189 Ἐὰν
2971 2131 3262 2209 ἑτερόδοξοι
3301 2132 3452 2203 εἰσιν,
3484 2128 3735 2205 οὐδαμῶς
3767 2149 3782 2162 ⁸

2180 2224 2275 2278 κᾶν
2306 2229 2480 2278 πίστει
2507 2229 2931 2300 προσέρχωνται.
2959 2225 3249 2297 Οὐθεμία
3300 2226 3420 2297 γὰρ
3474 2226 3789 2276 κοινωνία

2181 2319 2340 2388 φωτὶ
2379 2317 2535 2389 πρὸς
2578 2320 2830 2378 σκότος.

2252 2405 2602 2480 Ἐρώτησις
2642 2403 2722 2459 ϐ’.
2761 2436 2822 2446 -
2856 2404 2972 2458 Ἐὰν
3000 2404 3237 2476 μονάζων
3264 2403 3293 2462 ἣ
3325 2401 3632 2474 μονάζουσα
3660 2404 3785 2461 ἥκοι

2179 2496 2309 2567 πρὸς
2363 2495 2502 2564 ἡμᾶς
2546 2492 2629 2546 ἐπὶ
2671 2501 2733 2566 τῇ
2799 2495 2912 2566 θείᾳ
2961 2497 3203 2565 κοινωνίᾳ
3243 2509 3257 2522 ⁸
3297 2495 3536 2551 ποταπὴν
3593 2491 3786 2564 ὁμολο-

2179 2586 2299 2652 γίαν
2345 2580 2655 2640 ἀπαιτητέον
2710 2579 2804 2635 διὰ
2871 2585 2929 2635 τὸ
2987 2578 3330 2653 ἀδιάγνωστα
3369 2577 3497 2634 εἶναι
3547 2581 3610 2633 τὰ
3659 2579 3778 2632 κατ’

2181 2670 2370 2733 αὐτούς
2394 2688 2407 2738 ;

2252 2759 2647 2834 Ἀπόκρισις.
2692 2791 2756 2799 -
2822 2761 2998 2812 Πάντα
3054 2763 3140 2812 τὸν
3194 2758 3472 2833 ἐρχόμενον
3523 2764 3780 2815 κοινωνῆ-

2184 2869 2294 2904 σαι.
2351 2849 2413 2902 Εἰ
2444 2848 2705 2918 ἀγνοεῖται
2759 2851 2825 2900 τὰ
2848 2849 2962 2901 κατ’
2995 2849 3168 2915 αὐτὸν,
3221 2847 3496 2920 ἐρωτητέον
3533 2847 3575 2900 εἰ
3604 2865 3777 2920 προσ-

2180 2946 2324 2992 κυνεῖ
2349 2943 2440 2997 τὴν
2475 2943 2668 2997 σεπτὴν
2700 2938 2873 2992 εἰκόνα
2922 2946 3158 3013 Χριστοῦ
3213 2942 3302 2990 καὶ
3351 2946 3450 2990 τῶν
3504 2937 3662 3009 ἁγίων
3697 2957 3710 2970 ο
3737 2936 3780 2988 εἰ

2179 3033 2250 3102 μὴ
2313 3035 2545 3080 κοινωνεῖ
2598 3035 2704 3089 τοῖς
2759 3031 3064 3104 αἱρετικοῖς,
3119 3032 3209 3080 καὶ
3257 3027 3330 3088 εἰς
3381 3028 3408 3079 ὅ
3445 3046 3498 3079 τι
3544 3024 3604 3077 ἂν
3657 3024 3777 3077 ἄλλο

2179 3119 2538 3176 ὑποπτεύηται
2598 3121 2838 3190 φρόνημα
2903 3114 3220 3191 ἑτερόδοξον.
3282 3120 3383 3170 Καὶ
3443 3117 3562 3168 ὅταν
3643 3116 3781 3166 κατὰ

2180 3211 2349 3261 πάντα
2404 3209 2729 3280 ὁμολογήσῃ,
2777 3212 2866 3259 καὶ
2905 3209 2934 3266 ἡ
2992 3205 3243 3279 ὁμολογία
3291 3205 3511 3265 σώζοιτο
3566 3201 3651 3255 ἐπὶ
3681 3205 3780 3256 πά-

2183 3317 2281 3359 σης
2329 3299 2574 3369 αἱρέσεως
2632 3295 3017 3369 ἀπαγορευτική
3054 3313 3066 3325 ·
3127 3299 3242 3348 τότε
3310 3291 3620 3366 μεταδοτέον
3687 3297 3779 3345 καὶ

2182 3389 2622 3457 συγκοινωνητέον
2653 3389 2792 3456 αὐτῷ
2826 3393 2924 3437 τῶν
2957 3384 3318 3457 ἁγιασμάτων.

2251 3477 2597 3551 Ἐρώτησις
2636 3473 2694 3528 Ι’.
2736 3504 2806 3515 -
2842 3474 2902 3527 Εἰ
2959 3473 3126 3537 ἔξεστι
3172 3476 3464 3546 μοναστρίᾳ
3519 3469 3780 3545 ἀπομυρί-

2184 3568 2306 3628 ζειν.

2253 3653 2655 3726 Ἀπόκρισις.
2697 3682 2764 3693 —
2796 3651 2881 3714 Ἐξ
2929 3651 3150 3727 ἀπορίας
3201 3653 3374 3712 πάσης
3419 3653 3692 3725 ἱερωμένου
3741 3651 3772 3706 ἣ

2179 3743 2514 3815 μονάζοντος,
2575 3739 2957 3813 ἀπομυριζέτω,
3017 3739 3111 3793 διὰ
3183 3745 3277 3799 τὴν
3359 3744 3777 3810 κατεπείγουσαν

2181 3830 2432 3902 ἀνάγκην.

2252 3922 2600 3995 Ἐρώτησις
2648 3920 2752 3976 ῐΑ’.
2809 3949 2876 3960 -
2921 3919 3006 3981 Εἰς
3061 3917 3344 3978 ἐκκλησίαν
3375 3919 3511 3970 κατὰ
3536 3912 3773 3992 πάροδον

2178 4011 2278 4063 ὑπό
2310 4012 2567 4082 αἱρετικοῠ
2593 4011 2942 4082 κρατουμένην
2965 4008 3008 4060 εἰ
3031 4005 3115 4060 δεῖ
3145 4007 3359 4061 εἰσιέναι
3387 4023 3401 4074 ;

2250 4098 2638 4173 Ἀπόκρισις.
2682 4128 2751 4139 -
2785 4097 2979 4162 Ἀπαξ,
3030 4097 3073 4150 εἰ
3120 4098 3219 4149 ὑπὸ
3261 4099 3523 4171 αἱρετικοΰ
3555 4113 3776 4166 κρατου-

2175 4191 2300 4260 μένη
2351 4187 2602 4245 ἐκκλησία
2667 4186 2828 4252 ἐστὶν,
2916 4186 2974 4238 οὐ
3035 4183 3117 4238 δεῖ
3192 4185 3405 4238 εἰσιέναι
3463 4190 3776 4257 προσευχῆς

2175 4280 2337 4350 χάριν
2367 4294 2380 4306 ·
2435 4276 2480 4329 εἰ
2522 4281 2594 4349 μή
2649 4297 2702 4328 τι
2784 4277 2920 4329 κατὰ
2984 4274 3142 4333 ἄλλην
3217 4279 3594 4350 περιστατικήν
3646 4277 3775 4346 πρό-

2179 4385 2357 4439 φασιν.

2251 4456 2602 4529 Ἐρώτησις
2640 4454 2739 4510 IB’.
2781 4485 2851 4496 —
2902 4453 3093 4508 Ἀϐϐᾶν
3144 4452 3425 4528 ἐρχόμενον
3477 4453 3604 4524 πρὸς
3635 4453 3778 4523 ἡμᾶς

2177 4544 2518 4618 ἀγνώριστον,
2595 4543 2638 4596 εἰ
2709 4548 2819 4618 χρὴ
2890 4547 2989 4617 πρὸ
3067 4542 3388 4618 ἀνακρίσεως
3461 4540 3777 4613 ἁγιολεκτεῖν

2176 4636 2352 4703 αὐτὸν,
2392 4639 2483 4686 καὶ
2517 4633 2783 4686 αἰτεῖσθαι
2813 4636 2940 4706 πρὸς
2970 4633 3130 4686 αὑτοῦ
3162 4632 3348 4704 εὐχήν.

2249 4725 2486 4797 Ἀπόκρ
2509 4742 2661 4783 ισις.
2704 4755 2771 4763 -
2810 4723 2969 4776 Ἐπὰν
2998 4724 3023 4774 ό
3054 4724 3236 4796 καιρὸς
3258 4723 3501 4795 αἱρέσεώς
3521 4718 3654 4785 ἐστι,
3679 4721 3773 4792 πρὸ

2176 4813 2492 4889 ἀνακρίσεως
2517 4812 2574 4864 οὐ
2599 4809 2716 4864 δεῖο
2750 4815 2885 4876 οὔτε,
2922 4811 3276 4883 Εὐλογεῖτε,
3330 4808 3408 4882 ἃγ
3425 4829 3479 4862 ιο
3495 4830 3531 4875 ι,
3563 4808 3728 4880 λέγειν
3763 4830 3776 4841 ·

2174 4907 2288 4956 οὔτε
2317 4902 2480 4974 εὐχὴν
2509 4901 2668 4953 αἰτεῖν
2724 4901 2847 4974 παρ’
2887 4901 3068 4954 αὐτοῦ.
3121 4903 3219 4954 Τὸν
3269 4895 3326 4953 δὲ
3377 4901 3547 4951 κοινὸν
3602 4895 3780 4950 ἀσπα-

2176 4995 2306 5065 σμόν
2365 4995 2457 5042 οὑκ
2502 4990 2902 5064 ἀπαγορευτέον,
2972 4993 3107 5042 κατὰ
3163 4993 3259 5048 τὴν
3316 4990 3628 5061 νομοθεσίαν
3689 4995 3782 5040 τοῦ

2175 5081 2328 5154 ἁγίου
2360 5080 2634 5133 Βασιλείου
2652 5121 2665 5134 .

2245 5170 2597 5242 Ἐρώτησις
2638 5168 2736 5222 ΙΓ’.
2777 5200 2848 5212 —
2879 5173 3004 5242 Περὶ
3063 5171 3300 5242 φρέατος,
3348 5166 3432 5220 ἐὰν
3480 5167 3704 5238 μιανθῇ,
3737 5185 3783 5218 ει

2175 5255 2258 5313 δεῖ
2285 5266 2508 5318 ποιῆσαι
2535 5257 2695 5331 εὐχὴν
2730 5260 2816 5311 τὸν
2843 5253 3122 5333 ὀρθόδοξον
3153 5259 3307 5330 ἱερέα.
