4058 6274
304 284 441 345 1665

1581 276 2093 336 EPISTOLARUM
2143 276 2280 336 LIB.
2322 276 2390 334 ΙΙ.

3520 276 3662 336 1666

380 414 778 485 Ἀπόκρισις.
820 438 885 448 -—
917 406 1054 460 Ἐκεῖ
1099 403 1181 460 δεῖ
1232 411 1397 460 ποιεῖν
1448 410 1540 465 τὴν
1595 406 1776 479 εύχήν,
1828 404 1895 456 οὗ

2074 405 2414 475 Responsio.
2449 436 2516 446 —
2547 405 2633 461 Ibi
2658 407 2921 478 precatio
2946 406 3311 479 peragenda,
3338 406 3441 463 ubi
3463 406 3665 463 ortho-

304 500 446 554 ἐστιν
484 503 513 559 ἡ
548 495 827 576 ὁρθόδοξος
879 502 1140 553 κοινωνία.
1176 500 1311 573 Πρὸς
1344 494 1403 550 δὲ
1438 500 1561 559 τοὺς
1589 503 1892 549 κοινωνοῦν-

302 612 396 653 τας
448 598 557 652 τοῖς
609 592 884 662 αἰρετικοῖς
938 588 1033 640 οὐκ
1088 587 1234 641 ἰτέον.
1277 588 1361 639 Ἐν
1418 588 1490 647 οἷς
1541 589 1639 659 γὰρ
1670 590 1896 658 μιαίνον-

303 701 390 734 ται
418 682 554 733 κατὰ
590 679 777 751 ψυχὴν
809 674 902 731 διὰ
949 685 1043 730 τοῦ
1096 678 1256 753 ἄρτου
1299 676 1487 744 αύτῶν,
1514 678 1897 750 μιανθήσονται

303 775 395 823 καὶ
423 771 560 823 κατά
588 777 759 840 σῶμα.

384 861 481 933 Ἐρ
500 866 539 911 ώ
553 879 622 917 τη
641 878 674 911 σ
688 879 705 910 ι
722 878 743 919 ς
772 856 871 911 ΙΔ’.
886 888 954 897 -
968 861 1092 930 Περὶ
1119 854 1511 930 βαπτίσματος,
1563 859 1632 918 ὡς
1654 855 1748 908 οὐκ
1760 858 1897 907 ἔστιν

305 948 561 1007 ίκκλησία
606 949 927 1021 κρατουμένη
1000 947 1100 998 ὑπὸ
1166 942 1470 1019 ὀρθοδόξου,
1532 944 1616 998 ἐὰν
1669 944 1900 1002 αἰτήση-

304 1059 391 1092 ται
422 1040 558 1111 ἡμᾶς
587 1057 663 1098 τις
692 1044 793 1089 ποῦ
821 1040 932 1111 χρὴ
991 1035 1316 1109 σφραγίζειν,
1358 1042 1633 1107 κατηχεῖν,
1680 1038 1770 1087 καὶ
1801 1029 1899 1107 βα-

305 1128 509 1190 πτίζειν
546 1144 560 1157 ⁶
599 1131 826 1179 ποταποὶ
866 1121 924 1178 δι
956 1127 1007 1177 οἱ
1032 1133 1200 1197 γονεῖς
1227 1129 1317 1178 καὶ
1347 1126 1395 1177 οί
1425 1120 1713 1197 ἀνάδοχοι.

384 1217 703 1291 Ἀπόκρισ
722 1236 739 1268 ι
756 1236 796 1276 ς.
822 1247 891 1255 -
917 1219 1028 1267 Οὐκ
1053 1215 1287 1279 εἰσιέναι,
1329 1216 1466 1267 καθά
1489 1218 1815 1288 προείρηται,
1831 1212 1902 1274 εἰς

307 1306 589 1366 ἐκκλησίαν
655 1309 1008 1380 κρατουμένην
1062 1306 1162 1357 ὑπὸ
1221 1306 1483 1378 αἱρετικοῦ
1543 1300 1624 1355 δεῖ
1680 1320 1693 1332 ⁸
1756 1306 1903 1373 πόσῳ

308 1416 367 1468 γε
397 1397 587 1469 μᾶλλον
616 1397 681 1448 τὰ
732 1394 1006 1467 λελεγμένα
1048 1394 1291 1467 πρᾶξαι;
1345 1392 1471 1445 ἀλλά
1515 1389 1609 1445 διὰ
1638 1397 1728 1451 τὴν
1773 1391 1904 1444 ἀπο-

308 1490 425 1559 ρίαν
480 1485 760 1557 ἀναγκαῖον
820 1484 891 1545 εἰς
948 1488 1105 1537 τόπον
1160 1486 1527 1557 καθαρώτατον
1570 1483 1777 1543 οἰκίας’
1832 1480 1905 1553 ἐφ’

310 1577 342 1647 ᾖ
393 1572 486 1628 διὰ
540 1578 923 1647 θυσιαστηρίου
972 1576 1419 1646 καθηγιασμένου,
1470 1576 1588 1631 ἤτοι
1620 1571 1903 1647 τραπέζης,

313 1668 407 1722 τὴν
450 1666 743 1739 ἱερουργίαν
774 1666 800 1715 6
858 1663 1051 1737 μέλλων
1108 1662 1351 1715 ἐπιτελεῖν
1408 1665 1465 1714 τό
1510 1666 1755 1734 φώτισμα
1805 1658 1905 1733 βα-

2003 493 2160 550 doxa
2188 494 2537 550 communio
2557 500 2665 550 est.
2700 494 2788 551 Ad
2819 511 2922 552 eos
2949 500 3148 551 autem
3180 496 3283 567 qui
3314 512 3453 551 cum
3476 496 3665 553 haere-

2004 582 2135 638 ticis
2174 585 2642 651 communicant,
2672 600 2796 641 non
2833 584 3121 640 eundum.
3154 585 3217 640 ln
3245 585 3468 656 quibus
3498 586 3658 641 enim

2004 672 2208 729 animo
2236 672 2442 744 polluti
2468 677 2607 729 sunt
2635 674 2713 730 ob
2741 689 2962 745 panem
2993 673 3283 745 ipsorum,
3319 679 3372 731 et
3410 690 3663 747 corpore

2006 761 2370 833 polluentur.

2076 850 2474 922 Interrogatio
2516 851 2647 906 XIV.
2691 882 2759 891 —
2795 852 2875 906 De
2914 851 3242 924 baptismo,
3282 852 3385 908 ubi
3413 868 3534 909 non
3574 855 3671 908 est

2012 937 2269 996 Ecclesia
2296 956 2483 1012 quam
2512 940 2881 997 orthodoxus
2910 940 3247 1008 obtineat,si
3269 942 3405 1015 quis
3432 958 3467 997 a
3488 941 3668 998 nobis

2006 1032 2236 1103 poscat,
2262 1029 2363 1086 ubi
2385 1030 2622 1100 signare
2642 1036 2934 1102 oporteat,
2958 1030 3194 1097 docere,
3229 1036 3285 1088 et
3313 1030 3617 1104 baptizare
3653 1048 3667 1087 :

2008 1119 2218 1192 quales
2247 1124 2446 1176 autem.
2478 1124 2757 1193 parentes
2792 1136 2861 1177 ac
2893 1121 3136 1193 patrini.

2080 1210 2417 1278 Responsio.
2450 1240 2515 1249 —
2540 1208 2737 1278 Nefas,
2771 1213 2834 1264 ut
2864 1210 3089 1265 dictum
3121 1214 3230 1275 est,
3260 1210 3321 1267 in
3348 1210 3661 1267 ecclesiam

2011 1297 2263 1368 ingredi,
2288 1314 2423 1370 quae
2454 1299 2531 1357 ab
2559 1299 2837 1355 haeretico
2863 1300 3227 1356 detineatur:
3264 1306 3491 1373 quanto
3522 1317 3666 1358 vero

2014 1387 2207 1456 magis
2233 1403 2369 1459 quae
2403 1387 2585 1442 modo
2624 1394 3096 1444 commemorata
3122 1395 3260 1445 sunt
3289 1404 3466 1459 agere
3493 1390 3523 1442 ‘2
3562 1389 3669 1445 sed

2012 1482 2257 1548 propter
2284 1476 2395 1531 loci
2425 1477 2758 1548 penuriam,
2791 1478 2851 1533 in
2876 1477 3077 1533 locum
3100 1478 3322 1533 aedium
3346 1478 3668 1534 mundissi-

2016 1582 2185 1621 mum
2213 1581 2453 1621 necesse
2484 1572 2569 1621 est
2590 1566 2756 1621 abire
2783 1582 2793 1620 :
2818 1566 2917 1622 ubi
2936 1584 3115 1639 super
3136 1567 3303 1624 altari
3322 1574 3668 1626 consecrato

2015 1654 2107 1709 vel
2147 1670 2375 1720 mensa,
2408 1655 2511 1726 qui
2534 1670 2703 1710 sacro
2734 1654 2900 1727 fungi
2931 1656 3257 1712 ministerio
3284 1657 3480 1723 debet,
3520 1657 3674 1730 bap-

308 1754 555 1814 πτιζέτω.
613 1750 945 1825 Ἀναδόχους
1017 1749 1075 1805 δὲ
1158 1755 1380 1814 ἐκείνους
1434 1754 1727 1825 προσιτέον,
1790 1752 1906 1808 τοὺς

2035 1743 2260 1799 ηἱεωυω
2293 1743 2743 1799 illuminationis
2767 1745 3085 1816 impertiat.
3126 1746 3336 1801 Patrini
3360 1752 3563 1802 autem
3588 1746 3671 1803 illi

310 1843 370 1895 ού
435 1851 547 1903 τοῖς
614 1845 895 1917 αἰρετικοῖς
963 1850 1353 1907 κοινωνοῦντας,
1408 1846 1498 1893 καὶ
1558 1844 1740 1912 γονέας
1791 1841 1906 1899 τούς

312 1934 565 1993 ὡσαύτως
589 1933 1029 2005 πεφυλαγμένους.

386 2021 746 2097 Ἐρώτησις
774 2026 874 2079 ΙΕ”,
917 2052 985 2061 -
1026 2019 1174 2073 Εἰσὶν
1221 2018 1498 2078 ἐκκλησίαι
1546 2020 1772 2091 ἔχουσαι
1810 2014 1907 2069 δύο

313 2116 518 2183 κόγχας
560 2112 589 2170 ἦ
642 2116 732 2163 καὶ
781 2117 922 2185 τρεῖς
954 2126 966 2141 ³
1024 2112 1136 2162 ἔστι
1168 2105 1227 2162 δὲ
1257 2108 1311 2171 ἐξ
1353 2108 1520 2161 αύτῶν
1549 2112 1647 2179 μία
1678 2105 1909 2179 ἀνενθρο-

312 2205 523 2261 νίαστος
556 2220 568 2232 ·
595 2204 704 2274 χρὴ
740 2198 904 2252 ἐκεῖσε
926 2198 1319 2272 λειτουργῆσαι,
1348 2198 1377 2256 ἣ
1411 2201 1471 2249 ού
1500 2215 1513 2265 ;

388 2379 787 2449 Ἀπόκρισις.
856 2406 921 2419 ι-
955 2376 1075 2428 Ἐὰν
1128 2376 1229 2427 ὑπὸ
1279 2378 1364 2427 τὸν
1414 2372 1783 2448 ἀναφερόμενον
1828 2374 1909 2425 αἰ-

316 2472 516 2539 ρετικόν
565 2466 704 2518 ἐστιν
752 2467 781 2523 ἡ
836 2468 1051 2522 τοιαύτη
1123 2463 1388 2529 ίκκλησία,
1449 2462 1545 2515 κάν
1592 2468 1689 2536 μία
1737 2468 1909 2534 κόγχη

317 2560 377 2609 ού
416 2558 749 2627 καθιέρωται,
804 2554 861 2606 ού
906 2559 1015 2625 χρή
1061 2552 1375 2625 λειτουργεῖν
1427 2551 1528 2604 ἐκεῖ
1561 2568 1572 2580 ’
1606 2552 1651 2604 εἰ
1695 2548 1755 2604 δὲ
1783 2571 1914 2625 κρα-

316 2652 484 2698 τεῖται
535 2646 632 2696 ὑπὸ
691 2639 998 2718 ὀρθοδόξου,
1054 2647 1265 2695 ποιείτω
1316 2641 1640 2715 λειτουργίαν
1697 2641 1770 2704 εἰς
1819 2646 1911 2699 τὴν

316 2739 525 2806 κόγχην
556 2736 666 2793 ἣτις
696 2733 754 2784 ού
793 2734 1130 2806 καθιέρωται.

401 2834 756 2905 Ἐρώτησις
938 2861 1007 2872 -
1035 2831 1093 2883 Εἰ
1127 2826 1349 2883 δύναταί
1381 2849 1462 2891 τις
1506 2838 1771 2903 κρατῆσαι
1818 2834 1912 2888 τὴν

321 2928 599 2987 ἕκκλησίαν
666 2931 847 2995 αὐτοῦ,
914 2928 998 2980 ῖνα
1051 2932 1120 3001 μὴ
1175 2927 1549 3000 λειτουργῆται
1604 2929 1703 2979 ὑπὸ
1771 2929 1913 2999 αἱρε-

318 3018 468 3071 τικοῦ
521 3032 537 3046 ⁸
590 3023 749 3071 πόσον
800 3022 990 3091 χρόνον
1048 3017 1216 3080 ἔξεστι
1275 3016 1667 3090 σφαλισθῆναι’
1723 3020 1812 3069 καὶ
1862 3020 1912 3069 τί

319 3108 506 3181 ὀφείλει
542 3112 659 3181 περὶ
687 3108 850 3171 αύτῆς
892 3123 907 3175 ;

394 3198 802 3271 Ἀπόκρισις.
850 3227 920 3237 -
967 3203 1131 3249 Τοῦτο
1172 3195 1255 3268 ὑφ’
1303 3198 1449 3268 ἡμῶν
1497 3195 1556 3248 ού
1594 3194 1805 3248 λε’λυται
1853 3197 1912 3247 τό

321 3288 596 3359 κεφάλαιον
637 3303 650 3316 ·
695 3289 983 3340 ἐπισκόπου
1029 3288 1131 3360 γάρ
1184 3289 1297 3339 ἑστι
1324 3293 1419 3338 τοῦ
1447 3285 1657 3347 λύοντος
1704 3287 1799 3347 τὰς
1828 3284 1907 3337 ἐκ·

330 3376 426 3435 κλη
437 3381 575 3439 σίας.

392 3465 749 3540 Ἐρώτησις
782 3464 881 3519 ΙΖ’.
933 3495 1001 3507 -
1045 3464 1164 3518 Ἐὰν
1217 3461 1276 3518 δὲ
1319 3464 1448 3518 εἰσιν
1484 3462 1666 3538 ἄνδρες
1717 3483 1771 3517 τε
1824 3468 1914 3516 καὶ

317 3562 577 3627 γυναῖκες,
642 3554 812 3607 λαῑκοὶ
871 3556 1123 3628 αἰρετικοὶ
1170 3557 1270 3607 εῖτε
1320 3553 1420 3606 ἀπὸ
1474 3558 1755 3629 χωρικίας,
1815 3556 1917 3605 εἴτε

320 3647 543 3718 ἔμφυτον
573 3648 777 3716 ἔχοντες
824 3648 918 3703 τὴν
949 3647 1150 3718 αῖρεσιν
1188 3659 1201 3673 ’
1242 3644 1286 3696 εἰ
1332 3644 1526 3706 ἔξεστιν
1571 3643 1761 3696 ἐσθίειν
1805 3642 1915 3715 μετ’

323 3734 510 3802 αὐτῶν,
550 3734 579 3793 ἢ
620 3733 895 3807 λαμϐάνειν
925 3732 979 3796 ἓξ
1016 3733 1184 3785 αὐτῶν
1210 3738 1265 3787 τί
1286 3752 1429 3789 ποτε.

394 3825 794 3898 Ἀπόκρισις,
834 3854 902 3863 -
933 3826 1065 3875 Οὔτε
1106 3823 1149 3875 εἰ
1194 3822 1249 3875 ἐκ
1278 3826 1553 3884 κακονοίας
1601 3824 1732 3875 εἰσὶν
1778 3823 1916 3894 αἱρε-

321 3918 479 3980 τικοὶ,
530 3916 643 3965 οὔτε
673 3914 715 3965 εἰ
744 3912 797 3975 ἐξ
827 3912 1071 3985 ἀμαθίας,
1104 3912 1299 3975 ἔξεστιν
1341 3913 1371 3971 ἦ
1429 3911 1621 3965 ἐσθίειν
1653 3913 1683 3971 ἢ
1720 3910 1917 3984 λαμϐά-

321 4022 422 4055 νειν
470 4005 537 4055 τὰ
580 4002 706 4076 παρ’
746 4002 913 4055 αὐτῶν
959 4006 1405 4074 προσενενηγμένα
1430 4017 1445 4032 ⁸
1480 4005 1573 4054 ούκ
1603 3998 1728 4054 οἶδα
1757 4001 1801 4053 εἰ
1839 4005 1911 4073 μή

321 4111 373 4144 τι
399 4093 449 4144 οἰ
475 4092 685 4162 ἀμαθεῖς
717 4089 1068 4165 βελτιωθίντες
1100 4087 1398 4164 ὁρθοδοξείν
1421 4088 1843 4162 ἕπαγγῖλλονται.

397 4179 740 4254 Ἐρώτησις
793 4179 899 4237 ΙΗ’.
933 4210 1001 4221 -
1032 4182 1158 4253 Περὶ
1184 4187 1274 4233 τοῦ
1306 4184 1497 4253 πατρὸς
1526 4199 1649 4252 μου,
1682 4179 1726 4232 εἰ
1774 4181 1914 4232 ἔστιν

322 4269 468 4333 ἄξιος
494 4270 564 4333 εἰς
590 4270 916 4343 λειτουργίαν
948 4271 1363 4342 μνημονεύεσθαι
1378 4285 1393 4338 ;

398 4360 630 4432 Ἀπόκρ
649 4380 664 4411 ι
683 4379 746 4411 σι
769 4380 809 4420 ς.
843 4391 910 4401 -
931 4362 1049 4411 Εἴτε
1076 4363 1272 4433 πατὴρ,
1301 4362 1400 4411 εἶτε
1428 4363 1626 4431 μήτηρ,
1651 4360 1749 4410 εἴτε
1769 4354 1917 4410 ἀδελ-

2016 1832 2395 1901 admittendi,
2419 1834 2521 1904 qui
2552 1849 2688 1888 cum
2719 1833 3009 1889 haereticis
3038 1850 3158 1891 non
3179 1835 3628 1893 communicent
3655 1852 3669 1893 :

2016 1927 2292 1995 parentes
2320 1921 2586 1978 similiter
2606 1923 2850 1993 integrae
2880 1923 3038 1979 ﬁdei.

2086 2012 2485 2082 Interrogatio
2535 2013 2642 2067 XV.
2687 2042 2756 2051 —
2804 2013 2951 2069 Sunt
3004 2012 3287 2080 ecclesiae,
3322 2031 3457 2087 quae
3516 2016 3673 2072 duas

2016 2099 2241 2157 habent
2268 2106 2372 2156 aut
2408 2107 2525 2156 tres
2565 2100 2848 2157 aediculas
2881 2120 2895 2169 ;
2936 2117 3009 2158 ex
3048 2102 3139 2159 his
3180 2110 3383 2160 autem
3424 2119 3545 2160 una
3584 2108 3674 2161 est

2019 2206 2203 2263 quam
2224 2204 2404 2246 nemo
2437 2191 2771 2263 occuparit:
2790 2195 2986 2246 utrum
3002 2190 3092 2248 fas
3108 2191 3189 2248 ibi
3203 2207 3439 2249 sacrum
3454 2192 3675 2251 faceret

2020 2294 2227 2335 annon
2252 2278 2280 2335 ‘i

2091 2369 2438 2439 Responsio.
2478 2400 2544 2409 —
2594 2367 2653 2424 Si
2682 2384 2866 2441 penes
2914 2370 3260 2427 haereticum
3301 2371 3672 2429 declaratum

2021 2459 2319 2530 ejusmodi
2361 2458 2609 2514 ecclesia
2656 2464 2761 2523 est,
2818 2461 2924 2515 etsi
2975 2476 3095 2517 una
3134 2461 3389 2517 aedicula
3436 2462 3511 2517 sit
3551 2477 3673 2517 non

2023 2548 2316 2613 dedicata,
2350 2547 2516 2604 nefas
2558 2548 2637 2603 ibi
2668 2564 2909 2604 sacrum
2948 2548 3141 2605 facere
3187 2565 3201 2605 :
3240 2551 3289 2605 si
3321 2567 3457 2607 vero
3485 2566 3672 2623 penes

2022 2638 2424 2694 orthodoxum
2456 2635 2654 2706 fuerit,
2686 2654 2924 2693 sacrum
2954 2645 3273 2712 peragatur
3318 2640 3381 2695 in
3420 2639 3674 2697 aedicula

2021 2742 2158 2799 qua:
2205 2742 2325 2782 non
2358 2732 2446 2781 est
2472 2725 2768 2784 dedicata.

2094 2815 2495 2885 Interrogatio
2527 2817 2657 2871 XVI.
2687 2846 2755 2857 —
2784 2816 2838 2872 Si
2885 2821 3077 2888 potest
3131 2818 3233 2890 qui
3274 2819 3528 2875 ecclesia
3563 2835 3674 2877 sua

2021 2905 2216 2977 potiri,
2244 2910 2309 2960 ut
2334 2920 2408 2960 ne
2431 2921 2668 2961 sacrum
2688 2906 2746 2961 in
2769 2921 2839 2961 ea
2864 2907 3178 2962 haereticus
3206 2907 3416 2974 faciat;
3442 2913 3674 2980 quanto

2020 2998 2279 3066 tempore
2291 2993 2466 3050 debet
2480 2999 2845 3066 exspectare:
2867 2996 3074 3068 etquid
3092 2995 3164 3052 de
3177 3013 3247 3052 ea
3260 2998 3636 3054 statuendum
3650 2998 3679 3054 Ῡ

1942 3117 1983 3173 C
2091 3084 2430 3153 Responsio.
2462 3114 2529 3125 -—
2560 3087 2688 3139 Non
2718 3090 3006 3153 jnostrum
3035 3090 3122 3141 est
3172 3086 3309 3142 huic
3364 3087 3539 3159 capiti
3586 3104 3684 3145 sa-

2021 3174 2292 3230 tisfacere
2325 3190 2338 3228 :
2368 3177 2454 3229 est
2478 3172 2639 3228 enim
2689 3174 2972 3245 episcopi,
3007 3190 3044 3231 a
3068 3190 3191 3247 quo
3240 3174 3550 3232 solvuntur
3592 3192 3686 3233 ec-

2025 3262 2243 3317 clesiae.

2095 3458 2493 3528 Interrogatio
2536 3457 2767 3513 XVll.—
2800 3458 2856 3515 Si
2904 3460 3007 3532 qui
3054 3461 3253 3514 autem
3296 3463 3433 3515 sunt
3464 3460 3572 3519 viri
3610 3479 3683 3521 ac

2023 3546 2301 3602 mulieres
2332 3563 2363 3601 e
2387 3546 2554 3603 laicis
2576 3547 2681 3619 qui
2697 3547 2791 3602 vel
2802 3548 2881 3604 ob
2894 3548 3301 3614 rusticitatem,
3317 3549 3410 3605 vel
3422 3552 3501 3608 ob
3516 3553 3687 3610 inna-

2024 3640 2147 3691 tam
2196 3635 2473 3691 haeresim
2524 3635 2641 3691 sint
2694 3636 2953 3705 haeretici
2982 3653 2994 3692 :
3024 3654 3102 3694 an
3140 3637 3315 3695 liceat
3369 3655 3509 3697 cum
3538 3642 3684 3715 ipsis

2022 3724 2220 3794 edere,
2252 3730 2355 3780 aut
2372 3725 2640 3795 accipere
2671 3726 3009 3799 quidquam
3040 3727 3119 3783 ab
3144 3727 3319 3799 ipsis.

2092 3814 2436 3882 Responsio.
2468 3844 2533 3854 —
2560 3816 2764 3886 Neque
2791 3816 2839 3870 si
2869 3832 2942 3871 ex
2970 3816 3157 3873 animi
3183 3819 3472 3889 pravitate
3499 3819 3688 3876 haere-

2022 3902 2126 3957 tici
2169 3907 2324 3967 sunt,
2358 3918 2553 3975 neque
2594 3901 2643 3957 si
2673 3918 2745 3959 ex
2784 3903 3140 3973 ignorantia,
3182 3912 3286 3963 aut
3322 3909 3497 3964 edere
3526 3908 3683 3975 licet,

2023 3996 2126 4048 aut
2156 3990 2428 4062 accipere
2459 4007 2595 4062 quas
2622 3997 2760 4048 sunt
2790 3993 2868 4049 ab
2893 3994 2963 4049 iis
2991 3994 3195 4053 oblata
3224 3998 3374 4053 :nisi
3395 3998 3543 4054 forte
3587 4014 3687 4054 ru-

2022 4080 2219 4137 diores
2246 4080 2570 4146 emendati,
2595 4088 2751 4138 recte
2781 4085 2997 4139 sentire
3027 4099 3089 4139 se
3110 4085 3484 4156 proﬁtentur.

2093 4171 2493 4241 Interrogatio
2552 4170 2740 4226 XVlll.
2780 4201 2849 4212 —
2911 4174 2989 4227 De
3042 4178 3209 4245 patre
3262 4191 3416 4241 meo,
3475 4180 3679 4233 utrum

2024 4275 2132 4332 par
2170 4265 2259 4316 est
2283 4276 2423 4316 eum
2453 4260 2511 4316 in
2535 4276 2597 4316 re
2637 4260 2845 4317 divina
2874 4265 3336 4320 commemorari
3366 4264 3395 4319 ‘?

2094 4351 2431 4418 Responsio.
2463 4378 2523 4390 —
2561 4350 2692 4405 Sive
2719 4356 2906 4421 pater,
2940 4350 3064 4406 sive
3092 4358 3296 4419 mater,
3330 4353 3450 4410 sive
3480 4354 3681 4422 frater,

323 4452 437 4522 φὸς,
491 4449 519 4506 ἡ
578 4450 823 4501 ὁστισοῦν
892 4447 1042 4511 ἄλλος
1107 4447 1407 4520 κατελείφθη
1470 4451 1632 4520 μέχρι
1692 4449 1907 4501 θανάτου

2035 4455 2129 4495 seu
2149 4438 2349 4511 quivis
2380 4438 2551 4505 alius,
2584 4438 2992 4510 deprehensus
3022 4440 3195 4496 fuerit
3218 4442 3296 4498 ad
3323 4442 3554 4499 obitum
3585 4460 3688 4498 us-

322 4545 577 4591 κοινωνῶν
620 4546 682 4610 τῇ
737 4540 951 4611 αἱρέσει,
1031 4541 1340 4612 προείρηται
1415 4536 1462 4588 ἓν
1542 4545 1614 4608 τῷ
1682 4535 1915 4611 ἀνωτέρω

322 4623 602 4696 κεφαλαίῳ,
658 4627 728 4694 μὴ
780 4624 1192 4695 μνημονεύεσθαι
1255 4624 1303 4675 ἐν
1354 4629 1415 4694 τῇ
1472 4621 1769 4696 λειτουργίᾳ
1801 4638 1814 4652 ·
1873 4623 1918 4675 εἰ

323 4717 396 4785 μή
451 4731 502 4764 τι
548 4712 768 4772 ἕκαστος
814 4714 947 4763 κατὰ
1004 4707 1240 4764 διάνοιαν
1297 4710 1461 4763 ἕλοιτο
1505 4712 1759 4782 εὔχεσθαι
1796 4716 1915 4784 περὶ

323 4810 422 4853 τῶν
477 4802 738 4866 τοιούτων,
789 4805 881 4853 καὶ
931 4802 1058 4875 ὑπὲρ
1108 4804 1276 4853 αὐτῶν
1328 4807 1492 4852 ποιεῖν
1546 4798 1913 4871 ἐλεημοσύνας.

322 4897 436 4950 Πῶς
486 4892 586 4962 γὰρ
640 4888 701 4941 ἀν
750 4890 775 4941 ὁ
832 4891 906 4941 ἔτι
960 4889 1082 4955 ζῶν,
1124 4893 1358 4961 μετέχων
1412 4908 1467 4941 τε
1504 4896 1601 4948 τῆς
1648 4890 1915 4962 αἱρετικῆς

690 4982 780 5031 καὶ
858 4978 1017 5038 οὕτως
1075 4977 1425 5049 ἐκκομισθεὶς,
1484 4977 1811 5051 ληφθήσεται
1867 4981 1916 5030 ἐν

318 5070 671 5141 μνημοσύνοις
722 5069 857 5119 κατὰ
895 5071 988 5125 τὴν
1026 5072 1403 5139 μυσταγωγίαν
1442 5076 1541 5120 τῶν
1575 5064 1866 5141 ὀρθοδόξων
1900 5085 1913 5137 ;

323 5154 593 5229 ούδαμῶς.

392 5253 571 5299 Ταῦτα
646 5246 705 5299 ού
784 5253 1065 5308 κανονικῶς
1153 5244 1481 5319 ἐφθεγξάμην
1543 5262 1554 5277 ·
1620 5244 1914 5298 ἐπισκόπων

321 5338 425 5409 γὰρ
458 5342 611 5388 τοῦτο
645 5351 657 5364 ·
703 5334 833 5387 ἀλλά
863 5334 1313 5408 συμϐουλευτικῶς
1348 5334 1400 5397 ἐξ
1454 5334 1664 5406 ἀγάπης
1694 5352 1704 5364 ·
1762 5330 1915 5387 οὐδὲν

321 5427 425 5498 γὰρ
485 5422 692 5495 ἀγάπης
743 5422 1161 5497 ἀναγκαιότερον,
1214 5423 1574 5496 φθεγξάμενος.
1630 5423 1689 5477 Εἰ
1745 5419 1805 5476 δέ
1867 5442 1918 5476 τι

324 5521 388 5586 τῇ
444 5512 681 5586 εὐλαϐείᾳ
728 5532 823 5565 σου
876 5513 1039 5575 ἄλλως
1086 5509 1432 5585 δοκιμάζεται
1474 5512 1859 5585 οἰκονομεῖσθαι
1899 5529 1913 5544 ·

328 5604 479 5674 ἡμεῖς
524 5606 643 5678 περὶ
691 5604 877 5655 τούτου
928 5600 1075 5673 λόγον
1127 5600 1221 5654 ούκ
1268 5604 1475 5675 ἔχομεν,
1518 5602 1547 5662 ἦ
1590 5604 1647 5656 τό
1702 5601 1918 5666 ἐξαιτεῖ-

319 4983 609 5045 κοινωνίας,

2025 4545 2143 4602 que
2155 4530 2693 4585 communicavisse
2706 4528 2915 4585 haeresi
2932 4545 2945 4595 ;
2961 4531 3363 4588 anteadictum
3376 4535 3533 4589 estin
3547 4550 3690 4606 sup-

2026 4619 2257 4690 periore
2285 4618 2499 4687 capite,
2524 4632 2648 4673 non
2675 4633 2805 4672 esse
2828 4620 3183 4676 memoriam
3203 4620 3357 4677 illius
3396 4622 3457 4679 in
3486 4638 3549 4679 re
3588 4638 3688 4680 sa-

2025 4724 2128 4763 cra
2153 4706 2494 4763 faciendam
2527 4706 2670 4761 :sed
2694 4711 2897 4763 tamen
2934 4709 3193 4782 quisque
3223 4726 3429 4767 secum
3458 4712 3519 4766 in
3550 4712 3683 4768 ani-

2026 4812 2126 4852 mo
2157 4796 2384 4867 precari
2410 4811 2520 4867 pro
2556 4795 2647 4851 his
2678 4796 2728 4851 si
2766 4795 2932 4852 lubet
2970 4803 3183 4869 potest,
3218 4815 3289 4856 ac
3329 4815 3438 4871 pro
3469 4800 3684 4858 iisdem

2025 4886 2443 4957 eleemosynas
2464 4900 2736 4955 erogare.
2769 4887 3085 4951 Quomodo
3107 4888 3286 4955 enim,
3302 4889 3406 4961 qui
3428 4889 3575 4945 dum
3598 4890 3689 4946 vi-

2026 4980 2207 5039 veret,
2229 4976 2524 5047 particeps
2555 4975 2662 5031 fuit
2689 4974 2974 5031 haereticas
3013 4978 3475 5044 communionis,
3512 4984 3567 5035 et
3598 4980 3684 5036 sic

2026 5066 2216 5122 elatus
2231 5065 2637 5138 sepultusque,
2654 5064 2850 5121 locum
2864 5066 3176 5123 habebitin
3190 5068 3514 5142 diptychis,
3530 5070 3680 5128 dum

2025 5172 2151 5212 rem
2195 5172 2432 5212 sacram
2474 5161 2767 5227 peragunt
2804 5156 3121 5213 orthodoxi
3160 5158 3189 5214 ‘t
3220 5160 3466 5217 minime
3507 5176 3674 5217 sane.

2099 5248 2230 5300 Haec
2251 5261 2362 5315 ego
2390 5260 2509 5299 non
2535 5250 2819 5316 tanquam
2844 5246 3121 5302 sanciens
3145 5247 3340 5318 legem
3366 5268 3378 5308 :
3406 5266 3548 5305 nam
3572 5250 3685 5306 hoc

2030 5350 2249 5389 munus
2296 5334 2717 5406 episcoporum
2752 5340 2881 5389 est:
2913 5335 3019 5390 sed
3075 5352 3147 5391 ex
3203 5338 3489 5394 charitate
3539 5354 3681 5395 con-

2028 5423 2160 5479 silio
2187 5424 2409 5495 juvans
2438 5423 2573 5478 dico
2606 5439 2618 5477 :
2653 5422 2801 5477 nihil
2839 5423 2999 5479 enim
3036 5425 3321 5482 charitate
3361 5428 3555 5499 magis
3588 5444 3688 5485 ne-

2028 5513 2350 5569 cessarium
2378 5516 2487 5569 est.
2522 5512 2577 5569 Si
2608 5527 2747 5568 vero
2765 5512 2930 5569 aliter
2950 5513 3427 5587 dispensandum
3454 5518 3683 5574 videtur

2028 5602 2232 5676 pietati
2263 5606 2377 5659 tuae
2409 5618 2423 5657 :
2457 5616 2566 5659 nos
2605 5600 2681 5659 de
2723 5617 2796 5663 ea
2840 5617 2904 5661 re
2946 5603 3095 5662 nihil
3131 5605 3429 5665 habemus
3461 5605 3676 5675 dicere,
