4058 6274
485 291 619 348 1667

1751 288 1810 349 s.
1855 264 2222 350 resonent
2262 291 2588 351 srumm

3684 295 3829 355 1668

454 417 586 473 ‘nisi
616 417 783 490 quod
812 421 1049 474 sanctas
1077 421 1303 475 vestras
1331 433 1540 491 preces
1577 419 1939 490 ﬂagitamus,
1981 436 2123 492 quo-

2241 422 2366 473 σθαι
2394 423 2535 495 ὑμῶν
2565 424 2657 484 τὰς
2701 423 2852 493 ἁγίας
2889 425 3217 498 προσευχὰς,
3260 424 3341 476 ὅτι
3386 421 3682 499 ἁμαρτωλοὶ
3731 425 3829 477 ἄν-

470 506 636 563 niam
675 507 953 563 homines
973 508 1232 579 peccatis
1261 507 1504 564 obnoxii
1534 524 1768 564 sumus.

473 613 674 670 CCXX.
690 644 756 653 —-
768 614 978 670 Sancti
995 613 1193 670 Patris
1204 615 1391 669 nostri
1402 621 1455 671 et
1467 616 1821 684 confessoris
1841 615 2130 672 Theodori

537 685 812 755 praesidis
840 687 1269 742 monachorum
1295 685 1489 742 Studii
1509 687 1756 756 epistola
1777 689 1856 744 ad
1873 688 2130 757 spatha-

542 757 719 827 riam,
751 759 849 814 cui
877 773 1090 814 nomen
1115 758 1430 815 Machara.

2241 511 2438 583 θρωποι
2467 512 2817 584 τυγχάνομεν.

2239 616 2364 673 ΣΚ¹,
2395 649 2460 659 -
2487 617 2836 693 Τοῦ-ὁσίου
2879 621 3129 693 Πατρὸς
3169 620 3342 691 ἡμῶν
3381 623 3488 671 καὶ
3524 617 3834 693 ὁμολογη-

2310 696 2419 763 τοῦ
2487 688 2830 763 Θεοδώρου
2901 687 3263 763 ἡγούμένού
3331 699 3447 742 τῶν
3509 687 3833 744 Στουδίου

2311 710 2419 742 του
2487 710 2708 743 υεοσω
2764 710 2830 743 ου
2901 710 3263 763 ηγουμενου
3331 711 3447 742 των
3509 710 3833 744 ιτουοιου

2311 759 2619 837 ἐπιστολῇ
2655 710 2923 837 (ίςπρός
2961 768 3069 822 τὴν
3112 764 3481 837 σπαθαρίαν
3510 763 3610 835 (2),
3645 763 3717 825 ἧς
3763 765 3836 816 τὸ

2312 834 2511 905 ὄνομα
2559 834 2869 910 Μαχαρᾶ.

1459 945 1618 1009 (Aug.
1662 944 1787 1003 MAI,
1817 944 2065 994 Biblioth.
2099 960 2219 996 nov.
2257 947 2424 1008 Patr.,
2455 951 2492 998 t.
2518 949 2602 1005 IV,
2631 965 2690 1014 p.
2732 951 2834 1014 99.)

546 1049 597 1099 1.
653 1042 807 1110 Quid
864 1042 976 1099 sibi
1027 1042 1154 1098 vult
1195 1042 1448 1114 pulchra
1496 1043 1746 1115 epistola
1802 1043 2126 1100 nobilitatis

471 1147 612 1212 tuae,
645 1141 994 1214 provinciali
1036 1156 1312 1196 sermone
1338 1140 1577 1207 dictata,
1610 1149 1666 1196 et
1701 1141 1867 1213 quod
1907 1141 2126 1197 mirum

469 1235 578 1297 est,
629 1230 832 1287 statim
881 1246 1002 1302 prae
1061 1246 1122 1286 se
1172 1229 1369 1285 ferens
1427 1230 1634 1286 tuimet
1679 1230 2126 1295 revelationem,

2311 1046 2476 1117 [ϐοά.
2531 1049 2661 1103 Vat.
2695 1048 2821 1111 633,
2853 1046 2894 1102 f.
2941 1046 3020 1119 1.]
3073 1046 3140 1101 α’.
3191 1051 3254 1099 Τί
3287 1045 3418 1105 καλὴ
3460 1045 3703 1104 ἐπιστολὴ
3741 1054 3838 1110 τῆς

2239 1135 2490 1207 εὐγενείας
2569 1155 2686 1199 σου,
2749 1143 2812 1208 τῇ
2873 1133 3115 1209 ἐγχωρίῳ
3177 1139 3266 1208 μὲν
3329 1143 3464 1208 φωνῇ
3545 1137 3834 1208 ὑπηγορευ-

2239 1228 2386 1295 μένη,
2438 1228 2528 1277 καὶ
2589 1227 2646 1276 τὸ
2702 1220 3002 1296 παράδοξον
3054 1222 3268 1286 ἐξάπινα
3331 1228 3425 1282 τὴν
3501 1222 3836 1296 ἐξαγόρευσιν

468 1324 761 1391 tanquam
802 1319 922 1374 Deo
952 1324 1186 1390 gratum
1233 1335 1455 1373 munus
1483 1319 1513 1370 ‘?
1539 1318 1642 1374 Vel
1696 1334 1800 1373 cur
1838 1333 1980 1389 erga
2020 1335 2123 1375 nos

2240 1316 2486 1386 φέρουσα,
2536 1314 2709 1387 ὥσπερ
2757 1333 2807 1366 τι
2848 1309 2992 1366 ἕδνον
3044 1312 3430 1385 θεοχάριστονέ
3475 1312 3632 1368 Ἀλλὰ
3679 1316 3837 1367 πόθεν

469 1413 814 1481 peccatores
840 1413 1006 1464 tanta
1028 1413 1129 1462 tua
1150 1407 1373 1463 ﬁducia
1398 1412 1454 1463 et
1472 1411 1592 1463 tam
1617 1409 1716 1478 pia
1737 1405 1946 1463 eﬁ‘usio
1967 1409 1995 1460 τ.)
2016 1408 2131 1464 nisi

454 1497 693 1554 "scilicet
736 1503 796 1552 ut
836 1497 1013 1553 nobis
1062 1496 1416 1562 innotescat,
1463 1495 1626 1568 quali
1671 1503 1729 1550 tu
1783 1503 2132 1569 quantaque

467 1587 688 1658 pietate
720 1585 800 1640 sis
833 1602 846 1650 ;
880 1600 1014 1657 quae
1045 1593 1103 1640 et
1141 1584 1456 1640 dominum
1499 1590 1799 1656 caputque
1831 1589 1995 1640 tuum
2027 1583 2132 1656 (vi-

466 1690 602 1730 rum
632 1674 872 1745 scilicet)
901 1680 1096 1729 tecum
1119 1673 1400 1745 perducis
1431 1691 1443 1741 ;
1477 1673 1841 1746 insuperque
1896 1673 2132 1729 inidem

467 1763 672 1828 trahis,
707 1779 815 1819 ceu
859 1763 1037 1834 quasi
1087 1763 1184 1817 Dei
1231 1777 1444 1818 mensa
1489 1762 1742 1832 dignum
1786 1762 2128 1835 opsonium,

467 1851 749 1908 dominas
780 1867 1023 1922 quoque
1052 1866 1305 1906 sorores.
1345 1851 1509 1906 Adeo
1549 1851 1837 1906 mirabilis
1885 1857 1976 1906 est
2012 1851 2132 1922 epi-

469 1941 623 1998 stola
653 1945 778 2008 tua,
806 1944 862 1995 et
901 1941 1136 2012 pietatis
1184 1944 1392 1995 vestrae
1435 1939 1760 2009 imaginem
1804 1940 2130 1995 ostendens

467 2029 978 2103 speciosissimam
1015 2029 1026 2083 l
1055 2031 1185 2085 iam
1224 2024 1559 2100 vero‘,quod
1581 2029 1994 2100 vosmetipsos
2015 2027 2124 2083 hu-

465 2119 698 2176 militati
731 2134 878 2174 meae
929 2117 1308 2184 tradideritis,
1352 2117 1496 2172 mihi
1546 2115 1744 2173 dicere
1793 2133 1912 2173 non
1943 2114 2126 2172 licet:

464 2213 878 2264 verumtamen
908 2206 1073 2262 haud
1098 2205 1264 2271 mihi,
1300 2205 1406 2261 sed
1431 2208 1548 2262 Deo
1585 2213 1814 2262 vosmet
1845 2206 2120 2262 tradatis.

470 2293 874 2360 Quamobrem
905 2297 961 2347 et
991 2292 1064 2347 de
1092 2298 1283 2347 vestra
1321 2291 1612 2363 prteclara
1647 2291 1762 2348 vita
1794 2291 1984 2347 laetari
2032 2290 2132 2348 de-

470 2382 706 2448 bemus,
737 2386 793 2438 et
807 2381 980 2437 vobis
1005 2385 1212 2436 sancta
1229 2381 1433 2436 omnia
1455 2380 1704 2452 precari,
1729 2379 1910 2452 idque
1933 2379 2129 2436 solum

470 2471 728 2543 quodin
772 2474 976 2526 nostra
1020 2474 1312 2542 potestate
1349 2476 1435 2524 est
1474 2469 1698 2539 largiri,
1736 2474 2007 2525 nostrum
2046 2469 2130 2525 vi-

466 2559 675 2617 delicet
697 2559 1030 2631 simplicem
1062 2573 1399 2615 sermonem
1433 2578 1444 2617 :
1485 2575 1667 2631 quem
1696 2574 1856 2614 nunc
1884 2575 2128 2632 quoque

463 2650 823 2722 praebentes,
866 2647 1255 2703 sciscitamur.

535 2744 590 2795 2.
616 2739 731 2794 Cur
759 2744 844 2805 tu,
878 2755 913 2794 ο
943 2737 1300 2804 veneranda,
1329 2753 1364 2792 a
1387 2753 1479 2792 me
1507 2737 1692 2807 exigis
1728 2743 1792 2794 ut
1820 2737 1895 2793 de
1925 2738 2128 2794 divina

463 2829 890 2885 communione
919 2827 1152 2899 loquar,
1199 2833 1255 2882 et
1299 2842 1406 2881 cur
1455 2833 1514 2881 tu
1555 2827 1682 2896 jam
1741 2843 1777 2883 a
1828 2832 1909 2882 tot
1953 2828 2124 2883 annis

462 2933 597 2975 raro
628 2933 698 2974 ea
724 2918 904 2972 uteris
933 2934 945 2971 :
976 2916 1194 2970 etenim
1233 2916 1348 2971 hoc
1389 2915 1516 2970 sine
1548 2915 1750 2987 aliqua
1789 2932 1973 2972 causa
2001 2916 2123 2972 ﬁeri

459 3022 585 3064 non
610 3006 807 3063 debet.
842 3005 1070 3077 Quippe
1103 3020 1295 3076 neque
1311 3019 1448 3060 raro
1475 3020 1671 3076 neque
1696 3004 1986 3076 quotidie,
2018 3006 2122 3060 sed

441 3104 601 3152 “cum
623 3111 774 3168 pura
805 3094 1167 3150 conscientia
1196 3093 1680 3165 participandum
1703 3099 1812 3148 est.
1831 3094 1984 3150 Nam
2016 3097 2124 3166 qui

460 3186 720 3256 indigne,
750 3184 940 3256 inquit
971 3184 1292 3254 Scriptura,
1327 3181 1650 3239 manducat
1691 3183 1744 3238 ei
1779 3182 1942 3249 bibit,
1953 3183 2122 3253 judi-

461 3275 620 3332 cium
647 3274 760 3330 sibi
778 3273 1103 3330 manduca:
1130 3279 1179 3328 et
1207 3272 1368 3338 bibit,
1395 3288 1514 3327 non
1541 3271 1883 3341 dijudicans
1905 3287 2120 3341 corpus

458 3365 717 3421 Domini.
750 3363 935 3434 igitur
959 3363 1005 3417 si
1030 3362 1144 3417 hac
1187 3362 1433 3427 ratione,
1489 3360 1918 3417 conscientiam
1957 3367 2117 3417 tuam

459 3456 863 3526 perscrutans,
895 3457 951 3507 et
989 3457 1324 3506 reverenter
1355 3456 1408 3506 te
1448 3464 1677 3520 gerens,
1722 3450 2122 3521 procrastina-

439 3543 563 3612 "ris,
594 3543 746 3597 bene
769 3546 855 3596 est
880 3557 900 3607 ;
929 3540 1052 3596 sive
1085 3540 1144 3594 id
1176 3539 1341 3594 brevi
1382 3539 1506 3594 sive
1544 3539 1813 3608 longiore
1854 3544 2121 3611 tempore

461 3631 560 3689 ﬁat
592 3649 604 3686 :
636 3626 958 3702 nullusque
999 3628 1151 3685 alius
1182 3629 1323 3684 huic
1363 3629 1444 3683 rei
1495 3628 1782 3684 terminus
1828 3629 2119 3697 assignari

458 3725 675 3794 potest,
693 3736 880 3792 quam
898 3735 1036 3774 cum
1067 3734 1240 3789 puro,
1259 3722 1556 3790 quatenus
1577 3717 1806 3772 homini
1836 3718 2120 3789 possibile

439 3813 570 3876 est,
613 3808 792 3865 corde
840 3823 1142 3864 accessus.
1177 3806 1346 3871 Quod
1405 3806 1452 3860 si
1478 3805 1581 3876 qui
1619 3806 1796 3877 culpa
1838 3811 2121 3875 gravatur

457 3914 595 3971 quae
617 3915 652 3954 a
681 3897 1106 3954 communione
1136 3895 1430 3967 prohibet,
1465 3895 1513 3949 is
1549 3899 1678 3949 tum
1713 3895 1957 3950 demum
1980 3911 2121 3967 par-

459 3987 748 4060 ticipabit,
775 4002 914 4042 cum
944 3987 1291 4057 impositam
1325 4000 1564 4055 pcenam
1599 3983 2120 4056 expleverit.Quod

2239 1403 2383 1474 ἡμῶν
2416 1405 2573 1455 ὄντων
2617 1401 2955 1475 ἁμαρτωλῶν,
3011 1403 3040 1460 ἠ
3093 1404 3325 1462 τοσαύτη
3378 1421 3472 1454 σου
3520 1406 3692 1464 πίστις
3746 1413 3838 1460 καὶ

2240 1489 2456 1552 εὐσεϐὴς
2505 1490 2759 1564 ἐπίχυσις
2793 1509 2807 1560 ;
2838 1490 2906 1544 Ἢ
2968 1491 3052 1543 ἱνα
3095 1496 3187 1544 καὶ
3243 1493 3368 1563 ἡμῖν
3427 1493 3711 1562 γνωσθείη,
3759 1498 3839 1554 τίς

2238 1585 2327 1633 καὶ
2360 1586 2568 1640 ποταπή
2620 1583 2880 1656 ὑπάρχεις
2923 1584 3018 1640 τὴν
3081 1579 3361 1646 εὐσέϐειαν,
3396 1580 3841 1652 συλλαμϐάνουσα

2239 1669 2352 1740 μεθ’
2393 1669 2582 1731 ἑαυτῆς
2636 1672 2722 1722 τὸν
2779 1672 2967 1744 Κύριον
3014 1673 3101 1721 καὶ
3149 1668 3386 1740 κεφαλὴν,
3425 1667 3554 1722 ἆλλὰ
3601 1674 3698 1742 μὴν
3746 1675 3841 1722 καὶ

2244 1759 2664 1831 συνεφελκομένη,
2750 1761 2983 1832 καθάπερ
3041 1777 3092 1810 τι
3171 1757 3390 1829 ὀψώνιον
3472 1759 3838 1832 θεοτράπεζον,

2239 1851 2329 1899 καὶ
2373 1850 2459 1908 τὰς
2495 1852 2676 1922 κυρίας
2723 1849 2815 1908 σὰς
2868 1843 3108 1919 ἀδελφάς.
3155 1847 3307 1899 Οὕτω
3349 1850 3438 1919 μὲν
3490 1843 3576 1899 οὖν
3629 1849 3842 1922 θεοπρε-

2239 1938 2402 1998 πὴςῆ
2445 1936 2709 2002 ἐπιστολὴ,
2753 1941 2844 1989 καὶ
2895 1939 2980 1988 τὸν
3019 1943 3113 1998 τῆς
3160 1935 3423 1998 εὐσεϐείας
3472 1937 3613 2009 ὑμῶν
3655 1957 3841 2013 χαρα-

2238 2034 2410 2099 κτῆρα
2457 2023 2877 2080 ὑποδεικνύουσα
2929 2028 3247 2099 ὡραιότατον
3281 2025 3293 2079 l
3346 2027 3476 2097 Ἐγὼ
3518 2022 3576 2078 δὲ
3614 2029 3745 2100 πρὸς
3773 2031 3835 2080 τὸ

2237 2113 2400 2186 λέγειν
2449 2111 2822 2169 ἐπιδεδωκέναι
2853 2116 2990 2187 ὑμᾶς
3039 2120 3129 2168 καὶ
3186 2117 3376 2176 αὐτοὺς
3422 2123 3482 2188 τῇ
3531 2113 3624 2187 ἐμῇ
3657 2135 3837 2168 ταπει-

2237 2210 2412 2276 νώσει,
2467 2206 2572 2278 οὐχ
2623 2208 2795 2267 ἱκανός
2825 2204 2968 2277 εἰμι·
3023 2205 3153 2264 πλὴν
3201 2204 3306 2276 οὐχ
3350 2205 3496 2273 ἡμῖν,
3545 2203 3674 2256 ἀλλά
3717 2212 3836 2276 Θεῷ

2239 2294 2456 2356 ἑαυτοὺς
2503 2290 2815 2349 ἐπιδίδοιτε.
2849 2296 2944 2346 Διὰ
2988 2300 3140 2346 τοῦτο
3204 2292 3457 2365 ὀφειλέται
3512 2294 3684 2366 ἐσμεν,
3741 2300 3834 2347 καὶ

2236 2389 2446 2456 χαίρειν
2479 2382 2560 2436 ἐπὶ
2591 2391 2654 2457 τῇ
2705 2383 2877 2455 ἀγαθῇ
2929 2383 3036 2454 ζωῇ
3094 2384 3257 2454 ὑμῶν,
3299 2387 3390 2436 καὶ
3425 2384 3682 2455 εὔχεσθαι
3710 2383 3834 2455 ὑμῖν

2237 2476 2302 2525 τὰ
2355 2474 2499 2538 ὅσια,
2553 2477 2642 2526 καὶ
2687 2475 2852 2544 νέμειν
2907 2475 3060 2543 μόνον
3113 2471 3139 2522 ὃ
3189 2473 3397 2543 ἔχομεν,
3444 2476 3696 2544 παρέχειν
3748 2475 3835 2524 τὸν

2235 2562 2414 2615 λεπτὸν
2472 2564 2617 2634 ἡμῶν
2665 2561 2838 2634 λόγον,
2897 2560 2923 2613 ὃ
2980 2565 3070 2613 καὶ
3125 2567 3213 2612 νῦν
3282 2557 3632 2627 ἐπιδιδόντες,
3705 2559 3836 2636 ἐρω-

2235 2659 2306 2704 τῶ
2309 2671 2399 2724 μεν
2408 2691 2420 2703 .

2309 2739 2382 2812 β’.
2431 2743 2541 2793 Τίνι
2595 2739 2730 2810 λόγῳ
2761 2741 3035 2802 ἓπιζητείη
3075 2757 3170 2791 σου
3200 2739 3231 2797 ἡ
3278 2741 3522 2811 τιμιότης
3575 2739 3732 2812 φάναι
3771 2758 3836 2809 με

2234 2833 2353 2903 περὶ
2403 2835 2497 2890 τῆς
2545 2829 2680 2888 Θείας
2720 2831 3005 2893 κοινωνίας,
3058 2832 3148 2880 καὶ
3203 2831 3337 2888 τίνος
3378 2828 3542 2901 χάριν
3597 2834 3836 2880 τοσαῦτα

2235 2921 2322 2976 ἔτη
2359 2921 2590 2978 σπανίως
2639 2921 2878 2990 μετέχεις
2911 2933 2923 2947 ·
2957 2923 3110 2970 τοῦτο
3153 2917 3256 2991 γὰρ
3285 2916 3435 2988 λόγον
3478 2916 3668 2989 ὀφείλει
3716 2919 3833 2971 τινὰ

2234 3009 2394 3078 ἔχειν.
2446 3007 2520 3059 Οὐ
2549 3009 2651 3080 γὰρ
2694 3009 2752 3058 τὸ
2787 3009 3037 3071 σπανίως,
3085 3006 3115 3066 ἡ
3157 3009 3216 3058 τὸ
3263 3007 3598 3064 καθεκοίστην
3633 3005 3825 3071 ἁπλῶς,

2233 3095 2362 3149 ἀλλὰ
2385 3099 2443 3148 τὸ
2470 3099 2600 3169 μετὰ
2618 3097 2850 3168 καθαρᾶς
2872 3091 3226 3157 συνειδήσεως
3247 3094 3655 3168 μεταλαμϐάνειν
3681 3093 3716 3148 δ
3720 3099 3797 3148 έον
3813 3113 3824 3126 ·

2230 3185 2289 3237 Ὀ
2347 3187 2466 3259 γὰρ
2539 3183 2837 3249 ἀναξίως,
2893 3189 3073 3255 φησὶν,
3134 3182 3366 3236 ἐσθίων
3433 3188 3542 3236 καὶ
3605 3189 3829 3250 πίνων,

2232 3282 2439 3349 κρῖμα
2476 3273 2674 3344 ἑαυτῷ
2716 3275 2928 3325 ἐσθίει
2967 3276 3074 3324 καὶ
3112 3276 3305 3344 πίνει,
3335 3276 3424 3344 μὴ
3468 3269 3832 3347 διακρίνων

2231 3366 2298 3415 τὸ
2342 3371 2520 3434 σῶμα
2556 3369 2668 3414 τοῦ
2706 3365 2982 3435 Κυρίου.
3010 3359 3071 3412 Εἰ
3101 3356 3188 3412 οὖν
3236 3363 3457 3433 τοιούτῳ
3496 3366 3673 3434 τρόπῳ
3709 3380 3830 3414 σκο-

2228 3460 2406 3504 ποῦσα
2429 3455 2495 3504 τὰ
2523 3451 2714 3512 ἑαυτῆς
2741 3456 2831 3502 καὶ
2852 3448 3197 3522 εὐλαϐουμένη
3221 3449 3484 3522 ἀναμένεις
3513 3454 3596 3503 τόν
3622 3454 3827 3524 καιρὸν,

2230 3537 2283 3593 εὖ
2333 3540 2392 3592 ἂν
2446 3543 2583 3612 ἔχοι,
2645 3543 2743 3592 εἶτε
2796 3543 3198 3614 συντομώτερον,
3254 3541 3351 3592 εἴτε
3401 3546 3783 3614 χρονικώτερον
3813 3559 3826 3572 ·

2229 3635 2319 3682 καὶ
2365 3631 2483 3703 ὄρος
2525 3628 2574 3680 ἐν
2632 3630 2798 3700 τούτῳ
2845 3627 2991 3689 ἄλλος
3047 3628 3142 3681 οὐκ
3199 3631 3359 3695 ἔστιν,
3393 3627 3423 3687 ἢ
3457 3631 3485 3687 ἡ
3535 3627 3582 3680 ἐν
3621 3631 3833 3703 καθαρᾷ

2229 3716 2423 3794 καρδίᾳ
2460 3720 2684 3771 καθόσον
2734 3714 2954 3770 δυνατὸν
3007 3725 3080 3788 τῷ
3135 3716 3390 3790 ἀνθρώπῳ
3443 3718 3782 3791 προσελενσις
3813 3733 3828 3749 ⁸

2229 3808 2289 3861 ἂν
2321 3806 2379 3861 δὲ
2422 3805 2760 3880 διάπταισμά
2807 3826 2888 3867 τις
2927 3809 3025 3880 ἔχῃ
3061 3810 3119 3859 τὸ
3174 3805 3537 3874 ἀκοινώνητον,
3585 3804 3832 3866 δηλονότι

2229 3902 2341 3951 τότε
2394 3896 2580 3960 ἐκεῖνος
2638 3901 2953 3969 κοινωνήσῃ,
3007 3897 3149 3949 ὁπότ’
3200 3895 3261 3948 ἂν
3290 3895 3538 3969 πληρωθῇ
3585 3896 3729 3966 αὐτῷ
3771 3900 3831 3950 τὸ

2231 3985 2512 4059 ἐπιτίμιον.
2569 3985 2628 4039 Εἰ
2676 3982 2736 4038 δὲ
2789 3981 3126 4058 διακρίνηται
3165 3981 3229 4036 αὖ
3274 3984 3426 4038 πάλιν
3478 3981 3550 4037 δι’
3602 3986 3828 4060 αἰρεσιν,

459 4077 509 4132 si
536 4056 742 4132 r—ursus
767 4080 956 4131 semet
985 4056 1238 4130 secernit
1267 4073 1346 4129 ob
1385 4073 1689 4139 haeresim,
1734 4073 1847 4128 hoc
1875 4072 2119 4146 quidem

2240 4085 2384 4129 τοῦτο
2436 4074 2738 4146 ἀναγκαῖον.
2794 4077 2864 4127 Τὸ
2909 4077 3010 4146 γὰρ
3061 4080 3318 4126 κοινωνεῖν
3365 4075 3511 4148 παρὰ
3562 4076 3830 4146 αἰρετικοῦ

457 4165 794 4222 necessario
846 4163 931 4220 ﬁt.
982 4163 1210 4228 Etenim
1270 4166 1722 4218 sacrosanctum
1766 4163 2121 4234 mysterium

461 4255 731 4326 accipere
819 4253 898 4309 ab
964 4252 1260 4320 haeretico,
1329 4255 1431 4307 aut
1495 4250 1696 4323 palam
1774 4251 2120 4323 vituperata

533 4409 579 4443 9°
611 4407 631 4461 Ι
660 4406 788 4462 Cor.
814 4421 895 4473 x1,
920 4405 1015 4460 29.

2230 4166 2260 4224 ἦ
2310 4171 2605 4238 προφανοῦς
2653 4158 3060 4234 διαϐεϐλημένου
3091 4164 3227 4214 κατὰ
3262 4164 3348 4214 τὸν
3383 4161 3521 4234 βίον,
3565 4161 3831 4237 ἀλλοτριοῖ

2234 4257 2389 4314 Θεοῦ,
2440 4253 2529 4302 καὶ
2573 4254 2902 4323 προσοικειοῖ
2950 4253 3022 4318 τῷ
3077 4242 3327 4318 διαϐόλῳ.
3379 4247 3576 4319 sum
3627 4243 3734 4318 οὖν,
3789 4245 3828 4299 ὦ

2043 4499 2269 4558 NOT/E.

535 4663 612 4737 (1)
643 4661 1020 4737 Praecipuum
1052 4660 1171 4737 fere
1206 4660 1356 4716 inter
1396 4659 1637 4737 Studitze
1670 4660 2122 4737 scripta_locum

459 4731 656 4792 tenere
718 4731 1010 4802 Epistolas
1077 4732 1228 4803 ejus,
1283 4731 1660 4803 exploratum
1713 4731 1816 4787 est.
1901 4734 2118 4788 Harum

460 4805 725 4863 collectio
756 4804 1126 4878 plenissima,
1179 4803 1237 4858 in
1268 4803 1534 4878 quinque
1559 4803 1744 4878 libros
1783 4803 2118 4878 distributa,

455 4884 648 4935 exstat
677 4874 963 4945 magnam
1005 4881 1236 4946 partem
1279 4875 1478 4930 adhuc
1510 4874 1741 4946 inedita
1779 4875 1835 4928 in
1876 4874 2118 4929 duobus

460 4948 770 5006 codicibus
801 4945 1130 5011 Parisiacis,
1153 4961 1411 5018 quorum
1444 4945 1786 5018 diligentem
1813 4961 1978 5000 more
2006 4961 2116 5018 suo

458 5021 733 5077 notitiam
784 5018 960 5074 tradit
1019 5017 1320 5074 Fabricius
1376 5017 1442 5071 Β.
1498 5019 1559 5071 G.
1623 5017 1718 5072 ed.
1774 5032 1913 5072 nov.
1965 5017 2114 5079 T.X,

507 5131 518 5143 .
552 5095 678 5156 439,
709 5106 877 5162 seqq.
922 5090 1330 5162 Quinqueihos
1371 5087 1554 5144 libros
1594 5094 1823 5162 exstare
1854 5088 2034 5162 etiam
2057 5088 2118 5141 in

507 5131 518 5143 .
552 5107 678 5156 ων,
709 5107 877 5162 seqq.
922 5107 1194 5161 uuinque
1219 5107 1330 5144 nos
1371 5107 1554 5144 nnros
1594 5107 1823 5143 exsrare
1854 5107 2031 5142 euam
2057 5107 2118 5141 IIl

455 5107 814 5218 Bibliotheca
847 5162 1144 5224 Vaticana,
1179 5161 1321 5215 dixit
1349 5165 1556 5215 auctor
1594 5159 1809 5213 Indicis
1837 5158 2119 5229 alphabe-

458 5234 556 5289 tici
601 5237 835 5288 Patrum
889 5233 949 5288 in
989 5232 1349 5287 Bibliotheca
1391 5246 1613 5300 magna
1662 5229 2046 5300 Lugdunensi
2102 5246 2116 5296 ;

455 5305 605 5361 falso
626 5309 849 5369 tamen,
879 5319 1020 5359 nam
1052 5307 1346 5374 quantum
1386 5299 1652 5374 ego’scio
1670 5300 1768 5374 vel
1783 5299 2117 5374 exploravi,

460 5375 607 5431 nihil
625 5376 891 5447 estapud
917 5391 1037 5431 non
1067 5371 1307 5447 (preter
1324 5389 1539 5447 sparsa
1564 5371 1835 5447 epistolia
1871 5371 2119 5447 aliquot)

458 5448 571 5503 nisi
603 5442 799 5502 Codex
831 5449 954 5502 Vat.
993 5442 1149 5511 i432,
1199 5442 1449 5515 insignis
1487 5442 1684 5515 hercle
1720 5448 1776 5498 et
1803 5443 1943 5515 satis
1972 5442 2120 5498 anti-

458 5535 639 5591 quus,
666 5518 850 5591 libros
879 5518 1044 5591 duos
1063 5513 1463 5591 Epistolarum
1489 5513 1734 5591 Studitae
1753 5514 2114 5591 continens;

451 5585 532 5658 ex
560 5606 684 5664 quo
740 5585 1127 5649 adamussim‘
1153 5587 1357 5646 codice
1409 5591 1654 5660 sumpta
1685 5586 1792 5644 fuit
1821 5585 2120 5644 Sirmondi

2231 4657 2432 4738 editio,
2464 4661 2668 4738 ut_e_go
2699 4655 3010 4738 conterens
3039 4660 3211 4738 _certo
3244 4657 3502 4738 comperi
3532 4673 3544 4713 :
3574 4673 3718 4738 nam
3767 4663 3820 4714 et

2226 4730 2458 4784 lacunae
2480 4727 2755 4784 editionis
2777 4729 2900 4784 sive
2931 4727 3190 4798 majores
3211 4729 3335 4784 sive
3355 4727 3529 4784 etiam
3559 4731 3816 4786 minimas

2228 4816 2365 4856 cum
2396 4801 2509 4855 hoc
2541 4799 2742 4854 codice
2775 4815 3021 4870 prorsus
3047 4800 3413 4870 conspirant.
3457 4800 3602 4856 Cum
3649 4802 3821 4870 igitur

2227 4872 2555 4928 Parisiacus
2574 4870 2668 4942 ille
2694 4871 3007 4942 thesaurus
3024 4886 3059 4926 a
3078 4887 3175 4926 me
3195 4871 3401 4942 procul
3421 4871 3704 4941 absit,vix
3715 4887 3823 4942 ego

2229 4958 2412 4998 unam
2444 4950 2546 4998 aut
2567 4941 2817 5014 alteram
2843 4941 3098 5014 adjicere
3129 4941 3290 4997 nunc
3316 4957 3469 5014 queo
3487 4941 3824 5013 epistolam,

2227 5025 2297 5069 ex
2321 5015 2444 5070 Vat.
2495 5012 2701 5069 codice
2733 5017 2856 5080 633,
2902 5012 3041 5069 cum
3075 5012 3444 5070 brevissimis
3467 5014 3823 5072 lacunarum

2227 5085 2456 5156 aliquot
2481 5084 2931 5156 supplementis.

2300 5154 2371 5219 (2)
2395 5154 2574 5226 Apud
2596 5154 2928 5211 Fabricium
2953 5155 3025 5211 Β.
3052 5155 3142 5219 G.,
3164 5159 3308 5211 tom.
3338 5154 3457 5221 cit.,
3480 5170 3539 5226 p.
3562 5158 3688 5223 444,
3707 5155 3828 5213 ine-

2227 5226 2364 5282 ditae
2383 5227 2417 5282 d
2429 5243 2517 5282 ua:
2531 5227 2920 5282 nominantur
2930 5227 3223 5283 Theodori
3243 5227 3428 5282 nostri
3443 5227 3719 5296 Epistolas
3747 5233 3828 5284 ad

2227 5297 2622 5370 spatharium.
2650 5299 2853 5370 Porro
2901 5298 3127 5353 scimus
3166 5298 3541 5368 spat/larium
3587 5297 3830 5355 titulum

2227 5369 2410 5442 fuisse
2436 5369 2616 5426 otﬁcii
2646 5369 2704 5424 in
2719 5369 2858 5442 aula
2875 5371 3217 5442 Byzantina,
3249 5370 3534 5442 uxoribus
3555 5384 3825 5442 quoque,

2229 5447 2292 5497 ut
2343 5441 2427 5508 ﬁt,
2483 5440 3014 5496 communicatum.
3049 5443 3260 5511 Nostra
3295 5441 3472 5511 igitur
3513 5440 3830 5510 spatharia

2226 5511 2384 5642 (ecrocti.
2444 5512 2782 5585 spatharea)
2833 5527 2984 5569 uxor
3037 5510 3286 5571 fortasse
3333 5510 3488 5569 illius
3535 5511 3829 5583 spatharii

2291 5600 2328 5642 a
2361 5628 2377 5642 .
2584 5631 2586 5636 _

2225 5599 2351 5642 erat
2361 5628 2377 5642 .
