4058 6274
282 274 308 330 1
328 272 433 331 669

1581 272 2091 333 EPISTOLARUM
2133 278 2268 333 LIB.
2304 273 2372 333 ΙΙ.

3504 283 3644 342 1670

274 405 529 476 μακαρία,
590 400 736 471 ᾧτινι
803 403 980 476 τρόπῳ
1045 408 1144 453 τῶν
1209 401 1486 474 εἰρημένων
1548 403 1626 460 εἴη
1694 420 1788 454 σου
1845 401 1871 452 ὁ

1994 402 2246 464 homine,
2273 418 2310 458 a
2349 403 2468 458 Deo
2510 406 2691 473 arcet,
2739 407 2797 460 et
2824 404 3049 462 diaboli
3078 405 3221 463 facit
3261 407 3640 465 familiarem-

275 495 491 557 σκοπὸς,
551 496 641 543 καὶ
704 490 818 543 κατ’
891 491 1018 543 αύτό
1083 493 1298 564 πρόσιθι
1362 499 1470 553 τοῖς
1537 496 1871 564 μυστηρίοις.

273 583 510 633 Γνωστὸν
537 576 595 632 δὲ
650 585 812 632 πᾶσιν
843 579 924 633 ὃτι
975 587 1062 632 νῦν
1118 581 1317 653 αἱρεσις
1371 579 1418 631 ἐν
1463 588 1526 652 τῇ
1584 580 1701 632 καθ’
1733 583 1875 652 ἡμᾶς

273 669 563 741 Ἐκκλησία
612 677 1014 743 κατακρατοῡσα
1078 677 1176 721 τῶν
1235 677 1541 741 Μοιχιανῶν
1599 671 1675 740 (3)
1739 672 1873 722 ἐστι.

276 764 457 812 Φεῖσαι
486 764 655 811 τοίνυν
710 768 806 821 τῆς
834 764 1015 831 τιμίας
1056 778 1149 811 σου
1193 759 1379 831 ψυχῆς
1425 763 1556 831 μετὰ
1583 767 1681 812 τῶν
1726 756 1878 811 ἁδελ-

277 857 380 921 φῶν
423 853 513 901 καὶ
563 856 657 909 τῆς
696 848 938 921 κεφαλῆς.
994 848 1160 921 Ἐφης
1213 846 1273 901 δέ
1323 869 1433 920 μοι,
1496 850 1577 901 ὅτι
1631 844 1878 908 δέδοικας

276 937 434 990 εἰπεῖν
486 946 557 1008 τῷ
599 937 932 1011 πρεσϐυτέρῳ
983 958 1100 1004 σου,
1153 942 1223 1010 μὴ
1281 938 1547 1012 ἀναφέρειν
1597 940 1684 990 τὸν
1737 939 1875 1010 αἱρε-

280 1029 502 1101 σιάρκην
676 1033 775 1080 Καὶ
821 1032 874 1079 τί
904 1032 1021 1101 περὶ
1048 1029 1234 1079 τούτου
1266 1028 1425 1079 εἰπεῖν
1473 1046 1557 1079 σοι
1599 1029 1655 1079 τὸ
1686 1030 1872 1098 παρὸν,

280 1116 339 1169 ού
370 1118 597 1191 καθορῶ.
650 1116 791 1174 Πλὴν
836 1116 917 1169 ὃτι
972 1118 1240 1189 μολυσμὸν
1288 1119 1400 1188 ἔχει
1440 1119 1470 1175 ἡ
1527 1121 1767 1169 κοινωνία
1824 1114 1878 1166 ἐκ

279 1208 435 1278 μόνου
483 1212 575 1258 τοῦ
629 1203 911 1278 ἀναφέρειν,
962 1205 1057 1258 οὐκ
1098 1206 1159 1257 ἄν
1213 1202 1495 1278 ὀρθόδοξος
1542 1208 1619 1262 εἵη
1670 1206 1696 1257 ό
1753 1204 1880 1257 ἀνα-

280 1299 461 1370 φέρων.
510 1294 569 1347 Ὀ
622 1292 681 1347 δὲ
732 1298 920 1366 Κύριος
959 1297 983 1346 ό
1036 1295 1086 1347 ἐν
1129 1298 1363 1367 τοσούτῳ
1412 1298 1581 1367 μέτρῳ
1621 1293 1879 1353 εὐσεϐείας

281 1386 417 1457 ὑμᾶς
473 1383 702 1456 ἀγαγὼν,
752 1384 908 1444 αὐτὸς
955 1387 1004 1436 ἐν
1052 1390 1215 1437 πᾶσιν
1262 1383 1534 1456 ἀπήμονας
1575 1388 1665 1436 καὶ
1714 1383 1874 1435 ὁλοτε-

280 1472 382 1535 λεῖς
437 1478 639 1545 σώματί
695 1492 749 1525 τε
800 1478 888 1525 καὶ
944 1472 1099 1544 ψυχῇ
1163 1477 1285 1545 πρὸς
1334 1480 1433 1525 πᾶν
1478 1476 1626 1548 ἔργον
1681 1472 1877 1543 ἀγαθόν

280 1566 523 1634 καὶπρὸς
559 1568 732 1615 πᾶσαν
783 1563 1091 1637 αὐτάρκειαν
1126 1559 1243 1634 βίου
1302 1571 1569 1636 συντηρῶν
1619 1559 1879 1634 διαφυλά-

282 1649 400 1715 ξειε,
456 1654 549 1708 τήν
601 1670 655 1702 τε
704 1652 845 1722 ὑμῶν
900 1652 1158 1723 συζυγίαν
1207 1655 1339 1723 φημὶ
1397 1656 1483 1703 καὶ
1535 1654 1622 1712 τὰς
1676 1649 1880 1703 εύλαϐε-

283 1742 474 1801 στοίτας
519 1736 758 1812 ἀδελφὰς,
812 1742 1238 1817 ύπερευχομένων
1292 1744 1495 1794 πάντων
1547 1750 1638 1801 τῆς
1691 1742 1879 1813 ἡμετέ-

279 1848 376 1901 ρας
406 1827 736 1892 ἀναξιότητος
750 1870 763 1883 .

284 2112 452 2167 ΣΚΑ’.
487 2142 551 2155 --
592 2113 909 2187 Βάσιλείῳ
948 2122 1029 2186 τῷ
1068 2110 1351 2187 ἆοιδίμῳ
1391 2117 1725 2186 ἡγουμένῳ
1767 2117 1878 2167 σὺν

320 2190 481 2237 πᾶσι
518 2192 628 2246 τῆς
668 2185 1033 2258 σεϐασμίας
1071 2185 1270 2258 μονῆς
1306 2194 1418 2238 τοῦ
1446 2185 1646 2258 ἁγίου
1678 2187 1871 2244 Σάϐα.

362 2289 527 2363 [C0d.
570 2294 693 2347 Vat.
746 2292 869 2356 633,
920 2292 961 2347 f.
1003 2293 1069 2348 43
1106 2291 1191 2364 b.]
1229 2299 1339 2345 Τῶν
1369 2302 1462 2354 τῆς
1494 2292 1755 2356 εὐσεϐείας
1793 2290 1882 2347 δο-

284 2382 495 2451 γμάτων
568 2382 928 2447 καθεστώτων,
1024 2381 1378 2454 φιλοτάραχον
1453 2385 1510 2433 τό
1598 2384 1875 2439 κινεῖσθαι.

284 2471 490 2523 Τούτων
536 2464 594 2521 δὲ
653 2469 1058 2536 στασιαζόντων,
1116 2472 1185 2531 ὡς
1230 2478 1317 2521 νῦν
1371 2473 1419 2522 ἓν
1474 2478 1537 2543 τῇ
1589 2471 1706 2524 καθ’
1746 2474 1880 2544 ἡμᾶς

286 2558 522 2630 μάλιστα
573 2558 878 2631 Ἐκκλησίᾳ,
933 2568 1041 2622 πῶς
1081 2560 1174 2611 οὐκ
1228 2558 1523 2631 ἀναγκαίως
1573 2557 1876 2634 διεγερτέον,

289 2643 624 2719 φειδομένους
653 2644 881 2715 οὐδενός,
915 2653 985 2721 μὴ
1030 2651 1110 2700 ὅτι
1148 2668 1203 2720 γε
1233 2655 1439 2721 μακρᾶς
1493 2646 1642 2717 ὀδοῦ,
1672 2659 1770 2702 τῶν
1828 2670 1883 2702 τε

288 2737 452 2789 ἄλλων
496 2736 933 2808 τληπαθημάτων,
977 2737 1105 2790 ἀλλὰ
1155 2744 1244 2791 καὶ
1300 2739 1458 2791 αὐτοῦ
1516 2742 1737 2792 θανάτου
1784 2760 1882 2792 κα-

287 2833 596 2901 ταφρονεῖν;
648 2826 788 2884 Αὕτη
838 2829 868 2885 ἠ
917 2827 1061 2879 αἰτία
1106 2836 1201 2889 τῆς
1253 2831 1378 2902 πρὸς
1428 2830 1560 2900 ὑμᾶς
1606 2836 1697 2881 τοῦ
1729 2831 1881 2881 ὁσιω-

287 2917 476 2977 τάτους
532 2924 631 2967 τῶν
682 2925 1038 2989 πνευματικῶν
1085 2919 1229 2988 ἡμῶν
1281 2921 1466 2969 τέκνων
1515 2922 1742 2977 Λητοίου
1792 2923 1882 2971 καὶ

287 3011 551 3076 Συμεῶνος
596 3004 672 3075 (5)
718 3003 1028 3067 ἀποστολῆς.
1079 3005 1244 3067 Οὗτος
1299 3008 1324 3058 ὁ
1377 3018 1562 3081 τροπος
1612 3015 1700 3068 τῆς
1752 3010 1883 3080 μετὰ

290 3097 419 3146 Θεὸν
449 3095 804 3155 πεποιθήσεως
854 3091 1206 3155 κινδυνὼδους
1255 3093 1302 3146 ἐν
1351 3102 1459 3157 τοῖς
1490 3098 1675 3148 αὐτόθι
1716 3094 1881 3154 ἐκδη-

286 3186 433 3254 μίας.
511 3182 647 3236 Ἀλλ’
691 3180 731 3233 ὦ
787 3186 999 3256 πατέρες
1069 3182 1233 3253 ἅγιοι,
1306 3192 1415 3245 πῶς
1494 3187 1613 3257 ὑμῖν
1662 3187 1882 3260 ἐναργῶς

286 3268 617 3343 διηγήσαιμι
666 3275 732 3324 τὰ
787 3275 919 3325 κατὰ
981 3280 1071 3326 τοῦ
1126 3274 1440 3345 Εὑαγγελίου
1498 3282 1588 3327 τοῦ
1646 3282 1882 3347 Χριστοῦ

286 3361 389 3413 ὑπὸ
438 3368 537 3412 τῶν
585 3359 805 3414 ἐνταῦθα
847 3362 1167 3434 τολμηθέντα
1210 3368 1300 3415 καὶ
1344 3365 1688 3438 πραχθέντα;
1733 3363 1884 3438 Ἰερε-

286 3454 410 3522 μίας
436 3451 461 3501 ό
507 3450 955 3524 πολυθρηνότατος
1001 3449 1105 3505 ὧδέ
1129 3455 1229 3504 πού
1262 3472 1420 3525 φησιν
1451 3455 1499 3504 ἐν
1546 3460 1659 3514 ταῖς
1691 3452 1877 3505 ἑαυτοῦ

285 3545 632 3614 προφητείαις
668 3560 680 3573 ·
721 3546 1025 3613 Ποιμένες
1076 3543 1547 3614 ἠφρονήσαντο,
1604 3546 1712 3593 καὶ
1777 3546 1880 3594 τὸν

290 3632 527 3700 Κύριον
569 3630 681 3682 οὐκ
721 3630 1132 3693 ἐξεζήτησαν.
1162 3631 1418 3684 Ἐνταῦθα
1439 3628 1497 3683 δε
1521 3630 1883 3705 χαλεπώτερόν

288 3735 340 3768 τι
367 3722 457 3769 καὶ
481 3718 593 3771 λίαν
624 3720 836 3771 ἔκτοπον
868 3734 881 3749 ⁸
917 3723 1033 3780 τοὺς
1061 3722 1162 3791 γὰρ
1214 3719 1449 3782 ἐπιζητεῖν
1514 3721 1670 3774 αὐτὸν
1696 3740 1881 3794 προαι-

288 3811 571 3879 ρουμένους
645 3813 735 3861 καὶ
810 3807 1181 3879 ἀντεχομένους

1275 3817 1367 3861 τοῦ
1441 3814 1598 3882 νόμου
1702 3811 1879 3879 αὐτοῦ,

289 3893 724 3970 ὴλλοτριωμένους
749 3897 909 3951 αὐτοῦ
941 3896 1222 3970 ἀναθέματι
1250 3897 1336 3951 ἁνε

1983 490 2305 548 Considera.
2330 492 2529 561 igitur,
2574 507 2609 547 o
2639 492 2837 560 beata,
2872 510 3206 565 quamnam
3239 512 3311 552 ex
3344 497 3643 569 praedictis

1983 580 2202 650 agendi
2248 581 2540 637 rationem
2590 581 2688 637 tibi
2732 584 3140 654 proposueris,
3194 591 3253 641 et
3306 587 3643 643 secundum

1981 669 2147 725 illam
2181 671 2259 726 ad
2307 686 2480 726 sacra
2511 672 2789 743 mysteria
2827 673 3117 729 accedito.
3160 672 3398 746 Quippe
3441 676 3645 747 explo-

1982 765 2179 815 ratum
2220 764 2307 815 est
2336 759 2638 825 omnibus,
2671 777 2806 832 quae
2840 777 2999 818 nunc
3037 762 3283 819 haeresis
3316 764 3643 821 Ecclesiam

1983 853 2251 903 nostram
2280 854 2552 919 occupet,
2571 850 3040 907 Moechianorum
3064 851 3355 908 videlicet.
3390 853 3644 910 Consule

1985 935 2184 1008 itaque
2213 936 2487 1009 pretiosae
2514 938 2732 993 animm
2755 942 2890 1004 tuas,
2922 946 2977 994 et
3007 941 3315 996 sororibus
3348 946 3528 1014 atque
3551 958 3645 999 ca-

1985 1024 2087 1096 piti
2140 1026 2337 1095 (viro).
2394 1026 2576 1082 Porro
2623 1027 2769 1083 mihi
2822 1028 2913 1084 ais
2963 1029 3153 1085 vereri
3209 1034 3266 1086 te
3314 1030 3510 1087 dicere
3543 1036 3643 1089 tuo

1985 1114 2353 1186 presbytero,
2427 1131 2546 1171 non
2612 1116 2791 1172 licere
2858 1117 3270 1174 haeresiarchas
3338 1119 3644 1191 liturgiam

1984 1203 2198 1259 facere.
2225 1204 2353 1268 Qua
2382 1220 2563 1276 super
2578 1220 2639 1259 re
2657 1205 2903 1277 quidem
2927 1207 3076 1278 quid
3098 1206 3204 1263 tibi
3220 1223 3380 1264 nunc
3402 1208 3602 1266 dicam
3617 1210 3647 1264 ‘P

1986 1307 2097 1362 ego
2132 1292 2249 1348 hoc
2280 1308 2488 1348 vacare
2534 1292 2711 1364 culpa
2754 1310 2877 1350 non
2911 1294 3134 1366 judico.
3165 1299 3315 1353 Nam
3360 1298 3503 1371 quia
3546 1299 3645 1357 illa

1985 1382 2330 1437 communio
2373 1381 2669 1453 inquinat,
2699 1399 2836 1455 quae
2868 1384 2928 1439 in
2956 1383 3196 1455 liturgia
3226 1385 3320 1455 ﬁt;
3374 1387 3510 1443 ideo
3539 1389 3644 1461 qui

1984 1469 2124 1527 facit
2180 1470 2502 1541 liturgiam,
2547 1472 2712 1527 haud
2760 1473 3131 1529 orthodoxus
3179 1475 3306 1531 erit.
3358 1477 3644 1533 Dominus

1985 1565 2205 1625 autem,
2254 1559 2359 1631 qui
2408 1575 2515 1615 vos
2562 1560 2623 1615 in
2675 1565 2906 1617 tantum
2946 1563 3181 1632 pietatis
3222 1564 3460 1620 culmen
3504 1580 3645 1638 pro-

1986 1650 2161 1715 vexit,
2194 1649 2470 1705 innoxios
2501 1653 2557 1705 et
2589 1649 2995 1723 undequaque
3026 1652 3361 1709 incolumes
3395 1670 3645 1726 corpore

1910 1759 1954 1814 Β
1986 1739 2310 1810 animaque
2336 1737 2413 1794 ad
2443 1754 2621 1793 omne
2646 1754 2802 1810 opus
2833 1739 3084 1807 bonum,
3113 1758 3479 1816 omnemque
3508 1744 3644 1800 vitae

1988 1843 2166 1883 usum
2207 1832 2534 1891 conservet,
2566 1832 2850 1894 vestrum,
2883 1829 3155 1900 inquam,
3184 1831 3560 1902 conjugium,
3590 1838 3648 1891 et

1987 1932 2221 1972 sorores
2257 1915 2740 1985 religiosissimas
2773 1938 2786 1971 :
2820 1919 3138 1991 cunctique
3185 1935 3294 1991 pro
3325 1926 3531 1979 nostra
3562 1922 3648 1978 in-

1987 2006 2276 2076 dignitate
2301 2005 2472 2061 enixe
2496 2006 2841 2077 precemini.

1989 2114 2205 2169 CCXXI.
2237 2143 2305 2153 —
2347 2112 2577 2169 Basilio
2615 2112 2843 2183 inclyta
2878 2113 3123 2183 praesidi
3167 2130 3301 2172 cum
3350 2116 3644 2173 universis

2246 2184 2573 2240 venerandi
2605 2185 2952 2242 monasterii
2977 2189 3173 2242 sancti
3203 2188 3392 2244 Saba.

2059 2294 2206 2349 Cum
2225 2291 2527 2361 religionis
2542 2290 2833 2362 dogmata
2850 2296 3027 2358 stant,
3054 2293 3148 2349 ille
3165 2295 3644 2366 perturbatorem

1988 2397 2052 2436 se
2095 2380 2317 2452 praebet
2349 2380 2454 2451 qui
2496 2386 2696 2436 motus
2744 2381 2875 2436 ciet.
2928 2383 3022 2436 His
3063 2386 3264 2439 tamen
3303 2385 3641 2452 commotis,

1988 2470 2073 2526 uti
2104 2485 2264 2525 nunc
2311 2470 2375 2525 in
2414 2474 2620 2525 nostra
2667 2470 2994 2541 praesertim
3034 2471 3289 2528 Ecclesia
3341 2473 3642 2538 usuvenit,

1988 2559 2134 2632 quid
2161 2559 2223 2614 ni
2253 2559 2589 2614 necessario
2620 2559 3109 2629 consurgendum
3137 2561 3231 2632 sit,
3261 2561 3530 2633 nullique
3561 2561 3646 2619 la-

1990 2650 2120 2705 bori
2156 2648 2550 2719 parcendum,
2592 2664 2786 2720 neque
2826 2648 3008 2719 longo
3037 2649 3248 2716 itineri,
3281 2666 3476 2723 neque
3515 2650 3646 2708 aliis

1991 2737 2295 2807 aerumnis,
2320 2737 2466 2809 quin
2483 2741 2540 2792 et
2558 2737 2694 2808 ipsa
2723 2753 2884 2792 mors
2917 2739 3361 2795 contemnenda
3383 2739 3410 2794 ‘t
3434 2743 3551 2795 Hac
3572 2740 3647 2797 de

1992 2843 2193 2892 causa,
2227 2827 2305 2882 ad
2334 2843 2440 2881 vos
2471 2826 2744 2881 misimus
2767 2826 2841 2881 de
2868 2827 3233 2898 spiritalibus
3263 2828 3397 2884 ﬁliis
3426 2830 3644 2886 nostris

1993 2916 2405 2972 sanctissimos
2438 2916 2702 2971 Letoium
2725 2920 2783 2970 et
2806 2915 3174 2972 Simeonem.
3208 2920 3338 2973 Haec
3355 2924 3448 2973 est
3471 2918 3645 2985 ratio,

1991 3022 2098 3061 cur
2123 3005 2183 3060 hi
2214 3009 2351 3077 post
2397 3004 2680 3060 ﬁduciam
2712 3020 2855 3074 erga
2884 3007 3087 3071 Deum,
3139 3006 3538 3077 periculosam
3564 3008 3651 3064 is-

1917 3110 1957 3167 C
1992 3095 2132 3150 thuc
2145 3092 2570 3166 expeditionem
2585 3092 2974 3164 susceperint.
2989 3094 3647 3160 Verumtamen,Patres

1993 3184 2200 3247 sancti,
2245 3181 2556 3254 quomodo
2601 3184 2912 3253 perspicue
2947 3182 3120 3237 vobis
3166 3198 3467 3255 exponam
3510 3200 3648 3256 quae

1991 3273 2280 3329 adversus
2312 3272 2523 3327 Christi
2544 3270 2933 3341 Evangelium
2955 3287 2991 3326 a
3018 3277 3236 3328 nostrae
3259 3273 3520 3342 regionis
3545 3272 3648 3329 ho-

1992 3361 2259 3417 minibus
2309 3376 2458 3416 ausa
2501 3365 2640 3416 sunt
2690 3368 2747 3416 et
2794 3365 3037 3431 peracta
3065 3363 3091 3417 ‘I
3147 3363 3649 3418 Luctuosissimus

1991 3451 2235 3523 quidem
2269 3450 2595 3505 Hieremias
2626 3449 2708 3504 sic
2742 3448 2801 3504 in
2830 3465 2944 3505 sua
2990 3449 3305 3521 prophetia
3334 3450 3600 3523 loquitur
3631 3470 3646 3509 :

1996 3543 2269 3597 Pastores
2282 3539 2465 3594 stulte
2482 3553 2545 3609 eg
2554 3544 2751 3603 erant,
2778 3544 2833 3594 et
2845 3539 3163 3595 Dominum
3182 3555 3301 3596 non
3323 3540 3651 3612 exquisive-

1993 3633 2175 3685 runt?
2200 3633 2269 3682 At
2290 3628 2450 3682 enim
2476 3627 2641 3699 apud
2666 3643 2775 3682 nos
2806 3628 3101 3698 asperius,
3134 3627 3362 3701 aliquid
3389 3633 3448 3684 et
3470 3629 3649 3687 valde

1992 3734 2342 3791 perversum
2387 3723 2587 3771 actum
2619 3723 2705 3770 est
2736 3735 2750 3775 :
2789 3717 3009 3773 etenim
3040 3733 3141 3773 eos
3187 3719 3290 3791 qui
3324 3718 3648 3775 Dominum

1993 3808 2301 3880 exquirere
2314 3805 2672 3871 maluerunt,
2688 3804 2739 3875 ej
2751 3821 2939 3877 usque
2953 3805 3146 3877 legem
3170 3808 3339 3874 tueri,
3355 3814 3647 3880 tanquam

1996 3897 2357 3969 apostaticos
2387 3894 2767 3969 anathemate
2795 3895 3291 3967 percuterunt.....

361 4185 697 4256 Supersunt
716 4190 1001 4258 praeterea
1027 4186 1113 4256 (in
1142 4184 1347 4241 codice
1373 4200 1504 4241 xcrv
1534 4183 1906 4241 Bibliotheca
1933 4181 2309 4239 Coislinianee
2334 4180 2499 4253 apud
2520 4182 2899 4237 Mosrswcon
2925 4180 3213 4238 Biblioth.
3234 4180 3479 4238 Coistin.
3504 4197 3647 4254 pag.

294 4274 439 4345 194).
462 4274 1019 4345 Epistolaaducentae
1051 4280 1108 4330 et
1134 4274 1513 4346 septuaginta
1534 4279 1789 4345 septem,
1817 4287 2134 4345 nunquam
2154 4270 2438 4327 hactenus
2450 4270 2757 4325 emissaain
2783 4271 3002 4340 lucem,
3020 4270 3647 4342 quarumlaterculum

286 4362 533 4419 damus.
565 4363 859 4433 Incipiunt
889 4379 925 4418 a
952 4363 1053 4418 fol.
1087 4368 1191 4419 210
1223 4379 1417 4432 verso,
1446 4362 1569 4418 ubi.

359 4451 623 4522 Epistula
646 4454 750 4506 272
775 4453 854 4507 ad
876 4452 1204 4523 Josephum
1225 4451 1462 4508 fratrem
1492 4457 1550 4508 et
1578 4451 1880 4523 archiepisi

1994 4464 2096 4505 um
2126 4448 2294 4505 tertio
2319 4446 2606 4503 exsulem.
2630 4446 2869 4503 Initium
2898 4462 2916 4504 :
2943 4442 3233 4521 Ἐδεξάμην
3261 4450 3329 4502 τὰ
3356 4450 3651 4523 γράμματα

285 4549 383 4602 τῆς
413 4548 513 4603 σῆς
538 4541 855 4612 ἁγιωσύνης,
886 4547 994 4597 etc.

357 4632 483 4686 273.
526 4630 615 4685 Ad
638 4631 941 4686 eumdem.
971 4630 1209 4686 Initium
1243 4651 1256 4686 :
1291 4635 1374 4690 Δὶς
1402 4630 1523 4704 ἄρτι
1548 4628 1880 4702 ἑπιστελλόμε

1994 4632 2073 4687 τὴν
2105 4626 2206 4680 ἀπὸ
2236 4633 2327 4679 τοῦ
2358 4629 2645 4690 Βῦζαντίου
2670 4624 2865 4698 ἄφιξιν,
2897 4628 3010 4682 etc.

357 4721 482 4775 274.
527 4720 842 4792 Euthymio
874 4719 1174 4775 Sardensi.
1205 4719 1530 4794 Ἐμαχρύνθη
1567 4738 1661 4771 σου
1684 4721 1713 4778 ἡ
1750 4720 1985 4787 ὁσιότης,
2019 4723 2130 4774 etc.

361 4808 486 4865 275.
529 4808 759 4881 Ignatio
789 4809 1073 4882 episcopo
1103 4808 1293 4866 Mileti.
1327 4810 1534 4884 Εύρεμα
1558 4808 1713 4861 καλὸν
1744 4808 1997 4882 ἐθήρασα,
2029 4812 2138 4864 etc.

1858 4931 2085 4987 NOTAE.

363 5066 440 5139 (3)
458 5066 778 5123 Notissima
791 5070 881 5122 est
900 5067 960 5123 in
974 5066 1219 5123 Studitae
1235 5066 1468 5139 scriptis
1480 5065 1722 5121 haeresis
1735 5065 1881 5120 haec.

290 5138 445 5193 Nam
477 5155 614 5194 cum
638 5140 1061 5195 Constantinus
1086 5139 1281 5193 [renes
1311 5138 1490 5203 titius,
1518 5139 1643 5209 ejus
1662 5143 1887 5209 tempo-

289 5211 373 5265 ris
393 5211 736 5281 imperator,
760 5209 934 5281 pulsa
962 5210 1228 5278 legitima
1247 5225 1457 5281 uxore,
1475 5208 1656 5263 aliam
1689 5208 1888 5281 duxis-

291 5278 536 5345 set,tum
566 5282 691 5352 ipse
708 5278 835 5336 tum
870 5281 997 5350 ejus
1018 5281 1298 5336 favitores
1324 5279 1460 5335 dicti
1494 5286 1631 5335 sunt
1651 5278 1890 5335 machi-

291 5352 416 5415 ani,
450 5357 687 5423 μοιχείᾳ.
718 5352 1035 5408 adulterio.

365 5409 463 5495 (ιγ
493 5409 741 5493 Ιιίῖθιίὶἐὶ
782 5423 1108 5495 Josephum
1152 5438 1540 5495 mconomum
1593 5421 1694 5493 qui
1724 5420 1890 5495 adul-

291 5494 502 5566 terinis
518 5495 895 5566 imperatoris
912 5493 1131 5566 nuptiis
1154 5493 1563 5566 benedixerat.
1584 5496 1663 5548 De
1676 5508 1746 5549 eo
1761 5494 1891 5548 Stu-

292 5564 423 5623 dita
450 5564 633 5638 Epist.
662 5565 762 5623 lib.
787 5566 830 5634 Ι,
848 5566 911 5623 21
946 5564 1109 5623 ef22.
1142 5566 1237 5622 Sic
1265 5585 1277 5625 :
1311 5564 1487 5618 Ἔστω
1512 5564 1807 5638 οἰκονόμος·
1836 5567 1889 5616 τί

1995 5068 2085 5115 καὶ
2138 5060 2357 5124 ἀναξίως
2397 5063 2690 5135 ἱερουργεῖ;
2725 5062 2978 5137 ΑἘξέλιπε
3031 5062 3373 5137 πρεσϐύτερος
3427 5082 3442 5121 :
3500 5066 3645 5121 Esto

1996 5149 2325 5191 azconomus
2337 5156 2355 5196 ,-
2384 5149 2493 5189 cur
2513 5138 2689 5189 etiam
2713 5134 2956 5204 indigne
2976 5134 3164 5191 sacris
3185 5134 3472 5206 operatur
3490 5138 3518 5191 ?
3538 5139 3648 5194 De~

1995 5207 2092 5262 siit
2123 5220 2243 5262 esse
2268 5206 2600 5275 presbyter.

2070 5279 2148 5349 (ὅ)
2176 5279 2263 5332 Ad
2284 5277 2445 5332 hunc
2473 5277 2809 5349 Simeonem
2829 5281 3137 5349 strenuum
3155 5277 3524 5349 orthodoxiae
3548 5279 3648 5334 de-

1997 5347 2298 5405 fensOrem
2343 5348 2543 5404 scribit
2583 5348 2815 5404 Studita
2857 5347 3143 5420 epistolas
3184 5348 3291 5405 lib.
3331 5350 3372 5415 Ι,
3418 5353 3508 5417 2t,
3553 5353 3644 5417 22,

2010 5424 2099 5475 23.
2127 5427 2183 5475 et
2211 5420 2321 5475 lib.
2357 5419 2425 5475 Il.
2452 5419 2540 5475 30.

2010 5424 2099 5485 23,
2127 5427 2183 5475 et
2211 5421 2321 5476 lib.
2357 5421 2425 5485 Il,
2452 5421 2540 5475 30.

2068 5491 2147 5566 (ξς)
2160 5492 2267 5566 inn
2276 5492 2548 5566 uit_decre
2556 5495 2612 5566 ta
2623 5506 2690 5562 sy
2694 5489 2839 5566 _n_odi
2852 5490 3348 5566 [conomachican
3364 5492 3440 5550 ad
3454 5507 3643 5566 quam

1998 5562 2203 5619 scribit
2227 5562 2456 5621 Studita
2481 5564 2657 5635 epist.
2691 5562 2797 5619 lib.
2829 5563 2898 5630 ll,
2933 5564 2984 5618 1.
