4058 6274
246 222 277 275 1
292 224 397 279 673
1601 242 1965 302 EPIS'l'OLE
2005 249 2071 305 IN
2078 248 2323 309 EDITIE.
3511 273 3649 331 1674

224 347 363 401 335.
405 348 626 406 Eidem.
663 356 763 405 Καὶ
782 351 986 412 ἀκόκοα
1008 354 1075 407 τὰ
1100 357 1348 428 γεγονότα
1376 364 1465 413 καὶ
1504 364 1827 437 τεθαύμακα.

221 435 360 490 336.
401 437 628 496 Eidem.
668 448 781 514 Μιᾴ
819 451 1003 516 καιροῦ
1031 446 1189 519 ῥοπῇ.

217 523 360 578 337.
402 526 626 586 Eidem.
660 535 765 589 Τὴν
803 538 1015 604 πρώτην
1044 541 1301 610 περιοχὴν
1334 547 1431 601 τῆς
1456 542 1738 607 ἐπιστολῆς
1770 564 1887 599 σου.

215 608 358 668 338.
399 616 613 675 Joanni
641 622 944 678 monacho
976 608 1242 681 Orientis.
1277 626 1491 690 Ἐπειδή
1525 637 1615 685 καὶ
1644 630 1795 697 αὖθις

529 618 613 675 Ini
641 622 944 678 monacho
976 608 1242 681 Orientis.
1277 626 1491 690 Ἐπειδὴ
1525 637 1615 685 καὶ
1644 630 1795 697 αὖθις
1820 634 2131 701 ἐπέστειλας.

216 701 357 757 339.
396 706 607 763 Nicetaa
633 710 979 767 Mandatori.
1014 718 1260 786 Διαγνοὺς
1279 721 1372 776 τὴν
1412 723 1541 791 μετὰ
1560 730 1659 774 τῶν
1692 721 1944 798 ἀδελφῶν.

216 791 353 847 340.
397 795 840 865 Logothelissaa.
862 800 920 853 Ὁ
953 806 1137 876 καιρὸς
1155 806 1413 876 χαλεπός.

214 881 352 934 341.
395 884 727 943 Canonicis.
759 888 879 941 ’Ότι
909 890 1003 943 οὐκ
1034 890 1393 967 ἐπιλέλησμαι.

213 968 350 1024 342.
397 974 746 1046 Praepositae.
774 983 1035 1055 Γνώριμος
1064 984 1189 1055 ἡμῖν
1219 983 1359 1038 ἐστιν
1389 989 1419 1045 ἡ
1450 997 1825 1068 σεμνοπρέπειά
1842 1015 1959 1054 σου.

212 1057 352 1113 343.
394 1062 744 1133 Hypatissae.
772 1074 1057 1142 Χρεὼστην
1088 1074 1310 1144 ἐμαυτὸν
1340 1057 1708 1151 λογισάμενδς.

207 1147 349 1204 344.
393 1151 595 1221 Sergio
619 1155 855 1227 Hypato
884 1164 941 1214 et
972 1158 1169 1217 fratris
1200 1162 1342 1220 ﬁlio.
1388 1147 1713 1234 Ἐπέστειλάς
1742 1194 1856 1246 μοι.

207 1237 347 1292 345.
389 1242 703 1300 Nancratio
729 1244 872 1303 ﬁlio.
902 1250 971 1300 Τὸ
1004 1248 1293 1304 σπουδαῖόν
1328 1273 1445 1322 σου,
1473 1262 1646 1313 τέκνον
1675 1237 1799 1334 μοὶ).

204 1326 349 1382 346.
392 1330 618 1387 Eidem.
656 1330 797 1392 Ἤδη
827 1333 1187 1411 ἀπεσώθημεν,
1222 1345 1395 1395 τέκνον
1425 1366 1550 1416 μου.

204 1414 347 1472 347.
386 1420 741 1491 Prmpositm.
774 1422 1001 1477 Ἐπιδὼν
1032 1432 1125 1486 τὴν
1152 1425 1375 1503 δύναμιν
1404 1414 1500 1487 τῶν
1531 1444 1713 1510 τιμίων
1756 1461 1850 1495 σου
1880 1450 2222 1519 γραμμάτων.

202 1502 346 1559 348.
393 1507 698 1566 Theodoro
723 1512 1055 1583 Spathario.
1085 1521 1189 1576 Τὴν
1219 1502 1493 1582 ἐπιστολήν
1525 1502 1647 1601 ἄρτι
1680 1530 1788 1603 εἰμὶ

513 1509 698 1566 odoro
723 1512 1055 1583 Spathario.
1085 1521 1189 1576 Τὴν
1219 1502 1493 1582 ἐπιστολήν
1525 1502 1647 1601 ἄρτι
1680 1530 1788 1603 εἰμὶ
1807 1502 2111 1609 χαριάτιτων.

204 1597 344 1650 349.
389 1598 706 1655 Naucratio
734 1600 879 1657 ﬁlio.
912 1608 1158 1674 Γίνωσκε,
1184 1611 1357 1661 τέκνον
1384 1632 1505 1683 μου.

204 1684 347 1739 350.
396 1686 621 1743 Eidem.
653 1687 794 1743 Ὀσα
823 1692 1135 1762 ἐπέστειλας,
1166 1700 1360 1749 τέκνον.

202 1776 344 1830 351.
386 1775 611 1833 Eidem.
641 1782 888 1851 Τετράκις
926 1784 1045 1855 ἄρτι
1074 1787 1286 1857 γράφων
1320 1788 1443 1858 εἰμί.

199 1864 340 1917 352.
384 1864 608 1922 Eidem.
643 1867 951 1941 Ἐτάχυνας,
982 1876 1178 1939 τέκνον,
1206 1883 1297 1927 τοῦ
1323 1875 1744 1952 ἐπισκέψασθαι.

197 1951 333 2007 353.
377 1952 579 2011 Letoio
599 1956 745 2013 ﬁlio.
776 1962 871 2013 Διά
898 1969 998 2013 τῶν
1038 1962 1337 2037 ἀμφοτέρων
1367 1986 1461 2020 σου
1494 1951 1800 2032 ἐπιστολῶν.

195 2041 333 2097 354.
380 2042 604 2100 Eidem.
647 2048 749 2100 Οἷα
787 2054 963 2124 χαίρω
993 2053 1018 2104 ὁ
1052 2058 1291 2116 ταπεινὸς
1317 2053 1603 2130 δεχόμενος
1636 2082 1731 2116 σου
1758 2065 1930 2138 λόγον.

194 2130 331 2185 355.
374 2132 558 2191 [reme
584 2138 868 2208 patricia.
906 2146 1005 2193 Καὶ
1033 2145 1313 2216 γράφοντες
1338 2153 1426 2200 καὶ
1456 2154 1528 2221 μὴ
1562 2130 1863 2226 γράφοντες.

195 2221 330 2276 356.
374 2221 589 2280 Joanni
619 2227 905 2300 episcopo
931 2230 1230 2289 Sardeusi.
1266 2236 1417 2289 Ούτω
1432 2258 1523 2309 μοι
1547 2221 1711 2317 μέχρι
1739 2264 1797 2297 το

720 2244 905 2300 scopo
931 2230 1230 2289 Sardensi.
1266 2236 1417 2289 Οὕτω
1432 2258 1523 2309 μοι
1739 2253 1832 2297 τοῦ
1859 2243 2019 2320 δεῦρο
2039 2253 2314 2308 ἣκουσται.

192 2309 332 2365 357.
378 2313 541 2369 Petro
571 2315 800 2371 Nicaaaa.
833 2317 1034 2372 Κελεύει
1071 2341 1135 2392 με
1164 2324 1494 2383 ἐπιστελλειν,

191 2398 326 2454 358.
374 2400 624 2458 Macario
650 2408 996 2477 praeposito.
1030 2408 1175 2481 Ἐμοὶ
1201 2416 1351 2486 χαρὰ
1377 2420 1531 2468 παντί
1557 2421 1647 2490 μὲν
1678 2421 1793 2493 ἄλλο

458 2403 624 2458 .cario
650 2408 996 2477 praeposito.
1030 2408 1175 2481 Ἐμοὶ
1201 2416 1351 2486 χαρὰ
1377 2420 1531 2468 παντὶ
1557 2421 1647 2490 μὲν
1678 2421 1815 2493 ἄλλῳ
1846 2424 2060 2497 ὁμιλεῖν.

190 2488 325 2544 359.
371 2495 455 2560 Τῷ
483 2490 610 2563 φίλῳ
633 2494 658 2544 ὁ
690 2494 856 2565 φίλος.
895 2504 1085 2571 Καιρός
1115 2520 1205 2572 μοι
1234 2511 1325 2555 τοῦ
1354 2488 1593 2577 γράφειν.

191 2578 323 2633 360.
370 2579 555 2635 [rente
596 2587 650 2636 et
682 2584 828 2639 Celes
858 2587 1184 2643 sororibus.
1212 2589 1331 2643 Ὀτι
1357 2595 1651 2667 παρεκλήθη
1684 2600 1714 2656 ἠ
1750 2620 1793 2652 τι

640 2587 650 2636 l
682 2584 828 2639 Celes
858 2587 1184 2643 sororibus.
1212 2589 1331 2643 Ὀτι
1357 2595 1651 2667 παρεκλήθη
1684 2600 1714 2656 ἡ
1750 2606 1903 2673 τιμία
1922 2602 2065 2677 ὑμῶν
2091 2601 2242 2670 δυάς.

193 2667 327 2721 361.
376 2668 578 2740 Sergio
601 2670 839 2743 Hypata
871 2680 926 2730 et
951 2674 1146 2731 fratris
1176 2679 1317 2736 ﬁlio.
1354 2682 1473 2755 Οὐχ
1501 2686 1584 2738 ὅτε
1609 2689 1795 2760 γράφω

828 2691 839 2727 ι
871 2680 926 2730 et
951 2674 1146 2731 fratris
1176 2679 1317 2736 ﬁlio.
1354 2682 1473 2755 Οὐχ
1501 2686 1584 2738 ὅτε
1609 2667 1819 2760 γράφω,
1849 2667 1966 2747 τότέ
1994 2667 2300 2769 μνημονεύω
2315 2717 2430 2754 σου.

195 2758 324 2812 362.
370 2759 650 2829 Gregorio
682 2760 921 2819 Clerico.
956 2771 1138 2841 Χαῖρε,
1174 2780 1474 2841 στρατιώτα
1508 2758 1762 2850 Χριστού.

197 2847 327 2900 363.
369 2848 643 2904 Anatolio
668 2849 809 2907 ﬁlio.
838 2856 1020 2927 Χαίρω
1048 2856 1233 2918 ὁσάκις
1258 2855 1495 2934 δέξομαι.

195 2931 326 2991 364.
372 2936 656 3007 Symeoni
686 2940 828 2996 ﬁlio.
862 2942 983 3015 Ούχ
1008 2945 1087 2997 ὅτε
1115 2949 1317 3019 γράφω,
1351 2931 1655 3023 μνημονεύω
1689 2978 1784 3012 σου
1817 2965 1993 3034 μόνον,

194 3022 325 3081 365.
366 3025 691 3098 Theophilo
721 3028 862 3086 ﬁlio.
896 3030 1111 3107 Ἀδελφὲ
1137 3038 1369 3108 Θεόφιλε.

191 3114 322 3168 366.
365 3114 671 3173 Pasarioni
698 3117 839 3176 ﬁlio.
865 3124 1058 3174 Μαθὼν
1098 3126 1174 3177 ὅτι
1200 3124 1453 3191 ἀπέστης.

189 3200 319 3256 367.
364 3203 681 3263 Laurentio
708 3207 851 3264 ﬁlio.
885 3214 980 3274 Τίς
1003 3210 1143 3265 ἐστιν
1169 3215 1199 3272 ἡ
1232 3219 1461 3275 τοσαύτη
1486 3223 1674 3293 χάρις.

186 3292 318 3345 368.
362 3292 689 3353 Athanasio
720 3301 1064 3370 praeposito.
1106 3307 1206 3355 Καὶ
1246 3306 1376 3362 αὕτη
1411 3324 1505 3358 σου
1533 3292 1862 3371 ἡέπιστολή.

185 3377 317 3435 369.
366 3381 689 3454 Praeposito
715 3389 987 3458 Panagri.
1020 3388 1078 3443 Ἢ
1112 3390 1291 3463 ἀγάπη
1320 3398 1414 3446 οὐκ
1446 3395 1653 3449 ἀνεκτὸν
1688 3407 1930 3475 πρᾶγμα.

185 3470 314 3525 370.
360 3470 681 3529 Parthenio
704 3474 840 3533 ﬁlio.
874 3476 940 3530 Ὠ
970 3479 1089 3532 καλὲ
1115 3485 1363 3557 Παρθένιε
1393 3492 1525 3538 Θεοῦ
1560 3470 1875 3562 στρατιῶτα.

185 3558 314 3615 371.
358 3559 676 3631 Hegesimo
708 3564 845 3621 ﬁlio.
880 3564 1027 3641 Εὖγε,
1058 3574 1230 3623 τέκνον
1259 3572 1540 3647 Ἡγήσιμε.

184 3647 307 3702 372.
354 3650 663 3722 Stephano
684 3652 825 3711 ﬁlio.
841 3659 1006 3731 Χάρις
1024 3678 1127 3726 σοι,
1145 3657 1330 3734 ἁδελφέ
1350 3668 1584 3737 Στέφανε.

185 3734 311 3795 373.
350 3739 633 3812 Ephrsem
659 3743 800 3801 ﬁlio.
828 3754 1010 3821 Χαῖρε,
1046 3753 1218 3802 τέκνον
1241 3734 1482 3826 Ἐφραίμ.

184 3825 306 3880 374.
347 3827 687 3902 Epiphanio
713 3840 1057 3907 praeposito.
1083 3842 1235 3912 Παρὰ
1260 3844 1315 3892 τὸ
1335 3825 1685 3915 διδαχθῆναί
1710 3864 1775 3919 με

1051 3880 1057 3893 .
1083 3842 1235 3912 Παρὰ
1260 3844 1315 3892 τὸ
1335 3825 1685 3915 διδαχθῆναί
1710 3864 1775 3919 με
1798 3848 2175 3923 μεθορισθῆναί
2209 3873 2304 3910 σου
2338 3864 2653 3935 αγιωσύνην.

186 3915 308 3970 375.
350 3919 669 3977 Naucralio
690 3922 832 3979 ﬁlio.
867 3926 1443 4000 Οὶπρομεμελετηκότες
1472 3930 1675 3986 ἀκούειν
1704 3915 1772 3989 τὰ

463 3920 669 3977 icralio
690 3922 832 3979 ﬁlio.
867 3926 1443 4000 Οὶπρομεμελετηκότες
1472 3930 1675 3986 ἀκούειν
1704 3915 1772 3989 τὰ
1798 3915 2065 3995 θλιπτικά.

182 4004 307 4060 376.
354 4006 606 4066 Tithoeo
636 4009 783 4069 ﬁlio.
815 4012 990 4089 Μικρὰ
1014 4016 1043 4074 ἡ
1074 4017 1318 4077 ἐπιστολὴ
1354 4039 1469 4089 σου,
1502 4026 1697 4081 τεκνον.

184 4094 306 4148 377.
348 4096 579 4152 Eidem.
604 4099 679 4152 Ού
705 4101 895 4156 πολλοῦ
915 4124 1005 4176 μοι
1025 4105 1180 4178 λόγου
1209 4112 1387 4182 χρεία.

179 4180 305 4238 378.
350 4187 688 4245 Domitiano
718 4190 861 4248 ﬁlio.
896 4195 1092 4256 Εῖωθας
1121 4180 1360 4271 πάντοτε,
1384 4203 1555 4253 τέκνον
1586 4222 1709 4275 μου.

180 4268 303 4384 13:9.
345 4275 665 4349 Euthymio
690 4284 746 4336 et
770 4282 1014 4354 reliquis
1042 4268 1352 4343 fratribus.
1374 4294 1464 4352 Τίς
1494 4293 1523 4350 ἡ
1560 4268 1688 4353 sim)
1715 4294 1745 4352 ἡ
1778 4317 1782 4326 λ

1451 4310 1464 4352 ;
1494 4293 1523 4350 ἡ
1560 4290 1688 4353 ἀκοὴ
1715 4294 1745 4352 ἡ
1778 4296 1843 4348 τὰ
1870 4315 1979 4349 ωτα
2002 4306 2093 4361 τῆς
2113 4299 2242 4373 ἐμῆς
2269 4310 2622 4370 ταπεινώσεως
2650 4316 3053 4384 περιηχήσασα.

180 4358 304 4415 380.
336 4362 651 4423 Gennadio
676 4367 817 4425 ﬁlio.
857 4368 1028 4445 Βραδὺ
1054 4378 1163 4445 μὲν,
1208 4377 1343 4449 ὅμως
1373 4375 1630 4453 ἐδεξάμην
1666 4402 1759 4436 σου

429 4366 651 4423 nnadio
676 4367 817 4425 ﬁlio.
857 4368 1028 4445 Βραδὺ
1054 4378 1163 4445 μὲν,
1208 4377 1343 4449 ὅμως
1373 4375 1630 4453 ἐδεξάμην
1666 4402 1759 4436 σου
1788 4387 2031 4459 γράμμα,

178 4451 301 4505 381.
343 4452 648 4511 Thaddaeo
678 4457 801 4514 ﬁlio
828 4464 887 4515 et
906 4462 1250 4520 confessori.
1274 4471 1337 4519 Ti
1366 4468 1499 4521 καλά
1527 4451 1591 4524 τὰ
1615 4475 1780 4546 γράμι.

443 4454 648 4511 addan
678 4457 801 4514 ﬁlio
828 4464 887 4515 et
906 4462 1250 4520 confessori.
1274 4471 1337 4519 Ti
1366 4468 1499 4521 καλὰ
1527 4451 1591 4524 τὰ
1615 4451 1903 4546 γράμματά
1929 4451 2045 4537 σου.

180 4541 299 4596 382.
340 4542 571 4615 Ignalio
597 4544 741 4602 ﬁlio.
778 4546 1033 4621 Ἐπέγνων
1058 4571 1116 4605 σε
1145 4558 1234 4606 καὶ
1261 4564 1347 4607 νῦν
1376 4553 1471 4610 διὰ
1494 4568 1591 4611 τῶν
1621 4541 1965 4636 γραμμάτων.

180 4628 296 4685 383.
342 4632 548 4705 Sergio
569 4637 827 4695 notario.
877 4639 1106 4694 Ἀκούων
1137 4643 1215 4695 ὅτι
1247 4645 1485 4716 φυλάττει
1511 4628 1716 4708 ἑαυτνην.

183 4715 299 4771 384.
341 4722 633 4793 Clydonio
660 4724 802 4783 ﬁlio.
834 4727 1134 4802 Ἐναγώνιος
1162 4741 1223 4805 τῇ
1254 4715 1356 4785 τῶν
1382 4732 1612 4809 ἀδελφῶν
1631 4757 1724 4792 σου
1753 4741 1785 4793 ά

621 4741 633 4778 ι
660 4724 802 4783 ﬁlio.
834 4727 1134 4802 Ἐναγώνιος
1162 4741 1223 4805 τῇ
1254 4715 1356 4785 τῶν
1382 4732 1612 4809 ἀδελφῶν
1631 4757 1724 4792 σου
1753 4740 1970 4801 άθλήσει
1990 4746 2223 4815 γέγονας.

180 4802 300 4859 385.
342 4811 638 4869 Dorotheo
676 4813 819 4871 ﬁlio.
844 4823 1024 4895 Χαίρω
1049 4825 1138 4873 καὶ
1170 4802 1450 4898 συγχαίρω
1484 4802 1586 4879 σοι.

182 4892 301 4986 386.
341 4898 567 4957 Jacobo
592 4901 735 4959 ﬁlio.
768 4901 919 4977 Εὖγε,
951 4892 1164 4963 Ἰάκωϐε
1194 4892 1536 4986 τέκνον-ἐμόν.

179 4979 298 5037 387.
341 4986 649 5047 Theodulo
678 4991 822 5049 ﬁlio.
858 4992 961 5048 Ἰὃὲ
986 5006 1087 5049 ποῦ
1116 5000 1387 5073 περιῆλθες
1414 4979 1568 5057 ὲάπον
1597 5002 1651 5055 εκ
1680 5008 1781 5058 τόπ

678 4991 822 5049 6110.
858 4992 961 5048 Ἰδὲ
986 5006 1087 5049 ποῦ
1116 5000 1387 5073 περιῆλθες
1414 4979 1568 5057 τόπον
1597 5002 1651 5055 ἐκ
1680 5008 1842 5058 τόπου
1863 5007 2258 5083 μετερχόμενος.

181 5070 301 5128 388.
345 5078 610 5148 Gregorae
640 5080 811 5140 laico.
846 5082 1116 5161 ’Ἀνθρωπε
1145 5070 1235 5142 τοῦ
1268 5098 1422 5161 Θεοῦ,
1453 5098 1678 5168 σήμερον
1700 5095 1726 5146 ὁ
1759 5070 1964 5171 Κύριος.

180 5159 298 5260 389.
338 5164 521 5224 Αηιιεθ
555 5172 815 5241 patriciae
844 5181 899 5231 et
923 5159 1193 5236 moniali.
1224 5159 1417 5243 Λύπης-
1434 5185 1500 5235 τὰ
1526 5159 1777 5257 γραμματ-

803 5190 815 5229 3
844 5181 899 5231 et
923 5159 1193 5236 moniali.
1224 5159 1417 5243 Λύπης-
1434 5185 1500 5235 τὰ
1526 5159 1814 5257 γράμματα
1836 5159 1933 5250 ’τῆς
1958 5186 2259 5260 ἁγιωσύνης
2288 5209 2405 5248 σου.

180 5248 300 5304 390.
342 5252 698 5325 Spathareaa.
729 5259 787 5315 Ὀ
813 5258 952 5326 οἶκός
984 5284 1099 5337 σου,
1133 5265 1269 5332 οἶκος
1294 5248 1574 5336 εὐσεϐείαςξ

341 5343 666 5433 {Athanasio
686 5351 833 5409 ﬁlio.
859 5351 1055 5419 Ἡδέως
1088 5356 1347 5433 ἓδεξάμην
1381 5380 1475 5415 σου
1506 5368 1595 5417 καὶ
1625 5372 1713 5418 νῦν
1739 5365 1780 5420 ἐπ

434 5350 666 5406 mnasio
686 5351 833 5409 ﬁlio.
859 5351 1055 5419 Ἡδέως
1088 5356 1347 5433 ἔδεξάμην
1381 5380 1475 5415 σου
1506 5368 1595 5417 καὶ
1625 5372 1713 5418 νῦν
1739 5365 2036 5429 ἐπιστολήν.

177 5427 295 5482 392.
336 5429 597 5508 Josepho
626 5438 792 5499 fratri
824 5450 882 5501 et
911 5427 1391 5523 archiepisc'opo.
1417 5456 1752 5527 Παραμύθίον
1778 5482 1779 5489 ι

824 5450 882 5501 et
911 5427 1391 5523 archiepisc'opo.
1417 5456 1752 5527 Παραμύθίον
1778 5465 1839 5531 τῇ
1863 5427 2075 5534 ταπεινῇ
2108 5479 2209 5535 μου
2232 5460 2412 5537 ψυχῇ.

444 5591 694 5656 ΡΑτειοι..
738 5601 842 5661 Gn.
876 5604 1071 5662 XCIX.

3214 5636 3286 5698 33
