4058 6274
452 262 600 320 ’1675

1767 252 1803 307 S
1817 296 1830 309 .
1886 247 2072 306 ΤΗΕο
2082 242 2253 304 DURI
2295 240 2621 303 STUDITE

461 393 584 446 393.
617 385 960 443 Eucharisto
988 382 1131 438 ﬁlio.
1160 377 1371 437 Ἐπειδὴ
1405 377 1753 439 ἐπεζήτησας.

461 477 587 534 394.
617 474 834 533 Joanni
863 472 1208 546 praeposito.
1244 475 1344 524 Καὶ
1363 468 1516 521 πάλιν
1540 466 1819 520 ἐπιστέλλω
1849 473 1912 539 τῇ
1946 465 2063 537 ἁγιο

758 474 834 530 mi
863 472 1208 546 praeposito.
1244 475 1344 524 Καὶ
1363 468 1516 521 πάλιν
1540 466 1819 520 ἐπιστέλλω
1849 473 1912 539 τῇ
1946 465 2212 538 ἁγιωσύνῃ
2246 482 2360 516 σου.

462 567 586 624 395.

461 655 586 711 396.

459 743 583 800 397.
612 743 856 799 Duabus
889 739 1191 796 sororibus
1212 739 1391 793 Irenaa
1419 741 1475 792 et
1513 735 1687 792 Calas.
1722 742 1894 787 Πονῶν
1935 734 2041 806 εἰμι

1216 739 1391 793 [ranae
1419 741 1475 792 et
1513 735 1687 792 Calas.
1722 742 1894 787 Πονῶν
1935 734 2041 806 εἰμι
2068 737 2186 808 περὶ
2214 739 2311 793 τῆς
2330 732 2629 803 τιμιότητος
2659 727 2818 799 ὑμῶν.

460 833 584 892 398.

459 921 586 978 399.

459 1012 585 1069 400.

461 1104 585 1158 401.

460 1191 588 1246 402.

461 1283 563 1336 403
573 1318 586 1331 .

462 1368 588 1424 404.

461 1459 586 1514 405.

462 1548 587 1605 406.

460 1638 564 1693 407
575 1676 586 1688 .

461 1727 587 1783 408.

461 1816 585 1873 409.

461 1909 588 1961 410.

458 1995 587 2050 411.
619 1971 967 2064 Theophani
994 1987 1317 2060 praeposito
1342 1993 1432 2039 τοῦ
1463 1984 1686 2060 Ἀγρου.
1719 1983 1849 2054 Ὀψὲ
1887 1988 1978 2034 τοῦ
2007 2000 2060 2031 κο

1487 1988 1686 2060 Αγρου.
1719 1983 1849 2054 Ὀψὲ
1887 1988 1978 2034 τοῦ
2007 1984 2214 2052 καιροῦ,
2239 1978 2380 2048 ὅμως
2402 1976 2589 2047 ἔμαθον
2620 1971 2978 2044 συλληφθῆναί
3009 1987 3088 2022 σε.

461 2085 588 2139 412.

459 2171 587 2226 413.

461 2260 586 2316 414.

460 2349 587 2405 415.

461 2441 586 2495 416.

462 2529 588 2584 417.

461 2618 587 2672 418.

463 2705 589 2764 419.

462 2799 586 2852 420.

462 2883 588 2938 421.

463 2971 590 3029 422.

460 3062 588 3118 423.

461 3149 587 3206 424.

466 3239 590 3297 425.

465 3332 591 3386 426.

464 3421 591 3475 427.

465 3510 594 3563 428.

465 3595 588 3652 429.

468 3687 592 3741 430.

467 3777 592 3830 431.

469 3867 595 3918 432.

470 3951 595 4007 433.

469 4039 596 4095 434.

469 4130 595 4184 435.

470 4220 596 4274 436.

470 4307 598 4365 437.

473 4401 600 4454 438.

475 4485 601 4542 439.

472 4575 596 4631 440.

473 4665 600 4720 441.

474 4756 600 4810 442.

470 4844 593 4900 443.

473 4937 596 4990 444.

474 5026 600 5079 445.

474 5115 602 5168 446.

471 5201 574 5256 447
585 5240 598 5253 .

474 5287 601 5344 448.

474 5377 600 5433 449.

475 5465 582 5522 450
594 5507 608 5524 .

477 5555 606 5632 εει.

627 563 932 622 Timotheo
963 560 1109 617 ﬁlio.
1147 560 1236 620 Ὠς
1263 558 1394 616 καλὴ
1428 559 1457 616 ἡ
1495 556 1740 615 ἐπιστολὴ
1773 575 1888 611 σου.

627 654 880 710 Basiano
909 650 1052 706 ﬁlio.
1074 649 1302 722 Ἔμαθον
1338 648 1422 700 οἷα
1449 646 1634 705 συνέϐη
1672 646 1754 698 ἐπὶ
1790 654 1888 697 τῶν
1917 640 2167 716 ἀδελφῶν.

626 831 882 887 Antonio
914 827 1259 902 praeposito.
1292 827 1396 881 Καὶ
1421 825 1573 878 πάλιν
1602 823 1903 878 ἐπιστέλλω.

625 919 878 977 Arcadio
905 916 1225 974 monacho.
1259 914 1552 968 ’Ἡκουσταί
1582 933 1689 986 μοι,
1721 921 1827 974 πῶς
1864 913 2059 987 ἄριστα
2089 906 2287 963 διέθου.

627 1010 858 1066 Comiti.
891 1009 1119 1059 Ἀκούων
1151 1003 1341 1069 ἀκούω,
1374 1005 1610 1078 ἄνθρωπε
1639 1010 1730 1055 τοῦ
1762 1009 1916 1056 Θεοῦ.

628 1097 942 1156 Naucratio
972 1095 1112 1151 ﬁlio.
1138 1091 1466 1165 Ἀδολεσχίᾳ
1494 1089 1847 1164 ἡδολέσχουν,

630 1191 798 1244 Petro
821 1186 964 1242 ﬁlio.
992 1188 1061 1238 Τὸ
1083 1187 1172 1256 μὲν
1203 1182 1491 1235 ἐπιστεῖλαι
1518 1181 1704 1234 καλῶς.

626 1277 906 1334 Patriciae.
937 1275 1096 1327 Οὔπω
1118 1277 1234 1325 οὔτε
1263 1271 1450 1342 ἐνὸψει,
1479 1273 1548 1332 ὡς
1569 1267 1736 1343 οἶμαι,
1774 1266 1954 1327 ἦλθον.

629 1367 890 1424 Patriciae
920 1363 1066 1421 aliae.
1098 1365 1176 1415 Τὰ
1194 1369 1281 1413 νῦν
1312 1360 1597 1414 ἐπιστεῖλαι
1621 1368 1681 1432 τῇ
1708 1358 1801 1431 ἐμῇ
1834 1360 2013 1433 κυρίᾳ.

630 1455 912 1512 Hilarioni
941 1452 1086 1508 ﬁlio.
1122 1459 1307 1524 Χαῖρε,
1338 1454 1510 1502 τέκνον
1533 1447 1670 1500 ἀϐϐᾶ
1693 1448 1943 1521 Ἱλαρίων.

628 1545 756 1602 Nilo
788 1544 927 1600 ﬁlio.
960 1543 1340 1618 Προσαγορεύω
1367 1559 1444 1604 σε,
1472 1537 1511 1590 ὦ
1543 1543 1732 1594 τέκνον.

628 1632 1066 1707 Anepigrapha.
1096 1631 1353 1683 Μανθάνω
1382 1647 1458 1693 σε,
1493 1629 1531 1678 ὧ
1558 1627 1924 1698 μακαριώτατέ
1953 1642 2052 1696 μου
2086 1623 2273 1696 Πάτερ.

629 1727 812 1780 Ιτθηω
839 1729 895 1779 et
927 1721 1078 1779 Calas
1105 1718 1431 1776 sororibus.
1463 1717 1531 1770 Ὦ
1559 1725 1652 1779 τῆς
1675 1720 1965 1788 συμφορᾶς.

627 1813 882 1870 Eusebio
907 1811 1049 1866 ﬁlio.
1083 1806 1371 1880 Ἐδεξάμην
1410 1827 1504 1860 σου
1529 1811 1585 1859 τὸ
1616 1807 1853 1879 γράμμα.

628 1901 947 1975 Euthymio
977 1899 1116 1956 ﬁlio.
1143 1898 1229 1951 Ἒν
1260 1906 1358 1950 τῶν
1385 1898 1704 1970 γραμμάτων
1727 1914 1821 1947 σου
1853 1891 2092 1963 ἐπέγνων.

630 2079 870 2138 Callisto
902 2078 1038 2134 ﬁlio.
1073 2076 1185 2128 Ούκ
1214 2074 1556 2146 ἐπιλέλησμαί
1589 2093 1703 2128 σου.

625 2168 843 2226 Cassius
873 2164 1315 2222 Candidatissm.
1345 2162 1507 2237 Ἀπερ
1539 2161 1849 2223 ἀπέστειλάς
1877 2179 1986 2231 μοι,
2012 2154 2106 2211 διὰ
2128 2159 2227 2231 Κύρ

1020 2164 1315 2221 lidatissaa.
1345 2162 1507 2237 Ἀπερ
1539 2161 1849 2223 ἀπέστειλάς
1877 2179 1986 2231 μοι,
2012 2154 2106 2211 διὰ
2128 2159 2315 2231 Κύριον
2342 2151 2622 2226 ἐδεξάμην.

628 2257 850 2316 Meletio
879 2255 1020 2312 ﬁlio.
1053 2257 1154 2307 Kal
1183 2252 1284 2305 ἀπὸ
1313 2260 1413 2303 τῶν
1441 2252 1764 2323 γραμμάτων
1793 2256 1886 2302 τοῦ
1915 2244 2140 2320 ἀδελφοῦ
2171 2245 2428 2299 Ἰωάννου.

630 2346 847 2404 Joanni
878 2344 1020 2400 ﬁlio.
1055 2347 1157 2396 Καὶ
1185 2349 1272 2394 νῦν
1304 2340 1339 2392 ἃ
1366 2344 1652 2413 γέγραφας,
1683 2339 1924 2410 ἐπέγνων.

627 2436 885 2508 Josepho
903 2433 1065 2489 fratri
1087 2437 1145 2488 et
1161 2430 1637 2502 archiepiscopo.
1661 2428 1806 2500 Ἐμοὶ
1832 2431 1889 2480 τὸ
1911 2425 2219 2480 ἐπιστέλλειν

1161 2430 1637 2502 archiepiscopo.
1661 2428 1806 2500 Ἐμοὶ
1832 2431 1889 2480 τὸ
1911 2425 2219 2480 ἐπιστέλλειν
2239 2431 2301 2497 τῇ
2335 2423 2598 2496 ἁγιωσύνῃ
2630 2439 2750 2476 σου.

629 2524 950 2582 Naucratio
980 2522 1122 2577 ﬁlio.
1152 2520 1248 2581 Τίς
1275 2521 1299 2571 ὁ
1332 2521 1447 2591 ἐμὸς
1480 2516 1590 2591 βίος
1618 2522 1708 2569 καὶ
1740 2516 1911 2588 λόγος.

628 2615 860 2686 Ignatio
884 2612 1028 2668 ﬁlio.
1059 2611 1188 2664 Ἀπὸ
1220 2618 1320 2661 τῶν
1353 2607 1673 2682 γραμμάτων
1703 2626 1797 2658 σου
1823 2608 2022 2678 θεωρῶν
2055 2604 2180 2676 εἰμι.

631 2705 822 2761 Mariae
847 2705 1152 2771 Augustae.
1185 2704 1293 2751 Νῦν
1337 2693 1577 2758 δοξάζειν
1608 2697 1722 2748 ἔστι
1750 2698 1836 2748 τὸν
1865 2699 2011 2750 Θεὸν,

630 2792 991 2864 Spathareze.
1025 2789 1115 2840 Ἐκ
1143 2786 1341 2840 πολλῶν
1372 2789 1714 2857 προακηκοὼς
1741 2794 1838 2846 τῆς
1866 2786 2002 2836 κατὰ
2033 2786 2160 2836 Θεὸν
2190 2801 2232 2834 σε

1025 2789 1115 2840 Ἐκ
1143 2786 1341 2840 πολλῶν
1372 2789 1714 2857 προακηκοὼς
1741 2794 1838 2846 τῆς
1866 2786 2002 2836 κατὰ
2033 2786 2160 2836 Θεὸν
2190 2801 2284 2834 σου
2309 2779 2593 2841 πολιτείας.

631 2880 985 2953 Hypatissae.
1021 2878 1269 2948 Ἀνέγνων
1292 2879 1384 2932 τὴν
1406 2873 1684 2932 ἐπιστολὴν
1715 2882 1812 2934 τῆς
1849 2877 2154 2946 τιμιότητος
2196 2890 2310 2926 σου.

631 2969 881 3027 Macario
913 2965 1260 3040 praeposito.
1291 2969 1394 3017 Καὶ
1418 2967 1519 3036 πρὸ
1551 2961 1907 3034 ἀναγνώσεως.

628 3058 952 3115 Athanasio
977 3055 1318 3129 prmposito.
1345 3049 1772 3123 Ἀδολεσχοῦντά
1802 3070 1866 3124 με
1896 3047 1970 3110 ἥδ
1974 3071 2002 3110 η
2035 3050 2225 3105 πολλοῦ

865 3058 952 3114 sio
977 3055 1318 3129 praeposito.
1345 3049 1772 3123 Ἀδολεσχοῦντά
1802 3070 1866 3124 με
1896 3047 1970 3110 ἥδ
1974 3071 2002 3110 η
2035 3050 2225 3105 πολλοῦ
2245 3057 2463 3127 χρόνου.

630 3148 904 3220 Philippo
935 3145 1255 3203 monacho.
1297 3145 1374 3196 Τὰ
1403 3140 1772 3214 συμϐεϐηκότα
1805 3160 1908 3195 σοι.

633 3237 1018 3295 Constantino
1044 3233 1319 3290 curatori.
1355 3231 1513 3290 Ἀκοη
1545 3230 1714 3302 ἀγαθὴ
1743 3239 1835 3290 τῆς
1852 3231 2153 3302 τιμιότητος
2178 3246 2294 3283 σου.

635 3327 795 3384 815οὃ
817 3325 1125 3398 episcopo.
1157 3328 1352 3397 ’ῌνεσα
1372 3324 1459 3373 τὸν
1487 3324 1616 3374 Θεὸν
1638 3322 1783 3392 ἡμῶν
1813 3323 1900 3371 τὸν
1929 3318 2144 3390 ἀγαθόν.

633 3415 978 3472 Βϐεεᾶΐίοηὶ
997 3414 1143 3470 ﬁlio.
1167 3409 1364 3472 Ἡδέως
1390 3409 1609 3481 ἀνέγνων
1637 3428 1732 3461 σου
1760 3411 1851 3466 τὴν
1877 3405 2174 3464 ἐπιστολήν.

627 3504 884 3577 Hypatio
915 3502 1059 3559 ﬁlio.
1086 3502 1340 3576 Ἠρέσθην
1365 3497 1414 3552 ἐν
1443 3505 1548 3559 τοῖς
1572 3499 1854 3571 γράμμασί
1883 3515 1998 3548 σου.

632 3593 919 3650 Bassiano
945 3591 1087 3647 ﬁlio.
1119 3591 1533 3660 Ἐπισκέπτομαί
1564 3605 1621 3638 σε
1658 3591 1745 3638 καὶ
1773 3581 1924 3647 αὖθις
1955 3581 2050 3637 διὰ
2077 3589 2168 3636 τοῦ
2191 3601 2234 3654 γι

917 3621 919 3638 ι
945 3591 1087 3647 ﬁlio.
1119 3591 1533 3660 Ἐπισκέπτομαί
1564 3605 1621 3638 σε
1658 3591 1745 3638 καὶ
1773 3581 1924 3647 αὖθις
1955 3581 2050 3637 διὰ
2077 3589 2168 3636 τοῦ
2191 3581 2519 3654 γράμματος.

636 3682 859 3738 Evodio
879 3685 937 3737 et
963 3679 1176 3736 Joanni
1207 3678 1364 3733 ﬁliis.
1397 3681 1498 3730 Kal.
1519 3682 1607 3727 νῦν
1641 3672 1922 3747 δεξάμενος
1948 3677 2042 3732 τὴν
2072 3669 2370 3727 ἐπιστολήν.

635 3770 934 3828 Dorotheo
964 3769 1105 3824 ﬁlio.
1136 3772 1241 3821 Καὶ
1264 3765 1418 3819 πάλιν
1439 3766 1695 3839 κατάρχω
1727 3771 1818 3816 τοῦ
1847 3765 2062 3836 γράφειν
2095 3780 2198 3814 σοι.

636 3860 814 3917 Alteri
839 3858 1132 3915 Dorotheo
1167 3856 1308 3912 ﬁlio.
1339 3854 1470 3908 itali:
1496 3855 1739 3928 Δωρόθέε,
1771 3860 1948 3926 χαῖρε.

637 3950 761 4006 Tito
785 3955 843 4005 et
866 3946 1099 4004 Philoni
1125 3945 1287 4001 ﬁliis.
1325 3942 1395 3996 Ὦ
1412 3942 1532 3996 καλε
1561 3948 1698 4010 Τίτε,
1725 3947 1815 3994 καὶ
1847 3939 1885 3994 ὦ
1923 3941 2044 3999 καλέ
2073 3960 2173 4013 μου
2195 3938 2374 3992 Φίλων.

636 4038 874 4096 Nicolao
906 4035 1188 4108 mancipi.
1221 4041 1336 4097 Πῶς
1360 4036 1454 4086 οἴει
1485 4029 1743 4104 δέχεσθαί
1771 4051 1834 4104 με
1863 4033 1953 4092 τάς
1987 4028 2283 4090 ἁποστολάς
2313 4046 2429 4082 σου.

636 4128 860 4184 Isidoro
888 4127 1062 4183 laico.
1098 4128 1200 4178 Καὶ
1225 4123 1378 4177 πάλιν
1417 4126 1608 4182 κόπους
1636 4141 1719 4174 σοι
1749 4124 2046 4195 παρέσχον.

638 4215 993 4289 Prmpositte.
1022 4213 1333 4285 Ἀπήγγειλέ
1370 4231 1461 4284 μοι
1490 4212 1516 4262 ὁ
1549 4207 1788 4283 ἀδελφός.

637 4307 853 4364 Joanni
885 4301 1374 4361 Chalcedonensi.
1406 4300 1500 4354 Ὃν
1521 4299 1588 4363 ,ἐκ
1616 4307 1821 4374 μακροῦ
1859 4303 2056 4373 χρόνου
2085 4293 2239 4350 ὤδινο

885 4301 1374 4361 Chalcedonensi.
1406 4300 1500 4354 ’Ὸν
1521 4299 1588 4363 ,ἐκ
1616 4307 1821 4374 μακροῦ
1859 4303 2056 4373 χρόνου
2085 4293 2272 4350 ὤδινον
2299 4295 2486 4350 πόθον.

641 4395 962 4468 Euthymio
990 4394 1133 4449 ﬁlio.
1159 4390 1401 4464 Ὑγίαινε,
1442 4395 1614 4443 τέκνον
1642 4402 1769 4462 μου,

647 4482 1014 4557 Hyperechio
1044 4480 1186 4538 ﬁlio.
1216 4478 1370 4553 Εὖγε,
1403 4475 1536 4552 εὖγε,
1568 4478 1837 4554 ’Υπερέχιε
1866 4481 2038 4531 τέκνον
2065 4495 2194 4549 μου.

637 4571 997 4646 Aphrodisia
1026 4571 1167 4627 ﬁlio.
1206 4575 1436 4643 Χαίροις,
1470 4565 1778 4642 Ἀφροδίσιε
1801 4571 1858 4620 τὸ
1889 4565 2008 4639 ἐμὸν
2037 4570 2230 4619 τέκνον.

640 4668 887 4719 Amonaa
921 4660 1066 4717 ﬁlio.
1101 4655 1318 4731 Ἀδελφέ
1339 4659 1570 4731 Ἀμωνᾶ,
1603 4663 1762 4730 χαῖρε
1790 4655 1839 4709 ἐν
1868 4659 2064 4729 Κυρίῳ.

644 4750 928 4825 Symeoni
952 4750 1094 4806 ﬁlio.
1122 4756 1308 4823 Χαῖρε,
1342 4752 1511 4801 τέκνον
1543 4765 1666 4818 μου.

647 4840 1091 4913 Theophylacto
1121 4839 1490 4911 presbytero.
1523 4836 1608 4898 Ἐξ
1628 4835 1694 4886 ὧν
1725 4833 2006 4887 ἐπέστειλεν
2032 4834 2061 4891 ἡ
2095 4832 2249 4905 nyra-

880 4840 1091 4912 lylacto
1121 4839 1490 4911 presbytero.
1523 4836 1608 4898 Ἐξ
1628 4835 1694 4886 ὧν
1725 4833 2006 4887 ἐπέστειλεν
2032 4834 2061 4891 ἡ
2095 4832 2336 4905 τιμιότης
2365 4849 2482 4887 σου.

638 4929 978 4987 Bessarioni
1006 4928 1148 4984 ﬁlio.
1179 4927 1240 4982 Εἰ
1269 4931 1448 4999 καὶμὴ
1478 4922 1732 4996 ἐδεξάμην
1761 4921 2068 4996 ἀντίγραφα.

641 5020 858 5077 Joanni
882 5019 1020 5074 ﬁlio.
1056 5017 1306 5088 Ἐπέγνων
1327 5021 1420 5075 τὴν
1453 5012 1676 5086 δύναμιν
1700 5020 1798 5066 τῶν
1820 5013 2139 5086 γραμμάτων
2175 5029 2292 5062 σου.

643 5109 864 5165 Evodio
893 5108 1036 5164 ﬁlio.
1071 5107 1210 5160 Ἐπεὶ
1241 5101 1496 5176 ἱδεξάμην
1527 5122 1621 5156 σου
1642 5106 1727 5161 τὴν
1756 5097 1791 5154 ὃ
1796 5103 1849 5153 ιὰ
1886 5108 1977 5153 τοῦ
2003 5102 2306 5175 γράμματος
2329 5097 2630 5170 ἀπολογίαν.

639 5199 852 5254 Nicetas
882 5197 1222 5269 praeposito.
1259 5199 1359 5247 Καὶ
1375 5196 1474 5267 πρὸ
1506 5200 1606 5244 τῶν
1645 5191 1990 5263 γραμμάτων.

642 5287 930 5342 Antiocho
960 5285 1311 5342 Silentiario.
1344 5281 1526 5345 Ἀξιον
1557 5289 1650 5342 τῆς
1691 5277 1951 5339 εὐσεϐείας
1983 5297 2102 5334 σου.

643 5375 942 5444 Gregorio.
975 5376 1044 5428 Αἱ
1083 5372 1369 5426 ἀποστολαὶ
1397 5379 1496 5422 τῶν
1520 5367 1802 5422 ἐπιστολῶν
1827 5367 2074 5439 σύζυγοιι.

656 5465 915 5520 Luciano
940 5463 1066 5518 ﬁlio
1100 5461 1291 5534 lapso.
1316 5455 1512 5530 Ἀδὰμ,
1542 5465 1644 5511 ποῦ
1677 5453 1723 5510 εἰ
1749 5473 1764 5522 ;
1791 5475 1928 5529 φωνη
1964 5455 2103 5510 ἐστιο
2129 5464 2200 5515 Θ.
2223 5501 2236 5514 .
2258 5499 2274 5515 .

646 5552 893 5630 Myroni.
923 5549 1185 5623 Ὠψίσθην
1226 5547 1512 5602 ἐπιστεῖλαι
1540 5555 1604 5619 τῇ
1635 5544 1896 5618 θεοσεϐείᾳ
1925 5564 2042 5602 σου.

3724 226 3879 286 1676
