4058 6274
238 326 376 384 1677
1602 326 1840 388 EPISTO

2036 328 2327 387 NEDIT/E.
3102 286 3111 295 Α
3502 334 3638 392 1678

307 456 429 510 452.
472 453 721 524 Georgio
748 454 916 515 Ἰθανῆ
935 502 945 512 ,
983 453 1052 508 Ὦ.
1074 463 1177 516 πῶς
1197 453 1352 507 καλὸν
1383 457 1442 507 τὸ
1468 454 1686 528 πλάσμα
1710 464 1803 518 τῆς
1838 455 2026 529 ψυχῆς
2053 476 2168 512 σου.

308 542 430 598 453.
472 544 663 600 Pardo
690 545 885 604 Ἰθανῆ.
915 545 1223 598 Ἐπιστελλω
1252 553 1314 617 τῇ
1343 550 1609 617 τιμιότητί
1641 565 1756 598 σου.

307 632 431 687 454.
470 632 783 690 Gennadio
813 634 954 690 ﬁlio.
986 634 1047 688 Ἃ
1078 634 1391 700 ἐπέστειλας,
1425 639 1596 687 τέκνον
1627 636 1909 707 ἠγαπημένη

922 652 954 689 ι.
986 634 1047 688 Ἃ
1078 634 1391 700 ἐπέστειλας,
1425 639 1596 687 τέκνον
1627 636 1978 707 ἠγαπημένον,
2013 634 2394 689 ἀντεπιστεῖλαί
2422 655 2524 689 σοι.

309 723 433 777 455.
476 723 762 779 Cledonio
792 723 937 780 ﬁlio.
970 723 1122 800 ’Ἀρτι
1152 726 1474 797 συνέφθασα,
1496 728 1668 777 τέκνον
1696 726 2045 797 ἠγαπημένον.

309 811 433 865 456-
478 812 766 869 Eustralio
798 811 1093 888 ἆρχιήτρῳ.
1123 813 1436 885 Ἐγίνωσκον
1466 818 1554 886 μὲν
1584 819 1676 872 τὴν
1700 818 1997 886 τιμιότητα.

310 899 434 953 457.
475 900 739 972 Josepho
765 901 925 958 fratri
957 908 1010 958 et
1037 904 1509 975 archiepiscopo.
1540 903 1795 976 Ἠξὶωμαι
1824 909 1912 956 καὶ

1282 904 1509 974 iscopo.
1540 903 1795 976 Ἠξίωμαι
1824 909 1913 956 καὶ
1942 911 2094 956 τανῦν
2125 904 2306 976 μαθεῖν
2334 922 2427 957 σου
2459 906 2523 956 τὰ
2550 912 2641 964 τῆς
2666 905 2881 976 ὑγιείας.

322 992 445 1047 458.
487 992 681 1048 Antho
711 991 857 1047 ﬁlio.
895 995 964 1044 Τὸ
1003 996 1187 1065 μικρὸν
1218 990 1568 1046 ἐπιστολίὸιόν
1610 1013 1725 1046 σου.

313 1085 436 1139 459.
480 1083 707 1152 Ignatio
739 1082 1021 1154 episcopo
1051 1082 1242 1139 Mileti.
1278 1086 1430 1156 Παρά
1454 1087 1510 1136 τὸ
1542 1087 1611 1146 μὴ
1647 1080 1835 1135 εἰδέναι
1867 1103 1915 1155 με

1278 1086 1430 1156 Παρὰ
1454 1087 1510 1136 τὸ
1542 1087 1611 1146 μὴ
1647 1080 1835 1135 εἰδέναι
1867 1103 1929 1155 με
1958 1081 2185 1156 ἀκριϐῶς
2209 1085 2295 1135 τὸν
2324 1091 2418 1145 τῆς
2445 1082 2642 1156 ἓξορίας
2671 1087 2844 1139 τόπον.

312 1174 439 1229 460.
478 1171 691 1227 Joanni
721 1171 1061 1242 praeposito.
1090 1174 1187 1224 Δύο
1218 1171 1500 1225 ἐπιστολῶν
1525 1180 1614 1233 τῆς
1639 1172 1931 1245 ἁγιωσύνης
1963 1192 2077 1225 σου.

317 1264 440 1319 461.
483 1261 762 1330 Gregorio
792 1259 935 1316 ﬁlio.
972 1260 1130 1334 Ἀρτι
1153 1261 1499 1335 ἀποκρίνομαι
1527 1266 1654 1336 πρὸς
1681 1262 1714 1313 ἆ
1734 1261 2048 1324 ἐπέστειλας.

318 1350 441 1407 462.
484 1350 1016 1422 Ρτοῐοερειιὶιθτεεε.
1047 1351 1176 1422 Ἐγώ
1206 1349 1503 1424 φειδόμενος
1529 1356 1616 1403 καὶ
1641 1349 1957 1411 εὐλαϐηθείς.

320 1441 443 1496 463.
485 1439 699 1495 Basilio
739 1438 1222 1496 archimandritaa
1262 1444 1484 1498 Romae.
1516 1446 1617 1494 Καὶ
1646 1444 1703 1492 τὸ
1730 1444 1915 1514 πρότερ

1353 1457 1484 1498 mae.
1516 1446 1617 1494 Καὶ
1646 1444 1703 1492 τὸ
1730 1444 1975 1514 πρότερον
2000 1440 2094 1493 οὐκ
2120 1440 2324 1515 ἔγραψα
2352 1436 2445 1493 διά
2472 1459 2589 1492 τινα
2613 1444 2955 1512 περιπέτειαν.

321 1530 443 1585 464.
484 1529 697 1584 Joanni
734 1528 1002 1601 episcopi
1050 1531 1466 1586 Monembasiae
1517 1538 1572 1586 ei
1602 1530 1901 1587 Methodio

2047 1530 2282 1602 aposito.
2341 1529 2512 1589 Καλὴν
2562 1528 2757 1602 βουλὴν
2797 1529 3133 1584 ἐϐουλεύσατο
3163 1532 3193 1590 ἡ
3244 1531 3462 1606 ἐμμελὴς
3509 1535 3649 1607 ὑμῶν

250 1618 515 1691 ἁγιωσύνη
531 1663 543 1675 ,

322 1708 446 1763 465.
488 1707 657 1763 Isaac
683 1711 737 1763 et
765 1708 1010 1764 Arsenio
1042 1708 1355 1764 monachis
1388 1710 1445 1763 in
1480 1714 1685 1764 sancta
1712 1709 1924 1764 civitati

1307 1710 1355 1763 is
1388 1710 1445 1763 in
1480 1714 1685 1764 sancta
1712 1709 1967 1764 civitate.
1997 1707 2298 1779 Ἀγαπητόν
2329 1710 2453 1781 ἡμῖν
2494 1716 2602 1770 τοῖς
2627 1715 2904 1771 ταπεινοῖς.

323 1798 445 1851 466.
488 1796 698 1853 Niceten
728 1797 1069 1869 praeposito.
1106 1799 1206 1850 Οἷα
1233 1799 1295 1850 τά
1326 1796 1694 1870 συμϐεϐηκότα
1721 1806 1781 1870 τῇ
1817 1798 1925 1869 ἀγιι

632 1802 698 1853 tte
728 1797 1069 1869 praeposito.
1106 1799 1206 1850 Οἷα
1233 1799 1295 1850 τά
1326 1796 1694 1870 συμϐεϐηκότα
1721 1806 1781 1870 τῇ
1817 1798 2079 1871 ἁγιωσύνῂ
2117 1818 2230 1851 σου.

323 1885 447 1942 467.
489 1887 733 1941 Arsenio
767 1888 1084 1943 monacho.
1116 1885 1406 1960 Ἐδεξςξμην
1437 1890 1503 1939 τὰ
1525 1889 1810 1960 γράμματα
1838 1896 1925 1949 τῆς

704 1902 733 1941 0
767 1888 1084 1943 monacho.
1116 1885 1406 1960 Ἐδεξεξμην
1437 1890 1503 1939 τά
1525 1889 1810 1960 γράμματα
1838 1896 1931 1949 τῆς
1953 1887 2163 1959 ἀγάπης
2195 1907 2306 1942 σου.

322 1976 449 2030 468.
490 1976 692 2045 Sergio
721 1976 945 2048 hypato
969 1985 1058 2030 τοῦ
1087 1977 1313 2050 ἀερικοῡ.
1345 1977 1514 2029 Πάλαι
1544 1977 1602 2028 ἂν
1634 1977 1900 2029 ἐπέστειλα

794 1982 945 2048 'pato
969 1985 1058 2030 τοῦ
1087 1977 1313 2050 ἀερικοῡ.
1345 1977 1514 2029 Πάλαι
1544 1977 1602 2028 ἂν
1634 1977 1900 2029 ἐπέστειλα
1928 1984 1989 2050 τῇ
2025 1976 2249 2049 εὐγενείᾳ
2282 1995 2396 2031 σου.

325 2067 450 2119 469.
493 2065 808 2120 Naucratio
841 2066 984 2121 filio.
1018 2070 1254 2139 Βρὰχέσι
1280 2065 1562 2126 συλλαϐαῖς
1585 2065 1886 2139 ἀμείϐομαι.

325 2153 450 2207 470.
494 2152 718 2209 Eidem.
753 2153 813 2207 Εἰ
842 2159 932 2207 καὶ
963 2155 1056 2208 οὐκ
1090 2153 1374 2227 ἐδεξαμεθά
1398 2174 1493 2208 σου
1522 2157 1826 2229 γράμματα.

324 2244 451 2297 471.
495 2242 721 2298 Eidem.
753 2250 879 2305 Ἕως
902 2249 1044 2309 ποτε,
1078 2249 1271 2309 τέκνον,
1301 2244 1359 2297 ού
1390 2248 1568 2318 παύση
1600 2243 1963 2318 ἀποσεμνύνων
1990 2246 2130 2316 ἡμᾶς
2151 2251 2255 2306 τοίς
2274 2243 2467 2315 λόγοις.

324 2333 451 2387 472.
492 2331 719 2388 Eidem.
746 2331 829 2395 Ἐξ
849 2334 1055 2404 ἀγώνων
1082 2334 1155 2395 εἰς
1185 2334 1405 2406 ἀγωνας.

327 2420 452 2476 473.
489 2420 747 2477 Silvano.
790 2421 963 2484 Ἀξίαν
994 2431 1089 2485 τῆς
1118 2423 1374 2485 εὐλαϐείας
1408 2442 1528 2479 σου.

363 2513 450 2565 74.
498 2510 683 2566 Annae
708 2512 972 2568 moniali.
1002 2514 1066 2565 Αἱ
1092 2516 1220 2585 πρὸς
1242 2516 1306 2565 τὰ
1332 2517 1482 2565 τέκνα
1510 2518 1741 2586 μητέρων
1773 2511 2119 2585 ἀποστροφαί.

330 2602 453 2655 475.
497 2599 724 2671 Ignatio
747 2600 887 2656 ﬁlio.
916 2600 1127 2663 Ὀσάκις
1158 2601 1218 2652 ἂν
1242 2599 1471 2673 δέξωμαί
1497 2620 1590 2654 σου
1621 2604 1859 2675 γράμμα.

330 2689 455 2743 476.
496 2688 841 2760 Theophani
874 2691 1197 2761 prteposito
1237 2696 1289 2744 et
1322 2689 1672 2745 confessori.
1697 2690 1844 2743 Φίλον
1870 2709 1932 2742 πο

1095 2691 1197 2745 sito
1237 2696 1289 2744 el
1322 2689 1672 2745 confessori.
1697 2690 1844 2743 Φίλον
1870 2686 2025 2742 παιδὶ
2055 2693 2281 2763 πατρική
2309 2695 2697 2764 προσφώνησις.

333 2780 455 2833 477.
503 2778 677 2833 Leoni
710 2777 978 2850 patricio.
1011 2778 1304 2850 Ὀφειλέτης
1334 2779 1440 2851 εἰμὶ
1471 2778 1528 2830 ού
1555 2780 1763 2852 χάρτην
1793 2784 1883 2831 καὶ
1903 2778 2079 2850 μέλαν.

333 2867 458 2921 478.
501 2866 769 2939 Gregorio
794 2866 968 2923 laico.
992 2868 1238 2940 Ἐπέγνων
1268 2888 1381 2935 σου,
1406 2870 1642 2940 ἄνθρωπε
1671 2875 1762 2920 τοῦ
1794 2875 1935 2930 ΘεοῦΙ

799 2866 968 2923 laico.
992 2868 1238 2940 Ἐπέγνων
1268 2888 1381 2935 σου,
1406 2870 1642 2940 ἄνθρωπε
1671 2875 1762 2920 τοῦ
1794 2875 1943 2930 Θεοῦ,
1979 2872 2073 2926 τὴν
2103 2866 2401 2927 ἐπιστολήν.

335 2956 461 3010 479.
504 2955 816 3013 Naucratio
846 2957 989 3012 ﬁlio.
1022 2956 1139 3010 Ὀτι
1177 2958 1272 3029 ζῇς
1303 2956 1350 3008 ἐν
1384 2958 1582 3031 Κυρίῳ.

336 3046 457 3100 480.
502 3045 761 3102 Proterio
787 3046 927 3103 ﬁlio.
960 3046 1048 3109 Ὠς
1079 3045 1265 3120 βαρεῖα
1297 3048 1327 3104 ἠ
1362 3045 1608 3104 ἐπιστολή
1644 3065 1759 3112 σου,
1784 3050 1980 3103 τέκνον.

333 3134 459 3190 481.
499 3136 714 3192 Joanni
746 3136 1085 3209 praeposito.
1119 3139 1269 3210 Παρά
1296 3139 1352 3188 τὸ
1378 3134 1602 3210 ἀρθῆναι
1628 3139 1713 3188 τὸν
1744 3132 1931 3207 ἀδελφό

565 3137 714 3192 ιιιηοὶ
746 3136 1085 3209 praeposito.
1119 3139 1269 3210 Παρά
1296 3139 1352 3188 τὸ
1378 3134 1602 3210 ἀρθῆναι
1628 3139 1713 3188 τὸν
1744 3132 1961 3207 ἀδελφὸν
1995 3137 2167 3208 ἡμῶν.

335 3223 458 3279 482.
502 3224 739 3282 Nicolao
779 3226 1058 3297 mancipi.
1082 3224 1204 3278 Ὅτι
1228 3227 1531 3297 μνημονεύω
1566 3244 1682 3293 σου,
1710 3225 1820 3297 φίλε
1844 3224 1983 3277 καλέ.

335 3313 461 3369 483.
505 3315 891 3371 Constantino
918 3315 1090 3371 laico.
1122 3314 1467 3389 Πολυτρόπως
1497 3315 1522 3365 ὁ
1554 3318 1701 3376 Θιός.

338 3404 462 3457 484.
506 3402 762 3459 Proterio
791 3403 933 3459 ﬁlio.
966 3405 1277 3479 Ἐθροηθην,
1300 3409 1471 3456 τέκνον
1491 3422 1592 3475 μου
1615 3404 1968 3475 ἠγαπημένον.

338 3490 467 3546 485.
508 3492 805 3548 Zacharia:
834 3493 1080 3565 hypato.
1111 3493 1241 3564 Ἐγὼ
1271 3497 1361 3545 καὶ
1397 3494 1578 3567 γράφω
1610 3491 1788 3550 πάλιν,

340 3584 465 3636 486.
510 3582 870 3638 CEconomo.
906 3581 1146 3635 Ἤκουσα
1174 3587 1291 3654 περὶ
1319 3590 1416 3643 τῆς
1443 3585 1743 3655 τιμιότητος
1774 3600 1894 3638 σου,

339 3672 465 3725 487.
510 3670 826 3727 Timotheo
855 3670 1002 3727 ﬁlio.
1042 3676 1105 3724 Τί
1136 3670 1357 3729 ἀκήκοα.

343 3760 467 3815 488.
511 3760 735 3831 lgnatio
761 3760 901 3816 ﬁlio.
928 3758 990 3812 *Α
1031 3766 1309 3836 γέγραφας,
1340 3764 1512 3812 τέκνον
1535 3760 1891 3833 ἠγαπημένον.

346 3850 470 3905 489.
511 3850 702 3905 Mariae
732 3850 1035 3919 Augustas.
1057 3850 1335 3922 Ἐνέτυχον
1360 3854 1448 3902 καὶ
1476 3849 1626 3911 αὖθις
1650 3858 1712 3921 τῇ
1741 3848 2009 3921 ἐπιστολῇ.

344 3938 469 3993 490.
513 3938 737 3994 Evodio
768 3943 824 3994 et
852 3938 1069 3995 Joanni
1098 3938 1259 3994 ﬁliis.
1291 3937 1514 4004 Ἤσθην,
1543 3941 1715 4002 τέκνα,
1748 3937 1831 3990 ἐπὶ
1878 3944 1938 4010 τῇ

1098 3938 1259 3994 ﬁliis.
1291 3937 1514 4004 Ἤσθην,
1543 3941 1715 4002 τέκνα,
1748 3937 1831 3990 ἐπὶ
1878 3944 1938 4010 τῇ
1972 3937 2270 4012 ἀμφοτέρων
2300 3942 2685 4011 προσφωνῆσαι.

348 4028 470 4083 491.
514 4027 791 4083 Anatolio
819 4026 967 4086 ﬁlio.
1000 4026 1057 4079 Ἦ
1087 4023 1364 4101 βραδύτης
1394 4046 1487 4079 σου
1512 4035 1611 4079 τῶν
1636 4030 1977 4102 γραμμάτων.

351 4117 472 4172 492.
517 4118 730 4173 Joanni
761 4117 1249 4174 Chalcedonensi.
1286 4121 1385 4169 Καὶ
1417 4119 1481 4177 ὡς
1505 4121 1676 4191 πατὴρ
1708 4116 1935 4179 ἠξίωσας

1191 4117 1249 4172 si.
1286 4121 1385 4169 Καὶ
1417 4119 1481 4177 ὡς
1505 4121 1676 4191 πατὴρ
1708 4116 1935 4179 ἠξίωσας
1965 4120 2135 4170 τέκνον
2165 4116 2445 4189 ἐλάχιστον
2475 4124 2793 4193 προσειπεῖν.

352 4205 473 4260 493.
514 4207 700 4262 Annae
738 4208 1101 4279 praepositae.
1136 4204 1255 4258 ’Ότι
1284 4205 1582 4269 ἐπέστειλας
1611 4225 1721 4278 μοι,
1754 4206 1982 4269 εἰκότως.

353 4298 479 4352 494.
519 4297 730 4352 Joanni
761 4296 1103 4368 praeposito.
1137 4295 1314 4357 Αὐτὸς
1343 4295 1386 4348 εἰ
1408 4295 1501 4347 οὐκ
1531 4296 1859 4358 ἑπιστελλεις.

355 4384 481 4441 495.
521 4386 732 4442 Νίοθίω
771 4386 1094 4458 prteposito
1127 4393 1218 4438 τοῦ
1248 4382 1339 4439 Μδ
1360 4385 1511 4457 (sic).
1540 4384 1673 4438 Φιλῶ
1703 4393 1793 4438 τοῦ
1822 4382 1957 4458 δέχε.

816 4386 1094 4457 rteposito
1127 4393 1218 4438 τοῦ
1248 4382 1339 4439 Μδ
1360 4385 1511 4457 (sic).
1540 4384 1673 4438 Φιλῶ
1703 4393 1793 4438 τοῦ
1822 4382 2079 4458 δέχεσθαι
2109 4384 2418 4460 ἀντίγραφα.

355 4473 480 4529 496.
520 4475 734 4531 Joanni
777 4476 1121 4548 praeposito.
1148 4472 1343 4535 Ἡδέως
1370 4471 1625 4547 ἐδεξάμην
1660 4494 1752 4527 σου
1793 4475 1942 4547 ἁγίαν

666 4475 734 4530 .ni
777 4476 1121 4548 praeposito.
1148 4472 1343 4535 Ἡδέως
1370 4471 1625 4547 ἐδεξάμην
1660 4494 1752 4527 σου
1793 4475 1942 4547 ἁγίαν
1974 4475 2268 4533 ἐπιστολήν.

356 4565 481 4620 497.
522 4564 849 4621 Athanasio
879 4565 1222 4637 praeposito.
1255 4569 1401 4626 Τίνος
1439 4564 1598 4616 ἕνεκεν
1623 4566 1876 4639 ἓχρόνισα
1900 4564 1958 4618 ἐπ

604 4565 849 4621 hanasio
879 4565 1222 4637 praeposito.
1255 4569 1401 4626 Τίνος
1439 4564 1598 4616 ἕνεκεν
1623 4566 1876 4639 ἓχρόνισα
1900 4564 2206 4618 ἐπιστεῖλαι.

357 4653 480 4709 498.
523 4654 739 4710 Basilio
769 4653 1081 4711 Monacho.
1110 4652 1194 4715 Ὠς
1220 4655 1407 4727 ἔμαθον
1436 4654 1514 4705 ὅτι
1541 4658 1627 4706 καὶ
1656 4654 1807 4715 αὐτὸς
1839 4654 2165 4727 συλληφθεὶς.

358 4745 482 4799 499-
525 4743 836 4800 Gennadio
862 4744 1011 4799 ﬁlio.
1049 4743 1112 4797 Ἃ
1139 4746 1228 4816 μὲν
1252 4748 1528 4819 γέγραφας,
1562 4747 1734 4796 τέκνον
1764 4742 1904 4816 ἐμὸν,
1935 4746 2113 4815 ἔγνων,

363 4835 485 4887 500.
528 4831 760 4888 Callisto
790 4832 930 4889 ﬁlio.
964 4832 1050 4888 Ἐν
1080 4830 1311 4905 βραχέσι
1348 4831 1625 4893 συλλαϐαῖς
1648 4834 1678 4890 ἡ
1714 4831 1954 4891 ἐπιστολή
1992 4852 2106 4888 σου.

362 4921 485 4976 501.
529 4920 813 4978 Cledonio
841 4922 983 4978 ﬁlio.
1007 4926 1070 4975 Τί
1098 4942 1161 4995 με
1185 4922 1547 4994 ἐγκωμιάζεις,
1581 4919 1620 4973 ὦ
1641 4925 1833 4978 τέκνον.

362 5011 487 5066 509.
529 5010 754 5067 Meletio
778 5011 919 5067 ﬁlio.
947 5010 1060 5084 Ἀφ’
1090 5012 1150 5063 οὗ
1178 5013 1364 5084 ἔμαθον
1390 5010 1725 5071 ἀπατηθῆναι
1754 5015 1840 5065 τὸν
1866 5009 1964 5065 ἕλει

800 5011 919 5067 ilio.
947 5010 1060 5084 Ἀφ’
1090 5012 1150 5063 οὗ
1178 5013 1364 5084 ἔμαθον
1390 5010 1725 5071 ἀπατηθῆναι
1754 5015 1840 5065 τὸν
1866 5009 2072 5065 ἐλεεινὸν
2099 5012 2402 5084 Γρηγόριον.

364 5099 489 5155 503.
529 5100 755 5157 Jacobo
780 5100 924 5159 ﬁlio.
957 5102 1217 5175 Γέγραφάς
1246 5120 1334 5173 μοι
1358 5108 1530 5156 τοῦτο.

365 5188 489 5244 504.
530 5189 908 5262 Enprepiano
922 5189 1066 5246 ﬁlio.
1095 5190 1244 5262 Ἐγὼ,
1275 5188 1313 5241 ὦ
1342 5194 1534 5246 τέκνον.

368 5279 493 5333 505.
537 5279 865 5349 Spathariaa
892 5278 1095 5336 Flavii.
1124 5280 1205 5333 Ἐν
1231 5288 1395 5354 καιρῷ
1421 5282 1735 5351 πειρασμοῦ.

370 5366 496 5421 506.
537 5368 730 5425 Maria:
768 5370 1038 5426 moniali.
1095 5368 1314 5441 Ἀγαθὸν
1362 5372 1521 5439 ὄνομα
1567 5364 1859 5425 ἡκουτίσθη
1892 5381 2001 5435 μοι.

375 5459 498 5511 507.
535 5458 864 5515 Athanasio
892 5458 1034 5514 ﬁlio.
1067 5463 1272 5534 Χαίρω,
1297 5463 1489 5524 τέκνον,
1535 5453 1813 5527 δεχόμενος
1838 5471 1931 5505 σου
1960 5452 2199 5525 γράμμα.

379 5546 501 5601 508.
542 5546 736 5604 Anlho
774 5547 920 5606 ﬁlio.
952 5552 1053 5602 Καὶ
1073 5549 1284 5622 γράφων
1316 5566 1420 5615 σοι,
1452 5550 1643 5601 τέκνον.
