  <div class='ocr_page' id='page_1' title='image "/cluster/home/n/w/nwhite01/storage/ocr_20150623/99/mdp.39015005675577/847.png"; bbox 0 0 4058 6274; ppageno 0'>
   <div class='ocr_carea' id='block_1_1' title="bbox 465 263 2067 331">
    <p class='ocr_par' dir='ltr' id='par_1_1' title="bbox 465 263 2060 330">
     <span class='ocr_line' id='line_1_1' title="bbox 465 263 2060 330; baseline 0.003 -4"><span class='ocrx_word' id='word_1_1' title='bbox 465 272 605 327; x_wconf 86' lang='grc'><strong>1679</strong></span> <span class='ocrx_word' id='word_1_2' title='bbox 972 263 994 280; x_wconf 73' lang='grc'>⁶</span> <span class='ocrx_word' id='word_1_3' title='bbox 1715 272 1775 329; x_wconf 92' lang='lat' dir='ltr'>S.</span> <span class='ocrx_word' id='word_1_4' title='bbox 1821 272 2060 330; x_wconf 87' lang='lat' dir='ltr'>THEOD</span> 
     </span>
    </p>
   </div>
   <div class='ocr_carea' id='block_1_2' title="bbox 2276 263 3878 331">
    <p class='ocr_par' dir='ltr' id='par_1_2' title="bbox 2276 268 3878 331">
     <span class='ocr_line' id='line_1_2' title="bbox 2276 268 3878 331; baseline -0.002 -2"><span class='ocrx_word' id='word_1_5' title='bbox 2276 271 2554 331; x_wconf 72' lang='lat' dir='ltr'>TUDIT/E</span> <span class='ocrx_word' id='word_1_6' title='bbox 3725 268 3878 327; x_wconf 86' lang='grc'><strong>1680</strong></span> 
     </span>
    </p>
   </div>
   <div class='ocr_carea' id='block_1_3' title="bbox 528 392 2263 470">
    <p class='ocr_par' dir='ltr' id='par_1_3' title="bbox 528 392 2263 470">
     <span class='ocr_line' id='line_1_3' title="bbox 528 392 2263 470; baseline 0.002 -22"><span class='ocrx_word' id='word_1_7' title='bbox 528 397 653 450; x_wconf 97' lang='grc'><strong>509.</strong></span> <span class='ocrx_word' id='word_1_8' title='bbox 694 393 1061 451; x_wconf 80' lang='lat' dir='ltr'>Eucharislio</span> <span class='ocrx_word' id='word_1_9' title='bbox 1093 392 1235 450; x_wconf 90' lang='lat' dir='ltr'>ﬁlio.</span> <span class='ocrx_word' id='word_1_10' title='bbox 1270 397 1372 447; x_wconf 79' lang='grc' dir='ltr'>Καὶ</span> <span class='ocrx_word' id='word_1_11' title='bbox 1400 392 1535 447; x_wconf 76' lang='grc' dir='ltr'>πάνυ</span> <span class='ocrx_word' id='word_1_12' title='bbox 1566 413 1649 447; x_wconf 92' lang='grc' dir='ltr'>σοι</span> <span class='ocrx_word' id='word_1_13' title='bbox 1674 400 1833 470; x_wconf 82' lang='grc' dir='ltr'>χρεία</span> <span class='ocrx_word' id='word_1_14' title='bbox 1864 395 2153 451; x_wconf 83' lang='grc' dir='ltr'>ἐπιστεῖλαί</span> <span class='ocrx_word' id='word_1_15' title='bbox 2181 418 2263 470; x_wconf 79' lang='grc' dir='ltr'>με.</span> 
     </span>
    </p>
   </div>
   <div class='ocr_carea' id='block_1_4' title="bbox 528 480 1903 557">
    <p class='ocr_par' dir='ltr' id='par_1_4' title="bbox 528 480 1903 557">
     <span class='ocr_line' id='line_1_4' title="bbox 528 480 1903 557; baseline 0.004 -21"><span class='ocrx_word' id='word_1_16' title='bbox 528 484 651 538; x_wconf 88' lang='grc'><strong>510.</strong></span> <span class='ocrx_word' id='word_1_17' title='bbox 688 483 891 539; x_wconf 86' lang='lat' dir='ltr'>Leoni.</span> <span class='ocrx_word' id='word_1_18' title='bbox 925 480 996 536; x_wconf 79' lang='grc' dir='ltr'>Εὖ</span> <span class='ocrx_word' id='word_1_19' title='bbox 1018 488 1323 550; x_wconf 81' lang='grc' dir='ltr'>πεποίηκας,</span> <span class='ocrx_word' id='word_1_20' title='bbox 1349 487 1521 536; x_wconf 83' lang='grc' dir='ltr'>τέκνον</span> <span class='ocrx_word' id='word_1_21' title='bbox 1543 490 1903 557; x_wconf 82' lang='grc' dir='ltr'>πνευματικόν.</span> 
     </span>
    </p>
   </div>
   <div class='ocr_carea' id='block_1_5' title="bbox 526 572 1890 647">
    <p class='ocr_par' dir='ltr' id='par_1_5' title="bbox 526 572 1890 647">
     <span class='ocr_line' id='line_1_5' title="bbox 526 572 1890 647; baseline 0.002 -21"><span class='ocrx_word' id='word_1_22' title='bbox 526 572 651 626; x_wconf 86' lang='grc'><strong>511.</strong></span> <span class='ocrx_word' id='word_1_23' title='bbox 692 572 1099 629; x_wconf 86' lang='lat' dir='ltr'>Constantino.</span> <span class='ocrx_word' id='word_1_24' title='bbox 1131 577 1220 635; x_wconf 87' lang='grc' dir='ltr'>Τίς</span> <span class='ocrx_word' id='word_1_25' title='bbox 1260 576 1291 631; x_wconf 81' lang='grc' dir='ltr'>ἡ</span> <span class='ocrx_word' id='word_1_26' title='bbox 1321 572 1468 625; x_wconf 83' lang='grc' dir='ltr'>αἰτία</span> <span class='ocrx_word' id='word_1_27' title='bbox 1496 574 1779 627; x_wconf 84' lang='grc' dir='ltr'>ἐπιστεῖλαί</span> <span class='ocrx_word' id='word_1_28' title='bbox 1807 594 1890 647; x_wconf 87' lang='grc' dir='ltr'>με.</span> 
     </span>
    </p>
   </div>
   <div class='ocr_carea' id='block_1_6' title="bbox 523 659 1983 738">
    <p class='ocr_par' dir='ltr' id='par_1_6' title="bbox 523 659 1983 738">
     <span class='ocr_line' id='line_1_6' title="bbox 523 659 1983 738; baseline 0.002 -24"><span class='ocrx_word' id='word_1_29' title='bbox 523 660 647 715; x_wconf 79' lang='grc'><strong>512.</strong></span> <span class='ocrx_word' id='word_1_30' title='bbox 690 660 1064 732; x_wconf 79' lang='lat' dir='ltr'>Presbytero.</span> <span class='ocrx_word' id='word_1_31' title='bbox 1108 661 1188 715; x_wconf 91' lang='grc' dir='ltr'>Ἐν</span> <span class='ocrx_word' id='word_1_32' title='bbox 1218 670 1442 734; x_wconf 83' lang='grc' dir='ltr'>χειμῶνι</span> <span class='ocrx_word' id='word_1_33' title='bbox 1472 665 1516 715; x_wconf 77' lang='grc' dir='ltr'>εἰ</span> <span class='ocrx_word' id='word_1_34' title='bbox 1545 682 1626 725; x_wconf 91' lang='grc' dir='ltr'>τις</span> <span class='ocrx_word' id='word_1_35' title='bbox 1666 659 1777 716; x_wconf 81' lang='grc' dir='ltr'>ἴδοι</span> <span class='ocrx_word' id='word_1_36' title='bbox 1805 660 1983 738; x_wconf 81' lang='grc' dir='ltr'>ῥόδον.</span> 
     </span>
    </p>
   </div>
   <div class='ocr_carea' id='block_1_7' title="bbox 526 748 2128 829">
    <p class='ocr_par' dir='ltr' id='par_1_7' title="bbox 526 748 2128 826">
     <span class='ocr_line' id='line_1_7' title="bbox 526 748 2128 826; baseline 0.001 -22"><span class='ocrx_word' id='word_1_37' title='bbox 526 750 646 805; x_wconf 89' lang='grc'><strong>513.</strong></span> <span class='ocrx_word' id='word_1_38' title='bbox 688 749 989 807; x_wconf 85' lang='lat' dir='ltr'>Theodulo</span> <span class='ocrx_word' id='word_1_39' title='bbox 1019 750 1163 807; x_wconf 88' lang='lat' dir='ltr'>ﬁlio.</span> <span class='ocrx_word' id='word_1_40' title='bbox 1195 748 1391 813; x_wconf 79' lang='grc' dir='ltr'>Ἡδέως</span> <span class='ocrx_word' id='word_1_41' title='bbox 1416 754 1543 823; x_wconf 85' lang='grc' dir='ltr'>ἔχω,</span> <span class='ocrx_word' id='word_1_42' title='bbox 1572 757 1743 805; x_wconf 86' lang='grc' dir='ltr'>τέκνον</span> <span class='ocrx_word' id='word_1_43' title='bbox 1774 773 1894 825; x_wconf 82' lang='grc' dir='ltr'>μου,</span> <span class='ocrx_word' id='word_1_44' title='bbox 1929 751 2128 826; x_wconf 83' lang='grc' dir='ltr'>δεχόμε</span> 
     </span>
    </p>
   </div>
   <div class='ocr_carea' id='block_1_8' title="bbox 1059 748 2661 829">
    <p class='ocr_par' dir='ltr' id='par_1_8' title="bbox 1065 748 2661 829">
     <span class='ocr_line' id='line_1_8' title="bbox 1065 748 2661 829; baseline 0 -23"><span class='ocrx_word' id='word_1_45' title='bbox 1065 750 1163 807; x_wconf 86' lang='grc'><strong>110.</strong></span> <span class='ocrx_word' id='word_1_46' title='bbox 1195 748 1391 813; x_wconf 79' lang='grc' dir='ltr'>Ἡδέως</span> <span class='ocrx_word' id='word_1_47' title='bbox 1416 754 1543 823; x_wconf 84' lang='grc' dir='ltr'>ἔχω,</span> <span class='ocrx_word' id='word_1_48' title='bbox 1572 757 1743 805; x_wconf 86' lang='grc' dir='ltr'>τέκνον</span> <span class='ocrx_word' id='word_1_49' title='bbox 1774 773 1894 825; x_wconf 82' lang='grc' dir='ltr'>μου,</span> <span class='ocrx_word' id='word_1_50' title='bbox 1929 751 2210 826; x_wconf 84' lang='grc' dir='ltr'>δεχόμενός</span> <span class='ocrx_word' id='word_1_51' title='bbox 2243 772 2336 806; x_wconf 89' lang='grc' dir='ltr'>σου</span> <span class='ocrx_word' id='word_1_52' title='bbox 2358 755 2661 829; x_wconf 76' lang='grc' dir='ltr'>γράμματα.</span> 
     </span>
    </p>
   </div>
   <div class='ocr_carea' id='block_1_9' title="bbox 520 837 2014 913">
    <p class='ocr_par' dir='ltr' id='par_1_9' title="bbox 520 837 2014 913">
     <span class='ocr_line' id='line_1_9' title="bbox 520 837 2014 913; baseline 0.003 -21"><span class='ocrx_word' id='word_1_53' title='bbox 520 837 648 895; x_wconf 85' lang='grc'><strong>514.</strong></span> <span class='ocrx_word' id='word_1_54' title='bbox 689 839 974 910; x_wconf 88' lang='lat' dir='ltr'>Symeoni</span> <span class='ocrx_word' id='word_1_55' title='bbox 1004 838 1147 896; x_wconf 88' lang='lat' dir='ltr'>ﬁlio.</span> <span class='ocrx_word' id='word_1_56' title='bbox 1181 839 1337 913; x_wconf 78' lang='grc' dir='ltr'>³’Δρτι</span> <span class='ocrx_word' id='word_1_57' title='bbox 1367 843 1569 913; x_wconf 82' lang='grc' dir='ltr'>ἔφθασα</span> <span class='ocrx_word' id='word_1_58' title='bbox 1595 840 1883 896; x_wconf 80' lang='grc' dir='ltr'>ἐπιστεῖλαί</span> <span class='ocrx_word' id='word_1_59' title='bbox 1910 862 2014 896; x_wconf 89' lang='grc' dir='ltr'>σοι.</span> 
     </span>
    </p>
   </div>
   <div class='ocr_carea' id='block_1_10' title="bbox 523 927 1693 1005">
    <p class='ocr_par' dir='ltr' id='par_1_10' title="bbox 523 927 1693 1005">
     <span class='ocr_line' id='line_1_10' title="bbox 523 927 1693 1005; baseline 0.003 -23"><span class='ocrx_word' id='word_1_60' title='bbox 523 927 645 983; x_wconf 85' lang='grc'><strong>515.</strong></span> <span class='ocrx_word' id='word_1_61' title='bbox 687 927 1005 1000; x_wconf 82' lang='lat' dir='ltr'>Euthymio</span> <span class='ocrx_word' id='word_1_62' title='bbox 1035 928 1176 985; x_wconf 81' lang='lat' dir='ltr'>ﬁlio.</span> <span class='ocrx_word' id='word_1_63' title='bbox 1224 936 1388 1003; x_wconf 79' lang='grc' dir='ltr'>Χαῖρε</span> <span class='ocrx_word' id='word_1_64' title='bbox 1417 932 1465 982; x_wconf 77' lang='grc' dir='ltr'>ἐν</span> <span class='ocrx_word' id='word_1_65' title='bbox 1498 935 1693 1005; x_wconf 80' lang='grc' dir='ltr'>Κυρίῳ.</span> 
     </span>
    </p>
   </div>
   <div class='ocr_carea' id='block_1_11' title="bbox 522 1017 1870 1096">
    <p class='ocr_par' dir='ltr' id='par_1_11' title="bbox 522 1017 1870 1096">
     <span class='ocr_line' id='line_1_11' title="bbox 522 1017 1870 1096; baseline 0.001 -24"><span class='ocrx_word' id='word_1_66' title='bbox 522 1017 644 1073; x_wconf 88' lang='grc'><strong>516.</strong></span> <span class='ocrx_word' id='word_1_67' title='bbox 684 1017 962 1089; x_wconf 58' lang='lat' dir='ltr'>Ephrem</span> <span class='ocrx_word' id='word_1_68' title='bbox 990 1017 1135 1074; x_wconf 90' lang='lat' dir='ltr'>ﬁlio.</span> <span class='ocrx_word' id='word_1_69' title='bbox 1166 1021 1337 1092; x_wconf 83' lang='grc' dir='ltr'>Χάρις</span> <span class='ocrx_word' id='word_1_70' title='bbox 1367 1039 1452 1073; x_wconf 90' lang='grc' dir='ltr'>σοι</span> <span class='ocrx_word' id='word_1_71' title='bbox 1476 1023 1621 1096; x_wconf 80' lang='grc' dir='ltr'>παρὰ</span> <span class='ocrx_word' id='word_1_72' title='bbox 1650 1020 1870 1094; x_wconf 80' lang='grc' dir='ltr'>Κυρίου.</span> 
     </span>
    </p>
   </div>
   <div class='ocr_carea' id='block_1_12' title="bbox 520 1104 1755 1182">
    <p class='ocr_par' dir='ltr' id='par_1_12' title="bbox 520 1104 1755 1182">
     <span class='ocr_line' id='line_1_12' title="bbox 520 1104 1755 1182; baseline 0.002 -23"><span class='ocrx_word' id='word_1_73' title='bbox 520 1109 644 1159; x_wconf 89' lang='grc'><strong>517.</strong></span> <span class='ocrx_word' id='word_1_74' title='bbox 684 1105 1042 1177; x_wconf 79' lang='lat' dir='ltr'>Aphrodisia</span> <span class='ocrx_word' id='word_1_75' title='bbox 1073 1106 1216 1164; x_wconf 88' lang='lat' dir='ltr'>ﬁlio.</span> <span class='ocrx_word' id='word_1_76' title='bbox 1245 1104 1396 1179; x_wconf 74' lang='grc' dir='ltr'>Εὖγε,</span> <span class='ocrx_word' id='word_1_77' title='bbox 1431 1113 1604 1161; x_wconf 87' lang='grc' dir='ltr'>τέκνον</span> <span class='ocrx_word' id='word_1_78' title='bbox 1633 1130 1755 1182; x_wconf 87' lang='grc' dir='ltr'>μου.</span> 
     </span>
    </p>
   </div>
   <div class='ocr_carea' id='block_1_13' title="bbox 519 1194 1900 1273">
    <p class='ocr_par' dir='ltr' id='par_1_13' title="bbox 519 1194 1900 1273">
     <span class='ocr_line' id='line_1_13' title="bbox 519 1194 1900 1273; baseline 0.004 -24"><span class='ocrx_word' id='word_1_79' title='bbox 519 1194 643 1249; x_wconf 78' lang='grc'><strong>518.</strong></span> <span class='ocrx_word' id='word_1_80' title='bbox 686 1196 1056 1267; x_wconf 85' lang='lat' dir='ltr'>Hyperechio</span> <span class='ocrx_word' id='word_1_81' title='bbox 1084 1196 1229 1253; x_wconf 88' lang='lat' dir='ltr'>ﬁlio.</span> <span class='ocrx_word' id='word_1_82' title='bbox 1260 1194 1409 1269; x_wconf 74' lang='grc' dir='ltr'>Εὖγε,</span> <span class='ocrx_word' id='word_1_83' title='bbox 1443 1196 1576 1271; x_wconf 72' lang='grc' dir='ltr'>εὖγε,</span> <span class='ocrx_word' id='word_1_84' title='bbox 1607 1201 1900 1273; x_wconf 71' lang='grc' dir='ltr'>«Υπιρέχιε.</span> 
     </span>
    </p>
   </div>
   <div class='ocr_carea' id='block_1_14' title="bbox 519 1283 1728 1362">
    <p class='ocr_par' dir='ltr' id='par_1_14' title="bbox 519 1283 1728 1362">
     <span class='ocr_line' id='line_1_14' title="bbox 519 1283 1728 1362; baseline 0.003 -25"><span class='ocrx_word' id='word_1_85' title='bbox 519 1286 642 1338; x_wconf 92' lang='grc'><strong>519.</strong></span> <span class='ocrx_word' id='word_1_86' title='bbox 682 1286 929 1340; x_wconf 71' lang='grc' dir='ltr'>Αωοηω</span> <span class='ocrx_word' id='word_1_87' title='bbox 950 1283 1089 1341; x_wconf 87' lang='lat' dir='ltr'>ﬁlio.</span> <span class='ocrx_word' id='word_1_88' title='bbox 1127 1285 1259 1338; x_wconf 63' lang='grc' dir='ltr'>Καλὴ</span> <span class='ocrx_word' id='word_1_89' title='bbox 1282 1286 1515 1359; x_wconf 83' lang='grc' dir='ltr'>Ἀμῶνα,</span> <span class='ocrx_word' id='word_1_90' title='bbox 1545 1294 1728 1362; x_wconf 84' lang='grc' dir='ltr'>χαῖρε.</span> 
     </span>
    </p>
   </div>
   <div class='ocr_carea' id='block_1_15' title="bbox 515 1372 1978 1453">
    <p class='ocr_par' dir='ltr' id='par_1_15' title="bbox 515 1372 1978 1453">
     <span class='ocr_line' id='line_1_15' title="bbox 515 1372 1978 1453; baseline 0.007 -27"><span class='ocrx_word' id='word_1_91' title='bbox 515 1372 640 1427; x_wconf 80' lang='grc'><strong>520.</strong></span> <span class='ocrx_word' id='word_1_92' title='bbox 683 1374 989 1444; x_wconf 80' lang='lat' dir='ltr'>Stephano</span> <span class='ocrx_word' id='word_1_93' title='bbox 1020 1373 1166 1430; x_wconf 86' lang='lat' dir='ltr'>ﬁlio.</span> <span class='ocrx_word' id='word_1_94' title='bbox 1200 1377 1378 1450; x_wconf 82' lang='grc' dir='ltr'>Χαῖρε,</span> <span class='ocrx_word' id='word_1_95' title='bbox 1420 1380 1637 1449; x_wconf 81' lang='grc' dir='ltr'>Στέφανε</span> <span class='ocrx_word' id='word_1_96' title='bbox 1657 1384 1829 1433; x_wconf 86' lang='grc' dir='ltr'>τέκνον</span> <span class='ocrx_word' id='word_1_97' title='bbox 1856 1400 1978 1453; x_wconf 81' lang='grc' dir='ltr'>μου.</span> 
     </span>
    </p>
   </div>
   <div class='ocr_carea' id='block_1_16' title="bbox 515 1461 2015 1543">
    <p class='ocr_par' dir='ltr' id='par_1_16' title="bbox 515 1461 2015 1543">
     <span class='ocr_line' id='line_1_16' title="bbox 515 1461 2015 1543; baseline 0.003 -27"><span class='ocrx_word' id='word_1_98' title='bbox 515 1461 643 1516; x_wconf 83' lang='grc'><strong>521.</strong></span> <span class='ocrx_word' id='word_1_99' title='bbox 688 1463 970 1533; x_wconf 86' lang='lat' dir='ltr'>Symeoni</span> <span class='ocrx_word' id='word_1_100' title='bbox 999 1462 1144 1519; x_wconf 86' lang='lat' dir='ltr'>ﬁlio.</span> <span class='ocrx_word' id='word_1_101' title='bbox 1180 1469 1422 1540; x_wconf 82' lang='grc' dir='ltr'>Χαίροις,</span> <span class='ocrx_word' id='word_1_102' title='bbox 1450 1470 1652 1538; x_wconf 84' lang='grc' dir='ltr'>Συμεὼν</span> <span class='ocrx_word' id='word_1_103' title='bbox 1683 1472 1853 1521; x_wconf 85' lang='grc' dir='ltr'>τέκνον</span> <span class='ocrx_word' id='word_1_104' title='bbox 1892 1489 2015 1543; x_wconf 87' lang='grc' dir='ltr'>μου.</span> 
     </span>
    </p>
   </div>
   <div class='ocr_carea' id='block_1_17' title="bbox 519 1550 1939 1634">
    <p class='ocr_par' dir='ltr' id='par_1_17' title="bbox 519 1550 1939 1634">
     <span class='ocr_line' id='line_1_17' title="bbox 519 1550 1939 1634; baseline 0.005 -29"><span class='ocrx_word' id='word_1_105' title='bbox 519 1552 641 1605; x_wconf 89' lang='grc'><strong>522.</strong></span> <span class='ocrx_word' id='word_1_106' title='bbox 683 1550 999 1608; x_wconf 82' lang='lat' dir='ltr'>Parthenio</span> <span class='ocrx_word' id='word_1_107' title='bbox 1027 1552 1173 1610; x_wconf 88' lang='lat' dir='ltr'>ﬁlio.</span> <span class='ocrx_word' id='word_1_108' title='bbox 1204 1551 1273 1605; x_wconf 86' lang='grc' dir='ltr'>Ὦ</span> <span class='ocrx_word' id='word_1_109' title='bbox 1314 1554 1433 1607; x_wconf 79' lang='grc' dir='ltr'>καλὲ</span> <span class='ocrx_word' id='word_1_110' title='bbox 1463 1558 1729 1628; x_wconf 86' lang='grc' dir='ltr'>Παρθένιε,</span> <span class='ocrx_word' id='word_1_111' title='bbox 1758 1567 1939 1634; x_wconf 89' lang='grc' dir='ltr'>χαῖρε.</span> 
     </span>
    </p>
   </div>
   <div class='ocr_carea' id='block_1_18' title="bbox 515 1638 2209 1721">
    <p class='ocr_par' dir='ltr' id='par_1_18' title="bbox 515 1638 2209 1721">
     <span class='ocr_line' id='line_1_18' title="bbox 515 1638 2209 1721; baseline 0.005 -28"><span class='ocrx_word' id='word_1_112' title='bbox 515 1638 642 1695; x_wconf 85' lang='grc'><strong>523.</strong></span> <span class='ocrx_word' id='word_1_113' title='bbox 679 1640 993 1710; x_wconf 82' lang='lat' dir='ltr'>Hegesimo</span> <span class='ocrx_word' id='word_1_114' title='bbox 1023 1640 1167 1698; x_wconf 79' lang='lat' dir='ltr'>ﬁlio.</span> <span class='ocrx_word' id='word_1_115' title='bbox 1200 1642 1258 1695; x_wconf 88' lang='grc' dir='ltr'><strong>Ἦ</strong></span> <span class='ocrx_word' id='word_1_116' title='bbox 1298 1664 1462 1717; x_wconf 89' lang='grc' dir='ltr'>χαρις</span> <span class='ocrx_word' id='word_1_117' title='bbox 1493 1664 1576 1698; x_wconf 91' lang='grc' dir='ltr'>σοι</span> <span class='ocrx_word' id='word_1_118' title='bbox 1614 1644 1713 1698; x_wconf 80' lang='grc' dir='ltr'>ἀπὸ</span> <span class='ocrx_word' id='word_1_119' title='bbox 1746 1655 1903 1717; x_wconf 88' lang='grc' dir='ltr'>Θεοῦ,</span> <span class='ocrx_word' id='word_1_120' title='bbox 1931 1648 2209 1721; x_wconf 75' lang='grc' dir='ltr'>Ἠγήσιμε.</span> 
     </span>
    </p>
   </div>
   <div class='ocr_carea' id='block_1_19' title="bbox 516 1728 1909 1810">
    <p class='ocr_par' dir='ltr' id='par_1_19' title="bbox 516 1728 1909 1810">
     <span class='ocr_line' id='line_1_19' title="bbox 516 1728 1909 1810; baseline 0.006 -27"><span class='ocrx_word' id='word_1_121' title='bbox 516 1730 639 1784; x_wconf 88' lang='grc'><strong>524.</strong></span> <span class='ocrx_word' id='word_1_122' title='bbox 682 1728 979 1786; x_wconf 83' lang='lat' dir='ltr'>Dorolheo</span> <span class='ocrx_word' id='word_1_123' title='bbox 1009 1729 1153 1787; x_wconf 89' lang='lat' dir='ltr'>ﬁlio.</span> <span class='ocrx_word' id='word_1_124' title='bbox 1186 1731 1535 1804; x_wconf 72' lang='grc' dir='ltr'>Εὐλογηθείης</span> <span class='ocrx_word' id='word_1_125' title='bbox 1565 1735 1665 1787; x_wconf 79' lang='grc' dir='ltr'>ὑπὸ</span> <span class='ocrx_word' id='word_1_126' title='bbox 1694 1742 1909 1810; x_wconf 83' lang='grc' dir='ltr'>Κυρίου.</span> 
     </span>
    </p>
   </div>
   <div class='ocr_carea' id='block_1_20' title="bbox 515 1816 1761 1895">
    <p class='ocr_par' dir='ltr' id='par_1_20' title="bbox 515 1816 1761 1895">
     <span class='ocr_line' id='line_1_20' title="bbox 515 1816 1761 1895; baseline 0.006 -24"><span class='ocrx_word' id='word_1_127' title='bbox 515 1816 640 1873; x_wconf 85' lang='grc'><strong>525.</strong></span> <span class='ocrx_word' id='word_1_128' title='bbox 683 1817 855 1874; x_wconf 81' lang='lat' dir='ltr'>Petro</span> <span class='ocrx_word' id='word_1_129' title='bbox 885 1818 1033 1877; x_wconf 87' lang='lat' dir='ltr'>ﬁlio.</span> <span class='ocrx_word' id='word_1_130' title='bbox 1075 1819 1240 1883; x_wconf 75' lang='grc' dir='ltr'>Αὐτὸς</span> <span class='ocrx_word' id='word_1_131' title='bbox 1284 1821 1343 1873; x_wconf 76' lang='grc' dir='ltr'>οὐ</span> <span class='ocrx_word' id='word_1_132' title='bbox 1376 1818 1761 1895; x_wconf 79' lang='grc' dir='ltr'>διαλιμπάνεις.</span> 
     </span>
    </p>
   </div>
   <div class='ocr_carea' id='block_1_21' title="bbox 521 1907 2326 1986">
    <p class='ocr_par' dir='ltr' id='par_1_21' title="bbox 521 1907 2326 1986">
     <span class='ocr_line' id='line_1_21' title="bbox 521 1907 2326 1986; baseline 0.002 -24"><span class='ocrx_word' id='word_1_133' title='bbox 521 1909 643 1962; x_wconf 84' lang='grc'><strong>526.</strong></span> <span class='ocrx_word' id='word_1_134' title='bbox 688 1907 1029 1965; x_wconf 77' lang='grc' dir='ltr'>(ῈΟΟΠΟΠΙΟ</span> <span class='ocrx_word' id='word_1_135' title='bbox 1059 1916 1154 1971; x_wconf 84' lang='grc' dir='ltr'>τῆς</span> <span class='ocrx_word' id='word_1_136' title='bbox 1186 1909 1471 1982; x_wconf 78' lang='grc' dir='ltr'>συμϐόλου.</span> <span class='ocrx_word' id='word_1_137' title='bbox 1508 1909 1869 1986; x_wconf 73' lang='grc' dir='ltr'>Ἀπεδεξοίμην</span> <span class='ocrx_word' id='word_1_138' title='bbox 1899 1916 1993 1973; x_wconf 75' lang='grc' dir='ltr'>τὴν</span> <span class='ocrx_word' id='word_1_139' title='bbox 2025 1912 2326 1972; x_wconf 81' lang='grc' dir='ltr'>ἐπιστολήν,</span> 
     </span>
    </p>
   </div>
   <div class='ocr_carea' id='block_1_22' title="bbox 518 1997 2120 2075">
    <p class='ocr_par' dir='ltr' id='par_1_22' title="bbox 518 1997 2120 2074">
     <span class='ocr_line' id='line_1_22' title="bbox 518 1997 2120 2074; baseline 0.003 -23"><span class='ocrx_word' id='word_1_140' title='bbox 518 1998 642 2051; x_wconf 81' lang='grc'><strong>527.</strong></span> <span class='ocrx_word' id='word_1_141' title='bbox 681 1997 944 2069; x_wconf 87' lang='lat' dir='ltr'>Josepho</span> <span class='ocrx_word' id='word_1_142' title='bbox 972 1998 1136 2055; x_wconf 79' lang='lat' dir='ltr'>fratri</span> <span class='ocrx_word' id='word_1_143' title='bbox 1178 2006 1235 2055; x_wconf 82' lang='lat' dir='ltr'>et</span> <span class='ocrx_word' id='word_1_144' title='bbox 1266 2000 1736 2074; x_wconf 85' lang='lat' dir='ltr'>archiepiscopo.</span> <span class='ocrx_word' id='word_1_145' title='bbox 1764 2009 1884 2055; x_wconf 87' lang='grc' dir='ltr'>Ὅτι</span> <span class='ocrx_word' id='word_1_146' title='bbox 1914 2007 2120 2062; x_wconf 83' lang='grc' dir='ltr'>ἤκουσα</span> 
     </span>
    </p>
   </div>
   <div class='ocr_carea' id='block_1_23' title="bbox 979 1997 2581 2075">
    <p class='ocr_par' dir='ltr' id='par_1_23' title="bbox 979 1998 2581 2075">
     <span class='ocr_line' id='line_1_23' title="bbox 979 1998 2581 2075; baseline 0.001 -22"><span class='ocrx_word' id='word_1_147' title='bbox 979 1998 1136 2055; x_wconf 80' lang='lat' dir='ltr'>fratri</span> <span class='ocrx_word' id='word_1_148' title='bbox 1178 2006 1235 2055; x_wconf 81' lang='lat' dir='ltr'>et</span> <span class='ocrx_word' id='word_1_149' title='bbox 1266 2000 1736 2074; x_wconf 84' lang='lat' dir='ltr'>archiepiscopo.</span> <span class='ocrx_word' id='word_1_150' title='bbox 1764 2009 1884 2055; x_wconf 90' lang='grc' dir='ltr'>Ὅτι</span> <span class='ocrx_word' id='word_1_151' title='bbox 1914 2007 2121 2062; x_wconf 84' lang='grc' dir='ltr'>ἤκουσα</span> <span class='ocrx_word' id='word_1_152' title='bbox 2150 2010 2246 2067; x_wconf 91' lang='grc' dir='ltr'>τῆς</span> <span class='ocrx_word' id='word_1_153' title='bbox 2275 2010 2439 2075; x_wconf 82' lang='grc' dir='ltr'>φωνῆς</span> <span class='ocrx_word' id='word_1_154' title='bbox 2466 2020 2581 2055; x_wconf 85' lang='grc' dir='ltr'>σου.</span> 
     </span>
    </p>
   </div>
   <div class='ocr_carea' id='block_1_24' title="bbox 519 2085 2184 2167">
    <p class='ocr_par' dir='ltr' id='par_1_24' title="bbox 519 2085 2184 2167">
     <span class='ocr_line' id='line_1_24' title="bbox 519 2085 2184 2167; baseline 0.002 -26"><span class='ocrx_word' id='word_1_155' title='bbox 519 2085 642 2141; x_wconf 83' lang='grc'><strong>528.</strong></span> <span class='ocrx_word' id='word_1_156' title='bbox 683 2086 893 2143; x_wconf 88' lang='lat' dir='ltr'>Letoeo</span> <span class='ocrx_word' id='word_1_157' title='bbox 920 2086 1061 2144; x_wconf 87' lang='lat' dir='ltr'>ﬁlio.</span> <span class='ocrx_word' id='word_1_158' title='bbox 1094 2091 1237 2142; x_wconf 83' lang='grc' dir='ltr'>Μετὰ</span> <span class='ocrx_word' id='word_1_159' title='bbox 1266 2092 1324 2142; x_wconf 87' lang='grc' dir='ltr'>τὸ</span> <span class='ocrx_word' id='word_1_160' title='bbox 1347 2088 1635 2164; x_wconf 83' lang='grc' dir='ltr'>ἀπαρτίσαι</span> <span class='ocrx_word' id='word_1_161' title='bbox 1664 2112 1727 2165; x_wconf 80' lang='grc' dir='ltr'>με</span> <span class='ocrx_word' id='word_1_162' title='bbox 1746 2096 1840 2152; x_wconf 79' lang='grc' dir='ltr'>τὴν</span> <span class='ocrx_word' id='word_1_163' title='bbox 1872 2092 2184 2167; x_wconf 74' lang='grc' dir='ltr'>ἀνατροπὴν.</span> 
     </span>
    </p>
   </div>
   <div class='ocr_carea' id='block_1_25' title="bbox 517 2176 2119 2253">
    <p class='ocr_par' dir='ltr' id='par_1_25' title="bbox 517 2176 2118 2253">
     <span class='ocr_line' id='line_1_25' title="bbox 517 2176 2118 2253; baseline 0.001 -22"><span class='ocrx_word' id='word_1_164' title='bbox 517 2177 641 2231; x_wconf 85' lang='grc'><strong>529.</strong></span> <span class='ocrx_word' id='word_1_165' title='bbox 679 2176 983 2233; x_wconf 88' lang='lat' dir='ltr'>Theodulo</span> <span class='ocrx_word' id='word_1_166' title='bbox 1007 2176 1156 2235; x_wconf 88' lang='lat' dir='ltr'>ﬁlio.</span> <span class='ocrx_word' id='word_1_167' title='bbox 1199 2177 1301 2250; x_wconf 87' lang='grc' dir='ltr'>Ἐφ’</span> <span class='ocrx_word' id='word_1_168' title='bbox 1331 2180 1454 2232; x_wconf 85' lang='grc' dir='ltr'>ὅσον</span> <span class='ocrx_word' id='word_1_169' title='bbox 1485 2180 1815 2253; x_wconf 79' lang='grc' dir='ltr'>ᾠκονόμησεν</span> <span class='ocrx_word' id='word_1_170' title='bbox 1846 2182 1871 2233; x_wconf 88' lang='grc' dir='ltr'><strong><em>ὁ</em></strong></span> <span class='ocrx_word' id='word_1_171' title='bbox 1905 2185 2035 2244; x_wconf 87' lang='grc' dir='ltr'>Θεὸς</span> <span class='ocrx_word' id='word_1_172' title='bbox 2060 2182 2118 2233; x_wconf 84' lang='grc' dir='ltr'>οὔ</span> 
     </span>
    </p>
   </div>
   <div class='ocr_carea' id='block_1_26' title="bbox 878 2176 2480 2253">
    <p class='ocr_par' dir='ltr' id='par_1_26' title="bbox 887 2176 2480 2253">
     <span class='ocr_line' id='line_1_26' title="bbox 887 2176 2480 2253; baseline 0.003 -22"><span class='ocrx_word' id='word_1_173' title='bbox 887 2176 983 2233; x_wconf 89' lang='lat' dir='ltr'>ulo</span> <span class='ocrx_word' id='word_1_174' title='bbox 1007 2176 1156 2235; x_wconf 88' lang='lat' dir='ltr'>ﬁlio.</span> <span class='ocrx_word' id='word_1_175' title='bbox 1199 2177 1301 2250; x_wconf 87' lang='grc' dir='ltr'>Ἐφ’</span> <span class='ocrx_word' id='word_1_176' title='bbox 1331 2180 1454 2232; x_wconf 85' lang='grc' dir='ltr'>ὅσον</span> <span class='ocrx_word' id='word_1_177' title='bbox 1485 2180 1815 2253; x_wconf 79' lang='grc' dir='ltr'>ᾠκονόμησεν</span> <span class='ocrx_word' id='word_1_178' title='bbox 1846 2182 1871 2233; x_wconf 88' lang='grc' dir='ltr'><strong><em>ὁ</em></strong></span> <span class='ocrx_word' id='word_1_179' title='bbox 1905 2185 2035 2244; x_wconf 87' lang='grc' dir='ltr'>Θεὸς</span> <span class='ocrx_word' id='word_1_180' title='bbox 2060 2182 2195 2233; x_wconf 84' lang='grc' dir='ltr'>οὕτω</span> <span class='ocrx_word' id='word_1_181' title='bbox 2222 2182 2480 2253; x_wconf 71' lang='grc' dir='ltr'>γενέσθαι.</span> 
     </span>
    </p>
   </div>
   <div class='ocr_carea' id='block_1_27' title="bbox 516 2264 2260 2342">
    <p class='ocr_par' dir='ltr' id='par_1_27' title="bbox 516 2264 2260 2342">
     <span class='ocr_line' id='line_1_27' title="bbox 516 2264 2260 2342; baseline 0.002 -23"><span class='ocrx_word' id='word_1_182' title='bbox 516 2264 640 2320; x_wconf 84' lang='grc'><strong>530.</strong></span> <span class='ocrx_word' id='word_1_183' title='bbox 682 2266 999 2321; x_wconf 82' lang='lat' dir='ltr'>Naucratio</span> <span class='ocrx_word' id='word_1_184' title='bbox 1024 2266 1167 2323; x_wconf 87' lang='lat' dir='ltr'>ﬁlio.</span> <span class='ocrx_word' id='word_1_185' title='bbox 1196 2265 1317 2320; x_wconf 78' lang='grc' dir='ltr'>Ὀτι</span> <span class='ocrx_word' id='word_1_186' title='bbox 1343 2267 1653 2341; x_wconf 75' lang='grc' dir='ltr'>ἀνέσφηλας,</span> <span class='ocrx_word' id='word_1_187' title='bbox 1684 2270 1727 2322; x_wconf 79' lang='grc' dir='ltr'>εἰ</span> <span class='ocrx_word' id='word_1_188' title='bbox 1756 2275 1845 2323; x_wconf 87' lang='grc' dir='ltr'>καὶ</span> <span class='ocrx_word' id='word_1_189' title='bbox 1869 2275 1940 2342; x_wconf 83' lang='grc' dir='ltr'>μῆ</span> <span class='ocrx_word' id='word_1_190' title='bbox 1973 2270 2152 2333; x_wconf 83' lang='grc' dir='ltr'>τελέως</span> <span class='ocrx_word' id='word_1_191' title='bbox 2182 2268 2260 2332; x_wconf 78' lang='grc' dir='ltr'>ἧς.</span> 
     </span>
    </p>
   </div>
   <div class='ocr_carea' id='block_1_28' title="bbox 519 2353 2154 2432">
    <p class='ocr_par' dir='ltr' id='par_1_28' title="bbox 519 2353 2154 2432">
     <span class='ocr_line' id='line_1_28' title="bbox 519 2353 2154 2432; baseline 0.004 -24"><span class='ocrx_word' id='word_1_192' title='bbox 519 2355 640 2409; x_wconf 87' lang='grc'><strong>531.</strong></span> <span class='ocrx_word' id='word_1_193' title='bbox 682 2353 990 2410; x_wconf 78' lang='lat' dir='ltr'>Timotheo</span> <span class='ocrx_word' id='word_1_194' title='bbox 1029 2355 1169 2413; x_wconf 87' lang='lat' dir='ltr'>ﬁlio.</span> <span class='ocrx_word' id='word_1_195' title='bbox 1201 2356 1488 2430; x_wconf 73' lang='grc' dir='ltr'>’Υπομίνων</span> <span class='ocrx_word' id='word_1_196' title='bbox 1519 2361 1793 2432; x_wconf 79' lang='grc' dir='ltr'>ὑπόμεινον</span> <span class='ocrx_word' id='word_1_197' title='bbox 1826 2362 1912 2412; x_wconf 88' lang='grc' dir='ltr'>τὸν</span> <span class='ocrx_word' id='word_1_198' title='bbox 1944 2362 2154 2431; x_wconf 82' lang='grc' dir='ltr'>Κύριον.</span> 
     </span>
    </p>
   </div>
   <div class='ocr_carea' id='block_1_29' title="bbox 513 2442 2115 2519">
    <p class='ocr_par' dir='ltr' id='par_1_29' title="bbox 513 2442 2115 2511">
     <span class='ocr_line' id='line_1_29' title="bbox 513 2442 2115 2511; baseline 0.003 -14"><span class='ocrx_word' id='word_1_199' title='bbox 513 2443 640 2499; x_wconf 89' lang='grc'><strong>532.</strong></span> <span class='ocrx_word' id='word_1_200' title='bbox 685 2442 898 2499; x_wconf 77' lang='lat' dir='ltr'>Basilio</span> <span class='ocrx_word' id='word_1_201' title='bbox 930 2446 1248 2502; x_wconf 81' lang='lat' dir='ltr'>monacho.</span> <span class='ocrx_word' id='word_1_202' title='bbox 1278 2452 1365 2508; x_wconf 89' lang='grc' dir='ltr'>Τίς</span> <span class='ocrx_word' id='word_1_203' title='bbox 1404 2448 1551 2511; x_wconf 79' lang='grc' dir='ltr'>οὗτος</span> <span class='ocrx_word' id='word_1_204' title='bbox 1578 2451 1603 2501; x_wconf 97' lang='lat'>6</span> <span class='ocrx_word' id='word_1_205' title='bbox 1636 2448 1736 2501; x_wconf 82' lang='grc' dir='ltr'>ἀπὸ</span> <span class='ocrx_word' id='word_1_206' title='bbox 1771 2446 1973 2511; x_wconf 85' lang='grc' dir='ltr'>δύσεως</span> <span class='ocrx_word' id='word_1_207' title='bbox 2004 2447 2115 2502; x_wconf 66' lang='lat' dir='ltr'>iam</span> 
     </span>
    </p>
   </div>
   <div class='ocr_carea' id='block_1_30' title="bbox 905 2442 2507 2519">
    <p class='ocr_par' dir='ltr' id='par_1_30' title="bbox 930 2446 2507 2519">
     <span class='ocr_line' id='line_1_30' title="bbox 930 2446 2507 2519; baseline -0.001 -20"><span class='ocrx_word' id='word_1_208' title='bbox 930 2446 1248 2502; x_wconf 80' lang='lat' dir='ltr'>monacho.</span> <span class='ocrx_word' id='word_1_209' title='bbox 1278 2452 1365 2508; x_wconf 89' lang='grc' dir='ltr'>Τίς</span> <span class='ocrx_word' id='word_1_210' title='bbox 1404 2448 1551 2511; x_wconf 79' lang='grc' dir='ltr'>οὗτος</span> <span class='ocrx_word' id='word_1_211' title='bbox 1578 2451 1603 2501; x_wconf 97' lang='lat'>6</span> <span class='ocrx_word' id='word_1_212' title='bbox 1636 2448 1736 2501; x_wconf 82' lang='grc' dir='ltr'>ἀπὸ</span> <span class='ocrx_word' id='word_1_213' title='bbox 1771 2446 1973 2511; x_wconf 85' lang='grc' dir='ltr'>δύσεως</span> <span class='ocrx_word' id='word_1_214' title='bbox 2004 2447 2264 2509; x_wconf 78' lang='grc' dir='ltr'>ἀνατείλας</span> <span class='ocrx_word' id='word_1_215' title='bbox 2292 2446 2462 2519; x_wconf 78' lang='grc' dir='ltr'>ἀστήρ</span> <span class='ocrx_word' id='word_1_216' title='bbox 2494 2463 2507 2513; x_wconf 92' lang='grc'>;</span> 
     </span>
    </p>
   </div>
   <div class='ocr_carea' id='block_1_31' title="bbox 519 2534 2121 2609">
    <p class='ocr_par' dir='ltr' id='par_1_31' title="bbox 519 2534 2107 2609">
     <span class='ocr_line' id='line_1_31' title="bbox 519 2534 2107 2609; baseline 0.001 -21"><span class='ocrx_word' id='word_1_217' title='bbox 519 2535 642 2588; x_wconf 88' lang='grc'><strong>533.</strong></span> <span class='ocrx_word' id='word_1_218' title='bbox 682 2534 931 2589; x_wconf 84' lang='lat' dir='ltr'>Macario</span> <span class='ocrx_word' id='word_1_219' title='bbox 957 2538 1301 2607; x_wconf 70' lang='lat' dir='ltr'>praaposito.</span> <span class='ocrx_word' id='word_1_220' title='bbox 1326 2535 1609 2609; x_wconf 79' lang='grc' dir='ltr'>Αὐτάρκως</span> <span class='ocrx_word' id='word_1_221' title='bbox 1638 2534 1928 2590; x_wconf 78' lang='grc' dir='ltr'>διιππεύων</span> <span class='ocrx_word' id='word_1_222' title='bbox 1960 2539 1985 2589; x_wconf 90' lang='grc' dir='ltr'><strong><em>ὁ</em></strong></span> <span class='ocrx_word' id='word_1_223' title='bbox 2017 2547 2107 2598; x_wconf 90' lang='grc' dir='ltr'>τῆς</span> 
     </span>
    </p>
   </div>
   <div class='ocr_carea' id='block_1_32' title="bbox 978 2534 2580 2609">
    <p class='ocr_par' dir='ltr' id='par_1_32' title="bbox 978 2534 2580 2609">
     <span class='ocr_line' id='line_1_32' title="bbox 978 2534 2580 2609; baseline -0.001 -22"><span class='ocrx_word' id='word_1_224' title='bbox 978 2538 1301 2607; x_wconf 70' lang='lat' dir='ltr'>)raaposito.</span> <span class='ocrx_word' id='word_1_225' title='bbox 1326 2535 1609 2609; x_wconf 79' lang='grc' dir='ltr'>Αὐτάρκως</span> <span class='ocrx_word' id='word_1_226' title='bbox 1638 2534 1928 2590; x_wconf 78' lang='grc' dir='ltr'>διιππεύων</span> <span class='ocrx_word' id='word_1_227' title='bbox 1960 2539 1985 2589; x_wconf 90' lang='grc' dir='ltr'><strong><em>ὁ</em></strong></span> <span class='ocrx_word' id='word_1_228' title='bbox 2017 2547 2107 2598; x_wconf 90' lang='grc' dir='ltr'>τῆς</span> <span class='ocrx_word' id='word_1_229' title='bbox 2137 2545 2340 2597; x_wconf 86' lang='grc' dir='ltr'>σιωπῆς</span> <span class='ocrx_word' id='word_1_230' title='bbox 2374 2540 2580 2608; x_wconf 89' lang='grc' dir='ltr'>χρόνος.</span> 
     </span>
    </p>
   </div>
   <div class='ocr_carea' id='block_1_33' title="bbox 515 2621 2117 2701">
    <p class='ocr_par' dir='ltr' id='par_1_33' title="bbox 515 2621 2116 2701">
     <span class='ocr_line' id='line_1_33' title="bbox 515 2621 2116 2701; baseline 0.002 -26"><span class='ocrx_word' id='word_1_231' title='bbox 515 2621 641 2678; x_wconf 74' lang='grc'><strong>534.</strong></span> <span class='ocrx_word' id='word_1_232' title='bbox 682 2623 1067 2677; x_wconf 78' lang='lat' dir='ltr'>Constantino</span> <span class='ocrx_word' id='word_1_233' title='bbox 1100 2626 1438 2696; x_wconf 66' lang='lat' dir='ltr'>praeposito.</span> <span class='ocrx_word' id='word_1_234' title='bbox 1475 2629 1807 2699; x_wconf 86' lang='grc' dir='ltr'>Προστίθημι</span> <span class='ocrx_word' id='word_1_235' title='bbox 1930 2632 2116 2701; x_wconf 80' lang='grc' dir='ltr'>προτέρ</span> 
     </span>
    </p>
   </div>
   <div class='ocr_carea' id='block_1_34' title="bbox 904 2621 2506 2701">
    <p class='ocr_par' dir='ltr' id='par_1_34' title="bbox 904 2624 2506 2701">
     <span class='ocr_line' id='line_1_34' title="bbox 904 2624 2506 2701; baseline 0.001 -25"><span class='ocrx_word' id='word_1_236' title='bbox 904 2624 1067 2677; x_wconf 78' lang='lat' dir='ltr'>mino</span> <span class='ocrx_word' id='word_1_237' title='bbox 1100 2626 1438 2696; x_wconf 65' lang='lat' dir='ltr'>praeposito.</span> <span class='ocrx_word' id='word_1_238' title='bbox 1475 2629 1807 2699; x_wconf 86' lang='grc' dir='ltr'>Προστίθημι</span> <span class='ocrx_word' id='word_1_239' title='bbox 1840 2634 1899 2699; x_wconf 79' lang='grc' dir='ltr'>τῇ</span> <span class='ocrx_word' id='word_1_240' title='bbox 1930 2630 2211 2701; x_wconf 73' lang='grc' dir='ltr'>προτεραίᾳ</span> <span class='ocrx_word' id='word_1_241' title='bbox 2235 2624 2506 2696; x_wconf 75' lang='grc' dir='ltr'>ἐπιστολῇ.</span> 
     </span>
    </p>
   </div>
   <div class='ocr_carea' id='block_1_35' title="bbox 521 2707 2123 2788">
    <p class='ocr_par' dir='ltr' id='par_1_35' title="bbox 521 2710 2123 2788">
     <span class='ocr_line' id='line_1_35' title="bbox 521 2710 2123 2788; baseline 0.002 -22"><span class='ocrx_word' id='word_1_242' title='bbox 521 2711 642 2767; x_wconf 85' lang='grc'><strong>535.</strong></span> <span class='ocrx_word' id='word_1_243' title='bbox 685 2710 927 2769; x_wconf 87' lang='lat' dir='ltr'>Michael</span> <span class='ocrx_word' id='word_1_244' title='bbox 974 2713 1318 2784; x_wconf 88' lang='lat' dir='ltr'>synadensi.</span> <span class='ocrx_word' id='word_1_245' title='bbox 1363 2714 1533 2767; x_wconf 79' lang='grc' dir='ltr'>Πάλαι</span> <span class='ocrx_word' id='word_1_246' title='bbox 1578 2718 1788 2788; x_wconf 83' lang='grc' dir='ltr'>ἔμαθον,</span> <span class='ocrx_word' id='word_1_247' title='bbox 1841 2718 1920 2768; x_wconf 85' lang='grc' dir='ltr'>ὅτι</span> <span class='ocrx_word' id='word_1_248' title='bbox 1961 2736 2018 2769; x_wconf 92' lang='grc' dir='ltr'>σε</span> <span class='ocrx_word' id='word_1_249' title='bbox 2065 2719 2123 2769; x_wconf 89' lang='grc' dir='ltr'>τὸ</span> 
     </span>
    </p>
   </div>
   <div class='ocr_carea' id='block_1_36' title="bbox 2265 2707 3867 2788">
    <p class='ocr_par' dir='ltr' id='par_1_36' title="bbox 2269 2707 3867 2786">
     <span class='ocr_line' id='line_1_36' title="bbox 2269 2707 3867 2786; baseline -0.004 -19"><span class='ocrx_word' id='word_1_250' title='bbox 2269 2715 2386 2767; x_wconf 78' lang='grc' dir='ltr'>ὑλον</span> <span class='ocrx_word' id='word_1_251' title='bbox 2433 2718 2523 2765; x_wconf 82' lang='grc' dir='ltr'>καὶ</span> <span class='ocrx_word' id='word_1_252' title='bbox 2571 2707 2843 2786; x_wconf 76' lang='grc' dir='ltr'>ἑδραίωμα</span> <span class='ocrx_word' id='word_1_253' title='bbox 2893 2716 2990 2769; x_wconf 89' lang='grc' dir='ltr'>τῆς</span> <span class='ocrx_word' id='word_1_254' title='bbox 3039 2707 3277 2770; x_wconf 75' lang='grc' dir='ltr'>ἀληθείας</span> <span class='ocrx_word' id='word_1_255' title='bbox 3317 2709 3548 2780; x_wconf 75' lang='grc' dir='ltr'>μεθῆκαν</span> <span class='ocrx_word' id='word_1_256' title='bbox 3595 2714 3688 2761; x_wconf 84' lang='grc' dir='ltr'>τοῦ</span> <span class='ocrx_word' id='word_1_257' title='bbox 3742 2726 3867 2781; x_wconf 86' lang='grc' dir='ltr'>προ-</span> 
     </span>
    </p>
   </div>
   <div class='ocr_carea' id='block_1_37' title="bbox 446 2803 990 2875">
    <p class='ocr_par' dir='ltr' id='par_1_37' title="bbox 446 2803 990 2875">
     <span class='ocr_line' id='line_1_37' title="bbox 446 2803 990 2875; baseline -0.002 -21"><span class='ocrx_word' id='word_1_258' title='bbox 446 2803 596 2875; x_wconf 72' lang='grc' dir='ltr'>τέρου</span> <span class='ocrx_word' id='word_1_259' title='bbox 623 2808 990 2875; x_wconf 80' lang='grc' dir='ltr'>περιορισμοῦ.</span> 
     </span>
    </p>
   </div>
   <div class='ocr_carea' id='block_1_38' title="bbox 520 2889 2122 2968">
    <p class='ocr_par' dir='ltr' id='par_1_38' title="bbox 520 2889 2122 2968">
     <span class='ocr_line' id='line_1_38' title="bbox 520 2889 2122 2968; baseline 0.001 -23"><span class='ocrx_word' id='word_1_260' title='bbox 520 2893 642 2945; x_wconf 85' lang='grc'><strong>536.</strong></span> <span class='ocrx_word' id='word_1_261' title='bbox 679 2889 879 2945; x_wconf 81' lang='lat' dir='ltr'>Tithoe</span> <span class='ocrx_word' id='word_1_262' title='bbox 909 2889 1050 2946; x_wconf 91' lang='lat' dir='ltr'>ﬁlio.</span> <span class='ocrx_word' id='word_1_263' title='bbox 1088 2891 1266 2952; x_wconf 83' lang='grc' dir='ltr'>Καλῶς</span> <span class='ocrx_word' id='word_1_264' title='bbox 1296 2897 1381 2945; x_wconf 81' lang='grc' dir='ltr'>καὶ</span> <span class='ocrx_word' id='word_1_265' title='bbox 1410 2898 1793 2968; x_wconf 79' lang='grc' dir='ltr'>προσηκόντως,</span> <span class='ocrx_word' id='word_1_266' title='bbox 1828 2891 2033 2967; x_wconf 70' lang='grc' dir='ltr'>ἀδελφὲ,</span> <span class='ocrx_word' id='word_1_267' title='bbox 2065 2897 2122 2947; x_wconf 87' lang='grc' dir='ltr'>τὸ</span> 
     </span>
    </p>
   </div>
   <div class='ocr_carea' id='block_1_39' title="bbox 907 2889 2509 2968">
    <p class='ocr_par' dir='ltr' id='par_1_39' title="bbox 909 2889 2509 2968">
     <span class='ocr_line' id='line_1_39' title="bbox 909 2889 2509 2968; baseline 0.003 -24"><span class='ocrx_word' id='word_1_268' title='bbox 909 2889 1050 2946; x_wconf 91' lang='lat' dir='ltr'>ﬁlio.</span> <span class='ocrx_word' id='word_1_269' title='bbox 1088 2891 1266 2952; x_wconf 83' lang='grc' dir='ltr'>Καλῶς</span> <span class='ocrx_word' id='word_1_270' title='bbox 1296 2897 1381 2945; x_wconf 81' lang='grc' dir='ltr'>καὶ</span> <span class='ocrx_word' id='word_1_271' title='bbox 1410 2898 1793 2968; x_wconf 79' lang='grc' dir='ltr'>προσηκόντως,</span> <span class='ocrx_word' id='word_1_272' title='bbox 1828 2891 2033 2967; x_wconf 70' lang='grc' dir='ltr'>ἀδελφὲ,</span> <span class='ocrx_word' id='word_1_273' title='bbox 2065 2897 2123 2947; x_wconf 87' lang='grc' dir='ltr'>τὸ</span> <span class='ocrx_word' id='word_1_274' title='bbox 2148 2897 2368 2968; x_wconf 74' lang='grc' dir='ltr'>γράμμα</span> <span class='ocrx_word' id='word_1_275' title='bbox 2396 2913 2509 2949; x_wconf 85' lang='grc' dir='ltr'>σου.</span> 
     </span>
    </p>
   </div>
   <div class='ocr_carea' id='block_1_40' title="bbox 520 2978 1765 3055">
    <p class='ocr_par' dir='ltr' id='par_1_40' title="bbox 520 2978 1765 3055">
     <span class='ocr_line' id='line_1_40' title="bbox 520 2978 1765 3055; baseline 0.004 -21"><span class='ocrx_word' id='word_1_276' title='bbox 520 2979 642 3034; x_wconf 81' lang='lat'>537.</span> <span class='ocrx_word' id='word_1_277' title='bbox 689 2978 927 3036; x_wconf 80' lang='lat' dir='ltr'>Silvano</span> <span class='ocrx_word' id='word_1_278' title='bbox 956 2979 1102 3037; x_wconf 87' lang='lat' dir='ltr'>ﬁlio.</span> <span class='ocrx_word' id='word_1_279' title='bbox 1134 2980 1331 3055; x_wconf 68' lang='grc' dir='ltr'>’ᾘνεσα</span> <span class='ocrx_word' id='word_1_280' title='bbox 1359 2985 1446 3034; x_wconf 85' lang='grc' dir='ltr'>τόν</span> <span class='ocrx_word' id='word_1_281' title='bbox 1481 2987 1607 3037; x_wconf 84' lang='grc' dir='ltr'>Θεὸν</span> <span class='ocrx_word' id='word_1_282' title='bbox 1643 3004 1765 3055; x_wconf 85' lang='grc' dir='ltr'>μου.</span> 
     </span>
    </p>
   </div>
   <div class='ocr_carea' id='block_1_41' title="bbox 519 3066 1906 3148">
    <p class='ocr_par' dir='ltr' id='par_1_41' title="bbox 519 3066 1906 3148">
     <span class='ocr_line' id='line_1_41' title="bbox 519 3066 1906 3148; baseline 0.006 -25"><span class='ocrx_word' id='word_1_283' title='bbox 519 3066 644 3125; x_wconf 72' lang='grc'><strong>538.</strong></span> <span class='ocrx_word' id='word_1_284' title='bbox 686 3069 910 3127; x_wconf 85' lang='lat' dir='ltr'>Evodio</span> <span class='ocrx_word' id='word_1_285' title='bbox 940 3073 998 3126; x_wconf 84' lang='lat' dir='ltr'><strong>et</strong></span> <span class='ocrx_word' id='word_1_286' title='bbox 1026 3072 1238 3128; x_wconf 86' lang='lat' dir='ltr'>Joanni</span> <span class='ocrx_word' id='word_1_287' title='bbox 1263 3071 1419 3127; x_wconf 87' lang='lat' dir='ltr'>ﬁliis.</span> <span class='ocrx_word' id='word_1_288' title='bbox 1443 3079 1624 3147; x_wconf 85' lang='grc' dir='ltr'>Μικρᾷ</span> <span class='ocrx_word' id='word_1_289' title='bbox 1653 3073 1906 3148; x_wconf 76' lang='grc' dir='ltr'>συλλαϐῇ.</span> 
     </span>
    </p>
   </div>
   <div class='ocr_carea' id='block_1_42' title="bbox 522 3158 2205 3233">
    <p class='ocr_par' dir='ltr' id='par_1_42' title="bbox 522 3158 2205 3233">
     <span class='ocr_line' id='line_1_42' title="bbox 522 3158 2205 3233; baseline 0.003 -20"><span class='ocrx_word' id='word_1_290' title='bbox 522 3160 647 3216; x_wconf 87' lang='lat'>539.</span> <span class='ocrx_word' id='word_1_291' title='bbox 688 3159 966 3231; x_wconf 89' lang='lat' dir='ltr'>Symeoni</span> <span class='ocrx_word' id='word_1_292' title='bbox 996 3159 1139 3216; x_wconf 87' lang='lat' dir='ltr'>ﬁlio.</span> <span class='ocrx_word' id='word_1_293' title='bbox 1172 3158 1385 3220; x_wconf 71' lang='grc' dir='ltr'>Ἐπειδὴ</span> <span class='ocrx_word' id='word_1_294' title='bbox 1414 3160 1634 3233; x_wconf 71' lang='grc' dir='ltr'>ἀνέγνων</span> <span class='ocrx_word' id='word_1_295' title='bbox 1663 3182 1756 3215; x_wconf 88' lang='grc' dir='ltr'>σου</span> <span class='ocrx_word' id='word_1_296' title='bbox 1784 3168 1876 3223; x_wconf 77' lang='grc' dir='ltr'>τὴν</span> <span class='ocrx_word' id='word_1_297' title='bbox 1908 3163 2205 3223; x_wconf 78' lang='grc' dir='ltr'>ἐπιστολήν.</span> 
     </span>
    </p>
   </div>
   <div class='ocr_carea' id='block_1_43' title="bbox 522 3249 1983 3327">
    <p class='ocr_par' dir='ltr' id='par_1_43' title="bbox 522 3249 1983 3327">
     <span class='ocr_line' id='line_1_43' title="bbox 522 3249 1983 3327; baseline 0.003 -23"><span class='ocrx_word' id='word_1_298' title='bbox 522 3250 645 3304; x_wconf 82' lang='grc'><strong>540.</strong></span> <span class='ocrx_word' id='word_1_299' title='bbox 688 3249 1080 3306; x_wconf 84' lang='lat' dir='ltr'>Constantino</span> <span class='ocrx_word' id='word_1_300' title='bbox 1109 3250 1281 3307; x_wconf 84' lang='lat' dir='ltr'>laico.</span> <span class='ocrx_word' id='word_1_301' title='bbox 1309 3251 1534 3324; x_wconf 75' lang='grc' dir='ltr'>Εὐλογία</span> <span class='ocrx_word' id='word_1_302' title='bbox 1563 3254 1762 3327; x_wconf 87' lang='grc' dir='ltr'>Κυρίου</span> <span class='ocrx_word' id='word_1_303' title='bbox 1795 3252 1879 3306; x_wconf 82' lang='grc' dir='ltr'>ἐπὶ</span> <span class='ocrx_word' id='word_1_304' title='bbox 1906 3258 1983 3309; x_wconf 79' lang='grc' dir='ltr'>σέ.</span> 
     </span>
    </p>
   </div>
   <div class='ocr_carea' id='block_1_44' title="bbox 525 3336 2292 3417">
    <p class='ocr_par' dir='ltr' id='par_1_44' title="bbox 525 3336 2292 3417">
     <span class='ocr_line' id='line_1_44' title="bbox 525 3336 2292 3417; baseline 0.006 -25"><span class='ocrx_word' id='word_1_305' title='bbox 525 3339 645 3393; x_wconf 84' lang='grc'><strong>541.</strong></span> <span class='ocrx_word' id='word_1_306' title='bbox 688 3338 892 3394; x_wconf 70' lang='lat' dir='ltr'>Casiaa.</span> <span class='ocrx_word' id='word_1_307' title='bbox 925 3340 1027 3391; x_wconf 84' lang='grc' dir='ltr'>Οἷα</span> <span class='ocrx_word' id='word_1_308' title='bbox 1050 3340 1175 3412; x_wconf 77' lang='grc' dir='ltr'>ἡμῖν</span> <span class='ocrx_word' id='word_1_309' title='bbox 1206 3344 1294 3393; x_wconf 88' lang='grc' dir='ltr'>καὶ</span> <span class='ocrx_word' id='word_1_310' title='bbox 1318 3336 1465 3401; x_wconf 81' lang='grc' dir='ltr'>αὖθις</span> <span class='ocrx_word' id='word_1_311' title='bbox 1495 3340 1775 3413; x_wconf 72' lang='grc' dir='ltr'>ἐφθέγξατο</span> <span class='ocrx_word' id='word_1_312' title='bbox 1801 3344 1831 3397; x_wconf 72' lang='grc' dir='ltr'>ἡ</span> <span class='ocrx_word' id='word_1_313' title='bbox 1861 3350 2147 3417; x_wconf 80' lang='grc' dir='ltr'>κοσμιότης</span> <span class='ocrx_word' id='word_1_314' title='bbox 2177 3367 2292 3402; x_wconf 82' lang='grc' dir='ltr'>σου.</span> 
     </span>
    </p>
   </div>
   <div class='ocr_carea' id='block_1_45' title="bbox 522 3427 2005 3503">
    <p class='ocr_par' dir='ltr' id='par_1_45' title="bbox 522 3427 2005 3503">
     <span class='ocr_line' id='line_1_45' title="bbox 522 3427 2005 3503; baseline 0.004 -21"><span class='ocrx_word' id='word_1_315' title='bbox 522 3428 646 3482; x_wconf 79' lang='grc'><strong>542.</strong></span> <span class='ocrx_word' id='word_1_316' title='bbox 687 3427 939 3484; x_wconf 82' lang='lat' dir='ltr'>Macario</span> <span class='ocrx_word' id='word_1_317' title='bbox 971 3430 1316 3501; x_wconf 66' lang='lat' dir='ltr'>praeposito.</span> <span class='ocrx_word' id='word_1_318' title='bbox 1350 3433 1491 3482; x_wconf 79' lang='grc' dir='ltr'>Πάνυ</span> <span class='ocrx_word' id='word_1_319' title='bbox 1523 3430 1774 3503; x_wconf 76' lang='grc' dir='ltr'>ἐφιέμενος</span> <span class='ocrx_word' id='word_1_320' title='bbox 1804 3434 2005 3498; x_wconf 85' lang='grc' dir='ltr'>μαθεῖν.</span> 
     </span>
    </p>
   </div>
   <div class='ocr_carea' id='block_1_46' title="bbox 522 3516 1865 3594">
    <p class='ocr_par' dir='ltr' id='par_1_46' title="bbox 522 3516 1865 3594">
     <span class='ocr_line' id='line_1_46' title="bbox 522 3516 1865 3594; baseline 0.002 -22"><span class='ocrx_word' id='word_1_321' title='bbox 522 3518 644 3573; x_wconf 76' lang='grc'><strong>543.</strong></span> <span class='ocrx_word' id='word_1_322' title='bbox 684 3516 867 3573; x_wconf 68' lang='lat' dir='ltr'>Irenae</span> <span class='ocrx_word' id='word_1_323' title='bbox 898 3518 1184 3588; x_wconf 70' lang='lat' dir='ltr'>patriciae.</span> <span class='ocrx_word' id='word_1_324' title='bbox 1214 3523 1277 3571; x_wconf 90' lang='grc' dir='ltr'>Τί</span> <span class='ocrx_word' id='word_1_325' title='bbox 1310 3539 1395 3572; x_wconf 90' lang='grc' dir='ltr'>σοι</span> <span class='ocrx_word' id='word_1_326' title='bbox 1413 3524 1606 3581; x_wconf 82' lang='grc' dir='ltr'>κόπους</span> <span class='ocrx_word' id='word_1_327' title='bbox 1626 3525 1865 3594; x_wconf 87' lang='grc' dir='ltr'>παρέχω.</span> 
     </span>
    </p>
   </div>
   <div class='ocr_carea' id='block_1_47' title="bbox 523 3606 1890 3679">
    <p class='ocr_par' dir='ltr' id='par_1_47' title="bbox 523 3606 1890 3679">
     <span class='ocr_line' id='line_1_47' title="bbox 523 3606 1890 3679; baseline 0.001 -18"><span class='ocrx_word' id='word_1_328' title='bbox 523 3607 645 3661; x_wconf 88' lang='grc'><strong>544.</strong></span> <span class='ocrx_word' id='word_1_329' title='bbox 686 3606 869 3662; x_wconf 87' lang='lat' dir='ltr'>Paulo</span> <span class='ocrx_word' id='word_1_330' title='bbox 899 3606 1040 3663; x_wconf 86' lang='lat' dir='ltr'>ﬁlio.</span> <span class='ocrx_word' id='word_1_331' title='bbox 1077 3606 1321 3679; x_wconf 77' lang='grc' dir='ltr'>Ἀνέγνων</span> <span class='ocrx_word' id='word_1_332' title='bbox 1354 3628 1449 3661; x_wconf 81' lang='grc' dir='ltr'>σου</span> <span class='ocrx_word' id='word_1_333' title='bbox 1475 3613 1569 3667; x_wconf 79' lang='grc' dir='ltr'>τὴν</span> <span class='ocrx_word' id='word_1_334' title='bbox 1590 3609 1890 3669; x_wconf 82' lang='grc' dir='ltr'>ἐπιστολήν.</span> 
     </span>
    </p>
   </div>
   <div class='ocr_carea' id='block_1_48' title="bbox 522 3695 1976 3772">
    <p class='ocr_par' dir='ltr' id='par_1_48' title="bbox 522 3695 1976 3772">
     <span class='ocr_line' id='line_1_48' title="bbox 522 3695 1976 3772; baseline 0.001 -22"><span class='ocrx_word' id='word_1_335' title='bbox 522 3697 644 3751; x_wconf 87' lang='grc'><strong>545.</strong></span> <span class='ocrx_word' id='word_1_336' title='bbox 690 3697 900 3751; x_wconf 78' lang='lat' dir='ltr'>Letoeo</span> <span class='ocrx_word' id='word_1_337' title='bbox 930 3695 1071 3752; x_wconf 83' lang='lat' dir='ltr'>ﬁlio.</span> <span class='ocrx_word' id='word_1_338' title='bbox 1100 3702 1283 3770; x_wconf 80' lang='grc' dir='ltr'>Χαίρω</span> <span class='ocrx_word' id='word_1_339' title='bbox 1313 3697 1511 3751; x_wconf 85' lang='grc' dir='ltr'>ἁκούων</span> <span class='ocrx_word' id='word_1_340' title='bbox 1547 3718 1640 3751; x_wconf 88' lang='grc' dir='ltr'>σου</span> <span class='ocrx_word' id='word_1_341' title='bbox 1670 3707 1761 3760; x_wconf 89' lang='grc' dir='ltr'>τῆς</span> <span class='ocrx_word' id='word_1_342' title='bbox 1787 3707 1924 3772; x_wconf 87' lang='grc' dir='ltr'>φωνῆ</span> <span class='ocrx_word' id='word_1_343' title='bbox 1937 3720 1976 3762; x_wconf 94' lang='grc' dir='ltr'>ς.</span> 
     </span>
    </p>
   </div>
   <div class='ocr_carea' id='block_1_49' title="bbox 523 3780 2861 3861">
    <p class='ocr_par' dir='ltr' id='par_1_49' title="bbox 523 3780 2861 3861">
     <span class='ocr_line' id='line_1_49' title="bbox 523 3780 2861 3861; baseline -0.003 -23"><span class='ocrx_word' id='word_1_344' title='bbox 523 3785 646 3839; x_wconf 84' lang='grc'><strong>546.</strong></span> <span class='ocrx_word' id='word_1_345' title='bbox 686 3784 1021 3855; x_wconf 81' lang='lat' dir='ltr'>Canonicis,</span> <span class='ocrx_word' id='word_1_346' title='bbox 1053 3793 1368 3848; x_wconf 88' lang='grc' dir='ltr'>κανονικαῖς.</span> <span class='ocrx_word' id='word_1_347' title='bbox 1404 3784 1616 3847; x_wconf 78' lang='grc' dir='ltr'>Ἐπειδὴ</span> <span class='ocrx_word' id='word_1_348' title='bbox 1650 3790 1796 3861; x_wconf 78' lang='grc' dir='ltr'>ὑμεῖς</span> <span class='ocrx_word' id='word_1_349' title='bbox 1827 3789 1921 3841; x_wconf 78' lang='grc' dir='ltr'>οὐκ</span> <span class='ocrx_word' id='word_1_350' title='bbox 1948 3785 2191 3842; x_wconf 75' lang='grc' dir='ltr'>ἑνδιδοῦν</span> <span class='ocrx_word' id='word_1_351' title='bbox 2221 3786 2405 3861; x_wconf 73' lang='grc' dir='ltr'>φιλεῖτε</span> <span class='ocrx_word' id='word_1_352' title='bbox 2438 3784 2506 3845; x_wconf 82' lang='grc' dir='ltr'>εἰς</span> <span class='ocrx_word' id='word_1_353' title='bbox 2530 3785 2589 3836; x_wconf 89' lang='grc' dir='ltr'>τὸ</span> <span class='ocrx_word' id='word_1_354' title='bbox 2620 3780 2861 3835; x_wconf 74' lang='grc' dir='ltr'>εὐποιιῖν.</span> 
     </span>
    </p>
   </div>
   <div class='ocr_carea' id='block_1_50' title="bbox 524 3872 2219 3951">
    <p class='ocr_par' dir='ltr' id='par_1_50' title="bbox 524 3872 2219 3951">
     <span class='ocr_line' id='line_1_50' title="bbox 524 3872 2219 3951; baseline 0.002 -22"><span class='ocrx_word' id='word_1_355' title='bbox 524 3872 647 3929; x_wconf 75' lang='grc'><strong>547.</strong></span> <span class='ocrx_word' id='word_1_356' title='bbox 688 3874 1022 3946; x_wconf 86' lang='lat' dir='ltr'>Epiphanio</span> <span class='ocrx_word' id='word_1_357' title='bbox 1053 3875 1196 3932; x_wconf 85' lang='lat' dir='ltr'>ﬁlio.</span> <span class='ocrx_word' id='word_1_358' title='bbox 1236 3881 1334 3930; x_wconf 82' lang='grc' dir='ltr'>Καὶ</span> <span class='ocrx_word' id='word_1_359' title='bbox 1367 3874 1516 3939; x_wconf 84' lang='grc' dir='ltr'>αὖθις</span> <span class='ocrx_word' id='word_1_360' title='bbox 1538 3880 1745 3936; x_wconf 78' lang='grc' dir='ltr'>ἤκουσα</span> <span class='ocrx_word' id='word_1_361' title='bbox 1775 3886 1869 3941; x_wconf 86' lang='grc' dir='ltr'>τῆς</span> <span class='ocrx_word' id='word_1_362' title='bbox 1902 3886 2072 3951; x_wconf 84' lang='grc' dir='ltr'>φωνῆς</span> <span class='ocrx_word' id='word_1_363' title='bbox 2103 3897 2219 3932; x_wconf 89' lang='grc' dir='ltr'>σου.</span> 
     </span>
    </p>
   </div>
   <div class='ocr_carea' id='block_1_51' title="bbox 523 3962 1958 4045">
    <p class='ocr_par' dir='ltr' id='par_1_51' title="bbox 523 3962 1958 4045">
     <span class='ocr_line' id='line_1_51' title="bbox 523 3962 1958 4045; baseline 0.001 -25"><span class='ocrx_word' id='word_1_364' title='bbox 523 3963 644 4020; x_wconf 83' lang='grc'><strong>548.</strong></span> <span class='ocrx_word' id='word_1_365' title='bbox 688 3963 911 4020; x_wconf 87' lang='lat' dir='ltr'>Eidem.</span> <span class='ocrx_word' id='word_1_366' title='bbox 944 3964 1034 4018; x_wconf 88' lang='grc' dir='ltr'>Ἐκ</span> <span class='ocrx_word' id='word_1_367' title='bbox 1062 3962 1365 4043; x_wconf 77' lang='grc' dir='ltr'>παραδόξου</span> <span class='ocrx_word' id='word_1_368' title='bbox 1392 3986 1483 4045; x_wconf 85' lang='grc' dir='ltr'>μοι</span> <span class='ocrx_word' id='word_1_369' title='bbox 1506 3969 1565 4019; x_wconf 87' lang='grc' dir='ltr'>τὸ</span> <span class='ocrx_word' id='word_1_370' title='bbox 1594 3968 1817 4043; x_wconf 75' lang='grc' dir='ltr'>γράμμα</span> <span class='ocrx_word' id='word_1_371' title='bbox 1841 3987 1958 4021; x_wconf 88' lang='grc' dir='ltr'>σου.</span> 
     </span>
    </p>
   </div>
  </div>
