4058 6274
256 280 387 337 1681

1556 279 1913 338 CAPITULA
1953 281 2312 351 QUATUOR.

3466 285 3603 341 {682

261 406 3601 443 Μ

1010 553 1257 695 IV.
1409 554 2501 703 MISCELLAN
2511 558 2803 702 EA.

1476 923 1607 971 ΤΟΥ
1644 923 1842 973 ΟΣΙΟΥ
1880 921 2141 975 ΠΑΤΡΟΣ
2181 927 2376 976 ΗΜΩΝ

971 1084 1671 1178 ΘΕΟΔΩΡΟΥ
1779 1088 2040 1179 ΤΟΥ
2147 1089 2895 1182 ΣΤΟΥΔΙΤΟΥ

1396 1303 2196 1426 ΚΕΦΑΛΑΙΑ
2276 1295 2421 1427 Δ’.

1086 1675 1179 1765 S.
1244 1675 1346 1768 P.
1409 1673 1513 1766 N.
1558 1675 2133 1767 THEODOBI
2242 1677 2770 1767 STUDIT/E.

1150 1864 1873 1988 CAPITULA
1956 1865 2690 2013 QUA’I‘UOB,

1157 2104 1345 2175 (Pera.
1374 2106 1598 2171 Possm,
1639 2104 1979 2162 Thesaurus
2005 2106 2325 2173 Asceticus,
2360 2120 2499 2178 pag.
2532 2107 2679 2177 3H.)

313 2396 391 2453 A'.
423 2394 591 2451 Οὐδεν
635 2396 761 2450 ἄλλο
811 2396 950 2450 ἐστὶν
980 2399 1009 2456 ἡ
1044 2396 1307 2457 ἀσκητικὴ
1369 2398 1499 2468 ζωὴ,
1556 2397 1715 2458 ἀλλ’ἢ
1759 2397 1839 2470 ὶγ-
1875 2433 1884 2454 λ

2023 2401 2062 2455 Ι.
2096 2400 2247 2457 Nihil
2278 2400 2438 2458 aliud
2470 2406 2555 2458 est
2577 2402 2699 2460 vita
2727 2403 2985 2460 ascetica
3015 2404 3128 2459 nisi
3152 2403 3435 2460 cohibitio
3463 2419 3601 2476 pas-

239 2488 457 2561 κράτεια
492 2487 692 2549 παθῶν,
749 2488 1034 2539 ἓπιστασία
1090 2505 1145 2539 τε
1196 2486 1481 2558 λογισμῶν,
1540 2492 1630 2539 καὶ
1670 2483 1839 2545 διηνε-

238 2581 338 2639 κὴς
370 2575 507 2633 πάλη
558 2577 689 2649 πρὸς
720 2579 835 2636 τοὺς
892 2574 1142 2648 ἀοράτους
1198 2574 1423 2649 ἐχθρούς
1466 2593 1478 2606 ⁸
1504 2577 1737 2648 καθαράν
1784 2596 1838 2631 τε

240 2670 335 2724 τὴν
386 2664 571 2737 ψυχὴν
610 2670 784 2736 τηρεῖν
840 2662 941 2716 ἀπὸ
1007 2664 1252 2739 ῥυπαρῶν
1308 2664 1570 2736 λογισμῶν
1627 2665 1675 2718 οἳ
1730 2685 1839 2718 κοι-

239 2760 417 2807 νοῦσιν
468 2756 608 2824 ἡμᾶς
639 2771 652 2784 °
688 2751 737 2804 ἓν
789 2754 890 2827 γὰρ
931 2760 1004 2824 τῷ
1032 2751 1358 2823 λογίζεσθαι,
1413 2756 1481 2815 ὡς
1532 2760 1634 2826 πῦρ
1666 2756 1695 2813 ἡ
1730 2753 1837 2806 ἔπι-

243 2844 409 2915 θυμία
467 2841 790 2895 ἀνάπτεται*
834 2840 965 2893 ἀλλά
1022 2840 1282 2916 πόῥρωθεν
1340 2849 1439 2893 τῶν
1500 2843 1679 2894 παθῶν
1750 2845 1835 2894 ἱσ-

238 2934 469 3005 τάμενοι,
523 2932 575 2995 ἐξ
605 2931 763 2992 αὐτῆς
811 2929 1103 3004 προσϐολῆς
1148 2929 1516 3004 ἀποκρούωμεν
1543 2935 1629 2983 τὸν
1659 2935 1835 3006 πειρά-

238 3023 419 3084 ζοντα.

310 3112 381 3167 Β’.
415 3110 636 3183 Νήψεως
674 3109 860 3171 πολλῆς
904 3112 1064 3182 χρεία
1088 3110 1213 3182 ἡμῖν
1244 3113 1333 3162 καὶ
1383 3118 1662 3184 προσοχῆς
1695 3127 1708 3141 '
1742 3114 1833 3164 καὶ

233 3203 538 3274 έτοιμασίας
594 3209 685 3261 τῆς
748 3196 974 3272 καρδίας
1021 3199 1087 3261 είς
1141 3203 1197 3252 τὸ
1249 3198 1546 3271 χαλινῶσαι
1591 3203 1678 3252 τὸν
1717 3209 1834 3253 νοῦν

233 3294 404 3363 ἡμῶν,
466 3294 535 3363 μή
588 3291 892 3362 ἐκφέρεσθαι
945 3289 1016 3350 εἰς
1055 3288 1189 3361 ἃμὴ
1251 3285 1352 3354 δεῖ,
1385 3293 1457 3361 μὴ
1508 3288 1833 3362 κενεμϐατεῖν

232 3382 305 3443 εἰς
346 3383 559 3443 ἔκτοπα,
592 3384 663 3451 μὴ
734 3378 1121 3451 ἀναξωγραφεῐν
1165 3379 1361 3440 τύπους
1408 3381 1687 3452 πονηροὺς,
1728 3399 1832 3451 μη-

231 3470 296 3527 δὲ
348 3468 722 3543 συλλαμϐάνειν
771 3471 1044 3541 ἐπιθυμίας
1101 3468 1481 3541 ἀμαρτητικάς,
1540 3468 1592 3532 έξ
1640 3470 1707 3520 ὧν
1750 3469 1832 3522 οὐ.

230 3560 321 3616 διν
379 3561 730 3634 ὠφελούμεθα,
797 3558 1091 3611 τούναντίον
1146 3555 1206 3610 δέ
1260 3558 1473 3631 μᾶλλον,
1528 3555 1834 3631 ὀδυνώμεθα

228 3656 323 3705 καὶ
385 3648 787 3725 συντριϐόμεθα,
847 3648 915 3709 εἰς
961 3644 1113 3700 οὐδὲν
1153 3652 1430 3722 χρήσιμον
1465 3646 1834 3721 τελεσφοροῡν-

1949 2490 2207 2556 sionum,
2242 2492 2443 2562 vigilia
2469 2508 2647 2565 super
2677 2494 3087 2563 cogitationes,
3117 2494 3402 2551 continua
3438 2492 3601 2554 lucta

1948 2584 2156 2636 contra
2171 2581 2373 2636 hostes
2391 2581 2450 2636 in
2461 2580 2715 2637 visibiles
2737 2599 2751 2648 ;
2774 2587 2827 2637 et
2846 2597 3062 2653 puram
3080 2582 3345 2639 animam
3363 2598 3599 2640 servare

1946 2684 1982 2724 a
2018 2670 2277 2725 sordidis
2309 2670 2773 2741 cogitationibus
2804 2687 2941 2743 quas
2977 2671 3251 2744 inquinat
3280 2687 3414 2728 nos.
3446 2674 3598 2729 Dum

1946 2759 2104 2814 enim
2143 2758 2287 2815 talia
2326 2765 2522 2815 mente
2561 2775 2897 2826 versamus,
2939 2761 3423 2832 concupiscentia
3449 2761 3600 2819 sicut

1944 2848 2097 2920 ignis
2125 2848 2554 2904 inﬂammatur.
2583 2853 2655 2905 At
2686 2848 2771 2905 sic
2810 2864 2922 2905 nos
2960 2850 3308 2920 elongantes
3346 2865 3383 2907 a
3419 2849 3595 2917 vitiis,

1944 2938 2006 2992 in
2034 2937 2169 3010 ipso
2200 2938 2396 3009 primo
2427 2937 2655 2994 assultu
2694 2937 3053 3011 repellamus
3078 2942 3451 2995 tentatorem.

2016 3114 2083 3171 ΙΙ.
2126 3114 2300 3172 Multa
2320 3114 2521 3187 vigilia
2554 3131 2706 3187 opus
2724 3114 2900 3171 nobis
2933 3119 3043 3178 est,
3065 3115 3253 3172 multa
3273 3116 3595 3175 attentione

1943 3207 2001 3260 et
2018 3205 2456 3277 praeparatione
2482 3204 2675 3260 cordis
2703 3204 2779 3261 ad
2811 3204 3170 3260 frenandam
3193 3210 3457 3261 mentem
3489 3221 3595 3263 no-

1944 3298 2147 3357 stram,
2181 3309 2255 3349 ne
2282 3293 2561 3349 efferatur
2591 3293 2650 3348 in
2673 3308 2742 3349 ea
2771 3309 2912 3366 quae
2934 3309 3055 3349 non
3083 3294 3449 3350 conveniunt
3477 3312 3489 3349 :
3518 3311 3595 3354 ne

1942 3381 2403 3451 imaginationes
2427 3397 2643 3454 pravas
2664 3380 2853 3452 ﬁngat
2883 3398 2895 3435 :
2921 3385 3027 3437 aut
3056 3382 3362 3439 obversari
3386 3384 3594 3441 animo

1944 3470 2101 3526 sinat
2134 3486 2147 3523 :
2181 3486 2331 3525 neve
2358 3469 2657 3541 concipiat
2693 3470 3050 3542 cupiditates
3092 3471 3169 3526 ad
3211 3472 3590 3543 peccandum

1942 3559 2254 3614 incitantes
2280 3575 2383 3627 ;ex
2401 3560 2619 3630 quibus
2650 3558 2791 3613 nihil
2812 3558 3162 3631 proﬁcimus
3192 3577 3205 3615 :
3231 3561 3377 3632 quin
3400 3576 3430 3615 e
3449 3576 3595 3617 con-

1943 3648 2123 3703 trario
2157 3647 2544 3704 vulneramur
2587 3652 2642 3701 et
2681 3648 3063 3713 conterimur,
3109 3647 3342 3703 nullum
3386 3648 3590 3705 utilem

232 3760 331 3802 τες.
363 3745 476 3794 Μία
516 3735 603 3792 οὖν
657 3737 972 3803 ἀνάπαυσις,
1032 3742 1123 3789 καὶ
1175 3742 1273 3808 μία
1322 3733 1488 3795 ἡδονὴ
1554 3740 1611 3789 τὸ
1671 3738 1884 3811 καθα-ι

1944 3736 2200 3792 fructum
2233 3742 2622 3792 maturantes.
2667 3738 2793 3793 Una
2820 3736 3001 3807 igitur
3038 3738 3293 3810 requies,
3336 3753 3457 3794 una
3485 3754 3593 3793 vo-

229 3832 396 3906 ρεύειν
422 3834 516 3888 τὴν
539 3827 747 3901 ψυχὴν,
780 3830 871 3879 καὶ
900 3829 1030 3899 πρὸς
1050 3824 1301 3879 ἀπάθειαν
1344 3825 1572 3897 βλέπειν.

301 4102 372 4151 I“.
424 4098 622 4169 Στῶμέν
677 4093 765 4148 οὖν
797 4098 928 4168 πρὸς
956 4097 1015 4147 τὸ
1067 4095 1201 4146 κατά
1252 4089 1555 4151 συνείδησιν
1597 4090 1829 4157 διηνεκὲς

228 4188 517 4261 μαρτύριον
554 4202 567 4216 ’
624 4190 695 4258 μὴ
754 4184 1029 4258 κέμψωμεν
1085 4187 1207 4255 ⁹γόνυ
1259 4190 1322 4254 τῇ
1380 4181 1542 4246 Βάαλ,
1590 4179 1822 4254 ἀδελφοὶ,

229 4271 373 4349 μηδὲ
455 4270 678 4347 ένδῶμεν
777 4277 1086 4345 τυπτόμενοι
1167 4272 1268 4322 ὑπὸ
1343 4278 1442 4322 τῶν
1517 4270 1824 4342 λογισμῶν⁹

228 4363 426 4437 μᾶλλον
487 4366 576 4436 μὶν
631 4359 718 4415 οὖν
785 4361 1241 4433 κάτασϐεννύωμεν
1295 4362 1360 4412 τά
1418 4357 1539 4433 βέλη
1590 4367 1681 4412 τοῦ
1735 4380 1825 4412 πο-

226 4461 390 4527 νηροῡ
444 4455 508 4505 τὰ
554 4456 913 4527 πεπυρωμένα,
970 4458 1074 4512 τοῖς
1133 4447 1381 4522 δάκρυσι,
1428 4457 1490 4522 τῇ
1550 4457 1821 4522 προσοχῇ,

227 4552 290 4617 τῇ
361 4539 559 4609 δεήσει,
612 4549 673 4614 τῇ
729 4541 1020 4607 κατανύξει,
1075 4546 1183 4601 τοῖς
1247 4539 1415 4599 ἄλλοις
1453 4540 1824 4610 ὑπωπιασμοῖς

227 4640 321 4686 τοῦ
347 4639 611 4705 σώματος·
643 4634 667 4683 ὁ
696 4634 797 4706 ’γὰρ
826 4627 1093 4694 ἀντίδικος
1118 4632 1285 4701 ἡμῶν,
1316 4628 1410 4691 Ὠς
1449 4628 1597 4681 λέων
1636 4629 1823 4702 ὠρυόο

227 4740 419 4795 μενος
455 4720 1027 4795 περιπατεῖ,ξητῶν
1065 4723 1215 4771 τίνα
1238 4722 1572 4782 καταπίοι,
1602 4722 1714 4769 τίνα
1734 4717 1822 4769 λά-

227 4810 311 4863 ϐοι
376 4811 687 4884 θηράσιμον,
758 4812 855 4861 εἶτε
902 4807 1003 4861 ἀπὸ
1068 4811 1278 4882 μέρους,
1340 4810 1438 4859 εἴτε
1495 4804 1547 4869 ἐξ
1612 4805 1822 4864 ὁλοκλή-

224 4920 320 4976 ρου
354 4921 367 4934 ο
431 4896 554 4952 οὐδὲ
604 4901 702 4973 γὰρ
762 4898 839 4950 ἔπ’
887 4896 947 4949 ἀν
995 4895 1097 4949 ἀπὸ
1146 4900 1327 4972 μέρους
1355 4895 1525 4963 λάϐοι,
1560 4895 1817 4968 ἀρκεῖται,

226 4988 356 5041 ἀλλά
393 4994 627 5061 πρόεισιν
695 4985 774 5040 ἀεὶ
816 4986 889 5047 εἰς
918 4989 976 5039 τὸ
1030 4992 1210 5061 χεῖρον
1244 5002 1256 5015 ⁸
1286 4986 1374 5046 ἓως
1416 4984 1477 5036 ἂν
1536 4982 1814 5059 ἀποτελέσῃ

1940 3824 2139 3896 luptas
2163 3830 2269 3890 est,
2294 3840 2553 3897 purgare
2582 3826 2873 3892 animam,
2902 3830 2957 3881 et
2982 3842 3231 3895 scopum
3265 3826 3375 3881 sibi
3401 3827 3593 3898 praeti-

1943 3929 2080 3985 gere
2100 3930 2223 3987 quo
2245 3918 2603 3986 spectemus,
2632 3914 3084 3970 exstinctionem
3107 3914 3433 3986 perfectam
3455 3930 3592 3988 pas-

1940 4004 2199 4059 sionum.

2012 4093 2101 4148 III.
2138 4095 2372 4150 Stemus
2404 4093 2581 4161 igitur
2606 4097 2783 4164 prout
2814 4091 3096 4148 standum
3137 4096 3431 4148 monstrat
3458 4108 3589 4165 per-

1938 4188 2186 4254 petuum
2235 4181 2608 4237 conscientiae
2666 4179 3091 4236 testimonium.
3147 4183 3226 4236 Ne
3274 4180 3588 4237 ﬂectamus

1939 4286 2096 4341 genu
2129 4276 2265 4326 ante
2296 4269 2453 4337 Baal,
2479 4270 2688 4325 fratres
2732 4291 2742 4322 :
2768 4284 2963 4341 neque
2989 4269 3277 4324 cedamus
3294 4270 3440 4325 dum
3459 4269 3589 4343 pul-

1939 4375 2141 4414 samur
2167 4358 2646 4430 cogitationibus.
2678 4358 2874 4412 Potius
2903 4361 3102 4413 autem
3130 4358 3586 4427 exstinguamus

1936 4450 2053 4504 tela
2089 4449 2267 4516 ignea
2303 4446 2675 4519 nequissimi,
2725 4445 3027 4518 lacrymis,
3070 4447 3413 4511 attentione,
3456 4462 3587 4502 ora-

1936 4537 2112 4603 tione,
2162 4536 2645 4606 compunctione,
2685 4533 2940 4607 aliisque
3004 4534 3422 4590 vexationibus
3460 4551 3585 4591 cor-

1934 4627 2115 4697 poris.
2166 4625 2557 4681 Adversarius
2614 4624 2772 4679 enim
2826 4630 3027 4679 noster
3068 4640 3081 4678 :
3131 4625 3439 4696 Tanquam
3492 4625 3580 4680 leo

1934 4717 2177 4785 rugiens
2204 4714 2439 4782 circuit,
2462 4728 2733 4786 quaerens
2753 4729 2923 4783 quem
2941 4713 3176 4769 devoret
3204 4714 3245 4779 ί,
3279 4728 3460 4785 quem
3486 4727 3583 4767 ve-

1934 4804 2137 4859 nando
2165 4804 2431 4875 praedam
2461 4818 2633 4858 suam
2654 4802 2949 4867 faciat,vel
2968 4817 3036 4856 ex
3057 4801 3343 4873 parte,vel
3369 4806 3577 4857 totum.

1933 4896 2132 4964 Neque
2158 4894 2316 4947 enim
2348 4908 2485 4947 cum
2516 4908 2587 4947 ex
2626 4895 2791 4963 parte
2819 4892 3057 4962 ceperit.
3091 4890 3235 4946 satis
3264 4890 3323 4945 id
3350 4890 3531 4967 habet
3564 4908 3577 4946 :

1933 4983 2035 5037 sed
2060 4983 2252 5055 pergit
2273 4996 2511 5053 semper
2531 4980 2918 5053 progrediens
2946 4980 3006 5035 in
3032 4979 3206 5050 pejus
3227 4978 3419 5036 donec
3441 4995 3582 5036 con-

227 5080 444 5133 θάνατον
504 5078 779 5153 ἁμαρτίας.
841 5078 963 5129 Οἶον
1011 5081 1255 5147 πειρᾶται
1308 5083 1507 5148 πρῶτον
1566 5070 1884 5151 δέξασθαι(

1943 5076 2191 5127 summet
2210 5076 2520 5142 peccatum
2556 5070 2779 5125 mortis.
2803 5068 3069 5139 Exempli
3096 5084 3299 5133 causa,
3328 5073 3581 5124 conatur

222 5171 360 5241 ἡμᾶς
386 5172 481 5226 τὴν
540 5167 835 5243 προσϐολήν
864 5183 877 5197 '
907 5162 1014 5218 εἶτα
1046 5165 1367 5238 φθέγξασθαί
1418 5184 1470 5216 τι
1522 5166 1653 5216 κατὰ
1691 5184 1817 5235 καρ-

225 5255 349 5321 δίας
399 5262 620 5331 πονηρόν
656 5279 668 5291 ο
698 5254 773 5311 εἶθ
822 5256 985 5318 οὕτως
1036 5257 1234 5328 χράνοις
1274 5258 1363 5306 καὶ
1421 5254 1691 5328 φαρμάξας
1723 5257 1817 5311 τὴν

224 5346 431 5418 ψυχὴν,
502 5347 771 5410 ἐξίστησιν
850 5345 1012 5403 αὐτὴν
1083 5352 1178 5406 τῆς
1225 5345 1360 5395 κατά
1414 5346 1568 5415 φύσιν
1618 5342 1765 5404 ἕξεως
1800 5359 1811 5372 ·

225 5441 316 5489 καὶ
361 5444 525 5489 ποιεῖν
577 5436 738 5496 αὐτὴν
791 5437 943 5489 ἄνουν
973 5438 1062 5487 καὶ
1091 5433 1274 5506 ἄλογον
1322 5437 1411 5487 καὶ
1441 5432 1655 5505 τυφλὴν,
1688 5430 1814 5503 ἐφιε-

298 5563 313 5597 ¹
347 5564 493 5617 Petr.
526 5578 581 5629 ν,
621 5561 675 5616 8.

1930 5162 2192 5234 primum
2211 5160 2440 5215 efﬁcere
2461 5164 2519 5215 ut
2545 5158 2915 5229 excipiamus
2940 5157 3183 5228 patienti
3199 5158 3581 5215 conniventia

1927 5250 2255 5323 quemdam
2306 5250 2431 5320 ejus
2464 5248 2790 5319 impulsum
2823 5263 2834 5301 :
2871 5246 3085 5301 deinde
3119 5247 3389 5302 sinamus
3419 5246 3579 5304 insu-

1930 5341 2149 5394 surrari
2184 5340 2261 5393 ab
2295 5355 2364 5393 eo
2392 5338 2554 5393 cordi
2581 5342 2783 5391 nostro
2814 5351 3069 5407 pravum
3099 5336 3344 5409 aliquod
3385 5336 3578 5392 consi-

1926 5429 2093 5486 lium.
2126 5429 2245 5485 Hoc
2268 5444 2405 5484 cum
2436 5425 2711 5491 obtinuit,
2735 5424 2953 5481 deinde
2977 5425 3141 5481 miris
3164 5425 3360 5482 modis
3387 5440 3576 5496 agens
