4058 6274
452 269 592 327 1683

1711 265 1793 322 S.‘
1812 265 2178 322 THEODORI
2220 267 2533 325 STUDITIE

3668 267 3804 326 1684

439 395 776 467 ferensque,
809 391 1086 459 miscens,
1119 407 1190 450 ac
1215 391 1518 449 fascinans
1545 393 2091 460 animam,tandem

2219 396 2357 451 ιένην
2389 393 2424 444 ἄ
2473 397 2544 464 μή
2601 389 2701 448 δεῖ.
2757 393 2937 465 Ηοίσῃ
2979 389 3086 444 οὖν
3125 391 3370 464 φυλακῇ
3411 397 3802 466 τηρήσωμεν

441 500 576 541 eam
601 482 877 540 exturbat
905 482 980 538 ab
1021 498 1091 538 eo
1131 483 1234 554 qui
1293 481 1630 537 secundum
1679 487 1961 538 naturam
2007 488 2095 538 est

441 571 670 641 habitu,
705 575 760 627 et
790 569 982 626 reddit
1018 585 1152 626 eam
1191 569 2096 637 dementem,irrationa|em,cze-

445 677 600 726 cam,
656 660 994 732 cupientem
1035 674 1105 714 ea
1148 675 1284 730 quas
1335 658 1424 714 fas
1451 675 1572 715 non
1604 665 1713 715 est.
1747 659 1921 715 Omni
1952 675 2095 729 ergo

447 749 712 807 custodia
744 763 1035 804 servemus
1059 753 1439 803 cornostrum
1469 753 1509 812 ²,
1540 763 1658 803 non
1680 749 1886 804 dantes
1903 749 2096 805 locum

447 838 686 896 diabolo
717 842 759 904 ³,
789 837 892 893 sed
923 837 1002 892 ad
1032 836 1297 908 primum
1326 837 1514 892 hostis
1537 837 1733 892 statim
1764 837 2098 894 abnuentes

449 942 784 993 accessum,
817 925 1024 998 procul
1045 941 1184 981 eum
1212 925 1598 996 repellamus.
1639 925 1810 993 Quod
1837 926 1882 979 si
1909 942 2099 998 usque

448 1016 527 1074 ad
540 1030 854 1072 assensum
876 1015 1206 1070 vincamur:
1223 1020 1369 1070 atne
1390 1014 1657 1086 polluam
1667 1031 1733 1070 ur
1747 1015 2099 1086 prodeundo

449 1105 529 1162 ad
554 1120 730 1177 opus.
756 1103 929 1170 Quod
953 1103 997 1159 si
1039 1109 1095 1160 et
1124 1103 1238 1159 hoc
1262 1103 1563 1170 acciderit,
1599 1120 1670 1160 ne
1697 1104 1755 1159 in
1780 1103 1882 1160 tali
1913 1121 2103 1161 more-

449 1209 588 1251 mur
615 1197 793 1261 statu,
824 1192 977 1250 trahi
1015 1207 1126 1248 nos
1155 1192 1414 1248 sinentes
1452 1192 1513 1247 in
1553 1193 1832 1249 ultimum
1873 1194 2104 1266 peccati

455 1282 776 1340 terminum
791 1282 1289 1354 impmnitentiam
1303 1280 1568 1338 ﬁnalem.
1583 1283 1883 1353 Contingit
1902 1287 2098 1339 autem

452 1387 564 1429 nos
593 1372 708 1428 hoc
726 1371 852 1442 pati
873 1386 945 1426 ex
975 1371 1360 1442 praesumptis
1389 1386 1462 1426 ex
1480 1371 1661 1440 longo
1691 1371 2102 1443 opinionibus,

454 1468 511 1519 et
537 1476 610 1517 ex
639 1458 1155 1516 recordationibus
1180 1475 1388 1515 eorum
1420 1475 1556 1532 quae
1591 1461 1765 1516 nobis
1790 1460 1932 1518 olim
1955 1463 2106 1517 acci-

2205 487 2313 540 τήν
2353 479 2652 556 καρδίαν,
2693 487 2763 555 μή
2800 479 3104 544 διδόντες
3141 486 3330 534 τόπον
3367 490 3448 553 τῷ
3493 479 3800 554 διαϐόλῳ·

2206 569 2313 622 ἀλλ’
2355 571 2499 632 εύθύς
2545 576 2637 630 τήν
2699 570 2994 641 προσϐολήν
3053 569 3467 643 ἁπαναινόμενοι.
3531 571 3596 625 Εἰ
3627 569 3688 624 δε
3717 574 3805 631 ἠτ-

2206 663 2441 733 τηθῶμεν
2498 659 2740 727 ἐντεῦθεν,
2797 660 2894 712 κᾶν
2970 665 3040 732 μή
3094 662 3437 734 χρανθῆναι·
3499 660 3545 712 εἰ
3605 657 3666 713 δὲ
3721 666 3807 714 καὶ

2207 758 2360 802 τοῦτο
2419 752 2671 823 πάθοιμεν
2701 768 2713 780 ·
2772 749 2900 801 ἀλλὰ
2961 754 3032 822 μὴ
3118 748 3428 824 ἐγχρονίσαι
3494 753 3591 800 καὶ
3657 769 3810 802 κατα-

2210 849 2433 910 συρῆναι
2514 839 2580 900 εἰς
2658 842 2716 891 τό
2775 840 2916 900 τέλος
2993 846 3082 898 τῆς
3166 838 3441 910 ἁμαρτίας.
3531 837 3807 910 Συμϐαίνει

2211 925 2270 981 δὲ
2315 926 2454 1000 ήμᾶς
2501 935 2653 980 τοῦτο
2713 929 2892 980 παθεῖν
2951 927 3007 980 ἐκ
3055 936 3154 979 τῶν
3211 927 3544 998 προλήψεων,
3599 928 3656 979 ἐκ
3717 936 3808 979 τῶν

2209 1017 2371 1068 πάλαι
2429 1017 2764 1089 ἀναμνήσεων
2794 1035 2806 1046 ·
2851 1015 2979 1068 ἀλλὰ
3033 1019 3270 1089 φύγωμεν
3328 1019 3422 1077 τὰς
3467 1014 3767 1090 προλήψεις
3795 1032 3806 1046 ⁶

2213 1109 2451 1179 φύγωμεν
2518 1109 2608 1168 τὰς
2675 1108 2980 1180 νεωτερικὰς
3041 1104 3370 1177 ἀναμνήσεις.
3437 1106 3522 1159 Ἐν
3583 1107 3686 1179 γὰρ
3745 1113 3810 1177 τῷ

2212 1195 2379 1248 ἐκεῖσε
2444 1192 2538 1248 διὰ
2609 1203 2704 1256 τῆς
2785 1195 3184 1268 ἀναθεωρήσεως
3237 1197 3479 1265 γίνεσθαι
3552 1197 3717 1266 ἡμᾶς,
3764 1198 3811 1246 τί

2213 1284 2336 1338 ἄλλο
2375 1288 2516 1337 ἔστιν
2564 1285 2745 1350 εἰπεῖν,
2798 1286 2828 1344 ἡ
2884 1287 2965 1337 ὅτι
3022 1283 3348 1357 ἐστράφημεν
3385 1292 3447 1356 τῇ
3509 1281 3715 1357 καρδίᾳ
3747 1283 3811 1344 εἰς

2219 1378 2526 1446 Αἴγυπτον;
2580 1374 2742 1448 Ὅπερ
2798 1374 3078 1447 φυλακτέον
3137 1377 3264 1444 ἡμῖν
3317 1377 3454 1427 κατά
3513 1376 3604 1426 τὸν
3671 1369 3811 1426 ἔνδον

2218 1465 2507 1536 ἄνθρωπον.

451 1550 901 1616 derunt.Quare
931 1548 1234 1620 fugiamus
1263 1547 1530 1604 delentes
1561 1565 1634 1605 ex
1672 1550 1876 1606 animo
1911 1556 2204 1623 quantum
2236 1569 2559 1625 possumus
2599 1551 2780 1608 falsas
2819 1551 2962 1608 istas
3002 1552 3432 1625 persuasiones
3471 1551 3813 1622 :fugiamus

453 1654 694 1712 quoque
720 1638 1162 1695 recordationes
1190 1637 1488 1696 malarum
1519 1655 1716 1696 rerum
1735 1656 1886 1712 quas
1913 1641 2227 1712 quondam
2252 1645 2307 1697 in
2327 1643 2642 1715 juventute
2664 1642 2942 1706 vidimus,
2969 1641 3134 1714 passi
3169 1658 3403 1705 sumus,
3429 1646 3534 1697 aut
3559 1642 3808 1711 egimus.

455 1731 605 1786 Nam
625 1726 959 1784 voluntaria
997 1731 1053 1784 et
1073 1743 1316 1784 morosa
1346 1727 1557 1784 talium
1586 1730 2095 1802 contemplAtione
2127 1732 2309 1786 teneri
2337 1747 2408 1786 ac
2438 1731 2652 1786 titillari
2685 1747 2818 1799 nos,
2846 1731 2995 1802 quid
3037 1730 3200 1786 aliud
3241 1735 3358 1796 est,
3399 1746 3594 1802 quam
3627 1735 3820 1786 revert

457 1817 636 1874 corde
665 1817 726 1872 in
750 1816 1076 1888 Egyptum
1104 1816 1130 1863 9
1154 1817 1325 1882 Quod
1346 1817 1682 1873 cavendum
1712 1825 1799 1874 est
1821 1819 2014 1888 nobis,
2044 1820 2090 1874 si
2121 1819 2382 1876 interiori
2413 1826 2614 1876 nostro
2641 1819 2949 1875 consulere
2973 1819 3206 1875 homini
3231 1819 3533 1876 volumus.

528 1907 621 1962 IV.
654 1908 958 1963 Certemus
987 1905 1182 1974 igitur,
1208 1905 1511 1971 fratres,et
1532 1908 1698 1964 omni
1724 1909 1938 1964 virtute
1967 1924 2106 1965 con-
2139 1912 2180 1966 Β

456 1995 673 2060 fortati,
705 2010 946 2051 summa
975 1995 1352 2051 contentione
1384 2010 1673 2053 conemur
1704 1998 1948 2069 spiritus
1977 1999 2108 2069 ejus

461 2085 565 2159 qui
590 2084 651 2140 in
683 2083 860 2140 nobis
891 2089 981 2139 est
1009 2084 1400 2153 cogitationes
1441 2101 1722 2157 purgare,
1747 2087 1920 2158 juxta
1945 2087 2111 2160 quod

462 2173 753 2246 scriptum
780 2177 867 2229 est
899 2190 912 2228 :
934 2173 1010 2229 Et
1036 2188 1266 2230 omnem
1295 2174 1671 2232 altitudinem
1693 2191 1823 2247 quas
1845 2177 2114 2233 elevatur

464 2269 676 2320 contra
692 2264 996 2319 scientiam
1013 2262 1122 2318 Dei
1147 2263 1190 2317 ‘.
1222 2265 1287 2318 Et
1315 2261 1430 2319 hoc
1458 2264 1941 2335 perenniter.Hoc
1955 2267 2112 2322 enim

467 2356 555 2409 est
581 2351 805 2408 bellum
836 2350 1002 2418 illud,
1031 2351 1088 2405 in
1121 2351 1285 2423 quod
1315 2367 1629 2425 nunquam
1671 2354 2023 2422 debellatur,
2055 2356 2116 2411 in

463 2446 823 2515 perpetuum
859 2439 1176 2496 durans.Et
1200 2440 1315 2496 hoc
1330 2440 1490 2497 idem
1517 2444 1872 2515 martyrium
1895 2450 2119 2500 estnon

467 2546 588 2586 uno
610 2529 729 2586 ictu
749 2533 1259 2594 consummatum,
1296 2529 1400 2584 sed
1427 2531 1485 2584 in
1517 2531 1642 2586 dies
1673 2532 1890 2588 multos
1936 2534 2120 2589 conti-

470 2623 678 2676 nenter
703 2618 955 2673 saeviens
985 2619 1169 2688 longa
1193 2618 1307 2674 sibi
1348 2620 1794 2677 succedentium
1829 2624 1975 2678 serie
2010 2629 2122 2678 tor-

470 2715 833 2764 mentorum.
878 2707 1190 2762 Enimvero
1229 2708 1332 2780 qui
1371 2709 1841 2778 cogitationibus
1881 2712 2121 2768 assidue

471 2797 746 2871 pulsatus
787 2796 1010 2868 pravis,
1052 2811 1364 2868 nunquam
1394 2797 1566 2864 cedit,
1609 2815 1718 2855 nec
1747 2799 1926 2856 ﬂectit
1965 2817 2122 2874 genu

472 2902 674 2942 coram
699 2884 836 2941 Baal
861 2901 872 2939 :
906 2884 1007 2940 sed
1032 2890 1268 2941 strenue
1299 2886 1596 2957 resistens,
1620 2889 1821 2946 vivido
1853 2891 2124 2962 superin-

474 2975 589 3031 silit
619 2975 846 3046 impetu
872 2975 929 3030 in
970 2975 1286 3046 passiones
1325 2978 1800 3048 concupiscibilis
1841 2985 1899 3034 et
1927 2981 2123 3036 irasci-

471 3063 608 3121 bilis
631 3079 786 3136 quas
813 3063 1124 3120 conculcat
1150 3079 1362 3120 omnes
1386 3082 1398 3120 :
1431 3065 1526 3121 hic
1544 3067 2122 3140 videlicetquotidia-

477 3169 625 3210 num
690 3153 1043 3225 martyrium
1099 3153 1302 3209 suffert
1350 3160 1406 3210 et
1447 3161 1580 3227 post
1636 3157 1880 3213 Paulum
1930 3163 2124 3230 potest

476 3242 673 3299 dicere
704 3264 717 3297 :
745 3241 1016 3309 Quotidie
1056 3243 1279 3298 morior
1306 3244 1348 3298 ⁵.
1379 3246 1446 3299 Et
1472 3244 1530 3299 in
1571 3244 1687 3300 ﬁne
1725 3247 2112 3302 certaminum

2233 3255 2562 3320 τετήρηκα
2603 3269 2614 3281 ·

479 3333 731 3388 istorum
763 3331 1010 3387 audebit
1039 3331 1236 3386 dicere
1265 3348 1278 3386 :
1311 3333 1546 3388 Bonum
1571 3341 1867 3392 certamen
1882 3338 2126 3413 certavi,

481 3437 718 3480 cursum
735 3421 1334 3490 consummavi,ﬁdem
1349 3423 1609 3494 servavi;
1627 3423 1689 3480 in
1723 3424 1953 3497 reliquo
1966 3441 2130 3496 repo-

481 3513 597 3569 sita
625 3515 710 3568 est
736 3510 888 3568 mihi
915 3526 1139 3568 corona
1160 3512 1415 3581 justitiz
1446 3513 1489 3566 ⁵.

556 3627 576 3658 ³
604 3621 768 3677 Prov.
801 3636 880 3685 IV,
910 3621 1000 3676 23.
1079 3620 1100 3654 ³
1129 3619 1340 3692 Ephes.
1371 3636 1449 3686 iV,
1479 3625 1570 3676 27.
1648 3622 1670 3656 ⁴
1697 3621 1742 3676 II
1776 3623 1904 3678 Cor.
1935 3639 1994 3687 x,

2287 1909 2358 1962 A’.
2401 1909 2804 1981 Ἀγωνισώμεθα
2833 1905 2938 1973 οὖν,
2987 1905 3222 1981 ἀδελφοὶ,
3281 1913 3369 1962 καὶ
3398 1910 3550 1982 πάσῃ
3589 1905 3803 1981 δυνάμει

2219 1995 2619 2070 δυναμούμενοι,
2672 2001 2806 2050 κατὰ
2862 2001 2921 2050 τὸ
2979 2001 3165 2072 κράτος
3228 2005 3322 2060 τῆς
3379 1997 3577 2070 ἰσχύος
3626 2006 3716 2050 τοῦ
3758 2000 3804 2050 ἐν

2221 2090 2345 2161 ἡμῖν
2397 2091 2708 2160 πνεύματος,
2767 2087 3050 2160 λογισμούς
3078 2089 3450 2162 καθαιροῦντες
3474 2089 3614 2140 κατὰ
3649 2091 3707 2140 τὸ
3735 2105 3809 2158 γε·

2220 2181 2514 2250 γραμμένον
2551 2195 2562 2206 ·
2592 2182 2710 2230 Καὶ
2745 2183 2862 2230 πᾶν
2903 2176 3141 2249 ύψωμα
3181 2175 3626 2251 ἐπαιρόμενον
3665 2177 3818 2228 κατὰ

2224 2275 2333 2327 τῆς
2373 2273 2670 2338 γνώσεως
2707 2275 2818 2318 τοῦ
2858 2274 3020 2320 Θεοῦ
3049 2270 3355 2318 ’καὶτοῦτο
3384 2265 3631 2327 ἀεννάως.
3657 2271 3810 2318 Τοῦτο

2225 2359 2323 2431 γάρ
2373 2355 2512 2408 ἐστιν
2553 2357 2578 2408 6
2643 2355 2862 2428 πόλεμος
2921 2357 2946 2407 6
2996 2353 3413 2428 ἀκαταμάχητος
3449 2372 3462 2385 °
3521 2359 3612 2407 καὶ
3669 2362 3808 2407 τοῦτο

2227 2450 2284 2498 τὸ
2337 2448 2622 2521 μαρτύριον
2673 2449 2730 2497 τὸ
2783 2444 3142 2498 πολυὸάσανον
3192 2451 3282 2497 καὶ
3334 2443 3682 2518 πολυήμερον,
3726 2442 3810 2505 ⁸ος

2227 2538 2328 2607 γὰρ
2383 2535 2476 2587 ούκ
2532 2531 2785 2586 ἐνδίδωσι
2840 2543 2950 2595 τοῖς
3008 2533 3282 2607 λογισμοῖς
3336 2532 3414 2586 ἀεὶ
3491 2538 3806 2605 τυπτόμενος,

2229 2621 2354 2677 οὐδε
2407 2626 2655 2696 κάμπτων
2714 2628 2834 2695 γόνυ
2875 2631 2934 2696 τῇ
2995 2623 3152 2686 Βάαλ,
3198 2622 3304 2675 ἀλλ’
3351 2622 3809 2694 ἀνταγωνιζόμενος

2229 2719 2318 2766 καὶ
2371 2713 2777 2786 ύπεραλλόμενος
2831 2721 2928 2766 τῶν
2981 2715 3179 2782 παθῶν,
3238 2715 3495 2785 ἐπιθυμίᾳ
3535 2716 3625 2765 καὶ
3657 2712 3804 2782 θυμῷ,

2230 2803 2378 2864 οὗτος
2418 2799 2653 2860 δηλονότι
2709 2809 2965 2875 μαρτυρεῖ
3017 2804 3363 2869 καθεκάστην,
3423 2807 3514 2855 καὶ
3568 2803 3697 2853 κατὰ
3729 2806 3807 2851 τού

2234 2892 2438 2946 Παύλου
2490 2889 2710 2954 δυνατός
2763 2891 2874 2944 ἐστι
2901 2891 3060 2964 λέγειν
3092 2895 3167 2956 τὸ,
3223 2894 3648 2949 Καθεκάστην
3685 2892 3806 2960 ἡμί-

2230 3001 2341 3056 ραν
2383 2981 2792 3039 ἀποθνήσκω.
2856 2987 2955 3034 Καὶ
3012 2981 3094 3034 ἐπὶ
3156 2990 3228 3052 τῷ
3283 2981 3414 3034 τελει
3469 2989 3570 3033 τῶν
3619 2978 3802 3050 ἀγώνων

2230 3070 2651 3145 παρρησιάζεται
2709 3071 2864 3123 εἰπεῖν
2920 3088 2931 3100 ’
2987 3074 3101 3124 Τὸν
3176 3069 3386 3142 ἀγῶνα
3472 3073 3601 3122 τὸν-
3637 3067 3800 3119 καλὸν

2231 3160 2553 3232 ήγώνισα·
2616 3163 2719 3212 τὸν
2778 3156 3018 3234 δρόμον
3057 3160 3386 3213 τετέλεκα’
3445 3164 3558 3218 τήν
3598 3162 3800 3210 πίστιν

2673 3249 2892 3302 λοιπὸν
2940 3248 3215 3303 ἀπόπειτ
3246 3253 3320 3318 εἰ
3365 3269 3476 3322 μοι
3515 3251 3540 3301 6
3593 3255 3700 3306 τῆς
3736 3241 3812 3296 δι·

2238 3358 2591 3401 καιοσυνής
2633 3343 2967 3411 στέφανος.

2161 3625 2181 3659 ⁵
2208 3624 2227 3676 Ι
2259 3624 2388 3679 Cor.
2413 3639 2514 3689 xv,
2543 3625 2632 3679 3t.
2710 3625 2729 3657 ο
2757 3623 2802 3678 [ι
2827 3622 2975 3678 Tim.
2999 3637 3077 3687 IV,
3101 3627 3159 3678 7.

491 3753 3627 3761 _——_—_—m
3642 3753 3667 3754 κ

1902 3830 2484 3925 MONITUM.

1573 3982 1746 4051 (Aug.
1781 3982 1915 4047 MAI,
1950 3981 2238 4037 Biblioth.
2272 3996 2402 4037 nov.
2439 3987 2475 4036 t.
2507 3983 2596 4046 IV,
2631 3984 2744 4052 91.)

565 4072 628 4126 In
655 4074 848 4127 vetere
889 4068 1093 4126 codice
1135 4068 1418 4125 Vaticano
1457 4071 1584 4135 431,
1626 4068 1666 4124 f.
1715 4072 1813 4125 168
1847 4070 1910 4136 b,
1948 4077 2182 4126 exstant
2217 4072 2272 4126 S.
2319 4070 2508 4126 Basilii
2543 4070 3005 4126 Constitutiones
3044 4071 3401 4130 monasticz.
3441 4067 3606 4126 haud
3640 4070 3817 4122 tamen

493 4158 832 4231 cujusmodi
865 4163 1004 4214 sunt
1054 4158 1113 4214 in
1164 4162 1331 4214 tomo
1382 4158 1649 4215 secundo
1697 4159 1972 4216 editionis
2018 4159 2302 4224 Garnerii,
2349 4159 2453 4214 sed
2499 4159 2818 4224 breviores,
2861 4174 3215 4230 quanquam
3249 4157 3484 4214 initium
3516 4157 3671 4211 idem
3699 4155 3814 4207 est:

493 4253 598 4308 Τήν
622 4251 754 4301 κατὰ
791 4250 1021 4322 Χριστὸν
1052 4247 1353 4320 φιλοσοφίαν
1380 4245 1735 4320 ἐπανελόμενος
1769 4264 1780 4302 :
1813 4253 1868 4304 et
1906 4249 1966 4303 in
1998 4264 2110 4321 cap

2225 4266 2259 4303 a
2297 4254 2530 4304 tantum
2571 4249 2810 4317 triginta
2848 4246 3304 4303 distribuuntur.
3348 4249 3588 4302 Prorsus
3626 4239 3817 4299 codicis

495 4337 758 4394 Vaticani
789 4337 1000 4393 eadem
1032 4336 1181 4393 ratio
1211 4341 1318 4396 est,
1359 4352 1496 4409 quae
1538 4337 1788 4393 Catsarei
1830 4337 2301 4393 Vindobeuensis
2340 4339 2484 4400 LXV.
2519 4354 2554 4392 a
2584 4336 2901 4392 Lambecio
2933 4337 3181 4406 decripti
3211 4340 3536 4392 Comment.
3580 4335 3648 4390 Β.
3682 4330 3811 4385 Cas.

494 4427 604 4482 lib.
643 4442 722 4493 lli,
751 4426 844 4481 ed.
879 4425 1096 4482 Kollar.
1140 4441 1197 4495 p.
1226 4425 1596 4481 315.Titulus
1635 4430 1836 4482 autem
1876 4427 2074 4498 cperis
2131 4425 2354 4497 duplex
2390 4432 2476 4480 est
2519 4425 2577 4481 in
2629 4426 2832 4480 codice
2881 4427 3030 4488 Vat.,
3081 4440 3298 4495 nempe
3337 4424 3505 4480 initio
3544 4444 3558 4478 :
3604 4417 3816 4478 ,διάταξις

497 4515 782 4581 ἀσκητικὴ,
815 4518 945 4590 πρὸς
973 4518 1088 4575 τοὺς
1113 4514 1434 4586 μονάζοντας
1479 4520 1568 4566 καὶ
1605 4518 1719 4575 τούς
1745 4513 1792 4567 ἐν
1844 4515 2061 4586 κονοϐίῳ
2105 4537 2112 4565 t

2219 4522 2414 4575 οῦντας.
2449 4517 2514 4571 Ut
2544 4515 2602 4570 in
2635 4514 2889 4570 editione
2919 4513 3206 4568 Garnerii.
3241 4513 3320 4583 [In
3381 4513 3544 4568 calce
3597 4515 3810 4566 autem:

493 4605 642 4667 Τέλος
671 4613 769 4658 τῶν
812 4605 1097 4676 κεφαλαὶων
1147 4601 1245 4656 τῶν
1285 4611 1483 4678 μικρῶν
1540 4603 1657 4662 ἦτοι
1714 4613 1812 4656 τῶν
1865 4613 2088 4676 μερικῶν

2219 4613 2433 4662 ιητικῶν
2482 4612 2572 4656 τοῦ
2600 4605 2752 4674 ἁγίου
2803 4603 3068 4655 Βασιλειου
3107 4602 3506 4671 :Ezpliciunt
3557 4594 3812 4667 Capitula

491 4709 819 4766 parva,seu
840 4693 1246 4764 particularia
1277 4692 1544 4748 Ascetica
1561 4695 1754 4750 sancti
1799 4694 2032 4749 Basilii.
2070 4693 2368 4749 Habemus
2401 4693 2595 4763 igitur,
2633 4700 2692 4747 ut
2713 4699 2906 4755 antea,
2941 4692 3300 4762 [tegularum
3324 4687 3744 4761 Compendium
3764 4681 3806 4734 in

500 4783 736 4854 Regulis
762 4783 1002 4838 brevius
1033 4781 1380 4853 explicatis;
1413 4781 1492 4837 ita
1523 4798 1682 4837 nunc
1706 4783 2208 4839 Constitutionum
2237 4782 2703 4838 monasticarum
2742 4781 2915 4853 quasi
2952 4780 3407 4852 Compendium,
3439 4794 3572 4834 vero
3603 4779 3808 4831 auctore

501 4873 713 4932 eodem
760 4870 990 4939 Basilio,
1013 4877 1073 4925 ut
1107 4871 1240 4941 ipse
1279 4870 1654 4937 Lambecius,
1696 4872 1847 4927 ultro
1873 4871 2151 4941 agnoscit
2178 4875 2357 4942 atque
2383 4871 2616 4926 fatetur.
2648 4871 2782 4925 Jam
2817 4885 2954 4925 vero
2999 4873 3131 4940 post
3162 4868 3221 4923 id
3248 4869 3449 4925 Basilii
3481 4861 3809 4937 opusculum

499 4963 712 5033 legitur
758 4960 820 5016 in
871 4959 1076 5015 codice
1104 4959 1234 5014 Vat.
1268 4966 1348 5029 (at
1376 4959 1437 5014 in
1470 4960 1718 5016 Vindob.
1751 4959 2050 5032 praecedit)
2090 4958 2380 5016 Theodori
2399 4959 2662 5024 Studitae,
2695 4958 2992 5022 Scholion,
3026 4973 3148 5028 quo
3177 4957 3635 5018 demonstratur,
3678 4951 3815 5005 hunc

500 5067 630 5109 esse
658 5049 984 5121 genuinum
1017 5049 1072 5105 S.
1115 5049 1303 5104 Patris
1332 5047 1538 5104 fetum.
1573 5049 1883 5105 Contendit
1913 5048 2195 5104 nimirum
2237 5047 2492 5114 Studita,
2526 5047 2583 5102 id
2628 5048 2826 5119 palam
2865 5046 3004 5102 inde
3035 5046 3178 5112 ﬁeri,
3211 5045 3378 5118 quod
3403 5044 3590 5118 stylus
3618 5045 3671 5096 et
3707 5039 3811 5092 tota

504 5139 709 5209 scripti
738 5137 890 5194 ratio
911 5152 1249 5210 sensusque
1279 5137 1406 5194 aliis
1439 5139 1627 5194 sancti
1653 5137 1848 5193 Basilii
1873 5137 2154 5192 Asceticis
2183 5136 2507 5192 conformis
2534 5137 2625 5192 sit.
2663 5139 2840 5192 Porro
2875 5141 2936 5191 ut
2980 5139 3404 5206 argumentum
3450 5147 3582 5190 sum
3611 5122 3814 5185 Studiis.

501 5229 750 5286 ﬁrmiter
772 5231 988 5292 teneat,
1007 5225 1271 5282 defendit
1294 5226 1492 5293 simul,
1525 5225 1626 5282 illa
1649 5243 1784 5298 quas
1816 5227 2114 5282 habemus
2145 5225 2205 5281 in
2227 5226 2589 5281 editionibus
2623 5224 2812 5281 Basilii
2847 5224 3135 5289 Ascetica,
3161 5239 3294 5280 esse
3324 5222 3598 5293 genuina,
3629 5215 3811 5306 conlff

501 5315 931 5375 nonnullorum
956 5331 1143 5372 vanas
1161 5315 1565 5372 dubitationes
1591 5330 1604 5367 :
1635 5296 1758 5386 q‘ua
1779 5331 1838 5370 re
1869 5314 2242 5379 conﬁrmata,
2275 5315 2541 5387 sequitur
2563 5321 2812 5386 utraque
2835 5313 3120 5377 Διατάξεις,
3145 5312 3617 5372 Constitutiones,
3644 5296 3813 5358 Basilii

503 5407 638 5462 sint.
665 5407 794 5462 Jam
815 5403 930 5460 hoc
959 5404 1249 5460 ineditum
1278 5404 1520 5460 Studitaa
1547 5402 1828 5459 Scholion
1855 5408 1930 5473 (a)
1961 5404 2351 5474 praecidendae
2379 5404 2695 5476 quaestioni
2723 5403 3001 5458 idoneum
3032 5408 3280 5473 est,qua3
3297 5395 3813 5473 prolixeagitaturs

567 5524 640 5585 (a)
666 5521 885 5585 Fallitur
915 5521 993 5585 vir
1026 5520 1369 5585 clarissimus.
1404 5520 1512 5570 Hoc
1541 5518 1803 5568 scholium
1829 5519 1942 5582 jam
1973 5518 2212 5569 ediderat
2239 5519 2427 5569 Christ.
2463 5518 2601 5568 Frid.
2641 5518 2872 5568 Matthaai
2903 5521 2956 5568 et
2984 5531 3082 5568 nos
3116 5521 3239 5581 post
3267 5531 3389 5567 eum
3415 5517 3637 5579 Operum
3661 5498 3812 5556 Basilii

502 5583 635 5640 tam.
668 5585 752 5647 III,
795 5583 895 5636 col.
933 5584 1072 5633 1319.
1111 5583 1249 5632 Em'r.
