4058 6274
237 290 379 350 1683
1271 291 1625 350 SCHOLION
1666 294 1735 349 IN
1775 292 1813 349 S

1930 292 2135 348 ASILII
2176 294 2545 351 ASCETICA.
3451 288 3590 354 1686

231 419 545 486 Garnerio,
587 423 629 476 t.
688 420 756 487 Il,
813 419 873 475 in
926 419 1093 475 Praef.
1152 433 1212 491 p.
1270 436 1430 476 xxxv
1479 425 1535 477 et
1587 436 1755 493 seqq.
1790 419 1864 476 de
1921 420 2326 476 Asceticorum
2378 436 2516 478 vero
2542 424 2787 493 parente
2812 421 3030 477 Basilio
3064 437 3078 487 ;
3109 422 3369 494 itemque
3398 422 3589 488 alteri,

225 525 357 582 qua
382 509 543 566 idem
568 509 882 566 Garnerius
907 508 1073 579 prmi.
1106 524 1166 575 p.
1200 525 1331 565 var
1360 514 1417 565 et
1443 524 1638 582 seqq.,
1667 509 1965 565 immerito
1986 509 2291 564 contendit
2320 515 2529 565 contra
2553 510 3443 574 Conbeﬁsium,Constitutiones
3467 528 3588 568 mo-

229 601 501 655 nastic-as
526 614 648 654 non
674 598 908 663 Basilio,
941 597 1043 653 sed
1077 598 1385 654 Eustathio
1412 598 1756 663 Sebasteno,
1797 614 1925 653 esse
1964 597 2400 653 inscribendas.
2442 601 2570 653 Jam
2604 606 2873 654 veterum
2902 601 3283 655 auctoritates
3306 601 3588 657 aStudita

227 687 513 743 laudatas
542 688 760 759 partim
788 687 1072 743 hauserat
1092 702 1165 742 ex
1182 686 1311 742 aliis
1336 686 1599 742 fontibus
1617 688 1796 743 etiam
1827 685 2593 750 Garnerius,verumtamen
2620 688 2733 743 hoc
2751 688 2990 759 insigne
3021 688 3264 743 Studitaa
3285 688 3585 760 Scholion,

230 790 343 831 seu
374 776 712 845 Prologum,
732 776 1025 847 ignoravit
1052 792 1063 830 :
1099 791 1285 848 quam
1318 792 1427 831 nos
1450 776 1939 847 scriptiunculam
1964 776 2023 829 in
2052 776 2168 830 hac
2190 782 2397 832 nostra
2427 776 2669 832 Studitaa
2700 777 2995 833 mantissa
3033 776 3432 833 omittendam
3462 794 3586 834 non

225 864 658 936 judicavimus,
685 870 810 921 tum
827 865 971 938 quia
991 868 1278 937 praeclara
1299 880 1403 936 per
1424 880 1486 921 se
1517 871 1623 930 est,
1653 870 1779 921 tum
1804 864 1947 937 quia
1976 864 2110 919 crisi
2138 880 2390 935 operum
2417 865 2606 920 sancti
2628 865 2825 921 Basilii
2852 865 3136 937 perutilis.
3160 868 3307 921 Nam
3323 866 3489 939 quod
3511 868 3589 923 ad

231 954 351 1010 hoc
382 954 621 1026 proprie
650 954 983 1009 breviatum
1009 953 1202 1010 Basilii
1228 954 1588 1026 opusculum
1616 959 1836 1026 spectet
1865 952 2105 1009 Studitaa
2133 954 2431 1017 Scholion,
2456 953 2718 1010 dubitari
2746 954 2951 1026 nequit
2983 970 2995 1009 :
3028 970 3150 1009 non
3180 954 3325 1026 quia
3354 959 3589 1012 tantum

230 1042 321 1098 illi
351 1043 411 1099 in
432 1041 637 1099 codice
663 1043 1013 1107 subtexitur,
1047 1043 1152 1099 sed
1181 1042 1328 1114 quia
1352 1044 1411 1098 in
1451 1058 1524 1099 eo
1553 1043 1773 1099 diserte
1803 1042 2147 1099 nominatur
2177 1041 2380 1097 titulus
2408 1045 2631 1116 Μερικὰ,
2682 1044 2785 1116 qui
2816 1044 3117 1116 proprius,
3147 1050 3209 1099 ut
3230 1059 3413 1116 supra
3440 1044 3588 1102 dixi-

236 1147 395 1199 mus,
424 1130 629 1203 scripti
657 1130 815 1187 illius
844 1130 1125 1188 Basiliani
1164 1136 1271 1186 est.

437 1263 785 1312 ΘΕΟΔΩΡΟΥ
823 1262 1231 1310 ΗΓΟΥΜΕΝΟΥ
1269 1262 1612 1314 ΣΤΟΥΔΙΟΥ.

308 1383 377 1438 α’.
409 1383 529 1436 Ὀτι
556 1387 772 1456 γνήσιον
814 1389 907 1436 τοῦ
956 1382 1182 1455 μεγάλου
1234 1382 1513 1437 Βασιλείου
1557 1385 1615 1435 τὸ
1666 1386 1829 1455 παρὸν

238 1475 537 1547 σύνταγμα,
571 1471 729 1532 δῆλον
759 1476 848 1545 μεν
893 1478 984 1526 καὶ
1036 1472 1124 1525 ἀπ’
1156 1473 1318 1526 αὐτοῦ
1371 1481 1463 1526 τοῦ
1490 1482 1829 1548 χαρακτῆρος

232 1570 330 1623 τῆς
356 1562 668 1638 ὑψηγορίας,
695 1570 785 1615 τοῦ
828 1581 881 1615 τε
936 1559 1104 1623 εἴδους
1152 1570 1247 1625 τῆς
1273 1564 1503 1637 φράσεως
1535 1580 1547 1593 ·
1583 1559 1743 1622 δῆλον
1771 1558 1831 1615 δὲ

231 1655 326 1704 καὶ
352 1650 406 1703 έκ
439 1659 530 1704 τοῦ
583 1656 951 1724 συνεμπίπτειν
1002 1658 1118 1713 ταῖς
1164 1659 1264 1704 τῶν
1311 1650 1473 1703 ἄλλων
1531 1650 1829 1710 ἀσκητικῶν

230 1738 452 1801 έννοίαις
480 1760 535 1794 τε
564 1746 649 1794 xui
681 1741 875 1804 λέξεσιν
909 1758 921 1771 ⁸
956 1744 1023 1803 ὡς
1054 1745 1124 1813 μὴ
1174 1737 1345 1793 δοκεῖν
1376 1760 1427 1793 τι
1456 1739 1576 1792 ἄλλο
1624 1748 1696 1811 τῷ
1740 1745 1830 1793 καὶ

225 1832 419 1901 μικρὸν
476 1838 602 1903 γοῦν
654 1829 1036 1903 ἐπεσκεμμένως
1086 1829 1518 1902 ἀναγινώσκοντι,
1551 1830 1580 1889 ᾖ
1620 1831 1829 1900 θάτερον

223 1916 281 1970 έν
315 1920 511 1992 θατέρῳ
542 1916 875 1993 διέρχεσθαι.
906 1919 1024 1972 Ὀτι
1053 1915 1113 1972 δε
1144 1918 1310 1971 ἐκεῖνα
1350 1926 1438 1971 τοῦ
1464 1922 1681 1992 πατρὸς,
1725 1922 1825 1982 τίς,

224 2006 527 2080 ἁντερήσει,
587 2012 613 2067 ἤ
667 2009 722 2069 ὅς
772 2008 1060 2080 τυφλώττοι
1111 2010 1248 2060 κατὰ
1299 2014 1415 2060 νοῦν
1472 2010 1831 2081 ἐνεργούμενος

218 2100 327 2155 τήν
379 2101 613 2161 κακίαν;
673 2095 838 2169 Οἶμαί
890 2100 990 2172 γάρ
1035 2117 1179 2160 τινας
1262 2093 1703 2170 δριμυττομένους
1756 2104 1827 2165 τῷ

221 2184 549 2259 ἆκριϐασμῷ
607 2196 698 2247 τῆς
751 2183 1121 2253 διδασκαλίας,
1184 2185 1574 2260 προσλαϐόντας
1622 2205 1676 2238 τε
1712 2188 1825 2238 ἓπί-

224 2294 418 2350 κουρον
446 2283 541 2337 τῆς
580 2272 867 2338 αὐθαδείας
903 2279 958 2329 τό
1016 2276 1172 2329 εἰπεῖν
1201 2296 1317 2328 τινα
1354 2284 1452 2327 τῶν
1500 2277 1829 2350 ἱστοριογρά-

227 2385 336 2437 φων
414 2365 492 2436 (1)
549 2367 692 2437 παρά
757 2385 896 2417 τισιν
963 2364 1376 2438 ἀμφιϐάλλεσθαι
1445 2362 1827 2439 ῥιψοκινδύνως

224 2455 359 2507 νόθα
386 2453 519 2506 αὐτὰ
572 2456 727 2526 φάναι
760 2476 773 2487 ·
834 2456 882 2506 οἰ
931 2452 983 2507 δ’
1028 2455 1177 2507 αὐτοί
1208 2475 1307 2527 μου
1340 2451 1562 2507 δοκοῦσι
1608 2459 1698 2506 καὶ
1732 2458 1826 2511 τὴν

229 2541 657 2617 πρόςἘϐραίους
711 2541 1007 2608 έπιστολήν,
1067 2548 1161 2601 τήν
1214 2563 1265 2596 τε
1321 2548 1513 2616 Πέτρου
1557 2540 1825 2617 δευτέραν,

2236 1258 2590 1315 THEODORI
2624 1258 3000 1315 PREPOSITI
3032 1259 3273 1316 STUDII.

2015 1388 2062 1438 1.
2107 1382 2275 1449 Quod
2309 1398 2577 1454 praesens
2608 1398 2762 1454 opus
2786 1383 2993 1454 magni
3027 1383 3223 1440 Basilii
3257 1384 3587 1455 genuinum

1941 1472 2029 1536 sit,
2067 1477 2228 1544 patet
2258 1477 2381 1528 tum
2412 1488 2485 1527 ex
2515 1472 2855 1529 charactere
2883 1473 3158 1529 sublimis
3183 1473 3424 1546 eloquii,
3458 1480 3587 1531 tum

1940 1562 2119 1618 etiam
2159 1577 2231 1616 ex
2255 1576 2468 1631 genere
2511 1561 2812 1631 phreeseos
2849 1579 2861 1617 :
2896 1566 3199 1634 postremo
3238 1562 3377 1618 inde
3405 1563 3585 1619 etiam

1937 1657 2207 1723 apparet,
2223 1650 2369 1722 quia
2380 1656 2671 1707 consonat
2683 1657 3032 1708 casterorum
3046 1652 3447 1708 Asceticorum
3461 1668 3591 1709 sen-

1940 1740 2134 1795 tentiis
2167 1756 2236 1795 ac
2268 1740 2464 1795 verbis
2499 1760 2512 1796 :
2540 1742 2622 1795 ita
2648 1746 2708 1796 ut
2743 1741 2828 1796 vel
2860 1756 3077 1813 parum
3109 1745 3327 1798 attente
3348 1741 3589 1812 legenti,

1937 1829 2088 1885 nihil
2104 1829 2267 1885 aliud
2288 1829 2560 1885 videatur
2588 1845 2773 1901 quam
2796 1846 2986 1886 unum
3007 1832 3067 1886 in
3087 1830 3271 1887 altero
3299 1832 3588 1889 insertum

1941 1919 2282 1989 procedere,
2305 1919 2436 1973 Jam
2462 1934 2600 1974 vero
2630 1918 2793 1991 quod
2820 1918 2918 1975 illa
2939 1921 3249 1991 (Ascetica)
3279 1926 3582 1993 parentem

1940 2007 2221 2064 Basilium
2250 2008 2531 2073 habeant,
2557 2008 2693 2080 quis
2722 2009 3106 2074 contradicet,
3126 2010 3241 2064 nisi
3267 2010 3371 2079 qui
3392 2014 3450 2065 et
3478 2026 3588 2066 cas-

1939 2113 2045 2153 cus
2078 2097 2152 2152 sit
2184 2102 2239 2152 et
2269 2096 2562 2168 pravitate
2604 2097 2817 2153 mentis
2861 2097 3147 2155 laborans
3172 2098 3199 2154 ?
3229 2100 3374 2155 Puto
3423 2100 3585 2156 enim

1939 2186 2260 2243 nonnullos
2311 2186 2595 2242 doctrina;
2659 2187 3035 2243 severitatem
3090 2203 3245 2259 aegre
3306 2188 3581 2256 ferentes,

1938 2292 2182 2347 suaeque
2217 2276 2485 2332 audacia;
2533 2276 2823 2333 auxilium
2878 2277 3017 2332 inde
3068 2282 3390 2343 sumentes,
3418 2279 3585 2350 quod

1937 2365 2253 2421 historicus
2286 2365 2556 2437 quidam,
2588 2365 2661 2421 de
2684 2365 2905 2437 scripto
2934 2364 3048 2421 hoc
3070 2365 3329 2422 dubitari
3352 2367 3582 2435 dixerit,

1938 2454 2161 2510 idcirco
2190 2460 2408 2510 temere
2454 2455 2708 2510 nothum
2748 2454 3156 2527 pronuntiare.
3190 2458 3368 2511 Porro
3397 2456 3582 2514 iidem

1936 2543 1999 2599 hi
2028 2543 2304 2599 videntur
2334 2544 2497 2609 mihi,
2529 2543 2853 2615 Epistolam
2894 2559 3138 2616 quoque
3176 2544 3252 2601 ad
3287 2544 3579 2613 Hebraeos,

228 2632 470 2684 Ἰωάννου
522 2651 577 2685 τε
628 2636 715 2691 τὴν
756 2632 1133 2703 Ἀποκάλυψιν,
1209 2632 1377 2707 ἐτέρας
1424 2651 1477 2684 τε
1546 2631 1816 2693 καθολικάς

1937 2638 1994 2689 et
2023 2633 2169 2688 Petri
2192 2633 2544 2696 secundam,
2574 2638 2631 2687 et
2659 2634 2903 2689 Joannis
2934 2633 3329 2705 Apocalypin,
3353 2639 3409 2690 et
3435 2634 3583 2692 alias

230 2724 363 2793 πρός
417 2723 800 2794 συγγράμμασί
876 2740 991 2773 τισι
1042 2729 1335 2794 πατρικοῖς,
1399 2718 1579 2779 έπειδὴ
1635 2722 1824 2793 ὁμοίως

234 2808 661 2881 ἀμφιϐάλλονται,
710 2810 1118 2867 ἀποϐάλλεσθαι.
1172 2810 1311 2865 Ἀλλ’
1368 2811 1411 2863 εἰ
1474 2814 1531 2863 τό
1587 2808 1823 2883 δεύτερον

234 2896 435 2963 ἀσεϐες,
484 2908 593 2962 πὼς
643 2900 768 2972 οὐχὶ
820 2906 910 2953 καὶ
967 2904 1024 2953 τό
1072 2904 1338 2973 πρότερον,
1378 2897 1485 2959 ἤδη
1537 2898 1825 2971 ἀποδεδεγ-

228 2991 393 3059 μένων
450 2991 592 3061 παρά
639 2997 699 3061 τῇ
774 2988 1067 3061 Ἐκκλησία
1146 2988 1464 3063 ἀμφοτέρων,
1529 2994 1614 3041 xui
1666 2986 1824 3042 οὐδα-

227 3096 343 3148 μως
363 3085 454 3129 τοῦ
494 3076 781 3150 ἀμφιϐόλου
810 3083 992 3152 χώραν
1020 3081 1234 3150 ἔχοντός
1280 3077 1392 3131 έστι
1431 3079 1531 3150 (2),
1564 3079 1623 3132 Εἰ
1654 3076 1713 3131 δὲ
1737 3083 1823 3131 τὸν

228 3166 483 3237 Θεολόγον
539 3166 617 3239 (3)
662 3172 734 3239 μὴ
795 3169 1229 3240 ὑπομνηματίσαι
1272 3173 1531 3240 φήσωσιν,
1578 3172 1607 3226 ἣ
1636 3172 1822 3221 ἐπιπο-

221 3254 382 3315 λαίως
450 3256 689 3327 ἀνέγνων,
734 3258 763 3315 ἢ
819 3261 1073 3319 συνιέντες
1142 3264 1517 3330 κακουργοῦσι.
1595 3259 1822 3329 Νομοθε-

222 3347 472 3419 σίαιγάρ
531 3354 801 3416 μοναστῶν
858 3347 1035 3409 ἡνίκα,
1096 3350 1272 3418 φησὶν,
1326 3348 1578 3418 ἔγγραφοί
1630 3366 1685 3399 τε
1730 3352 1819 3399 καὶ

218 3433 455 3505 ἄγραφοι
484 3434 586 3505 (4),
640 3438 692 3486 τί
743 3434 864 3487 ἄλλο
905 3436 935 3494 ἡ
988 3436 1195 3497 πάντως
1222 3454 1281 3507 γε
1312 3442 1477 3487 ταῦτα
1520 3432 1815 3493 δηλοποιεῖ-

214 3540 312 3573 ται
352 3540 369 3591 ;
401 3519 698 3585 Ἀπόδειξις
732 3519 790 3575 δε
819 3528 908 3576 καὶ
939 3522 991 3586 ἐξ
1011 3524 1183 3597 ἐτέρας
1212 3526 1428 3596 θεωρίας
1460 3542 1473 3555 ·
1501 3526 1526 3577 ὅ
1552 3528 1652 3600 γὰρ
1683 3526 1817 3596 λέγει

214 3610 491 3673 Βασίλειος
538 3610 588 3663 ἐν
615 3619 723 3673 τοῖς
750 3611 1104 3678 Ἀσκητικοῐς,
1160 3616 1227 3666 τὰ
1257 3616 1368 3686 ἱερὰ
1394 3616 1683 3686 γράμματα
1719 3635 1815 3667 πα-

216 3701 289 3771 ρὰ
344 3709 443 3751 τῶν
497 3704 682 3771 γονέων
728 3703 1083 3773 μεμαθηκέναι
1149 3702 1249 3775 (5),
1316 3708 1447 3775 φησί
1508 3709 1545 3755 Γ
1546 3708 1811 3777 ρηγόριος,

214 3790 287 3840 τὰ
335 3792 424 3861 μὲν
482 3786 551 3847 δὴ
616 3799 815 3862 πρῶτα,
868 3793 1013 3863 παρά
1058 3800 1129 3861 τῷ
1197 3796 1357 3864 πατρὶ
1425 3797 1815 3865 σπαργανοῦταί

212 3896 273 3930 τε
314 3883 403 3929 καὶ
456 3875 833 3931 διαπλαττεται
1045 3886 1201 3953 Εὗροι
1255 3877 1306 3933 δ’
1353 3882 1413 3932 ἄν
1460 3901 1541 3943 τις
1587 3887 1674 3935 καὶ
1726 3886 1811 3934 τὸν

1936 2723 2263 2780 catholicas
2320 2737 2430 2777 nec
2496 2737 2614 2777 non
2680 2724 2915 2777 Patrum
2984 2723 3205 2793 scripta
3272 2724 3579 2789 nonnulla,

1934 2811 2429 2885 quandoquidem
2460 2826 2629 2882 aeque
2658 2810 2733 2865 de
2764 2811 2836 2865 iis
2862 2810 3202 2866 dubitatum
3230 2812 3357 2876 fuit,
3382 2812 3584 2869 viden-

1934 2900 2640 2973 tur,inquam,rejecturi.
2662 2899 2831 2965 Quod
2854 2900 2901 2953 si
2922 2900 3037 2954 hoc
3054 2899 3307 2956 alterum
3324 2900 3579 2972 impium

1932 2995 2043 3057 est,
2102 2990 2268 3063 quod
2321 2990 2379 3044 ni
2437 2994 2492 3045 et
2539 2988 2686 3043 illud
2714 2988 2974 3059 ‘?postea
3014 3005 3203 3061 quam
3248 2990 3371 3045 haec
3407 3007 3579 3062 aeque

1932 3080 2138 3135 omnia
2169 3080 2246 3134 ab
2288 3077 2541 3134 Ecclesia
2578 3082 2816 3148 recepta
2853 3076 3112 3143 fuerunt,
3147 3078 3413 3151 nihilque
3448 3080 3577 3149 jam

1930 3168 2310 3238 ambiguitati
2355 3167 2522 3222 locus
2573 3171 2861 3236 superest.
2895 3166 3064 3231 Quod
3117 3167 3166 3221 si
3212 3167 3577 3238 Theologum

1928 3258 2144 3314 horum
2174 3256 2534 3312 mentionem
2552 3270 2671 3309 non
2701 3253 2911 3309 fecisse
2933 3254 3150 3320 dicent,
3180 3256 3217 3311 ii
3247 3256 3337 3311 vel
3359 3256 3577 3328 supine

1929 3347 2216 3417 legerunt,
2253 3350 2357 3401 aut
2385 3360 2509 3399 rem
2558 3342 2915 3399 intellectam
2957 3343 3110 3399 male
3157 3344 3565 3404 dissimulant.

1927 3439 2075 3492 Nam
2107 3452 2241 3489 cum
2271 3434 2412 3490 dicit
2430 3432 2763 3502 Theologus
2802 3432 3204 3503 legislationes
3232 3435 3573 3490 monacho-

1925 3541 2059 3580 rum
2086 3524 2337 3594 scriplas
2366 3528 2421 3578 et
2450 3538 2571 3577 non
2594 3522 2867 3592 scriptas,
2899 3521 3156 3593 qui,aro,
3191 3522 3355 3577 aliud
3385 3539 3571 3595 quam

1926 3614 2033 3669 has
2065 3612 2508 3667 lucubrationes
2538 3625 2781 3681 prorsus
2804 3609 3133 3682 designat?
3162 3611 3276 3666 Sed
3295 3610 3411 3667 alia
3430 3628 3573 3683 quo-

1923 3718 2041 3775 que
2070 3701 2296 3757 ratione
2329 3701 2485 3755 idem
2512 3699 2977 3755 demonstratur.
3000 3702 3144 3755 Nam
3169 3700 3331 3771 quod
3365 3699 3572 3756 aitBa-

1924 3792 2087 3847 silius
2116 3791 2176 3846 in
2216 3789 2514 3855 Asceticis,
2558 3804 2761 3843 sacras
2801 3802 2863 3843 se
2903 3788 3125 3843 litteras
3155 3804 3190 3843 a
3224 3788 3570 3859 parentibus

1922 3880 2203 3936 didicisse
2236 3897 2250 3946 ;
2283 3880 2365 3934 ait
2397 3894 2531 3934 ecce
2558 3878 2878 3947 Gregorius
2904 3876 3071 3932 illum
3102 3877 3295 3947 primo
3325 3878 3571 3949 quidem

211 3968 361 4019 ὂσιον
392 3964 677 4021 Θεοδόσιον
711 3968 787 4039 (7)
847 3973 974 4042 πρός
1004 3988 1143 4020 τισιν
1188 3968 1360 4030 ἄλλοις
1387 3973 1687 4045 κεχρῆσθαι
1717 3972 1807 4023 αὐ-

1930 3968 2088 4039 apud
2118 3974 2394 4039 parentes
2441 3966 2731 4021 infantem
2770 3964 2951 4019 fuisse
3007 3970 3185 4036 atque
3226 3966 3567 4021 educatum.

210 4063 348 4119 τοῖς,
396 4059 463 4117 ὡς
513 4053 669 4114 δηλοῖ
714 4058 738 4108 ό
791 4062 907 4129 περὶ
962 4057 1123 4109 αὐτοῦ
1163 4056 1302 4130 βίος.
1357 4062 1491 4130 Πρὸς
1520 4063 1631 4112 τίνα
1665 4057 1715 4112 δ’
1742 4058 1806 4112 αὖ

211 4144 321 4219 ἆρα
368 4144 566 4216 ἔμελλον
625 4147 790 4219 ἕτερον
844 4145 1100 4221 ἐπερωτᾷν
1152 4149 1219 4199 τὰ
1274 4150 1390 4200 καθ’
1443 4150 1582 4219 ἡμᾶς
1625 4151 1674 4200 οἱ
1715 4152 1810 4202 ποί⁶

208 4234 300 4286 λαι
341 4232 712 4306 έπερωτηκότες
745 4235 1095 4307 μονάζοντες
1154 4237 1184 4294 ἦ
1245 4240 1383 4298 τίνος
1435 4233 1495 4295 ἧν
1547 4236 1703 4289 ἄλλου
1760 4238 1808 4289 έν

209 4322 504 4395 τηλικαύτῃ
586 4323 801 4395 ἐξουσίᾳ
863 4326 1170 4396 νομοθετεῖν,
1239 4330 1328 4377 xui
1385 4324 1504 4384 ὃλην
1561 4327 1806 4379 ὑπόθεσιν

216 4416 479 4485 σωτηρίας
533 4417 625 4471 τὴν
673 4420 787 4486 περὶ
834 4416 965 4466 αὐτὰ
994 4418 1354 4488 πραγματείαν
1388 4418 1801 4482 συστήσασθαις

212 4504 281 4564 ὡς
330 4498 461 4573 μηδ’
519 4498 647 4555 εἶναι
712 4502 872 4563 ἄλλως
951 4499 1150 4574 σχεδόν
1210 4500 1454 4576 βαδίζειν
1508 4503 1805 4567 ἀπταίστως

212 4594 307 4648 τὴν
364 4594 497 4642 κατά
550 4595 676 4643 Θεὸν
724 4596 951 4666 πορείαν,
1026 4591 1080 4643 έκ
1135 4599 1230 4653 τῆς
1280 4592 1393 4645 κατ’
1460 4592 1621 4651 αὐτὴν
1676 4595 1803 4665 ὑφήσ

212 4698 393 4751 γησιν.
443 4678 508 4732 Ἠ
560 4685 730 4732 τοίνυν
780 4678 944 4733 δῶσιν
1004 4680 1256 4756 ἰσόρῥοπα
1298 4682 1445 4753 ἔτερα
1507 4684 1804 4741 Ἀσκητικὰ

211 4770 281 4830 ὡς
328 4768 527 4821 ἐκείνων
580 4773 734 4821 ὄντων
791 4778 882 4822 τοῦ
952 4770 1177 4843 μεγάλου
1234 4770 1501 4823 Βασιλείου
1540 4786 1551 4798 ·
1613 4776 1798 4846 καίπερ

1922 4058 2072 4124 Quin
2101 4059 2277 4113 etiam
2308 4060 2577 4111 sanctum
2612 4053 3008 4110 Theodosium
3039 4054 3444 4124 comperimus
3474 4055 3569 4111 his

1918 4148 2195 4203 Asceticis
2244 4162 2445 4212 usum,
2478 4149 2536 4199 ut
2578 4144 2710 4215 eius
2740 4143 2862 4199 vita
2888 4142 3169 4198 ostendit.
3204 4146 3351 4199 Nam
3382 4159 3568 4216 quem
3602 4182 3606 4187 η

1917 4238 2100 4294 alium
2124 4234 2453 4291 consulturi
2478 4233 2723 4289 fuissent
2747 4232 2821 4287 de
2847 4231 3025 4287 rebus
3047 4232 3262 4287 nostris
3286 4234 3565 4290 monachi

1916 4333 2143 4382 veteres
2172 4324 2423 4381 consilia
2452 4327 2717 4394 petentes
2741 4322 2770 4373 εἰ
2798 4320 2887 4375 vel
2914 4321 3195 4392 quisnam
3245 4320 3398 4377 alius
3431 4324 3563 4395 pari

1916 4416 2277 4471 auctoritatis
2318 4412 2582 4484 pondere
2626 4410 2784 4482 leges
2815 4409 2963 4465 ferre
3004 4410 3312 4479 potuisset,
3348 4416 3405 4466 et
3433 4412 3563 4469 uni-

1915 4520 2152 4560 versam
2179 4502 2382 4557 salutis
2414 4516 2720 4555 summam
2743 4501 2801 4553 in
2820 4498 3168 4569 hujusmodi
3187 4504 3404 4554 statuto
3422 4516 3559 4557 con-

1914 4592 2150 4649 cludere
2180 4592 2207 4647 ?
2237 4596 2397 4646 extra
2427 4590 2591 4661 quod
2623 4588 2846 4643 nemini
2886 4586 3069 4642 ferme
3094 4587 3226 4643 licet
3256 4592 3447 4643 tutum
3481 4590 3557 4645 ad

1914 4684 2096 4738 Deum
2142 4682 2248 4736 iter
2298 4685 2514 4745 tenere,
2560 4680 2619 4732 id
2651 4682 2737 4733 est
2768 4676 2892 4731 sine
2931 4675 3123 4748 ipsius
3172 4676 3408 4731 ducata.
3445 4678 3558 4734 Aut

1913 4772 2091 4841 igitur
2129 4769 2481 4837 concedant,
2520 4768 2680 4839 paris
2717 4782 2843 4822 esse
2878 4766 3157 4837 ponderis
3207 4765 3335 4821 haec
3372 4768 3555 4823 altera

1769 4878 1992 4935 NOT/E.

277 4966 355 5037 (1)
386 4967 483 5021 Est
511 4966 605 5021 hic
632 4968 1022 5035 Sozomenus,
1054 4967 1208 5022 Hist.
1244 4966 1343 5022 lib.
1369 4983 1449 5034 ιιι,
1483 4966 1564 5022 14.

281 5040 351 5107 (2)
384 5038 553 5094 Vides
584 5038 827 5094 Studitaa
844 5037 1137 5107 judicium
1167 5038 1241 5093 de
1270 5039 1541 5094 Ecclesia
1561 5039 1620 5093 in
1647 5038 1798 5094 desi-

206 5108 462 5182 gnandis
528 5108 1031 5182 admittendisque
1113 5110 1425 5182 Scripturis
1490 5110 1795 5182 canonicis

208 5180 721 5245 auctoritate;cui
764 5180 1068 5236 sententiae
1114 5180 1291 5236 etiam
1339 5181 1412 5236 de
1461 5181 1794 5236 minoribus

205 5249 496 5318 partibus,
552 5251 708 5307 favet
774 5250 1063 5306 Eusebius
1129 5251 1190 5305 in
1236 5252 1660 5320 Quaestionibus
1716 5253 1797 5309 ad

205 5321 533 5394 Marinum,
556 5322 719 5393 apud
751 5338 862 5378 nos
884 5328 923 5377 t.
956 5325 1042 5394 lV,
1075 5328 1226 5393 part.
1252 5341 1289 5388 1,
1320 5324 1508 5394 p.250.

276 5396 351 5467 (31
383 5392 1340 5467 DicitGregoriumNazianzenum
1361 5400 1507 5451 orat.
1539 5398 1627 5461 43,
1660 5410 1795 5467 quae

207 5466 296 5518 est
327 5461 595 5519 funebris
644 5461 835 5520 sancti
874 5465 1069 5520 Basilii
1119 5464 1404 5531 laudatio,
1462 5467 1564 5521 ubi
1616 5461 1699 5520 n.’
1728 5470 1794 5521 67

208 5535 823 5607 enumeransialiquot
872 5537 1057 5591 sancti
1092 5536 1276 5607 Patris
1307 5537 1545 5607 scripta,
1598 5537 1669 5591 de
1697 5540 1795 5591 As-

209 5604 430 5673 ceticis,
473 5610 539 5660 ut
557 5606 631 5660 de
652 5604 781 5663 aliis
809 5609 1026 5673 multis,
1056 5606 1204 5661 silet.

1979 4966 2051 5034 (4)
2093 4965 2287 5020 Verba
2315 4964 2444 5019 haec
2470 4967 2606 5019 sunt
2635 4962 2695 5017 in
2724 4962 2885 5034 dicta
2920 4960 3214 5025 oratione,
3243 4977 3301 5016 n.
3325 4964 3416 5018 34.

1976 5036 2052 5161 ἱὸ)
2090 5036 2151 5092 1n
2183 5036 2322 5092 edit.
2352 5033 2613 5091 Garnerii
2659 5038 2696 5115 ς.
2730 5033 2795 5101 ll,
2825 5049 2884 5104 p.
2907 5037 3030 5087 2l3.

1996 5109 2050 5161 6)
2082 5107 2252 5161 Greg.
2286 5110 2418 5161 Naz.
2450 5112 2602 5161 orat.
2630 5110 2723 5159 ett.
2749 5120 2807 5158 n.
2844 5107 2924 5157 l2.

1996 5109 2050 5168 6)
2082 5107 2252 5177 Greg.
2286 5110 2418 5163 Naz.
2450 5107 2723 5177 orat.rcit.
2749 5120 2807 5158 n.
2844 5107 2924 5177 12.

1974 5182 2057 5248 (7)
2090 5180 2166 5235 De
2198 5174 2310 5249 poc
2331 5176 2663 5249 Theodosio
2679 5174 3003 5230 Garnerius
3028 5174 3087 5249 in
3112 5174 3546 5249 praef.p.xxx1v.

1906 5247 2134 5307 Ibidem
2167 5247 2649 5305 Garneriusinter
2670 5252 2846 5301 testes
2870 5247 3268 5301 Asceticorum
3284 5247 3554 5301 nominat

1907 5323 2083 5399 etiam
2109 5322 2404 5399 Studitam
2428 5326 2718 5399 nps‘trum,
2738 5318 2843 5399 qui
2860 5317 2919 5371 in
2936 5316 3553 5399 laud‘ati'onenlflatonis

1907 5394 2171 5461 magistri
2217 5393 2307 5447 sui
2354 5394 2435 5452 (η.
2464 5392 2574 5452 23),
2605 5389 2685 5445 ait
2737 5389 2898 5443 hunc
2928 5389 3117 5444 sancti
3162 5388 3355 5443 Basilii
3402 5408 3551 5459 νομο-

1908 5466 2079 5525 θεσίας
2100 5464 2293 5530 legere
2330 5462 2590 5518 solitum.
2619 5465 2910 5524 Attamen,
2970 5465 3034 5515 ut
3060 5475 3245 5530 supra
3287 5459 3548 5516 diximus

1908 5479 2079 5525 θεσιας
2100 5479 2293 5533 legere
2330 5479 2590 5518 sontum.
2619 5479 2910 5524 Attamen,
2970 5479 3034 5515 υῐ
3060 5479 3245 5530 supra
3287 5479 3547 5516 OlemUS

1906 5536 2145 5591 Studitte
2178 5536 2288 5589 hoc
2321 5533 2669 5588 Vaticanum
2719 5530 3016 5587 Scholium
3072 5529 3420 5586 Garnerium
3465 5530 3547 5587 la-

1906 5607 2033 5663 tuit.
