4058 6274
449 208 602 268 1687

1687 208 1750 265 S.
1808 207 1994 264 ΤΗΕο
2004 209 2176 266 DORI
2215 207 2539 264 STUDITIE

3659 213 3807 268 1688

441 333 730 400 Ascetica.
761 335 828 389 ut
869 332 968 390 illa
1005 348 1142 405 quae
1191 338 1333 391 sunt
1365 334 1572 406 magni
1623 333 1822 391 Basilii
1858 350 1872 389 :
1902 348 2094 405 quan-

2205 330 2320 386 οὐδ’
2359 333 2522 394 οὓτως
2571 331 2720 394 ἄλλος
2796 334 2872 392 εἴη
2947 333 3215 396 Βασίλειος
3282 332 3375 388 διὰ
3423 339 3481 389 τὸ
3556 334 3806 391 ἰσοδυνα-

441 436 629 492 quam
669 437 878 494 reapse
905 421 1072 479 haud
1111 422 1275 478 aliud
1315 422 1563 493 cogitari
1599 427 1795 495 potest
1828 422 2092 487 Basilius,

441 517 686 583 propter
707 509 1003 582 aequalem
1038 511 1277 583 spiritus
1317 511 1758 582 verborumque
1801 512 1920 566 vim
1948 531 1962 566 :
1995 515 2097 566 aut

443 599 603 656 inviti
659 599 859 663 etiam,
904 599 1034 655 haac
1079 615 1213 656 esse
1258 601 1464 670 magni
1510 598 1705 656 Basilii
1753 600 2092 656 admittant.

442 688 762 746 Sciendum
840 704 979 744 vero
1044 693 1132 745 est
1200 704 1380 761 prora
1441 689 1542 744 illa
1597 690 1714 745 dici
1767 688 2096 744 universali

441 778 741 844 Ascetica;
763 777 892 834 haec
916 783 1117 835 autem
1137 778 1875 852 particularia.0portebat
1892 785 2092 834 autem

441 867 654 924 mundi
666 866 1025 938 lampadem,
1037 872 1250 939 praater
1265 866 1411 924 alios
1424 867 1832 923 doctrinarum
1846 883 2094 923 suarum

441 956 665 1022 radios,
712 956 935 1028 quibus
979 957 1373 1013 subsolanam
1417 957 1727 1026 regionem
1763 955 2088 1024 collustrat,

439 1045 535 1102 his
585 1061 828 1119 quoque
863 1045 1166 1103 ambabus
1195 1044 1710 1103 lucubrationibus
1740 1060 1852 1102 nos
1878 1044 2091 1101 illumi-

442 1149 611 1192 nare.

2205 442 2298 494 μον
2375 429 2464 475 τοῦ
2540 424 2832 494 πνεύματος
2927 427 3017 475 καὶ
3092 430 3181 476 τοῦ
3257 426 3540 497 φθέγματος
3570 443 3581 455 ·
3641 431 3672 486 ἦ
3725 431 3802 500 μη

2204 516 2295 564 καὶ
2343 511 2402 564 οὐ
2449 509 2774 584 βουλόμενοι,
2851 513 3055 575 πάντως
3120 511 3492 576 καταδέξονται
3545 523 3636 567 τοῦ
3705 535 3805 587 με·

2203 601 2364 672 γαλου
2404 599 2672 653 Βασιλείου
2725 597 2874 655 εἶναι.
2935 602 3124 655 Ἰστέον
3180 599 3239 656 δὲ
3289 605 3354 664 ὡς
3405 607 3473 656 τὰ
3523 606 3611 676 μὲν
3672 605 3805 656 ἄλλα

2204 691 2270 740 τὰ
2293 689 2514 741 καθόλου
2549 687 2816 747 ἀσκητικά
2843 692 3048 763 εἴρηται
3081 708 3093 721 ·
3151 698 3318 744 ταῦτα
3348 688 3428 758 δὲ,
3461 695 3525 745 τὰ
3566 695 3757 765 μερικά
3785 711 3799 724 ·

2203 774 2309 830 ἔδει
2333 781 2433 850 γὰρ
2474 781 2560 830 τὸν
2589 777 2872 851 λαμπτῆρα
2919 787 3008 832 τοῦ
3056 783 3256 853 κόσμου
3300 785 3432 854 πρὸς
3476 790 3591 842 ταῖς
3619 782 3804 844 ἄλλαις

2202 867 2362 920 αὐτοῦ
2433 866 2615 919 ἀκτῖσι
2670 876 2768 942 τῶν
2852 864 3194 941 διδαγμάτων
3250 871 3651 942 καταυγάςοντα
3707 875 3803 930 τήν

2203 957 2285 1028 ὑφ’
2318 956 2481 1021 ἣλιον,
2529 961 2756 1030 φωτίσαι
2785 957 2923 1030 ἡμᾶς
2952 963 3042 1012 καὶ
3088 956 3269 1013 τοῖσδε
3326 968 3432 1023 τοῖς
3489 958 3617 1014 δυσὶ
3667 980 3805 1032 συγ-

2201 1046 2484 1120 γράμμασι
2527 1046 2629 1118 (8)-

1525 1394 1675 1443 ΤΟΥ
1710 1395 1806 1444 ΕΝ
1851 1389 2118 1444 ΑΓΙΟῙΣ
2157 1393 2462 1442 ΠΑΤΡΟΣ
2502 1395 2723 1442 ΠΜΩΝ

941 1533 1794 1668 ΘΕΟΔΩΡΟΥ
1941 1545 2246 1664 ΤΟΥ
2395 1544 3270 1666 ΣΤΟΥΔΙΤΟΥ

1042 1780 1384 1832 ΕΡΜΗΝΕΙΔ
1417 1781 1543 1830 ΤΗΣ
1586 1779 1785 1830 ΘΕΙΔΣ
1824 1779 2258 1829 ΛΕΙΤΟΥΡΓΙΑΣ
2295 1781 2433 1829 ΤΩΝ
2473 1775 3039 1830 ΠΡΟΗΓΙΑΣΜΕΝΩΝ
3079 1776 3181 1847 (9).

1243 2077 1334 2168 S.
1409 2077 1513 2167 P.
1564 2075 1670 2170 N.
1724 2073 2300 2165 THEODORI
2373 2071 2870 2162 STUDIT/E

760 2251 1292 2322 EXPLICATIO
1385 2248 1736 2320 DIVINzE
1830 2245 2284 2316 LITURGUE
2377 2245 3442 2319 PRZESANCTIFICATORUM.

513 2494 668 2550 Audi
701 2509 796 2550 me
827 2491 1160 2564 diligenter,
1186 2489 1294 2558 ﬁli,
1333 2490 1643 2564 quomodo
1673 2488 1891 2546 debeas
1933 2504 2086 2562 praa-
2116 2489 2157 2544 B

441 2582 951 2640 sanctiﬁcatorum
980 2581 1156 2637 ritum
1201 2580 1443 2653 exsequi
1471 2597 1484 2635 ε
1517 2593 1780 2652 namque
1809 2577 1870 2633 in
1903 2577 2087 2634 sacris

443 2671 572 2728 aliis
599 2669 1006 2727 {unctionibus
1039 2673 1240 2740 aperte
1261 2673 1317 2725 et
1333 2672 1498 2723 extra
1514 2683 1757 2724 omnem
1786 2665 2088 2736 ambigui-

441 2765 623 2818 tatem
654 2774 748 2816 res
779 2762 986 2815 sancta
1017 2757 1316 2831 peragitur
1348 2773 1361 2812 :
1392 2757 1522 2813 haec
1553 2762 1752 2813 autem
1793 2757 1988 2813 velato
2018 2771 2087 2811 ac

439 2848 769 2920 lugubriter
803 2847 871 2904 ﬁt
903 2864 916 2903 :
949 2847 1204 2920 ideoque
1238 2845 1434 2916 magis
1471 2846 1724 2917 mystica
1763 2846 1821 2901 in
1861 2844 2088 2902 cunctis

441 2939 571 2996 hac
605 2937 832 2995 functio
866 2935 1084 3001 evadit,
1116 2935 1299 3007 Igitur
1338 2935 1620 2992 sacerdos
1655 2941 1868 2992 ornatu
1900 2949 2091 2990 sacer-

439 3027 625 3087 dotali
660 3025 925 3092 indutus,
949 3024 1260 3095 trisagium
1289 3028 1480 3081 totum
1521 3023 1794 3089 recitans,
1825 3039 1936 3079 nec
1966 3039 2087 3080 non

441 3117 560 3174 dici
579 3115 904 3189 troparium
931 3113 1254 3186 dicensque
1278 3117 1366 3170 ter
1394 3113 1604 3170 verba:
1621 3114 1925 3182 Propitius
1947 3117 2085 3179 esto,

441 3208 620 3272 Deus,
632 3205 782 3262 mihi
787 3204 1111 3275 peccatori,
1125 3203 1454 3260 orationem
1468 3217 1710 3275 quoque
1733 3202 2023 3274 thymiam
2031 3218 2090 3258 a-

443 3296 520 3353 tis
546 3293 823 3360 recitans,
856 3296 992 3349 ante
1018 3306 1252 3348 sacram
1282 3306 1555 3347 mensam
1595 3291 1884 3355 consistit,
1943 3295 1998 3347 et
2028 3291 2089 3346 in

444 3383 695 3442 modum
741 3382 931 3439 crucis
977 3380 1328 3438 thuriﬁcans
1371 3380 1705 3446 exclamat;
1739 3395 1860 3436 non
1888 3386 2089 3435 tamen

445 3473 630 3532 verba
681 3471 1047 3529 benedictum
1077 3485 1326 3541 regnum
1357 3470 1723 3542 pronuntiat,
1769 3484 1905 3542 quae
1955 3473 2091 3524 sunt

447 3561 619 3620 veluti
666 3559 1054 3633 triumphalia
1098 3563 1156 3615 et
1210 3558 1503 3614 absoluta:
1551 3559 1917 3614 auctoritatis
1959 3574 2092 3630 pro-

444 3652 576 3724 pria
610 3667 625 3718 ;
657 3649 763 3706 sed
805 3649 1138 3706 benedictus
1181 3649 1336 3705 Deus
1394 3646 1554 3718 dicit,
1580 3652 1871 3720 tanquam
1902 3647 2093 3703 humi-

443 3741 624 3797 litatis
647 3737 935 3794 indicium
965 3743 1021 3792 et
1049 3736 1237 3792 enixaa
1259 3735 1715 3808 deprecationis.
1734 3739 1882 3792 Tum
1910 3736 2092 3792 etiam

2265 2487 2528 2541 ’Λκουσον
2587 2484 2655 2546 δή
2687 2507 2796 2559 μοι,
2832 2494 3024 2555 τέκνον,
3080 2490 3249 2552 καλῶς
3294 2493 3354 2543 τὸ
3399 2499 3510 2555 πῶς
3567 2490 3651 2547 δεῖ
3700 2499 3798 2554 τὴν

2195 2585 2292 2630 τῶν
2347 2581 2778 2650 προηγιασμένων
2844 2577 3088 2632 ἐπιτελεῖν
3166 2578 3390 2640 τελετήν.
3426 2581 3506 2636 Ἐν
3557 2585 3657 2656 γάρ
3713 2604 3798 2637 τοι

2193 2673 2309 2728 ταῖς
2354 2666 2534 2727 ἄλλαις
2589 2668 2907 2741 ἱερουργίαις
2959 2667 3455 2742 ἀνακεκαλυμμένως
3506 2677 3595 2726 καὶ
3650 2672 3799 2726 ἀνεν-

2196 2753 2454 2816 δοιοίστως
2485 2757 2515 2814 ἡ
2561 2757 2824 2829 ἱερουργία
2873 2755 3178 2811 ἐπιτελεῖται
3211 2779 3224 2792 ·
3288 2759 3336 2811 ἐν
3396 2757 3456 2814 δέ
3510 2781 3569 2833 γε
3626 2766 3792 2838 ταύτῃ

2198 2849 2649 2917 συνεσκιασμένως
2701 2851 2790 2899 καὶ
2839 2849 3103 2921 πενθηρῶς
3134 2866 3147 2879 ·
3206 2845 3292 2902 διὸ
3347 2855 3437 2903 καὶ
3472 2858 3796 2922 μυστικωτέ-

2195 2955 2263 3009 ρα
2293 2935 2363 2996 εἰς
2389 2941 2489 2987 πᾶν
2510 2937 2540 2993 ἡ
2587 2935 2759 2994 τελετὴ
2791 2941 3015 3006 γίνεται.
3075 2943 3255 2991 Τοίνυν
3286 2940 3310 2990 6
3340 2941 3497 3012 ἱερεὺς
3525 2946 3619 2998 τὴν
3663 2944 3791 3016 ἱερα-

2195 3028 2344 3082 τικὴν
2388 3020 2692 3095 ἐνδυόμενος
2764 3025 2972 3090 στολὴν,
3029 3030 3086 3079 τὸ
3150 3031 3425 3099 τρισάγιον
3507 3029 3789 3104 ὁλοκλήρως

2197 3115 2560 3186 φθεγγόμενος,
2613 3117 2702 3166 καὶ
2761 3117 2819 3166 τὸ
2900 3123 2996 3176 τῆς
3083 3117 3283 3191 ἡμέρας
3356 3120 3660 3194 τροπάριον,
3702 3125 3790 3174 σὺν

2195 3209 2269 3272 τῷ
2300 3201 2632 3260 Ἰλάσθητί
2688 3221 2815 3275 μοι,
2877 3205 2902 3254 6
2955 3207 3241 3277 Θεὸς,τῷ
3282 3205 3654 3281 ἁμαρτωλῷ,
3690 3209 3798 3262 ἑπι-

2194 3290 2354 3363 λέγων
2384 3295 2576 3364 τρίτον,
2619 3296 2709 3344 καὶ
2765 3295 2858 3351 τὴν
2905 3292 3067 3364 εὐχὴν
3115 3301 3206 3346 τοῦ
3259 3296 3585 3367 θυμιάματος
3635 3297 3798 3370 λέγων

2199 3380 2411 3432 ἐνώπιον
2434 3388 2528 3441 τῆς
2559 3381 2694 3441 θείας
2722 3384 2987 3454 τραπέζης
3003 3380 3300 3454 ἐφίσταται,
3328 3389 3416 3437 καὶ
3439 3384 3800 3460 σταυροειδῶς

2203 3471 2399 3541 θυμιῶν
2447 3467 2693 3539 έκφωνεῖ⁸
2763 3470 2890 3542 οὐχὶ
2943 3477 2999 3523 τό
3059 3471 3470 3546 Εὐλογημένη
3531 3477 3560 3534 ἡ
3617 3475 3800 3550 βασι-

2201 3557 2338 3610 λεία
2367 3556 2729 3631 ἀνακηρύττει,
2791 3561 2859 3620 ὡς
2899 3565 3047 3622 νίκης
3097 3566 3344 3636 τρόπαιον
3394 3568 3484 3617 καὶ
3531 3565 3801 3628 αὐθεντίας

2202 3646 2708 3721 ἀπροσωπολὴπτου,
2735 3645 2843 3700 ἀλλ’
2873 3649 3197 3722 Εὐλογητὸ
3215 3672 3236 3712 ς
3261 3653 3286 3704 ὀ
3313 3656 3470 3716 Θεὸς
3507 3653 3685 3726 λέγων,
3726 3659 3801 3718 ὡς

2203 3745 2564 3802 ταπεινότητος
2645 3740 2900 3813 σύμϐολον
2981 3748 3068 3796 καὶ
3123 3747 3381 3818 ἱκετηρίας
3460 3746 3802 3823 ἀπαραθραύ-

446 3826 864 3903 propheticum
885 3826 1030 3882 illud
1059 3827 1419 3898 prooemium
1441 3840 1477 3881 a
1500 3824 1778 3882 fratribus
1792 3825 2090 3896 recitatur,

2206 3847 2332 3881 στου
2366 3847 2377 3857 ·
2419 3832 2478 3880 τὸ
2528 3825 2586 3881 δὲ
2626 3834 2942 3904 προφητικὸν
2991 3829 3147 3884 ἐκεῖνο
3205 3839 3477 3908 προοίμιον
3523 3840 3668 3908 παρὰ
3697 3845 3799 3890 τῶν

445 3923 503 3976 et
539 3916 819 3974 sacerdos
851 3931 1053 3988 preces
1091 3915 1322 3985 vesperi
1362 3914 1503 3971 dicit
1534 3930 1695 3988 :qua
1735 3919 1984 3988 utraque
2010 3915 2096 3971 di-

446 4009 639 4065 ctione
669 4006 923 4080 expleta,
954 4005 1266 4062 collectum
1308 4005 1462 4061 elata
1499 4020 1646 4061 voce
1687 4005 1936 4076 peragit.
1973 4007 2095 4064 Sta-

447 4099 552 4156 tim
578 4111 719 4153 vero
745 4111 781 4154 a
810 4095 1025 4152 lectore
1055 4095 1354 4166 graduum
1384 4109 1615 4150 canone
1645 4094 1901 4166 incepto,
1927 4110 2095 4151 sacer

449 4191 841 4260 mystagogus
879 4184 1449 4257 quinquagesimum
1481 4183 1782 4255 psalmum
1814 4188 2092 4240 oretenus

448 4276 675 4344 recitat,
699 4279 755 4331 et
782 4273 1340 4346 prmsanctiﬁcatum
1371 4287 1591 4344 panem
1630 4273 1689 4328 in
1712 4273 1976 4345 prothesi
2006 4278 2094 4328 t0-

449 4370 576 4423 tum
615 4363 942 4435 componit.
985 4363 1315 4434 Statimque
1376 4362 1450 4418 ad
1489 4362 1753 4432 singulas
1797 4363 2092 4433 graduum

448 4453 832 4526 antiphonas,
874 4467 1123 4524 parvam
1161 4466 1398 4522 precem
1440 4451 1596 4507 elata
1638 4466 1782 4508 voce
1819 4453 1959 4508 dicit
1991 4468 2004 4507 :
2039 4459 2094 4508 et

448 4543 596 4600 dum
620 4559 656 4598 a
680 4540 870 4598 Psalte
895 4541 1125 4597 canitur
1154 4539 1450 4611 psalmus,
1478 4540 1638 4611 eipse
1682 4544 2093 4597 sanctuarium

449 4637 638 4689 totum
655 4646 792 4687 cum
821 4628 1040 4702 tcmplo
1070 4627 1367 4685 thuriﬁcat
1387 4644 1400 4683 :
1424 4629 1798 4702 cantatisque
1816 4632 2092 4703 tropariis

446 4726 582 4794 post
609 4720 826 4792 gloria,
857 4718 1132 4775 introitus
1155 4718 1281 4773 sine
1306 4718 1618 4788 evangelio
1640 4719 2096 4776 cumthuriﬁca-

447 4811 604 4868 tione
617 4808 832 4865 dicitur
845 4824 857 4862 :
872 4806 1154 4879 lectisque
1165 4805 1531 4873 lectionibus,
1542 4808 1745 4864 fratres
1760 4809 1984 4865 sedent.
1995 4809 2093 4865 His

447 4895 1004 4972 expletis,sacerdos
1035 4895 1532 4968 canitdirigatur,
1557 4913 1693 4953 cum
1715 4897 1766 4954 ei
1797 4898 1893 4970 adj
1905 4899 2093 4955 unctis

445 4986 775 5052 versiculis,
807 4985 1086 5042 fratribus
1106 5001 1264 5057 genu
1291 4984 1682 5053 ﬂectentibus,
1711 4987 1876 5058 quod
1914 4988 2091 5044 etiam

2203 3914 2433 3990 ἀδελφῶν
2476 3921 2806 3990 κηρύττεται,
2867 3924 2956 3972 καὶ
3005 3922 3030 3972 6
3071 3923 3232 3993 ἱερεὺς
3273 3925 3361 3984 τὰς
3409 3927 3574 3996 εὐχὰς
3631 3925 3798 3979 ἐπιλέ-

2199 4027 2281 4079 γει
2311 4014 2402 4060 τοῦ
2439 4007 2692 4079 λυχνικοῦ
2727 4024 2739 4036 ⁸
2790 4007 2928 4071 τέλος
2983 4005 3042 4061 δὲ
3089 4008 3336 4062 κάκείνων
3367 4017 3455 4065 καὶ
3484 4017 3677 4066 τούτων
3708 4015 3797 4069 λαο

2201 4095 2412 4161 ϐόντων,
2471 4100 2565 4154 τὴν
2617 4101 2881 4155 συναπτὴν
2933 4100 3026 4149 σὺν
3081 4106 3142 4170 τῇ
3195 4101 3477 4172 ἐκφωνήσει
3531 4103 3754 4157 ἐπιτελεῖ
3779 4120 3795 4136 ·

2200 4190 2287 4237 καὶ
2315 4186 2340 4237 ὁ
2373 4184 2585 4257 ἑτοίμως
2628 4186 2653 4236 6
2704 4183 3044 4257 ἀναγνώστης
3094 4190 3180 4239 τὸν
3221 4196 3317 4240 τῶν
3367 4188 3676 4265 ἀναϐαθμῶν
3705 4213 3800 4246 κα-

2199 4279 2319 4328 νόνα
2371 4272 2720 4347 ἐναρξάμενος,
2768 4277 2793 4327 6
2837 4277 2968 4338 θεῖος
3025 4276 3175 4339 οὗτος
3213 4283 3560 4352 μυσταγωγὸς
3619 4287 3707 4334 τὸν
3756 4281 3802 4335 ν’

2201 4362 2297 4416 ἀνὰ
2329 4367 2496 4436 στόμα
2554 4360 2778 4429 διεξιὼν,
2839 4368 2924 4416 τὸν
2971 4368 3392 4438 προηγιασθέντα
3451 4371 3607 4445 ἄρτον
3647 4370 3695 4423 ἐν
3733 4382 3796 4446 τῇ

2199 4454 2441 4526 προθέσει
2521 4448 2802 4524 διακοσμεῖ
2888 4452 3203 4515 ἀνελλιπῶςο
3262 4455 3414 4518 εὐθὺς
3481 4455 3541 4511 δὲ
3627 4460 3700 4522 εἰς
3747 4463 3798 4514 ἓν

2200 4545 2413 4595 ἕκαστον
2461 4540 2740 4614 ἀντίφωνον
2794 4550 2892 4594 τῶν
2948 4541 3277 4616 ἀναϐαθμῶν,
3327 4548 3516 4620 μικρὰν
3583 4551 3797 4608 αἴτησιν

2202 4629 2410 4703 ἑκφωνεῖ
2443 4647 2456 4660 °
2489 4639 2581 4683 τοῦ
2633 4626 2695 4682 δέ
2747 4650 2804 4702 γε
2854 4631 3065 4704 ψαλμοῦ
3094 4635 3239 4706 παρὰ
3278 4641 3370 4686 τοῦ
3395 4635 3598 4689 Ψάλτου
3630 4639 3792 4710 ἡχου-

2201 4724 2376 4792 μένου,
2417 4723 2475 4772 τὸ
2509 4722 2752 4791 ἱερατείον
2796 4720 2908 4773 ὅλον
2965 4726 3058 4774 σὺν
3114 4729 3182 4793 τῷ
3223 4732 3327 4794 ναῷ
3384 4723 3638 4798 ἐπιθυμιᾷ
3665 4745 3678 4758 '
3707 4734 3794 4782 καὶ

2204 4817 2300 4861 τῶν
2355 4814 2646 4883 τροπαρίων
2705 4808 3033 4882 ψαλλομένων
3101 4815 3232 4883 μετὰ
3309 4819 3417 4872 τὴν
3484 4811 3703 4884 δόξαν,
3765 4822 3795 4877 ἡ

2205 4895 2408 4961 εἴσοδος
2455 4903 2625 4972 χωρὶς
2667 4906 2756 4951 του
2810 4899 3129 4972 Εὐαγγελίου
3173 4905 3302 4974 μετὰ
3353 4905 3608 4975 θυμιατοῦ
3661 4908 3802 4980 λέγε-

2205 5007 2312 5055 ται,
2356 4994 2445 5042 καὶ
2500 4997 2598 5041 τὼν
2681 4987 3095 5063 ἀναγνωσμάτων
3171 4991 3677 5068 ἀναγινωσκομένων,
3750 5001 3803 5052 οἱ

2010 5093 2236 5150 NOT/E.

521 5200 601 5272 (8)
625 5198 964 5272 Thedorum
995 5206 1266 5255 nostrum
1298 5199 1770 5272 Basiliiuscriptis
1800 5198 1972 5254 valde
1999 5199 2097 5255 de-

447 5269 651 5328 lectari
705 5271 966 5344 solitum,
1029 5272 1450 5344 praecipueque
1502 5269 1612 5325 illis
1667 5273 1798 5342 πρός
1850 5274 2094 5341 μονάζον-

447 5363 556 5404 τας.
612 5357 748 5415 quae
795 5342 1044 5415 diurna'
1075 5342 1514 5415 nocturnaque
1543 5357 1728 5397 manu
1796 5345 2089 5415 versabat,

448 5411 648 5472 mores
684 5430 823 5468 suos
860 5414 1072 5469 iisdem
1125 5411 1580 5482 conformanda,
1623 5419 1822 5468 narrat
1852 5414 2093 5470 Michael

449 5486 786 5544 monachus
814 5487 872 5541 in
903 5486 1031 5556 ejus
1061 5485 1204 5555 Vita,
1248 5499 1379 5556 cap.
1414 5487 1495 5538 l3.

2276 5207 2348 5266 (9)
2367 5202 2445 5258 De
2479 5203 2662 5278 missa
2696 5203 3325 5278 lfraasanctiﬁcatorum
3367 5207 3530 5278 apud
3561 5210 3800 5269 Graecos

2204 5281 2392 5329 exstat
2421 5275 2671 5344 copiosa
2704 5273 2913 5328 Leonis
2940 5274 3134 5330 Allatii
3168 5273 3502 5335 dissertatio
3533 5281 3591 5335 in
3632 5283 3799 5340 calce

2203 5346 2408 5421 operis
2423 5346 2550 5421 ejus
2580 5347 2667 5421 De
2705 5361 2988 5421 consensu
3016 5347 3513 5421 Eccl.0ccid.cum
3546 5352 3799 5421 0rient.,

2205 5417 2303 5489 ubi
2352 5417 2624 5489 plurimis
2675 5417 2869 5472 relatis
2914 5417 3797 5488 auctoritatibus,hanctameu

2201 5487 2446 5544 Studitae
2473 5489 2957 5560 scriptiunculam
2984 5491 3294 5561 ignorasse
3317 5487 3565 5549 videtur.
