4058 6274
278 305 418 362 1689

278 427 490 503 ἀδελφοὶ
517 429 840 503 ἐφιζάνουσι.
882 433 1029 487 Μετὰ
1077 428 1137 485 δὲ
1187 437 1281 492 τὴν
1324 435 1517 487 τούτων
1550 434 1868 510 συμπλήρω-
1900 436 1948 492 Α

281 539 383 586 σιν,
418 523 474 572 τὸ
534 527 733 574 Κατευ
754 523 1046 581 θυνθήτω
1091 523 1116 574 6
1149 523 1303 595 ἱερεύς
1330 521 1446 593 ᾄδει
1469 528 1600 596 μετὰ
1624 534 1723 577 τῶν
1753 545 1871 578 συν-

277 614 543 682 ηνωμένων
587 610 747 664 αὐτοῦ
804 616 1057 683 στοίχων,
1112 620 1212 664 τῶν
1245 610 1476 685 ἀδελφῶν
1510 618 1567 667 τὸ
1597 619 1725 685 γόνυ
1763 615 1875 667 κλι-

274 704 513 771 νομένων,
547 700 572 751 ὃ
606 705 696 753 καὶ
738 699 784 751 ἐν
842 707 954 761 ταῖς
1011 701 1194 772 εύχαίς
1253 709 1401 754 τοῦτο
1454 708 1671 774 γίνεται.
1733 705 1876 758 Μετὰ

273 791 373 862 γὰρ
414 794 507 848 τὴν
564 798 661 841 τῶν
720 792 864 842 θείων
919 787 1098 864 δώρων
1155 788 1473 859 εἰσόδευσιν,
1542 794 1759 865 ἑτοίμως
1821 799 1876 849 αἱ

279 878 433 949 θύραι
500 878 887 931 κεκλείσκονται
921 900 932 913 ι
972 881 998 931 6
1052 877 1110 932 δε
1161 882 1315 952 ἱερεύς
1365 890 1437 951 τῷ
1490 882 1736 954 ἀνωτάτῳ
1788 887 1875 936 πέ-

276 964 407 1037 πλῳ,
466 967 492 1017 ὃ
533 971 622 1019 καὶ
672 966 798 1039 ἀέρα
852 963 990 1020 οἶδεν
1022 969 1046 1019 6
1076 968 1228 1039 λόγος
1276 969 1466 1035 καλεῖν,
1499 973 1564 1021 τὰ
1591 968 1739 1043 δῶρα
1766 971 1874 1023 ἐπι-

275 1054 523 1109 καλύπτει
555 1076 566 1087 ·
602 1055 649 1107 ἓν
682 1053 741 1109 δέ
769 1076 829 1128 γε
858 1065 919 1129 τῇ
960 1065 1055 1120 τῆς
1106 1056 1357 1129 ύψώσεως
1409 1060 1535 1132 ὥρᾳ,
1572 1063 1629 1111 οὐ
1655 1064 1744 1132 μέν
1792 1079 1877 1115 τοι

272 1146 407 1215 αἴρει
458 1148 516 1195 τὸ
573 1144 781 1214 πέπλον,
834 1144 940 1197 ἀλλ’
987 1145 1086 1199 ἀπὸ
1142 1148 1368 1199 κάτωθεν
1398 1150 1608 1214 τούτου,
1656 1153 1741 1201 τὸν
1772 1152 1871 1223 ἀρ-

270 1250 359 1289 τον
389 1232 554 1305 ὑψῶν,
611 1233 747 1307 λέγει
783 1249 795 1263 ’
851 1238 935 1288 Τὰ
976 1241 1476 1310 προηγιασμένα
1521 1238 1677 1310 ἅγια
1710 1258 1723 1272 ·
1776 1240 1871 1292 εἶθ’

274 1322 438 1384 οὕτως
462 1324 488 1374 6
518 1321 617 1396 ἀὴρ
668 1326 890 1399 αἴρεται.
923 1323 1022 1377 Ἔχ
1050 1344 1104 1377 τε
1160 1335 1259 1378 τῶν
1302 1329 1548 1379 τοιούτων
1574 1332 1663 1381 καὶ
1689 1328 1870 1403 ἐτέρων

276 1408 673 1484 ὑποδειγμάτων
722 1418 955 1484 μυστική
1020 1416 1179 1467 θυσία
1249 1414 1363 1488 (10)
1440 1414 1873 1490 ἀνακηρύττεται,

273 1504 365 1553 καὶ
415 1502 535 1576 ἄρτι
591 1502 944 1576 τετελειωμένη
1027 1506 1272 1566 ὡσαύτως
1322 1509 1411 1557 καὶ
1476 1512 1872 1581 προηγιασμένη

272 1591 475 1659 τελετὴ,
528 1593 583 1643 ἔκ
638 1611 691 1644 τε
720 1600 813 1655 τῆς
853 1590 1229 1666 ἐπιφοιτήσεως
1258 1601 1348 1647 τοῦ
1381 1604 1611 1668 σταυροῦ
1649 1601 1735 1649 καὶ
1780 1607 1872 1651 τοῦ

274 1676 429 1749 ἁγίου
479 1682 692 1752 αἳματος
732 1683 987 1754 ἡνωμένη.
1036 1681 1165 1736 Εἶτα
1194 1688 1283 1736 καὶ
1324 1692 1424 1736 τῶν
1456 1681 1685 1758 ἀδελφῶν
1716 1707 1879 1760 προσ-

274 1766 600 1841 καλουμένων
659 1770 984 1843 μεταλαϐεῐν,
1042 1779 1092 1826 Μ
1107 1791 1127 1824 ε
1139 1792 1166 1825 τ
1179 1774 1212 1825 ὰ
1264 1795 1294 1846 φ
1310 1775 1334 1825 ό
1348 1772 1378 1826 ϐ
1391 1793 1415 1826 ο
1430 1795 1457 1825 υ
1509 1782 1555 1829 Θ
1569 1794 1590 1827 ε
1603 1794 1628 1827 o
1643 1785 1671 1827 υ
1722 1776 1877 1849 λέγων
1910 1790 1951 1845 Β

268 1862 384 1909 καὶ
436 1861 713 1921 πίστεως
751 1866 857 1914 καὶ
916 1860 1221 1932 ἀγάπης·
1280 1865 1440 1915 τύπον
1488 1864 1593 1937 ἄρα
1643 1867 1773 1919 θεῖον
1830 1867 1877 1920 ἐν

269 1948 440 2019 τούτῳ
469 1955 559 2009 τῆς
611 1951 746 2011 θείας
797 1956 886 2004 καὶ
917 1951 1176 2012 ζωοποιοῡ
1205 1950 1435 2025 Τριάδος
1466 1951 1819 2009 ὑποδεικνύων
1851 1959 1876 2009 6

275 2033 425 2107 λόγος
459 2053 471 2068 ⁵
504 2037 657 2110 φόϐον
686 2039 844 2111 λέγων
870 2045 961 2099 τὴν
997 2041 1135 2093 θείαν
1183 2045 1274 2093 καὶ
1303 2039 1605 2115 ἀρχίφωτον
1642 2051 1735 2096 τοὺ
1767 2052 1878 2099 Πα-

271 2128 390 2198 τρός
444 2122 601 2189 δόξαν
646 2145 659 2158 ·
711 2133 908 2195 πίστιν,
962 2133 1049 2182 τὸν
1090 2138 1335 2203 μονογενῆ
1392 2136 1482 2184 καὶ
1541 2134 1870 2208 συνάναρχον

271 2218 440 2287 Λόγον
473 2233 486 2245 ·
509 2215 719 2288 ἀγάπην
751 2215 831 2284 δὲ,
885 2222 943 2271 τὸ
990 2219 1184 2291 ἀγαθὸν
1215 2225 1303 2273 καὶ
1356 2223 1609 2293 πανάγιον
1640 2230 1871 2297 Πνεῦμα.

276 2306 425 2358 Μετὰ
452 2306 552 2379 γὰρ
583 2311 675 2365 τὴν
726 2316 827 2359 τῶν
878 2305 1111 2381 ἀδελφῶν
1168 2309 1481 2382 μετάληψιν,
1516 2314 1597 2376 τὸ,
1642 2320 1869 2387 Σῶσον³

270 2394 296 2447 ὁ
327 2397 504 2460 Θεὸς,
561 2399 667 2447 τὸν
723 2395 870 2450 λαόν
924 2418 1061 2464 σου,
1114 2399 1314 2472 λέγεται
1349 2406 1474 2453 ’καὶ
1505 2400 1874 2477 ἐπιχαράττων

268 2486 328 2535 τὸ
361 2486 494 2537 θεῖον
530 2504 563 2536 σ
585 2492 762 2557 ημεῖον
793 2494 883 2540 τοῦ
912 2493 1088 2560 τιμίου
1149 2498 1400 2562 σταυροῦ,
1454 2493 1520 2541 τὰ
1569 2493 1681 2545 θεῖα
1730 2490 1876 2567 δῶρα

267 2569 512 2645 οὐδαμῶς
587 2573 671 2628 ἐπὶ
743 2584 805 2648 τῇ
868 2578 979 2649 θείᾳ
1026 2579 1257 2651 τραπέζῃ
1321 2580 1708 2651 ὑποτεθειμένα,
1766 2582 1873 2636 ἀλλ’

275 2661 494 2733 ἑτοίμως
584 2672 646 2736 τῇ
723 2666 965 2737 προθέσει
1037 2671 1458 2739 πεπερατουμένα
1491 2686 1503 2699 ·
1589 2678 1685 2731 τῆς
1772 2675 1873 2745 γὰρ

273 2752 734 2825 ὑπογεγραμμένης
814 2753 995 2825 εὐχῆς,
1055 2758 1185 2827 μετά
1242 2760 1335 2814 τὴν
1396 2753 1537 2809 ἰδίαν
1585 2760 1875 2832 μετάληψιν

272 2842 476 2899 ταύτην
533 2841 751 2895 ἐπιτελεῖ
800 2844 824 2894 6
872 2848 965 2901 τὴν
1014 2846 1306 2919 ἱερουργίαν
1360 2854 1543 2899 ποιῶν.
1600 2849 1752 2901 Οὕτω
1813 2870 1879 2904 σο

277 2926 445 2999 κάγὼ,
502 2933 696 2998 τέκνον,
761 2929 1098 3003 ἐπιστάμενος
1163 2938 1459 3006 προσφέρω,
1538 2938 1706 2998 καθώς
1783 2959 1877 3014 περ

272 3013 362 3070 οὖν
416 3019 519 3093 ἄρα
564 3025 651 3072 καὶ
697 3023 817 3083 τοὺς
860 3021 931 3083 εἰς
982 3021 1139 3094 ἀκρον
1194 3023 1569 3097 ἐπισταμένους
1628 3026 1831 3100 ἑώρακα
1850 3013 1876 3048 7'

278 3108 340 3158 ού
386 3112 488 3179 μὴν
531 3110 772 3177 ἐνταῦθα,
825 3110 953 3162 ἀλλὰ
1003 3117 1091 3163 καὶ
1149 3112 1195 3163 ἐν
1257 3120 1370 3174 ταῖς
1430 3114 1625 3188 ἑτέραις
1685 3118 1879 3192 ἱερουρ-

262 3199 426 3267 γίαις,
492 3198 652 3259 οὕτως
706 3204 923 3270 γίνεται.
984 3197 1111 3253 Εἶτα
1156 3204 1186 3259 ἡ
1235 3201 1525 3274 ἐκφώνησις
1580 3213 1673 3268 τῆς
1725 3226 1879 3278 μετα-

269 3284 478 3357 λήψεως
514 3304 526 3317 '
609 3293 698 3341 καὶ
745 3291 775 3347 ἡ
838 3288 1255 3353 ἀποκαθίστασις
1312 3300 1411 3345 τῶν
1466 3290 1646 3369 δώρων
1704 3295 1753 3348 ἐν
1810 3305 1873 3370 τῇ
1951 3297 2213 3371 προθέσει,
2294 3295 2383 3344 καὶ
2440 3292 2494 3342 αἱ
2541 3288 2763 3349 κλείσεις
2827 3294 2923 3339 τῶν
2980 3288 3125 3338 θείων
3200 3285 3371 3338 πυλῶν
3413 3299 3427 3315 ⁸

1536 307 1627 363 DE
1669 307 2386 366 PRESANC’l‘IFlCATIS.

3501 308 3519 363 1
3530 306 3636 364 690

1985 434 2138 490 inter
2181 450 2389 506 preces
2442 435 2528 492 ﬁt.
2588 436 2815 491 Etenim
2860 440 3000 508 post
3042 434 3385 491 divinorum
3441 433 3634 489 dono-

1986 539 2117 578 rum
2172 523 2693 590 introductionem,
2750 526 2948 581 statim
3000 526 3202 595 januae
3250 522 3633 579 clauduntur.

1982 614 2127 669 Tum
2179 614 2458 669 sacerdos
2503 614 2805 685 superiore
2850 630 2954 669 seu
3001 615 3217 670 extimo
3259 611 3413 679 velo,
3469 610 3636 683 quod

1984 702 2163 758 etiam
2201 718 2401 758 aerem
2427 703 2619 759 dicere
2651 703 2932 769 solemus,
2974 703 3135 757 dona
3179 700 3465 773 cooperit.
3513 700 3635 755 Ele-

1983 791 2240 846 vationis
2282 796 2481 847 autem
2522 797 2809 863 tempore,
2850 791 3015 847 haud
3046 790 3236 846 aufert
3262 789 3483 853 velum,
3529 790 3635 844 sed

1985 880 2062 935 ab
2093 880 2302 935 intima
2330 881 2510 951 hujus
2539 887 2724 950 parte,
2748 896 2969 951 panem
3002 880 3241 935 elevans
3267 878 3407 933 dicit
3438 894 3450 933 :
3477 892 3632 946 pra-

1981 969 2355 1035 sanctiﬁcata
2383 974 2611 1026 sancta.
2632 970 2853 1025 Deinde
2885 986 2984 1025 aer
3010 968 3291 1024 aufertur.
3322 970 3511 1038 Atque
3538 966 3633 1021 his

1983 1057 2235 1130 aliisque
2271 1059 2505 1114 indiciis
2532 1058 2789 1131 mystica
2831 1058 3160 1113 immolatio
3202 1056 3631 1128 proclamatur,

1983 1152 2109 1203 tum
2135 1147 2235 1204 illa
2263 1161 2455 1219 nuper
2484 1147 2707 1211 effecta,
2742 1153 2866 1204 tum
2893 1152 2950 1203 et
2986 1146 3087 1203 illa
3114 1144 3630 1218 praesanctiﬁcata,

1982 1237 2175 1293 crucis
2202 1252 2446 1310 quoque
2476 1238 2818 1293 accessione
2845 1242 2902 1292 et
2928 1240 3137 1292 sancto
3169 1234 3464 1305 sanguine
3490 1249 3635 1289 con-

1978 1327 2206 1398 juncta.
2230 1326 2450 1382 Deinde
2476 1325 2755 1383 fratribus
2787 1326 2865 1382 ad
2886 1323 3464 1382 communicandum
3486 1322 3634 1378 invi-

1985 1416 2144 1481 tatis,
2178 1431 2310 1472 cum
2336 1417 2544 1472 timore
2566 1416 2690 1485 Dei,
2718 1415 2930 1488 inquit,
2962 1419 3017 1472 et
3040 1415 3178 1483 ﬁde,
3209 1419 3264 1470 et
3290 1412 3586 1469 charitate
3614 1428 3635 1465 .·

1984 1506 2205 1578 quibus
2252 1503 2447 1560 verbis
2491 1505 2757 1560 divinam
2813 1520 2883 1561 ac
2939 1502 3240 1559 viviﬁcam
3291 1502 3636 1558 Trinitatem

1986 1596 2272 1650 denotat:
2311 1596 2579 1650 timorem
2621 1593 2930 1665 appellans
2960 1593 3227 1648 divinam
3266 1591 3635 1661 luminisque

1988 1683 2212 1740 fontem
2245 1683 2428 1739 Patris
2451 1683 2701 1753 gloriam
2734 1682 2975 1748 :ﬁdem,
3010 1680 3382 1751 unigenitum
3405 1684 3461 1736 et
3487 1694 3637 1735 coae-

1988 1778 2223 1830 ternum
2262 1772 2519 1829 Verbum
2552 1791 2565 1827 :
2607 1772 2955 1829 cbaritatem
2988 1770 3268 1842 denique,
3310 1769 3541 1825 bonum
3580 1772 3636 1825 et

1987 1863 2434 1919 sanctissimum
2456 1862 2757 1934 Spiritum.
2780 1863 2907 1918 Jam
2940 1866 3076 1932 post
3102 1859 3348 1915 fratrum
3368 1874 3637 1915 commu-

1983 1953 2247 2019 nionem,
2279 1952 2489 2017 Salva,
2523 1951 2788 2016 Domine,
2821 1951 3111 2020 populum
3143 1955 3332 2012 tuum,
3365 1946 3582 2004 dicitur
3617 1962 3633 2002 :

1983 2041 2259 2113 factoque
2291 2041 2467 2096 simul
2490 2045 2696 2096 sancto
2725 2039 3082 2096 venerandae
3113 2037 3305 2094 crucis
3332 2038 3522 2107 signo,
3551 2036 3638 2092 di-

1984 2131 2136 2187 vinis
2182 2130 2347 2187 haud
2396 2132 2526 2201 jam
2583 2131 2644 2185 in
2704 2145 2877 2185 sacra
2927 2144 3139 2184 mensa
3189 2126 3485 2199 repositis,
3527 2124 3635 2181 sed

1982 2220 2137 2276 illico
2204 2221 2264 2275 in
2320 2220 2583 2291 prothesi
2640 2218 3038 2289 consumptis,
3117 2216 3447 2273 absolvitur
3511 2219 3634 2271 tota

1983 2310 2355 2383 subsequens
2372 2310 2560 2365 oratio
2582 2312 2717 2380 post
2733 2307 3223 2364 communionem
3251 2321 3444 2370 suam,
3469 2304 3547 2361 ab
3564 2318 3635 2359 eo

1982 2400 2086 2471 qui
2116 2399 2441 2455 sacerdotis
2475 2414 2721 2453 munere
2747 2397 3031 2466 fungitur.
3064 2396 3200 2451 Haec
3230 2410 3341 2464 ego
3374 2393 3496 2459 tibi,
3528 2392 3631 2458 ﬁli,

1984 2489 2235 2544 scienter
2264 2503 2559 2560 propono,
2591 2485 3109 2559 quemadmodum
3143 2498 3381 2539 summe
3413 2484 3634 2555 peritos

1984 2578 2256 2633 homines
2284 2576 2398 2631 vidi
2428 2575 2734 2633 facientes.
2767 2578 2968 2646 Neque
2994 2574 3053 2628 in
3083 2573 3198 2629 hoc
3229 2573 3422 2628 solum
3456 2572 3637 2626 sacri-

1984 2667 2101 2723 ﬁcii
2125 2681 2358 2736 genere,
2384 2681 2588 2720 verum
2602 2665 2779 2719 etiam
2802 2664 2863 2718 in
2885 2663 3017 2718 aliis
3044 2661 3290 2734 perinde
3311 2660 3388 2716 ﬁt.
3411 2659 3633 2715 Deinde

1986 2755 2332 2812 communio
2348 2753 2775 2826 proclamatur,
2804 2758 2860 2807 et
2880 2752 3177 2807 donorum
3202 2750 3280 2806 ad
3308 2749 3633 2821 prothesim

1988 2844 2312 2910 translatio,
2360 2849 2414 2899 et
2456 2842 2884 2899 venerabilium
2925 2841 3252 2911 januarum
3293 2839 3572 2895 clausura
3616 2854 3631 2895 :

1988 2939 2234 3006 excepta
2276 2931 2449 3005 panis
2478 2932 2828 2999 elevatione,
2856 2931 2959 3003 qui
3006 2929 3207 3001 palam
3248 2928 3529 2984 elevatur.
3572 2930 3637 2984 Et

1988 3024 2249 3097 perfecta
2287 3021 2511 3078 oblatio
2550 3021 2716 3076 initio
2746 3020 2847 3085 ﬁt;
2886 3025 2941 3075 et
2969 3018 3353 3075 Benedictum
3382 3033 3633 3088 regnum

1990 3121 2151 3171 tuum
2178 3118 2449 3169 cantatur
2478 3112 2597 3167 Deo
2629 3115 2864 3175 nostro;
2894 3109 2987 3164 cui
3018 3108 3213 3165 honor
3246 3123 3351 3178 per
3391 3106 3630 3163 saecula.

1988 3208 2177 3261 Amen
2207 3203 2344 3275 (tl).
3273 3285 3291 3299 κ
3497 3283 3509 3299 ’

3489 3303 3634 3346 εκτος

273 3378 366 3447 μέν
423 3394 505 3427 τοι
561 3385 653 3438 τῆς
711 3377 957 3448 ὑψώσεως
1017 3387 1110 3432 τοῦ
1163 3382 1345 3455 ἄρτου,
1402 3384 1481 3455 ὅτι
1533 3382 2026 3459 ἆνακεκαλυμμένως
2080 3383 2328 3455 ὑψοῦται,
2385 3385 2473 3432 καὶ
2531 3380 2560 3437 ἡ
2608 3378 2773 3430 τε)εία
2844 3372 3181 3450 προσκομιδή
3237 3377 3285 3427 ἓν
3344 3383 3404 3448 τῇ
3485 3373 3628 3448 ἀρχῇ

271 3468 475 3536 γίνεται
509 3485 521 3497 σ

273 3554 466 3627 Ἀμήν.

579 3471 668 3519 καὶ
712 3470 770 3519 τὸ
818 3468 1226 3543 Εὐλογήμένη
1278 3474 1307 3531 ἡ
1374 3469 1701 3547 βασιλεία,
1762 3474 2179 3551 ἀνακηρύττεται
2234 3472 2303 3544 τῷ
2367 3478 2480 3543 Θεῷ
2540 3472 2687 3541 ἡμῶν
2830 3468 2860 3525 ἡ
2913 3463 3044 3530 δόξα
3119 3465 3189 3526 εἰς
3241 3468 3360 3526 τοὺς
3414 3464 3628 3528 αἰῶνας.

1836 3688 2063 3747 NOTAE.

347 3816 457 3898 (t0)
501 3815 642 3871 Cod.
667 3815 842 3898 ούσία.
873 3818 1158 3898 Quoniam
1193 3836 1331 3898 vero
1352 3821 1541 3877 codex
1561 3822 1761 3898 _Ottob.
1788 3840 1873 3879 re.

276 3892 442 3967 cepte
462 3904 647 3967 manu
674 3890 952 3967 imperite
968 3891 1218 3967 scriptus
1252 3892 1377 3956 fuit,
1401 3894 1872 3967 mendaquoque

277 3958 394 4035 alia
432 3959 608 4035 plura
636 3960 835 4015 tollere
861 3958 1191 4029 debuit,'ne
1224 3964 1491 4035 syntaxis
1543 3965 1629 4020 vel
1655 3958 1873 4021 sensus

277 4030 706 4085 claudicarent.

346 4103 454 4182 (μ)
482 4103 778 4182 Quoniam
801 4103 861 4182 in
890 4100 1104 4182 Graeca:
1131 4105 1331 4182 missae
1362 4114 1716 4182 argumento
1746 4126 1872 4182 ver-

280 4174 391 4250 sati
412 4189 643 4250 sumus,
677 4174 880 4250 pl_ace_t_
898 4174 993 4250 hic
1013 4175 1268 4250 breviter
1285 4174 1527 4235 narrare
1541 4180 1613 4234 de
1634 4181 1873 4250 picturis

277 4242 983 4333 ali-quotadhucineditis,
1001 4247 1101 4301 sed
1118 4264 1155 4333 a_
1168 4263 1260 4302 me
1275 4242 1688 4333 posteaablata
1703 4268 1845 4333 occa
1858 4282 1871 4293 -
1908 4279 1952 4333 ι)

279 4316 446 4369 sione
460 4316 799 4393 vulgandis,
818 4316 1314 4393 sacrosanctumh
1328 4337 1438 4376 unc
1455 4323 1629 4377 ritum
1646 4323 1873 4393 (missae

278 4394 473 4465 tamen
490 4390 974 4465 c_o_mmuni_s_,non
988 4390 1874 4465 praesanctificatorum),repr£e-

277 4458 654 4535 sementibus
674 4476 687 4525 ;
710 4460 925 4535 quibus
948 4458 1059 4529 ego
1092 4462 1366 4535 nihilfere
1383 4465 1497 4519 vidi
1520 4458 1870 4535 elegantius,

278 4529 688 4603 auttl‘oridiore
703 4529 965 4587 colorum
984 4533 1528 4603 gratiajucundius,
1552 4529 1873 4594 interGraa?

277 4616 363 4657 οδε
406 4600 1117 4675 liturgire__monnmenta.
1180 4600 1356 4674 igitur
1387 4607 1616 4675 pictura
1646 4610 1685 4662 Ι.
1735 4612 1872 4665 Pars

278 4674 459 4749 Graeci
493 4671 698 4749 templi
736 4671 1525 4749 sacris_iconibus'exornati.
1553 4685 1691 4733 ante
1720 4696 1871 4749 quas

274 4743 892 4830 lampades‘pen‘dent.
927 4747 988 4827 _In
1022 4748 1219 4830 medio
1250 4749 1516 4830 thronus,
1553 4750 1608 4803 in
1642 4743 1764 4830 que
1787 4768 1873 4830 re-

278 4815 429 4891 sidet
442 4821 683 4891 sanctus
697 4814 1015 4891 Gregorius
1032 4819 1339 4891 theologus
1355 4814 1772 4891 episcopaliter
1788 4823 1873 4877 in-

276 4886 478 4959 dutus,
494 4885 552 4941 id
569 4892 654 4943 est
668 4885 1871 4959 pheleniacrucibus—interstinctomtomo-

276 4958 486 5028 phorio
518 4974 623 5013 seu
655 4958 853 5029 pallio,
888 4959 1102 5016 librum
1159 4967 1382 5029 tenens,
1427 4970 1480 5017 et
1510 4958 1870 5020 benedicens

276 5030 484 5107 tribus.
511 5032 711 5107 Graeco
738 5047 921 5107 more,
951 5032 1119 5087 elatis
1146 5033 1437 5107 digitis,id
1460 5033 1754 5107 θείψηφῖδι
1774 5046 1869 5088 τῶν

277 5097 568 5181 δακτύλων,
603 5097 1608 5181 υιΑΙΟᾳιιίωτεᾶῃομιέδόρὴτοῑιὶιὶβ
1704 5111 1790 5168 47.
1810 5110 1867 5181 in

275 5173 646 5245 egregioisuo
661 5173 798 5227 Com
810 5177 1097 5230 mentario
1112 5173 1386 5245 liturgico
1400 5194 1433 5232 a
1446 5180 1619 5233 nobis
1634 5173 1725 5233 edi
1737 5184 1792 5233 to
1809 5180 1869 5235 in

274 5242 480 5323 spicit.
502 5244 845 5323 Rom.tomo
858 5246 943 5299 IV.
962 5246 1141 5323 Datus
1172 5242 1367 5323 autem
1398 5249 1565 5323 locus
1590 5250 1869 5323 Gregorio

278 5315 337 5389 in
366 5314 489 5389 hac
505 5315 699 5383 prima
731 5316 959 5380 pictura
1010 5317 1136 5382 fuit,
1165 5320 1306 5389 quia
1340 5318 1387 5372 is
1417 5321 1590 5373 unius
1621 5336 1651 5375 e
1684 5314 1868 5375 sacris

276 5385 864 5462 liturgiisauqtorest,
880 5403 1060 5462 quam
1079 5385 1370 5443 habemus
1385 5392 1544 5462 apud
1562 5394 1868 5447 Renaudo-

279 5456 428 5533 tium
457 5463 494 5511 t.
523 5459 565 5533 _l.
597 5456 1063 5533 (thuidem_ibi
1094 5462 1161 5533 in
1184 5456 1517 5533 Dissertfp.
1549 5479 1698 5533 xcvu
1734 5480 1864 5533 pro-

280 5527 464 5605 fertur
484 5528 611 5605 ejus
641 5527 845 5605 titulus
880 5546 891 5582 :
918 5528 977 5581 Ἡ
1013 5532 1124 5581 θεία
1150 5527 1564 5605 λειτουργία’τοῦ
1614 5532 1662 5584 ἐν
1700 5527 1869 5605 ἁγίοις

280 5602 480 5670 Πατρός
540 5599 683 5669 ἡμῶν
750 5604 1039 5672 Γρηγορίου
1122 5599 1421 5674 Θεολόγου.)
1475 5599 1871 5661 Circumstant

1983 3822 2264 3879 monachi
2280 3820 2491 3893 grandi
2509 3819 2808 3874 schemate
2822 3816 3012 3893 induti
3034 3832 3171 3893 cum
3195 3814 3440 3893 cucullis
3458 3829 3633 3893 cruce

1983 3896 2228 3967 signatis
2256 3887 2359 3967 :fet
2395 3892 2640 3967 quidem
2676 3889 2973 3967 monachi,
3017 3887 3230 3967 decore
3261 3891 3317 3941 et
3346 3888 3632 3967 gravitate

1982 3959 2313 4038 cd'nspicui,
2336 3965 2395 4038 in
2416 3959 2507 4017 his
2537 3961 2801 4038 picturis,
2822 3961 3090 4038 ipsorum
3110 3959 3290 4038 jussu
3305 3964 3406 4038 aut
3426 3973 3628 4028 opera,

1984 4045 2045 4092 ut
2077 4030 2236 4109 puto.
2267 4030 2607 4109 elaboratis,
2635 4030 2950 4109 nunquam
2975 4030 3309 4109 desunt._ll.
3336 4030 3631 4109 Diaconus

1982 4101 2122 4165 cum
2156 4116 2403 4164 tonsura
2443 4103 2717 4170 clericali,
2759 4101 3040 4158 stichario
3068 4101 3331 4166 indutus,
3367 4101 3630 4155 orarium

1986 4197 2089 4235 seu
2124 4180 2341 4236 stolam
2366 4179 2549 4233 tribus
2572 4175 2769 4244 digitis
2795 4181 2998 4229 tenens
3026 4173 3121 4244 (de
3146 4189 3269 4243 qua
3291 4188 3352 4227 re
3380 4173 3630 4244 Gnarius

1982 4250 2043 4305 in
2081 4252 2408 4322 Eucholog.
2443 4267 2511 4322 p.
2544 4241 2802 4322 35)__ante
2847 4241 3116 4322 hamatis
3139 4241 3411 4322 januam,
3462 4241 3630 4322 βημά-

1986 4326 2157 4397 θυρον,
2207 4312 2467 4377 οᾶηθῖιεῖ
2504 4321 2586 4372 Ἐν
2618 4312 2799 4391 εἰρήνῃ
2850 4324 2963 4397 Θεῷ
2995 4312 3281 4397 δεηθῶμεν.
3324 4312 3629 4397 Cancellos

1983 4385 2234 4450 bematis
2264 4399 2477 4449 ornant
2508 4385 2877 4461 pervenu'staa
2911 4385 3202 4461 imagines
3230 4390 3383 4461 Iesu,
3412 4385 3629 4461 Mariae,

1982 4471 2040 4520 et
2068 4466 2448 4521 Praecursoris
2489 4456 2584 4533 (de
2616 4462 2784 4531 cujus
2813 4460 3075 4533 imagine
3115 4459 3173 4533 in
3207 4458 3400 4533 missa}
3422 4456 3629 4533 _EuctpEai

1982 4537 2243 4609 praeferri
2274 4534 2446 4591 solita
2488 4528 2865 4609 Sophronius
2886 4548 2944 4609 p_.
2980 4531 3095 4609 39_)_,
3123 4530 3259 4609 item
3304 4528 3632 4609 Chr‘isti’se-

1982 4599 2238 4689 ῐδιιιιειτεν
2274 4612 2328 4689 et
2370 4622 2513 4689 οτυξ
2554 4599 2823 4689 insignis,-
2848 4599 3001 4689 ιβῖτδ
3033 4599 3271 4689 Μίβέιῑτέθ
3292 4599 3632 4689 ἓῖίξέδιὲβὲς

1983 4672 2075 4733 ius
2117 4680 2397 4734 loricatus
2438 4683 2491 4731 et
2540 4674 2982 4746 chlamydatus,
3016 4687 3246 4746 necnon
3289 4672 3631 4746 monasterii

1983 4750 2174 4804 abbas
2220 4749 2415 4802 senior
2472 4748 2531 4801 in
2577 4741 2903 4800 selia'cum
2950 4759 3123 4798 cruce
3168 4744 3240 4796 de
3285 4741 3434 4796 collo
3490 4757 3633 4813 pen-

1981 4821 2175 4876 dente.
2208 4820 2296 4874 lll.
2328 4822 2553 4874 Rursus
2594 4815 2826 4872 nobiles
2858 4815 3110 4887 picturas
3134 4815 3191 4868 in
3219 4813 3472 4887 b_ema_ti_s
3504 4832 3632 4883 καγ-

1980 4892 2196 4953 κέλλοις.
2223 4891 2377 4946 lnira
2399 4888 2679 4944 sacerdos
2711 4884 3155 4958 cum’phelonio
3182 4885 3360 4939 rubro
3384 4884 3630 4958 (dequo

1982 4964 2277 5034 Sophron.
2319 4977 2376 5033 p.
2416 4960 2505 5032 36)
2536 4955 2908 5034 admissam
2940 4956 3439 5034 procedenscum
3480 4955 3630 5011 libro

1980 5026 2302 5104 Evangelii,
2319 5026 2741 5087 comitantibus
2763 5026 3085 5104 diaconoet
3105 5026 3631 5104 subdiaconocum

1979 5097 2207 5185 cereis;
2243 5097 2592 5185 pronrsushut
2630 5104 2723 5185 ait_
2745 5099 3115 5185 Sophronius
3153 5114 3211 5179 p.
3243 5101 3353 5179 42’:
3385 5097 3443 5185 ‘9
3477 5099 3632 5183 ἱερεύς

1980 5170 2258 5250 ἐξέρχεταί
2324 5173 2604 5250 βαστάζων
2646 5170 3109 5250 γτόῌεύαγγελιογ,
3300 5171 3334 5250 6‘
3389 5172 3631 5250 Epidici;

1978 5237 2067 5301 τὸιὲ
2090 5237 2360 5319 ’σταυρόὶ
2406 5248 2484 5299 Τὰ
2529 5249 2690 5319 κηρία
2728 5237 3037 5319 ὀψιπιεύοντα
3065 5240 3112 5292 ἐν
3263 5237 3485 5319 ,εἰσόδῲ
3522 5238 3632 5319 δει-

1977 5324 2193 5373 κνύουσι
2229 5312 2285 5371 τὸ
2344 5320 2475 5371 θεῖον
2506 5312 2626 5390 φῶς.
2659 5320 2723 5371 Et
2750 5312 3140 5390 quidemtum
3263 5312 3373 5390 hac
3405 5319 3529 5390 tum
3571 5314 3630 5367 in

1980 5398 2141 5446 sexta
2155 5393 2377 5461 pictura
2390 5384 2647 5462 gest'atrur
2659 5384 2938 5462 sacerdos
2955 5385 3027 5438 ab
3042 5401 3109 5439 an
3120 5384 3427 5462 gelis,du_rn
3444 5384 3631 5438 bema-

1979 5465 2053 5519 tis
2076 5456 2327 5533 januam
2359 5456 2685 5531 ingreditur
2712 5458 2803 5513 vel
2835 5457 2973 5533 inde
3005 5456 3323 5533 egreditur:
3360 5459 3630 5533 Namque

1979 5524 2137 5588 ide'm
2170 5524 2536 5603 Sophronvius
2568 5534 2647 5603 ait
2677 5546 2735 5601 p.
2764 5533 2829 5584 43
2866 5546 2877 5582 :
2910 5528 2968 5580 Ὀ
2990 5524 3162 5603 Διερεύς
3190 5524 3237 5577 ἐν
3261 5525 3330 5603 τέ
3369 5524 3629 5603 συνθρόνῳ

1982 5598 2364 5679 βασταζόμενος
2405 5607 2503 5656 ὑπὸ
2556 5598 2808 5655 διακόνων
2864 5603 2931 5661 ὡς
2980 5598 3225 5670 ἀγγέλων.
3290 5598 3354 5651 Et
3406 5615 3460 5669 p.
3521 5602 3623 5655 32:
