4058 6274
1679 272 1738 330 S.
1781 273 2146 331 THEODOBI
2189 273 2524 330 STUDIT/E
3670 277 3814 332 1692

419 275 546 333 1691

425 400 3800 432 ῃ

520 594 712 714 DE
804 591 1328 714 TYPICO
1404 588 2168 712 THEODORI
2241 591 2908 713 STUDITfE
2965 591 3684 718 MONITUM.

1475 780 1646 848 (Aug.
1680 781 1806 844 ΜΑι,
1837 778 2124 834 Biblioth.
2151 793 2287 835 nov.
2322 784 2360 834 t.
2398 778 2486 842 IV,
2513 795 2570 850 p.
2612 778 2752 840 t02.)

486 1051 565 1106 De
596 1049 806 1122 graecis
835 1049 1089 1121 Typicis,
1116 1063 1447 1120 eorumque
1469 1045 1844 1102 multitudine
1867 1060 1935 1102 ac
1959 1045 2264 1111 varietate,
2298 1046 2471 1102 docte
2501 1061 2668 1102 more
2697 1061 2808 1101 suo
2837 1047 3084 1102 Allatius
3116 1049 3175 1103 in
3207 1048 3492 1120 peculiari
3521 1047 3816 1120 opusculo

409 1139 484 1196 de
504 1139 671 1195 libris
698 1139 1107 1195 ecclesiasticis
1130 1140 1487 1194 Graecorum.
1515 1136 1838 1208 thuidem
1861 1136 2216 1192 nominatim
2247 1137 2510 1207 Typicon
2533 1135 2892 1192 Studiticum
2912 1144 3204 1193 memorat
3232 1138 3371 1194 Nico
3410 1138 3574 1210 apud
3595 1137 3816 1195 Cotele—

407 1229 585 1292 rium,
619 1229 884 1284 Monum.
917 1229 1084 1285 Eccl.
1116 1229 1243 1292 Gr.,
1271 1232 1311 1282 t.
1342 1227 1432 1292 III,
1464 1241 1523 1297 p.
1556 1228 1681 1280 440.
1715 1227 1836 1295 Ego
1866 1225 2138 1280 notitiam
2163 1225 2384 1280 codicis
2414 1225 2674 1282 Vaticani
2700 1227 2840 1282 1609
2869 1226 3186 1282 lectoribus
3232 1242 3353 1283 non
3384 1227 3690 1293 invidebo,
3723 1217 3820 1284 cui

407 1319 601 1374 Graece
628 1317 946 1389 Latineque
976 1317 1316 1372 inscribitur
1335 1315 1536 1370 titulus
1569 1330 1582 1366 :
1617 1314 1881 1384 Typicon
1912 1314 2204 1371 Theodori
2221 1314 2487 1371 Studitae.
2514 1315 2710 1386 Ipsum
2740 1332 2882 1372 vcro
2911 1316 3173 1388 Typicon
3201 1317 3284 1372 sic
3305 1317 3550 1388 incipit:
3584 1321 3679 1369 Σὺν
3704 1318 3821 1387 Θεῷ

405 1409 635 1460 Τυπικόν
686 1410 930 1481 περιέχον
993 1411 1085 1465 τὴν
1137 1408 1346 1458 ἅπασαν
1405 1403 1713 1456 ἀκολουθίαν
1778 1412 1872 1466 τῆς
1945 1403 2386 1466 ἐκκλησιαστιχῆς
2454 1407 2824 1467 καταστάσεως
2885 1401 3162 1480 Θεοδώρου
3234 1413 3325 1458 τοῦ
3373 1403 3655 1459 Στουδίτου
3726 1412 3824 1459 καὶ

405 1496 506 1547 τῶν
535 1495 746 1548 lam-cru.
778 1497 897 1552 Hoc
928 1511 1040 1566 ego
1090 1513 1204 1550 ms.
1240 1494 1484 1551 Studitae
1513 1494 1778 1564 Typicon
1810 1509 1946 1549 cum
1996 1493 2530 1567 Hierosolymitano
2562 1496 2754 1550 sancti
2799 1494 2970 1551 Sabae
2997 1495 3328 1560 conferens,
3367 1495 3544 1564 longe
3573 1495 3824 1551 brevius

405 1600 538 1640 esse
567 1586 1032 1657 comperiebam.
1069 1584 1314 1641 Oblatus
1339 1587 1542 1638 autem
1570 1581 1679 1637 fuit
1723 1582 1819 1637 hic
1849 1582 2036 1637 codex
2069 1598 2230 1638 anno
2276 1585 2413 1639 1585
2445 1583 2708 1654 pontiﬁci
2737 1585 3006 1640 maximo
3037 1585 3201 1639 Sixto
3235 1586 3294 1648 V,
3334 1600 3472 1639 cum
3499 1599 3826 1655 supremus

406 1678 548 1729 tunc
571 1679 724 1730 esset
753 1674 1120 1729 bibliothecae
1149 1673 1447 1728 Vaticana
1488 1675 1785 1744 protector
1823 1672 2112 1726 Antonius
2137 1671 2478 1737 cardinalis,
2503 1689 2538 1728 a
2567 1673 2836 1744 quodam
2871 1674 3180 1729 Francisco
3203 1674 3540 1729 Graecorum
3573 1673 3828 1729 catholi-

405 1776 614 1818 corum
646 1764 707 1818 in
743 1763 880 1818 urbs
912 1765 1180 1819 Messana
1208 1767 1562 1833 protopapa,
1594 1766 1656 1816 ut
1701 1765 1946 1816 testatur
1976 1776 2048 1832 ep

2161 1760 2324 1832 Iphe,
2352 1778 2486 1833 qua)
2515 1762 2592 1818 ita
2634 1778 2695 1817 se
2722 1762 2903 1818 habet
2929 1783 2943 1818 :
2971 1761 3030 1814 '0
3056 1765 3231 1837 κύριος
3257 1766 3584 1834 Φραγκίσκος
3614 1761 3827 1825 Ἀκκ..ς

405 1859 498 1904 τοῦ
574 1851 956 1925 Ἐμμανουῆλος
1040 1856 1450 1924 χωρεπισκόπου
1506 1847 1710 1902 Ῥοδίου
1791 1851 1924 1915 υἰός,
2005 1853 2414 1923 πρωτονοτάριος
2489 1855 2577 1903 καὶ
2651 1854 3002 1925 πρωτοπάπας
3074 1852 3350 1913 καθολιχός
3409 1857 3648 1912 Memini;
3718 1861 3828 1915 τῆς

405 1940 656 2009 Σικελίας,
726 1942 782 1993 ἐκ
834 1941 1019 2002 πολλῆς
1089 1942 1154 2001 εἰς
1212 1946 1299 1999 τὴν
1373 1939 1723 1998 ἀποστολικὴν
1767 1935 2026 2013 καθέδραν
2076 1942 2390 2014 προθυμίας,
2441 1948 2594 1992 τοῦτο
2647 1944 2704 1992 τὸ
2777 1939 2979 2013 βιϐλίον
3049 1941 3215 2012 πολλῷ
3269 1945 3406 2012 πόνῳ
3458 1945 3546 1992 καὶ
3594 1937 3812 2015 δαπάνῃ

407 2030 634 2092 συνάξας
678 2033 732 2082 ἐκ
788 2038 890 2082 τῶν
941 2029 1273 2096 ἀνατολικῶν,
1337 2034 1616 2103 προσέφερε
1672 2036 1744 2099 τῷ
1802 2030 2186 2103 μακαριωτάτῳ
2238 2031 2388 2100 πάπᾳ
2441 2029 2598 2101 Σίξτῳ
2653 2034 2887 2102 πέμπτῳ,
2937 2029 2986 2081 ἐν
3044 2039 3105 2103 τῇ
3161 2037 3416 2102 Βατικανῇ
3484 2028 3808 2103 βιϐλιοθήκῃ

405 2117 893 2192 φυ)αχθησὸμενον,
971 2118 1053 2172 ἐπὶ
1133 2119 1356 2191 μεγάλου
1440 2119 1658 2191 φύλακος
1732 2126 1825 2178 τῆς
1901 2115 2244 2191 βιϐλιοθήκης
2311 2126 2402 2171 τοῦ
2469 2117 2884 2194 ἕκλαμπροτάτου
2956 2125 3045 2172 καὶ
3125 2116 3544 2193 αἰδεσιμωτάτου
3623 2123 3820 2194 κυρίου

405 2207 681 2262 Ἀντωνίου
716 2205 1017 2284 Καρδηνάλι
1050 2215 1270 2283 Καράφα
1297 2229 1309 2242 ·
1338 2210 1436 2261 ἔτει
1468 2207 1636 2280 apri-3'.

1993 2333 2216 2389 NOTAE.

408 2485 506 2530 τῶν
534 2473 786 2530 διακόνων
841 2479 1126 2548 ἱσταμένων
1174 2477 1244 2538 εἰς
1289 2479 1472 2548 ἐ’ύττονΔ
1507 2484 1606 2528 τῶν
1654 2474 1907 2548 ἀγγελῳν,
1960 2475 2050 2548 IV.

2173 2489 2294 2530 rem
2317 2474 2629 2548 etvirtutis
2650 2475 3066 2544 appetitionem
3091 2476 3475 2548 exsuscitare.
3508 2476 3687 2532 Adest
3712 2491 3822 2532 mo

415 2549 726 2621 Sacerdos,
761 2564 862 2603 seu
895 2545 1233 2621 ep'iscOpus.
1267 2548 1420 2603 intra
1451 2545 1750 2621 βημρθυρον
1776 2546 2057 2621 phelonio
2170 2546 2390 2621 nasteri
2429 2546 2618 2602 abbas
2663 2549 2720 2601 in
2755 2563 2939 2621 parvo
2981 2548 3212 2621 throno
3239 2547 3613 2621 subminore
3657 2548 3823 2621 lacu-

411 2620 552 2675 albo
572 2620 670 2690 (de
687 2636 809 2691 quo
839 2617 998 2674 idem
1019 2619 1228 2691 Sophr.
1256 2635 1312 2690 p.
1347 2617 1461 2691 36.)
1483 2617 2056 2691 indutus,manibus

411 2689 673 2746 extensis
703 2689 882 2746 orans
916 2707 928 2746 :
975 2689 1316 2761 post—quem
1357 2690 1647 2745 diaconus
1695 2689 1973 2761 stichario
2001 2694 2058 2742 et

409 2763 601 2817 oratio
632 2768 901 2826 ornatus,
932 2759 1336 2829 legenszuia
1374 2777 1515 2816 vero
1545 2759 1739 2828 angeli
1771 2776 1806 2814 a
1836 2759 2056 2814 Greecis

406 2832 696 2902 liturgicis
729 2840 784 2888 et
812 2849 847 2888 a
885 2834 1152 2888 Patribus
1179 2832 1296 2898 (adi
1327 2833 1816 2903 Chrysostomum
1842 2833 1926 2886 De
1949 2831 2055 2903 Sg-

407 2901 571 2961 cerd.
613 2905 716 2960 lib.
749 2920 826 2970 VI,
866 2908 918 2974 4)
951 2907 1223 2959 assistere
1262 2904 1399 2958 huic
1437 2901 1599 2958 tanto
1651 2903 1934 2974 mysterio
1964 2901 2054 2956 di-

407 2983 640 3039 cuntur,
681 2973 957 3030 idcircoa
996 2976 1218 3044 pictore
1248 2975 1369 3029 duo
1414 2975 1507 3029 hic
1540 2980 1678 3028 sunt
1721 2973 1913 3027 additi
1947 2989 2055 3044 an-

406 3047 544 3116 geli,
580 3063 794 3117 nempe
829 3054 886 3101 ut
917 3043 1120 3102 dicunt
1145 3045 1563 3116 inscriptiones
1599 3063 1611 3100 :
1653 3047 1744 3116 ἓφη
1778 3043 2052 3117 Μιχαὴλρ

407 3114 610 3192 ἄρχων,
646 3114 801 3191 σοφία
833 3117 1045 3192 (idest,
1078 3123 1137 3173 ut
1163 3114 1417 3187 explicat
1447 3114 2048 3192 quhronius,‘p.u48.

576 3195 664 3243 καὶ
702 3186 759 3264 ἑὸ
816 3188 1047 3264 Γαϐριὴλ
1097 3186 1434 3264 πρόσχῳμεν.
1476 3186 1571 3264 -.ἰὴ
1645 3186 2052 3264 superioribus

405 3261 668 3317 Christus
701 3259 989 3316 Dominus
1015 3261 1089 3315 de
1112 3259 1270 3316 nube
1302 3259 1662 3316 benedicens
1687 3275 1699 3313 :
1735 3260 1760 3309 ὁ
1787 3262 2053 3319 Δεσπότης

406 3335 518 3404 ἔφη,
554 3334 743 3400 Εἰρήνη
778 3339 929 3386 πᾶσι.
967 3332 1192 3387 Ibidem
1228 3332 1410 3404 David
1443 3348 1580 3386 cum
1614 3330 1824 3404 harpa,
1856 3329 1935 3404 ob
1963 3331 2051 3384 in-

403 3401 725 3460 dicandam
758 3405 1180 3474 psalmodiam.
1228 3403 1461 3470 (Cont‘er
1491 3418 1696 3474 rursus
1734 3401 1946 3472 Sophr.
1989 3417 2046 3474 p.

402 3477 516 3539 45.)
552 3478 614 3532 V.
643 3471 932 3531 Sacerdos
962 3476 1038 3530 ad
1067 3475 1246 3529 altare
1280 3474 1518 3542 liturgia
1556 3471 1832 3542 fungens,
1865 3471 2051 3526 mani-

400 3545 517 3601 bus
537 3548 752 3618 passis.
786 3547 964 3601 Altari
991 3547 1262 3618 imminet
1285 3561 1534 3618 curvum
1553 3545 1821 3610 lacunar,
1854 3546 2050 3618 Graece

402 3615 600 3689 κόγχή,
686 3621 820 3670 κατὰ
872 3621 930 3668 τὸ
984 3616 1032 3668 ἐν
1087 3617 1310 3689 Βηθλεὲμ
1362 3617 1637 3679 σπήλαιον,
1696 3619 1760 3668 ut
1817 3615 1897 3669 ait
1953 3615 2050 3669 SO-

402 3689 691 3771 phronius
721 3705 780 3759 p.
816 3693 900 3745 32.
937 3689 1238 3771 Sustineat
1264 3693 1473 3771 κόγχην
1504 3693 1764 3771 quatuor
1801 3691 2051 3771 παρανιιὸ-

403 3780 508 3827 νια,
569 3760 886 3832 columnae,
940 3762 1076 3811 κατὰ
1142 3765 1366 3832 μίμησιν
1413 3768 1509 3812 των
1558 3760 1852 3832 *τεσσάρων
1907 3761 2048 3832 ζῴων

2170 2618 2297 2689 pari
2343 2625 2536 2672 rectus
2567 2617 2770 2674 stans.
2793 2619 2937 2676 Item
2975 2617 3218 2689 Michael
3259 2618 3655 2689 archangelus
3686 2619 3824 2674 dia-

2167 2687 2374 2762 bolum
2421 2689 2723 2762 expellens
2755 2689 2826 2762 εἰς
2866 2693 2922 2740 τὸ
2953 2688 3194 2760 ἐξώτερον
3221 2697 3359 2762 πῦρ;
3410 2697 3471 2744 ut
3496 2687 3818 2759 signiﬁcet,

2168 2759 2342 2814 malae
2360 2759 2741 2816 conscientia:
2770 2761 3042 2816 homines
3061 2759 3167 2816 nec
3200 2759 3321 2816 non
3354 2762 3819 2817 catechumenos

2167 2830 2419 2904 ecclesia
2467 2832 2817 2904 sanctisque
2865 2833 3158 2904 mysteriis
3207 2848 3334 2886 esse
3385 2833 3814 2897 excludendos,

2165 2901 2328 2973 quod
2369 2901 2513 2956 satis
2549 2901 2841 2972 colligitur
2885 2901 2954 2958 ex
3000 2904 3345 2973 epigraphe.
3407 2904 3489 2958 VI.
3527 2905 3816 2960 Sacerdos

2166 2989 2403 3028 sacrum
2449 2974 2693 3028 calicem
2722 2981 2962 3042 gestans
3003 2979 3264 3043 gestatus
3297 2977 3420 3040 ipse
3452 2975 3530 3030 ab
3560 2975 3810 3043 angelis,

2166 3049 2229 3098 ut
2271 3045 2362 3120 ait
2422 3044 2726 3120 inscriptio
2774 3061 2785 3098 :
2833 3045 3074 3120 'Ajyeltot
3135 3044 3488 3120 βαστάζοντες
3534 3050 3620 3120 τὸν
3649 3049 3811 3120 -ἱερέα

2163 3119 2292 3187 μετὰ
2335 3124 2433 3167 τῶν
2475 3115 2836 3187 ἁγιασμάτων.
2878 3115 3102 3172 Rursus
3136 3115 3432 3172 sacerdos
3483 3119 3560 3173 ad
3609 3115 3804 3182 altare,

2166 3187 2267 3242 ubi
2296 3187 2465 3250 calix,
2490 3189 2837 3252 asteriscus,
2872 3195 2927 3243 et
2956 3188 3321 3244 candelabra
3348 3188 3616 3244 ardentia
3656 3189 3802 3246 duo.

2162 3260 2327 3331 Astat
2363 3258 2583 3331 Michael
2635 3259 3054 3328 archangelus,
3115 3259 3493 3331 desuperque
3551 3266 3812 3315 aeternus

2163 3329 2330 3384 Pater
2359 3330 2740 3402 benedicens,
2770 3334 3011 3402 duoque
3039 3331 3233 3396 angeli
3258 3329 3464 3402 preces
3494 3331 3814 3387 hominum

2166 3401 2558 3470 suscipientes
2585 3401 2678 3456 vel
2701 3401 3053 3456 deterentes.
3082 3403 3190 3455 VII.
3215 3401 3501 3458 Sacerdos
3533 3402 3609 3457 ad
3627 3403 3815 3458 altare

2163 3471 2438 3553 manibus
2454 3473 2679 3553 passis,
2691 3479 2843 3553 retro
2861 3473 3150 3553 diaconus
3170 3473 3394 3553 legens.
3420 3475 3482 3528 ln
3505 3474 3813 3553 superiore

2161 3551 2325 3614 parte
2353 3543 2602 3612 insignis
2624 3544 2855 3614 pictura
2878 3543 3227 3611 angelorum
3249 3550 3304 3599 et
3325 3543 3807 3614 seraphinorum,

2163 3615 2426 3686 medium
2458 3615 2805 3670 habentium
2861 3631 3110 3684 puerum
3148 3618 3368 3683 Jesum,
3422 3622 3709 3686 tanquam
3751 3620 3810 3670 in

2159 3693 2288 3740 rota
2319 3685 2820 3767 splendidissima.
2859 3687 3010 3767 Ignis
3035 3687 3131 3767 (de
3159 3703 3282 3767 quo
3304 3685 3567 3767 diximus
3608 3691 3809 3767 supra)

2162 3759 2532 3842 sacerdotem
2563 3756 2893 3842 involvens,
2926 3764 2986 3842 ut
3008 3756 3467 3842 ait'epigraphet
3500 3758 3814 3842 Πυρὸςῗλόξ

404 3840 503 3904 τῷν
570 3831 817 3904 ὀφθέντων
887 3839 980 3904 τῷ,
1013 3827 1287 3904 προφήτῃἈ
1344 3830 1660 3904 utscribit
1732 3827 1890 3884 idem
1949 3831 2047 3884 So-
2084 3836 2128 3890 Β
2163 3830 2336 3904 ἔπεσεν
2385 3827 2465 3880 ἐπὶ
2525 3848 2609 3881 τον
2668 3829 2820 3902 ἱερέα,
2874 3833 2962 3904 δαὶ
3010 3827 3205 3904 ἐγένετο
3236 3830 3282 3904 ,ὁ
3320 3827 3496 3904 ἶερεὺᾉς
3550 3827 3814 3904 910762;};-

402 3901 715 3974 phronius,
749 3920 804 3974 p.
839 3901 933 3958 33.
963 3901 1404 3974 Ignis'de'altari
1431 3902 1490 3957 in
1522 3901 2051 3974 ccelumgconscen-

403 3971 570 4039 dens,
631 3971 818 4046 quia,
849 3979 912 4028 ut
966 3971 1047 4029 ait
1088 3974 1434 4046 epigraphe,
1495 3974 1712 4033 ἕκαστος
1753 3971 1904 4046 λόγος
1961 3979 2050 4022 τοῦ

403 4048 556 4116 ἁγίου
609 4045 921 4116 Εὐαγγελίου
974 4049 1040 4106 ὡς
1099 4045 1199 4120 ττῦρ
1259 4045 1473 4116 ἐγένετο,
1537 4049 1625 4120 καὶ
1683 4045 1898 4120 ἔφθασεν
1965 4047 2051 4113 μέ-

401 4113 500 4192 χρι
523 4124 614 4192 τοῦ
645 4113 883 4192 οὐρανοῦ.
920 4113 1204 4192 Velquia.
1235 4113 1298 4172 ut
1321 4119 1406 4192 ait
1437 4113 1826 4192 Sophronius,
1859 4115 1917 4186 p.
1951 4118 2047 4192 33,

404 4183 622 4262 ἆρμρζει
672 4183 756 4242 τὸν
811 4191 955 4262 ἱερέα
1011 4183 1081 4248 ὡξ
1121 4196 1224 4262 ττυρ
1286 4188 1464 4262 φλέγον
1514 4183 1686 4262 εἶναι.Δ
1728 4187 1830 4262 Cui
1864 4183 2050 4240 'miris

403 4257 598 4316 verbis
627 4257 919 4316 consonat
937 4261 992 4316 S.
1024 4257 1270 4330 Cyrillus
1289 4257 1456 4315 Alex.
1483 4259 1586 4324 (De
1607 4257 1774 4313 ador.
1785 4257 1857 4330 _in
1887 4273 1974 4325 sp.
1995 4263 2049 4312 et

403 4347 531 4416 per.
558 4331 659 4386 lib.
705 4347 1010 4416 ξιιμ-φρει*
1033 4325 1143 4416 ιῖΙ,
1171 4349 1232 4402 p.
1264 4335 1386 4416 4:37?
1423 4349 1433 4387 ζ
1488 4335 1678 4416 Πρέπει
1707 4325 2050 4416 ἄνδραὶτούς

406 4405 588 4477 ἱεροὺς,
637 4408 726 4454 καὶ
805 4400 1018 4474 Χριστῷ
1088 4400 1181 4461 τὴν
1252 4403 1440 4454 οἰκείαν
1527 4400 1802 4460 ἀναθέντας
1887 4400 2044 4462 ζωὴν,

407 4474 634 4562 θερμοὺὶ
714 4477 800 4525 καὶ
879 4477 1083 4537 ζέοντας
1164 4476 1419 4562 ὁρᾶσθαι.
1464 4482 1534 4543 τῷ
1611 4474 1882 4542 πνεύματι,
1959 4476 2048 4522 καὶ

403 4541 555 4615 τοῦτο
601 4541 694 4596 διὰ
745 4545 1101 4615 παντὸςηούκ
1164 4541 1236 4607 εἰς
1288 4541 1547 4614 ἀπόφυξιν
1606 4541 2049 4615 καταφερομένους

405 4565 555 4598 τουτο
601 4565 694 4596 οια
745 4565 952 4609 παντος,
1007 4565 1101 4596 ουκ
1164 4566 1236 4607 εις
1288 4565 1547 4614 αποψυςιν
1606 4565 1739 4596 κατα
1780 4565 2048 4615 ερομενους

405 4614 524 4689 διὰ,
579 4626 842 4688 κοσμικῶν
918 4612 1140 4681 ἡδονῶν,
1223 4617 1690 4689 ἀναζωπυροῦντας
1739 4565 1798 4667 ἒὲ
1858 4614 2048 4689 μᾶλλον

405 4687 452 4741 ἓν
506 4685 754 4760 ἁγιασμῶ
813 4691 896 4740 τὸν
949 4697 1064 4741 νοῦν
1119 4689 1190 4749 εἰς
1249 4685 1506 4761 φιλοθεὶαν
1555 4693 1644 4740 καὶ
1715 4689 1884 4758 ἔφεσιν
1935 4685 2048 4761 ἀρε-

402 4769 498 4822 τῆς
517 4779 528 4816 :
547 4757 740 4816 'Decet
763 4775 963 4816 sacros
981 4764 1162 4823 vivos,
1192 4757 1294 4830 qni
1315 4761 1544 4817 Christo
1570 4757 1753 4817 vitam
1770 4773 1943 4830 suam,
1962 4757 2047 4811 di-

402 4836 640 4896 carunt,
658 4832 916 4888 calentes
932 4829 1569 4903 ferventesquespiritu
1582 4830 1861 4896 conspici,
1882 4829 2046 4903 idque

397 4911 674 4975 perpetuo
687 4924 706 4960 :
728 4919 916 4974 neque
927 4899 1000 4960 ad
1012 4899 1394 4973 refrigerium
1407 4903 1605 4960 delabi
1614 4916 1719 4972 per
1734 4899 2045 4975 ζηιιηᾴαηαε

405 4971 755 5046 ὺοιὶῳῑαεεε,
771 4971 874 5032 sed
896 4971 1355 5046 mentemjiotius
1368 4971 1679 5032 sanctitate
1689 4972 1760 5027 ad
1774 4971 1878 5029 Dei
1887 4987 2045 5028 amo-

2159 3919 2250 3974 ρος
2299 3899 2398 3974 iure
2451 3907 2544 3962 τῆς
2597 3899 2824 3974 κορυφῆς
2875 3899 2962 3960 ἓως
3013 3910 3110 3952 τῶν
3163 3899 3389 3974 ὀνύχῳν’
3420 3899 3611 3974 αὐτοῦ,
3651 3899 3807 3956 ὛΙῙΙ.

2163 3971 2470 4035 Sacerdos,
2503 3987 2606 4026 seu
2637 3971 2976 4042 epiSCopus,
3012 3978 3175 4027 stans
3217 3971 3271 4027 in
3308 3973 3560 4027 bematis
3596 3973 3806 4042 janua,

2162 4043 2546 4098 sanctiﬁcatis
2579 4049 2635 4098 et
2655 4043 2852 4111 dignis
2871 4043 3135 4098 divinam
3164 4044 3585 4099 eucharistiam
3613 4048 3686 4098 de
3712 4060 3810 4099 ca-

2159 4113 2269 4168 lice
2302 4121 2606 4178 sumptam
2631 4113 2931 4168 distribuit
2953 4130 3122 4169 sacro
3151 4114 3443 4171 cochleari
3505 4114 3810 4169 Astantin-

2158 4185 2379 4250 clinati,
2425 4184 2718 4240 diaconus
2775 4201 2913 4240 cum
2958 4187 3147 4240 oratio
3191 4187 3246 4241 in
3303 4185 3498 4241 crucis
3547 4185 3808 4242 formam

2158 4256 2467 4326 disposito,
2501 4262 2556 4311 et
2587 4256 2708 4311 duo
2730 4257 2896 4327 pueri
2923 4257 3352 4327 cerOphorarii.
3389 4257 3499 4322 Qui
3532 4273 3807 4312 commu-

2158 4328 2378 4391 nicant,
2405 4343 2525 4382 non
2559 4342 2715 4394 genu
2749 4327 3008 4391 ﬂectunt,
3039 4328 3139 4382 sed
3175 4344 3338 4382 more
3373 4330 3574 4384 Graeco
3606 4333 3802 4386 stant:

2157 4401 2206 4451 οἱ
2262 4401 2637 4470 παριστάμενοι
2698 4398 3172 4470 μεταλαμϐάνουσι.
3239 4401 3322 4453 ΙΧ.
3397 4400 3805 4466 Eulogiarum,

2157 4470 2216 4524 id
2247 4477 2333 4525 est
2364 4473 2536 4540 panis
2563 4471 2856 4525 benedicti
2885 4474 2941 4524 in
2973 4471 3138 4525 disco
3179 4471 3375 4540 p0siti,
3408 4471 3744 4526 distributio
3772 4487 3808 4526 a

2157 4541 2462 4596 sacerdote
2495 4548 2661 4597 extra
2704 4541 2961 4597 bematis
2997 4542 3246 4611 januam
3293 4542 3376 4596 tit.
3419 4543 3480 4596 In
3531 4541 3805 4612 supernis

2157 4613 2374 4684 angeli,
2405 4613 2706 4684 imitantes
2738 4614 2910 4684 quasi
2942 4613 3800 4684 distributionemterrestrem,

2157 4683 2488 4739 oblationes
2526 4683 2800 4739 Ecclesia;
2851 4684 2928 4738 ad
2987 4686 3168 4738 Deum
3223 4683 3492 4739 deferunt
3537 4701 3550 4738 :
3593 4688 3662 4738 Ai
3711 4695 3803 4745 τῆς

2158 4755 2470 4828 Ἐκκλησίας
2519 4754 2761 4828 ἀπαρχαὶ
2816 4755 2886 4815 εἰς
2935 4759 3039 4828 ron
3067 4756 3280 4828 οὐρανὸν
3331 4754 3696 4828 ἁνερχόμενναι,
3744 4760 3804 4812 ut

2177 4775 2470 4817 ιιχχλησιας
2519 4775 2624 4808 απα
2662 4775 2761 4826 χαι
2816 4775 2886 4815 εις
2935 4775 3020 4807 τον
3067 4775 3280 4828 ουρανον
3331 4775 3443 4826 ανερ
3495 4775 3696 4826 ομεναι,
3744 4775 3804 4812 ιιι

2157 4827 2239 4898 ait
2261 4828 2584 4898 inscriptio.
2615 4775 2909 4882 {lacteuus
2933 4827 3007 4881 de
3030 4826 3119 4882 his
3149 4843 3363 4898 novem
3393 4775 3656 4898 piﬁchris
3679 4843 3806 4882 eru-

2155 4897 2416 4970 ditisque
2432 4897 2698 4970 picturis.
2713 4914 2848 4972 quae
2862 4898 2990 4954 luce
3006 4897 3246 4970 publica
3260 4897 3626 4968 dignissimae
3640 4904 3804 4970 sunt.
