4058 6274
231 316 368 372 1693

1301 583 1454 629 ΤΟΥ
1492 582 1583 629 ΕΝ
1623 576 1894 629 ΑΓΙΟΙΣ

1486 311 1918 370 CATECHESIS
1961 309 2344 367 CHRONICA.

3454 303 3591 360 1694

1952 580 2256 627 ΠΑΤΡΟΣ
2300 580 2527 626 ΗΜΩΝ

333 744 1566 927 ΘΕΟΔΩΡΟΥ
1657 743 2100 922 ΤΟΥ
2206 734 3502 917 ΣΤΟΥΔΙΤΟΥ

465 1004 1141 1095 ΔΙΔΑΣΚΑΛΙΑ
1218 1007 1741 1095 ΧΡΟΝΙΚΗ
1814 1003 2022 1089 ΤΗΣ
2098 1001 2487 1088 ΜΟΝΗΣ
2562 999 2775 1085 ΤΟΥ
2848 993 3396 1083 ΣΤΟΥΔΙΟΥ

518 1168 733 1240 (Πολλαὶ
760 1170 859 1242 γὰρ
890 1174 1223 1241 κατηχήσεις
1249 1168 1352 1222 εἰσὶ
1377 1175 1469 1221 τοῦ
1501 1163 1805 1237 Στουδίτου,
1837 1164 1945 1218 ἀλλ’
1980 1164 2112 1222 αὕτη
2138 1164 2342 1234 λέγεται
2372 1169 2497 1215 Κατ
2519 1167 2651 1234 ἡχη
2670 1180 2703 1213 σ
2723 1182 2776 1223 ις
2819 1181 2861 1232 χ
2882 1164 3116 1233 ρονική
3145 1157 3310 1233 [12].)

901 1429 1007 1551 s.
1075 1431 1190 1550 P.
1260 1429 1389 1550 N.
1454 1331 2222 1550 THEO—DORI
2283 1420 2950 1545 STUDIT/E

716 1658 1264 1747 DOCTItINA
1321 1658 1462 1746 CH
1476 1656 1876 1746 BONICA

1934 1652 2612 1744 MONASTERII
2659 1649 3066 1740 STUDII.

552 1841 637 1905 (Et
669 1837 867 1896 multis
900 1839 1146 1912 quidem
1178 1843 1315 1897 sunt
1346 1840 1592 1895 Studitae
1620 1838 1981 1904 catecheses,
2016 1838 2122 1893 sed
2146 1838 2271 1893 haec
2298 1836 2515 1891 dicitur
2548 1835 2879 1893 Catechesis
2920 1834 3261 1894 chronica.)

305 2095 359 2128 α.
415 2074 655 2148 Ἀδελφοί
707 2085 797 2133 καὶ
856 2086 1097 2155 Πατέρες,
1172 2088 1259 2133 νῦν
1335 2081 1587 2154 ἐπιχειρῶ
1663 2086 1824 2133 πᾶσιν
1864 2081 1911 2135 Α

228 2166 355 2238 ὑμῖν
398 2174 508 2229 τοῖς
556 2167 789 2222 ἐθέλουσι
841 2171 1029 2245 βιῶναι
1060 2172 1226 2248 ὀρθῶς
1271 2177 1360 2225 καὶ
1411 2172 1672 2245 θεοφιλῶς,
1716 2170 1828 2244 ἀρι-

230 2252 504 2314 δηλότατα
554 2256 849 2327 ὑποδεῖξαι,
905 2264 975 2324 ὡς
1017 2262 1247 2334 ἐφικτόν,
1284 2266 1342 2314 τὸ
1392 2270 1495 2323 πῶς
1530 2258 1612 2314 δεῖ
1658 2268 1830 2334 τηρεῖν

230 2347 329 2402 τὴν
360 2345 729 2419 κυκλοτερικὴν
777 2356 869 2400 τοῦ
906 2354 1101 2423 χρόνου
1137 2347 1381 2423 περίοδον
1416 2368 1428 2380 ·
1459 2352 1579 2402 ὅσον
1611 2346 1670 2403 δὲ
1700 2352 1831 2422 πρὸς

231 2433 496 2486 εὐσέϐειαν
527 2443 628 2488 τῶν
658 2447 878 2505 πιστῶν,
921 2445 1008 2491 καὶ
1059 2442 1178 2492 ὅσον
1208 2444 1333 2513 πρὸς
1382 2438 1676 2512 ἀνατροπὴν
1729 2447 1828 2490 τῶν

230 2523 524 2594 αἰρετικῶν.
574 2525 739 2578 Καλὸν
788 2531 845 2579 τὸ
892 2528 1033 2593 ἅλας,
1088 2528 1243 2581 καλὸν
1289 2532 1346 2581 τὸ
1391 2536 1492 2600 φῶς
1524 2546 1536 2557 ⁸
1570 2527 1613 2579 εἰ
1661 2524 1721 2579 δέ
1748 2547 1828 2588 τις

234 2610 382 2673 ἐκτὸς
411 2616 604 2666 τούτων
651 2617 842 2687 τυφλὸς
873 2617 961 2682 ὧν,
1013 2622 1103 2670 καὶ
1151 2618 1243 2670 οῦκ
1297 2614 1409 2669 οἶδε
1461 2625 1560 2669 ποῦ
1616 2618 1821 2689 ὑπάγει,

233 2701 410 2761 καθὼς
434 2704 459 2753 ὁ
490 2705 737 2777 ἡμέτερος
767 2708 953 2778 Κύριος
996 2704 1149 2760 εἶπεν.
1180 2704 1518 2779 Ὀρθοδοξίας
1547 2709 1638 2778 μὲν
1686 2705 1824 2759 οἶκον

233 2787 586 2862 οἰκοδομῆσαι
659 2794 955 2869 ἐπιχειρῶν,
1021 2797 1246 2869 θεμέλιον
1297 2798 1541 2849 ἄσειστον
1597 2796 1825 2867 ἐμπῆξαι

237 2874 364 2942 δέει,
420 2879 473 2931 ἐκ
527 2890 624 2933 τῶν
679 2885 825 2936 θείων
883 2884 1203 2950 ἀποστόλων,
1262 2891 1352 2938 καὶ
1405 2894 1502 2937 τῶν
1575 2888 1823 2958 θεοφόρων

235 2972 478 3041 Πατάρων
556 2978 665 3034 τοῖς
739 2970 1090 3046 παραδοθείσι
1167 2981 1352 3027 κανόσι
1391 2992 1404 3004 ”

232 3060 439 3109 πάντων
497 3057 712 3133 εἴδωμεν
758 3061 837 3127 ἂν,
887 3069 938 3114 τί
981 3067 1038 3115 τὸ
1087 3066 1219 3139 ἱερὸν
1266 3064 1440 3134 λόγιον
1490 3067 1695 3136 ἔφησεν.
1732 3068 1825 3117 Λέ-

1468 2979 1557 3027 καὶ
1610 2980 1709 3048 πρὸ
1765 2994 1825 3045 γε

228 3165 313 3217 γει
365 3150 455 3219 μὲν
507 3150 666 3202 πάλαι
718 3153 743 3203 ὁ
795 3155 979 3226 Κύριος
1035 3157 1159 3225 πρὸς
1211 3157 1297 3205 τὸν
1357 3155 1655 3225 ἱεροφάντην
1707 3161 1825 3206 Μω-

233 3240 366 3289 σέαο
432 3258 458 3289 ‹‹
515 3245 661 3313 Τρεῖς
700 3246 915 3316 καιροὺς
972 3250 1063 3293 τοῦ
1118 3241 1354 3294 ἐνιαυτοῦ
1412 3242 1669 3315 φυλάξατέ
1714 3263 1821 3315 μοι,

228 3332 477 3385 νηστείαν
531 3328 705 3398 ἁγίαν,
782 3329 881 3383 ἀπὸ
938 3339 1127 3405 μικροῦ
1180 3333 1272 3394 ἕως
1328 3332 1553 3404 μεγάλου
1608 3334 1747 3403 ὑμῶν
1805 3348 1818 3359 '

228 3420 330 3473 τὴν
396 3415 577 3490 ἑορτὴν
620 3426 719 3469 τῶν
777 3418 986 3490 ἀζύμων
1046 3428 1116 3491 τῷ
1172 3427 1361 3495 πρώτῳ
1435 3426 1583 3493 μηνὶ,
1630 3424 1823 3495 ἡμέρας
1856 3446 1898 3500 Β

229 3505 369 3557 ἑπτὰ
453 3513 802 3561 ταπεινώσατε
868 3513 957 3572 τὰς
1039 3510 1227 3583 ψυχὰς
1299 3512 1460 3583 ὑμῶν,
1514 3516 1604 3563 καὶ
1674 3513 1828 3586 ἄρτον

227 3600 515 3657 κακώσεως
561 3592 741 3649 ἓδεσθε
774 3612 787 3624 ⁸
845 3595 955 3650 εἶτα
1009 3597 1395 3673 ἀριθμήσονται
1441 3601 1561 3672 ὑμῖν
1606 3596 1829 3673 ἑϐδομά-

232 3679 317 3743 δες
366 3682 513 3750 ἑπτὰ,
571 3684 849 3759 ὁλόκληραι
895 3688 1085 3761 ἡμέραι
1138 3694 1473 3753 πεντήκοντα,
1537 3694 1626 3741 καὶ
1680 3689 1830 3742 καλέ-

237 3791 363 3824 σατε
415 3773 577 3831 αὐτὴν
620 3774 813 3834 κλητὴν
848 3776 1000 3848 ἁγίαν
1058 3778 1253 3852 ἡμέραν
1311 3784 1555 3837 νηστείαν
1614 3776 1827 3839 δεκτήν,

235 3867 340 3915 Καὶ
397 3870 459 3935 τῇ
519 3860 711 3937 δεκάτῃ
774 3866 810 3917 ε’
860 3873 1140 3938 μεσοῦντος
1210 3874 1300 3919 τοῦ
1360 3867 1616 3933 ἐνιαυτοῦ,
1674 3870 1825 3943 ἑορτὴ

231 3951 365 4023 ἁγία
414 3959 743 4025 σκηνοπηγία
807 3956 955 4006 ἔσται
1007 3957 1127 4028 ὑμῖν
1206 3961 1296 4008 καὶ
1350 3963 1690 4011 ταπεινώσει-ε
1742 3963 1829 4021 τὰς

229 4040 422 4112 ψυχὰς
481 4041 692 4095 ἐνώπιον
745 4050 837 4095 τοῦ
886 4048 1014 4096 Θεοῦ
1069 4046 1210 4115 ὑμῶν
1245 4062 1257 4075 ⁸
1327 4050 1416 4098 καὶ
1470 4050 1619 4099 πᾶσα
1670 4047 1826 4119 ψυχὴ

236 4132 351 4189 ἣτις
402 4131 461 4182 οῦ
516 4135 978 4199 ταπεινωθήσεται,
1050 4132 1536 4207 ἐξολοθρευθήσεται
1588 4136 1641 4200 ἐξ
1687 4140 1829 4210 ὑμῶν

229 4224 423 4271 αὐτῶν.
459 4241 483 4271 ι)
516 4220 789 4293 Ἐντεῦθεν,
844 4225 913 4285 ὡς
964 4226 1140 4292 ἔοικεν,
1194 4229 1283 4276 καὶ
1339 4228 1461 4299 παρ’
1516 4228 1641 4298 ἡμῖν
1692 4237 1828 4301 τρεῖς

229 4316 473 4365 νηστείαι
525 4311 887 4383 φυλάττονται,
964 4312 1026 4375 ἃς
1083 4316 1404 4387 προετύπουν
1482 4314 1651 4390 ἑορταὶ
1703 4320 1827 4369 ἐκεῖ·

229 4416 337 4451 ναι.
372 4404 435 4450 Τί
461 4397 507 4452 δ’
549 4400 608 4452 ἂν
635 4400 881 4473 βούλεται
904 4400 952 4453 ἐν
984 4404 1126 4474 ἡμῖν,
1180 4400 1410 4476 ἀδελφοὶ,
1445 4408 1503 4456 τὸ
1532 4408 1679 4476 Τρεῖς
1715 4427 1827 4457 και-

231 4491 354 4562 ροὺς
382 4496 470 4539 τοῦ
520 4493 754 4542 ἐνιαυτοῦ
802 4491 1058 4563 φυλάξατέ
1102 4512 1192 4565 μοι
1242 4497 1484 4551 νηστείαν
1537 4495 1691 4564 ἁγίαν
1725 4496 1824 4547 ἀπὸ

230 4585 424 4652 μικροῦ
474 4579 568 4640 ἕως
615 4580 838 4651 μεγάλου
878 4581 1067 4653 opm;
1118 4585 1277 4644 τύπος
1334 4579 1384 4635 δ’
1429 4583 1505 4648 ἂν,
1565 4587 1633 4645 ὡς
1680 4581 1826 4656 οἶμαι

232 4665 525 4739 ἀκραιφνὴς
566 4671 641 4726 εἴη
705 4678 855 4721 τοῦτο
906 4680 1001 4730 τῆς
1050 4677 1174 4742 μιᾶς
1217 4677 1306 4723 καὶ
1353 4676 1509 4741 μόνης
1563 4675 1822 4740 θεότητος,

2018 2086 2062 2135 1.
2096 2084 2321 2137 Fratres
2360 2082 2473 2137 mei
2502 2097 2572 2138 ac
2596 2082 2813 2137 Patres.
2862 2083 3027 2136 Nunc
3072 2075 3391 2147 aggredior
3420 2072 3594 2128 vobis

1940 2171 2224 2226 omnibus
2254 2177 2410 2227 recte
2448 2177 2505 2226 et
2532 2170 2803 2240 religiose
2834 2170 3029 2223 vivere
3073 2165 3431 2229 volentibus,
3464 2177 3595 2233 per-

1940 2262 2144 2331 spicue
2182 2266 2358 2332 prout
2394 2260 2520 2315 ﬁeri
2558 2260 2770 2331 poterit
2802 2259 3237 2325 demonstrare,
3283 2251 3592 2325 quomodo

1939 2350 2321 2407 observanda
2351 2350 2426 2405 sit
2453 2349 2757 2406 circularis
2784 2348 2923 2404 anni
2956 2345 3393 2419 periodus,tum
3424 2342 3588 2416 quod

1938 2440 2144 2496 attinet
2169 2440 2247 2495 ad
2296 2439 2560 2495 ﬁdelium
2605 2439 2909 2511 pietatem,
2946 2443 3071 2492 tum
3100 2436 3278 2491 etiam
3320 2432 3484 2503 quod
3512 2431 3591 2486 ad

1937 2529 2353 2585 haereticorum
2384 2528 2799 2584 refutationem
2828 2526 3099 2581 refertur.
3130 2527 3359 2580 Bonum
3390 2521 3497 2584 sal,
3534 2524 3592 2575 et;

1936 2618 2099 2674 bona
2128 2620 2230 2674 lux
2264 2635 2274 2672 :
2306 2635 2341 2672 a
2366 2618 2591 2690 quibus
2617 2619 2666 2672 si
2698 2618 2833 2689 quis
2867 2616 3055 2679 abest,
3084 2615 3315 2669 caecutit
3341 2628 3450 2667 nec
3466 2626 3590 2684 quo

1937 2708 2098 2763 vadit
2136 2710 2262 2772 scit,
2304 2708 2454 2762 sicut
2484 2706 2770 2762 Dominus
2810 2710 3011 2761 noster
3049 2704 3220 2761 dixit.
3247 2702 3355 2768 Qui
3392 2702 3590 2757 ortho-

1932 2796 2124 2853 doxiae
2153 2797 2403 2853 domum
2428 2796 2724 2851 aedificare
2750 2794 3109 2865 aggreditur,
3134 2792 3588 2848 fundamentum

1936 2888 2242 2942 immobile
2274 2902 2495 2957 ponere
2521 2884 2716 2949 debet,
2746 2901 2817 2940 ex
2847 2884 3073 2939 traditis
3096 2899 3131 2939 a
3175 2883 3327 2937 divis
3353 2886 3592 2952 aposto-

1934 2976 2005 3032 lis
2046 2983 2099 3031 et
2140 2977 2437 3049 inspiratis
2476 2976 2744 3032 Patribus
2788 2975 3030 3046 regulis.
3072 2979 3257 3045 Atque
3287 2973 3348 3027 in
3381 2971 3589 3043 primis

1935 3067 2271 3135 videamus,
2324 3066 2470 3138 quid
2509 3081 2675 3121 sacra
2721 3064 2969 3120 oracula
3024 3064 3247 3119 dicant.
3308 3062 3397 3117 Ait
3441 3060 3586 3117 olim

1935 3155 2225 3211 Dominus
2249 3156 2623 3228 hierophanti
2655 3155 2835 3227 Moysi
2867 3171 2878 3209 :
2917 3174 2939 3204 ιι
2963 3153 3176 3208 Tribus
3198 3153 3340 3207 anni
3363 3157 3590 3221 tempo—

1937 3246 2103 3300 ribus
2132 3244 2717 3315 sanctumjejnnium
2740 3243 2886 3298 mihi
2916 3240 3374 3305 observabitis,a
3398 3232 3587 3312 parvo

1939 3336 2090 3390 inter
2123 3351 2225 3389 vos
2255 3335 2341 3389 ad
2386 3350 2694 3403 magnum.
2739 3334 2973 3388 Festum
3009 3346 3357 3403 azymorum
3392 3329 3587 3401 primo

1942 3440 2173 3490 mense;
2190 3424 2401 3479 diebus
2417 3428 2644 3495 septem
2659 3421 3050 3478 humiliabitis
3074 3422 3311 3476 animas
3337 3424 3588 3482 vestras,

1940 3519 1995 3570 et
2024 3529 2241 3585 panem
2274 3513 2609 3570 afﬂictionis
2633 3511 3091 3568 manducabitis.
3130 3508 3347 3565 Deinde
3383 3522 3592 3563 nume-

1938 3604 2231 3659 rabuntur
2254 3603 2423 3658 vobis
2448 3601 2847 3658 hebdomadas
2885 3605 3139 3671 septem,
3182 3599 3429 3653 omnino
3462 3596 3590 3651 dies

1939 3692 2379 3765 quinquaginta
2406 3690 2888 3763 ;etappellabitis
2906 3690 3067 3745 hunc
3080 3687 3327 3761 proprio
3343 3686 3587 3742 nomine

1940 3782 2100 3838 diem
2140 3789 2436 3847 sanctum,
2476 3781 2770 3852 jejunium
2813 3778 3199 3850 acceptabile.
3253 3780 3319 3833 Et
3356 3775 3592 3831 decima

1938 3872 2150 3943 quinta
2204 3871 2393 3928 mensi
2435 3870 2690 3942 septimi,
2742 3869 2937 3925 medio
2966 3884 3148 3934 anno,
3196 3868 3410 3923 festum
3453 3879 3590 3921 san-

1940 3968 2099 4016 ctum
2156 3962 2529 4033 scenOpegia:
2581 3959 2752 4014 vobis
2799 3960 2923 4026 erit,
2971 3963 3026 4014 et
3076 3959 3309 4013 animas
3356 3959 3588 4010 vestras

1938 4050 2328 4106 humiliabitis
2369 4066 2573 4105 coram
2619 4052 2734 4103 Deo
2785 4054 3007 4104 vestro.
3041 4050 3102 4102 Et
3137 4045 3332 4101 omnis
3360 4045 3586 4111 anima,

1937 4156 2072 4212 qua:
2103 4156 2164 4194 se
2196 4156 2315 4195 non
2357 4138 2775 4200 humiliaverit,
2816 4136 3111 4191 delebitur
3151 4136 3226 4189 de
3267 4133 3464 4189 medio
3492 4147 3589 4187 ve-

1939 4235 2128 4284 strum
2155 4232 2195 4283 ¹.
2235 4250 2255 4279 ι
2295 4229 2456 4291 Hinc,
2492 4233 2549 4282 ut
2583 4228 2837 4292 videtur,
2875 4225 3041 4296 apud
3069 4241 3179 4279 nos
3207 4238 3449 4295 quoque
3472 4220 3587 4277 tria

1933 4319 2162 4389 jejunia
2192 4318 2741 4388 observantur,quae
2770 4333 2805 4372 a
2838 4314 3316 4371 solemnitatibus
3348 4311 3465 4367 illis
3488 4310 3588 4366 de-

1938 4407 2475 4473 notabantur.Quid
2509 4408 2667 4461 enim
2695 4406 3034 4477 signiﬁcant
3058 4402 3219 4474 apud
3252 4418 3383 4467 nos,
3414 4418 3449 4455 a
3472 4399 3588 4454 fra-

1937 4502 2071 4561 tres,
2128 4498 2361 4552 verba:
2412 4496 2599 4550 tribus
2657 4496 2797 4550 anni
2858 4492 3227 4564 temporibus
3272 4491 3586 4545 observate

1938 4591 2211 4641 sanctum
2238 4586 2532 4656 jejunium
2558 4601 2591 4639 a
2608 4584 2858 4655 parvulo
2876 4583 2952 4638 ad
2975 4582 3246 4637 adultum
3271 4580 3537 4634 intervos
3560 4576 3588 4631 ?

1939 4677 2149 4746 Figura
2183 4675 2310 4729 haec
2362 4680 2470 4739 est,
2515 4680 2576 4727 ut
2625 4673 2897 4739 arbitror,
2941 4676 3219 4726 accurata
3282 4669 3469 4723 unica:
3517 4684 3585 4722 ac

231 4761 322 4807 καὶ
353 4754 400 4807 ἐν
446 4762 591 4830 τρισὶ
630 4767 1001 4834 χαρακτῆρσιν
1060 4762 1318 4835 ὁρωμένης
1351 4781 1404 4813 τε
1453 4768 1540 4814 καὶ
1584 4762 1828 4834 λατρεῦο-

1939 4764 2118 4820 solius
2145 4764 2376 4819 deitatis
2406 4764 2462 4817 in
2485 4763 2671 4818 tribus
2692 4762 2961 4833 personis
2986 4766 3263 4830 spectatae
3292 4758 3584 4828 cultisque

233 4848 390 4916 μένης
441 4845 563 4919 παρ’
620 4848 765 4918 ἡμῶν
822 4856 920 4899 τῶν
976 4856 1066 4909 τῆς
1120 4849 1363 4911 ἀληθείας
1416 4861 1816 4924 προσκυνητῶν,

234 4937 323 4985 Διὸ
353 4942 483 5009 τρεῖς
529 4938 651 5009 παρ’
681 4938 804 5008 ἡμῖν
834 4946 1071 4995 νηστεῖαι
1118 4942 1535 5012 νενομοθέτηνται
1576 4941 1641 5002 εἰς
1670 4944 1827 4994 τύπον

232 5030 324 5083 τῆς
375 5024 826 5099 ζωαρχικωτάτης
876 5024 1100 5100 Τριάδος
1146 5030 1201 5080 ἑκ
1255 5038 1352 5080 τῶν
1384 5031 1528 5081 θείων
1580 5032 1827 5101 μαθητῶν

233 5120 327 5164 τοῦ
372 5122 675 5184 μονογενοῦς
720 5117 842 5167 Υῐοῦ
881 5122 974 5167 τοῦ
1029 5124 1162 5169 Θεοῦ
1192 5116 1305 5188 (13)
1346 5134 1358 5149 ⁸
1398 5123 1487 5171 καὶ
1526 5115 1591 5171 αὖ
1639 5121 1827 5195 ἡμέραι

308 5239 323 5272 ¹
359 5238 543 5295 Exod.
574 5254 715 5296 χχιιι
746 5256 761 5306 ;
795 5241 964 5297 Deut.
988 5256 1117 5298 xw.

1938 4871 1971 4909 a
2013 4854 2186 4909 nobis
2215 4853 2469 4907 veritatis
2494 4852 2932 4908 adoratoribus.
2971 4850 3105 4904 Ideo
3140 4848 3247 4902 tria
3286 4847 3449 4918 apud
3472 4860 3583 4900 nos

1933 4942 2011 5014 jej
2025 4942 2407 4998 uniasancita
2435 4941 2671 4997 fuerunt
2698 4958 2733 4996 a
2768 4940 2921 4995 divis
2947 4937 3261 5008 discipulis
3292 4934 3577 5006 unigeniti

1940 5031 2060 5087 Filii
2094 5032 2190 5086 Dei
2245 5031 2324 5086 ob
2366 5030 2741 5101 ﬁgurandam
2796 5027 3097 5083 viviﬁcam
3122 5024 3482 5081 Trinitatem.
3518 5025 3585 5078 Et

1938 5120 2170 5191 quidem
2186 5120 2320 5175 duae
2335 5124 2552 5175 sancta:
2564 5123 2734 5173 erunt
2748 5117 2917 5173 vobis
2930 5117 2989 5171 in
3001 5112 3380 5171 hebdomada
3398 5112 3578 5177 ferite,

1793 5344 2016 5400 ΝΟΤΑΞ.

310 5468 420 5541 (12)
443 5470 749 5545 Incognita
779 5476 869 5527 est
898 5472 1027 5545 haec
1053 5473 1397 5545 catechesis,
1425 5489 1561 5545 quae
1593 5473 1652 5529 in
1680 5490 1828 5530 neu—

236 5544 329 5595 tra
370 5542 766 5598 catechesium
800 5543 1044 5598 Studitae
1075 5544 1419 5599 collectione
1444 5542 1821 5602 nominatur.

310 5612 401 5682 (t3
404 5622 423 5683 )
449 5612 527 5669 De
548 5612 733 5671 tribus
753 5613 1232 5686 quadragesimis
1258 5615 1460 5674 scribit
1478 5618 1823 5675 Anastasius

1934 5476 2162 5619 ἓίῐιὲεει
2212 5478 2375 5551 apud
2421 5476 2665 5534 Coteler.
2715 5475 2979 5532 Monum.
3025 5474 3189 5530 Eccl.
3245 5474 3352 5530 Gr.
3413 5478 3449 5529 t.
3484 5472 3576 5536 III,

1982 5588 1993 5599 .
2093 5572 2145 5606 ο,

1982 5588 1993 5599 .
2023 5572 2145 5606 ιιιῑο.
