4058 6274
444 302 584 359 1695

1699 306 1758 364 S.
1800 307 2166 366 THEODORI
2203 307 2531 364 STUDITJE

3652 313 3804 372 1696

440 430 656 500 quarta
676 432 732 485 et
757 432 944 484 sexta.
975 427 1127 495 Quid
1147 444 1325 501 porro
1355 431 1470 488 hoc
1495 448 1737 506 quoque
1762 435 2087 505 fsigniﬁcat,

2207 430 2297 486 δύο
2352 433 2506 505 ἁγναὶ
2555 437 2788 490 ἔστωσαν
2837 439 2957 511 ὑμῖν
3014 438 3222 494 ένὲπτόι
3282 441 3522 514 ἡμέραις,
3578 437 3805 515 τετράδι

441 532 511 573 ex
539 521 765 589 septem
795 517 1012 573 diebus
1043 518 1164 574 duo
1185 521 2037 587 observabuntur,sanctiﬁcati
2065 525 2092 581 ἱ)

445 609 510 663 Ut
540 607 812 672 arbitror,
842 608 900 662 in
932 608 1235 679 periodico
1266 615 1530 682 tempore
1555 618 1700 668 rotas
1733 613 2093 685 heptacycli-

441 711 546 764 cae,
571 696 705 751 duae
720 712 814 751 res
830 702 1052 753 sanctae
1074 699 1577 768 observabuntur,
1601 701 1879 758 divinitas
1905 708 1961 758 et
1988 702 2092 758 hu-

441 788 701 841 manitas
732 786 906 841 unius
936 791 992 842 et
1020 786 1265 843 sublimi
1295 789 1523 846 ratione
1556 791 1701 846 uniti
1729 791 1851 846 Filii
1883 793 2003 857 Dei,
2037 796 2093 848 et

443 879 665 931 sanctae
687 875 900 932 Matris.
921 875 1173 932 Aliunde
1203 877 1383 934 etiam
1411 879 1658 945 videtur,
1680 880 2091 938 hebdomada-

439 964 526 1020 rio
575 964 743 1037 cyclo
785 965 970 1020 trinus
1009 965 1278 1022 denotari
1315 972 1492 1040 typus
1527 984 1629 1040 per
1669 969 1816 1036 dies,
1849 971 2000 1026 sicut
2031 971 2090 1027 in

446 1068 607 1110 anno
645 1069 681 1109 a
715 1053 992 1110 ﬁdelibus
1042 1054 1354 1112 manifeste
1404 1057 1732 1114 honoratur
1792 1060 2090 1129 genuinus

439 1143 732 1200 Trinitatis
760 1149 959 1215 typus.

518 1343 570 1394 2.
603 1338 833 1394 Primus
867 1337 1349 1410 quadragesimae
1400 1340 1711 1396 terminus.
1763 1341 1963 1398 Prima
2002 1346 2090 1399 est

442 1429 576 1500 ipsa
611 1427 816 1485 Christi
853 1427 1177 1484 nativitatis
1219 1428 1587 1498 solemnitas,
1623 1445 1760 1502 quae
1808 1431 1869 1486 in
1900 1430 2090 1487 Patris

443 1523 656 1589 typum
687 1517 1037 1581 assumitur,
1053 1522 1352 1589 quatenus
1369 1517 1502 1590 ipse
1519 1520 1711 1575 sciens
1727 1520 2092 1592 complacuit

443 1606 556 1662 sibi
583 1605 655 1660 de
676 1605 795 1661 Filii
817 1607 905 1661 sui
927 1607 1314 1677 conceptione
1340 1623 1410 1663 ac
1431 1608 1758 1665 nativitate.
1784 1609 2090 1675 Quamob-

441 1711 570 1752 rem
601 1699 656 1751 et
685 1695 1086 1766 quadraginta
1123 1695 1360 1752 dierum
1386 1713 1674 1753 numerus
1705 1699 2090 1772 praescriptus

441 1790 548 1851 est,
582 1791 645 1839 ut
670 1784 902 1856 jejunio
928 1785 1149 1857 Moysis
1171 1790 1227 1840 et
1254 1785 1412 1842 Eliae.

513 1877 564 1930 3.
593 1872 904 1929 Secundus
936 1873 1246 1929 terminus.
1272 1875 1408 1930 Post
1440 1875 1606 1932 illam
1639 1876 1925 1942 secunda,
1953 1893 2090 1949 quae

441 1977 667 2032 magna
677 1961 1142 2034 quadragesima
1154 1962 1610 2036 dicitur,typum
1624 1966 1799 2020 refert
1816 1965 2093 2038 Unigeni-

441 2051 484 2107 ti
523 2069 536 2119 ;
577 2067 760 2122 quam
801 2051 1043 2124 quidem
1070 2051 1200 2123 ipse
1229 2052 1418 2110 etiam
1456 2052 1772 2110 manifeste
1811 2055 2089 2120 ostendit,

439 2140 586 2196 dum
613 2140 804 2196 tribus
826 2141 1000 2196 annis
1025 2156 1162 2196 eam
1191 2141 1546 2208 observavit,
1576 2149 1901 2216 postquam
1932 2161 1968 2201 a
1987 2145 2092 2201 ba-

439 2229 660 2301 ptismo
691 2229 1061 2286 ascenderat.
1094 2228 1259 2286 Unde
1288 2237 1491 2287 autem
1521 2231 1582 2286 id
1625 2233 1976 2300 innotescat,
2005 2234 2093 2290 in-

442 2317 666 2388 telligat
694 2334 932 2374 mecum
962 2322 1018 2374 et
1047 2323 1206 2374 certo
1237 2325 1527 2389 agnoscat
1555 2321 1793 2377 auditor
1824 2338 1836 2376 :
1874 2336 2090 2392 nempe

441 2408 736 2478 trigesimo
748 2407 938 2463 atatis
950 2408 1487 2480 annobaptismum
1500 2411 2086 2481 suscepitDominus,

441 2502 497 2552 et
520 2496 772 2553 triennio
817 2497 1091 2568 posthinc
1132 2503 1386 2554 mortem
1435 2499 1638 2554 subiit.
1685 2501 1898 2570 Quare,
1950 2505 2014 2555 ut
2059 2516 2090 2556 e

441 2586 628 2658 probe
669 2585 873 2656 gnaris
924 2586 1296 2652 rescivimus,
1331 2594 1413 2642 ter
1457 2588 1574 2643 hoc
1613 2604 1772 2645 anno
1795 2589 2089 2660 jejunium

439 2674 802 2731 observavit.

512 2767 565 2819 4.
597 2765 820 2820 Tertius
853 2765 1162 2820 terminus.
1191 2765 1380 2822 Tertia
1412 2781 1548 2822 vero
1589 2774 1722 2838 post
1749 2767 1906 2823 hanc
1945 2783 2092 2840 qua—

441 2854 803 2923 dragesima,
831 2869 967 2925 quia
992 2855 1170 2910 etiam
1194 2855 1605 2924 apostolorum
1623 2855 1972 2911 anonnullis
1988 2871 2092 2926 ap-

365 2949 367 2951 ’
441 2942 712 3015 pellatur,
748 2949 928 3014 typus
957 2942 1250 2998 habeatur
1286 2943 1638 2999 viviticantis
1675 2944 1946 3016 Spiritus.
1987 2945 2092 3016 qui

440 3033 618 3088 etiam
643 3031 948 3103 apostolos
979 3033 1178 3087 docuit
1205 3033 1407 3090 omnia
1421 3048 1550 3104 quae
1565 3033 1675 3104 ipsi
1690 3049 1725 3088 a
1741 3033 1911 3088 Patre
1927 3032 2092 3088 Filio-

2201 529 2334 596 φημὶ
2387 529 2473 575 καὶ
2507 532 2566 596 τῇ
2627 527 2776 599 ἕκτῃ.
2815 532 2878 580 Τί
2909 524 2968 582 δὲ
2997 534 3087 581 καὶ
3117 534 3267 582 τουτό
3298 528 3412 582 ἐστι
3462 527 3674 595 δηλοῦν,
3712 532 3800 594 τό,

2201 613 2286 664 Ἐν
2340 612 2469 665 ἑπτὰ
2517 615 2735 687 ἡμέραις
2789 613 2885 668 δύο
2927 621 3225 691 τηρηθῶσιν
3281 619 3478 691 ἁγναί;
3533 621 3602 680 ὡς
3647 617 3804 690 οἶμαι

2201 707 2367 768 τουτὶ,
2413 710 2485 772 τῷ
2515 702 2800 777 περιοδικῷ
2847 726 3022 780 χρονῳ
3073 716 3167 770 τῆς
3216 708 3539 761 ἑπτακύκλου
3570 716 3798 782 τροχοῦ,

2203 787 2299 843 δύο
2329 795 2629 866 τηρηθώσιν
2660 794 2836 866 ἁγναὶ,
2871 799 3052 859 θεότης
3079 803 3168 850 xui
3201 797 3538 872 ἁνθρωπότης
3565 805 3656 851 τοῦ
3688 797 3804 858 ἑνός

2199 885 2289 932 καὶ
2343 883 2734 956 ὑπερηνωμένου
2774 887 2898 937 Υἰοῦ
2952 893 3085 940 Θεοῦ
3138 907 3211 954 τε,
3244 891 3334 939 καὶ
3364 889 3575 960 Μητρός
3604 886 3790 958 ἁγίας.

2197 969 2392 1031 ’Ἄλλως
2421 967 2473 1022 δ’
2503 968 2567 1024 αὖ
2623 969 2788 1037 δοκεῖ,
2819 975 2900 1026 ὅτι
2939 980 3029 1028 xui
3063 983 3134 1046 τῷ
3184 972 3521 1049 ἑϐδομαδικῷ
3570 975 3744 1047 κύκλῳ
3775 977 3802 1028 ὁ

2198 1056 2474 1133 τριαδικός
2527 1064 2984 1137 χαρακτηρίζεται
3027 1068 3189 1128 τύπος
3243 1062 3337 1118 διὰ
3364 1073 3520 1138 τριῶν
3568 1067 3800 1140 ἡμερῶν,

2199 1151 2266 1211 ὡς
2294 1156 2365 1220 τῷ
2395 1148 2609 1221 ἐνιαυτῷ
2665 1154 2808 1224 παρὰ
2855 1162 2954 1205 τῶν
3001 1162 3203 1206 πιστῶν
3261 1150 3527 1227 ἀριδήλως
3579 1160 3802 1227 τιμᾶται

2197 1238 2224 1290 ὁ
2255 1237 2542 1311 ἀκραιφνὴς
2571 1249 2666 1303 τῆς
2697 1239 2923 1316 Τριάδος
2950 1245 3132 1305 τύπος.

2269 1325 2341 1400 β’.
2398 1327 2552 1399 Ὀρος
2599 1341 3031 1404 τεσσαρακοστῆς
3080 1341 3310 1407 πρῶτος.
3358 1332 3512 1387 Ἐστι
3564 1335 3654 1406 μεν
3709 1329 3804 1386 οὖν

2200 1415 2331 1475 αὐτή
2381 1436 2435 1470 τε
2473 1419 2503 1476 ἡ
2537 1424 2718 1493 πρώτη
2774 1419 2923 1494 ἑορτὴ
2976 1429 3067 1483 τῆς
3123 1429 3359 1495 Χριστοῦ
3407 1425 3710 1494 γεννήσεως,
3768 1421 3800 1480 ἢ

2201 1506 2272 1568 εἰς
2324 1509 2484 1559 τύπον
2516 1506 2576 1559 ἂν
2627 1509 2866 1567 εἵληπται
2916 1518 3009 1563 τοῦ
3051 1515 3268 1583 Πατρός,
3321 1514 3386 1572 ὡς
3415 1507 3553 1564 οἶδεν
3584 1511 3610 1562 ὁ
3644 1507 3804 1564 εύδο·

2200 1600 2370 1657 κήσας
2414 1598 2569 1658 αὐτός
2616 1601 2708 1656 τὴν
2761 1605 2850 1650 τοῦ
2878 1600 3001 1652 Υὶοῦ
3049 1598 3307 1673 σύλληψιν
3333 1618 3386 1652 τε
3415 1604 3506 1652 καὶ
3530 1603 3798 1671 γέννησιν.

2201 1690 2344 1738 Διότι
2393 1690 2483 1737 καὶ
2543 1689 2938 1760 τεσσαράκοντα
2985 1690 3186 1762 ἡμέρας
3231 1691 3672 1760 νενομοθέτηνται,
3734 1689 3805 1749 ὡς

2124 1782 2168 1838 Β
2201 1775 2468 1836 Μωῦσέως
2493 1777 2522 1833 ἡ
2557 1781 2773 1833 νηστεία
2801 1781 2892 1828 καὶ
2920 1776 3116 1830 Ἠλίου.

2269 1861 2339 1934 γ’.
2381 1866 2624 1936 Δεύτερος
2677 1865 2808 1940 ὄρος.
2858 1864 2916 1918 Ἠ
2949 1863 3009 1918 δὲ
3037 1866 3147 1938 μετ’
3205 1866 3367 1925 αὐτὴν
3410 1865 3482 1939 β’,
3538 1866 3567 1924 ἣ
3595 1871 3683 1919 καὶ
3713 1885 3807 1939 με·

2198 1952 2332 2024 γάλη
2409 1958 2811 2027 τεσσαρακοστὴ
2866 1954 3086 2026 λέγεται,
3147 1956 3216 2018 εἰς
3261 1959 3420 2009 τύπον
3470 1959 3547 2014 εἴη
3599 1975 3654 2009 τε
3707 1962 3806 2009 τοῦ

2199 2049 2519 2114 Μονογενοῦς
2552 2060 2566 2073 ⁸
2620 2043 2680 2102 ἣν
2719 2047 2804 2096 xui
2837 2044 2990 2106 αὐτὸς
3035 2042 3301 2119 ἁριδήλως
3329 2042 3612 2111 ὑπέδειξεν,
3662 2053 3804 2120 τρεῖς

2196 2134 2464 2194 ἓνιαυτοὺς
2521 2140 2674 2186 τοῦτο
2733 2143 2909 2198 ποιῶν,
2966 2137 3097 2206 μετά
3151 2139 3245 2194 τὴν
3289 2142 3381 2187 τοῦ
3430 2133 3807 2208 βαπτίσματος

2197 2217 2406 2276 ἄνοδον.
2463 2227 2563 2275 Καὶ
2615 2224 2766 2275 πόθεν
2814 2220 2973 2283 δῆλον
3027 2229 3181 2278 τοῦτό
3223 2227 3360 2290 ἐστι,
3421 2229 3573 2297 συνίῃ
3632 2243 3726 2296 μοι
3775 2226 3804 2277 ὁ

2198 2309 2475 2383 ἀκροατὴς,
2517 2316 2608 2364 καὶ
2663 2309 2814 2365 ἰδέτω
2847 2313 3016 2376 καλῶς
3047 2331 3061 2344 ·
3119 2318 3522 2389 τριακονταετὴς
3553 2311 3806 2372 δηλονότι

2198 2399 2224 2448 ό
2258 2402 2443 2471 Κύριος
2497 2397 2774 2472 βάπτισμα
2828 2398 3134 2468 ὑπεδέξατο,
3189 2406 3274 2454 καὶ
3323 2401 3372 2454 έν
3423 2401 3598 2464 ἄλλοις
3652 2407 3806 2475 τρισὶ

2197 2488 2269 2558 τῷ
2325 2490 2528 2559 θανάτῳ
2581 2491 2780 2548 ὑπέστη
2813 2507 2826 2521 ⁸
2880 2487 2966 2543 διό
2997 2494 3066 2552 ὡς
3121 2493 3340 2562 ἔγνωμεν
3371 2490 3420 2543 ἐν
3471 2499 3578 2554 τοὶς
3627 2493 3806 2566 ἄκρως

2198 2579 2582 2649 ἐπισταμένοις,
2640 2584 2750 2654 τρὶς
2799 2587 2888 2632 τοῦ
2943 2579 3178 2634 ἐνιαυτοῦ
3235 2585 3328 2639 τὴν
3382 2588 3653 2653 παροῦσαν
3706 2599 3807 2638 νη-

2203 2671 2374 2719 στείαν
2407 2664 2690 2730 ὑπέδειξεν.

2272 2753 2348 2812 δ’.
2408 2761 2593 2828 Τρίτος
2645 2761 2780 2832 ὅρος.
2839 2758 2898 2811 Ἡ
2951 2755 3011 2812 δι
3041 2759 3149 2824 μετ’
3203 2759 3364 2818 αὐτὴν
3412 2763 3585 2831 τρίτη,
3641 2761 3670 2817 ἠ
3706 2764 3801 2812 xui

2200 2847 2344 2916 παρά
2372 2864 2483 2898 τισι
2533 2855 2632 2897 τῶν
2679 2845 2979 2899 ἀποστόλων
3008 2853 3386 2921 κηρυττομένη,
3421 2850 3583 2909 τύπος
3627 2846 3686 2900 ἂν
3719 2851 3799 2905 εἴη

2201 2939 2291 2986 καὶ
2319 2933 2448 2992 αύτὴ
2504 2941 2594 2987 τοῦ
2639 2935 2898 2995 ζωοποιοῦ
2943 2940 3260 3009 Πνεύματος,
3292 2940 3350 2989 τό
3386 2941 3476 2989 καὶ
3507 2940 3630 2999 τοὺς
3668 2935 3800 2989 ἆπο-

2207 3021 2425 3085 στόλους
2455 3019 2490 3075 δ
2496 3020 2680 3086 ιδαξαν
2736 3026 2906 3077 πάντα
2959 3025 2993 3077 ἂ
3023 3029 3166 3101 παρὰ
3207 3034 3298 3078 τοῦ
3331 3028 3530 3100 Πατρός
3586 3030 3676 3078 καὶ
3711 3033 3798 3077 τοῦ

439 3137 559 3193 que
585 3121 912 3191 signiﬁcate
945 3121 1177 3176 fuerint.
1201 3123 1265 3177 Et
1291 3137 1426 3177 vero
1450 3122 1624 3178 trium
1659 3137 1845 3178 unum
1865 3137 2089 3177 nomen

2208 3115 2330 3164 Υὶοῦ
2384 3119 2886 3186 μεμυσταγώγηται.
2937 3113 3140 3187 ’Ὀνομα
3189 3111 3247 3168 δὲ
3297 3123 3395 3167 τῶν
3439 3123 3594 3190 τριῶν
3643 3115 3717 3182 ἓν,
3759 3116 3788 3173 ἠ

439 3210 652 3281 deitas,
674 3210 734 3266 in
756 3210 944 3266 tribus
977 3215 1175 3266 tamen
1207 3210 1478 3281 personis
1510 3211 1718 3283 agnita
1738 3211 2087 3267 etadorata.

509 3390 563 3443 5.
609 3389 723 3445 Sed
775 3403 886 3458 age
936 3388 1063 3458 jam
1105 3403 1302 3444 sermo
1351 3387 1430 3444 ad
1486 3388 1861 3462 propositum
1915 3405 2095 3445 suum

441 3477 709 3544 accedat,
777 3483 832 3533 et
905 3476 1142 3548 singula
1210 3478 1452 3548 proprio
1525 3479 1775 3549 tempori
1845 3479 2097 3550 depute-

439 3583 596 3633 mus,
660 3572 781 3622 tam
830 3565 1046 3621 diebus
1093 3582 1279 3639 quam
1323 3566 1747 3638 hebdomadis,
1775 3573 1831 3622 et
1868 3584 1994 3640 qua
2018 3567 2093 3623 de

440 3672 622 3714 causa
647 3656 726 3711 ita
751 3655 1140 3710 constitutum
1173 3657 1260 3710 sit.
1299 3657 1520 3721 Quarta
1551 3672 1694 3712 sane
1725 3662 1781 3712 et
1814 3662 1981 3712 sexta
2011 3655 2090 3712 fe-

438 3744 761 3816 riajejunio
775 3759 1010 3816 semper
1023 3744 1463 3800 sanctiﬁcentur
1477 3745 1555 3816 jej
1569 3745 1811 3801 unando
1839 3761 1874 3800 a
1887 3761 2086 3810 caseo,

435 3835 707 3908 piscibus
739 3839 795 3889 et
823 3833 976 3899 oleo,
1008 3833 1522 3904 quemadmodum
1555 3834 1674 3889 divi
1713 3834 1995 3905 Apostoli,
2031 3841 2089 3890 et

436 3929 571 3995 post
600 3923 732 3979 illos
763 3922 1044 3977 divinitus
1085 3922 1352 3992 inspirati
1393 3925 1588 3978 Patres
1616 3925 2077 3980 constituerunt.

440 4014 550 4070 Sed
567 4018 753 4068 tamen
771 4012 828 4067 in
843 4009 1166 4083 purissimae
1183 4011 1282 4066 Dei
1294 4027 1445 4082 para:
1459 4013 1804 4068 Natvitatem
1817 4013 1887 4085 ,ej
1899 4028 2089 4085 usque

437 4101 498 4157 in
532 4101 822 4173 templum
863 4101 1156 4172 Ingressu,
1183 4108 1238 4156 et
1272 4101 1333 4155 in
1367 4101 1483 4157 alio
1524 4101 1670 4156 festo
1696 4102 1860 4173 quod
1895 4105 2086 4174 Hypa-

437 4197 617 4262 pante
639 4191 874 4254 dicitur,
894 4191 1140 4260 insuper
1162 4190 1220 4244 in
1245 4190 1726 4256 Annuntiatione,
1753 4196 1806 4246 et
1832 4191 1891 4246 in
1915 4192 2089 4246 mira-

437 4279 540 4338 bili
567 4279 1010 4351 Assumptione,
1034 4278 1398 4334 utimuroleo
1412 4279 1766 4350 etpiscibus,
1792 4279 1838 4333 si
1869 4277 2014 4334 forte
2027 4278 2087 4333 in

437 4369 745 4440 praedictos
758 4367 1383 4439 diesincidant,nempe
1397 4368 1453 4422 in
1473 4373 1736 4439 quartam
1750 4373 1851 4424 aut
1865 4372 2086 4423 sextam

2211 3204 2410 3267 θεότης,
2463 3202 2566 3254 ἀλλ’
2617 3202 2665 3254 ἐν
2712 3209 2883 3276 τρισὶν
2934 3205 3261 3257 ὑποστάσεσι
3341 3204 3695 3277 γνωριζομένη
3747 3221 3799 3256 τε

2206 3295 2296 3344 καὶ
2323 3296 2747 3364 προσκυνουμένη
2759 3332 2771 3344 .

2277 3379 2332 3433 ε’.
2367 3380 2497 3434 Ἀλλ’
2558 3380 2688 3433 ἰτέον
2724 3396 2736 3407 ·
2803 3383 2828 3433 ὁ
2857 3381 3004 3453 λόγος
3033 3387 3123 3435 καὶ
3174 3389 3246 3452 τῷ
3299 3385 3513 3455 κειμένῳ
3564 3381 3798 3446 πελάσει,

2203 3474 2294 3521 καὶ
2324 3470 2520 3522 ἕκαστα
2565 3478 2634 3540 τῷ
2677 3467 2796 3542 ἰδίῳ
2853 3480 3018 3544 καιρῷ
3067 3474 3458 3547 παραθήσομεν,
3491 3474 3539 3524 ἓν
3568 3491 3623 3524 τε
3670 3473 3802 3543 ἠμέ-

2201 3578 2319 3632 ραις
2364 3566 2454 3614 καὶ
2503 3556 2782 3632 ἑϐδομάσι,
2824 3565 2912 3613 καὶ
2965 3557 3060 3613 διὰ
3114 3566 3264 3615 ποίαν
3321 3561 3492 3614 αἰτίαν
3538 3562 3802 3633 νενομοθέ-

2201 3667 2382 3706 τηνται
2438 3666 2450 3678 ·
2503 3651 2678 3723 τετρὰς
2729 3669 2784 3702 τε
2839 3654 2928 3702 xui
2971 3655 3278 3724 παρασκευή
3336 3651 3591 3712 παντελῶς
3643 3650 3802 3721 ἁγναὶ

2200 3738 2271 3799 εἰς
2319 3741 2562 3796 νηστείαν
2615 3736 2693 3790 ἀεὶ
2740 3741 3034 3811 τηρηθῶσι,
3087 3746 3269 3813 τυροῦ,
3329 3739 3548 3811 ἰχθύων,
3601 3737 3799 3801 ελαίου,

2197 3831 2371 3890 καθὼς
2417 3829 2466 3879 οἱ
2508 3831 2636 3880 θεῖοι
2683 3826 2984 3893 ἀπόστολοι,
3041 3833 3128 3880 xui
3157 3830 3206 3880 οἱ
3253 3828 3360 3900 μετ’
3404 3828 3592 3890 αὐτούς
3627 3829 3802 3900 θεοφό-

2196 3938 2278 3990 ροι
2332 3921 2552 3989 Πατέρες
2632 3917 3032 3989 ἐνομοθέτησαν.
3086 3922 3190 3976 Τὴν
3247 3921 3346 3991 γὰρ
3413 3922 3653 3990 γέννησιν
3705 3927 3804 3979 τῆς

2198 4009 2571 4079 παναχράντου
2626 4011 2909 4071 Θεότόκου,
2964 4011 3053 4060 καὶ
3083 4012 3176 4065 τὴν
3207 4007 3370 4068 αὐτῆς
3401 4007 3469 4067 εἰς
3497 4009 3616 4059 ναόν
3656 4009 3803 4060 εἷσο-

2198 4093 2310 4162 δον,
2353 4100 2441 4148 καὶ
2488 4100 2582 4154 τὴν
2635 4095 2807 4167 ἑτέραν
2850 4097 2880 4154 ἡ
2932 4101 3018 4148 καὶ
3074 4097 3346 4154 ύπαπαντὴ
3398 4095 3668 4169 λεγομένη,
3702 4103 3796 4148 καὶ

2197 4182 2262 4237 αὖ
2309 4189 2400 4243 τὴν
2428 4191 2518 4237 τοῦ
2563 4183 2962 4255 εύαγγελισμοῦ,
2997 4189 3086 4236 xui
3133 4188 3225 4243 τὴν
3259 4186 3396 4236 θείαν
3448 4186 3796 4254 μετάστασιν,

2198 4271 2476 4345 διαλύομεν
2530 4273 2597 4334 εἰς
2626 4272 2793 4325 ἔλαιον
2837 4278 2926 4325 xui
2978 4273 3184 4345 ἰχθύας,
3233 4273 3278 4326 εἰ
3305 4276 3518 4344 τύχωσι
3569 4280 3681 4334 ταῖς
3708 4292 3800 4344 γε·

2194 4367 2520 4436 γραμμέναις
2566 4365 2800 4434 ἡμέραις,
2858 4369 2920 4433 τῇ
2978 4381 3031 4414 τε
3060 4359 3272 4436 τετράδι
3324 4367 3412 4414 xui
3461 4371 3795 4438 παρασκευῇ.

436 4457 1109 4514 feriam.Similiteretiam
1123 4459 1179 4511 in
1197 4458 1580 4512 Praecursoris
1593 4463 1648 4512 et
1662 4473 2084 4528 supremorum

2207 4456 2465 4513 Ωσαύτως
2517 4455 2605 4503 καὶ
2649 4454 2705 4503 τό
2755 4457 2846 4503 τοῦ
2899 4447 3209 4523 Προδρόμου
3257 4455 3504 4522 γενέσιον,
3559 4455 3649 4504 καὶ
3702 4460 3798 4504 τῶν

437 4546 848 4619 apostolorum
872 4547 1018 4602 Petri
1031 4553 1087 4602 et
1102 4545 1258 4601 Pauli
1274 4545 1879 4602 NativitatibusJiaud
1895 4553 2086 4602 tamen

437 4636 498 4692 in
515 4636 672 4692 festis
685 4642 1020 4691 sanctorum
1036 4642 1346 4705 martyrum
1362 4641 1463 4690 aut
1478 4635 1807 4706 pontiﬁcum
1823 4636 2084 4708 piscibus

438 4726 680 4790 utimur,
706 4727 752 4780 si
777 4725 920 4781 forte
943 4730 1258 4780 occurrant
1278 4725 1338 4779 in
1368 4731 1582 4795 quarta
1609 4726 1694 4780 vel
1726 4731 1892 4780 sexta
1918 4724 2083 4780 feria.

512 4819 562 4870 6.
593 4815 658 4870 Et
689 4813 966 4870 monachi
1006 4813 1251 4884 quidem
1294 4813 1352 4868 in
1396 4813 1686 4869 honorem
1731 4831 1800 4870 ac
1844 4814 2087 4870 laudem

441 4902 1119 4975 crucis,quatuordecim
1139 4901 1264 4957 dies
1281 4901 1618 4968 observant,
1635 4903 1731 4958 alii
1746 4903 2087 4970 duodecim,

440 4991 538 5048 alii
567 4998 804 5064 quatur.
840 4991 951 5047 Sed
977 4990 1282 5046 universus
1321 4989 1532 5047 Christi
1562 4992 1823 5063 populus
1865 4993 2088 5048 sancti-

441 5078 598 5136 ﬁcati
630 5095 842 5135 omnes
867 5078 1191 5135 observant
1221 5079 1376 5134 diem
1404 5081 1873 5146 Exaltationis,id
1895 5086 2092 5136 estxnv

441 5167 1232 5240 Septembris.Verumlamen
1247 5168 1883 5240 NativitatisChristijej
1896 5171 2093 5224 unium

445 5256 633 5312 tribus
659 5257 872 5311 diebus
903 5257 1249 5326 observetur
1275 5258 1332 5312 in
1365 5257 1765 5321 hebdomada,
1802 5259 1860 5312 id
1892 5264 1982 5313 est
2006 5274 2094 5312 se-

443 5344 663 5409 cunda,
692 5351 928 5416 quarta,
954 5350 1237 5418 sextaque
1277 5344 1439 5411 feria,
1474 5351 1529 5401 et
1558 5345 1823 5400 cavendo
1852 5361 1887 5400 a
1918 5346 2094 5416 pisci-

442 5433 558 5490 bus
579 5432 850 5506 oleoque,
860 5434 1157 5506 jejunium
1183 5440 1421 5490 strenue
1444 5435 1830 5504 transigatur:
1847 5435 2092 5507 parique

2195 4547 2490 4617 κορυφαίων
2541 4545 2736 4614 Πέτρου
2783 4545 2873 4592 καὶ
2923 4539 3128 4592 Παύλου
3165 4557 3175 4568 ·
3207 4548 3304 4591 τῶν
3355 4536 3414 4592 δε
3460 4539 3620 4611 ἁγίων
3669 4559 3800 4614 μαρ-

2195 4635 2362 4704 τύρων
2411 4634 2502 4682 και
2549 4632 2704 4682 ὁσίων
2748 4631 3008 4704 ἱεραρχῶν
3060 4629 3118 4681 ού
3151 4625 3427 4700 διαλύομεν
3459 4628 3530 4690 εἰς
3580 4629 3794 4701 ἰχθύας,

2198 4721 2242 4774 εἰ
2272 4724 2481 4792 τύχωσι
2514 4716 2564 4772 δ’
2593 4720 2622 4778 ἢ
2659 4718 2728 4782 ς’.

2272 4810 2342 4873 ς-’.
2395 4811 2460 4860 Οἱ
2498 4812 2586 4880 μὲν
2633 4803 2719 4860 οὖν
2770 4807 3080 4880 μονάζοντες
3119 4806 3189 4869 εἰς
3238 4804 3394 4870 δόξαν
3450 4811 3537 4860 καὶ
3596 4809 3798 4860 ἔπαινον

2201 4905 2292 4950 τοῦ
2322 4903 2608 4968 σταυρικοῦ
2641 4896 2814 4960 ξύλου,
2853 4893 2982 4949 δέκα
3012 4900 3102 4948 xui
3151 4901 3414 4971 τέσσαρας
3438 4897 3638 4968 ἡμέρας
3679 4892 3803 4949 δια-

2202 4987 2567 5059 φυλάττουσιν,
2623 4985 2767 5038 οἶλλοι
2800 4984 2894 5059 ιβ’,
2947 4985 3093 5038 ἄλλοι
3121 4981 3171 5038 δ’
3211 5001 3224 5014 ⁸
3273 4987 3298 5038 ὁ
3330 4982 3388 5038 δι
3421 4988 3630 5057 σύμπας
3676 4985 3801 5048 λαὸς

2202 5085 2292 5129 τοῦ
2347 5084 2598 5149 Χριστοῦ,
2658 5075 2803 5144 ἁγνοὶ
2858 5077 3044 5136 πάντες
3103 5071 3430 5149 διατηρῶσιν
3485 5075 3652 5133 αὐτὴν
3705 5080 3801 5133 τὴν

2203 5167 2397 5239 ἡμέραν
2442 5174 2535 5226 τῆς
2579 5163 2849 5234 ύψώσεως,
2896 5167 3011 5222 ἤτοι
3049 5167 3138 5222 τὴν
3189 5161 3259 5216 ιδ’
3305 5171 3394 5216 τοῦ
3448 5163 3800 5235 Σεπτεμϐρίου

2203 5261 2364 5326 μηνός
2395 5257 2528 5326 (14).
2561 5257 2664 5312 Τὴν
2711 5251 2769 5306 δὲ
2800 5249 2863 5305 αὖ
2895 5257 3137 5310 νηστείαν
3179 5261 3270 5314 τῆς
3301 5260 3392 5305 τοῦ
3425 5260 3656 5328 Χριστοῦ
3679 5272 3802 5324 γεν-

2203 5350 2413 5409 νήσεως,
2463 5345 2557 5405 τὰς
2609 5350 2746 5417 τρεῖς
2790 5344 2983 5416 ἡμὲρας
3025 5337 3455 5415 διαφυλαττέσθω
3501 5349 3596 5403 τῆς
3651 5338 3804 5394 ἑϐδο-

2206 5431 2397 5508 μάδος,
2431 5437 2546 5493 ἤτοι
2579 5429 2650 5506 β’,
2685 5428 2756 5499 δ’,
2785 5436 2874 5485 καὶ
2904 5430 2974 5498 ς’,
3011 5431 3204 5504 ἰχθύας
3232 5436 3322 5486 καὶ
3359 5431 3546 5498 ἔλαιον,
3591 5435 3684 5485 καὶ
3713 5451 3802 5490 νη-

528 5613 632 5675 ι14)
661 5613 881 5668 Videsis
907 5613 1187 5668 Niconem
1217 5611 1381 5682 apud
1407 5611 1753 5669 Cotelerium
1791 5614 1903 5685 0p.
1942 5527 2232 5680 ci:
2265 5629 2325 5686 p.
2353 5613 2457 5669 438
2487 5615 2543 5668 et
2567 5625 2732 5682 seqq.
