4058 6274
256 260 393 317 1697
1486 251 1920 311 CATECHESIS

256 388 431 438 στείαν
496 383 670 443 ἐνθέως
733 384 983 436 ποιείτω·

256 473 555 528 ἀποστολων
606 477 839 539 ποιείτω,
897 476 987 525 καὶ
1031 474 1125 529 τὴν
1181 479 1277 532 τῆς
1327 474 1653 542 Θεομήτορος
1699 468 1853 539 ἁγίαν

253 566 498 621 νηστείαν
542 562 678 634 (15).
740 567 821 615 Ἐν
864 564 952 633 μεν
1015 556 1101 611 οὖν
1160 567 1220 632 τῇ
1274 567 1548 634 παραμονῇ
1617 566 1709 619 τῆς
1763 565 1856 610 τοῦ

256 660 493 725 Χριστοῦ
545 657 851 724 γεννήσεως,
927 654 1132 710 νήστεις
1205 649 1558 721 κιατελοῦμεν,
1621 653 1711 701 καὶ
1764 652 1857 707 τὴν

256 743 456 815 ἡμέραν
492 740 783 813 ἁγνεύοντες
835 739 947 811 (16)
977 739 1043 799 εἰς
1100 738 1288 810 ἰχθύας
1340 742 1427 791 καὶ
1476 738 1665 803 ἔλαιον,
1700 736 1860 810 πάρεξ

259 829 530 883 Σαϐϐάτου
563 831 592 888 ἡ
631 837 895 905 Κυριακῆς
926 846 938 858 ’
986 832 1102 881 τότε
1136 834 1300 880 ταῦτα
1355 826 1612 900 ἐσθίομεν.
1670 826 1860 879 Ὠσοιύ-

258 939 360 982 τως
408 926 654 991 ποιοῦμεν
717 924 806 970 καὶ
861 921 954 979 τὰς
1026 916 1186 977 ἄλλας
1240 920 1546 989 παραμονάς
1599 925 1696 969 τῶν
1769 921 1861 968 τοῦ

262 1015 499 1081 Χριστοῦ
549 1010 887 1081 πανηγύρεων
929 1024 942 1035 ·
1003 1014 1064 1078 τῇ
1118 1002 1177 1058 δὲ
1220 1004 1463 1081 ἐπαύριον
1514 1003 1862 1077 διαλύομενέν

262 1094 621 1170 οἱᾳδηποτοῦν
680 1099 851 1169 ἡμέρα
889 1098 1031 1168 τύχη
1066 1116 1079 1128 ·
1121 1096 1292 1157 καθὼς
1335 1096 1526 1147 ἄνωθεν
1564 1095 1861 1168 εἰρήκαμεν,

265 1186 339 1249 εἰς
387 1182 545 1248 δόξαν
598 1192 689 1237 τοῦ
736 1181 1123 1246 εὐδοκήσαντος
1169 1186 1392 1255 Πατρός,
1428 1187 1518 1236 καὶ
1569 1190 1660 1235 τοῦ
1689 1202 1865 1255 γεννη-

268 1278 441 1336 θέντος
464 1276 588 1327 Υὶοῦ
625 1291 639 1306 ·
699 1278 787 1326 καὶ
835 1274 937 1347 γὰρ
992 1274 1061 1335 ὡς
1089 1272 1253 1331 αὐτὴν
1292 1274 1384 1331 τὴν
1429 1274 1623 1347 ἡμέραν
1652 1277 1742 1325 καὶ
1768 1273 1866 1325 ἑτέ-

267 1384 359 1439 ρας
394 1363 446 1425 ἓξ
474 1359 775 1434 διαλύομεν,
832 1363 914 1413 ἵνα
944 1366 1014 1433 μή
1071 1363 1372 1433 σκυθρωποὶ
1419 1369 1671 1434 φανῶμεν,
1705 1364 1769 1423 ὡς
1819 1364 1869 1414 οἱ

268 1452 556 1525 ἀγνώμονες
613 1448 882 1517 Ἰουδαῖοι,
915 1450 963 1503 ἐν
1017 1458 1077 1523 τῇ
1120 1456 1357 1522 γεννήσει
1410 1459 1503 1504 τοῦ
1554 1453 1695 1525 ἡμᾶς
1748 1451 1869 1504 ἀνα-

269 1541 587 1604 πλάσαντος.

345 1630 418 1692 ζ¹.
456 1635 559 1689 Τὴν
610 1627 668 1683 δε
717 1626 780 1683 αὖ
830 1633 1136 1702 παραμονήν
1188 1637 1287 1681 τῶν
1347 1635 1547 1702 φώτων,
1579 1636 1668 1683 καὶ
1707 1631 1869 1689 αὐτὴν

270 1723 461 1793 ὁμοίως
536 1725 745 1781 νήστεις
812 1716 1214 1793 ὃιαπεραιοῦμεν
1289 1722 1345 1771 ἔκ
1427 1739 1481 1773 τε
1554 1720 1723 1773 ἐλαίου
1778 1724 1868 1772 καὶ
1906 1736 1947 1790 Β

275 1809 477 1881 ἰχθύων
511 1814 601 1861 καὶ
628 1809 807 1881 ἑτέρων
834 1805 985 1861 εἰδῶν
1034 1812 1127 1866 τήν
1169 1813 1345 1860 πᾶσαν
1391 1811 1586 1884 ἡμέραν
1611 1827 1624 1839 ·
1675 1813 1869 1867 ταύτην

271 1895 335 1950 δέ
380 1916 442 1968 γε
492 1902 587 1956 τὴν
642 1898 838 1970 ἡμέραν
896 1905 994 1950 τῶν
1047 1901 1386 1969 Θεοφανείων,
1445 1900 1649 1951 οἱανοῦν
1704 1900 1875 1971 ἡμέρα

268 1988 441 2059 τύχῃ,
494 1982 773 2059 διαλύομεν
824 1986 894 2048 εἰς
948 1992 1072 2053 πᾶν,
1126 1986 1194 2047 εἰς
1240 1988 1403 2059 χάριν
1454 1991 1541 2039 καὶ
1599 1983 1756 2050 δόξαν
1784 1995 1873 2040 τοῦ

275 2074 675 2149 βαπτισθέντος,
730 2079 820 2128 καὶ
846 2074 1022 2148 ἀρχὴν
1071 2075 1226 2147 ἁγίαν
1282 2084 1378 2136 τῆς
1419 2079 1664 2139 τοιαύτης
1711 2079 1877 2150 χάρι-

273 2184 379 2226 τος,
435 2169 527 2216 καὶ
594 2168 682 2216 τὸν
742 2162 1003 2237 βυθισμὸν
1086 2166 1458 2239 θεατρίζοντες.
1518 2168 1673 2220 Ἐστι
1709 2157 1791 2219 “δε
1844 2168 1871 2224 ἡ

273 2255 495 2312 τοιαύτη
519 2258 765 2326 χαρμονὴ
819 2256 943 2326 ἡμῖν
990 2261 1084 2306 τοῦ
1133 2253 1475 2327 βροτοκτόνου
1516 2258 1734 2326 τοιούτῳ
1762 2260 1880 2330 τρό-

273 2362 378 2414 πῳ,
434 2344 504 2402 ὡς
550 2343 635 2395 οἶά
695 2362 777 2405 τις
842 2342 1060 2415 εἰληφὼς
1106 2344 1268 2416 χάριν
1348 2347 1463 2396 τινὰ
1502 2344 1725 2397 πλούτου
1777 2347 1877 2398 ὑπὸ

272 2452 409 2492 τινος
437 2428 714 2504 βασιλέως,
771 2437 861 2484 καὶ
908 2435 1045 2504 ἔχων
1103 2436 1151 2484 ἓν
1215 2432 1379 2504 ἑαυτῷ
1426 2439 1515 2486 καὶ
1570 2440 1774 2507 χαίρων
1831 2433 1879 2486 ἐν

275 2529 386 2582 τοῖς
416 2520 588 2581 καλοῖς
642 2521 714 2581 οἷς
768 2520 939 2592 εἴληφε
974 2536 986 2547 ·
1038 2524 1169 2593 μετά
1223 2518 1282 2574 δέ
1330 2542 1445 2574 τινα
1474 2527 1685 2594 χρόνον,
1720 2524 1881 2597 ἕτερός

277 2629 360 2671 τις
390 2612 581 2684 ἐχθρὸς
629 2608 883 2683 ἀντάρτης
906 2616 993 2662 καὶ
1045 2609 1247 2670 ἀλαζὼν
1277 2608 1526 2671 πηδήσας
1570 2615 1743 2677 ποθὲν,
1793 2618 1882 2665 καὶ

282 2705 376 2749 τοῦ
402 2700 613 2769 ἔχοντος
664 2698 887 2751 πλούτου
941 2695 1097 2750 τοῦδε
1152 2698 1511 2771 ἀποστερήσει,
1543 2704 1761 2773 προσέτι
1791 2707 1882 2754 καὶ

283 2792 574 2861 τιμωρήσει
664 2785 845 2860 βιαίως
878 2805 891 2819 ’
952 2785 1052 2841 εἶτε
1111 2785 1198 2840 οὖν
1256 2796 1407 2842 τοῦτο
1468 2787 1765 2848 κατάδηλον
1813 2800 1884 2861 τῷ

286 2872 496 2948 βασιλεί
519 2882 728 2949 γεγονός
759 2894 775 2911 ⁸
826 2879 851 2929 ὁ
902 2874 960 2930 δὲ
991 2880 1125 2943 ἣκει,
1166 2882 1255 2931 καὶ
1294 2882 1380 2930 τὸν
1425 2877 1727 2939 ἀποστάτην
1758 2880 1885 2933 έκεῖ-

284 2984 371 3017 νον
436 2973 737 3041 τιμωρήσας
780 2964 1023 3031 ἀνηλεῶς,
1076 2972 1165 3019 καὶ
1220 2970 1308 3019 τὸν
1365 2966 1665 3040 ἀφελόμενον
1730 2970 1888 3023 πλοῦ·

287 3072 377 3105 τον
406 3060 478 3124 τῷ
504 3056 683 3126 ἔχοντι
726 3052 996 3108 ἀποδώσει
1021 3072 1033 3084 °
1075 3060 1249 3107 καίτοι
1304 3062 1394 3109 καὶ
1444 3056 1613 3109 πλεῖον
1642 3065 1732 3110 τοῦ
1762 3078 1886 3132 προ·
1921 3087 1962 3145 C

282 3146 435 3216 τέρου
490 3142 812 3219 ἐπιχαρήσει
874 3151 1088 3216 σημεῖον
1130 3142 1420 3217 βασιλικὸν,
1469 3147 1494 3198 ὃ
1552 3150 1639 3198 χαὶ
1677 3146 1885 3219 φοϐερὸν

282 3236 483 3304 γίνεται
540 3240 649 3295 τοῖς
700 3235 1020 3295 ὑπεναντίοις
1051 3250 1065 3264 ·
1114 3236 1340 3306 ποιούτῳ
1405 3243 1680 3308 τοιγαροῦν
1722 3256 1889 3308 παρα-

289 3317 540 3393 δείγματι
591 3326 682 3373 xui.
738 3324 764 3374 ὁ
839 3324 1083 3397 ἡμέτερος
1138 3326 1323 3395 Κύριος
1374 3329 1591 3385 τοιήσας
1638 3333 1711 3395 τῷ
1762 3324 1889 3378 ἀπο-

290 3411 459 3482 στάτῃ
513 3408 708 3481 ἕχθρῷ,
787 3406 1010 3463 δέδωκεν
1080 3413 1204 3484 ἡμῖν
1274 3411 1430 3463 πλείω
1487 3420 1578 3464 τοῦ
1636 3418 1887 3489 προτέρου

286 3498 488 3551 ὶκείνου
544 3504 638 3557 τήν
685 3501 846 3574 χάριν
902 3509 998 3561 τῆς
1046 3501 1591 3573 παλιγγενεσίαςτΕἰς
1642 3509 1764 3573 γοῦν
1794 3507 1887 3561 τὴν

284 3586 628 3660 ἀναγέννησιν
675 3584 710 3641 δ
717 3588 747 3640 ι’
779 3584 974 3652 ὑδατός
1000 3608 1054 3641 τε
1092 3596 1182 3643 καὶ
1212 3593 1531 3663 Πνεύματος,
1566 3588 1716 3650 διττὴ
1764 3594 1888 3664 ἡμῖν

285 3682 489 3748 γίνεται
516 3679 544 3736 ἡ
579 3684 823 3749 παροῦσα
851 3680 1106 3752 χάθαρσίς
1130 3694 1143 3709 ⁸
1201 3676 1295 3732 διὰ
1323 3684 1411 3751 μὲν
1464 3688 1556 3734 τοῦ
1611 3677 1806 3743 ὕδατος
1831 3686 1889 3734 τὸ

296 3774 447 3839 σῶμα
496 3772 788 3838 σμήχεται,
835 3772 923 3819 καὶ
973 3764 1067 3819 διὰ
1130 3776 1222 3820 τοῦ
1274 3772 1574 3841 Πνεύματος
1599 3774 1654 3823 τὸ
1689 3778 1892 3841 πνεῦμα

293 3854 705 3917 ἀνακαινίζεται.
763 3863 874 3918 Πῶς
917 3858 1016 3929 γὰρ
1059 3856 1117 3908 ού
1177 3853 1399 3910 δυνατὸν
1454 3859 1799 3931 εὐφρανθῆναί
1838 3879 1891 3912 τε

290 3950 382 3998 καὶ
426 3953 688 4020 χορεῦσαι
731 3950 825 4004 τήν
852 3947 997 4017 ἡμῶν
1048 3951 1308 4020 σωτηρίαν
1342 3964 1355 4015 ;
1397 3953 1485 3999 καὶ
1514 3950 1637 4021 γὰρ,
1665 3952 1734 4010 ὡς
1763 3952 1891 4020 ἔγω-

290 4054 353 4107 γε
383 4033 549 4107 οἶμαι,
608 4037 633 4086 ὁ
692 4039 762 4106 μὴ
804 4034 1199 4108 εὐφραινόμενος
1248 4040 1341 4095 τὴν
1384 4044 1654 4111 παροῦσαν
1694 4040 1888 4110 ἡμέραν

292 4130 387 4177 τοῦ
431 4122 583 4195 ἁγίου
640 4120 1026 4198 βαπτίσματος,
1059 4124 1117 4177 ού
1152 4131 1406 4198 σωτήριος
1460 4130 1599 4196 αὐτῷ
1654 4131 1887 4198 φαίνεται

294 4214 326 4272 ἡ
407 4221 650 4288 παροῦσα
713 4215 899 4289 χάρις,
985 4213 1116 4268 ἀλλὰ
1189 4216 1508 4290 σκυθρωπῶς
1565 4216 1925 4288 ὑπογαίνεται,

297 4298 334 4355 δ
338 4306 470 4355 ὀσει.

1963 252 2348 313 CHRONICA.
3472 253 3611 309 1698

1064 377 1311 440 ὡσαύτως
1372 385 1461 432 καὶ
1536 388 1634 432 τῶν

1993 382 2189 437 atione
2212 384 2558 436 sanctorum
2580 394 2821 451 quoque
2839 378 3244 451 apostolorum
3261 393 3331 434 ac
3345 378 3610 449 Deiparaa

1963 476 2239 526 sanctum
2266 475 2532 526 servetur
2556 469 2873 541 jejunium.
2904 468 3229 525 Nativitatis
3252 467 3464 524 Christi
3486 482 3614 539 per-

1963 559 2231 629 vigilium
2258 559 2453 631 jejuni
2483 558 2846 630 peregimus,
2880 564 2937 614 et
2965 557 3126 613 hunc
3158 557 3318 613 diem
3351 555 3612 613 sanctiﬁ-

1968 664 2179 704 cemus
2205 649 2433 721 absque
2456 648 2718 720 piscibus
2744 652 2801 704 et
2816 648 2968 712 oleo,
2992 652 3239 718 excepto
3263 646 3525 703 Sabbato
3547 660 3616 702 ac

1969 738 2063 793 die
2093 738 2420 803 Dominico,
2453 737 2671 810 quibus
2700 737 2791 793 his
2820 736 3132 793 vescimur.
3170 736 3358 793 Simili
3388 736 3618 792 ratione

1972 828 2363 897 transigimus
2405 832 2617 884 caetera
2655 842 2898 899 quoque
2929 825 3239 897 pervigilia
3289 824 3500 881 Christi
3529 840 3621 880 so-

1971 916 2347 973 lemnitatum
2371 932 2383 970 :
2417 916 2564 971 festo
2590 920 2796 971 tamen
2822 920 3107 986 sequente
3122 914 3414 985 jejunium
3447 913 3620 970 solvi-

1972 1022 2128 1071 mus,
2169 1021 2534 1077 quecunque
2568 1006 2811 1060 demum
2856 1004 2950 1060 die
2979 1003 3304 1069 obvenerit,
3337 1007 3400 1058 ut
3436 1018 3622 1075 supra.

1972 1094 2256 1159 diximus,
2310 1096 2370 1150 in
2412 1094 2705 1150 honorem
2759 1094 2941 1150 Patris
2984 1093 3075 1148 cui
3128 1092 3509 1165 complacuit,
3566 1095 3623 1147 et

1974 1184 2097 1239 neti
2130 1183 2269 1239 Filii.
2301 1185 2433 1240 Jam
2465 1183 2615 1239 sicut
2644 1184 2843 1256 ipsum
2877 1182 3045 1238 illum
3076 1182 3257 1249 diem,
3285 1182 3365 1238 ita
3393 1186 3450 1237 et
3474 1181 3622 1237 alios

1976 1288 2080 1328 sex
2097 1271 2461 1343 peregimus,
2480 1287 2555 1327 ne
2574 1271 2766 1327 tristes
2782 1287 3209 1343 appareamus,
3238 1272 3391 1327 sicut
3408 1269 3625 1341 ingrati

1976 1361 2183 1426 Judaei,
2213 1362 2272 1417 in
2298 1361 2452 1433 ejus,
2483 1361 2586 1434 qui
2616 1376 2726 1417 nos
2756 1359 3122 1429 reformavit,
3153 1360 3479 1417 nativitate.

2050 1634 2103 1683 7.
2139 1629 2317 1685 Porro
2350 1628 2409 1683 in
2436 1625 2747 1699 pervigilio
2776 1640 3021 1698 quoque
3061 1624 3357 1682 luminum
3393 1625 3630 1696 jejuna-

1982 1733 2118 1774 mus
2141 1716 2407 1771 similiter
2426 1715 2504 1771 ab
2529 1715 2680 1783 oleo,
2699 1715 2983 1787 piscibus,
3006 1714 3256 1787 aliisque
3279 1714 3626 1780 condituris,

1981 1812 2103 1864 toto
2133 1806 2248 1862 die.
2282 1810 2351 1861 At
2380 1820 2520 1861 vero
2547 1806 2746 1877 ipsum
2777 1804 2938 1861 diem
2970 1804 3340 1876 Epiphaniae,
3381 1803 3633 1876 quilibet

1982 1896 2105 1951 dies
2124 1896 2217 1965 sit,
2237 1895 2467 1967 absque
2492 1894 2610 1950 ulla
2622 1894 2983 1950 abstinentia
3003 1895 3261 1964 agimus,
3277 1894 3354 1950 ad
3377 1893 3631 1964 gratiam

1982 1991 2039 2041 et
2068 1985 2317 2056 gloriam
2346 1984 2662 2055 baptizati;
2694 1988 2875 2056 atque
2901 1983 2982 2039 ob
3011 1988 3189 2040 tantae
3229 1983 3436 2053 gratiae
3462 1998 3629 2039 exor-

1982 2074 2170 2138 dium,
2205 2073 2566 2129 mersionem
2596 2088 2839 2143 quoque
2870 2072 3174 2144 publicam
3204 2071 3480 2129 facimus.
3511 2072 3631 2127 Hoc

1983 2168 2182 2220 autem
2211 2168 2483 2219 nostrum
2502 2162 2575 2217 de
2595 2161 2901 2217 homicida
2917 2161 3160 2216 diabolo
3175 2161 3463 2231 gaudium
3480 2161 3529 2232 ej
3542 2176 3635 2215 us-

1983 2253 2149 2309 modi
2175 2258 2289 2319 est;
2321 2268 2430 2308 ceu
2460 2251 2507 2306 si
2538 2251 2673 2323 quis
2700 2267 2887 2322 opum
2917 2251 3109 2321 gratia
3139 2266 3175 2306 a
3195 2266 3333 2321 rege
3361 2254 3631 2322 accepta,

1985 2359 2058 2400 ea
2088 2343 2309 2414 potitus
2340 2340 2503 2413 apud
2534 2357 2595 2396 se
2620 2339 3000 2396 laetabundus
3038 2340 3299 2395 fueretur
3328 2356 3339 2393 :
3376 2344 3436 2395 at
3472 2339 3632 2394 enim

1988 2438 2123 2505 post
2147 2438 2378 2502 tempus
2404 2430 2669 2502 aliquod,
2698 2430 2901 2485 nescio
2933 2430 3067 2501 quis
3094 2429 3249 2484 alius
3275 2428 3506 2485 hostilis
3532 2427 3637 2483 ad-

1987 2521 2478 2591 versariusetque
2500 2520 2795 2591 superbus
2808 2534 2947 2574 eum
2964 2518 3241 2574 alicunde
3254 2518 3634 2588 aggrediens,

1990 2610 2293 2683 possessis
2343 2608 2561 2681 opibus
2609 2608 2910 2679 spoliaret,
2964 2609 3331 2679 insuperque
3379 2607 3640 2664 violenta

1991 2715 2175 2772 paena
2203 2698 2491 2768 afﬂigeret
2523 2714 2533 2753 :
2568 2714 2691 2769 quo
2723 2713 2863 2753 mox
2895 2697 3158 2753 facinore
3190 2696 3315 2766 regi
3347 2696 3637 2760 nuntiato,

1992 2790 2044 2844 is
2072 2787 2499 2860 superveniret,
2532 2803 2602 2842 ac
2629 2786 2910 2842 rebellem
2949 2786 3115 2841 illum
3147 2786 3272 2841 sine
3304 2786 3639 2841 misericor-

1994 2877 2093 2933 dia
2140 2876 2395 2948 puniret,
2442 2882 2498 2931 et
2535 2883 2801 2947 ereptam
2854 2876 3116 2946 praedam
3166 2875 3348 2945 priori
3391 2874 3640 2930 domino

1993 2967 2344 3023 restitueret.
2390 2967 2453 3020 Et
2498 2964 2744 3036 quidem
2790 2964 2983 3033 magis
3014 2964 3192 3019 etiam
3231 2979 3416 3035 quam
3465 2967 3643 3019 antea

1992 3056 2289 3112 laetabitur
2330 3054 2409 3110 ob
2438 3053 2551 3109 hoc
2590 3053 2819 3124 regium
2860 3052 3110 3118 facinus,
3151 3052 3317 3124 quod
3355 3051 3645 3107 formide-

1993 3145 2111 3201 bile
2132 3143 2489 3200 adversariis
2518 3142 2601 3197 ﬁt.
2638 3142 2760 3197 Peri
2794 3157 2937 3211 ergo
2964 3142 3144 3197 modo
3174 3141 3462 3197 Dominus
3487 3156 3643 3213 quo-

1995 3250 2111 3307 que
2141 3239 2341 3289 noster
2370 3238 2579 3288 contra
2609 3230 2890 3287 rebellem
2929 3230 3164 3286 hostem
3191 3247 3252 3285 se
3278 3244 3512 3299 gerens,
3543 3229 3644 3284 de-

1996 3324 2082 3380 dit
2103 3323 2278 3379 nobis
2300 3322 2587 3393 majorem
2609 3336 2795 3393 quam
2818 3319 2898 3375 illi
2921 3320 3103 3391 priori
3127 3319 3361 3375 homini
3388 3318 3643 3386 gratiam

1994 3410 2485 3482 regenerationis.
2504 3412 2655 3479 Ergo
2677 3409 2737 3464 in
2763 3409 2877 3465 hac
2899 3424 3005 3481 per
3022 3424 3246 3480 aquam
3276 3413 3332 3463 et
3358 3407 3643 3479 Spiritum

1998 3501 2443 3572 regeneratione
2468 3498 2691 3570 duplex
2719 3498 2893 3554 nobis
2922 3498 2987 3553 ﬁt
3015 3497 3350 3569 puriﬁcatio
3381 3516 3393 3555 :
3424 3495 3644 3552 etenim

1996 3606 2101 3663 per
2130 3605 2355 3661 aquam
2396 3604 2614 3659 corpus
2643 3588 2893 3651 lavatur,
2940 3602 3046 3658 per
3078 3586 3362 3657 Spiritum
3394 3585 3642 3657 spiritus

1994 3685 2335 3737 renovatur.
2363 3677 2578 3743 Quidni
2609 3677 2788 3746 igitur
2812 3675 3138 3731 laetandum
3173 3691 3243 3730 ac
3268 3675 3647 3746 gestiendum

1997 3768 2205 3825 salutis
2226 3772 2445 3823 nostra:
2467 3782 2655 3822 causa
2677 3765 2797 3820 sit?
2818 3768 3108 3836 Namque,
3134 3768 3195 3819 ut
3216 3780 3327 3834 ego
3349 3764 3644 3829 existimo,

1999 3858 2046 3912 si
2076 3858 2211 3929 quis
2237 3857 2351 3912 hoc
2386 3856 2481 3910 die
2512 3854 2702 3911 sancti
2734 3853 3018 3925 baptismi
3058 3870 3182 3909 non
3214 3852 3465 3923 laetatur,
3506 3852 3648 3907 huic

1997 3962 2387 4019 nequaquam
2427 3944 2670 4013 effulget
2699 3958 2967 4014 praesens
2999 3944 3213 4012 gratia,
3259 3942 3363 3998 sed
3394 3947 3647 3998 moestus

2000 4041 2270 4108 apparet,
2302 4040 2359 4090 et
2386 4033 2714 4104 irreligioso
2744 4031 3137 4104 improbeque
3167 4047 3228 4087 se
3267 4031 3466 4097 habet,
3500 4031 3649 4087 dum

2002 4125 2263 4182 salutare
2292 4124 2523 4179 donum
2547 4122 2840 4178 tribuitur.

2000 4219 2090 4268 καὶ
2165 4213 2324 4275 ἀθέως
2395 4209 2655 4265 διάκειται
2723 4215 2814 4263 καὶ
2871 4219 3107 4284 πονηρῶς
3146 4209 3229 4263 ἰπὶ
3280 4217 3341 4282 τῇ
3402 4214 3646 4285 σωτηρίῳ

298 4414 457 4482 Περὶ
494 4416 605 4473 τῆς
645 4407 1014 4483 ἑϐδομάδος
1052 4419 1165 4474 τῆς
1204 4418 1714 4486 προφωνησίμου
1754 4414 1885 4487 (17).

2042 4416 2126 4471 De
2155 4412 2523 4471 hebdomade
2556 4410 3054 4487 proclamationis
3088 4408 3340 4480 (Latinis
3379 4414 3613 4481 septua-

374 4604 447 4665 η’.
490 4602 759 4669 Ὡσαύτως
813 4609 906 4666 τὴν
963 4616 1057 4671 τῆς
1099 4614 1373 4683 προφωνῆς
1427 4605 1722 4681 ἑϐδομάδα,
1774 4611 1822 4662 ἓν
1864 4629 1894 4683 ῃ

298 4695 709 4767 ἀναγινώσκεται
746 4699 805 4750 τὸ
856 4699 987 4772 ἱερὸν
1036 4697 1345 4770 Εύαγγέλιον
1393 4705 1485 4751 τοῦ
1536 4698 1751 4751 τελώνου
1808 4709 1898 4756 καὶ

296 4792 391 4839 τοῦ
423 4790 733 4861 Φαρισαίου,
785 4783 1066 4860 διαλύομεν
1106 4792 1194 4841 καὶ
1252 4788 1414 4847 αὐτὴν
1467 4788 1535 4850 εἰς
1580 4794 1681 4841 πᾶν
1735 4785 1895 4855 εἶδος,

298 4876 475 4937 καθὼς
523 4876 627 4949 ἄρα
666 4874 1019 4949 παρελάϐομεν
1073 4877 1173 4929 ὑπὸ
1226 4885 1325 4929 τῶν
1379 4881 1478 4952 πρὸ
1534 4879 1681 4951 ἡμῶν
1736 4878 1897 4950 ἁγίων

303 4968 544 5039 Πατέρων
576 4978 591 4997 ⁶
660 4964 789 5039 οὐχὶ
837 4961 930 5018 διὰ
980 4985 1097 5020 τινα
1152 4963 1460 5042 ὄρθόδοξίαν
1485 4968 1515 5026 ἡ
1548 4974 1635 5020 νῦν
1666 4964 1896 5041 ἑϐδομὰς

2696 4483 2961 4554 gesima).

2078 4615 2127 4667 8.
2161 4610 2436 4666 Similiter
2460 4609 2638 4665 etiam
2677 4606 3167 4680 proclamationis
3196 4602 3651 4663 hebdomadam

2006 4702 2068 4757 in
2115 4716 2237 4773 qua
2281 4698 2498 4769 legitur
2546 4712 2783 4754 sacrum
2822 4698 3200 4767 evangelium
3242 4695 3551 4768 publicani
3598 4696 3655 4751 et

2004 4788 2300 4853 Pharisaei,
2323 4786 2667 4859 peregimus
2694 4786 2861 4842 omni
2891 4785 3253 4842 abstinentia
3276 4784 3550 4849 liberam,
3578 4784 3652 4839 si-

2006 4884 2107 4934 cut
2133 4895 2168 4935 a
2198 4877 2417 4933 sanctis
2435 4877 2650 4933 nostris
2678 4874 2960 4931 traditum
2990 4874 3258 4931 Patribus
3286 4873 3650 4945 accepimus.

2009 4969 2210 5040 Neque
2247 4966 2326 5023 ob
2356 4964 2620 5037 aliquam
2668 4962 3089 5021 orthodoxiam
3128 4962 3284 5021 hanc
3313 4961 3653 5018 hebdoma-

1866 5097 1911 5151 Ν
1916 5091 2093 5151 ΟΤΑΕ.

378 5194 493 5270 (15)
518 5193 847 5271 Deijejunio
883 5194 1153 5271 Deiparae
1176 5198 1474 5271 appellato
1502 5200 1623 5270 agit
1647 5200 1902 5257 Anasta-

306 5266 431 5341 sius
463 5266 639 5341 apud
658 5266 1011 5341 Coteleriuni
1041 5273 1150 5341 Op.
1183 5266 1240 5327 et
1260 5266 1413 5328 ’tom.
1447 5273 1543 5327 cit.

348 5412 360 5422 .
381 5340 686 5422 (16)_’Q‘uia
717 5340 966 5422 fortasse
996 5340 1324 5422 ambiguus
1349 5349 1437 5399 est
1481 5342 1793 5422 hic_locus_,
1828 5359 1902 5422 eu

308 5412 440 5486 ejus
470 5412 938 5486 declarationem
956 5429 1038 5486 ex
1067 5414 1184 5470 alio
1217 5414 1434 5485 scripto
1470 5415 1543 5469 de
1575 5414 1813 5486 jejuniis
1840 5415 1902 5470 in

309 5481 526 5539 eOdem
557 5484 781 5551 codice,
816 5501 879 5556 p;
908 5484 1014 5558 163
1048 5498 1061 5539 ;
1117 5490 1190 5558 Τῇ
1232 5481 1505 5558 παρὶιμονῇ
1550 5481 1649 5538 τοῦ
1672 5492 1903 5558 Χριστοῦ

308 5558 596 5636 γεννήσεως
649 5559 739 5608 καὶ
786 5555 888 5626 τῷν
933 5555 1095 5626 ἁγίων
1151 5555 1449 5628 θεοφανείων
1478 5555 1675 5620 νήστεις
1710 5555 1901 5617 διατη-

2006 5207 2213 5275 ροῦμεν,
2245 5198 2423 5275 καὶᾷού
2479 5197 2795 5275 καταλύομεν
2844 5194 3009 5251 ἔλαιον
3066 5196 3097 5253 ἣ
3153 5195 3366 5269 ἰχθύας,
3420 5190 3564 5259 ἐκτὸς
3613 5192 3658 5248 εἰ

2007 5270 2220 5343 τύχωσι
2251 5270 2498 5345 Σαᾷϐάτῳ
2529 5272 2856 5345 ἡ-Κυριακῇ.

2079 5326 2187 5412 El?)
2218 5328 2501 5399 Scribitur
2530 5326 2858 5413 aliquando
2888 5339 3288 5413 etiamjrpchn.
3314 5339 3427 5413 _Sic
3456 5341 3656 5395 autem

2009 5409 2239 5487 dicitur,
2283 5414 2425 5487 quia
2456 5422 2597 5487 tunc
2626 5409 3028 5487 admonentur
3055 5409 3263 5487 ﬁdeles
3294 5410 3368 5487 de
3409 5415 3656 5487 venturo

2005 5484 2256 5567 jejunio.
2283 5480 2597 5566 Superhac
2623 5482 2929 5540 Dominica
2946 5486 3000 5537 et
3014 5481 3396 5539 hebdomade
3409 5480 3657 5538 Allatius

2009 5557 2244 5614 dissert.
2274 5572 2411 5614 mox
2436 5555 2697 5623 citanda,
2728 5554 2848 5614 col.
2884 5553 3025 5611 1414
3053 5568 3175 5627 seq.

2075 5569 2244 5614 SSBI‘I.
2274 5572 2411 5614 mox
2436 5569 2697 5623 extenua,
2728 5569 2848 5614 001.
2884 5569 3025 5611 1414
3053 5569 3175 5623 seq.
