4058 6274
503 261 642 315 1699

1762 256 1820 312 S.
1863 253 2228 312 THEODORI
2268 254 2589 313 STUDITE

3710 263 3864 320 1⁸700

499 389 642 443 dam
694 389 776 442 ita
821 383 1222 454 transigimus,
1279 382 1380 439 sed
1435 386 1500 438 ut
1555 381 1947 451 irreligiosum
2002 381 2128 437 illuc

2259 379 2549 448 διαλύεται,
2583 382 2690 435 ἀλλ’
2738 382 2822 437 ἶνα
2851 385 2990 447 ὅπως
3026 386 3084 438 τὸ
3137 387 3283 440 ἄθεον
3339 385 3499 440 έκεῖνο
3525 385 3701 461 δόγμα
3726 387 3863 443 δια-

499 475 725 546 dogma
753 473 1106 546 explodatur
1131 471 1518 544 impurissimi
1550 470 1697 526 Petri
1727 470 2146 526 Armeniorum

499 564 786 637 episcopi,
819 579 1000 635 quem
1034 564 1424 634 Lycopetrum
1454 559 1635 630 vulgo
1659 559 1884 615 dicunt.
1914 559 2146 631 Quippe

497 654 595 710 ille
635 653 812 724 plane
858 651 1211 708 maledictus
1257 651 1480 721 dogma
1510 650 1712 704 statuit
1755 648 2146 704 sectatoribus

496 744 641 808 suis,
676 749 740 798 ut
767 742 923 798 hanc
948 740 1398 796 hebdomadam
1425 755 1532 794 ceu
1559 743 1832 794 sanctam
1864 737 2144 794 observa-

494 838 628 889 rent
656 837 863 896 totam,
885 834 1128 902 propter
1152 829 1363 900 lupum
1385 829 1586 884 nescio
1613 843 1792 900 quem
1813 827 2144 898 pessimum

494 928 552 978 et
568 919 1058 977 abominabilem.
1079 921 1195 975 Nos
1219 933 1360 974 vero
1382 918 1477 973 Dei
1495 917 1664 989 plebs
1682 917 1930 972 liberam
1954 921 2142 972 totam

493 1011 905 1080 transigimus,
937 1009 1016 1064 ob
1051 1007 1285 1063 illorum
1324 1023 1462 1064 cum
1491 1023 1601 1062 suo
1646 1006 1972 1076 irreligioso
2003 1005 2143 1062 stul-

494 1105 674 1172 toque
704 1100 987 1168 dogmate
1024 1097 1466 1153 refutationem.
1503 1098 1770 1151 Testatur
1799 1101 2000 1151 autem
2033 1095 2140 1151 ali-

492 1189 633 1244 cubi
658 1191 927 1261 ipsorum
957 1187 1389 1243 absurditatem
1413 1200 1669 1254 magnus
1691 1185 1870 1240 etiam
1896 1185 1954 1239 in
1981 1184 2139 1239 theo-

489 1277 649 1348 logia
671 1277 984 1348 Gregorius
1002 1277 1116 1331 sic1
1149 1291 1164 1331 :
1193 1275 1361 1330 Haud
1388 1273 1641 1345 simplex
1664 1273 1806 1328 mihi
1831 1280 2140 1345 comperta

489 1374 578 1422 est
618 1367 1035 1422 Armeniorum
1066 1381 1233 1435 gens,
1275 1363 1381 1419 sed
1410 1363 1715 1418 latebrosa
1744 1369 1800 1418 et
1839 1363 2134 1430 subdola;

488 1458 710 1528 quibus
723 1456 923 1512 verbis
945 1456 1163 1511 horum
1179 1453 1358 1508 ﬁdem
1378 1469 1484 1508 ceu
1507 1451 1853 1509 obvolutam
1873 1452 2133 1520 sugillat.

491 1547 767 1603 Similiter
791 1551 850 1601 et
869 1547 930 1601 in
946 1544 1354 1608 hebdomada,
1377 1543 1747 1614 caseoprivii,
1769 1547 1904 1612 post
1925 1542 2134 1597 horam

486 1652 715 1693 nonam
757 1651 931 1691 caseo
976 1640 1033 1690 et
1061 1635 1190 1690 ovis
1237 1632 1554 1698 vescimur,
1589 1636 1651 1687 ut
1686 1633 1763 1686 ab
1802 1630 1990 1702 impio
2019 1633 2136 1688 ritu

2256 470 2384 544 λυθῇ
2463 480 2555 524 τοῦ
2634 472 2966 545 παμϐεϐἠλου
3034 480 3230 549 Πέτρου
3309 479 3594 530 ἐπισκόπου
3653 480 3865 554 Ἀρμε-

2255 565 2374 613 νίων
2403 561 2537 634 (18),
2595 563 2648 615 ὃν
2700 569 2788 616 καὶ
2841 568 3170 639 Λυκόπετρον
3231 563 3368 619 οἶδεν
3418 567 3622 640 ὁλόγος
3651 568 3859 624 καλεῖν.

2256 649 2478 714 Ἐκεῖνος
2517 656 2687 705 τοίνυν
2739 654 2765 704 ὁ
2813 657 3232 729 τρισκατάρατος
3284 658 3623 728 ἱνομοθέτησε
3669 654 3862 730 δόγμα

2253 747 2358 802 τοῖς
2389 742 2528 813 αύτῷ
2561 747 2942 810 συνεπομένοις,
2972 746 3054 797 ἵνα
3103 749 3198 804 τὴν
3255 753 3342 798 νῦν
3382 742 3657 819 ἑϐδομάδα
3685 747 3858 819 ἁγνὴν

2252 837 2425 883 πᾶσαν
2457 829 2805 907 διατηρῶσιν,
2838 829 2932 885 διά
2959 853 3098 896 τινος
3126 833 3282 888 λύκου
3341 835 3458 907 (19)
3517 844 3702 889 σκαιοῦ
3757 842 3856 889 καὶ

2251 923 2655 996 μυσαρωτάτου.
2687 921 2863 994 Ἡμεῖς
2902 919 2962 975 δὲ
2991 924 3017 975 ὀ
3051 931 3140 976 τοῦ
3175 928 3368 996 Κυρίου
3414 923 3538 986 λαός
3567 922 3854 998 διαλύομεν

2251 1015 2442 1074 πᾶσαν,
2503 1014 2630 1084 πρὸς
2687 1010 2978 1085 ἀνατροπὴν
3031 1016 3232 1065 ἓκείνων
3281 1017 3370 1066 καὶ
3407 1020 3499 1067 τοῦ
3557 1013 3710 1068 ἀθέου
3757 1019 3855 1068 καὶ

2249 1097 2468 1158 ἀνοήτου
2525 1097 2815 1172 δόγματος.
2897 1109 3271 1176 Συμμαρτυρεί
3341 1123 3441 1156 που
3495 1106 3690 1157 τούτων
3752 1109 3849 1162 τὴν

2249 1187 2701 1264 ἀπανθρωπότητα
2751 1195 2840 1243 καὶ
2887 1192 2912 1242 ὀ
2970 1191 3018 1242 έν
3077 1191 3312 1265 θεολογίᾳ
3361 1197 3521 1265 μέγας
3559 1198 3849 1269 Γρηγόριος

2247 1277 2442 1350 λέγων’
2491 1283 2614 1351 Οὐχ
2664 1279 2857 1332 ἁπλοῦν
2913 1285 3048 1352 γένος
3114 1283 3340 1356 εὑρίσκω
3390 1291 3490 1335 τῶν
3547 1283 3853 1356 Ἀρμενίων,

2249 1365 2377 1420 ἀλλά
2421 1367 2611 1440 μᾶλλον
2660 1372 2886 1441 κρυπτὸν
2914 1388 2968 1421 τε
3022 1374 3112 1421 καὶ
3142 1369 3332 1442 ύφαλον
3371 1369 3482 1441 (20)
3517 1388 3530 1400 ’
3567 1368 3602 1424 δ
3607 1391 3857 1444 ιακωμῳο

2249 1453 2356 1509 δῶν
2404 1461 2598 1511 τούτων
2649 1462 2741 1517 τὴν
2797 1466 2892 1520 τῆς
2937 1463 3160 1520 πίστεως
3214 1459 3529 1532 ὑφαλότητα.
3574 1459 3858 1524 Ὡσαύτως

2247 1553 2336 1600 καὶ
2366 1552 2459 1606 τὴν
2509 1556 2605 1610 τῆς
2647 1549 3070 1619 τυροαποθέσεως
3128 1545 3402 1622 ἑϐδομάδα
3449 1547 3726 1622 διαλύομεν
3758 1556 3858 1603 καὶ

2247 1636 2409 1694 αὐτὴν
2461 1639 2590 1709 μετά
2639 1641 2734 1695 τὴν
2785 1639 2994 1696 ἑννάτην
3048 1637 3116 1698 εἰς
3160 1642 3316 1712 τυρὸν
3359 1643 3448 1692 καὶ
3479 1639 3574 1704 ὠὰ,
3609 1639 3673 1691 ἶν’
3716 1640 3861 1692 ἀνα-

485 1726 838 1782 recedamus
876 1724 1279 1780 Jacobitarutn
1319 1731 1375 1778 et
1403 1721 1856 1777 Tetraditarum.
1890 1724 2034 1777 Nam
2075 1723 2128 1776 in

2246 1726 2512 1800 τρέψωμεν
2561 1731 2652 1784 τὴν
2734 1723 2970 1785 δυσσεϐῆ
3029 1729 3308 1802 θρησκείαν
3365 1736 3464 1780 τῶν
3532 1729 3857 1782 Ἰακωϐιτῶν

485 1815 857 1887 tyrophagiaa
895 1812 1300 1874 hebdomada,
1344 1811 1562 1866 idcirco
1603 1811 1759 1866 vetiti
1792 1827 2024 1875 sumus,
2071 1819 2132 1866 ut

485 1919 597 1976 ego
627 1905 898 1973 arbitror,
925 1919 960 1958 a
987 1901 1208 1958 sanctis
1231 1901 1505 1956 Patribus
1531 1916 1709 1955 carne
1736 1900 1909 1965 vesci,
1943 1900 2032 1956 vel
2051 1901 2130 1958 ob

483 1992 801 2050 monastici
831 1992 1057 2048 ordinis
1091 1991 1467 2054 memoriam,
1499 1989 1593 2045 vel
1613 1989 1691 2046 ob
1714 1996 1925 2062 typum
1958 2005 2131 2046 novas

481 2097 770 2156 purasque
797 2083 931 2138 vitm
958 2081 1384 2137 exhibendum.

553 2262 606 2316 9.
620 2263 741 2317 Jam
756 2261 814 2317 in
830 2265 1040 2318 sancta
1053 2275 1396 2332 magnaque
1407 2258 1866 2332 quadragesima
1878 2259 2060 2315 semel
2072 2260 2133 2316 in

482 2351 579 2406 die
620 2351 941 2416 vescimur,
987 2350 1134 2405 hora
1172 2364 1352 2412 nona.
1389 2353 1445 2403 et
1492 2347 1734 2420 quidem
1783 2347 1989 2414 aridis,
2031 2353 2134 2405 aut

482 2441 659 2496 etiam
698 2439 1104 2509 leguminibus
1149 2438 1382 2509 absque
1411 2437 1573 2507 oleo;
1624 2453 1820 2510 neque
1853 2438 1986 2494 vino
2026 2439 2134 2494 uti-

484 2545 639 2598 mur,
658 2535 907 2601 eycepto
929 2527 1191 2584 Sabbato
1204 2533 1258 2582 et
1273 2527 1368 2581 die
1390 2527 1722 2584 Dominico.
1751 2527 2132 2583 Comedimus

481 2623 537 2674 et
566 2633 744 2674 omne
773 2633 960 2688 genus
992 2621 1407 2679 testaceorum,
1435 2621 1489 2670 et
1511 2615 1748 2671 ossibus
1773 2617 2126 2683 carentium,

480 2712 534 2763 et
548 2707 929 2772 salsamenta,
946 2705 1379 2760 indubitanter:
1406 2704 1600 2776 pisces
1617 2720 2002 2776 nequaquam
2022 2721 2129 2777 per

479 2797 594 2852 hoc
642 2801 914 2851 sanctum
956 2795 1278 2867 jejunium,
1322 2799 1570 2864 excepto
1603 2794 1888 2859 Sabbato,
1938 2801 1995 2850 et
2032 2795 2126 2850 die

479 2886 819 2958 palmarum
851 2884 1178 2951 Dominico,
1207 2883 1285 2938 ad
1309 2883 1598 2938 honorem
1632 2884 1760 2954 ejus
1784 2884 1888 2956 qui
1915 2900 1951 2940 a
1975 2885 2125 2955 jeju-

476 2976 578 3031 nio
604 2975 869 3038 veniens,
902 2974 1175 3029 convivio
1207 2972 1619 3044 interfuitpost
1643 2973 1845 3028 Lazari
1877 2975 2122 3030 suscita-

2245 1821 2335 1868 καὶ
2364 1812 2692 1888 Τετραδιτῶν
2747 1816 2859 1886 (21)
2891 1834 2902 1845 ·
2937 1817 3069 1874 αὕτη
3111 1822 3280 1869 τοίνυν
3315 1819 3345 1876 ἡ
3375 1821 3664 1891 τυροφάγος
3694 1814 3857 1870 ἑϐδο-

2245 1908 2363 1976 μάς,
2406 1907 2474 1967 ὡς
2528 1907 2692 1976 ἔγωγε
2742 1903 2907 1978 οἶμαι,
2950 1905 3180 1964 ἐκωλύθη
3249 1913 3340 1959 τοῦ
3386 1911 3456 1979 μὴ
3504 1906 3694 1960 ἐσθίειν
3742 1907 3856 1959 αύ-

2241 1999 2335 2053 τὴν
2369 1998 2496 2070 κρέα
2545 1995 2645 2046 ὑπὸ
2689 2002 2788 2046 τῶν
2837 1995 2997 2066 ἁγίων
3043 1999 3304 2068 Πατέρων,
3339 1993 3374 2049 δ
3381 1998 3416 2048 ι’
3438 1996 3725 2069 ἀνάμνησιν
3753 2006 3856 2058 τῆς

2244 2093 2540 2156 μοναχικῆς
2566 2083 2778 2153 τάξεως,
2810 2085 2840 2144 ἣ
2872 2081 2966 2138 διὰ
2995 2087 3160 2138 τύπου
3211 2093 3304 2147 τῆς
3342 2090 3456 2148 νέας
3488 2091 3577 2139 καὶ
3605 2089 3857 2160 καθαρᾶς

2242 2173 2504 2234 πολιτείας
2521 2173 2652 2244 (2'2).

2317 2261 2380 2317 θ’.
2419 2267 2525 2320 Τὴν
2555 2259 2614 2314 δε
2643 2262 2798 2334 ἁγίαν
2845 2269 2935 2316 καὶ
2978 2263 3206 2336 μεγάλην
3235 2269 3665 2336 τεσσαρακοστὴν
3697 2264 3853 2328 ἅπαξ

2245 2353 2482 2424 ἐσθίομεν
2530 2358 2624 2414 τῆς
2684 2354 2878 2427 ἡμέρας
2950 2351 2997 2404 ἓν
3054 2360 3118 2425 τῇ
3176 2353 3220 2405 θ’
3279 2352 3615 2426 ξηροφαγίαν,
3661 2354 3691 2412 ἣ
3751 2358 3846 2406 καὶ

2245 2444 2438 2515 ὄσπρια
2467 2440 2586 2494 ἄνευ
2617 2440 2787 2494 ἐλαίου
2821 2463 2834 2476 ο
2895 2441 3012 2495 οὒτε
3059 2444 3212 2512 οἶνον,
3244 2442 3407 2518 πάρεξ
3451 2441 3718 2496 Σαϐϐάτου
3751 2449 3846 2496 καὶ

2245 2530 2558 2603 Κυριακῆςο
2608 2533 2844 2603 ἓσθίομέν
2902 2551 2956 2584 τε
3007 2537 3096 2584 καὶ
3147 2529 3615 2605 ὀστρακοδέρματα
3667 2535 3845 2585 πάντα

2241 2618 2461 2672 ἀνόστεά
2510 2639 2565 2673 τε
2621 2625 2710 2672 καὶ
2757 2622 2996 2693 ταρύχια
3046 2618 3468 2682 ἀνενδοιάστως·
3524 2621 3720 2693 ἰχθύας
3781 2619 3844 2675 δε

2238 2705 2486 2780 οὐδαμῶς
2543 2711 2780 2782 ἑσθίόμεν
2831 2713 2918 2767 τὴν
2965 2709 3118 2781 ἁγίαν
3173 2709 3333 2769 αὐτὴν
3393 2715 3657 2776 νηστείαν,
3701 2710 3838 2770 πλὴν

2235 2805 2297 2870 τῇ
2327 2800 2496 2871 ἡμέρᾳ
2525 2806 2616 2851 τοῦ
2650 2797 2939 2868 Σαϐϐάτου,
2987 2804 3077 2852 καὶ
3130 2807 3190 2858 τῆ
3233 2805 3465 2872 Κυριακῇ
3519 2808 3617 2852 τῶν
3645 2797 3831 2872 βαῖων,

2239 2887 2306 2948 εἰς
2337 2884 2494 2950 δόξαν
2532 2895 2625 2939 τοῦ
2673 2887 3007 2950 κατελθόντος
3049 2886 3105 2940 ix
3160 2896 3256 2950 τῆς
3287 2893 3543 2955 νηστείας,
3578 2893 3668 2942 καὶ
3715 2907 3834 2942 συν-

2235 2979 2598 3040 εσθιασθέντος
2645 2976 2729 3030 ἐπὶ
2770 2985 2833 3049 τῇ
2897 2985 2989 3029 τοῦ
3060 2977 3308 3052 Λαζάρου
3356 2976 3590 3052 ἕγέρσει’
3657 2983 3686 3036 ἧ
3743 2976 3830 3031 καὶ

476 3067 698 3121 tionem
729 3079 740 3118 :
776 3064 863 3120 vel
887 3063 1136 3119 omnino
1157 3063 1358 3128 etiam,
1386 3062 1528 3134 quia
1555 3067 1610 3117 et
1637 3062 1767 3122 haec
1791 3078 1911 3118 una
1931 3068 2019 3119 est
2047 3064 2122 3120 de

2243 3063 2501 3139 ἀριδήλως
2531 3069 2601 3128 ὡς
2651 3071 2745 3138 μία
2790 3066 2926 3118 οὖσα
2975 3071 3065 3119 καὶ
3104 3066 3234 3125 αύτὴ
3293 3074 3392 3118 τῶν
3444 3075 3535 3120 τοῦ
3592 3075 3823 3143 Χριστοῦ

477 3155 660 3210 sacris
693 3153 899 3208 Christi
930 3151 1429 3208 solemnitatibus.
1460 3157 1529 3207 At
1557 3153 1716 3207 enim
1749 3158 1955 3209 sancta
1996 3169 2124 3210 ma-

477 3259 595 3316 gna
624 3241 1008 3298 hebdomada
1029 3240 1214 3312 jejuni
1243 3241 1491 3296 omnino
1522 3246 1879 3310 perstamus,
1913 3242 1963 3297 si
1992 3243 2123 3299 ﬁeri

475 3337 690 3404 potest,
723 3331 954 3404 absque
977 3332 1155 3386 etiam
1177 3329 1309 3385 oleo
1335 3335 1390 3385 et
1413 3330 1579 3391 vino;
1613 3331 1726 3384 nisi
1752 3331 1916 3402 quod
1939 3331 1997 3386 in
2020 3347 2122 3388 no-

476 3427 687 3478 cturna
704 3420 900 3492 vigilia
921 3425 1146 3475 sanctae
1169 3418 1491 3490 passionis,
1513 3419 1776 3474 bibimus
1796 3419 2022 3493 aliquid
2042 3421 2123 3477 ob

473 3510 890 3568 necessitatem
921 3525 990 3564 ac
1020 3509 1308 3565 laborem.
1349 3508 1650 3578 Jejunium
1677 3510 1897 3580 pariter
1929 3525 2123 3582 usque

475 3599 552 3654 ad
591 3614 906 3671 vesperam
942 3613 1163 3669 magno
1195 3596 1458 3652 Sabbato
1499 3598 1944 3665 continuamus,
1985 3599 2118 3664 hoc.

474 3687 747 3758 inquam,
775 3687 902 3743 solo
927 3687 1108 3741 totius
1139 3685 1315 3741 annis
1353 3685 1635 3742 Sabbato.
1666 3692 1736 3742 At
1767 3703 1905 3743 vero
1935 3691 2123 3744 totam

473 3775 881 3832 diacaenesimi
927 3774 1053 3838 (lat.
1084 3774 1145 3829 in
1190 3774 1364 3835 albis)
1404 3773 1850 3832 hebdomadam
1893 3777 2122 3847 jejunio

468 3865 721 3920 liberam
754 3866 1010 3935 agimus,
1033 3863 1110 3919 ad
1132 3864 1421 3920 honorem
1439 3865 1566 3932 ejus
1597 3865 1696 3936 qui
1729 3881 1838 3921 nos
1861 3866 2123 3923 vivifica-

474 3955 557 4009 vit
583 3953 704 4008 Filii
730 3955 846 4014 Dei.
882 3955 1052 4018 Quod
1081 3955 1127 4007 si
1149 3954 1284 4025 quis
1309 3953 1369 4008 in
1388 3954 1499 4010 hac
1523 3953 1689 4010 haud
1712 3954 2124 4012 indubitanter

475 4042 771 4107 comedat,
806 4043 910 4097 sed
937 4043 1176 4114 judaice
1205 4043 1432 4098 tristem
1463 4059 1524 4098 se
1556 4048 1743 4113 gerat,
1777 4049 2121 4102 sanctorum

475 4135 713 4188 Patrum
745 4133 1111 4190 anathemati
1146 4132 1517 4202 subjiciatur.

549 4221 632 4275 10.
675 4226 743 4276 At
771 4221 930 4277 enim
962 4236 998 4276 a
1041 4222 1308 4277 secunda
1336 4222 1574 4277 Thomae
1605 4221 1792 4294 (dom.
1838 4223 1895 4278 in
1946 4223 2119 4296 albis)

471 4309 794 4381 incipimus
832 4309 1143 4365 defunctos
1172 4309 1380 4366 fratres
1423 4326 1918 4377 commemorare,
1953 4319 2008 4368 et
2037 4313 2119 4368 fe-

474 4400 575 4454 riis
617 4405 834 4472 quarta
877 4405 933 4454 et
981 4405 1148 4455 sexta
1187 4399 1610 4455 abstinentiam
1655 4399 2048 4456 observamus
2084 4418 2120 4458 a
2152 4434 2196 4488 ο

473 4504 652 4545 carne
677 4494 734 4544 et
764 4504 957 4544 caseo.
1001 4491 1417 4542 Verumtamen
1447 4493 1727 4560 quartam
1756 4489 1966 4545 feriam
2003 4491 2119 4546 Me-

473 4584 918 4650 sopentecostes
947 4577 1141 4632 visum
1167 4581 1254 4632 est
1280 4577 1582 4632 nonnullis
1598 4583 1735 4635 ante
1764 4595 1874 4636 nos
1895 4582 2116 4636 sanctis

472 4669 758 4739 Patribus,
801 4672 1112 4740 propterea
1144 4667 1308 4738 quod
1349 4673 1436 4721 est
1473 4665 1818 4724 solemnitas
1863 4671 2113 4736 Domini,

544 4759 560 4792 ¹
596 4759 753 4814 Orat.
785 4773 940 4828 xuii,
975 4757 1062 4811 17.

2237 3157 2382 3208 θείων
2439 3156 2645 3228 ἑορτῶν.
2687 3160 2793 3213 Τὴν
2851 3152 2910 3208 δι
2945 3155 3098 3226 ἁγίαν
3133 3155 3362 3228 μεγάλην
3413 3152 3692 3228 ἑϐδομάδα
3741 3162 3823 3213 νή-

2235 3264 2374 3307 στεις
2406 3246 2610 3306 πάντως
2668 3241 3040 3320 διατηροῦμεν,
3095 3245 3139 3298 εἰ
3181 3241 3422 3314 δυνατόν,
3472 3249 3589 3299 οὔτε
3632 3246 3824 3310 ἔλαιον,

2233 3337 2351 3386 οὔτε
2396 3331 2550 3402 οἶνον,
2599 3333 2763 3406 πάρεξ
2809 3341 2871 3406 τῇ
2933 3332 3192 3406 ἀγρυπνίᾳ
3252 3342 3352 3386 τῶν
3399 3334 3559 3406 ἁγίων
3625 3337 3829 3400 παθῶν,

2232 3428 2368 3476 πίειν
2393 3443 2445 3475 τι
2472 3426 2602 3496 πρὸς
2652 3428 2746 3481 τὴν
2791 3427 2981 3498 χρείαν
3013 3419 3108 3475 διὰ
3153 3425 3239 3475 τόν
3274 3428 3438 3476 κόπον
3471 3439 3484 3453 ο
3509 3425 3704 3496 ὁμοίως
3739 3431 3836 3483 νή-

2236 3532 2375 3574 στεις
2447 3513 2535 3573 ἓως
2591 3511 2686 3582 ὀψὲ
2725 3519 2797 3582 τῷ
2849 3511 3055 3584 μεγάλῳ
3135 3511 3381 3584 Σαϐϐάτῳ
3451 3509 3834 3587 διατηρούμεν,

2233 3601 2370 3672 αύτῷ
2429 3606 2518 3653 καὶ
2569 3605 2728 3672 μόνῳ,
2787 3600 3038 3653 ούποτοῡν
3095 3601 3230 3672 ἄλλῳ
3284 3609 3357 3672 τῷ
3413 3603 3512 3673 ὅλῳ
3563 3601 3784 3672 ἐνιαυτῷ
3816 3619 3831 3634 ·

2231 3695 2326 3748 τὴν
2359 3687 2419 3743 δέ
2445 3709 2504 3762 γε
2532 3689 2741 3742 ἅπασαν
2789 3686 3064 3762 ἑϐδομάδα
3107 3697 3203 3753 τῆς
3246 3687 3282 3744 δ
3287 3697 3660 3764 ιακαινησίμου
3690 3691 3834 3764 (23),

2234 3775 2511 3850 διαλύομεν
2553 3783 2642 3830 καὶ
2691 3778 2852 3836 αὐτὴν
2901 3780 2968 3839 είς
3017 3776 3173 3842 δόξαν
3246 3787 3334 3832 τοῦ
3398 3780 3838 3842 ζωοποιήσαντος

2232 3868 2366 3938 ἡμᾶς
2395 3870 2518 3920 Υἱοῡ
2549 3875 2640 3919 τοῦ
2668 3875 2800 3921 Θεοῦ
2835 3885 2848 3898 ⁸
2903 3867 2948 3919 εἰ
2978 3865 3038 3920 δέ
3066 3887 3148 3930 τις
3175 3868 3267 3920 οὐκ
3309 3870 3471 3921 ἐσθίει
3501 3869 3665 3928 αὐτὴν
3692 3867 3839 3922 ἀνι-ν-

2233 3952 2515 4020 δοιάστως,
2572 3955 2700 4008 ἀλλά
2761 3953 3045 4018 ἰουδαίκῶς
3097 3959 3508 4028 σκυθρωπάζων,
3563 3965 3638 4028 τῷ
3697 3956 3835 4010 ἀνα-

2234 4048 2417 4119 θέματὶ
2447 4050 2678 4099 πιπτέτω
2708 4054 2808 4099 τῶν
2831 4045 2992 4118 ἁγίων
3027 4051 3289 4120 Πατέρων.

2305 4224 2353 4277 ι’.
2389 4225 2521 4280 Ἀπὸ
2571 4222 2630 4278 δὲ
2676 4232 2770 4287 τῆς
2927 4232 3020 4278 τοῦ
3081 4232 3248 4299 Θωμᾶ
3301 4224 3576 4298 ἀρχόμεθα
3627 4245 3832 4298 μνημο-

2229 4316 2386 4366 νεύειν
2466 4322 2566 4366 τῶν
2613 4318 2994 4388 κεκοιμημένων
3049 4311 3300 4387 ἀδελφῶν,
3377 4320 3466 4368 καὶ
3543 4311 3831 4390 διατηροῦ-

2229 4423 2319 4475 μεν
2367 4403 2416 4454 ἐν
2447 4410 2509 4474 τῇ
2545 4399 2592 4455 δ’
2621 4407 2712 4455 καὶ
2747 4403 2796 4467 ς·’
2844 4404 2916 4466 εἰς
2969 4408 3096 4479 κρέα
3124 4408 3214 4456 καὶ
3260 4403 3332 4466 εἰς
3386 4408 3558 4476 τυρόν.
3611 4407 3717 4462 Τήν
3767 4400 3829 4457 δέ

2226 4511 2286 4564 γε
2327 4489 2559 4567 τετράδα
2622 4500 2714 4553 τῆς
2761 4499 3263 4554 Μεσοπεντηκοστῆς
3315 4491 3432 4563 (24)
3510 4488 3659 4554 ἔδοξέ
3713 4511 3826 4544 τισι

2226 4589 2324 4632 τῶν
2369 4585 2468 4654 πρὸ
2506 4582 2652 4653 ἡμῶν
2694 4580 2853 4652 ἀγίων
2894 4585 3132 4653 Πατάρων
3194 4577 3288 4633 διὰ
3338 4583 3396 4632 τὸ
3445 4578 3575 4633 εἶναι
3631 4577 3821 4634 δεσπο-

2223 4675 2396 4740 τικὴν,
2447 4675 2536 4723 καὶ
2593 4667 2688 4724 διὰ
2747 4679 2900 4724 τοῦτο
2948 4674 3006 4723 τὸ
3053 4666 3396 4742 παράδειγμα
3446 4667 3702 4724 διαλῦσαι
3729 4672 3813 4722 αύ-

2032 4832 2072 4886 Ν
2081 4829 2258 4888 ΟΤᾸΕ.

541 4919 656 4990 (18)
713 4917 790 4990 De
833 4917 948 4990 hoc
987 4916 1404 4990 Armeniorum
1449 4917 1695 4989 jejunio,
1748 4919 1843 4975 cui
1894 4935 2115 4976 nomen

472 4988 880 5054 artziburium,
915 4988 1089 5044 docte
1129 4989 1279 5044 inter
1309 4988 1462 5045 alios
1488 4988 1706 5046 multos
1749 4990 1993 5046 Allatius
2033 4993 2117 5048 De

469 5060 792 5134 Dominicis
806 5067 860 5116 et
881 5061 1053 5134 hebd.
1075 5061 1434 5125 Graecorum,
1452 5068 1588 5132 post
1607 5078 1760 5134 opus
1776 5064 1852 5117 De
1871 5078 2116 5118 consen-

471 5149 541 5186 su
581 5132 818 5204 dissert.
853 5131 965 5188 col.
995 5133 1132 5204 1515
1164 5148 1332 5204 seqq.

545 5202 654 5272 (19)
701 5205 927 5274 Lupum
976 5202 1137 5269 dicit,
1184 5202 1309 5274 qui
1331 5219 1538 5258 canem
1582 5203 1768 5274 Sergii
1813 5204 2118 5260 haeresiar-

545 5220 654 5272 μυ)
702 5220 927 5274 Lupum
976 5220 1137 5269 dicit,
1231 5221 1288 5258 ιιι
1331 5220 1538 5258 canem
1582 5220 1768 5273 pergil
1813 5220 1884 5258 na

471 5273 597 5328 chae
629 5274 954 5329 devoravit.
984 5274 1153 5330 Allat.
1184 5220 1420 5330 gissert.
1449 5275 1545 5329 cit.
1579 5273 1690 5330 col.
1727 5276 1884 5329 1418.

543 5344 652 5418 (20)
686 5344 749 5398 In
777 5345 996 5401 codicis
1030 5347 1300 5415 margine
1336 5345 1539 5412 glossa
1577 5351 1704 5401 est:
1755 5345 1944 5418 ὕφαλον
1981 5345 2116 5418 λέγει

468 5419 526 5468 τὸ
560 5415 950 5488 λανθανόμενον.

546 5487 659 5558 (21)
711 5486 795 5544 Ita
841 5490 1020 5544 etiam
1071 5487 1440 5559 Nicephorus
1475 5486 1817 5559 patriarcha
1863 5504 1997 5546 can.
2048 5492 2113 5547 33

471 5559 640 5634 apud
671 5559 914 5618 Coteler.
947 5575 1047 5632 op.
1079 5559 1176 5617 cit.
1218 5564 1256 5615 t.
1292 5559 1378 5613 III.
1409 5558 1624 5615 ἀξίω.

2297 4918 2412 4990 (22)
2450 4917 2664 4975 Confer
2693 4919 2907 4976 Callisti
2941 4919 3361 4992 Synaxarium,
3406 4934 3670 4992 necnon
3699 4919 3822 4992 Bal-

2227 4989 2542 5062 samOnem
2573 4993 2735 5062 apud
2757 4989 3032 5047 Allatiuin
3058 4991 3288 5046 dissert.
3317 4991 3412 5046 cit.
3440 4989 3558 5047 col.
3589 4991 3750 5048 1424.

2295 5061 2409 5142 (23)
2451 5061 2862 5131 Hedemada,
2891 5079 3025 5134 quae
3047 5063 3261 5119 festum
3290 5062 3527 5118 Pascha:
3549 5065 3823 5133 proxime

2295 5139 2514 5189 uultur.
2547 5134 2761 5189 dicitur
2791 5131 3218 5189 διακαινήσιμος.
3269 5134 3433 5189 auod
3462 5148 3685 5188 nomen
3712 5132 3823 5189 ha-

2225 5134 2514 5213 sequitur,
2547 5134 2761 5189 dicitur
2791 5134 3218 5206 διακαινήσιμος,
3269 5134 3433 5206 quod
3462 5148 3685 5188 nomen
3712 5134 3823 5189 ha-

2222 5204 2353 5277 buit
2379 5220 2448 5260 ex
2463 5205 2671 5260 Christi
2700 5208 3147 5271 resurrectione,
3174 5221 3294 5277 qua
3319 5206 3824 5277 omniarenovata

2223 5275 2480 5349 fuerunt.
2515 5277 2601 5332 Ita
2615 5284 2878 5349 sanctus,
2910 5275 3275 5349 Epiphanius
3299 5291 3478 5332 serm.
3499 5277 3584 5349 De
3601 5275 3819 5331 Pasch.

2226 5347 2306 5399 Ἐν
2363 5349 2522 5420 ταύτῃ
2604 5351 2814 5411 καινοὺς
2863 5347 3087 5411 ἐπήξατο
3153 5356 3215 5422 τῇ
3294 5353 3464 5400 κτίσει
3525 5347 3676 5421 ὅρους
3730 5351 3821 5400 καὶ

2221 5437 2528 5618 ζοῖέαξῖῶθ
2567 5491 3065 5564 Mesopentecoste
3118 5489 3364 5547 Allatius
3419 5489 3658 5546 dissert.
3718 5488 3816 5546 cit.

2257 5577 2290 5616 ο
2319 5603 2332 5616 .
2509 5599 2523 5612 .
3801 5607 3804 5610 .

2223 5576 2332 5617 σοι.
2365 5576 2523 5617 1459.
3801 5607 3804 5610 .
