4058 6274
294 277 427 338 1701

1538 272 1967 335 CATECHESIS
2009 273 2370 334 CHRONICA

3504 283 3642 343 i702

290 412 386 466 τήν
412 407 548 479 (25).
596 406 796 478 Ὠσπερ
844 407 1024 478 γοῦνό
1069 407 1296 478 Χριστὸς
1343 404 1482 465 λίθος
1513 402 1877 478 ἀκρογωνιαίος

1996 401 2073 457 ad
2089 402 2267 473 hujus
2291 404 2435 460 ritus
2451 420 2728 463 normam
2754 408 3101 479 transigere.
3126 410 3286 467 Sicut
3311 426 3453 481 ergo
3482 413 3639 468 Chri-

289 494 494 568 λέγεταί
524 516 575 550 τε
603 502 693 549 καὶ
740 499 897 562 ἔστιν,
943 500 1033 548 xui
1062 497 1192 567 ὁμοῦ
1236 496 1328 556 τὰς
1384 491 1480 546 δύο
1526 490 1786 554 διαθήκας
1816 491 1885 552 εἰς

290 587 342 637 ἓν
380 587 673 652 συνάπτων,
726 585 888 647 οὕτως
938 589 1027 637 xui
1072 586 1101 643 ἡ
1160 591 1404 657 παροῦσα
1449 584 1620 656 ἡμέρα
1672 583 1885 633 ἐπισυν-

290 676 443 727 άπτει
496 681 584 733 τήν
654 694 707 727 τε
756 674 1064 740 ἀνάστασιν,
1117 679 1205 726 καὶ
1265 678 1357 730 τὴν
1427 676 1517 724 τόῦ
1592 673 1884 742 Πνεύματος

291 760 619 834 ἐπιφοίτησιν
649 781 661 793 ’
712 768 801 815 καὶ
851 762 1169 836 ἐπιφαίνεται
1206 767 1546 835 χαρμόσυνος
1593 762 1735 819 ἦνῦν
1772 758 1885 832 ἐορ-

289 856 350 910 τή
406 860 499 904 τοῦ
550 860 887 925 Μονογενοῦς,
943 856 1007 913 ὡς
1062 856 1218 925 μέσον
1266 854 1507 911 θεότητος
1564 868 1617 901 τε
1676 852 1763 899 καὶ
1795 846 1884 898 ἀν-

292 942 625 1013 θρωπότητος
653 941 808 1003 αύτός
859 938 1207 1007 δοξαζόμενος
1243 946 1333 993 καὶ
1380 941 1828 1014 προσκυνούμενος
1859 951 1873 963 ⁸

290 1025 385 1081 διά
431 1049 512 1082 τοι
558 1037 710 1083 τοῦτο
758 1033 807 1083 οἱ
835 1035 934 1106 πρὸ
966 1034 1111 1103 ἡμῶν
1153 1032 1315 1090 αὐτὴν
1361 1026 1740 1090 ἀνενδοιάστως
1770 1026 1881 1101 ἑόρ-

288 1119 444 1180 ταςόν
474 1139 524 1172 τε
552 1124 642 1172 καὶ
694 1120 765 1181 εἰς
810 1126 910 1173 πᾶν
961 1121 1151 1175 ἕσθιον.
1183 1128 1290 1173 Νῦν
1324 1117 1382 1173 δὲ
1437 1121 1461 1172 ὁ
1503 1126 1713 1191 χωρῶν,
1766 1138 1881 1188 χω-

285 1212 441 1281 ρείτω
474 1208 522 1260 ἐν
552 1211 739 1281 ταύτῃ,
794 1209 838 1261 εἰ
890 1206 1111 1262 δυνατόν
1164 1209 1278 1281 (96)
1312 1231 1324 1242 ’
1358 1212 1450 1267 τήν
1507 1204 1564 1261 δέ
1620 1226 1679 1278 γε
1729 1206 1882 1258 πάλιν

285 1293 559 1369 ἑϐδομάδα
611 1306 703 1351 τοῦ
759 1298 910 1370 ἁγίου
971 1302 1286 1371 Πνεύματος,
1321 1295 1599 1370 διαλύομεν
1650 1300 1741 1347 xui
1792 1298 1884 1347 αῦ-

286 1391 381 1444 τήν
435 1387 501 1448 εὶς
562 1393 682 1455 πᾶν,
741 1384 834 1440 διὰ
889 1393 975 1446 τήν
1032 1396 1123 1440 τοῦ
1189 1391 1487 1460 Πνεύματος
1535 1390 1880 1457 ἆπιφοίτησιν.

284 1481 481 1546 ’Ὠσπερ
507 1478 607 1549 γάρ
641 1475 723 1530 δεῖ
746 1482 955 1550 χαίρειν
1002 1476 1084 1530 ἐπὶ
1124 1485 1185 1549 τῇ
1219 1486 1310 1529 τοῦ
1354 1479 1476 1529 Υίοῦ
1506 1480 1764 1547 γεννήσει,
1793 1478 1882 1525 xui

288 1564 371 1617 ἐπὶ
415 1573 475 1638 τῇ
529 1569 714 1619 τούτου
766 1568 1002 1637 ζωοποιῷ
1063 1567 1367 1633 ἀναστάσει,
1402 1564 1486 1619 δεῖ
1533 1569 1742 1637 χαίρειν
1793 1567 1883 1615 καὶ

287 1660 371 1706 επὶ
396 1663 455 1727 τῇ
484 1663 575 1707 τοῦ
616 1659 911 1729 Πνεύματος
938 1654 1176 1728 καθόδῳ.

361 1744 448 1800 ια’.
483 1744 641 1799 Ἰστω
682 1744 742 1798 δέ
797 1767 888 1817 μοι
934 1753 1056 1811 πᾶς,
1092 1748 1171 1799 ὅτι
1202 1748 1256 1799 αἱ
1304 1748 1393 1817 μὲν
1425 1740 1510 1797 οὖν
1556 1752 1691 1817 τρεῖς
1737 1738 1884 1795 ἐϐὃο.
1916 1769 1960 1823 Β

283 1830 471 1905 μάδες,
512 1832 748 1893 δηλονότι
797 1844 892 1898 τῆς
927 1840 1230 1907 γεννήσεως,
1261 1840 1351 1887 καὶ
1403 1844 1498 1897 τῆς
1530 1833 1880 1893 ἀναστάσεως,

282 1928 375 1976 καὶ
434 1932 525 1985 τῆς
580 1934 671 1978 τοῦ
725 1926 875 1997 ἁγίου
926 1929 1218 2000 Πνεύματος
1256 1925 1643 1998 ἐπιφοιτήσεως,
1676 1924 1742 1984 εἰς
1795 1926 1880 1975 τύ-

280 2032 378 2065 πον
410 2012 470 2065 ἂν
517 2016 642 2086 ἡμῖν
695 2015 934 2074 εἴληπται
985 2024 1075 2077 τῆς
1128 2016 1434 2090 ζωαρχικῆς
1483 2019 1573 2066 xui
1625 2032 1878 2086 τρισυπο-

285 2104 481 2155 στάτου
517 2100 760 2178 Τριάδος.
813 2108 877 2159 Ai
920 2102 978 2157 δὲ
1007 2105 1118 2177 μετ’
1149 2105 1310 2165 αύτάς
1342 2101 1438 2157 δύο
1486 2111 1581 2165 τῆς
1610 2109 1878 2175 προφωνῆς

280 2195 373 2243 καὶ
430 2199 520 2253 τῆς
580 2196 1021 2266 τυροαποθέσεως,
1072 2192 1165 2246 διά
1236 2214 1290 2247 τε
1362 2196 1451 2254 τὰς
1500 2194 1748 2267 αἱρέσεις,
1814 2190 1875 2252 ἂς

281 2281 474 2333 ἄνωθεν
540 2281 836 2355 εἰρήκαμεν,
886 2284 1022 2345 ὅπως
1094 2288 1165 2355 μή
1225 2288 1558 2355 συνεπόμενοι
1611 2285 1874 2353 φαίνοιμεν

279 2375 395 2430 ταῖς
436 2378 534 2421 τῶν
583 2370 860 2443 εἰρημένων
904 2370 1275 2433 ἀνοσιωτάταις
1320 2370 1715 2432 διδασκαλίαις.
1769 2374 1875 2428 Τήν

283 2454 344 2510 δέ
388 2478 449 2530 γε
494 2466 756 2526 νηστείαν,
811 2460 842 2518 ἢ
891 2466 982 2513 xui
1009 2470 1107 2513 τῶν
1150 2461 1448 2514 ἀποστόλων
1492 2464 1871 2532 κηρυττομένη,

283 2543 633 2621 διατηροῦμεν
660 2553 729 2610 ὡς
757 2554 846 2602 xui.
876 2558 970 2623 τῇς
1022 2558 1257 2623 Χριστοῦ
1306 2555 1585 2621 γεννήσεως
1626 2548 1675 2600 έν
1700 2556 1761 2620 τῇ
1798 2545 1873 2619 β’,

284 2632 357 2701 δ’,
381 2637 432 2699 ς’
461 2654 472 2665 ⁸
506 2642 599 2696 τήν
627 2635 686 2690 δὲ
716 2640 910 2713 ἡμέραν
944 2647 1045 2691 τῶν
1076 2639 1376 2691 ἀποστόλων
1419 2647 1518 2690 τῶν
1567 2634 1664 2690 δυο
1695 2638 1724 2696 ἢ
1776 2644 1874 2688 τῶν

286 2721 494 2777 δώδεκα
520 2728 578 2778 ού
620 2725 894 2801 διαλύομεν
926 2729 994 2790 εἰς
1022 2733 1148 2800 κρέα
1176 2734 1261 2781 xui
1307 2728 1378 2789 εἰς
1424 2731 1595 2798 τυρὸν,
1645 2727 1687 2779 εἰ
1730 2728 1870 2798 τύχῃ

284 2809 332 2864 δ’
386 2813 430 2873 ἴθ’
479 2815 548 2881 ς’,
586 2815 695 2868 ἀλλ’
742 2818 771 2875 ἢ
804 2822 955 2889 μόνον
986 2818 1179 2889 ἰχθύας
1224 2823 1314 2870 xui
1363 2817 1552 2871 ἔλαιον.
1607 2816 1878 2876 Ὡσαύτως

281 2907 373 2955 καὶ
430 2908 523 2962 τὴν
564 2915 658 2966 τῆς
714 2912 971 2960 Θεοτόκου
1036 2912 1281 2965 νηστείαν
1330 2904 1682 2980 διατηροῦμεν
1716 2922 1729 2936 '
1786 2908 1874 2955 xui

281 2991 446 3050 αὐτὴν
506 2998 600 3051 τὴν
654 2996 848 3067 ἡμέραν
918 3003 1011 3058 τῆς
1073 3001 1517 3069 μεταμορφώσεως
1597 2991 1875 3065 διαλύομεν

281 3079 353 3141 εἰς
402 3080 593 3152 ἰχθύας
644 3089 731 3135 καὶ
786 3083 954 3136 ἔλαιον
988 3103 1002 3117 ’
1045 3084 1089 3136 εἰ
1132 3088 1222 3136 xui
1264 3080 1371 3135 ἔδει
1419 3079 1669 3135 διαλύσαι
1712 3082 1873 3137 αύτήν
1914 3114 1954 3171 C

280 3166 629 3245 ἀλλοτρόπως,
682 3171 807 3224 ἀλλά
840 3170 933 3225 διὰ
984 3184 1076 3231 τήν
1124 3178 1369 3231 νηστείαν
1421 3172 1727 3226 κεκώλυται.
1767 3174 1872 3227 Τήν

280 3254 341 3310 δὲ
371 3258 532 3317 αὐτὴν
577 3263 772 3333 ἡμέραν
821 3269 909 3322 τῆς
962 3261 1116 3333 ἁγίας
1174 3267 1469 3333 κοιμήσεως
1498 3269 1590 3323 τῆς
1630 3280 1874 3332 παναμω-

278 3352 450 3420 μήτου
503 3353 591 3401 xui
623 3355 969 3426 Θεομήτορος,
1005 3351 1046 3404 εἰ
1076 3354 1217 3423 τύχη
1254 3347 1300 3401 δ’
1328 3350 1358 3409 ή
1403 3349 1475 3415 ς·’,
1504 3350 1562 3403 ού
1594 3346 1872 3421 διαλύομεν

269 3437 355 3499 εἰς
390 3442 538 3513 κρέα,
595 3440 625 3499 ἦ
685 3440 754 3500 εἰς
804 3444 980 3512 τυρόν,
1034 3437 1127 3493 διὰ
1164 3443 1219 3492 τό
1249 3445 1384 3511 μέγα
1416 3442 1592 3512 θαῦμα
1627 3444 1716 3492 καὶ
1757 3460 1871 3512 φρι-

274 3531 400 3581 κτὸν
429 3536 521 3582 τοῦ
547 3526 850 3601 παραδόξου
902 3532 1086 3582 τούτου
1116 3530 1303 3584 ὕπνου.
1343 3531 1409 3583 Οἱ
1436 3532 1538 3601 γὰρ
1579 3531 1704 3582 θεῖοι
1759 3534 1873 3581 τότε

274 3626 370 3671 τοῦ
445 3626 679 3692 Σωτῆρος
731 3618 1032 3685 ἀπόστολοι,
1074 3621 1143 3680 ὡς
1195 3622 1404 3693 εὕρομεν
1471 3619 1521 3669 ἐν
1561 3626 1669 3680 τοῖς
1721 3620 1872 3677 θείοις

279 3710 663 3783 συγγράμμασι
740 3708 1031 3780 Κλήμεντος
1085 3716 1177 3761 τοῦ
1247 3707 1518 3781 Ῥωμαίου,
1566 3714 1698 3783 τρεῖς
1746 3707 1873 3765 πλή-

274 3817 385 3870 ρεις
433 3801 632 3872 ἡμέρας
685 3806 758 3868 τῷ
814 3800 959 3869 τάφῳ
1016 3800 1385 3871 προσμένοντες
1453 3794 1609 3865 ἦσαν,
1656 3800 1749 3859 ἓως
1811 3796 1871 3848 οὗ

273 3888 376 3939 ὑπὸ
410 3889 547 3939 θείου
580 3885 796 3957 ἀγγέλου
837 3890 894 3937 τὸ
926 3892 1027 3937 πᾶν
1078 3889 1380 3957 ἐμυήθησαν
1411 3887 1547 3959 (27).
1600 3893 1683 3940 Ἐν
1726 3882 1786 3938 δέ
1813 3905 1871 3956 γε

275 3983 339 4047 τῇ
391 3976 627 4048 ἀποτομῆ
678 3983 770 4028 τοῦ
802 3977 942 4028 θείου
991 3973 1323 4050 Προδρόμου,
1362 3976 1406 4028 εἰ
1456 3979 1598 4048 τύχη
1632 3972 1682 4026 δ’
1732 3976 1760 4033 ἦ
1797 3973 1868 4039 ς’,

276 4064 336 4116 ού
394 4063 671 4137 διαλύομεν
733 4066 977 4125 ὡσαύτως
1029 4064 1165 4135 (28),
1223 4061 1361 4117 διότι
1405 4069 1493 4116 xui
1556 4064 1685 4121 αύτή
1722 4070 1869 4135 φόνον

276 4153 485 4207 ἀνόσιον
505 4160 595 4208 xui
623 4156 841 4208 θάνατον
865 4153 1199 4226 ἐπιφέρουσα.

352 4330 443 4404 ιβ’,
491 4332 619 4393 Ἐως
667 4330 772 4387 ὧδε
821 4335 852 4391 ἠ
902 4332 1025 4405 παρ’
1074 4334 1216 4403 ἐμοῦ,
1278 4328 1510 4403 ἀδελφοὶ,
1563 4337 1865 4405 συγγραφὴ,

1996 496 2124 546 stus
2170 493 2386 548 dicitur
2421 499 2477 549 et
2524 500 2613 551 est
2663 497 2967 567 angularis
3013 498 3181 570 lapis,
3224 504 3279 555 et
3321 504 3639 573 utrumque

1994 583 2417 638 testamentum
2477 583 2825 656 conjugens,
2879 586 2963 642 ita
3026 587 3121 643 hic
3188 588 3316 644 dies
3375 590 3641 663 conjugit

1991 671 2483 727 resurrectionem
2504 689 2641 729 cum
2672 674 2920 746 Spiritus
2951 676 3247 733 adventu:
3268 684 3640 752 apparetqua

1991 757 2127 813 laeta
2166 758 2294 815 haec
2331 762 2675 819 solemnitas
2721 764 3035 833 Unigeniti,
3072 766 3175 839 qui
3214 770 3277 822 ut
3315 768 3638 825 divinitatis

1992 854 2047 903 et
2075 848 2465 906 humanitatis
2494 852 2787 908 mediator
2826 854 3191 925 gloriﬁcatur
3228 861 3285 912 et
3322 857 3630 915 adoratur.

1995 938 2307 1009 Propterea
2344 941 2604 1011 majores
2638 942 2822 997 nostri
2860 943 3058 1014 ipsam
3100 945 3507 1002 indubitanter
3550 963 3643 1003 so-

1991 1025 2253 1082 lemnem
2310 1028 2637 1096 habebant,
2683 1034 2739 1085 et
2799 1031 3063 1103 quolibet
3108 1032 3242 1090 cibo
3297 1034 3637 1092 utebantur.

1991 1115 2159 1171 Nunc
2186 1133 2327 1173 vero
2349 1118 2452 1190 qui
2483 1119 2643 1192 capit
2673 1121 2872 1192 capiat
2910 1121 2973 1177 in
2998 1122 3131 1188 hac,
3157 1124 3204 1178 si
3231 1129 3445 1195 potest.
3487 1127 3639 1181 Rur-

1993 1220 2093 1258 sus
2152 1207 2337 1261 sancti
2384 1224 2626 1281 quoque
2675 1210 2924 1282 Spiritus
2981 1211 3430 1270 hebdomadam
3496 1213 3641 1269 libe-

1992 1309 2121 1348 ram
2171 1295 2418 1352 omnino
2464 1297 2781 1365 habemus,
2830 1304 3069 1373 propter
3110 1301 3361 1373 Spiritus
3414 1303 3640 1359 adven-

1995 1388 2140 1438 tum.
2176 1386 2323 1439 Nam
2364 1386 2534 1442 sicuti
2573 1387 2900 1444 laetandum
2932 1394 3021 1445 est
3050 1391 3111 1445 in
3158 1391 3280 1446 Filii
3312 1393 3636 1449 nativitate.

1992 1474 2049 1525 et
2085 1471 2145 1527 in
2194 1472 2464 1543 ejusdem
2496 1474 2731 1532 viviﬁca
2767 1479 3217 1545 resurrectione,
3260 1479 3344 1535 ita
3370 1480 3553 1537 etiam
3576 1480 3637 1536 in

1994 1560 2240 1631 Spiritus
2265 1562 2556 1620 descensu
2575 1565 2961 1635 gaudendum
2992 1573 3095 1623 est.

2064 1739 2148 1795 11.
2183 1741 2401 1796 Omnes
2419 1747 2619 1798 autem
2640 1760 2874 1800 mecum
2900 1751 3249 1815 agnoscant,
3276 1751 3392 1803 tres
3413 1746 3638 1803 hebdo-

1995 1829 2205 1884 madas
2237 1829 2453 1886 scilicet
2480 1832 2824 1896 nativitatis.
2858 1836 3323 1905 resurrectionis,
3356 1841 3410 1892 et
3450 1837 3639 1892 sancti

1990 1915 2260 1989 Spiritus,
2320 1920 2632 1987 adventus,
2665 1922 2724 1976 in
2757 1928 2968 1995 typum
2999 1940 3130 1980 esse
3171 1930 3515 1997 assumptas
3542 1941 3637 1981 su-

1988 2008 2501 2077 persubstantialis
2529 2010 2848 2079 Trinitatis,
2876 2028 3010 2085 quae
3043 2019 3098 2069 et
3123 2014 3257 2070 vitae
3297 2015 3492 2071 omnis
3505 2014 3635 2071 fons

1987 2100 2091 2151 est.
2126 2098 2200 2151 At
2226 2097 2380 2163 dure,
2406 2099 2682 2170 posthas,
2716 2100 3115 2158 hebdomadas
3141 2103 3632 2175 proclamationis

1986 2187 2477 2256 (septuagesima)
2533 2194 2588 2244 et
2652 2191 2999 2261 caseoprivii
3052 2193 3630 2266 (quinquagesimae),

1983 2281 2225 2346 propter
2265 2278 2640 2348 supradictas
2678 2279 2956 2345 haereses,
3000 2280 3220 2337 liberas
3259 2284 3516 2353 agimus,
3558 2299 3633 2340 ne

1981 2364 2724 2438 videamurpraedictorum
2751 2369 3501 2442 sectariirreligiosissimas
3531 2373 3635 2430 do-

1982 2453 2225 2510 ctrinas.
2256 2454 2437 2510 Porro
2462 2456 2779 2527 jejunium,
2812 2458 2976 2530 quod
3012 2460 3189 2515 etiam
3221 2462 3633 2532 apostolorum

1985 2542 2219 2607 dicitur,
2247 2544 2658 2611 observamus,
2699 2548 3217 2619 quemadmodum
3252 2550 3455 2606 Christi
3479 2566 3631 2623 quo-

1983 2647 2099 2703 que
2142 2632 2483 2699 nativitatis,
2542 2634 2702 2690 feriis
2756 2637 3043 2703 secunda,
3092 2643 3311 2711 quarta
3344 2643 3397 2695 et
3446 2644 3630 2698 sexta.

1984 2724 2257 2776 Attamen
2299 2722 2393 2778 die
2429 2724 2836 2794 apostolorum
2876 2725 3134 2782 duorum
3180 2728 3273 2783 vel
3310 2728 3631 2787 duodecim

1984 2826 2162 2866 carne
2210 2827 2331 2866 non
2358 2812 2580 2867 utimur
2612 2829 2805 2885 neque
2843 2831 3040 2886 caseo,
3076 2816 3125 2870 si
3152 2816 3299 2873 forte
3324 2817 3634 2891 sitquarta

1984 2899 2072 2954 vel
2101 2906 2267 2955 sexta
2306 2900 2471 2967 feria,
2506 2902 2611 2957 sed
2641 2902 2900 2974 piscibus
2940 2912 3171 2961 tantum
3213 2912 3268 2963 et
3306 2907 3458 2963 oleo.
3502 2908 3633 2964 Pari

1985 2989 2212 3044 ratione
2240 2991 2505 3062 Deiparaa
2532 3007 2772 3063 quoque
2790 2993 3085 3064 jejunium
3111 2994 3508 3052 observamus
3534 3015 3547 3053 :
3579 3002 3635 3053 et

1986 3078 2114 3148 ipso
2144 3079 2238 3132 die
2268 3080 2805 3149 transﬁgurationis
2832 3082 3097 3154 piscibus
3123 3088 3181 3139 et
3210 3084 3340 3141 oleo
3367 3086 3590 3142 utimur
3616 3102 3629 3140 :

1984 3170 2043 3221 et
2070 3183 2422 3239 quanquam
2461 3169 2621 3224 hunc
2652 3170 2817 3226 aliter
2850 3173 3176 3244 transigere
3206 3180 3525 3245 oporteret,
3550 3175 3635 3231 ni-

1983 3255 2307 3312 hilominus
2346 3258 2403 3313 id
2440 3274 2545 3329 per
2582 3259 2878 3330 jejunium
2922 3261 3170 3317 velatur.
3206 3265 3312 3319 Ast
3350 3263 3485 3336 ipso
3534 3264 3631 3320 die

1983 3345 2772 3404 dormitionisimmaculatas
2786 3349 3074 3421 Deiparae,
3093 3352 3460 3424 sicontingat
3488 3354 3636 3409 feria

1982 3442 2197 3506 quarta
2245 3436 2336 3491 vel
2383 3443 2568 3500 sexta,
2625 3454 2748 3493 non
2795 3440 3017 3495 utimur
3069 3456 3250 3496 carne
3286 3442 3379 3498 vel
3431 3459 3631 3510 caseo,

1982 3530 2224 3596 propter
2253 3540 2545 3595 magnum
2582 3527 3078 3601 tremendumque
3106 3530 3303 3586 somni
3323 3532 3634 3603 hujus;ad-

1983 3613 2241 3669 mirandi
2278 3614 2640 3685 prodigium,
2672 3619 2833 3673 Tunc
2848 3618 3010 3673 enim
3041 3619 3413 3676 venerabiles
3432 3621 3634 3680 Salva-

1982 3702 2122 3757 toris
2140 3702 2417 3774 apostoli,
2447 3709 2509 3759 ut
2538 3704 2597 3759 in
2624 3707 2809 3760 sacris
2828 3707 3062 3778 scriptis
3086 3710 3493 3780 comperimus
3507 3711 3626 3768 Cle-

1982 3792 2199 3846 mentis
2226 3793 2494 3859 Romani,
2531 3797 2646 3848 tres
2674 3794 2933 3866 integros
2953 3796 3080 3851 dies
3102 3797 3265 3868 apud
3291 3798 3631 3870 sepulcrum

1980 3882 2551 3946 manserunt,donec
2566 3882 2749 3939 adivo
2781 3884 2997 3953 angelo
3017 3886 3091 3940 de
3117 3902 3179 3941 re
3212 3890 3336 3943 tota
3355 3888 3633 3944 certiores

1980 3969 2116 4026 facti
2147 3972 2402 4028 fuerunt.
2442 3976 2502 4027 In
2543 3972 2935 4029 decollatione
2973 3981 3172 4030 autem
3215 3975 3338 4031 divi
3371 3979 3634 4032 Prtecur-

1980 4063 2152 4132 soris,
2177 4061 2227 4115 si
2264 4061 2393 4132 ejus
2423 4061 2715 4117 memoria
2757 4063 3061 4131 contigerit
3094 4068 3308 4136 quarta
3344 4064 3435 4120 vel
3466 4070 3633 4122 sexta

1979 4151 2146 4217 feria,
2189 4166 2359 4222 mque
2393 4150 2692 4221 jejunium
2731 4165 2853 4206 non
2883 4151 3196 4217 solvimus,
3240 4153 3382 4225 quia
3418 4159 3472 4210 et
3502 4154 3632 4226 ipsa

1979 4240 2209 4296 caedem
2239 4240 2489 4311 impiam
2524 4254 2850 4311 necemque
2881 4242 3058 4295 menti
3093 4242 3343 4311 oggerit.

2057 4335 2135 4385 t2.
2186 4332 2479 4385 Hactenus
2527 4343 2681 4394 mea,
2734 4327 2963 4393 fratres,
3018 4330 3333 4401 scriptura,
3386 4332 3630 4401 qualem

274 4425 341 4479 ἤν
383 4441 434 4474 τε
487 4420 702 4494 ἀνέγνων
747 4423 796 4475 ἐν
860 4431 958 4476 τῶν
1017 4421 1374 4475 ἀποστολικῶν
1417 4426 1504 4473 xui
1550 4421 1711 4493 ἁγίων
1764 4429 1868 4475 Πα-

1988 4419 2179 4486 tumin
2194 4416 2663 4490 aposticolorum
2693 4422 3161 4490 sanctorumque
3176 4419 3415 4475 Patrum
3447 4422 3630 4477 sacris

271 4515 433 4586 τέρως
483 4514 633 4574 θείοις
690 4514 1073 4586 συγγράμμασι
1144 4514 1233 4562 καὶ
1299 4511 1670 4582 ἑννομωτάτοις
1719 4516 1869 4563 κανό-

276 4620 335 4654 σι
368 4618 380 4629 ·
409 4605 499 4654 καὶ
551 4605 637 4654 τὸν
676 4610 766 4663 τῆς
795 4598 1103 4674 ὀρθοδοξίας
1132 4597 1270 4653 οἷκον
1316 4598 1537 4672 βεϐαίως
1589 4597 1868 4672 ᾠκοδομή-

272 4710 454 4764 καμεν,
487 4690 512 4742 ὃ
552 4690 604 4755 έξ
653 4692 823 4764 ἀρχῆς
854 4692 879 4743 ό
929 4691 1077 4763 λόγος
1124 4690 1404 4763 ἐπιχειρῶν
1452 4692 1704 4762 ἱμείρετο·
1741 4690 1868 4764 θαρ-

270 4781 348 4854 ῥῶ
416 4786 588 4833 τοίνυν
630 4786 828 4852 παγίως
870 4786 960 4833 xui
1007 4779 1274 4855 ἀραρότως
1325 4788 1397 4839 τῷ
1462 4784 1601 4851 μόνῳ
1670 4784 1757 4831 καὶ
1814 4782 1864 4832 ἑν

271 4867 457 4946 τριάδι
505 4874 940 4944 προσκυνουμένῳ
986 4878 1119 4941 Θεῷ,
1169 4871 1249 4922 ὅτι
1297 4869 1367 4931 εἰς
1446 4864 1752 4942 ὀρθοδοξίαν
1804 4870 1862 4920 τὸ

1975 4509 2144 4565 libris
2183 4513 2239 4563 et
2287 4506 2562 4579 apprime
2600 4505 2877 4575 legitimis
2915 4508 3250 4564 canonibus
3280 4527 3293 4577 ;
3327 4512 3510 4581 atque
3548 4510 3631 4567 ita

1975 4596 2345 4653 orthodoxiae
2385 4595 2639 4651 domum
2676 4595 2922 4651 ﬁrmiter
2967 4596 3423 4663 aediﬁcavimus,
3461 4599 3629 4670 quod

1970 4688 2098 4759 jam
2130 4686 2268 4741 inde
2307 4685 2387 4740 ab
2410 4684 2656 4740 exordio
2679 4701 2876 4740 sermo
2916 4690 3113 4741 noster
3142 4686 3253 4741 sibi
3279 4686 3626 4744 faciendum

1974 4777 2384 4849 proposuerat.
2418 4773 2667 4829 Conﬁdo
2696 4774 2872 4844 igitur
2910 4774 3154 4831 ﬁrmiter
3192 4775 3484 4847 enixeque
3523 4777 3626 4832 uni

1975 4872 2029 4921 et
2058 4866 2116 4920 in
2146 4862 2424 4920 Trinitate
2452 4862 2704 4920 adorato
2738 4866 2874 4927 Deo,
2912 4878 3025 4919 nos
3066 4864 3271 4919 omnia
3313 4864 3392 4920 ad
3426 4865 3626 4921 ortho-

1832 5008 2059 5068 NOTAE.

343 5148 451 5219 (25)
493 5151 557 5206 In
579 5148 785 5205 codice
815 5146 854 5203 f.
897 5147 1021 5203 162.
1058 5145 1294 5219 b.Alius
1322 5148 1549 5219 auctor,
1575 5144 1865 5200 Studitam

273 5217 546 5277 nostrum
573 5223 783 5287 citans,
810 5220 885 5276 de
905 5220 1018 5275 hac
1037 5226 1251 5289 quarta
1266 5217 1408 5270 feria
1429 5218 1867 5289 Mesopenteco-

279 5298 398 5347 stes
439 5293 518 5347 ita
567 5284 810 5348 scribit:
858 5284 1078 5349 Λῦοντεξ
1127 5289 1197 5349 εἰς
1249 5294 1348 5340 πᾶν
1375 5292 1469 5346 τὴν
1498 5284 1729 5359 τετράδα
1769 5294 1864 5358 τῇς

278 5370 802 5432 Μεσοπεντηκοστῆς,
870 5365 1037 5422 καθὼς
1070 5362 1127 5432 Δό
1182 5363 1419 5431 θεοφόρος
1484 5364 1662 5432 Πατὴρ
1719 5361 1864 5431 ἡμῶν

277 5432 545 5513 Θεόρωρος
574 5437 598 5487 ό
624 5431 883 5513 Στουδίων
922 5428 1217 5513 παρέδωκεν
1256 5428 1402 5513 ἡμῖν.
1436 5507 1445 5513 ι
1506 5501 1517 5510 θ
1547 5501 1557 5513 1
1634 5428 1675 5513 ἰ

351 5501 471 5577 (26)’
500 5509 722 5577 Nempe
743 5506 843 5576 qui
890 5501 1276 5577 potestierre,
1297 5501 1472 5567 ferat,
1504 5501 1561 5556 id
1593 5506 1683 5556 est
1716 5501 1869 5572 jeju-

276 5570 381 5637 net
408 5570 530 5650 {ex
560 5570 781 5634 Ma'tthf
798 5570 913 5630 XIX:
946 5578 1011 5630 t2
1035 5590 1048 5626 :
1076 5574 1103 5624 ὀ
1134 5570 1417 5645 δυνάμενος
1438 5579 1651 5646 χωρεῖν,
1678 5570 1868 5645 χωρεί-

1974 5164 2047 5197 τω
2082 5159 2095 5207 ;
2130 5140 2296 5213 qnod
2325 5140 2550 5213 dictum
2581 5139 2811 5213 videtur
2842 5139 2987 5195 mihi
3026 5140 3274 5211 pulchre
3295 5141 3625 5199 illuminari

1976 5211 2292 5284 aDidymo
2340 5212 2397 5266 in
2450 5212 2494 5265 ll
2536 5211 2613 5266 ad
2663 5212 2789 5267 Cor.
2837 5227 2957 5281 vni,
2983 5216 3035 5280 2,
3065 5213 3228 5283 apud
3278 5230 3387 5269 nos
3416 5217 3475 5271 T.
3530 5216 3619 5271 IV.

1976 5292 2127 5359 part.
2160 5303 2217 5350 ιι,
2253 5300 2311 5355 p.
2350 5286 2468 5338 134.
2831 5353 2842 5364 ,

2047 5358 2153 5419 (27)
2188 5355 2396 5412 Recole
2434 5352 2596 5409 dicta
2635 5369 2669 5408 a
2704 5352 2876 5408 nobis
2912 5353 2990 5409 ad
3030 5370 3369 5412 sermonem
3406 5357 3451 5411 V
3495 5359 3622 5414 Stu-

1977 5427 2340 5510 ditRpgstri
2368 5424 2725 5510 (supraﬂcol.
2757 5426 2856 5479 723
2884 5432 2940 5480 et
2968 5426 3187 5510 727)..“
3230 5497 3244 5510 ἱ
3317 5501 3327 5510 .
3571 5500 3581 5510 _

2051 5499 2163 5571 (28)
2197 5501 2275 5554 De
2301 5496 2919 5571 jejuniisGrascorum
2950 5497 3333 5571 promittebat
3372 5514 3434 5553 se
3471 5500 3619 5556 scri-

1979 5566 2223 5641 pturum
2248 5566 2376 5627 esse
2400 5566 2647 5624 Allatius
2673 5568 2733 5623 in
2758 5566 2986 5625 dissert.
3016 5571 3110 5626 cit.
3144 5568 3255 5626 col.
3292 5571 3447 5629 1460.
