4058 6274
445 262 582 317 1703
1703 259 1761 314 S.
1808 255 2047 313 THEOD

2221 256 2542 314 STUDITIE
3651 259 3796 315 1704

433 387 629 443 doxiee
654 385 924 457 regulam
948 384 1372 457 conscripsisse
1401 400 1416 450 ;
1450 383 1545 440 cui
1565 384 1762 440 omnis
1784 382 1973 454 gloria
1991 383 2035 437 dt

2198 389 2298 436 πᾶν
2351 383 2746 458 συνεγράψαμεν
2779 398 2792 413 '
2897 384 3079 456 πρέπει
3131 388 3280 437 πᾶσα
3331 380 3483 450 δόξα,
3536 388 3661 457 τιμή
3700 389 3796 437 καὶ

431 475 626 540 betur,
668 475 881 540 honor,
930 479 1110 546 atque
1145 473 1438 539 adoratio,
1481 473 1543 528 in
1585 471 1806 530 saacula
1844 471 2033 529 saeculi

2005 471 2089 530 lo-
2194 475 2555 546 προσκύνησις
2578 473 2650 536 εἰς
2673 476 2794 536 τοὺς
2823 473 3016 536 αἰῶνας
3040 481 3139 528 τῶν
3171 473 3389 530 αἰώνων.
3419 475 3607 548 Ἀμήν.

432 579 591 621 rum.
623 566 834 620 Amen.

1359 911 2875 1091 ΥΠΟΤΥΠΩΣΙΣ

757 1162 1540 1251 ΚΛΤΑΣΓΑΣΕΩΣ
1597 1164 1812 1250 ΤΗΣ
1900 1162 2306 1259 ΜΟΝΗΣ
2390 1162 2608 1253 ΤΩΝ
2665 1160 3238 1254 ΣΤΟΥΔΙΘΥ
3294 1156 3436 1254 θθ).

1507 1457 2708 1605 DESCRIPTIO.

672 1708 1881 1834 CONSTlTUTlONIS
1985 1707 2881 1833 MONASTERII
2989 1709 3519 1832 STUDII.

507 2103 553 2154 l.
585 2099 732 2154 Cum
771 2095 969 2152 multae
1015 2096 1388 2166 diversaeque
1437 2095 1553 2150 sint
1608 2095 1671 2150 in
1714 2096 1900 2150 sacris
1945 2109 2075 2151 mo-

2334 2093 2502 2166 [C0d.
2535 2098 2652 2152 vat.
2679 2093 2840 2166 2029,
2875 2094 2913 2150 f.
2963 2093 3114 2168 179.]
3162 2093 3232 2147 α’.
3282 2093 3485 2147 Πολλῶν
3517 2097 3671 2147 ὄντων
3699 2098 3795 2148 καὶ

429 2187 704 2244 nasteriis
719 2189 1166 2257 perseverantes
1181 2183 1510 2256 antiquitus
1523 2184 2031 2256 traditiones,atqi:

2192 2178 2455 2257 διαφόρων
2503 2191 2600 2235 τῶν
2655 2183 2706 2235 έν
2753 2190 2863 2244 τοῖς
2913 2185 3068 2259 ἱεροῖς
3113 2187 3491 2256 μοναστηρίοις
3533 2201 3794 2256 κεκρατη-

431 2276 530 2334 alii
542 2275 674 2332 aliis
689 2273 1144 2344 regantur,dum
1160 2272 1236 2329 ad
1251 2287 1501 2343 regnum
1518 2273 1797 2330 caelorum
1812 2274 2030 2328 tendun

2193 2279 2348 2324 κυιῶν
2404 2273 2594 2325 ἄνωθεν
2650 2269 3015 2348 παραδόσεων,
3070 2276 3160 2325 καὶ
3210 2271 3373 2325 ἄλλων
3423 2271 3603 2334 ἄλλαις
3655 2270 3795 2325 διοι-

430 2363 952 2422 constitutionibus
970 2380 984 2429 ;
1001 2378 1120 2418 una
1132 2366 1219 2418 est
1231 2379 1300 2417 ex
1315 2363 1598 2417 omnibus
1613 2367 1819 2418 nostra
1839 2378 2032 2434 quoqt

2191 2366 2446 2435 κουμένων
2482 2381 2536 2415 τε
2579 2367 2668 2415 καὶ
2725 2362 3030 2435 ἰθυνομένων
3078 2364 3205 2436 πρὸς
3259 2365 3354 2422 τὴν
3395 2369 3494 2414 τῶν
3559 2362 3793 2436 οὐρανῶν

432 2453 692 2511 stabilita
723 2453 978 2518 traditio,
1011 2468 1190 2523 quam
1222 2451 1565 2522 accepimus
1598 2468 1631 2507 a
1659 2466 1880 2521 magno
1910 2451 2034 2508 Pati

2191 2449 2463 2524 βασιλείαν
2489 2452 2881 2517 ὑποτυπώσεσι,
2933 2456 3032 2525 μία
3054 2455 3130 2512 τίς
3172 2450 3286 2504 ἐστι
3328 2459 3428 2503 τῶν
3461 2459 3642 2504 πασῶν
3699 2455 3792 2503 καὶ

429 2548 638 2600 nostro
656 2541 1068 2598 etconfessore
1083 2541 1392 2596 Theodoro
1418 2559 1434 2612 ;
1461 2557 1654 2613 neque
1682 2556 1792 2596 nos
1822 2546 2031 2597 tantum

2191 2543 2220 2599 ἡ
2252 2540 2370 2594 καθ’
2409 2543 2550 2612 ἡμᾶς
2603 2548 2872 2616 κρατοῦσα
2926 2537 3243 2615 παράδοσις,
3303 2539 3364 2599 ἣν
3401 2542 3791 2614 παρειλήφαμεν

429 2631 849 2696 modo,verum
866 2631 1043 2685 etiam
1057 2645 1197 2701 pars
1217 2645 1437 2700 magna
1450 2629 1748 2684 meliorum
1763 2629 2031 2684 monachi

2189 2633 2318 2702 πρὸς
2346 2636 2438 2682 τοῦ
2491 2629 2716 2702 μεγάλου
2767 2637 2982 2703 Πατρῶν
3030 2632 3175 2703 ἡμῶν
3214 2633 3304 2682 καὶ
3337 2629 3656 2702 ὁμολογητοῦ
3697 2636 3790 2683 τοῦ

429 2718 564 2777 rum
584 2721 741 2776 hanc
762 2719 1009 2789 eligunt,
1030 2735 1136 2774 ceu
1155 2719 1448 2789 optimam
1466 2725 1522 2774 et
1548 2719 2031 2791 regalissimamﬂ

2191 2716 2470 2793 Θεοδώρου
2503 2735 2516 2749 ⁸
2564 2724 2654 2772 καὶ
2707 2719 2812 2792 οὐχ
2861 2722 3013 2792 ἡμεῖς
3076 2723 3244 2793 μόνοι,
3298 2718 3427 2772 ἀλλὰ
3479 2716 3546 2777 δὴ
3603 2723 3696 2771 καὶ
3740 2721 3790 2772 οἱ

429 2825 708 2866 excessus
743 2807 1129 2880 defectusque
1169 2807 1480 2862 vitantem.
1524 2807 1732 2880 Utique
1757 2813 1813 2863 et
1839 2824 1950 2863 nos
1977 2808 2031 2864 hc

2191 2808 2396 2869 πλείους
2456 2816 2555 2859 τῶν
2614 2807 2861 2882 ἐγκρίτων
2921 2791 3195 2881 μονασττῶν
3251 2811 3446 2868 ταύτην
3495 2810 3788 2881 αἱροῦνται,

429 2899 526 2955 die
561 2897 744 2953 Patris
791 2895 1037 2968 impulsi
1068 2895 1402 2968 praeceptis,
1448 2901 1510 2952 ut
1559 2897 1714 2953 hanc
1768 2897 1827 2952 in
1863 2896 2030 2953 chart

2190 2899 2255 2958 ὡς
2305 2896 2530 2972 ἀρίστην
2573 2916 2626 2950 τε
2675 2901 2764 2950 καὶ
2795 2893 3240 2970 βασιλικωτάτην,
3293 2903 3380 2950 καὶ
3434 2899 3526 2960 τὰς
3574 2897 3788 2971 ὑπερϐο-

427 2987 720 3060 regulam,
751 3003 872 3059 quo
898 2987 947 3058 ej
960 2985 1376 3041 usindelebilis
1402 2987 1478 3042 sit
1511 2987 2029 3058 memoria,poster

2188 2986 2276 3047 λάς
2331 2991 2419 3039 καὶ
2467 2986 2709 3058 ἐλλείψεις
2788 2986 3144 3044 ἑκκλίνουσαν.
3211 2987 3411 3059 Ἀμέλει
3467 2990 3558 3040 καὶ
3634 2988 3782 3060 ἡμεῖς

429 3077 722 3140 aetatibus,
762 3091 872 3146 pro
900 3074 1142 3140 viribus,
1188 3074 1619 3147 relinquamus,
1661 3075 1915 3132 docilem
1955 3091 2031 3132 an

2192 3081 2416 3151 σήμερον
2485 3083 2766 3150 πατρεκαῖς
2831 3079 3220 3150 προσαχθέντες
3295 3075 3529 3143 ἐντολοῖς,
3590 3079 3779 3135 ταύτην

428 3181 598 3221 mum
649 3162 923 3220 ﬂeximus
962 3177 976 3229 ;
1018 3164 1134 3218 Deo
1173 3162 1412 3231 scilicet,
1453 3163 1707 3235 pastoris
1757 3164 1939 3220 nostri
1971 3180 2030 3236 pl

2190 3162 2240 3216 ἓν
2293 3167 2525 3239 χάρταις
2581 3166 2647 3226 εἰς
2692 3165 2917 3225 ἅληστον
2955 3171 3163 3239 μνήμην
3211 3172 3329 3228 ταῖς
3378 3170 3655 3239 μετέπειτα
3701 3183 3776 3237 γε·

427 3253 601 3310 nobis
617 3252 915 3323 precibus,
930 3251 1104 3306 nobis
1129 3251 1494 3308 concedente
1519 3267 1848 3322 congruam
1869 3252 2029 3308 Ol'ﬂtit

2187 3262 2326 3317 νεαῖς
2376 3254 2698 3322 καταλιπεῖν,
2734 3258 2803 3318 ὡς
2853 3258 2884 3314 ἡ
2936 3252 3175 3328 δύναμις,
3228 3258 3360 3329 πρὸς
3405 3259 3498 3314 τὴν
3551 3255 3783 3314 ὑπακοὴν

426 3344 520 3400 nis
547 3355 925 3414 compagem,
959 3340 1040 3396 ita
1062 3346 1120 3395 ut
1167 3340 1392 3410 integre
1415 3345 1472 3397 et
1508 3341 1722 3397 utiliter
1741 3357 1811 3398 ac
1831 3341 2028 3398 salubr

2190 3343 2404 3407 ἑαυτοὺς
2454 3347 2753 3416 καθήκαμεν
2787 3360 2800 3374 ·
2835 3351 2968 3398 Θεοῦ
3027 3341 3236 3403 δηλαδὴ
3290 3347 3611 3419 παρέχοντος
3663 3346 3784 3417 ἡμῖν

427 3435 513 3490 ter
541 3430 856 3502 theophori
878 3430 1062 3485 Patris
1100 3429 1286 3484 nostri
1315 3429 1634 3486 constituta
1677 3447 2029 3503 exponamu:

2189 3441 2304 3496 ταῖς
2348 3441 2438 3486 τοῦ
2496 3438 2736 3506 ποιμένος
2788 3435 2914 3508 ὑπὲρ
2971 3435 3117 3506 ἡμῶν
3175 3440 3486 3506 προσευχαῖς
3542 3437 3639 3492 τὴν
3697 3453 3789 3486 κα-

428 3521 508 3578 ad
538 3521 789 3591 gloriam
823 3520 1002 3574 Patris
1034 3523 1088 3574 et
1117 3519 1238 3574 Filii
1273 3524 1327 3574 et
1361 3519 1612 3590 Spiritus
1637 3521 1847 3588 sancti,
1885 3525 2030 3577 cust<

2189 3522 2438 3581 τάλληλον
2477 3523 2714 3595 ἁρμογὴν
2767 3530 2862 3585 τῆς
2909 3530 2999 3574 τοῦ
3050 3522 3205 3595 λόγου
3260 3525 3561 3590 συνθέσεως,
3611 3522 3682 3583 εἰς
3727 3525 3785 3575 1'6

426 3611 710 3681 diamque
735 3613 791 3664 et
821 3608 1072 3664 salutem
1106 3607 1339 3663 illorum
1369 3609 1475 3680 qui
1495 3625 1632 3664 cum
1660 3610 1780 3665 ﬁde
1798 3609 1955 3665 hanc
1975 3609 2028 3666 ο]

2190 3610 2433 3664 ἂθέσθαι
2487 3613 2642 3684 ὑγιῶς
2693 3613 2759 3664 τὰ
2813 3611 3102 3686 ὀνησιφόρα
3159 3631 3214 3664 τε
3266 3616 3357 3664 καὶ
3405 3617 3640 3687 σωτήρια
3693 3619 3785 3664 τοῦ

427 3697 787 3754 servantiam
813 3696 1090 3768 amplecti
1122 3697 1436 3752 voluerint.
1480 3698 1667 3770 Igitur
1696 3701 1814 3754 Deo
1839 3698 2029 3756 favent

2193 3702 2436 3776 θεοφόρου
2486 3704 2690 3775 Πατρός
2741 3703 2888 3774 ἡμῶν
2918 3700 3226 3773 έντάλματα,
3284 3701 3350 3762 εἰς
3394 3697 3554 3764 δόξαν
3584 3705 3787 3774 Πατρός

425 3787 660 3842 initium
692 3785 1123 3842 lucubrationis
1149 3785 1299 3842 facie
1312 3803 1464 3841 mus.

2187 3795 2277 3843 καὶ
2307 3793 2430 3843 Υἱοῦ
2475 3796 2564 3844 καὶ
2619 3791 2770 3863 ἁγίου
2821 3793 3132 3863 Πνεύματος,
3175 3795 3261 3844 καὶ
3309 3789 3541 3862 φυλακήν
3595 3809 3650 3844 τε
3695 3810 3787 3860 καὶ

430 3880 693 3951 σωτηρίαν
747 3884 846 3929 τῶν
915 3882 1080 3929 ταῦτα
1149 3877 1280 3948 μετὰ
1351 3881 1576 3938 πίστεως
1655 3883 2071 3951 προαιρουμένων
2138 3879 2426 3953 φυλάττειν.
2480 3879 2652 3934 ’Ἐστω
2726 3885 2896 3934 τοίνυν
2947 3882 3094 3954 ἀρχὴ
3153 3887 3249 3942 τῆς
3300 3881 3585 3944 συντάξεως
3650 3881 3784 3939 αὕτη

429 3969 522 4019 σὺν
554 3973 690 4036 Θεῷ.

428 4075 727 4149 Quomodo
755 4090 861 4149 nos
890 4089 1167 4145 geramus
1190 4073 1253 4129 in
1273 4073 1603 4149 synaxious
1624 4081 1848 4149 sanctae
1879 4082 1930 4133 et
1951 4077 2030 4146 αἱ(

2184 4075 2398 4138 Ὀπως
2457 4073 2887 4149 διοικούμεθα
2941 4075 3002 4128 ἐν
3084 4082 3223 4136 ταῖς
3291 4075 3604 4149 συ-νάξεσι
3668 4082 3783 4137 τῆς

497 4147 668 4221 ῄοεοξ
699 4147 996 4202 triduana
1021 4148 1473 4202 resurrectionis
1503 4147 1833 4203 Servaturis
1861 4145 2070 4204 nostri.

2257 4148 2445 4221 ἁγίας
2504 4152 2612 4201 καὶ
2650 4145 2918 4211 ἐνδόξου
2957 4147 3785 4221 τριημέρούηάναστάσεως

497 4219 584 4275 De
617 4219 800 4288 ligno.
2253 4219 2366 4273 τοῦ
2405 4228 2696 4294 Σωτῆρος
2735 4222 2932 4292 ἡμῶν.
2977 4219 3132 4295 Περὶ
3162 4219 3272 4272 τοῦ
3313 4219 3502 4283 ξύλου
3534 4219 3670 4292 (30).

493 4324 547 4378 2.
577 4324 895 4380 Sciendum
925 4327 1017 4380 est
1041 4323 1207 4396 quod
1239 4327 1542 4380 transacta
1573 4325 1762 4381 noctis
1805 4325 2076 4382 secunda

2255 4325 2544 4396 β’.Ἰστέον
2597 4329 2679 4380 ὅτι
2739 4328 2871 4399 μετὰ
2909 4329 2968 4379 τὸ
3025 4325 3294 4403 παρελθεῖν
3343 4322 3589 4402 δευτέραν
3617 4325 3775 4398 φυλα-

423 4413 720 4478 custodia,
753 4428 855 4468 seu
886 4417 1024 4484 post
1053 4413 1267 4468 horam
1310 4417 1561 4480 sextam,
1604 4414 1924 4486 incipiente
1966 4431 2025 4470 se

2186 4420 2278 4474 κὴν
2331 4424 2426 4477 τῆς
2477 4418 2682 4481 νυκτὸς,
2733 4418 2852 4474 ἤτοι
2898 4420 2992 4476 τὴν
3038 4415 3089 4481 ς’
3135 4417 3292 4490 ὤραν,
3353 4413 3656 4488 ἀρχομένης
3693 4417 3788 4476 τῆς

421 4502 578 4571 tima,
605 4509 734 4559 rato
764 4501 1103 4573 hydrologii
1132 4503 1707 4574 puncto,crepitante
1749 4503 2018 4574 signo,su

2184 4501 2251 4569 ς’,
2292 4508 2471 4557 πίπτει
2498 4511 2591 4558 τοῦ
2615 4502 2930 4581 ὑδρολογίου
2985 4507 3043 4558 τὸ
3085 4507 3382 4578 σύσσημον,
3432 4508 3522 4557 καὶ
3568 4512 3631 4577 τῇ
3669 4507 3785 4558 τού-

423 4592 577 4663 gitis
607 4588 1481 4664 quiexspergiscendiofﬁcium
1512 4591 1712 4657 habet,
1729 4593 2025 4649 etcubicul

2182 4613 2273 4647 του
2337 4599 2581 4668 σημασίᾳ
2636 4593 2888 4669 ἐγείρεται
2940 4597 2966 4647 6
3021 4594 3369 4668 ἀφυπνιστης,
3427 4597 3518 4646 καὶ
3579 4599 3783 4670 περιέρ-

422 4681 696 4738 circumit
723 4696 862 4736 cum
893 4679 1160 4744 lucerna,
1189 4679 1399 4734 fratres
1422 4681 1686 4737 excitans
1719 4682 1796 4737 ad
1835 4687 2024 4738 matut

2180 4703 2334 4757 χεται
2415 4687 2532 4745 τοὺς
2607 4693 2859 4746 κοιτῶνας
2924 4687 3055 4758 μετὰ
3130 4691 3310 4757 φανοῦ,
3377 4687 3779 4758 προτρεπόμενος

420 4786 562 4828 nam
593 4769 1000 4838 doxologiam.
1017 4767 1344 4840 Statimque
1362 4769 1524 4842 ligna
1549 4771 1695 4827 dant
1713 4772 1948 4842 signum
1973 4789 2022 4828 s1

2180 4777 2301 4836 τοὺς
2349 4770 2603 4846 ἀδελφοὺς
2649 4774 2716 4835 εἰς
2773 4774 3115 4837 ἐξανάστασιν
3157 4781 3253 4836 τῆς
3306 4772 3520 4833 ἑωθινῆς
3572 4769 3778 4836 δοξολο·

421 4859 637 4932 deque,
685 4864 943 4930 tuncque
988 4856 1270 4912 fratribus
1301 4859 1530 4914 cunctis
1562 4860 1621 4915 in
1652 4859 1913 4916 ecclesiae
1945 4877 2021 4918 na

2182 4867 2298 4934 γίας
2326 4880 2338 4893 ⁸
2372 4868 2691 4936 σημαίνουσι
2723 4860 2781 4916 δὲ
2835 4868 3137 4938 παραυτίκα
3173 4868 3263 4916 καὶ
3303 4864 3369 4915 τὰ
3415 4862 3543 4924 ξύλα
3589 4863 3698 4915 ἄνω
3731 4880 3784 4916 τε

420 4948 587 5005 thece
617 4946 1010 5019 congregatis,
1039 4950 1095 5001 et
1125 4961 1260 5000 cum
1290 4946 1517 5003 silentio
1543 4949 2019 5016 orantibus,sace

2183 4955 2271 5004 καὶ
2327 4955 2464 5005 κάτω
2497 4969 2510 4982 ⁸
2571 4957 2662 5005 καὶ
2699 4960 2798 5004 τῶν
2847 4950 3077 5026 ἀδελφῶν
3135 4954 3338 5004 πάντων
3401 4949 3785 5024 ἁθροιζομένων

421 5037 532 5094 dos
564 5034 931 5091 thuribolum
959 5049 1142 5090 manu
1168 5039 1373 5092 tenens
1413 5035 1708 5093 thuriticat
1745 5038 1941 5110 primo
1982 5057 2023 5095 sa

2183 5042 2230 5093 ἓν
2282 5050 2352 5113 τῷ
2408 5044 2632 5118 νάρθηκι
2703 5050 2792 5096 τοῦ
2852 5049 3137 5116 Κυριακοῦ,
3187 5046 3278 5095 καὶ
3345 5045 3785 5116 προσευχομένων

422 5142 590 5182 crum
617 5123 1040 5193 bema,deinde
1066 5138 1138 5179 ex
1167 5126 1461 5183 anteriore
1486 5127 1750 5184 cancello
1771 5143 2024 5199 egressu:

2183 5131 2392 5204 ἡσυχῇ,
2439 5133 2464 5184 ὁ
2523 5134 2684 5207 ἱερεὺς
2735 5135 2794 5185 τὸ
2845 5135 3030 5205 πύριον
3061 5133 3190 5204 μετὰ
3239 5137 3422 5208 χεῖρας
3478 5128 3785 5203 έπιλαϐόμε-

1992 5262 2213 5319 ΝΟΤΛΕ.

468 5405 599 5489 ,(29)
619 5402 1059 5490 ‘Hypotyposin‘
1072 5401 1450 5490 Studitanam
1476 5403 1718 5476 appelat
1739 5403 1987 5461 Allatius
2007 5405 2069 5462 in
2179 5407 2604 5490 apud-Graecos
2626 5409 2964 5490 praesertim
2996 5405 3348 5490 monachos,
3388 5404 3620 5490 legatur
3632 5419 3784 5490 ‘car:

421 5478 656 5550 dissert.
687 5476 784 5550 cit.
813 5476 933 5550 col.
965 5477 1118 5531 1460.
1404 5547 1413 5550 _
1513 5546 1524 5550 _
1820 5547 1835 5550 _
1969 5548 1980 5550 _
2179 5476 2397 5534 dinalis
2429 5482 2590 5536 Bona
2612 5476 2750 5536 Rer.
2785 5481 2992 5550 liturg.
3037 5477 3153 5550 lib.
3175 5493 3215 5545 1,
3246 5481 3333 5543 22,
3361 5476 3464 5550 qui
3483 5480 3550 5550 et
3579 5476 3783 5534 Allatii

511 5549 599 5614 30)
632 5551 711 5606 De
742 5549 858 5606 hoc
896 5547 1061 5619 ligno
1097 5547 1478 5613 sementerio,
1510 5546 1772 5620 itemque
1801 5547 1876 5606 de
1904 5548 2067 5616 tuba,
2178 5551 2386 5609 recitat
2405 5550 2872 5625 descriptionem
2893 5546 3161 5624 praedicti
3181 5546 3537 5608 semadterii.
