4058 6274
250 327 382 390 1705
1389 326 1871 394 CONSTITUTIO]

1986 340 1994 392 ἱ
2036 330 2491 395 STUDITAN/E.
2746 406 2753 409 ν
3483 335 3621 399 1706

248 477 353 523 νος,
412 461 576 530 θυμιᾷ
630 468 833 533 πρῶτον
882 459 940 512 τὸ
1003 462 1132 536 ἱερον
1193 459 1343 534 βῆμα
1405 479 1418 493 °
1472 462 1706 516 κάκεῖθεν
1766 462 1859 517 διὰ

1986 465 2175 520 .ransit
2202 480 2306 535 per
2327 464 2565 521 boreale
2588 465 2743 521 latus
2775 466 2999 536 templi,
3034 469 3091 522 et
3119 481 3256 521 cum
3284 465 3362 522 ad
3387 467 3619 538 regiam

249 555 342 608 τῆς
401 550 686 621 ἔμπροσθεν
737 546 1024 619 κιγκλίδος.
1061 550 1292 616 ἐξελθὼν,
1342 548 1617 625 διέρχεται
1665 552 1720 604 τό
1771 550 1857 625 βό-

1986 559 2200 608 >ortam
2246 554 2489 619 venerit,
2533 553 2831 609 thuriﬁcat
2869 554 3097 619 fratres,
3148 555 3469 626 statimque
3516 570 3622 626 per

251 656 386 711 ρειον
435 636 576 688 κλιόν
620 640 678 689 τὸ
718 646 809 689 τοῦ
839 647 985 704 ναοῦ,
1036 644 1124 691 καὶ
1177 642 1380 711 φθάσας
1434 646 1525 698 τὴν
1574 640 1857 712 βασιλικὴν

1986 642 2365 697 neridianum
2407 644 2559 698 latus
2588 643 2894 699 revertitur
2926 642 3083 697 unde
3119 643 3506 710 discesserat;
3550 645 3624 699 si-

249 725 436 791 πύλην,
489 728 651 797 θυμιᾷ
702 731 823 788 τοὺς
883 724 1152 799 ἀδελφούς,
1211 733 1299 781 καὶ
1344 730 1523 789 εὐθέως
1582 720 1858 802 ἀνατρέχει

1986 729 2212 800 nulque
2226 730 2434 785 fratres
2457 738 2590 801 post
2610 731 2775 787 illum
2796 732 3206 800 ingrediuntur
3229 733 3289 786 in
3304 731 3618 802 templum.

254 809 346 865 διά
395 822 485 865 τοῦ
534 819 706 866 νοτίου
760 818 948 887 μέρους
996 818 1107 868 ὅθεν
1163 815 1369 878 ἐξῆλθεν
1401 837 1412 850 '
1466 819 1595 870 οἵτε
1646 816 1857 889 ἀδελφοὶ

1986 821 2106 888 'pso
2142 823 2340 873 autem
2375 819 2672 875 thuribolo
2707 819 2981 891 deposito
3011 820 3073 875 in
3104 824 3315 875 sancto
3358 820 3619 887 bemate,

252 907 470 955 κατόπιν
517 904 678 955 αὐτοῦ
729 904 1061 979 εἰσέρχονται
1109 906 1175 966 εἰς
1205 905 1291 958 τὸν
1338 912 1477 958 ναόν.
1510 906 1676 966 Αὐτὸς
1707 904 1766 959 δὲ
1795 911 1851 959 τὸ

1986 921 2238 976 igressus
2271 908 2422 962 sistit
2453 923 2654 963 coram
2687 908 3118 979 propitiatorio,
3158 908 3344 980 ﬁtque
3383 908 3622 966 initium

252 994 437 1065 πύριον
484 994 796 1064 ἀποθέμενος
828 993 895 1053 εἰς
941 998 998 1045 τὸ
1030 994 1178 1065 ἅγιον
1232 992 1400 1067 βῆμα,
1456 994 1663 1057 ἐξελθὼν
1715 997 1858 1046 ἱστα-

1986 996 2230 1065 roparii,
2266 1002 2406 1051 tono
2436 996 2684 1068 obliquo
2715 996 2911 1069 primo
2941 1013 2953 1051 :
2981 997 3254 1052 Christus
3286 998 3549 1054 surrexit
3584 1013 3621 1054 a

254 1098 342 1131 ται
396 1084 526 1132 κατά
598 1086 876 1153 πρόσωπον
930 1090 1023 1134 τοῦ
1102 1083 1430 1156 ἱλαστηρίου,
1490 1088 1579 1136 καὶ
1637 1086 1859 1157 ἄρχεται

1986 1086 2235 1140 nortuis.
2272 1086 2443 1150 Quod
2485 1091 2810 1156 postquam
2846 1091 2929 1140 ter
2960 1087 3038 1141 ab
3080 1085 3181 1141 illo
3222 1086 3623 1158 patribusque

253 1171 555 1241 τροπάριον,
587 1172 610 1221 6
638 1167 776 1241 ἦχος
804 1171 890 1224 πλ.
926 1170 994 1236 α’,
1042 1176 1324 1245 Χριστὸς
1364 1172 1595 1231 ἀνέστη
1653 1172 1719 1224 ἑκ
1769 1192 1857 1225 νε-

1986 1178 2272 1228 :antatum
2300 1173 2491 1239 fuerit,
2520 1173 2661 1228 dicit
2695 1174 3008 1245 presbyter
3035 1174 3322 1232 stichum:
3362 1175 3507 1230 Haec
3539 1176 3624 1230 est

249 1267 434 1330 κρῶν.
465 1256 639 1331 Ὀπερς
670 1262 801 1329 μετά
830 1262 885 1310 τὸ
930 1259 1195 1330 ψαλθῆναι
1250 1266 1425 1334 τρίτον
1483 1263 1626 1332 παρά
1656 1262 1701 1312 τ’
1727 1264 1852 1313 Exsi-

1986 1262 2088 1317 iies
2111 1278 2287 1334 quam
2310 1263 2453 1330 fecit
2484 1261 2786 1317 Dominus.
2814 1263 3042 1317 Fratres
3067 1268 3267 1317 autem
3292 1262 3618 1332 troparium

251 1366 342 1397 νου
389 1352 478 1399 καὶ
517 1356 618 1398 τῶν
673 1344 923 1419 ἀδελφῶν,
971 1348 1107 1419 λέγει
1164 1351 1189 1401 6
1247 1350 1591 1423 πρεσϐύτερος
1646 1356 1856 1422 στίχον,

1986 1351 2140 1405 itich.
2155 1355 2186 1405 2
2203 1369 2214 1406 :
2233 1350 2581 1406 Constituite
2594 1351 2746 1406 diem
2761 1352 3098 1415 solemnem,
3118 1366 3307 1421 usque
3322 1352 3399 1405 ad
3411 1352 3620 1406 tinem.

251 1435 430 1492 Αὕτη
473 1438 683 1509 ἡμέρα
722 1436 790 1494 ἢν
832 1437 1134 1494 ἐποίησεν
1174 1439 1199 1489 6
1238 1440 1475 1511 Κύριος
1505 1458 1517 1470 ·
1570 1440 1620 1490 οἱ
1650 1430 1859 1510 ἀδελφοὶ

1986 1442 2309 1511 λιιιειιεῳιθ
2328 1440 2586 1510 populus
2618 1440 2945 1511 troparium
2979 1439 3156 1496 canit.
3190 1440 3256 1495 Et
3277 1445 3413 1512 post
3439 1439 3623 1510 hujus

256 1519 317 1575 δὲ
346 1527 403 1574 τὸ
434 1526 713 1594 τροπάριον
743 1544 893 1595 στιχ.
932 1523 1000 1597 β’,
1030 1530 1234 1583 Συστὴ
1254 1528 1455 1578 σασθε
1486 1526 1735 1598 ἑορτὴν,
1768 1527 1861 1586 ἕως

1986 1528 2171 1597 inem,
2219 1528 2418 1584 statim
2460 1528 2663 1599 incipit
2693 1543 2919 1594 canon;
2967 1528 3259 1600 quoniam
3303 1527 3622 1600 hexapsal-

254 1610 396 1672 τέλος
436 1628 448 1639 ’
488 1616 577 1663 καὶ
622 1612 775 1663 πάλιν
808 1614 832 1663 6
880 1613 999 1674 λαὸς
1050 1617 1108 1665 τὸ
1142 1616 1423 1687 τροπάριον
1474 1610 1707 1675 δοξάζει.
1758 1620 1859 1667 Καὶ

1986 1633 2138 1671 num
2187 1621 2311 1671 tota
2360 1616 2472 1671 hac
2515 1616 2903 1673 bebdomada
2950 1631 3073 1672 non
3122 1621 3463 1672 cantamus.
3508 1614 3624 1672 Sed

253 1701 386 1771 μετά
416 1703 508 1757 τὴν
563 1700 941 1775 συμπλήρωσιν
990 1705 1195 1766 τούτου,
1251 1704 1479 1774 οἰρχεται
1525 1702 1676 1765 εὐθὺς
1708 1704 1732 1754 6
1762 1722 1861 1755 xu-

1986 1705 2121 1761 iunt
2140 1706 2269 1761 duae
2294 1704 2597 1771 lectiones,
2622 1711 2678 1760 et
2706 1705 2924 1760 dicitur
2947 1704 3218 1777 psalmus
3247 1704 3623 1776 quinquage-

254 1792 353 1837 νὼν
412 1789 548 1858 (31),
606 1791 792 1840 καθότι
851 1788 1146 1861 ἑξάψαλμον
1204 1796 1379 1843 πᾶσαν
1432 1795 1527 1849 τὴν
1585 1788 1862 1863 ἑϐδομάδα

1986 1796 2158 1849 simus
2189 1799 2322 1865 post
2353 1793 2683 1849 secundam
2712 1794 3051 1849 lectionem.
3087 1793 3393 1865 Completo
3420 1799 3624 1851 autem

252 1879 452 1934 ταύτην
503 1877 563 1928 οὐ
618 1877 897 1949 ψάλλομεν.
956 1884 1189 1930 Γίνονται
1253 1875 1313 1931 δὲ
1369 1876 1465 1932 δύο
1520 1879 1857 1951 ἀναγνώσεις,

1986 1882 2286 1945 rnatutino,
2311 1880 2375 1936 ﬁt
2397 1882 2670 1937 salutatio
2687 1887 2744 1937 et
2769 1881 3093 1938 absolutio.
3120 1883 3250 1937 lam
3271 1880 3621 1953 inlychnico

254 1971 347 2017 xui
373 1967 399 2016 6
425 1964 463 2016 ν’
509 1965 608 2018 ἀπὸ
658 1976 753 2029 τῆς
808 1966 863 2039 β’
893 1966 1248 2039 ἀναγνώσεως·
1301 1971 1551 2040 καὶμετά
1580 1974 1673 2027 τὴν
1724 1990 1862 2042 συμ-

1986 1972 2150 2041 1ujus
2180 1969 2581 2026 hebdomadas
2606 1970 2862 2026 dicimus
2891 1970 3039 2025 illud
3069 1986 3082 2027 :
3115 1970 3391 2026 Christus
3420 1985 3621 2027 resur-

252 2054 527 2127 πλήρωσιν
585 2063 676 2107 τού
731 2058 940 2128 ὄρθρου,
1001 2061 1201 2127 γίνεται
1258 2058 1283 2108 6
1342 2056 1623 2129 ἀσπασμὸς
1682 2064 1770 2110 καὶ
1827 2060 1855 2116 ἡ

1986 2062 2145 2116 ἐξινιί.
2176 2061 2239 2113 Et
2266 2075 2404 2115 mox
2430 2076 2441 2114 :
2471 2060 2738 2126 Domine,
2769 2060 3058 2129 clamavi;
3092 2064 3147 2115 et
3172 2059 3622 2116 conclusionem

256 2141 513 2203 ἀπόλυσις
544 2158 558 2173 ⁸
595 2143 665 2205 εἰς
719 2140 778 2195 δὲ
826 2148 890 2196 τά
919 2144 1148 2216 λυχνικά
1201 2147 1394 2207 ταύτης
1424 2155 1520 2206 τῆς
1569 2143 1862 2219 ἑϐδομάδος

1986 2156 2295 2205 ιχῐτθωξιιη
2332 2165 2345 2202 :
2383 2148 2656 2204 Christus
2686 2148 3037 2204 resurrexit.
3074 2148 3347 2204 Similiter
3370 2148 3431 2203 in
3461 2163 3623 2204 com-

253 2231 471 2304 λέγομεν
492 2235 570 2298 τὸ,
600 2238 880 2306 Χριστὸς
912 2232 1145 2291 ἀνέστη
1174 2254 1184 2264 ·
1216 2239 1305 2286 καὶ
1331 2234 1516 2296 εὐθέως
1536 2238 1615 2298 τὸ,
1646 2238 1858 2310 Κύριε,

1986 2237 2232 2309 pletoriis
2261 2237 2561 2308 hymnum
2584 2237 2930 2306 trisagium;
2961 2241 3017 2292 et
3036 2237 3301 2304 Domine,
3324 2236 3621 2304 miserere,

255 2319 594 2395 ἐκέκραξα,
656 2326 740 2374 καὶ
774 2321 1087 2374 ἀπολυτικὸν
1117 2326 1196 2387 τὸ,
1248 2327 1530 2394 Χριστὸς
1582 2322 1814 2383 ἀνέστη
1846 2344 1858 2356 ·

1986 2326 2314 2393 iuodecies,
2362 2325 2625 2382 Sabbato
2662 2331 2864 2381 autem
2894 2324 3296 2382 hebdomadas
3329 2326 3624 2382 diacmne-

1974 2415 2130 2479 simi,
2165 2421 2222 2470 et
2254 2415 2561 2471 Dominica
2588 2414 3022 2487 lamprophora
3052 2414 3135 2476 (in
3165 2414 3339 2477 albis)
3378 2429 3626 2487 vespere

1974 2503 2431 2574 oompletorium
2460 2502 2538 2559 ab
2562 2502 2678 2559 illis
2717 2503 2914 2559 verbis
2942 2503 3249 2561 nobiscum
3279 2504 3458 2575 Deus,
3486 2518 3626 2560 cum

1975 2592 2390 2664 sequentibus.

255 2411 452 2482 ὁμοίως
506 2410 553 2462 ἐν
608 2419 715 2473 τοῖς
775 2408 1138 2472 ἀποδειπνίοις
1209 2415 1296 2463 τὸν
1352 2414 1626 2484 τρισάγιον
1683 2414 1860 2485 ὕμνον,

252 2504 453 2564 καὶτὸ,
486 2503 694 2574 Κύριε,
738 2500 873 2559 ἑλέη
897 2520 1025 2565 σον,
1063 2498 1137 2573 ιβ’
1163 2520 1174 2532 ·
1201 2509 1271 2571 τῷ
1290 2497 1346 2553 δὲ
1368 2500 1616 2573 Σαϐϐάτῳ
1637 2510 1726 2563 τῆς
1750 2499 1866 2554 δια-

252 2593 603 2661 καινησίμου,
659 2595 749 2642 xui
778 2598 839 2662 τῇ
901 2597 1135 2664 κυριακῇ
1193 2589 1287 2661 ὀψε
1340 2598 1431 2651 τῆς
1468 2590 1863 2665 λαμπροφόρου,

253 2679 335 2741 εἰς
392 2680 459 2730 τὰ
507 2675 824 2747 ἀποδείπνια
853 2678 955 2731 ἀπὸ
1009 2686 1121 2745 τοῦ,
1155 2677 1283 2751 μεθ’
1315 2680 1488 2751 ἡμῶν
1519 2680 1546 2731 6
1573 2687 1746 2744 Θεος,
1778 2681 1868 2732 xui

254 2770 515 2820 ἑπέκεινα.

331 2856 407 2928 γ’.
454 2864 527 2929 Τῇ
580 2853 640 2910 δὲ
667 2863 901 2930 κυριακῇ
954 2864 1047 2919 τῆς
1081 2857 1450 2931 λαμπροφόρου
1502 2859 1728 2931 ἄρχεται
1780 2863 1869 2911 xui

254 2949 321 2999 τὸ
378 2945 671 3018 ἐξάψαλμον
721 2947 855 3016 (3'2),
890 2951 980 2998 xui
1034 2947 1243 3018 λέγομεν
1293 2950 1371 3011 τὸ,
1416 2950 1575 3007 Θεὸς
1636 2950 1867 3021 Κύριος

255 3035 331 3096 εἰς
364 3034 446 3087 πλ’
498 3031 545 3086 δ’
578 3052 589 3064 ⁸
625 3040 714 3087 xui
763 3034 915 3096 εὐθὺς
944 3039 1061 3095 τοὺς
1106 3034 1438 3107 ἀναϐαθμούς
1487 3035 1553 3095 εἰς
1595 3038 1680 3086 τὸν
1712 3035 1867 3087 αὐτὸν

2047 2860 2100 2916 3.
2126 2864 2301 2916 Porro
2332 2860 2387 2914 in
2413 2859 2726 2916 Dominica
2749 2858 3181 2931 lamprophora
3210 2858 3416 2931 incipit
3441 2859 3627 2916 etiam

1977 2949 2458 3021 hexapsalmum,
2477 2954 2532 3004 et
2550 2948 2809 3004 dicimus
2830 2948 2986 3004 Deus
3009 2949 3292 3004 Dominus
3318 2956 3458 3004 tono
3482 2946 3630 3005 obli-

1976 3054 2098 3110 quo
2111 3043 2344 3110 quarto.
2365 3040 2430 3093 Et
2443 3052 2581 3093 mox
2603 3036 2921 3108 graduales
2936 3036 3205 3108 psalmos
3224 3037 3438 3093 eodem
3452 3040 3625 3103 tono;

256 3121 402 3197 ἦχον
436 3144 449 3156 ·
482 3128 540 3176 τό
572 3143 624 3177 τε
653 3128 986 3198 προκείμενον
1019 3126 1131 3193 (33)
1163 3142 1174 3153 ·
1204 3129 1293 3176 καὶ
1318 3127 1377 3176 1'6
1431 3129 1610 3176 πᾶσα
1660 3128 1815 3182 πνοή
1851 3141 1864 3155 °

1986 3143 2086 3182 nec
2127 3143 2250 3181 non
2298 3126 2725 3198 procimenon;
2784 3131 2840 3181 et
2888 3125 3083 3181 illud:
3125 3126 3317 3182 omnis
3358 3125 3627 3196 spiritus.

258 3210 379 3266 εἶτα
408 3216 466 3265 τὸ
498 3213 831 3284 Εύαγγέλιον,
864 3218 952 3265 καὶ
995 3217 1074 3279 τὸ,
1124 3213 1183 3265 ἑν
1230 3220 1372 3273 ταῖς
1401 3213 1559 3275 νυξί.
1598 3217 1694 3265 Καὶ
1744 3216 1871 3284 μετὰ

256 3307 354 3356 τὸν
383 3301 443 3369 ν’,
493 3304 722 3375 ἄρχεται
752 3303 777 3353 6
822 3308 988 3354 κανών
1022 3320 1034 3332 ⁸
1083 3308 1315 3374 γίνονται
1362 3299 1420 3354 δὲ
1452 3301 1768 3373 ἀναγνώσεις

261 3396 373 3444 Καὶ
404 3398 463 3463 τῇ
494 3398 726 3463 Κυριακῇ
758 3391 952 3464 ἑσπέρᾳ
975 3392 1198 3465 ἄρχεται
1230 3395 1308 3457 τὸ,
1338 3394 1659 3466 μακάριος
1695 3391 1866 3463 ἀνὴρ.

256 3485 357 3533 καὶ
400 3488 460 3553 τῇ
600 3480 670 3542 εἰς
718 3484 804 3531 τὸν
860 3484 1042 3556 ὄρθρον
1097 3480 1356 3552 ψάλλομεν
1388 3480 1540 3531 πάλιν
1592 3484 1668 3545 τὸ,
1716 3484 1869 3543 Θεὸς

261 3572 529 3643 Κύριος,
607 3569 681 3632 εἰς
731 3578 930 3641 πρῶτον
1013 3566 1167 3641 ἦχον,
1227 3575 1316 3621 καὶ
1364 3568 1412 3621 ἓν
1464 3569 1703 3640 κάθισμα
1756 3569 1869 3640 (34)

254 3658 502 3731 ψαλμοῦ,
557 3655 667 3710 εἶτα
719 3662 804 3710 τὸν
857 3663 1046 3710 κανόνα
1100 3656 1432 3717 ἀναστάσεως
1468 3675 1479 3686 °
1533 3662 1763 3728 γίνονται
1812 3654 1871 3709 δὲ

256 3746 583 3818 ἀναγνώσεις
638 3746 685 3818 γ’
736 3763 748 3776 ·
810 3746 864 3797 ἐκ
938 3752 1054 3799 τότε
1113 3750 1179 3798 τά
1230 3743 1546 3798 ἀποδείπνια
1617 3745 1873 3818 ὁλόκληρα

250 3844 533 3907 ποιοῦμεν,
588 3836 721 3894 πλὴν
780 3834 1046 3889 Σαϐϐάτου
1104 3835 1346 3907 ἑσπέρας,
1396 3838 1482 3887 xui
1545 3834 1729 3908 ἑορτῆς
1789 3831 1870 3886 δε-

254 3933 544 3991 σποτικῆς,
602 3927 692 3976 xui
733 3930 939 3996 μνήμης
987 3926 1160 3994 ἁγίου,
1218 3923 1402 3997 ἀργίαν
1456 3925 1579 3994 ἡμῖν
1632 3931 1731 3974 τῶν
1787 3925 1873 3995 ἔρ-

250 4037 374 4089 γων
409 4016 439 4074 ἣ
497 4020 587 4067 καὶ
638 4023 734 4067 τῶν
784 4017 926 4087 ὡρῶν
978 4019 1069 4066 xui
1097 4022 1197 4065 τῶν
1246 4021 1526 4085 μετανοιῶν
1581 4014 1663 4065 ὅτε
1706 4018 1873 4085 γίνον-

252 4125 356 4158 ται
435 4104 786 4177 προξενούσης
820 4124 831 4137 ·
885 4102 933 4155 ἐν
984 4106 1201 4163 ταύταις
1254 4105 1355 4176 γὰρ
1412 4100 1512 4153 ἀπὸ
1574 4110 1686 4167 τοῦ,
1742 4101 1874 4174 μεθ’

251 4196 445 4267 ἡμῶν
495 4194 520 4246 6
576 4196 754 4259 Θεὸς,
814 4196 903 4245 καὶ
933 4196 1183 4244 ἐπέκεινα.
1239 4192 1509 4263 Κάμνουσι
1566 4188 1625 4243 δὲ
1675 4196 1764 4243 καὶ
1820 4193 1874 4243 αἱ

255 4280 540 4337 διακονίαι
590 4281 690 4335 ἀπὸ
720 4284 877 4352 πρωὶ,
909 4288 969 4353 τῇ
1002 4287 1051 4352 γ’
1078 4280 1173 4341 τῆς
1292 4276 1584 4351 ἑϐδομάδος
1644 4278 1871 4351 ἀρχομέ-

252 4393 358 4433 νης
390 4386 405 4401 ⁸
440 4370 535 4433 ἕως
584 4368 644 4423 δὲ
680 4379 771 4431 τῆς
805 4370 847 4422 ν’
882 4368 929 4422 ἐν
982 4378 1054 4438 τῷ
1104 4368 1339 4441 λυχνικῷ
1389 4372 1703 4441 προκείμενα
1743 4368 1875 4439 ψάλ-

252 4462 421 4535 λομεν
454 4460 677 4522 ἑκάστης
705 4461 835 4533 ἡμέρ
846 4479 926 4521 ας.

346 4548 422 4604 δ’.
456 4554 569 4622 Χρὴ
625 4554 896 4621 γινώσκειν
929 4550 1009 4600 ὅτι
1038 4546 1087 4599 ἐν
1137 4554 1246 4608 τοῖς
1286 4546 1560 4618 λυχνικοῐς
1586 4546 1695 4613 (35)
1742 4553 1875 4599 πᾶσι

255 4648 374 4695 τῶν
402 4644 729 4691 Δεσποτικῶν
759 4638 943 4710 ἑορτῶν
973 4640 1052 4703 τὸ,
1095 4639 1431 4711 Μακάριος
1464 4635 1618 4710 ἀνὴρ
1649 4637 1876 4709 ἄρχεται

260 4730 344 4789 εἰς
378 4728 465 4780 πλ.
501 4725 550 4780 δ’
587 4742 601 4755 ⁸
636 4724 747 4779 εἶτα
772 4728 801 4785 ἡ
854 4724 1072 4798 δευτέρα
1101 4725 1301 4799 ἓναρξις
1325 4730 1415 4777 καὶ
1454 4726 1483 4782 ἡ
1519 4729 1666 4798 τρίτη
1691 4725 1761 4786 εἰς
1789 4729 1876 4777 τὸν

258 4815 414 4890 ἦχον
445 4824 541 4879 τῆς
573 4818 768 4889 ἡμέρας
800 4832 812 4843 ⁶
846 4812 959 4867 εἶτα
998 4818 1056 4867 τὸ
1091 4817 1302 4889 Κύριε,
1353 4812 1664 4887 ἐκέκραξα
1695 4814 1761 4875 εἰς
1790 4817 1875 4867 τὸν

259 4903 416 4978 ἦχον
446 4913 545 4957 τῶν
575 4908 777 4977 στίχων
809 4911 903 4965 τῆς
928 4903 1130 4977 ἑορτῆς.

1981 3215 2201 3272 Deinde
2232 3214 2627 3284 evangelium,
2659 3218 2715 3270 et
2752 3214 2899 3269 illud
2926 3230 2940 3269 :
2975 3216 3037 3269 in
3068 3214 3359 3270 noctibus.
3390 3217 3454 3269 Et
3493 3218 3631 3285 post

1977 3306 2546 3377 quinquagesimum
2569 3303 2871 3375 psalmum
2887 3302 3093 3375 incipit
3109 3319 3325 3359 canon.
3349 3304 3633 3359 Fiuntau-

1979 3400 2097 3450 tem
2119 3396 2253 3449 duae
2275 3393 2578 3449 lectiones.
2600 3395 2666 3449 Et
2688 3393 2783 3447 die
2810 3392 3118 3448 Dominico
3144 3392 3221 3448 ad
3247 3407 3524 3464 vesperas
3544 3391 3631 3447 in-

1978 3484 2124 3554 cipit
2155 3499 2165 3537 :
2204 3484 2403 3539 beatus
2430 3482 2540 3538 vir.
2584 3484 2650 3538 Et
2678 3481 2825 3537 feria
2863 3481 3128 3537 secunda
3160 3481 3237 3537 ad
3270 3482 3632 3537 matutinum

1978 3572 2290 3643 psallimus
2327 3588 2534 3627 rursus
2562 3590 2575 3627 :
2608 3572 2763 3628 Deus
2793 3571 3101 3635 Dominus,
3150 3572 3345 3642 primo
3376 3576 3539 3635 tono,
3574 3573 3633 3626 et

1980 3676 2169 3717 unum
2200 3660 2495 3716 cathisma
2522 3660 2770 3732 psalmi;
2800 3659 3017 3714 deinde
3049 3674 3345 3715 canonem
3374 3673 3631 3714 resurre-

1979 3751 2211 3805 ctionis.
2255 3752 2319 3804 Et
2361 3750 2513 3805 ﬁunt
2550 3749 2832 3805 lectiones
2866 3755 3005 3804 tres.
3058 3749 3200 3803 Exin
3240 3747 3634 3820 completoria

1979 3839 2208 3908 integra
2228 3840 2574 3905 recitamus,
2597 3842 2846 3910 excepto
2874 3836 3137 3893 Sabbato
3160 3852 3423 3908 vespere,
3447 3840 3504 3893 et
3521 3836 3634 3893 Do-

1980 3927 2127 3983 mini
2175 3926 2566 3993 solemnitate,
2595 3931 2653 3982 et
2680 3926 2932 3997 alicujus
2973 3926 3161 3981 sancti
3199 3926 3635 3981 commemOra-

1981 4017 2138 4072 tione
2160 4031 2295 4085 quas
2326 4015 2520 4070 feriari
2542 4031 2652 4071 nos
2677 4015 2899 4070 faciunt
2923 4014 3000 4070 ab
3024 4014 3189 4069 horis
3211 4018 3267 4069 et
3289 4014 3630 4081 metanoeis;

1982 4111 2117 4177 post
2146 4104 2244 4160 illa
2265 4104 2482 4159 scilicet
2511 4103 2698 4160 verba
2727 4120 2740 4158 :
2765 4104 3067 4159 nobiscum
3097 4104 3271 4169 Deus,
3301 4108 3357 4158 et
3382 4117 3636 4175 sequen-

1982 4194 2083 4250 tia.
2113 4193 2411 4249 Laborant
2446 4198 2645 4249 autem
2678 4192 2859 4249 etiam
2889 4192 3146 4247 ofﬁcinae
3187 4208 3224 4247 a
3253 4206 3453 4257 mane,
3484 4189 3633 4249 feria

1983 4283 2150 4338 tertia
2162 4284 2439 4337 secundas
2455 4281 2853 4338 hebdomadas
2867 4281 3228 4352 incipientis.
3247 4284 3423 4336 Porro
3439 4294 3633 4352 usque

1981 4372 2059 4428 ad
2091 4371 2477 4427 Pentecosten
2504 4372 2852 4443 procimena
2884 4369 3207 4444 psallimus
3237 4367 3524 4442 quotidie.

2055 4553 2105 4605 4.
2138 4550 2201 4604 In
2230 4549 2513 4605 omnibus
2553 4549 2845 4621 lychnicis
2880 4548 3328 4604 solemnitatum
3375 4546 3633 4616 Domini,

1985 4638 2253 4711 psalmus
2299 4638 2510 4695 Beatus
2552 4640 2648 4694 vir
2679 4638 2888 4709 incipit
2934 4642 3079 4693 tono
3118 4636 3364 4709 obliquo
3401 4640 3633 4709 quarto.

1986 4726 2205 4782 Deinde
2255 4728 2519 4784 secunda
2571 4727 2901 4792 inchoatio,
2961 4731 3017 4782 et
3069 4725 3237 4781 tertia
3291 4731 3430 4780 tono
3495 4725 3634 4781 diei.

1987 4817 2206 4871 Deinde
2226 4816 2371 4873 illud
2400 4834 2413 4874 :
2443 4816 2707 4884 Domine,
2737 4815 2997 4873 clamavi
3028 4820 3168 4871 tono
3191 4814 3522 4871 stichorum
3543 4828 3638 4871 so-

1985 4905 2328 4963 lemnitatis.

1846 5045 2073 5104 NOTAE.

267 5226 299 5238 ..
348 5185 461 5255 (3t)
491 5188 696 5242 Canon
722 5188 809 5240 est
833 5182 1227 5239 determinata
1274 5179 1556 5255 quaedam
1590 5194 1875 5235 mensura

252 5250 647 5333 hymnorum
669 5255 1103 5333 canendorum.
1138 5250 1315 5310 Goar'.
1358 5268 1415 5321 p.
1446 5250 1569 5333 351.

347 5329 465 5399 (32)
481 5331 561 5382 [tu
576 5327 807 5399 Studita
820 5332 1173 5399 constanter
1186 5338 1402 5399 genere
1428 5328 1668 5387 neutro;
1688 5335 1877 5391 quam

254 5394 595 5458 lectionem
626 5397 876 5469 priefero
907 5397 1035 5452 aliis
1066 5394 1463 5451 scribentibus
1512 5407 1647 5461 gen.
1676 5406 1869 5447 masc.

256 5472 433 5529 Sunt
454 5476 654 5527 autem
680 5469 896 5542 psalmi
926 5484 1005 5534 ιιι,
1036 5482 1238 5532 χχχιιι,
1270 5481 1406 5531 ιχιι,
1444 5479 1615 5529 Lxxx,
1646 5478 1748 5526 vn,
1783 5477 1876 5530 cu,

260 5556 450 5601 CXLII.

283 5686 292 5691 _
348 5612 469 5686 (33)
499 5611 886 5668 Procimenon
912 5607 1185 5679 intelligit
1210 5606 1456 5665 Goarius
1478 5603 1757 5677 proprios
1780 5618 1884 5660 cu-

570 5734 811 5793 PATROL.
845 5733 949 5792 Gn.
974 5731 1175 5789 XCIX.

1977 5186 2198 5258 jusque
2227 5185 2343 5243 diei
2367 5183 2692 5242 versiculos
2717 5200 2789 5240 ex
2821 5181 3103 5255 psalterio
3128 5180 3462 5253 decerptos.
3484 5178 3633 5235 Vide

1988 5259 2397 5393 “(ignotitiam
2426 5344 2562 5400 quas
2606 5344 2643 5384 a
2673 5322 3395 5400 sedentibusconcinitur.
3430 5324 3509 5400 De
3541 5326 3632 5400 to-

1987 5402 2079 5456 nis
2109 5407 2310 5457 autem
2350 5393 2688 5456 Grécorum
2718 5397 2966 5454 Allatius
2999 5397 3082 5452 De
3109 5395 3211 5450 lib.
3254 5394 3400 5450 eccl.
3427 5393 3533 5450 Gr.
3573 5393 3634 5449 in

1990 5473 2561 5615 0c(t?%e)clt.l;chnicum
2586 5540 2824 5615 proprie
2854 5554 2996 5615 pars
3022 5537 3183 5608 prior
3219 5533 3403 5592 ofﬁcii
3433 5548 3640 5605 vespe-

1987 5630 2213 5673 rarum.
2236 5612 2419 5671 'Goar.
2452 5612 2607 5668 editi
2629 5614 2766 5667 Ven.
2800 5626 2860 5685 p.
2894 5612 2983 5667 24.

3290 5714 3362 5772 54
