4058 6274
491 312 516 364 1
526 311 628 366 707

485 524 857 580 anastasima
883 527 1152 594 praeeunt
1181 521 1636 578 cathismatibus
1667 523 2054 594 catanycticis
2083 530 2139 579 et

486 611 833 684 apostolicis
847 650 862 667 .

561 795 610 846 6.
644 792 689 844 A
728 789 1016 846 Paschate
1043 804 1234 861 usque
1263 789 1339 845 ad
1369 789 1790 845 Ascensionem
1830 789 2086 846 dicimus
2117 809 2131 846 :

485 879 971 936 resurrectionem
988 877 1234 934 Christi.
1250 878 1471 933 Deinde
1485 879 1613 949 pari
1632 879 1814 934 modo
1827 879 2131 950 psalmum

484 967 1093 1039 quinquagesimum;
1121 973 1179 1024 et
1200 968 1522 1039 martyrica
1546 967 1606 1022 in
1637 967 1998 1038 psalmodia.
2029 970 2135 1024 Ne-

485 1072 797 1128 quaquam
829 1057 1091 1112 ulterius.

555 1151 607 1200 7.
654 1148 847 1217 Usque
877 1145 954 1201 ad
990 1145 1377 1201 Pentecosten
1408 1160 1760 1216 quanquam
1791 1145 1972 1201 horas
2010 1160 2133 1202 non

485 1234 818 1306 psallimus,
843 1250 1037 1306 neque
1060 1249 1217 1303 genu
1238 1233 1551 1301 ﬂectimus,
1583 1234 1905 1290 mortuales
1933 1239 2131 1290 tamen

485 1339 749 1381 canones
779 1323 839 1378 in
879 1322 1156 1378 Sabbatis
1185 1323 1520 1394 psallimus.
1553 1326 1622 1378 Et
1663 1322 1778 1378 alio
1807 1325 1985 1378 etiam
2015 1323 2130 1389 die,

487 1414 536 1468 si
567 1411 1063 1468 commemoratio
1088 1412 1189 1468 ﬁat
1220 1412 1414 1468 fratris
1445 1412 1720 1482 alicujus,
1765 1413 2098 1482 psallimus.

558 1503 609 1556 8.
643 1501 906 1558 Sabbato
928 1502 1299 1556 Pentecostes
1328 1501 1406 1556 ad
1427 1501 1916 1572 exapostilarium
1938 1501 2138 1572 psalli-

485 1607 622 1646 mus
639 1591 1007 1647 :memoriam
1023 1597 1409 1656 mortuorum,
1432 1590 1707 1645 Domine:
1730 1599 1908 1662 atque
1924 1590 1983 1645 id
1999 1605 2136 1645 can-

485 1684 674 1738 tantes
697 1680 774 1736 ad
796 1679 1044 1735 fratrum
1072 1678 1345 1750 sepulcra
1371 1679 1669 1746 venimus,
1689 1679 1894 1750 ibique
1913 1684 2136 1734 stantes

1747 305 1807 364 S.
1848 309 2212 366 THEODORI
2249 308 2575 367 STUDIT/E

561 439 614 490 5.
657 436 855 505 Usque
890 433 969 490 ad
1011 434 1386 490 Ascensionis
1425 431 1861 490 solemnitatem
1898 435 2138 491 stichira
2165 436 2216 492 Δ

3713 302 3869 368 4708'

2321 436 2379 488 ε’.
2439 442 2521 488 Δεῖ
2564 433 2757 488 εἰδέναι
2806 435 2886 487 ὅτι
2937 436 3071 508 ἄχρι
3118 442 3212 497 τῆς
3267 434 3612 507 Δναληψίμου
3667 435 3859 512 ἑορτῆς

2246 533 2602 598 προηγοῦνται
2683 526 2751 576 τά
2830 523 3167 596 ἀναστάσιμα
3243 525 3481 598 στιχηρά
3561 525 3676 592 (36)
3763 546 3857 578 κα-

2249 615 2515 685 θισμάτων
2601 621 2702 666 τῶν
2778 632 2833 666 τε
2904 621 3290 666 κατανυκτικῶν
3397 617 3486 666 καὶ
3565 612 3860 668 ἀποστολι-

2246 712 2347 755 κῶν
2373 703 2502 769 (37).

2319 794 2394 858 ς’.
2447 797 2558 866 Χρὴ
2610 796 2882 862 γινώσκειν
2943 792 3022 843 ὅτι
3079 790 3181 844 ἀπὸ
3231 799 3325 844 τοῦ
3371 793 3570 864 Πάσχα
3611 793 3710 853 ἕως
3761 800 3858 856 τῆς

2246 881 2627 954 Ἀναληψὶμου,
2656 885 2713 934 τό
2745 881 3106 934 ἀνάστασιν
3137 888 3430 958 Χριστοῦ
3471 883 3712 956 λέγομεν,
3763 869 3857 936 εἶθ’

2244 972 2406 1034 οὕτως
2453 975 2539 1024 τὸν
2577 972 2639 1027 ν’.
2689 976 2778 1024 καὶ
2824 973 3120 1046 μαρτυρικὰ
3145 975 3258 1037 (38)
3302 971 3350 1024 ἕν
3393 979 3454 1044 τῇ
3505 969 3810 1044 ψαλμῷδίᾳ
3843 990 3856 1003 ·

2244 1058 2296 1122 ἐξ
2324 1062 2514 1112 ἐκείνου
2547 1056 2606 1111 δὲ
2634 1058 2828 1114 οὐκέτι.

2317 1149 2385 1209 ζ’.
2442 1148 2628 1202 ’ἰστέον
2682 1145 2742 1200 δέ
2772 1150 2854 1200 ὅτι
2905 1149 2993 1209 ἕως
3039 1156 3136 1211 τῆς
3163 1148 3226 1214 ν’,
3259 1148 3304 1200 εἰ
3332 1153 3421 1201 καὶ
3465 1150 3600 1222 ὧρας
3627 1148 3694 1200 οὐ
3727 1147 3856 1219 ψάλ-

2243 1237 2412 1308 λομεν,
2467 1236 2590 1290 οὐδὲ
2637 1241 2761 1308 γόνυ
2806 1235 3062 1308 κλίνομεν,
3117 1235 3226 1288 ἀλλ’
3276 1233 3363 1288 οὖν
3411 1241 3632 1298 κανόνας
3662 1256 3860 1311 νεκρωο

2247 1330 2436 1397 σίμους
2482 1324 2528 1377 ἐν
2581 1333 2688 1386 τοῖς
2739 1324 2982 1378 Σάϐϐασι
3027 1325 3286 1398 ψάλλομεν
3321 1343 3335 1356 ο
3368 1331 3456 1378 καὶ
3505 1329 3553 1378 iv
3607 1326 3747 1398 ἄλλῃ
3801 1323 3858 1379 δὲ

2247 1415 2434 1488 ἡμέρᾳ,
2468 1415 2512 1466 εἰ
2539 1418 2700 1486 τύχοι
2724 1419 3060 1486 μνημόσυνον
3093 1411 3334 1487 ἀδελφοῦ,
3368 1414 3652 1488 ψάλλομεν.

2904 621 3290 666 κατανυκτικῶν

2319 1503 2390 1561 η’.
2437 1511 2520 1556 Δεῖ
2549 1501 2740 1556 εἰδέναι
2785 1506 2853 1564 ὡς
2883 1512 2954 1574 τῷ
2983 1502 3229 1574 Σαϐϐάτῳ
3274 1512 3370 1565 τῆς
3393 1505 3434 1554 ν’
3463 1504 3533 1566 εὶς
3560 1509 3618 1556 τό
3674 1503 3861 1567 ἐξαπο-

2249 1591 2536 1667 στειλάριον
2565 1593 2673 1655 (39)
2719 1591 2996 1665 ψάλλομεν,
3031 1595 3061 1650 ἡ
3103 1597 3322 1665 μνήμη
3377 1601 3496 1645 τῶν
3546 1613 3860 1665 κεκοιμη-

2247 1687 2463 1754 μένων,
2525 1685 2721 1754 Κύριε
2749 1701 2762 1714 ο
2813 1687 2903 1734 καὶ
2956 1689 3110 1734 τοῦτο
3158 1681 3436 1753 ψάλλοντες
3484 1685 3864 1758 κατερχόμεθα

485 1769 779 1841 psalimus
830 1769 946 1824 diei
975 1768 1131 1823 illius
1164 1768 1421 1823 stichira.
1465 1772 1654 1840 Atque
1687 1769 1766 1823 ita
1805 1768 2134 1824 absolvitur

2260 1771 2318 1833 εἰς
2347 1776 2466 1834 τοὺς
2515 1773 2706 1843 τάφους
2752 1780 2852 1824 τῶν
2902 1768 3154 1844 ἀδελφῶν,
3211 1771 3364 1824 κάκεῖ
3416 1774 3693 1845 ἱστάμενοι
3727 1771 3861 1844 ψάλ-

485 1858 867 1915 matutinum.
916 1857 979 1912 ld
1021 1862 1223 1914 autem
1255 1857 1509 1912 facimus
1539 1858 1717 1914 etiam
1770 1857 1832 1912 in
1875 1856 2137 1914 Sabbato

484 1947 888 2018 Carnisprivii.

555 2039 609 2091 9.
643 2038 896 2108 Vespere
929 2035 1218 2091 Dominici
1248 2034 1364 2090 diei
1397 2040 1620 2091 sanctae
1654 2035 2027 2091 Pentecostes
2059 2035 2137 2091 ad

482 2125 850 2198 lychnicum,
883 2125 943 2179 in
970 2139 1093 2196 quo
1114 2125 1294 2180 etiam
1323 2130 1407 2180 ter
1436 2140 1633 2194 genua
1651 2123 1968 2190 ﬂectimus,
2000 2130 2138 2195 post

481 2215 842 2287 prooemium
857 2213 1056 2270 statim
1073 2212 1578 2280 diciturzDomine,
1595 2214 1871 2271 clamavi.
1885 2217 1942 2268 Et
1959 2227 2136 2269 mane

485 2303 563 2360 ad
576 2303 925 2359 matutinum
943 2307 1079 2373 post
1090 2301 1545 2374 hexapsalmum
1561 2302 1838 2358 dicimus:
1859 2305 2011 2359 Deus
2024 2303 2136 2357 Do-

482 2393 711 2461 minus;
734 2392 1053 2464 statimque
1069 2406 1387 2456 canonem,
1413 2397 1468 2446 et
1484 2391 1950 2447 duaslectiones.
1975 2392 2137 2446 Hanc

481 2497 622 2537 vero
637 2482 814 2537 etiam
827 2479 1277 2536 hebdomadam
1295 2481 1422 2535 sine
1435 2485 1611 2535 cantu
1626 2481 1910 2536 horarum
1929 2481 2137 2536 transi-

483 2571 702 2641 gimus.

559 2662 640 2714 l0.
673 2657 948 2729 Sequitur
969 2661 1178 2713 sancta
1193 2657 1604 2729 apostolorum
1627 2663 1970 2714 sanctorum
1987 2674 2136 2730 qua-

485 2747 845 2816 dragesima,
861 2751 917 2800 et
931 2745 1396 2817 jamincipimus
1419 2746 1596 2801 horas
1616 2762 1859 2818 quoque
1882 2748 2135 2818 psallere

485 2850 722 2906 semper
734 2850 872 2889 cum
887 2834 1416 2889 cathismate.Tum
1429 2835 1486 2889 in
1502 2833 1611 2888 fine
1627 2835 1972 2905 psalmodiaa
1987 2837 2133 2892 dici-

483 2940 634 2978 mus:
647 2922 1776 2992 Domine,miserere;Christe,miserere.
1788 2927 1850 2979 Et
1861 2924 1917 2979 in
1935 2927 2078 2997 prim
2089 2927 2137 2980 is

484 3012 739 3068 facimus
759 3017 873 3067 tres
895 3016 1225 3068 metanaaas
1249 3012 1379 3083 pari
1401 3013 1596 3067 cuncti
1617 3015 1910 3068 celeritate
1931 3015 2136 3085 praesi-

2245 1859 2394 1932 λομεν
2423 1863 2490 1912 τὰ
2518 1867 2606 1921 τῆς
2637 1862 2833 1934 ἡμέρας
2866 1862 3109 1934 στιχηρά
3149 1876 3161 1889 ’
3201 1865 3290 1912 καὶ
3321 1859 3533 1913 ἀπολύει
3567 1862 3592 1913 ό
3627 1863 3820 1934 ὄρθρος
3845 1876 3858 1890 ⁸

2244 1957 2394 2002 τοῦτο
2423 1945 2481 2002 δε
2509 1956 2753 2021 ποιοῦμεν
2783 1953 2873 2001 καὶ
2904 1957 2974 2019 τῷ
3007 1949 3257 2022 Σαϐϐάτῳ
3288 1957 3385 2012 τῆς
3409 1948 3732 2022 Ἀποκρέου.

2318 2039 2383 2094 θ’.
2415 2043 2528 2112 Χρὴ
2585 2044 2858 2110 γινώσκειν
2907 2040 2988 2092 ὅτι
3043 2038 3136 2109 ὀψὲ
3168 2046 3229 2111 τῇ
3279 2045 3514 2112 Κυριακῇ
3564 2046 3664 2100 τῆς
3705 2038 3861 2112 ἁγίας

2246 2135 2611 2190 Πεντηκοστῆς
2663 2131 2730 2188 εἱς
2781 2131 2838 2180 τό
2890 2127 3163 2200 λυχνικόν,
3210 2131 3259 2180 ἐν
3309 2127 3348 2200 ᾧ
3393 2133 3482 2182 καὶ
3531 2130 3624 2189 τὰς
3673 2127 3726 2199 γ’
3778 2146 3861 2200 γο-

2244 2216 2514 2278 νυκλισίας
2564 2223 2832 2288 ποιοῦμεν,
2894 2218 3029 2288 μετά
3085 2220 3143 2269 τὸ
3191 2221 3466 2290 προοίμιον
3506 2220 3617 2281 (40)
3672 2217 3860 2279 εὐθέως

2245 2309 2324 2373 τό,
2381 2308 2592 2378 Κύριε,
2644 2305 2962 2380 ἐκέκραξα
2995 2323 3008 2337 ⁸
3065 2311 3154 2358 καὶ
3182 2313 3245 2379 τῇ
3273 2307 3423 2358 ἔωθεν
3453 2306 3519 2367 εἰς
3547 2310 3640 2358 τόν
3672 2308 3860 2379 ὄρθρον

2243 2397 2374 2467 μετά
2403 2397 2460 2446 τὸ
2492 2394 2784 2466 ἐξάψαλμον
2839 2398 2920 2462 τό,
2976 2398 3131 2455 Θεὸς
3189 2397 3422 2470 Κύριος
3469 2394 3688 2467 λέγομεν
3722 2410 3736 2425 ⁶
3770 2399 3858 2446 καὶ

2253 2484 2405 2545 εὐθὺς
2447 2487 2532 2535 τὸν
2577 2489 2787 2549 κανόνα,
2835 2488 2925 2535 καὶ
2957 2482 3268 2554 ἀναγνώσεις
3296 2482 3349 2556 β’
3381 2502 3391 2513 ·
3447 2485 3645 2556 ἄγομεν
3680 2479 3742 2536 δὲ
3771 2487 3858 2534 καὶ

2243 2577 2336 2630 τὴν
2367 2568 2643 2645 ἑϐδομάδα
2672 2574 2866 2630 ταύτην
2892 2577 2963 2644 μὴ
2993 2572 3268 2643 ψάλλοντες
3297 2574 3453 2646 ὧρας.

2317 2661 2371 2716 ι’.
2421 2660 2547 2714 Εἶτα
2593 2660 2870 2733 ἐπέρχεται
2920 2666 3009 2713 καὶ
3066 2663 3094 2719 ἡ
3131 2661 3257 2733 ἁγία
3309 2666 3713 2735 τεσσαρακοστὴ
3755 2670 3850 2714 τῶν

2244 2753 2403 2823 ἁγίων
2461 2749 2780 2816 ἀποστόλων,
2834 2755 2924 2803 καὶ
2986 2749 3262 2824 ἀρχόμεθα
3327 2749 3538 2822 ψάλλειν
3599 2755 3694 2803 καὶ
3761 2752 3852 2812 τὰς

2244 2842 2380 2910 ὧρας
2430 2843 2562 2912 μετά
2606 2842 2931 2912 καθίσματος
2962 2842 3203 2892 πάντοτε.
3253 2843 3400 2893 Μετά
3448 2847 3572 2912 γοῦν
3622 2843 3682 2892 τό
3714 2839 3851 2900 τέλος

2243 2938 2336 2992 τῆς
2357 2925 2688 3001 ψαλμῳδίας,
2715 2929 2929 3001 λέγομεν
2954 2933 3032 2994 τό,
3086 2932 3212 3004 Κῦρ
3231 2949 3301 2995 ιε,
3353 2928 3492 2986 ἒλέη
3511 2948 3580 2982 σο
3603 2950 3652 2996 ν,
3711 2935 3850 3002 Χρι-

2247 3020 2369 3083 στὲ,
2428 3016 2712 3075 ἐλέησον.
2769 3023 2868 3070 Καὶ
2921 3014 3172 3090 βάλλομεν
3223 3016 3270 3068 ἰν
3327 3022 3549 3089 πρώτοις
3596 3017 3646 3088 γ’
3699 3036 3846 3088 μετα·

483 3100 622 3156 dem
638 3101 864 3172 subseq
874 3104 1096 3154 uentes:
1111 3116 1264 3171 quas
1278 3101 1430 3155 inter
1443 3101 1821 3156 extendimus
1836 3103 2011 3158 etiam
2030 3103 2134 3158 ali-

2260 3111 2381 3166 νοίας
2431 3106 2695 3177 ἰσοταχῶς
2751 3106 2974 3166 ἅπαντες
3027 3114 3098 3177 τῷ
3143 3115 3437 3179 προεστῶτι
3487 3105 3846 3179 ἐπόμενονὲν

483 3194 780 3261 quantum
796 3205 1013 3244 manus
1033 3188 1111 3244 ad
1139 3190 1347 3245 Deum.
1371 3190 1593 3244 Deinde
1621 3191 1702 3246 sic
1726 3193 1874 3246 alias
1907 3193 2130 3262 viginti,

483 3283 710 3349 quanta
729 3278 984 3350 quisque
997 3277 1288 3332 celeritate
1309 3283 1520 3348 potest.
1550 3283 1631 3334 lta
1653 3281 1886 3352 agimus
1907 3282 1964 3336 in
1991 3298 2134 3338 una-

481 3382 723 3438 quaque
745 3366 980 3438 synaxi.
1006 3367 1091 3421 Ad
1107 3383 1240 3421 com
1267 3367 1579 3437 pletorium
1594 3374 1792 3424 autem
1819 3385 2015 3439 genua
2034 3370 2135 3426 ﬂe-

483 3456 698 3511 ctimus
723 3457 1146 3527 quinquagies,
1167 3462 1222 3510 et
1247 3457 1322 3510 ad
1351 3457 1708 3512 matutinum
1740 3461 2131 3529 quadragies.

559 3547 643 3599 11.
693 3545 756 3598 In
793 3543 1078 3599 omnibus
1120 3545 1427 3600 matutinis
1471 3552 1608 3616 post
1646 3547 1827 3601 ﬁnem
1867 3548 2134 3604 lectionis

484 3631 1177 3702 surgentes,duodecies,
1201 3633 1492 3688 dicimus:
1533 3635 1797 3703 Domine,
1832 3636 2130 3694 miserere.

486 3725 674 3792 Atque
702 3721 785 3777 ita
812 3719 1010 3776 denuo
1036 3721 1246 3793 incipit
1275 3722 1632 3792 psalmodia.

561 3894 643 3949 12.
698 3894 872 3950 Omni
918 3894 1182 3952 Sabbato
1227 3912 1298 3952 ac
1343 3897 1443 3952 die
1487 3897 1815 3965 Dominico,
1865 3901 2132 3973 quoties-

485 3998 722 4054 cunque
762 3983 825 4038 in
855 3983 946 4038 his
976 4000 1098 4040 non
1127 3987 1383 4041 occurrit
1423 3989 1514 4042 vel
1549 3987 1897 4046 solemnitas
1930 3993 2135 4049 Domi-

483 4074 565 4136 ni.
596 4072 689 4128 vel
718 4072 970 4144 alicujus
996 4076 1183 4129 sancti
1217 4077 1528 4142 memoria,
1561 4093 1630 4132 ex
1664 4079 1936 4150 Epistolis
1969 4083 2134 4139 Pauli

483 4160 758 4232 legimus.
791 4162 1066 4219 Sabbatis
1091 4168 1291 4219 autem
1323 4166 1396 4220 ad
1430 4168 1787 4223 matutinum
1817 4171 2132 4240 psallimus

485 4251 780 4306 cathisma
810 4256 944 4307 ante
989 4252 1292 4322 psalmum
1324 4256 1716 4314 immaculati.
1776 4260 1995 4316 Deinde
2025 4265 2137 4320 im-

485 4339 792 4404 maculatz‘,
829 4344 884 4394 et
915 4340 1169 4396 subinde
1200 4343 1504 4413 psalmum
1534 4347 2132 4421 quinquagesimum,

2245 3195 2324 3254 αἷς
2349 3201 2438 3246 καὶ
2467 3199 2652 3269 μικρὸν
2701 3197 2793 3258 τὰς
2841 3202 3022 3267 χεῖρας
3061 3194 3344 3266 ἐκτείνομεν
3397 3199 3528 3269 πρὸς
3571 3199 3663 3248 τόν
3695 3198 3834 3249 Θεόν.

2248 3281 2358 3335 Εἶθ’
2389 3284 2552 3346 οὕτως
2598 3284 2758 3346 ἄλλας
2787 3284 2835 3335 κ’
2882 3287 2944 3345 ὡς
2975 3287 3089 3355 ἔχει
3121 3286 3324 3357 τάχους
3375 3285 3617 3347 ἕκαστος.
3673 3284 3849 3342 Οὕτως

2245 3369 2331 3424 οὖν
2379 3373 2498 3425 καθ’
2550 3372 2773 3430 ἑκάστην
2820 3372 3050 3435 σύναξιν.
3100 3373 3186 3434 Εἰς
3236 3369 3296 3425 δὲ
3339 3375 3396 3425 τὸ
3455 3369 3846 3437 Ἀποδείπνιον,

2244 3462 2570 3533 γονυκλισίαι
2601 3461 2660 3528 ν’,
2694 3467 2783 3514 καὶ
2814 3461 2885 3522 εἰς
2929 3465 3016 3513 τόν
3056 3464 3240 3536 ᾇοθρον
3270 3462 3344 3534 μ’.

2318 3551 2407 3603 ια’.
2458 3554 2572 3624 Χρὴ
2606 3558 2877 3621 γινώσκειν
2905 3554 2984 3602 ὅτι
3027 3551 3100 3612 εἰς
3143 3552 3362 3602 ἕκαστον
3418 3551 3603 3623 ὄρθρον
3630 3551 3764 3623 μετά
3791 3552 3847 3602 τό

2243 3638 2383 3701 τέλος
2445 3649 2534 3699 τῆς
2581 3639 2915 3712 ἀναγνώσεως
2971 3639 3284 3714 ἐγειρόμενοι
3359 3636 3656 3703 δωδεκάκις
3709 3639 3849 3710 λέγο-

2244 3746 2333 3799 μεν
2362 3731 2438 3793 τὸ,
2477 3729 2687 3801 Κύριε,
2717 3728 2852 3786 ἑλέη
2873 3746 2942 3780 σο
2961 3749 3007 3782 v.
3045 3733 3145 3781 Καὶ
3185 3728 3344 3788 οὕτως
3369 3728 3599 3802 ἄρχεται
3629 3727 3785 3782 πάλιν
3815 3727 3844 3784 ἡ

2249 3814 2558 3890 ψαλμῳδία.

2319 3905 2411 3980 ιβ’.
2447 3914 2529 3959 Δεῖ
2558 3903 2750 3959 εἰδέναι
2776 3908 2845 3969 ὡς
2875 3908 2993 3960 καθ’
3048 3909 3264 3960 ἕκαστον
3314 3905 3575 3959 Σάϐϐατον
3624 3910 3716 3959 καὶ
3746 3905 3848 3960 Κυ-

2243 4001 2453 4070 ριακὴν,
2509 3997 2592 4048 ὅτε
2621 3996 2715 4048 οὐκ
2745 3983 2884 4048 ἔστιν
2916 3995 2966 4048 ἐν
3012 3996 3190 4056 αὐταῖς
3245 3999 3362 4055 ἤτοι
3410 3995 3558 4070 ἑορτὴ
3595 4003 3848 4050 Δεσποτι-

2245 4089 2334 4150 κὴ,
2376 4086 2405 4144 ἣ
2441 4089 2618 4158 μνήμη
2672 4085 2846 4156 ἁγίου,
2894 4087 2979 4137 τὸν
3027 4085 3344 4139 Ἀπόστολον
3403 4084 3842 4157 ἀναγινώσκομεν.

2244 4176 2329 4227 Ἐν
2379 4171 2437 4227 δὲ
2495 4182 2605 4236 τοίς
2656 4173 2919 4226 Σάϐϐασιν
2978 4175 3048 4236 εἰς
3101 4179 3188 4227 τόν
3238 4176 3423 4248 ὄρθρον
3474 4173 3736 4248 ψάλλομεν
3765 4175 3841 4237 τό,

2246 4268 2347 4339 πρὸ
2373 4270 2464 4316 τοῦ
2519 4263 2777 4336 ἀμώμον
2806 4265 3070 4336 κάθισμα.
3111 4260 3236 4317 Εἶτα
3264 4267 3350 4316 τὸν
3383 4265 3646 4336 ἄμωμον
3682 4279 3695 4293 °
3739 4258 3845 4314 εἶτα

2245 4357 2332 4406 τόν
2357 4352 2399 4404 ν’
2433 4370 2446 4384 ο
2497 4349 2608 4406 εἶτα
2636 4357 2723 4406 τόν
2766 4358 2956 4405 κανόνα
2988 4372 3000 4385 ·
3047 4357 3280 4424 γίνονται
3314 4349 3372 4405 δὲ
3417 4351 3733 4424 ἀναγνώσεις
3770 4348 3838 4421 γ’.

484 4433 692 4499 postea
729 4444 1023 4484 canonem
1052 4448 1064 4496 ;
1101 4436 1156 4484 et
1201 4431 1354 4486 ﬁunt
1380 4432 1660 4489 lectiones
1693 4441 1830 4492 tres.
1865 4441 2134 4512 Namque

2260 4443 2341 4505 Εἰς
2381 4445 2480 4515 γὰρ
2529 4446 2618 4494 τόν
2675 4444 2941 4514 ἄμωμον
2976 4441 3070 4494 οῦκ
3119 4441 3556 4514 ἀναγινώσκομεν.
3615 4443 3760 4497 Ἀντὶ
3786 4435 3840 4490 δι

485 4515 564 4571 ad
585 4516 884 4588 psalmum
905 4517 1306 4587 immaculati,
1327 4537 1446 4577 non
1468 4522 1741 4591 legimus.
1770 4529 1917 4583 Loco
1933 4537 2133 4586 autem

484 4605 890 4677 exapostilarii
905 4607 1016 4662 dici
1028 4611 1258 4672 mus,In
1274 4612 1555 4667 memoria
1569 4621 1790 4670 aeterna
1805 4617 1911 4671 erit
1913 4619 2134 4688 justus,

484 4695 560 4750 ab
580 4695 882 4750 auditione
906 4698 1069 4753 mala
1095 4714 1212 4752 non
1243 4699 1486 4755 timebit.
1515 4703 1644 4756 Huic
1668 4707 1970 4774 quantitas
1993 4723 2137 4779 qua-

480 4783 738 4855 litasque
781 4783 1134 4855 psalmodia:
1176 4789 1548 4856 protenditur
1593 4806 1781 4862 usque
1813 4793 1888 4849 ad
1923 4797 2138 4854 vivifici

480 4862 626 4941 ligni
659 4872 1101 4930 exultationem.

557 4961 638 5016 13.
682 4962 961 5017 Postridie
1008 4963 1384 5020 dormitionis
1431 4969 1824 5027 sanctissimis
1869 4976 2136 5048 Deiparaa

480 5049 540 5106 in
553 5050 830 5122 lychnico
847 5057 983 5122 post
997 5053 1357 5124 prooemium
1376 5057 1574 5113 statim
1588 5059 1830 5117 dicitur:
1857 5065 2000 5121 Dom
2013 5068 2131 5134 ine,

479 5139 757 5196 clamavi.
776 5141 839 5195 Et
853 5156 1028 5196 mane
1043 5141 1121 5198 ad
1135 5147 1496 5202 matutinum
1511 5150 2130 5224 posthexapsalmum

2246 4540 2338 4585 τοῦ
2369 4531 2826 4605 ἐξαποστειλαρίου
2871 4532 3080 4603 λέγομεν
3131 4535 3210 4599 τὸ,
3268 4531 3371 4593 Εἰς
3426 4536 3834 4603 μνημόσυνον

2248 4621 2506 4674 αἰώνιον
2569 4623 2755 4673 ἔσται
2797 4617 3078 4686 δίκαιος,
3147 4619 3267 4672 ἀπὸ
3307 4619 3508 4682 ἀκοῆς
3563 4621 3835 4691 πονηρᾶς

2247 4711 2315 4762 οῦ
2369 4709 2835 4783 φοϐηθήσεται.
2890 4709 3029 4768 Αὕτη
3063 4711 3092 4768 ἠ
3127 4713 3360 4770 ποσότης
3407 4727 3461 4761 τε
3491 4714 3581 4761 καὶ
3629 4712 3833 4764 ποιότης

2246 4808 2338 4861 τῆς
2364 4796 2680 4872 ψαλμῳδὶας
2711 4796 2953 4852 διατείνει
2979 4802 3142 4872 μέχρι
3174 4807 3269 4861 τῆς
3293 4796 3542 4869 ὑψώσεως
3587 4805 3678 4851 τοῦ
3719 4797 3836 4856 Cm‘

2246 4896 2399 4943 ποιοῦ
2430 4889 2582 4952 ξύλου
2596 4933 2609 4946 .

2319 4977 2404 5050 ιγ’.
2457 4979 2651 5032 ’ἰστέον
2717 4980 2794 5032 ὅτι
2859 4978 2928 5040 εἰς
2987 4982 3079 5037 τὴν
3139 4981 3389 5049 κοίμησιν
3436 4983 3532 5036 τῆς
3589 4975 3838 5044 παναγίας

2245 5072 2496 5121 Θεοτόκου
2548 5071 2708 5140 ἤγουν
2765 5067 2836 5130 εἷς
2889 5070 2946 5120 τὸ
2998 5066 3248 5139 λυχνικόν
3293 5069 3352 5118 τό
3394 5067 3664 5138 μεθέορτον
3713 5059 3840 5135 μετὰ

2246 5160 2303 5210 τό
2345 5162 2617 5233 προοίμιον
2647 5157 2851 5221 εὐθέως,
2895 5158 3109 5230 Κύριε,
3164 5155 3505 5230 εκέκραξα.
3533 5155 3635 5209 Καὶ
3661 5159 3722 5225 τῇ
3755 5150 3840 5202 ἔω-

2050 5286 2093 5340 Ν
2102 5286 2272 5342 ΟΤιΕ.

477 5444 530 5498 at
532 5372 662 5498 0(13:5)
694 5373 931 5430 Cantica
980 5377 1385 5446 poenitentiala
1415 5379 1508 5435 vel
1537 5381 1596 5436 in
1639 5381 1931 5441 honorem
1973 5402 2122 5460 apo-

549 5513 661 5658 (37;
695 5515 970 5598 Stichira,
994 5520 1276 5590 troparia,
1311 5538 1415 5578 seu
1445 5538 1650 5580 versus
1679 5525 2000 5596 longiores.

549 5584 637 5658 (38
685 5586 765 5642 lta
793 5587 1056 5658 intelligo
1085 5591 1238 5658 sigla
1265 5594 1506 5650 codicis.
1540 5598 1688 5652 Sunt
1713 5604 1912 5658 autem
1949 5618 2000 5658 m

548 5584 660 5663 (38)
685 5586 765 5642 lta
793 5587 1056 5659 intelligo
1085 5584 1238 5662 sigla
1262 5584 1506 5650 codicis.
1540 5598 1688 5652 Sunt
1713 5584 1912 5658 autem
1931 5584 2120 5659 imar-

2231 5389 2439 5461 lyrica,
2471 5389 2676 5460 hymni
2704 5390 2763 5444 in
2793 5387 3468 5461 honoremimartyrum.

2301 5452 3044 5534 (39)’Hy'mnorum.genus,
3075 5460 3144 5516 de
3161 5452 3416 5531 quorum
3441 5452 3834 5528 appellatione

2229 5532 2495 5604 djSputat
2520 5533 2776 5602 Cangius

2261 5599 2284 5616 ’
2303 5590 2414 5677 (ὶο)
2453 5605 2554 5660 Est
2599 5590 2867 5676 psalmus
2895 5618 3011 5660 οιιι.
3039 5601 3270 5659 Videsis
3301 5597 3600 5665 Goarium,
3641 5611 3709 5670 p.
3739 5590 3829 5649 23.
