4058 6274
183 312 319 379 1709
1292 305 1900 369 ΟΟΝΒΤΙΤΗἹἹΟΝΕΞ
1940 306 2388 366 ΞΤΗΒΙΤΑΝᾹΞ.
3398 306 3533 370 1710
3566 334 3582 363 λ.

187 446 263 495 θεν
319 462 391 503 εις
445 445 534 494 τὸν
586 442 774 516 ὄρθρον
831 443 961 512 μετὰ
1007 442 1065 492 τὸ
1143 437 1439 509 ἑξάψαλμον
1486 435 1639 490 πάλιν
1691 438 1773 501 τὸ,

1930 451 2091 490 ursus
2122 436 2335 490 dicitur
2368 454 2380 492 :
2414 437 2568 492 Deus
2595 437 2883 495 Dominus
2912 459 2934 509 ;
2965 439 3288 513 statimque
3316 456 3532 508 canon,

184 536 339 591 Θεὸς
408 534 663 604 Κύριος,
706 534 795 581 καὶ
836 532 982 590 εὐθὺς
1037 530 1061 580 6
1109 532 1296 595 κανὼν,
1336 526 1645 597 ἀναγνώσεις

1931 531 1943 579 t
1968 524 2248 580 lectiones
2280 525 2434 581 dum.
2454 525 2731 582 Similiter
2750 527 2877 583 etin
2900 528 3206 586 nativitate
3221 531 3493 600 ejusdem
3519 548 3533 599 ;

183 622 408 692 Ὀμοίως
453 620 524 682 εἰς
576 624 633 671 τὸ
691 618 946 689 γενέθλιον
982 627 1075 678 τῆς
1107 617 1264 676 αὐτῆς
1297 637 1307 647 ι
1345 617 1531 685 ὁμοίως
1572 614 1641 675 εἰς
1685 617 1777 670 τὴν

1938 630 2122 667 ecuon
2177 615 2234 667 in
2287 614 2500 669 Christi
2554 616 2879 684 Natalibus,
2931 622 2986 673 et
3034 617 3095 672 in
3140 618 3290 674 festo
3348 622 3540 676 Lumi-

184 717 419 784 Χριστοῦ
477 711 657 761 Γένναν
693 725 703 737 ·
761 711 1013 767 ὡσαύτως
1063 707 1134 767 εἰς
1185 708 1250 757 τὰ
1297 710 1447 756 Φῶτα
1478 721 1489 732 ·
1536 705 1780 760 ὡσαύτως

1937 718 2056 765 ιιω,
2091 708 2147 755 et
2174 704 2230 756 in
2262 705 2613 773 Hypapante
2656 704 2909 760 Domini.
2955 709 3013 760 ln
3051 707 3180 762 aliis
3212 714 3413 764 autem
3441 726 3539 766 so-

186 799 256 859 εὶς
303 797 754 856 τὴνὙπαπαντην
814 804 904 846 τοῦ
965 800 1178 867 Κυρίου.
1238 793 1315 846 Ἐν
1359 793 1534 851 ἄλλαις
1585 788 1642 843 δὲ
1673 790 1777 861 ἑορ-

1948 791 2316 855 mnitatibus,
2376 794 2636 863 exceptis
2691 794 3008 863 praedictis,
3076 796 3383 868 duplicare
3450 815 3541 855 so-

184 895 317 952 ταίς,
373 887 507 943 πλὴν
563 894 662 938 τῶν
732 888 1225 958 προγεγραμμένων,
1276 878 1468 940 διπλῶς
1521 880 1780 952 ἑορτάζειν

1936 896 2149 934 amnem
2202 880 2377 935 ritum
2425 897 2545 936 non
2597 882 2748 938 licet.
2810 890 2854 939 A
2908 887 3099 940 crucis
3168 904 3307 943 vero
3373 888 3538 944 exal-

186 976 279 1028 οὐκ
332 979 423 1029 ἔνι.
458 975 587 1030 Ἀπὸ
639 971 698 1026 δὲ
759 982 852 1034 τῆς
901 972 1137 1043 ὑψώςεως
1191 972 1279 1031 ἕως
1324 978 1413 1030 τῆς
1456 968 1681 1040 μεγάλης
1709 966 1778 1039 μ’,

1942 967 2111 1022 itione
2141 983 2331 1039 usque
2363 968 2439 1022 ad
2477 984 2763 1039 magnam
2799 974 3351 1045 quadragesimum,
3390 993 3544 1049 prte-

185 1067 487 1137 προτίθεται
537 1069 625 1115 καὶ
663 1064 831 1135 ἓτερον
884 1063 1123 1131 κάθισμα
1168 1060 1215 1112 ’ἐν
1268 1066 1376 1119 τοῖς
1427 1060 1653 1131 ἄρθροις,
1695 1061 1783 1107 καὶ

1943 1058 2134 1110 onitur
2161 1058 2339 1111 etiam
2366 1057 2528 1112 aliud
2546 1058 2904 1116 cathismata
2929 1061 2988 1116 in
3015 1065 3341 1130 matutinis,
3363 1070 3419 1122 et
3447 1082 3545 1122 ca-

186 1157 253 1206 τὰ
295 1156 554 1226 τροπάρια
607 1149 665 1205 δε
717 1160 813 1203 τῶν
884 1151 1221 1221 καθισμάτων
1267 1144 1593 1210 διπλουνται,
1644 1145 1785 1215 λεγο-

1942 1147 2520 1216 iismatumtroparia
2540 1146 3114 1218 duplicantur,dicto
3141 1154 3505 1211 mesosticho
3530 1174 3544 1224 ;

186 1247 340 1314 μένου
372 1246 703 1312 μεσοστίχου
739 1259 750 1271 ·
792 1244 1024 1310 γίνονται
1064 1235 1122 1290 δὲ
1161 1236 1475 1307 ἀναγνώσεις
1505 1232 1578 1289 δ’.
1606 1236 1694 1287 Ἐν
1726 1230 1785 1285 δε

1944 1233 2125 1288 :ﬁunt
2154 1233 2436 1288 lectiones
2481 1241 2757 1306 quatuor.
2801 1240 2863 1293 In
2898 1240 2992 1294 his
3025 1247 3227 1298 autem
3268 1244 3546 1300 Sabbatis

187 1340 296 1393 τοῖς
328 1330 561 1384 Σάϐϐασι
604 1332 801 1389 τούτοις
852 1328 1111 1399 ψάλλομεν
1150 1329 1219 1379 τά
1246 1330 1345 1400 πρὸ
1385 1334 1475 1377 τοῦ
1512 1324 1643 1395 ἀμώ
1666 1343 1784 1394 μου

1946 1321 2206 1376 sallimus
2247 1321 2368 1377 duo
2408 1322 2701 1379 catbisma
2740 1332 2876 1382 ante
2916 1328 3218 1399 psalmum
3258 1332 3548 1389 immacu-

190 1419 240 1495 β’
268 1424 574 1492 καθίσματα
608 1438 618 1448 ·
650 1418 763 1471 εἶτα
792 1423 878 1469 τὸν
910 1419 1134 1489 οἱμωμο
1154 1438 1202 1482 ν,
1244 1413 1334 1468 εἶθ’
1373 1416 1534 1475 οὕτως
1582 1416 1668 1465 τὸν
1696 1432 1786 1463 κα-

1945 1410 2009 1465 ιιί
2023 1430 2043 1465 .·
2056 1410 2270 1465 deinde
2286 1411 2584 1481 psalmum
2605 1415 3010 1472 immaculati:
3031 1424 3238 1490 postea
3251 1435 3547 1477 canonem

186 1517 332 1579 νόνοι,
355 1513 633 1582 γινομένων
666 1504 715 1558 δ’
746 1506 1103 1578 ἀναγνώσεων,
1153 1507 1337 1557 καθότι
1364 1504 1434 1565 εἰς
1487 1506 1574 1555 τὸν
1629 1502 1787 1575 ἀμω-

1947 1498 2065 1553 ιοιὶε
2088 1506 2347 1570 quatuor
2364 1500 2742 1568 lectionibus,
2766 1504 3262 1577 quandoquidem
3290 1509 3368 1565 ad
3393 1510 3549 1582 psal-

186 1622 225 1671 μ
239 1619 302 1651 ον
343 1599 435 1650 οὐκ
462 1597 897 1668 ἀναγινώσκομεν.

1899 1603 2066 1641 mum
2096 1587 2474 1645 immaculatz'
2498 1605 2618 1645 non
2644 1590 2919 1662 legimus.

415 1727 566 1796 Περὶ
605 1729 715 1782 τῆς
754 1720 951 1791 ἁγίας
992 1725 1560 1793 Τεσσαρακοστῆς.
1818 1780 1862 1834 Β

1538 1737 1560 1775 ;.
1818 1780 1862 1834 Β
2300 1714 2382 1769 De
2410 1721 2616 1771 sancta
2646 1716 3140 1789 Quadragesima.

265 1843 359 1901 ιδ’.
417 1849 533 1917 Χρὴ
585 1850 858 1915 γινώσκειν
915 1844 995 1895 ὅτι
1039 1850 1101 1914 τῇ
1159 1839 1284 1913 ἁγίᾳ
1338 1844 1427 1892 καὶ
1473 1838 1665 1911 μεγάλη
1735 1845 1789 1909 μ’

1976 1840 2057 1891 lli.
2106 1836 2169 1891 In
2208 1843 2417 1894 sancta
2451 1854 2673 1910 magna
2718 1841 3197 1914 Quadragesima
3238 1846 3551 1917 psallimus

186 1934 452 2007 ψάλλομεν
506 1936 816 2005 καθίσματα
873 1928 943 1996 δ’,
977 1935 1066 1983 καὶ
1125 1934 1181 1982 τό
1235 1926 1479 2002 τριῴδιον
1512 1944 1525 1957 ⁸
1557 1932 1788 1998 γίνονται

1949 1924 2252 1980 tthismata
2271 1931 2548 1996 quatuor,
2574 1933 2629 1984 et
2654 1929 2954 2001 triodium,
2977 1932 3246 2005 ﬁuntque
3266 1935 3551 1995 lectiones

189 2028 283 2077 xui
323 2024 637 2095 ἀναγνώσεις
687 2019 756 2079 δ’.
814 2026 913 2075 Καὶ
945 2028 1043 2072 τῶν
1090 2016 1318 2091 ἀδελφῶν
1347 2020 1531 2091 μικρὸν
1563 2016 1790 2069 ἀναπαυ-

1944 2019 2174 2069 uatuor.
2232 2017 2296 2069 Et
2338 2015 2617 2071 fratribus
2658 2018 2969 2089 paululum
3008 2022 3546 2093 requiescentibus,

193 2117 447 2185 σαμένων,
502 2116 617 2185 περὶ
670 2115 728 2163 τὸ
779 2107 1091 2182 διάφαυσμα
1122 2112 1363 2180 σημαίνει
1405 2108 1431 2157 6
1482 2104 1791 2177 ἑκκλησιάρ-

1958 2119 2057 2157 rca
2082 2102 2409 2158 diluculum
2436 2106 2676 2175 signum
2700 2107 2802 2163 dat
2823 2109 3219 2168 ecclesiarcha
3251 2131 3264 2166 :
3299 2114 3553 2170 cunctis-

188 2221 300 2275 χης
334 2222 346 2233 ·
410 2206 496 2253 καὶ
556 2203 760 2252 πάντων
812 2199 1287 2273 συναθροισθέντων
1337 2195 1386 2247 ἐν
1415 2203 1486 2266 τῷ
1532 2202 1789 2267 κυριακῷ,

1949 2209 2016 2246 ue
2047 2192 2104 2246 in
2133 2192 2385 2248 ecclesia
2414 2198 2810 2265 congregatis,
2852 2200 3111 2269 primam
3157 2201 3371 2258 horam
3411 2220 3551 2260 can-

187 2290 453 2363 ψάλλομεν
485 2294 577 2348 τὴν
609 2296 677 2356 α’,
733 2292 862 2361 μετὰ
890 2291 1214 2358 καθίσματος
1255 2304 1267 2315 ·
1302 2285 1359 2337 οὐ
1403 2288 1505 2357 μὴν
1535 2289 1624 2335 καὶ
1674 2282 1789 2334 ἀνα-

1954 2298 2100 2336 lmus
2126 2298 2262 2335 cum
2300 2283 2670 2350 cathismate,
2704 2302 2898 2357 neque
2928 2294 3129 2344 tamen
3161 2290 3222 2345 in
3252 2292 3465 2348 eadem
3490 2292 3556 2349 ﬁt

189 2387 513 2452 γινώσκομεν
546 2379 592 2431 ἐν
626 2379 779 2450 αὐτῇ.
829 2376 909 2430 Ἐν
950 2374 1009 2429 δὲ
1039 2385 1100 2439 τῆ
1142 2374 1187 2447 γ’
1218 2380 1306 2427 xui
1346 2373 1397 2438 ς’
1447 2379 1537 2425 καὶ
1596 2372 1641 2425 θ’
1669 2371 1791 2423 ἀνα-

1948 2370 2094 2424 actio.
2126 2370 2290 2424 Horis
2314 2378 2515 2426 autem
2538 2375 2726 2439 tertia,
2762 2379 2951 2441 sexta,
2993 2383 3049 2432 et
3076 2393 3237 2434 nona
3269 2379 3334 2436 ﬁt
3356 2380 3550 2437 lectio.

190 2474 539 2541 γινώσκομεν.
575 2468 702 2521 Καθ’
744 2467 963 2519 ἕκαστον
1019 2464 1315 2536 ἀντίφωνον,
1368 2467 1528 2534 ἤγουν
1578 2460 1789 2526 δόξαν,

1953 2460 1991 2512 (1
2005 2459 2269 2527 singulas
2291 2461 2670 2531 antiphonas,
2688 2463 2741 2517 id
2768 2470 2857 2519 est
2877 2466 3124 2534 glorias,
3144 2470 3332 2523 oratio
3344 2471 3555 2527 recita-

193 2558 331 2630 εὐχὴ
364 2562 559 2629 γίνεται
589 2557 730 2631 παρά
768 2576 819 2607 τε
868 2564 958 2607 τοῦ
990 2553 1342 2627 πρεσϐυτέρου
1390 2557 1479 2603 καὶ
1524 2547 1793 2602 διακόνου.

1956 2563 2051 2602 ira
2081 2549 2428 2619 presbytero
2460 2555 2517 2604 et.
2538 2550 2815 2607 diacono.
2848 2553 3122 2609 Facimus
3147 2566 3347 2612 autem
3375 2566 3558 2615 meta-

196 2654 453 2719 Ποιοῦμεν
509 2643 566 2698 δὲ
605 2644 881 2718 μετα]οίας
939 2643 1011 2704 εἰς
1061 2646 1149 2715 μὲν
1181 2645 1269 2701 τὰς
1300 2649 1437 2714 ὠρας
1473 2645 1559 2691 xui
1614 2644 1670 2691 τὸ
1711 2640 1796 2691 λυ-

1957 2651 2074 2690 neas
2107 2638 2161 2690 in
2194 2637 2353 2691 horis
2386 2646 2443 2692 et
2472 2638 2767 2725 lychnico,
2816 2642 3092 2711 triginta;
3135 2645 3195 2699 in
3235 2648 3559 2721 completo-

193 2740 385 2808 χνικὸν
417 2734 513 2787 ἀνά
541 2734 584 2787 λ’
614 2753 624 2763 ·
657 2734 724 2795 εἰς
755 2729 815 2785 δὲ
864 2736 921 2784 τὸ
968 2728 1301 2784 ἀποδείπνιον
1347 2730 1417 2803 ρ’,
1476 2733 1566 2781 καὶ
1614 2730 1681 2789 εἰς
1710 2732 1795 2781 τὸν

1614 2730 1681 2789 εἰς
1710 2732 1796 2781 τὸν
1906 2726 2014 2789 rio,
2055 2738 2292 2780 centum
2319 2743 2331 2792 ;
2358 2732 2412 2782 et
2444 2727 2502 2782 in
2532 2731 2823 2785 matutino
2854 2735 3178 2802 octoginta.

194 2829 255 2897 ὄρ
265 2828 381 2898 θρον
410 2825 483 2878 π’.

274 2913 351 2968 ιε’.
382 2920 464 2966 Δεῖ
495 2909 687 2965 εἰδέναι
740 2912 821 2963 ὅτι
871 2918 931 2982 τῇ
974 2909 1170 2982 μεγάλη
1219 2901 1478 2979 ἑϐδομάδι
1531 2907 1618 2979 ὅλῃ
1664 2905 1795 2977 ψάλ-

1984 2908 2066 2957 15.
2106 2905 2245 2958 Tota
2287 2920 2509 2974 magna
2554 2905 2943 2964 hebdomada
2984 2909 3295 2981 psallimus
3352 2900 3557 2979 horas,

192 3003 349 3075 λομεν
399 3004 489 3061 τάς
541 3002 676 3074 ὧρας
726 3001 913 3071 ὁμοίως
960 3006 1069 3058 ταῖς
1131 3000 1231 3068 πρὸ
1284 2995 1471 3059 αὐτῶν,
1531 2994 1663 3051 πλὴν
1706 3002 1794 3046 τοῦ

1958 2996 2059 3047 cut
2086 2998 2282 3057 antea,
2308 2992 2570 3049 Sabbato
2594 3004 2802 3051 sancto
2832 3004 3081 3069 excepto
3115 3018 3128 3067 ;
3152 3007 3209 3056 et
3231 3007 3560 3059 metanuaas

195 3092 355 3164 ἁγίου
406 3088 712 3143 Σαϐϐάτου-
781 3092 870 3139 xui
928 3091 1203 3159 μετανοίας
1261 3081 1319 3136 δὲ
1388 3084 1665 3164 πὸιούμεν,
1709 3084 1796 3143 ἓως

1957 3081 2161 3156 luimus
2180 3082 2371 3136 donec
2392 3082 2637 3152 incipiat
2659 3087 3017 3141 matutinum
3044 3089 3372 3159 trisagium,
3392 3092 3559 3163 quod

194 3162 318 3233 ὅτου
363 3180 590 3253 ἄρξηται
616 3181 673 3229 τὸ
727 3176 933 3229 ἑωθινὸν
968 3177 1263 3247 τρισάγιον,
1316 3174 1437 3245 ὅπερ
1483 3173 1683 3243 λέγεται
1712 3190 1796 3244 μει

1960 3171 2117 3223 citur
2156 3174 2288 3240 post
2328 3170 2638 3226 sticbirum
2668 3172 2838 3229 stichi
2873 3191 2883 3229 :
2930 3175 3231 3249 simulque
3266 3180 3562 3249 procime-

192 3271 264 3323 τὰ
290 3272 348 3320 τὸ
382 3271 644 3339 στιχηρὸν
684 3272 775 3318 τοῦ
808 3270 1009 3336 στίχου,
1038 3281 1050 3293 ·
1085 3264 1199 3335 μεθ’
1228 3258 1287 3314 οὗ
1318 3265 1669 3334 προκείμενον,
1706 3264 1794 3312 καὶ

1960 3273 2047 3322 an,
2093 3262 2150 3312 et
2198 3256 2371 3313 lectio
2421 3258 2585 3315 Pauli
2632 3261 2716 3326 ﬁt,
2769 3277 2878 3318 nec
2931 3279 3052 3320 non
3103 3266 3449 3338 prophetiae,
3506 3273 3562 3324 et

196 3357 521 3412 Ἀπόστολον
544 3361 632 3407 καὶ
656 3358 972 3429 προφητείαν
997 3358 1085 3404 xui
1112 3351 1440 3423 Εὖαγγέλιον.

623 3377 632 3407 ι
656 3358 972 3429 προφητείαν
997 3358 1085 3404 xui
1112 3351 1440 3423 Εὖαγγέλιον.
1908 3345 2225 3415 Evangelii.

276 3445 377 3511 ις’,
418 3448 525 3518 Χρὴ
560 3450 830 3516 γινώσκειν
873 3444 953 3495 ὅτι
986 3437 1034 3493 δ’
1080 3446 1168 3492 καὶ
1200 3439 1512 3512 Παρασκευῇ
1557 3442 1647 3490 καὶ
1694 3444 1797 3490 Κυ-

1984 3439 2065 3489 16.
2130 3435 2290 3489 Feria
2345 3440 2559 3506 quarta
2633 3442 2688 3493 et
2740 3445 2908 3496 sexta
2984 3447 3040 3498 et
3082 3442 3177 3498 die
3227 3444 3560 3516 Dominico,

197 3542 387 3608 ριακῇ,
450 3543 548 3585 τῶν
608 3531 837 3604 ἀδελφῶν
898 3534 1184 3602 ἱσταμένων
1236 3531 1366 3601 μετά
1412 3530 1581 3588 πάσης
1646 3527 1799 3608 εὐλαέ

1958 3524 2243 3578 stantibus
2292 3540 2430 3580 cum
2485 3528 2839 3584 omnimoda
2893 3530 3210 3588 devotione
3254 3533 3560 3606 fratribus,

195 3602 364 3688 ϐείας,
398 3625 527 3694 μετά
580 3627 674 3679 τὴν
715 3620 969 3671 ἀπόλυσιν
1013 3627 1103 3670 τοῦ
1152 3620 1339 3690 ὄρθρου
1392 3618 1797 3687 ἀναγινώσκεται

1961 3620 2042 3667 ost
2062 3612 2404 3668 absolutum
2429 3615 2790 3671 matutinum
2812 3618 3027 3688 legitur
3048 3622 3377 3677 catechesis
3400 3602 3563 3680 theo-

195 3717 227 3772 ἠ
297 3716 608 3782 κατήχησις
661 3716 751 3761 τοῦ
829 3710 1072 3779 θεοφόρου
1133 3709 1335 3779 Πατρός
1399 3707 1543 3777 ἡμῶν
1595 3701 1797 3757 Θεοδώ-

1964 3701 2084 3756 hori
2144 3703 2322 3757 Patris
2388 3706 2571 3758 nostri
2620 3706 2932 3763 Theodori.
2987 3713 3191 3767 Postea
3241 3710 3381 3767 facit
3434 3729 3566 3784 pro-

193 3822 299 3877 ρου
335 3801 477 3872 (41).
539 3795 666 3851 Εἶτα
704 3798 841 3869 λέγει
870 3801 959 3848 καὶ
988 3798 1055 3847 τὰ
1098 3796 1222 3868 παρ’
1253 3796 1438 3846 ἑαυτοῦ
1470 3797 1493 3845 ό
1523 3796 1795 3866 ἡγούμενοι

1963 3794 2105 3845 riam
2151 3791 2344 3846 abbas
2383 3793 2459 3847 ad
2499 3792 2708 3849 fratres
2750 3796 3252 3854 adhortationem.
3298 3803 3362 3855 Et
3398 3801 3565 3858 ﬁnita

192 3891 458 3943 νουθετῶν
510 3890 632 3948 τοὺς
676 3883 949 3956 ἀδελφούς,
988 3887 1084 3936 Καὶ
1134 3885 1262 3954 μετὰ
1301 3887 1395 3941 τὴν
1429 3882 1794 3954 συμπλήρωσιν

1964 3879 2228 3944 ιιεοὴοεὶ,
2283 3881 2486 3935 dicunt
2532 3883 2750 3952 gloria,
2812 3901 2948 3940 cum
3008 3890 3190 3943 Pater
3232 3896 3453 3955 noster,
3510 3896 3566 3946 et

193 3988 305 4040 τῆς
336 3981 708 4047 κατηχήσεως,
734 3971 1154 4039 δοξάζουσιν,
1182 3977 1271 4024 καὶ
1300 3973 1575 4043 λέγεταιτὸ
1605 3973 1795 4045 Πάτερ

1964 3968 2257 4032 enedz'cz'te,
2281 3970 2493 4041 sancti,
2513 3970 2769 4040 benedic,
2792 3975 2994 4040 Pater,
3011 3976 3212 4032 etﬁnis
3229 3977 3311 4032 ﬁt.
3341 3979 3566 4034 Sictoto

198 4069 408 4140 ἡμῶν,
467 4070 555 4117 xui
621 4064 967 4134 εὐλογεῖτε,
1036 4063 1237 4133 ἅγιοι,
1279 4060 1651 4131 εὐλόγησον,
1696 4062 1800 4111 Πά-

804 4071 967 4129 πεῐτε,
1036 4063 1237 4133 ἅγιοι,
1279 4060 1651 4131 εὐλόγησον,
1696 4062 1805 4111 Πά-
1919 4072 2080 4113 anno
2114 4059 2406 4113 usuvenit.

194 4176 332 4229 τερ,
358 4159 448 4207 καὶ
475 4153 711 4207 ἀπολύει.
737 4155 915 4212 Οὕτως
945 4150 1166 4203 καθόλου
1198 4157 1289 4202 τοῦ
1315 4148 1572 4204 ἐνιαυτοῦ.

282 4243 376 4305 ιζ’.
429 4247 543 4315 Χρή
576 4247 852 4313 γινώσκειν
911 4241 991 4292 ὅτι
1044 4247 1116 4309 τῷ
1165 4238 1410 4309 Σαϐϐάτῳ
1440 4238 1509 4300 εἰς
1540 4241 1597 4289 τὸ
1632 4239 1806 4310 Κύριε,

1996 4240 2078 4290 l7.
2109 4234 2369 4291 Sabbato
2386 4236 2460 4291 ad
2480 4237 2777 4307 psalmum
2801 4240 3068 4306 Domine,
3085 4242 3362 4308 clamavi,
3394 4245 3459 4299 tri
3471 4244 3572 4315 pli-

197 4332 554 4405 ἐκέκραξα,
586 4334 653 4383 τὰ
679 4330 1018 4401 ἀναστάσιμα
1056 4331 1293 4401 στιχηρά
1322 4330 1709 4402 τρισσεύονταιο
1745 4326 1799 4385 εἰς

1972 4332 2129 4379 mtur
2160 4326 2526 4381 anastasima
2558 4327 2798 4381 stichira
2832 4344 2843 4382 :
2878 4329 2955 4383 ad
2979 4329 3193 4385 laudes
3226 4338 3427 4388 autem
3461 4334 3574 4388 du-

199 4420 267 4477 δε
330 4426 452 4482 τοὺς
502 4423 672 4481 αἵνους
736 4416 1094 4473 δισσεύονται.
1162 4417 1383 4489 Ὁμοίως
1447 4421 1535 4469 xui
1592 4415 1640 4466 ἐν
1698 4422 1801 4475 ταῖς

1851 4464 1895 4516 D
1922 4413 2238 4485 plicantur.
2264 4414 2354 4469 Sic
2384 4416 2561 4469 etiam
2587 4416 2646 4470 in
2679 4416 3156 4473 solemnitatibus
3190 4422 3440 4476 Domini.

198 4515 560 4569 Δεσποτικαῖς
600 4508 819 4581 ἑορταῖς.

285 4599 383 4657 ιη’.
440 4597 627 4650 Ἰστέον
667 4598 745 4648 ὅτι
790 4600 877 4648 καὶ
923 4597 1381 4667 ἑπιστημοάνρχαι
1438 4592 1568 4645 εἰσὶν
1618 4592 1689 4653 εἰς
1727 4592 1816 4652 οὓς

2001 4593 2081 4645 18.
2126 4592 2271 4646 Sunt
2295 4592 2473 4646 etiam
2505 4591 2834 4663 disciplinae
2863 4596 3143 4667 praefecti,
3175 4598 3252 4653 ad
3273 4616 3426 4672 quos
3458 4600 3576 4656 cul-

197 4693 273 4743 τά
332 4686 612 4759 σφάλματα
674 4692 773 4736 τῶν
824 4679 1136 4758 μικροτέρων
1191 4678 1420 4753 ἀδελφῶν
1470 4680 1799 4753 ἀναφερομενι

1974 4695 2017 4733 te
2048 4680 2342 4734 minorum
2364 4679 2611 4735 fratrum
2631 4683 3025 4740 emendandae
3043 4687 3408 4742 deferuntur.
3431 4689 3576 4744 Item

198 4782 308 4836 τὴν
343 4772 629 4847 διόρθωσιν
662 4770 900 4845 δέχεται.
958 4777 1058 4825 Καὶ
1105 4771 1393 4844 ταξιάρχαι
1423 4766 1519 4823 δύο
1546 4773 1678 4822 κατὰ
1714 4788 1800 4842 χο-

1977 4772 2066 4823 mt
2086 4768 2356 4823 chorales
2399 4769 2806 4826 moderatores
2837 4772 2978 4842 duo,
3036 4790 3072 4828 a
3109 4774 3331 4845 quibus
3373 4776 3579 4831 fratres

199 4875 339 4941 ρῶν,
374 4865 456 4935 ὑφ’
490 4863 556 4913 ὧν
588 4864 636 4914 οἱ
683 4860 898 4933 ἀδελφοὶ
938 4864 1165 4933 κοσμίως
1205 4862 1456 4912 ῖστασθαι
1495 4858 1542 4911 έν
1574 4866 1680 4920 τοῖς
1719 4877 1791 4930 χο

1977 4858 2329 4912 imonentur
2372 4864 2431 4911 ut
2459 4857 2673 4913 decore
2704 4860 2759 4913 in
2806 4862 3003 4916 choris
3058 4878 3118 4916 se
3172 4870 3400 4933 gerant.
3437 4867 3579 4919 Prae-

199 4961 331 5029 ροίς
385 4952 893 5024 ὑπομιμνήσκονται.
950 4954 1049 5003 Καὶ
1096 4948 1415 5021 ἀφυπνιστὴς
1472 4949 1652 5021 ἕτερος,
1704 4949 1729 4999 6
1768 4950 1801 4998 ξε

1974 4961 2087 5001 :rea
2112 4946 2397 5000 excitator
2426 4945 2590 5011 alter,
2616 4947 2719 5019 qui
2750 4949 2897 5003 dum
2938 4950 3109 5017 fiunt,
3145 4953 3454 5007 matutinae
3493 4952 3576 5007 le-

201 5049 340 5104 ταῖς
415 5037 751 5111 ἀδαγώνσεσι
806 5046 897 5092 τοῦ
950 5041 1159 5112 ὄρθρου,
1209 5039 1377 5114 ἠρέμα
1422 5041 1803 5113 περιερχόμενοι

1974 5035 2173 5100 Liones,
2224 5034 2398 5090 tacite
2444 5034 2655 5091 fratres
2695 5037 3074 5103 circumiens,
3129 5040 3576 5097 obdormientes

201 5135 346 5193 τοὺς
396 5126 671 5200 ἀδελφοὺς,
756 5134 844 5181 καὶ
908 5132 1028 5189 τοὺς
1106 5130 1453 5197 κοιμωμένους
1513 5124 1794 5187 ἐξυπνίζων

1977 5124 2169 5193 igilare
2201 5123 2356 5178 facit.
2386 5124 2539 5188 Quin
2578 5126 2756 5179 etiam
2786 5126 3191 5196 speculatores
3218 5128 3343 5184 duo
3366 5132 3579 5186 consti-

199 5219 384 5278 Ἀλλὰ
442 5222 529 5270 xui
584 5217 893 5291 ἕπιτηρηταὶ
942 5219 1058 5270 καθ’
1112 5217 1331 5290 ἑσπέραν
1379 5212 1477 5267 δύο
1532 5217 1798 5267 τάσσοντα

1978 5220 2174 5269 [untur
2198 5213 2553 5278 alternatim,
2588 5216 2689 5286 qui
2732 5222 2863 5286 post
2892 5216 3034 5286 ligni
3073 5224 3334 5274 sonitum
3369 5225 3580 5290 urgent

202 5303 536 5383 ἀμοιϐαδὸν,
574 5309 624 5359 οἵ
675 5326 801 5367 τινες
849 5309 978 5379 μετὰ
1015 5311 1103 5364 τὴν
1146 5310 1316 5378 φωνὴν
1363 5312 1453 5358 τοῦ
1489 5304 1641 5366 ξύλου
1690 5322 1804 5378 προι

1978 5303 2220 5373 igriores
2250 5308 2309 5359 ut
2335 5303 2411 5357 ad
2441 5318 2720 5374 vesperas
2750 5311 2801 5359 et
2834 5320 2965 5359 com
2976 5305 3288 5375 pletorium
3321 5325 3580 5365 concur-

205 5403 502 5476 τρέπονται
550 5400 671 5459 τοὺς
709 5399 936 5472 νωθροὺς
986 5392 1303 5470 συνδραμεῖν
1352 5394 1425 5456 εἰς
1462 5395 1528 5446 τὰ
1571 5392 1807 5467 ἑσπερινᾶ

1975 5397 2080 5447 int.
2127 5395 2465 5463 Rursusque
2493 5391 2768 5449 absoluto
2817 5393 3228 5465 completorio,
3269 5396 3448 5453 iidem
3489 5415 3577 5455 se-

1799 5482 2019 5540 ΝΟΤιιΕ.

291 5574 412 5639 (41)
439 5574 633 5632 Lectio
654 5574 1055 5631 catechesium
1093 5573 1340 5631 Studitte
1357 5571 1682 5646 incipiebat
1709 5573 1770 5627 in
1813 5570 2119 5628 Dominica
2170 5571 2654 5642 Septuagesimae.
2708 5569 2878 5627 Allat.
2933 5586 3037 5644 op.
3085 5572 3205 5642 cit.,
3246 5573 3359 5630 col.
3415 5575 3576 5634 1620.
