4058 6274
216 308 363 377 4713

1351 303 1958 381 QONSTITU'l‘IONES
2001 304 2443 364 STUDITANIE.

3450 309 3593 366 1714

214 433 400 498 αὐτοῦ,
445 434 576 504 μετὰ
624 433 682 484 τὸ
739 427 1208 505 διαμαρτύρασθαι
1235 429 1375 501 αύτῷ
1406 434 1492 483 τόν
1532 432 1803 503 ἡγούμενοι

1934 431 2049 486 sito
2092 447 2200 487 suo
2226 434 2640 503 permanserit,
2680 439 2823 490 tunc
2849 437 3175 506 postquam
3198 434 3251 489 ei
3281 433 3475 490 abbas
3505 433 3593 489 fu-

210 523 281 574 τόι
321 520 716 593 συμϐησόμενα,
766 528 1056 578 τηνικαῦτα
1116 518 1198 573 ἐπὶ
1224 525 1577 592 κατηχήσεως
1621 521 1822 592 εἰσάγει

215 609 375 662 αὐτὸν
418 615 507 663 καὶ
556 611 865 683 συναριθμεῖ
918 617 977 681 τῇ
1035 609 1219 662 ἑαυτοῦ
1264 614 1482 682 ποίμνῃ,
1544 608 1822 682 βάλλοντος

212 699 307 752 τόῦ
361 703 788 773 προσερχομένου
875 700 1147 770 μετάνοιαν
1211 705 1319 760 τοῖς
1400 694 1640 769 ἀδελφοῖς
1705 700 1819 751 κατ’

211 788 499 862 ἕπιτροπὴν
574 792 666 839 τοῦ
736 787 1048 857 ἡγουμένου,
1131 784 1379 838 κάκείνων
1460 784 1819 858 ἐπευχομένων

213 876 380 947 αύτῷ.

286 964 378 1019 κε’.
421 968 536 1035 Χρὴ
567 968 842 1036 γινώσκειν
874 966 943 1025 ὡς
992 967 1081 1015 καὶ
1140 962 1480 1038 ἀφορίστριαι
1538 964 1642 1016 εἰσὶ
1694 972 1819 1038 παρ’

210 1056 363 1127 ἡμῖν,
422 1055 471 1106 ἓν
521 1053 600 1113 ατς
638 1054 687 1105 οἱ
726 1050 957 1113 ἀπειθεῖς
986 1055 1075 1104 καὶ
1107 1047 1354 1111 δυσήνιοι
1402 1050 1815 1119 κατακλείονται,

212 1142 621 1217 ξηροφαγοῦντες
667 1145 757 1193 καὶ
786 1137 1155 1212 παιδευόμενοι
1204 1145 1297 1199 τὴν
1346 1138 1529 1214 ἀρετήν
1563 1158 1574 1170 ·
1630 1142 1659 1198 ἡ
1716 1144 1815 1214 γὰρ

211 1227 310 1285 διὰ
354 1235 626 1304 μαστίγων
682 1225 981 1295 παίδευσις,
1044 1232 1113 1291 ὡς
1163 1235 1273 1290 τοῖς
1320 1237 1599 1301 κοσμικοίς
1656 1229 1817 1304 ἁρμό-

210 1320 405 1385 ζουσα,
490 1325 601 1380 τοῖς
688 1318 955 1393 Πατράσιν
1020 1319 1166 1391 ἡμῶν
1239 1317 1528 1379 ἀπόϐλητος
1605 1318 1817 1380 εἰκότως

209 1407 418 1484 ἰκρίθη.

282 1494 391 1563 κς-’.
450 1503 535 1550 Δεῖ
581 1492 776 1549 εἰδέναι
827 1496 908 1548 ὅτι
959 1495 1010 1547 ἕν
1040 1494 1122 1557 αἷς
1161 1497 1383 1570 ἡμέραις
1411 1495 1598 1569 ἀργίαν
1623 1497 1814 1568 ἄγομεν

203 1594 311 1641 τῶν
366 1592 676 1657 σωματικῶν
732 1586 914 1656 ἔργων,
972 1585 1143 1656 κρούει
1185 1584 1210 1635 ό
1262 1582 1605 1657 βιϐλιόφύλαξ
1640 1587 1697 1637 τό
1729 1584 1814 1647 ξύ-

203 1674 291 1728 λον
323 1673 485 1739 ἅπαξ,
539 1679 629 1726 καὶ
687 1674 1005 1744 συνάγονται
1055 1674 1102 1725 οἱ
1152 1669 1364 1745 ἀδελφοὶ
1417 1673 1489 1735 εἰς
1539 1678 1626 1725 τὸν
1657 1677 1811 1726 τόπον

1930 524 2130 577 turum
2162 522 2293 577 vitae
2326 538 2517 593 genus
2549 523 2924 588 intimaverit,
2958 522 3276 579 introducit
3312 523 3391 579 ad
3429 527 3591 579 cate-

1930 609 2181 677 chesim,
2227 616 2283 665 et
2329 612 2491 681 gregi
2543 628 2653 667 suo
2702 612 3098 678 adnumerat;
3155 613 3302 667 dum
3355 612 3589 669 interim

1929 697 2254 763 admissus,
2274 698 2415 755 data
2437 702 2514 755 ab
2542 700 2760 755 abbate
2776 701 3032 767 licentia,
3064 700 3202 756 facit
3223 705 3587 755 metanmam

1930 801 2136 842 coram
2168 786 2469 854 fratribus,
2508 792 2688 861 atque
2721 788 2784 844 hi
2812 789 3077 845 vicissim
3108 805 3217 861 pro
3261 788 3361 845 illo
3392 793 3585 845 orant.

1997 965 2085 1020 25.
2122 966 2266 1021 Sunt
2314 964 2495 1021 etiam
2538 966 2701 1038 apud
2728 981 2838 1021 nos
2867 965 2982 1022 loci
3013 964 3265 1038 quidam
3301 966 3585 1037 separati,

1923 1053 1985 1109 in
2003 1054 2225 1125 quibus
2252 1054 2665 1111 inobedientes
2688 1061 2744 1111 et
2764 1059 3153 1111 contumaces
3175 1055 3581 1122 includuntur,

1926 1142 2094 1197 arido
2124 1142 2281 1196 victu
2299 1144 2521 1207 nutriti,
2552 1147 2732 1215 atque
2759 1145 2840 1198 ita
2862 1144 3135 1199 virtutem
3163 1142 3377 1198 edocti.
3406 1146 3582 1199 Nam-

1923 1246 2041 1302 que
2079 1230 2564 1287 emendationem
2609 1246 2715 1303 per
2761 1231 3029 1297 verbera,
3076 1248 3212 1303 quae
3259 1232 3583 1288 mundanis

1922 1318 2269 1375 hominibus
2290 1321 2587 1385 convenit,
2608 1320 2818 1376 merito
2832 1320 3035 1376 Patres
3061 1321 3243 1377 nostri
3260 1321 3583 1392 repudian-

1922 1407 2064 1463 dam
2092 1413 2476 1463 censuerunt.

1993 1496 2081 1552 26.
2120 1497 2337 1551 Diebus
2381 1498 2601 1569 quibus
2650 1513 2686 1553 a
2716 1498 3016 1569 corporali
3049 1514 3228 1569 opere
3273 1498 3578 1561 feriamur,

1923 1586 2163 1655 signum
2204 1585 2367 1655 ligno
2412 1586 2594 1641 semel
2653 1586 2774 1642 edit
2801 1586 3316 1651 bibliothecarius,
3365 1602 3580 1642 conve-

1920 1673 2210 1745 niuntque
2267 1673 2476 1729 fratres
2522 1674 2599 1730 ad
2651 1674 2941 1730 librorum
2991 1675 3216 1744 aulam,
3277 1675 3577 1746 sumitque

204 1773 309 1817 τῶν
385 1762 624 1836 βιϐλίων,
676 1766 767 1815 καὶ
817 1760 1068 1833 λαμϐάνει
1136 1763 1357 1825 ἕκαστος
1435 1760 1656 1836 βιϐλίον,
1720 1767 1803 1815 καὶ

1922 1764 2337 1835 unusquisque
2364 1764 2607 1832 librum,
2650 1769 2706 1819 et
2738 1780 2928 1836 usque
2963 1766 3039 1819 ad
3069 1780 3384 1835 vesperam
3414 1764 3575 1835 legit.

204 1852 554 1925 ἀναγινώσκει
607 1851 698 1913 ἕως
766 1849 862 1921 ὀψέ
898 1864 910 1877 ⁸
968 1853 1067 1924 πρὸ
1113 1847 1173 1903 δε
1202 1858 1303 1903 τῶν
1344 1858 1690 1924 σημαντὴρων
1718 1858 1810 1903 τοῦ

203 1940 486 2014 λυχνικοῦ,
520 1942 695 2012 κρούει
725 1938 879 1992 πάλιν
910 1938 1049 2001 ἅπαξ
1106 1938 1131 1992 ό
1185 1938 1268 1993 ἐπὶ
1296 1948 1397 1992 τῶν
1449 1939 1688 2012 βιϐλίων,
1720 1943 1809 1992 καὶ

204 2028 485 2104 ἓρχόμενοι
539 2030 721 2089 πάντες
772 2029 908 2080 κατὰ
960 2032 1053 2086 τὴν
1108 2026 1410 2102 ἀναγραφὴν
1458 2026 1811 2101 ἀποστρέφου-

204 2138 291 2172 σιν
323 2118 457 2171 αὐτά
490 2135 503 2149 ⁸
555 2118 601 2170 εἰ
653 2113 713 2170 δέ
761 2137 843 2178 τις
894 2118 1160 2190 ύστερίσει
1199 2117 1270 2179 εἰς
1299 2122 1392 2177 την
1422 2114 1684 2171 ἀπόδοσιν
1717 2126 1809 2178 τῆς

202 2205 409 2281 βίϐλου,
447 2205 690 2279 ίπιτιμίῳ
730 2204 1095 2260 ὑποϐάλλεται.

274 2294 383 2357 κζ’.
425 2299 540 2370 Χρὴ
584 2291 778 2348 εἰδέναι
824 2298 889 2355 ὡς
928 2297 1083 2354 ἡνίκα
1144 2294 1356 2353 ἐννάτην
1404 2302 1672 2367 ποιοῦμεν,
1706 2293 1806 2347 ἀπὸ

196 2394 297 2448 τῆς
329 2383 380 2452 ς’
409 2385 696 2459 λειτουργεῖ
726 2386 752 2437 ό
781 2383 1134 2457 πρεσϐύτερος
1162 2404 1174 2416 ·
1233 2384 1275 2436 εἰ
1334 2381 1393 2437 δὲ
1446 2390 1534 2437 καὶ
1561 2384 1806 2456 μέλλομεν

199 2474 414 2541 ἔσθίειν,
448 2473 550 2527 ἀπὸ
605 2481 697 2535 τῆς
734 2473 784 2546 γ’
816 2491 827 2505 ’
874 2472 959 2525 ἐὰν
992 2470 1050 2527 δι
1082 2471 1271 2548 ἀργίαν
1302 2472 1493 2545 ἄγομεν
1532 2481 1632 2525 τῶν
1673 2474 1805 2546 ὁρῶν

198 2569 291 2618 καὶ
341 2566 622 2636 κάμνομεν,
663 2564 693 2621 ἠ
754 2565 844 2635 μεν
904 2564 1016 2616 θεία
1073 2563 1368 2635 λειτουργία
1417 2561 1553 2636 ὥραν
1603 2562 1653 2634 γ’
1712 2582 1805 2621 ση-

198 2658 377 2726 μαίνει
404 2670 422 2687 ο
463 2654 596 2724 μετά
650 2648 709 2704 δε
760 2654 855 2710 τὴν
886 2651 1265 2726 συμπλήρωσιν
1316 2651 1497 2717 αὐτῆς,
1542 2653 1718 2724 κρούει
1746 2655 1804 2704 τό

200 2743 351 2807 ξύλον
402 2746 535 2818 τρὶς,
586 2746 676 2794 καὶ
740 2743 1056 2813 συνάγονται
1107 2742 1291 2802 πάντες
1346 2743 1394 2793 οἱ
1448 2737 1664 2814 ἀδελφοὶ
1719 2739 1805 2794 ἐπὶ

199 2834 260 2884 τό
293 2831 440 2895 αὐτὸ,
495 2835 583 2882 καὶ
636 2832 764 2902 μετά
808 2833 865 2882 τό
894 2829 1061 2901 ψᾶλαι
1105 2831 1172 2881 τὰ
1220 2832 1436 2896 τυπικά,
1493 2832 1579 2882 καὶ
1630 2827 1803 2882 λαϐεῖν

196 2920 460 2991 εὐλογίαν,
493 2918 620 2994 ἅπερ
625 2921 834 2992 χόμεθα
872 2919 939 2980 εἰς
967 2923 1061 2977 τὴν
1091 2918 1372 2991 τράπεζαν.

201 3031 360 3099 Περὶ
397 3034 509 3088 τῆς
549 3027 608 3077 ἓν
650 3023 957 3098 βρώμασι
999 3028 1109 3076 καὶ
1148 3029 1402 3096 πόμασι
1440 3028 1803 3099 ποσότητος

270 3096 382 3183 καὶ
422 3096 801 3183 ποιότητος,
846 3102 1107 3159 καὶτῆς
1153 3099 1210 3149 ἐν
1264 3104 1411 3157 ταῖς
1449 3096 1804 3171 τραπέξαις
1841 3125 1885 3183 C

272 3168 589 3232 εὐταξίας.

266 3275 376 3335 κη’.
422 3274 814 3349 ’Υπερχομένων
852 3283 953 3327 τῶν
984 3270 1216 3347 ἀδελφῶν
1260 3274 1333 3337 εἰς
1384 3277 1442 3326 τὸ
1486 3275 1799 3348 ἀριστῆσαι,

195 3366 222 3417 ό
276 3368 463 3436 στίχος
520 3364 687 3416 αὐτῶν
726 3362 810 3416 ἐπὶ
852 3369 1111 3435 στόματος
1158 3367 1362 3436 φέρεται
1390 3381 1405 3394 ⁸
1443 3365 1702 3421 κάθηνται
1734 3362 1799 3417 δί

192 3456 329 3506 κατὰ
377 3453 639 3526 τράπεζαν
717 3451 1041 3509 ἀκόϐητον
1102 3453 1221 3523 (43)
1279 3453 1368 3505 θ¹⁶
1458 3454 1506 3505 οὶ
1584 3453 1801 3528 ταξιάρ-

192 3563 297 3615 χαι
345 3538 404 3595 δε
449 3536 541 3605 τᾶς
599 3540 986 3615 ἀναπληρώσεις
1036 3550 1134 3593 τῶν
1190 3543 1459 3616 τραπεζῶν
1497 3550 1790 3612 ποιοῦνται,

190 3636 281 3685 καὶ
341 3631 593 3692 εὐτάκτως
645 3630 790 3693 έκτός
846 3630 1065 3704 θορύϐου
1109 3650 1122 3664 ·
1180 3635 1379 3705 γίνεται
1417 3629 1476 3684 δὲ
1506 3633 1536 3689 ἡ
1572 3630 1797 3703 ἀνάγνω-

190 3740 293 3786 σις,
348 3728 448 3772 τῶν
498 3716 730 3792 ἀδελφῶν
779 3722 845 3771 τὰ
896 3718 1212 3773 κουκούλλια
1268 3722 1354 3772 ἐπὶ
1394 3719 1614 3792 κεφαλῆς
1647 3722 1796 3792 ἑχόν-

186 3829 308 3865 των.
356 3814 571 3880 Σημεῐον
604 3805 663 3861 δε
692 3815 784 3860 τοῦ
840 3808 1009 3868 τέλους
1062 3816 1158 3871 τῆς
1202 3806 1541 3880 ἀναγνώσεως
1595 3812 1793 3872 ταύτης

188 3902 331 3951 ἰστὶν
384 3898 411 3950 ὁ
464 3894 600 3969 ἦχος
653 3905 749 3950 τῶν
807 3896 1042 3971 κλιερίων
1071 3899 1119 3948 ἑν
1162 3904 1224 3969 τῇ
1277 3898 1480 3970 ὑστάτη
1522 3903 1791 3971 μαγειρίᾳ,

178 3988 396 4049 πάντων
471 3988 602 4059 όμοῡ
675 3990 756 4039 ἐπὶ
830 3994 930 4037 τῶν
1011 3982 1322 4060 παροψίδων
1372 3985 1745 4061 ἑῤῥιπτομένων
1780 4005 1792 4021 ·

189 4076 383 4148 ὁμοίως
413 4070 472 4127 δε
497 4079 586 4127 καὶ
615 4078 675 4128 τό
719 4075 940 4150 κεράσαι
982 4078 1072 4127 καὶ
1099 4077 1156 4127 τό
1181 4075 1490 4148 παραθῆσαι
1522 4072 1617 4128 διὰ
1641 4078 1792 4150 κρού-

191 4182 395 4236 σματος
423 4167 641 4234 γίνεται.

261 4251 366 4306 κθ’.
412 4253 608 4305 ’Ῑστέον
663 4248 722 4305 δε
750 4253 832 4305 ὃτι
862 4251 962 4304 ἀπὸ
992 4258 1083 4312 τῆς
1111 4250 1419 4323 πασχαλίας
1468 4253 1580 4322 (44)
1626 4256 1792 4327 μέχρι

190 4349 292 4393 τῶν
319 4340 480 4413 ἁγίων
510 4342 715 4393 πάντων
749 4341 886 4411 (45),
942 4343 1036 4401 τὰς
1093 4338 1144 4413 β’
1182 4344 1461 4415 μαγειρίας
1507 4345 1565 4394 τό
1614 4361 1667 4394 τε
1706 4342 1793 4395 λά-

190 4450 360 4503 χανον
412 4433 591 4483 καὶτὸ
643 4430 859 4505 ὄσπριον
908 4432 1040 4502 μετά
1092 4428 1262 4481 ἐλαίου
1311 4428 1548 4502 ἐσθίομεν
1579 4447 1595 4464 ο
1646 4436 1790 4503 χρώ-

189 4523 327 4593 μεθα
371 4515 430 4572 δὲ
458 4524 548 4571 καὶ
582 4518 803 4591 ἰχθύων⁹
848 4522 938 4570 καὶ
963 4524 1141 4592 τυροῦ,
1177 4522 1266 4571 καὶ
1297 4518 1399 4570 ὠοῦ
1424 4536 1437 4549 ·
1486 4522 1696 4590 πίνομεν
1734 4516 1792 4573 δε

189 4610 259 4661 τὰ
309 4609 508 4680 ἄριστα
557 4605 607 4679 γ’
635 4626 650 4641 ο
704 4608 981 4679 κρούοντος
1027 4614 1119 4659 τοῦ
1168 4605 1343 4673 ξύλου,
1392 4606 1715 4682 ἀπέρχονται
1744 4611 1793 4661 οἱ

190 4693 406 4770 ἀδελφοὶ
445 4700 533 4748 καὶ
582 4693 847 4748 ἐσθίουσιν
906 4694 1059 4768 ἆρτον
1090 4714 1104 4729 ο
1157 4700 1248 4748 καὶ
1292 4698 1378 4748 ἐὰν
1425 4698 1790 4771 ἐπερίσσευσεν

190 4789 441 4857 μαγειρία
495 4786 634 4858 πρωί
692 4780 957 4857 (ἐπίτηδες
1004 4785 1104 4859 γὰρ
1190 4780 1390 4856 ἔδεσμα
1457 4789 1515 4836 τό
1570 4785 1664 4856 ὀψε
1718 4794 1790 4857 τῷ

191 4882 345 4946 κοινῷ
370 4873 429 4925 ού
470 4874 717 4944 γίνεται),
749 4875 901 4947 κιρνά
957 4869 1014 4925 δε
1071 4870 1186 4925 δύο.
1226 4873 1314 4933 Εἰς
1353 4869 1411 4925 δε
1463 4877 1556 4932 τὴν
1591 4872 1641 4945 μ’
1690 4882 1790 4925 τῶν

191 4961 350 5034 ἁγίων
409 4961 714 5015 ἀποστόλων
779 4961 969 5033 ἰχθύας
1048 4966 1137 5013 καὶ
1194 4964 1347 5033 τυρόν
1404 4966 1490 5014 καὶ
1544 4964 1641 5013 ὠὸν
1697 4961 1791 5014 ούκ

190 5054 449 5125 ἰσθίομεν,
507 5055 642 5110 πλὴν
693 5058 793 5103 τῶν
842 5053 1046 5122 ἡμέρῶν
1094 5053 1141 5103 ἓν
1191 5050 1271 5113 αἷς
1313 5052 1449 5123 ὥραν
1488 5052 1546 5104 ού
1599 5050 1790 5122 ψάλλο-

1920 1852 2036 1906 Sed
2052 1854 2401 1924 priusquam
2422 1852 2680 1924 lychnici
2696 1852 2873 1922 signa
2894 1852 3127 1919 dentur,
3146 1853 3347 1925 pulsat
3368 1869 3577 1909 rursus

1922 1940 2107 1996 semel
2135 1940 2657 2008 bibliothecarius;
2685 1941 3003 2014 cunctique
3027 1943 3332 1998 venientes
3364 1957 3576 1998 secun-

1920 2028 2065 2083 dum
2114 2030 2400 2100 scriptam
2433 2030 2719 2085 schedain
2751 2030 2934 2086 libros
2977 2030 3256 2085 reddunt.
3305 2030 3476 2096 Quod
3509 2029 3557 2084 si

1919 2118 2054 2191 quis
2082 2119 2330 2175 reddere
2358 2118 2579 2175 librum
2608 2125 2942 2187 cunctatur,
2975 2136 3169 2191 paenae
3202 2120 3533 2190 subjicitur.

1988 2300 2077 2351 27.
2124 2297 2252 2362 Quo
2285 2301 2556 2369 tempore
2590 2296 2805 2353 horam
2837 2312 3062 2353 nonam
3112 2297 3454 2361 recitamus,
3494 2298 3573 2354 ab

1917 2384 2068 2440 hora
2096 2392 2262 2441 sexta
2294 2402 2528 2441 sacrum
2566 2386 2701 2442 facit
2730 2386 3046 2457 presbyter
3071 2405 3083 2445 :
3118 2386 3284 2458 quod
3311 2386 3359 2441 si
3390 2386 3570 2441 etiam

1916 2475 2192 2545 pransuri
2217 2491 2448 2539 sumus,
2483 2492 2551 2530 ac
2570 2476 2717 2530 hora
2748 2477 2936 2531 tertia.
2960 2476 3095 2531 Jam
3126 2475 3175 2531 si
3203 2476 3281 2531 ab
3306 2474 3469 2531 horis
3492 2474 3570 2530 fe-

1914 2562 2163 2628 riamur,
2191 2567 2246 2618 et
2278 2563 2645 2632 laboramus,
2677 2563 2883 2618 divina
2919 2562 3160 2633 liturgia
3186 2564 3348 2619 horae
3391 2562 3571 2619 tertia:

1915 2650 2236 2724 deputatur
2262 2666 2276 2705 :
2300 2668 2424 2723 qua
2448 2652 2703 2723 expleta,
2736 2652 2966 2723 lignum
2999 2658 3084 2708 ter
3110 2652 3402 2725 pulsatur,
3431 2667 3571 2708 con-

1915 2740 2275 2811 veniuntque
2314 2756 2524 2796 omnes
2565 2740 2794 2805 fratres,
2833 2744 2889 2795 et
2918 2740 3172 2796 cantatis
3200 2741 3433 2813 typicis,
3474 2756 3570 2797 ac-

1914 2834 2205 2900 ceptaque
2233 2828 2674 2899 benedictione,
2705 2829 2783 2886 ad
2812 2846 3085 2886 mensam
3115 2831 3441 2901 pergimus.

1913 3024 2001 3081 De
2033 3024 2296 3080 ciborum
2326 3026 2381 3080 et
2413 3028 2663 3094 potuum
2702 3024 3038 3095 quantitate
3066 3029 3121 3079 et
3161 3023 3471 3095 qualitate,
3510 3030 3565 3080 et

2339 3096 2578 3151 decente
2595 3095 2660 3151 in
2688 3097 2900 3151 mensis
2932 3095 3165 3152 ordine.

1981 3275 2066 3327 28.
2094 3271 2480 3328 Venientibus
2508 3272 2585 3327 ad
2619 3271 2943 3343 prandium
2974 3270 3279 3337 fratribus,
3306 3271 3566 3327 versicu-

1906 3360 2000 3416 lus
2030 3362 2089 3416 in
2111 3376 2210 3416 ore
2232 3362 2523 3432 cujusque
2546 3366 2652 3425 est,
2682 3360 3008 3432 sedentque
3036 3360 3113 3416 ad
3135 3376 3411 3416 mensam
3444 3359 3565 3413 ἀκό-

1908 3447 2067 3507 ϐητον
2104 3449 2169 3505 θ’.
2219 3451 2327 3514 Qui
2358 3456 2561 3505 autem
2601 3453 2761 3505 recto
2801 3449 2997 3505 ordini
3049 3454 3189 3505 sunt
3232 3449 3565 3520 praepositi,

1908 3555 2147 3595 mensas
2176 3538 2412 3594 ferculis
2438 3538 2955 3610 replentcomposi
2969 3544 3018 3593 te
3049 3543 3107 3594 et
3133 3539 3258 3594 sine
3278 3538 3559 3594 tumultu.

1907 3630 1972 3683 Et
2000 3627 2234 3684 interim
2262 3627 2452 3693 lectio,
2488 3626 2769 3682 fratribus
2791 3627 3089 3684 cucullata
3117 3633 3315 3699 capita
3337 3627 3564 3683 haben-

1906 3717 2083 3773 tibus.
2130 3718 2378 3787 Signum
2410 3732 2550 3771 vero
2592 3715 2868 3771 ﬁniendae
2908 3716 3092 3788 hujus
3140 3715 3410 3771 lectionis
3451 3721 3558 3782 est,

1905 3805 2136 3862 sonitus
2185 3805 2587 3861 cochlearium
2636 3805 2694 3860 in
2756 3809 3063 3877 postremo
3123 3804 3370 3870 ferculo,
3420 3820 3561 3860 cum

1904 3896 2106 3953 omnia
2140 3894 2319 3949 simul
2347 3896 2403 3948 in
2438 3894 2791 3966 paropsides
2822 3894 3234 3964 projiciuntur.
3269 3893 3556 3949 Miscendi

1904 3984 2123 4056 pariter
2152 3990 2207 4039 et
2234 3982 2580 4055 apponendi
2611 3982 2853 4052 signum
2883 3981 3224 4054 pulsatione
3256 3981 3342 4038 ﬁt.

1972 4255 2062 4308 29.
2093 4257 2137 4308 A
2166 4251 2435 4323 paschali
2453 4255 2721 4323 tempore
2751 4264 2940 4321 usque
2963 4249 3041 4306 ad
3071 4248 3289 4305 festum
3318 4253 3555 4305 sancto-

1901 4357 2035 4397 rum
2052 4341 2347 4407 omnium,
2371 4341 2493 4395 duo
2513 4338 2753 4405 fercula,
2783 4339 2916 4394 olus
2945 4353 3162 4410 nempe
3190 4342 3245 4394 et
3270 4338 3552 4407 legumen

1901 4429 2161 4485 oleatum
2184 4429 2579 4484 comedimus.
2609 4427 2917 4482 Vescimur
2942 4428 3121 4481 etiam
3151 4426 3437 4497 piscibus,
3460 4442 3556 4482 ca-

1903 4534 2024 4585 seo,
2058 4523 2112 4573 et
2143 4518 2297 4573 ovis.
2350 4516 2612 4572 Bibimus
2644 4520 2846 4571 autem
2893 4515 2954 4570 in
2987 4515 3240 4587 prandio
3287 4520 3393 4571 ter.
3446 4514 3554 4571 Ubi

1899 4606 2130 4675 lignum
2158 4604 2535 4677 increpuerit,
2553 4605 2778 4659 abeunt
2793 4604 3029 4673 fratres,
3049 4609 3338 4675 etpanem
3362 4618 3557 4658 come-

1901 4695 2069 4763 dunt,
2093 4699 2148 4749 et
2178 4693 2230 4748 si
2252 4693 2395 4765 quid
2416 4709 2486 4748 ex
2510 4692 2733 4748 ferculo
2761 4692 3055 4748 matutino
3074 4690 3366 4762 superfuit
3388 4691 3556 4762 (nam

1903 4798 2146 4856 vespere
2173 4781 2483 4854 proprium
2505 4781 2770 4837 edulium
2799 4780 3213 4837 communitati
3237 4795 3357 4834 non
3380 4793 3551 4850 para-

1902 4873 2015 4942 tur)
2042 4875 2099 4927 et
2124 4871 2387 4927 bibimus
2410 4869 2624 4942 pocilla
2650 4870 2794 4925 duo.
2821 4872 2884 4924 ln
2918 4867 3388 4941 quadragesima
3415 4881 3554 4922 vero

1901 4967 2245 5016 sanctorum
2268 4960 2679 5032 apostolorum
2702 4960 2919 5031 pisces,
2945 4974 3212 5023 caseum,
3230 4961 3412 5012 etova
3433 4970 3557 5011 non

1900 5049 2298 5115 comedimus,
2340 5054 2553 5120 praeter
2594 5064 2781 5121 quam
2821 5047 3036 5104 diebus
3074 5046 3297 5117 quibus
3341 5046 3555 5102 horam

1767 5183 1989 5241 NOT/E.

260 5300 373 5372 (εδ)
413 5303 496 5356 ita
524 5302 659 5355 cod.
695 5297 831 5354 Mihi
870 5314 1011 5354 vero
1042 5298 1336 5372 obscurus
1371 5305 1427 5355 et
1464 5298 1787 5368 ambiguus

192 5373 287 5429 hic
310 5370 478 5426 lacus
505 5376 610 5435 est,
640 5377 879 5440 propter
911 5370 1186 5425 vocabuli
1225 5372 1570 5425 novitatem.

264 5441 1295 5513 (44)PolluxChron.apudA‘llatium
1323 5440 1784 5513 dissert._cit.col.

198 5509 326 5570 1451
347 5509 367 5570 ξ
380 5516 478 5565 Δύο
498 5512 811 5585 πασχαλίας
836 5509 1150 5585 ἑβδομάδες,
1172 5518 1268 5584 μία
1289 5516 1409 5585 πρὸ,
1431 5516 1528 5584 μία
1546 5509 1604 5564 δὲ
1624 5514 1783 5584 μετὰ·

195 5585 328 5643 duae
358 5583 740 5660 paschalium
784 5583 1182 5651 hebdomadar,
1238 5583 1437 5641 altera
1481 5583 1789 5659 quasprae-

1898 5299 2071 5363 cedit,
2103 5299 2297 5355 altera
2327 5313 2460 5370 qum
2485 5296 2887 5366 subsequitur.

1969 5371 2081 5442 (45)
2106 5364 2354 5425 Εεειυαῐ
2371 5370 2642 5442 omnium
2664 5364 3010 5442 sanctorum
3043 5381 3078 5421 a
3109 5366 3325 5442 Graecis
3360 5364 3556 5442 agitur

1898 5440 1957 5495 in
1980 5438 2311 5496 'DOminica
2337 5441 2529 5511 prima
2564 5438 2851 5511 AMatthaai;
2884 5452 3019 5511 quae
3050 5442 3153 5511 est
3183 5438 3381 5508 prima
3412 5441 3546 5507 post

1898 5513 2306 5569 Pentecosten.
2337 5508 2511 5568 'Allat.
2544 5509 2690 5565 diss.
2724 5509 2818 5564 cit.
2854 5508 2966 5564 col.
3000 5509 3158 5563 1463.
