4058 6274
558 302 698 359 1715

1677 299 2280 358 CONSTI’I‘UTIONES
2320 297 2763 356 STUDITAN/E.

3768 300 3898 355 1⁵716

524 428 528 432 ’
555 433 679 475 non
706 418 1006 474 canimus.
1041 418 1468 475 Manducamus
1495 423 1694 476 autem
1725 419 1876 476 hora
1902 433 2067 475 nona
2095 417 2202 473 fer-

2318 436 2402 488 μεν
2429 435 2442 446 ”
2502 421 2764 490 τρώγομεν
2809 413 2869 470 δὲ
2926 417 2972 470 θ’
3026 421 3299 492 μαγειρίας
3339 415 3411 489 β’,
3445 419 3502 468 τὸ
3547 417 3635 488 μὶν
3677 415 3897 488 λάχανον

557 507 691 563 cula
713 507 868 562 duo:
903 507 1034 562 olus
1063 506 1345 572 oleatum,
1378 507 1656 576 legumen
1687 507 1915 580 absque
1946 507 2077 564 oleo
2109 523 2204 563 co-

559 595 876 651 medimus.
895 595 1156 651 Bibiinus
1171 595 1320 651 hora
1334 611 1491 650 nona
1505 597 1752 668 cyathos
1770 599 1940 660 duos,
1958 611 2203 668 vespere

553 685 693 741 item
726 685 899 739 duos.
938 685 1156 739 Diebus
1183 689 1382 739 autem
1414 684 1656 750 feriatis,
1685 685 1906 757 quibus
1937 685 2202 740 diximus

556 789 666 829 nos
687 789 861 829 caseo
887 779 943 829 et
961 773 1206 846 reliquis
1235 773 1414 840 vesci,
1446 774 1590 830 hora
1611 778 1776 829 sexta
1801 775 2202 839 comedentes,

558 867 644 919 ter
664 862 961 927 bibimus;
992 879 1239 934 vespere
1270 863 1381 917 bis.
1409 858 1572 919 Hunc
1603 879 1829 920 morem
1857 864 1915 918 in
1948 863 2206 935 quadra-

559 950 791 1020 gesima
827 950 1007 1006 etiam
1044 950 1231 1006 sancti
1261 951 1517 1021 apostoli
1551 951 1804 1023 Philippi
1847 967 2156 1007 servamus
2188 966 2201 1003 :

564 1039 667 1094 sed
694 1043 937 1111 propter
957 1040 1304 1094 brevitatem
1320 1039 1551 1094 dierum
1575 1041 1735 1112 quad
1746 1039 2054 1108 ragesimm
2073 1055 2207 1095 san-

561 1127 636 1183 cti
667 1127 937 1200 Philippi,
965 1126 1148 1182 semel
1176 1127 1236 1182 in
1264 1127 1362 1182 die
1388 1129 1780 1192 comedimus,
1815 1129 1918 1184 sed
1947 1137 2030 1184 ter
2058 1128 2208 1184 bibi-

562 1233 717 1272 mus.
735 1218 867 1272 Jam
893 1216 970 1272 ab
994 1215 1404 1288 apostolorum
1425 1219 1999 1273 commemoratione
2021 1234 2207 1290 usque

564 1305 640 1360 ad
663 1309 938 1360 sanctum
965 1304 1324 1376 Philippum,
1348 1321 1572 1362 nonam
1597 1307 1934 1362 recitamus.
1966 1306 2137 1372 Quod
2159 1308 2204 1362 si

559 1394 620 1449 in
642 1393 752 1449 hos
773 1393 899 1448 dies
925 1393 1187 1449 incurrat
1207 1395 1700 1450 commemoratio
1718 1395 1969 1466 alicujus
1993 1396 2204 1465 sancti,

561 1499 697 1556 quae
728 1498 837 1538 nos
861 1481 1098 1538 feriatos
1124 1482 1333 1538 reddat
1354 1483 1430 1538 ab
1448 1482 1610 1538 horis
1631 1490 1685 1539 et
1711 1485 2043 1555 metanoeis,
2070 1490 2209 1540 tunc

561 1586 807 1626 caseum
829 1583 886 1626 et
911 1585 1027 1626 ova
1052 1575 1108 1626 et
1125 1571 1339 1642 pisces,
1366 1571 1663 1643 siquidem
1691 1575 1844 1628 Deus
1867 1574 2210 1644 suppedita-

561 1659 726 1724 verit,
759 1659 1163 1726 comedimus;
1195 1675 1332 1715 cum
1367 1661 1597 1732 cyathis
1629 1661 1814 1717 tribus
1844 1663 1904 1717 in
1931 1663 2206 1734 prandio,

563 1763 814 1820 vespere
844 1747 1104 1804 duobus.

836 1837 924 1894 De
951 1842 1160 1894 sancta
1182 1853 1405 1909 magna
1437 1838 1926 1909 Quadragesima.

634 1929 720 1983 30.
745 1927 807 1981 In
836 1930 1042 1983 sancta
1076 1943 1294 1998 magna
1321 1927 1792 1998 Quadragesima
1815 1930 2002 1986 semel
2027 1929 2086 1986 in
2113 1929 2210 1986 die

560 2016 878 2080 vescimur,
922 2020 1168 2086 excepto
1196 2016 1480 2082 Sabbato,
1526 2022 1582 2072 et
1613 2017 1706 2072 die
1738 2019 2067 2075 Dominico.
2102 2020 2210 2075 Co-

562 2104 843 2160 medimus
855 2109 1044 2160 autem
1061 2105 1254 2176 prima
1265 2106 1597 2162 etmediana
1608 2106 1984 2164 hebdomade
1997 2109 2207 2164 eodem

564 2193 768 2260 modo,
802 2193 861 2249 id
889 2200 975 2249 est
996 2194 1167 2250 fabas
1187 2200 1405 2260 coctas,
1439 2199 1494 2251 et
1523 2196 1956 2252 salsamentum
1979 2198 2209 2271 absque

565 2282 719 2348 oleo,
751 2287 807 2337 et
833 2282 1061 2338 caricas
1092 2284 1380 2354 quinque,
1411 2288 1467 2340 et
1493 2284 1538 2340 si
1570 2285 1768 2340 adsint
1799 2293 2119 2353 castaneae,
2154 2292 2210 2343 et

560 2372 690 2444 pira
711 2377 900 2437 cocta,
925 2377 980 2428 et
1005 2373 1448 2428 Damascenica.
1476 2374 1748 2430 Secunda
1770 2385 1966 2431 autem
1985 2376 2207 2431 hebdo-

564 2461 770 2524 mada,
793 2467 844 2516 et
867 2462 1052 2530 tertia,
1081 2463 1383 2533 etquinta,
1411 2467 1467 2517 et
1493 2469 1658 2518 sexta
1686 2464 1770 2518 sic
1797 2465 2205 2522 comedimus:

565 2567 758 2622 pruna
788 2550 1072 2606 nimirum
1098 2556 1263 2606 cocta
1291 2556 1346 2606 et
1369 2551 1801 2608 salsamentum
1832 2555 1889 2608 in
1917 2555 2206 2625 scutellis;

565 2646 620 2695 et
649 2640 853 2696 ferculi
877 2640 1007 2695 loco
1023 2639 1304 2709 legumen
1337 2656 1474 2696 cum
1497 2656 1648 2696 nuce
1680 2641 1894 2708 fracta;
1921 2660 2103 2714 poma
2127 2651 2209 2702 ta-

562 2743 700 2784 men
722 2734 778 2784 et
796 2727 946 2783 ﬁcus
971 2728 1062 2783 his
1081 2728 1478 2784 hebdomadis
1503 2746 1622 2785 non
1656 2731 2047 2788 comedimus.
2067 2737 2211 2792 Tota

563 2822 763 2873 autem
788 2821 997 2872 sancta
1025 2816 1498 2887 Quadragesima
1523 2819 1770 2874 mixtum
1789 2820 2075 2888 bibimus,
2108 2841 2213 2880 ex-

565 2907 750 2978 ceptis
780 2905 1030 2960 infirmis
1062 2911 1161 2960 aut
1191 2906 1454 2962 senibus.
1488 2907 1671 2963 Porro
1703 2910 1942 2964 mistum
1973 2918 2211 2970 constat

562 3010 633 3051 ex
677 2995 900 3066 pipere,
934 2995 1197 3060 cumino,
1237 3000 1291 3051 et
1322 2996 1492 3052 aniso
1524 2997 1738 3052 calido.
1769 3000 1946 3054 Feriis
1988 3003 2209 3057 sanctis

562 3083 850 3174 secunda,
873 3084 1065 3174 tertia,
1096 3089 1334 3156 quarta,
1357 3090 1411 3140 et
1433 3086 1664 3156 quinta,
1687 3091 1743 3143 et
1764 3094 1928 3144 sexta
1959 3090 2073 3145 cibi
2095 3092 2209 3162 pri-
2248 3117 2288 3174 ρ

564 3190 678 3228 mae
695 3173 796 3244 huj
809 3191 874 3228 us
885 3172 1287 3228 hebdomadas
1309 3174 1686 3230 adhibentur.
1711 3179 1983 3232 Attamen
2000 3186 2209 3236 sancta

563 3262 709 3319 feria
733 3262 942 3334 quinta
967 3277 1152 3317 unum
1179 3261 1468 3318 ferculum
1499 3265 1896 3332 comedimus,
1930 3267 2207 3337 legumen

563 3351 782 3407 scilicet
802 3367 940 3406 eum
962 3366 1114 3406 nuce
1136 3349 1342 3417 fracta,
1366 3356 1421 3406 et
1442 3358 1640 3408 coctas
1662 3353 1859 3421 fabas,
1881 3361 1938 3411 et
1960 3356 2206 3412 mistum

561 3440 846 3497 bibimus.
880 3439 1142 3496 Sabbato
1159 3445 1358 3496 autem
1383 3446 1589 3498 sancto
1612 3442 1759 3498 hora
1783 3445 2103 3501 undecima
2126 3447 2210 3502 in-

560 3530 704 3600 cipit
728 3528 1089 3600 lychnicum,
1107 3544 1230 3600 quo
1251 3528 1807 3596 absoluto,caseum
1831 3535 2207 3592 comedimus

563 3621 621 3672 et
649 3617 846 3688 pisces
878 3621 934 3672 et
963 3631 1096 3684 ova,
1129 3632 1198 3671 ac
1227 3615 1498 3672 bibimus
1531 3622 1637 3676 ter.

976 3706 1062 3760 De
1076 3705 1232 3774 festo
1266 3707 1780 3766 Annuntiationis.

631 3793 718 3848 31.
735 3796 890 3849 Hora
907 3798 1072 3849 sexta
1093 3793 1171 3849 ad
1190 3793 1330 3864 ligni
1347 3794 1587 3865 pulsum
1604 3800 1996 3856 convenimus
2020 3801 2098 3857 ad
2117 3818 2210 3858 sa-

562 3882 778 3938 cellum
807 3881 1143 3955 purissima:
1189 3883 1287 3938 Dei
1319 3884 1537 3950 Matris,
1578 3889 1635 3940 et
1673 3895 1868 3959 coepto
1907 3889 2204 3961 lychnico,

561 3976 827 4046 perstant
847 3971 962 4027 illic
992 3971 1168 4043 pauci
1192 3972 1400 4028 fratres
1427 3973 1505 4028 ob
1531 3973 1675 4030 illud
1699 3978 2162 4047 persolvendum
2191 3998 2204 4035 :

561 4061 771 4134 reliqui
802 4059 1027 4117 faciunt
1053 4062 1516 4132 processionem,
1551 4067 1608 4120 et
1636 4068 2065 4124 monasterium
2093 4070 2209 4125 cir-

561 4151 1038 4208 cumambientes
1067 4151 1334 4218 veniunt,
1377 4152 1424 4206 si
1455 4157 1546 4207 est
1573 4153 1846 4210 introitus
1889 4162 1944 4212 et
1972 4157 2211 4230 liturgia

562 4240 846 4314 perfecta.
880 4241 1042 4295 Tunc
1073 4240 1371 4295 vescimur
1399 4240 1663 4313 piscibus
1697 4249 1752 4300 et
1781 4245 1936 4311 oleo,
1970 4249 2025 4301 et
2055 4246 2212 4304 bibi-

565 4346 701 4385 mus
728 4334 832 4385 ter.

636 4417 726 4473 32.
755 4418 818 4472 ln
850 4416 1049 4472 media
1075 4416 1460 4475 hebdomada
1485 4425 1825 4477 sanctorum
1845 4424 2208 4495 jejuniorum
2245 4455 2290 4508 υ

568 4515 940 4583 postnonam
958 4508 1955 4581 cantatam,proponiturviviﬁcum
1970 4513 2213 4585 lignum,

565 4603 622 4657 et
651 4611 864 4655 omnes
895 4595 1242 4653 adoramus.

2312 509 2443 578 μετὰ
2486 506 2676 568 ἰλαίου,
2731 509 2790 558 τὸ
2851 503 2910 559 δὲ
2967 510 3184 579 ὄσπριον
3243 508 3360 560 ἄνευ
3396 506 3566 559 ελαίου
3623 507 3894 576 ἓσθίομεν·

2309 597 2461 668 κιρνὰ
2511 592 2568 646 δὲ
2618 591 2714 646 δύο
2744 603 2806 666 τῇ
2840 594 2900 659 θ’,
2946 599 3034 647 καὶ
3067 592 3163 647 δύο
3191 595 3286 666 ὀψέ
3318 615 3330 628 ·
3374 599 3422 646 ἒν
3455 591 3515 647 δε
3545 600 3659 656 ταῖς
3691 593 3898 666 ἀργησίο

2312 703 2430 755 μοις
2481 683 2530 735 ἐν
2575 685 2658 745 αἷς
2703 683 2994 758 ᾐνιξάμεθα
3037 687 3193 758 τυρόν
3242 684 3433 736 ἐσθίειν
3490 688 3580 735 καὶ
3621 685 3686 734 τὰ
3733 683 3895 747 λοιπὰ,

2312 781 2374 845 τῇ
2433 773 2486 837 ς’
2534 782 2836 847 τρώγοντες,
2887 774 2934 845 γ’
3000 779 3232 846 πίνομεν,
3291 777 3379 825 καὶ
3437 772 3533 843 ὀψε
3581 769 3632 845 β’
3667 789 3680 802 ’
3765 772 3898 832 οὗτος

2313 865 2469 923 τύπος
2519 869 2606 916 καὶ
2637 873 2696 937 τῇ
2730 863 2782 936 μ’
2813 870 2906 915 τοῦ
2947 862 3096 934 ἁγίου
3139 861 3430 915 ἀποστόλου
3472 861 3728 915 Φιλίππου
3759 860 3893 933 (46]”

2315 947 2350 1002 δ
2355 953 2408 1003 ιὰ
2439 948 2498 1004 δὲ
2526 957 2620 1012 τὴν
2653 956 2982 1026 σμικρότητα
3035 960 3133 1004 τῶν
3180 953 3381 1023 ἡμερῶν
3429 959 3523 1014 τῆς
3551 948 3600 1022 μ’
3631 957 3722 1003 τοῦ
3762 950 3894 1020 ἁγίου

2314 1041 2570 1106 φιλίππου
2611 1050 3003 1115 μονοσιτοῦμεν,
3046 1046 3256 1112 πίνομεν
3329 1038 3388 1094 δε
3417 1040 3484 1112 γ’.
3532 1041 3664 1093 Ἀπὸ
3713 1036 3771 1092 δε
3814 1048 3896 1092 τῶν

2316 1131 2614 1184 ἀποστόλων
2664 1139 2870 1205 μνήμης
2900 1133 2992 1194 ἕως
3047 1139 3137 1184 τοῦ
3187 1131 3338 1202 ἁγίου
3385 1129 3665 1195 Φιλίππου,
3691 1125 3898 1201 τετράδα

2313 1225 2401 1272 καὶ
2439 1227 2775 1296 παρασκευὴν
2810 1221 2854 1274 θ’
2911 1228 3150 1292 ποιοῦμεν
3185 1237 3198 1251 ⁶
3234 1219 3318 1271 ἐὰν
3350 1216 3410 1272 δὲ
3448 1221 3622 1271 ἔπεσεν
3649 1217 3700 1270 ὶν
3739 1217 3898 1277 αύταίς

2313 1314 2491 1382 μνήμη
2527 1311 2702 1382 ἁγίου,
2769 1310 2971 1382 σχολὴν
3019 1311 3142 1381 ἡμῖν
3191 1307 3485 1381 ἐμποιοῦσα
3535 1316 3636 1360 τῶν
3691 1326 3746 1359 τε
3774 1310 3898 1380 ὡρῶν

2313 1403 2403 1450 καὶ
2461 1409 2760 1471 μετανοιῶν,
2811 1403 2896 1451 καὶ
2941 1402 3096 1468 τυρόν
3158 1403 3248 1450 καὶ
3300 1401 3397 1450 ὠὸν
3446 1401 3534 1449 xui
3568 1396 3752 1468 ἰχθὺν,
3780 1398 3898 1467 εἴπερ

2314 1493 2579 1561 χορηγοίη
2631 1490 2756 1561 ἡμῖν
2805 1490 2830 1540 ό
2876 1491 3026 1552 Θεὸς,
3075 1486 3313 1559 ἐσθίομεν
3347 1505 3360 1520 ·
3417 1487 3568 1554 κιρνὰ
3620 1481 3680 1537 δὲ
3737 1483 3786 1554 γ’
3853 1487 3902 1534 τὸ

2315 1577 2550 1649 ἄριστον,
2580 1583 2669 1630 καὶ
2699 1576 2795 1648 ὀψε
2833 1574 2906 1650 β’.
3868 1585 3873 1589 ’

2604 1847 2764 1919 Περὶ
2802 1851 2922 1905 τῆς
2964 1841 3155 1915 ἁγίας
3193 1841 3474 1914 μεγάλης
3513 1838 3606 1894 Μ’.

2387 1933 2450 1989 λ’.
2504 1933 2588 1987 Ἐν
2638 1929 2697 1986 δὲ
2765 1941 2826 2005 τῇ
2875 1931 2999 2004 ἁγίᾳ
3075 1935 3164 1983 καὶ
3239 1931 3436 2002 μεγάλη
3502 1935 3905 2000 Τεσσαρακοστῇ

2317 2028 2712 2095 μονοσιτοῦμεν,
2747 2022 2874 2079 πλὴν
2924 2019 3190 2073 Σαϐϐάτου
3231 2024 3322 2071 xui
3377 2025 3642 2093 Κυριακῆς
3677 2033 3691 2044 ·
3753 2016 3910 2070 ἐσθίο-

2317 2131 2406 2184 μεν
2439 2107 2498 2163 δε
2522 2118 2584 2183 τῇ
2634 2117 2813 2184 πρώτῃ
2845 2115 2935 2162 καὶ
2981 2118 3044 2182 τῇ
3091 2112 3224 2181 μέση
3259 2105 3519 2181 ἔϐδομάδι
3557 2111 3908 2181 μονοτρόπως,

2317 2205 2478 2271 ἤγουν
2528 2199 2668 2272 φάϐα
2705 2199 2925 2262 ἔξεστόν,
2980 2203 3070 2250 καὶ
3123 2199 3347 2269 ἁλμαίαν
3394 2201 3565 2269 χωρὶς
3609 2196 3909 2260 ἑλαίου,και

2321 2286 2556 2362 ἰσχάδας
2615 2288 2710 2340 ἀνὰ
2771 2289 2830 2353 ε’,
2891 2293 2980 2340 καὶ
3031 2287 3074 2340 εί
3123 2289 3283 2358 τύχοι
3335 2289 3594 2352 κάστανα,
3648 2290 3741 2337 καὶ
3781 2283 3913 2335 ἀπίε-

2319 2381 2440 2452 φθα,
2471 2384 2559 2430 καὶ
2591 2375 2910 2450 δαμασκηνά
2939 2395 2950 2406 ⁸
3009 2384 3070 2448 τῇ
3109 2373 3168 2428 δὲ
3211 2375 3261 2450 β’
3292 2372 3574 2446 ἐϐδομάδι,
3608 2379 3702 2426 καὶ
3731 2373 3800 2444 γ’,
3832 2378 3911 2424 καὶ

2319 2467 2376 2532 ε’,
2433 2473 2518 2518 xui
2581 2465 2628 2530 ς·“
2682 2469 2918 2537 ἐσθίομεν
2965 2466 3170 2526 οὕτως·
3255 2484 3472 2525 κόκκους
3533 2463 3792 2528 ἒξεστούς,
3832 2479 3912 2512 xu‘

2319 2555 2543 2625 ἁλμαίαν
2601 2555 2672 2616 εἰς
2723 2558 2787 2606 τὰ
2848 2554 3171 2618 σκουτέλλια,
3231 2558 3320 2605 καὶ
3371 2557 3646 2625 μαγειρίαν
3709 2553 3911 2623 ὄσπριον

2319 2646 2448 2716 μετὰ
2505 2648 2690 2717 καρίου
2739 2650 2957 2716 τριπτοῦ
2991 2660 3002 2672 ⁸
3053 2642 3255 2715 ὀπώρας
3295 2639 3354 2694 δὲ
3385 2643 3415 2700 ἦ
3447 2637 3769 2712 ἰσχάδας’ἐν
3797 2642 3910 2690 ταύ-

2319 2752 2433 2794 ταις
2468 2732 2526 2783 ού
2584 2738 2844 2806 τρώγομεν
2879 2750 2891 2761 ·
2949 2737 3124 2784 πᾶσαν
3167 2728 3226 2783 δε
3273 2735 3366 2789 τὴν
3405 2731 3557 2800 ἁγίαν
3587 2731 3643 2801 μ’
3678 2733 3908 2803 εὔκρατον

2318 2826 2548 2891 πίνομεν,
2578 2826 2750 2894 χωρὶς
2795 2829 2895 2872 τῶν
2952 2819 3302 2874 ἀσθενούντων
3347 2824 3377 2878 ἦ
3426 2825 3683 2892 γερόντων
3720 2835 3733 2847 ·
3767 2822 3820 2869 τό
3859 2813 3907 2868 δί

2319 2913 2564 2983 εὔκρατον
2623 2915 2936 2961 συνίσταται
2986 2912 3041 2962 ἔκ
3120 2929 3174 2962 τε
3253 2913 3506 2982 πιπέρεως
3557 2911 3650 2958 xui
3705 2909 3905 2978 κυμίνου

2317 3004 2406 3051 καὶ
2444 3001 2630 3050 ἀνίσου
2683 3001 2872 3070 θερμου
2921 2998 3054 3070 (47).
3111 3005 3183 3070 Τῇ
3237 2994 3296 3050 δε
3347 2997 3473 3068 ἁγίᾳ
3525 2993 3717 3068 β’,καὶ
3749 2999 3904 3067 τρίτη,

2318 3093 2406 3140 καὶ
2466 3085 2642 3152 δ’,καὶ
2676 3087 2733 3155 ε’,
2786 3092 2871 3139 xui
2935 3095 3004 3152 ς’,
3061 3090 3125 3139 τὰ
3185 3085 3442 3160 βρώματα
3468 3088 3662 3145 ταύτης
3714 3089 3907 3155 πρώτης

2317 3174 2616 3247 ἑϐδομάδος
2669 3181 2946 3227 πίπτουσιν
2979 3192 2996 3209 ο
3057 3184 3118 3248 τῇ
3177 3172 3236 3228 δὲ
3268 3175 3392 3246 ἁγίᾳ
3438 3172 3472 3226 ε’
3515 3175 3757 3245 ἑσθίομεν
3798 3176 3906 3242 μίαν

2317 3271 2593 3340 μαγειρίαν
2647 3269 2865 3336 ὄσπριον
2906 3268 3035 3336 μετὰ
3074 3268 3270 3338 καρύου
3322 3271 3560 3338 τριπτοῦ,
3625 3268 3720 3315 καὶ
3765 3261 3912 3321 ζεστὰ

2315 3360 2504 3407 κουκία
2535 3375 2548 3387 ’
2607 3359 2816 3426 πίνομεν
2857 3351 2914 3406 δε
2971 3359 3060 3406 καὶ
3107 3354 3233 3427 πρός
3282 3356 3520 3426 ἓνκρασιν
3557 3369 3570 3382 ·
3600 3359 3675 3421 τῷ
3710 3348 3768 3404 δὲ
3789 3350 3910 3421 ἁγίῳ

2317 3443 2564 3496 Σαϐϐάτώ
2609 3445 2718 3516 ὥρᾳ
2773 3439 3020 3516 ἑνδεκάτη
3083 3441 3309 3516 ἄρχεται
3377 3445 3434 3493 τὸ
3479 3441 3773 3513 λυχνικόν⁶
3832 3442 3913 3489 καὶ

2317 3535 2445 3586 ὅπου
2480 3539 2639 3585 σώσει
2692 3535 2722 3590 ἡ
2777 3531 3058 3596 ἀπόλυσις,
3102 3531 3341 3604 ἐσθίομεν
3371 3528 3429 3584 δε
3457 3534 3610 3603 τυρὸν
3641 3535 3731 3582 xui
3765 3529 3915 3600 ἰχθῦς

2316 3626 2405 3674 καί
2432 3623 2509 3674 ώά
2541 3638 2554 3651 ⁸
2593 3625 2682 3673 καὶ
2706 3626 2918 3693 πίνομεν
2945 3620 3041 3672 ἁνὰ
3061 3620 3132 3691 γ’.

2695 3711 2846 3784 Περςὶ
2885 3717 2993 3762 τοῦ
3034 3709 3541 3782 εύαγγελισμοῦ.

2386 3799 2484 3856 λα’.
2526 3799 2720 3854 Ἵστεον
2758 3803 2821 3860 ὡς
2872 3799 2982 3873 ὥρᾳ
3026 3799 3075 3864 ς’
3125 3806 3216 3851 τοῦ
3274 3798 3425 3862 ξύλου
3479 3801 3764 3870 κρούοντος
3804 3815 3915 3848 συν-

2317 3892 2546 3962 αγόμέθα
2599 3889 2670 3951 εἰς
2715 3892 2798 3940 τὸν
2851 3886 2990 3941 οἶκον
3062 3896 3151 3949 τῆς
3217 3889 3592 3960 παναχράντου
3662 3889 3914 3940 Θεοτόκον

2315 3985 2404 4032 καὶ
2453 3979 2739 4052 ἀρξαμένου
2806 3987 2896 4030 τοῦ
2952 3978 3232 4050 λυχνικοῦ,
3298 3981 3538 4030 ἵστανται
3595 3975 3702 4028 ἐκεῖ
3763 3974 3916 4044 ὀλίγοι

2318 4067 2530 4141 ἀδελφοὶ
2556 4067 2874 4128 ἐκτελοῦντες
2904 4067 3036 4119 αὐτό
3063 4086 3076 4098 ·
3129 4069 3178 4118 οἱ
3237 4063 3295 4118 δὲ
3341 4065 3511 4118 λοιποὶ
3540 4064 3817 4138 ἐπαίρουσι
3845 4062 3913 4112 λιν

2317 4164 2430 4221 τὴν,
2482 4163 2569 4208 καὶ
2623 4156 3120 4229 περικυκλεύσαντες
3158 4158 3216 4207 τὸ
3262 4159 3614 4227 μοναστὴριον
3647 4156 3907 4228 ἔρχονται,

2325 4247 2368 4300 εἰ
2419 4243 2644 4308 εἴσοδος,
2696 4250 2786 4296 xui
2822 4245 3116 4319 λειτουργία
3168 4242 3368 4296 τελεία·
3413 4242 3650 4314 ἐσθίομεν
3712 4239 3769 4294 δὲ
3806 4244 3908 4291 τότε

2323 4338 2514 4408 ἰχθύας
2542 4339 2631 4385 xui
2657 4333 2844 4396 ἔλαιον,
2873 4339 2960 4384 xui
2993 4338 3199 4404 πίνομεν
3233 4331 3329 4384 ἀνὰ
3356 4333 3426 4404 γ’.

2534 4427 2648 4497 Χρὴ
2721 4428 2990 4494 γινώσκειν
3037 4424 3116 4474 ὅτι
3169 4430 3230 4494 τῇ
3287 4426 3420 4494 μέση
3497 4416 3763 4492 ἑϐδομάδι
3817 4425 3907 4468 τῶν

2323 4514 2483 4585 ἁγίων
2521 4521 2794 4577 νηστειῶν,
2823 4513 3152 4570 καθεκάστην
3179 4514 3310 4582 μετὰ
3340 4514 3396 4563 τό
3423 4510 3696 4582 ψαλθῆναι
3737 4512 3824 4566 τὴν
3846 4503 3901 4568 θ’,

2322 4603 2626 4678 προτίθεται
2679 4605 2736 4653 τὸ
2795 4601 3048 4662 ζωοποιόν
3110 4600 3283 4666 ξύλον,
3356 4604 3444 4652 xui
3521 4605 3897 4672 προσκυνοῦμεν

2325 4695 2506 4752 πάντες
2538 4690 2650 4764 (48)
2661 4733 2672 4744 .

2113 4781 2340 4841 ΝΟΤΑΞ.

634 4875 843 4958 _(_£6)De
864 4872 1625 4958 quadragesimalijejunio,
1652 4879 1706 4934 S.
1735 4879 1989 4958 Philippi
2010 4881 2206 4958 appel-

561 4945 687 5012 lati,
732 4945 900 5019 quod
932 4945 1098 5019 idem
1141 4950 1342 5019 esthac
1369 4945 1663 5019 jejunium
1698 4945 1910 5005 natalis
1932 4945 2204 5016 'Dom'ini,

561 5016 792 5089 legatur
829 5017 1178 5089 Anastasius
1218 5016 1443 5089 Sinaita
1478 5018 1537 5072 in
1574 5021 1866 5089 opusculo
1898 5023 1980 5077 De
2021 5024 2208 5078 tribus

564 5087 1063 5161 Quadragesimi's,
1110 5087 1273 5161 apud
1317 5087 1667 5161 Cotelerium
1718 5107 1896 5161 opere
1931 5093 2025 5148 cit.
2074 5094 2203 5158 t.lIl,

561 5176 620 5242 p.
645 5163 770 5242 4_30.
798 5159 1160 5215 Credebatur
1184 5159 1339 5215 enim
1367 5159 1885 5232 Philippiapostoli
1922 5164 2207 5219 mandato

562 5234 924 5285 institutum.

562 5232 924 5289 institutum.

633 5301 746 5374 (47)
768 5300 1238 5374 Alitur_loquitur
1254 5301 1326 5356 de
1346 5301 1519 5357 misto
1543 5305 1872 5358 monastico
1895 5306 2207 5361 Mai-lenius

560 5373 621 5431 in
647 5372 879 5429 Comm.
905 5372 982 5429 ad
1008 5372 1148 5441 Reg.
1182 5374 1239 5444 S.
1263 5374 1506 5444 Ben.,ip.
1535 5375 1658 5429 493.
1691 5374 1800 5430 Sed
1825 5374 1982 5429 idem
2007 5379 2207 5432 Marte-

563 5444 916 5525 musAmagis
946 5443 1383 5525 congruitcum
1410 5443 1647 5525 Graecis,
1677 5460 1736 5515 p.
1758 5445 1882 5525 6.37.

633 5515 746 5590 (48)
788 5518 866 5571 De
897 5515 1013 5590 hoc
1041 5514 1549 5590 rituLEuthymius
1573 5514 2003 5590 _Ne0patrensis
2043 5519 2203 5590 apud

557 5586 734 5648 Allat.‘
769 5602 870 5662 op.
920 5587 1016 5644 cit.
1068 5586 1224 5643 1438.
1275 5587 1469 5660 Exstat
1511 5587 1691 5646 etiam
1720 5588 1964 5646 Studitaa
2013 5586 2202 5649 nostri

2321 4895 2518 4934 sermo
2540 4877 2613 4932 de
2636 4879 2748 4932 hac
2763 4877 2955 4932 crucis
2971 4877 3319 4932 adoratione
3340 4877 3399 4932 in
3434 4873 3904 4940 mediaQuadra-

2321 4951 2571 5020 gesima.
2607 4949 2669 5003 In
2695 4950 2940 5004 basilica
2966 4948 3142 5020 etiam
3171 4947 3603 5020 Vaticana,hoc
3631 4947 3906 5020 ipsotem-

2321 5017 2750 5093 pore,cruxﬁpio
2771 5018 3417 5093 frequentiquepopulo
3445 5017 3757 5093 adoranda
3785 5031 3907 5086 pro-

2322 5090 2579 5159 ponitur.
2618 5091 2944 5160 ΕιψιΜωιιι
2988 5091 3061 5144 de
3093 5093 3283 5144 crucis
3315 5090 3683 5160 adoratione,
3728 5101 3905 5158 quam

2321 5163 2698 5218 Iconomachi
2725 5159 2903 5216 etiam
2935 5164 3320 5222 retinuerunt.
3343 5160 3647 5229 legaturin
3674 5159 3787 5212 hoc
3814 5173 3911 5211 no-

2319 5241 2441 5290 stro
2474 5233 2777 5288 volumine
2794 5248 3050 5299 magnus
3080 5232 3444 5302 Nicephorus
3457 5231 3593 5302 adv.
3611 5231 3910 5302 Coprony-

2321 5322 2482 5360 mum
2510 5304 2940 5367 antirrh.lll,33
2969 5311 3024 5357 et
3051 5299 3598 5374 seqqulurimaide
3630 5299 3907 5374 hoccultu

2317 5376 2689 5431 coacervavit
2705 5376 2970 5429 eruditus
2987 5371 3320 5429 monachus
3337 5373 3599 5428 Leander
3613 5371 3906 5426 Correrius

2317 5447 2391 5502 de
2422 5447 2779 5504 Sessorianis
2809 5445 3129 5516 praecipuis
3150 5444 3454 5516 passionis
3487 5444 3768 5516 ωαψς.
3789 5440 3906 5497 reli-

2315 5519 2474 5591 quiis
2503 5523 2654 5590 part.
2683 5517 2747 5582 ll,
2780 5513 2833 5591 _8‘,
2862 5516 2974 5591 qui
2994 5513 3242 5591 utiliter
3287 5516 3538 5591 legatur.
3582 5513 3696 5591 Sed
3727 5514 3905 5591 instar

2316 5585 2580 5647 omnium
2611 5592 2746 5644 sunt
2772 5585 2978 5645 Jacobi
3000 5587 3248 5644 Gretseri
3263 5587 3338 5644 de
3364 5585 3542 5642 'cruce
3573 5585 3899 5646 volumina.
