4058 6274
273 282 413 337 1717

410 408 563 479 Περὶ
600 405 714 464 τῆς
754 402 809 455 ἓν
852 400 1227 465 διακονίαις
1266 412 1719 480 συμμετρίαις.

248 533 255 540 .
339 492 438 564 λγ’.
474 494 585 567 Χρὴ
626 498 900 564 γινώσκειν
950 494 1030 545 ὅτι
1078 501 1140 565 τῇ
1193 493 1322 566 ἁγίᾳ
1354 496 1552 569 μεγάλῃ
1609 516 1871 570 τεσσαρα-

268 590 458 654 κοστῇ,
494 584 625 653 μετὰ
653 585 712 635 τὸ
765 582 959 652 ψάλλαι
990 584 1131 653 ἡμᾶς
1167 587 1260 641 τὴν
1293 584 1339 635 α’
1371 587 1527 657 ὤραν,
1570 586 1718 643 ἡλίου
1760 582 1867 643 ἤδη

270 669 602 742 ἀνίσχοντος,
647 670 935 742 ἀπέρχεται
989 673 1205 733 ἕκαστος
1252 673 1322 734 εἰς
1360 678 1453 731 τήν
1500 674 1659 726 αὐτοῦ
1693 671 1872 727 διακο-

269 762 381 811 νίαν
418 775 430 787 ·
495 759 810 831 στιχολογία
849 756 908 813 δὲ
946 764 1146 830 γίνεται
1193 768 1285 813 τοῦ
1330 760 1599 834 ψαλτήρος
1658 762 1776 815 ὅλου
1823 765 1871 814 ἓν

272 848 471 916 αὐταῖς,
521 850 652 907 πλὴν
728 857 830 899 τῶν
905 848 1264 922 καλλιγραφῶν
1294 872 1307 884 ο
1368 853 1629 923 κάμνουσί
1677 871 1730 903 τε
1785 852 1874 912 ἕως

270 944 367 998 τῆς
407 936 471 990 θ’.
521 939 663 991 Μετὰ
716 934 776 989 δὲ
834 939 891 989 τὸ
920 938 1169 1009 λυχνικόν
1200 939 1394 1009 ψάλλαι
1424 942 1582 1012 ἡμᾶς,
1637 945 1727 992 καὶ
1769 938 1874 992 δει-

271 1030 475 1092 πνίσαι,
513 1023 710 1087 ὶδιάξει
736 1027 955 1088 ἕκαστος
995 1030 1063 1087 ὡς
1114 1028 1384 1099 βούλεται.
1425 1031 1507 1082 Ἐν
1548 1026 1607 1082 δὲ
1636 1036 1747 1089 ταῖς
1771 1029 1875 1080 λοι-

261 1122 397 1178 ,παίς
453 1122 544 1167 τοῦ
618 1113 852 1168 ἐνιαυτοῦ
912 1117 1153 1189 ἡμέραις,
1206 1118 1286 1169 ὅτε
1355 1121 1444 1190 μὲν
1503 1119 1561 1170 ού
1615 1117 1873 1189 ψάλλομεν

274 1205 428 1277 ὧρας,
461 1208 637 1279 κρούει
692 1213 765 1276 τῷ
804 1208 943 1278 πρωὶ
970 1205 1039 1277 γ’,
1075 1210 1165 1258 καὶ
1210 1206 1496 1281 ἀπέρχεται
1540 1209 1761 1270 ἕκαστος
1808 1207 1875 1267 εἰς

272 1298 369 1353 τὴν
418 1294 603 1347 ἑαυτοῦ
657 1292 949 1359 διακονίαν,
1003 1300 1092 1347 καὶ
1146 1295 1337 1370 ἐνεργεί
1400 1302 1591 1370 μέχρις
1632 1296 1870 1361 ἀρίστου.

275 1386 420 1438 Μετὰ
466 1380 525 1436 δε
585 1381 781 1457 βρῶσιν
842 1380 1035 1447 ὶδιάζει
1075 1385 1287 1445 ἕκαστος
1343 1387 1410 1447 ὡς
1466 1383 1728 1459 βούλεται,
1778 1389 1876 1438 εἶτε

274 1471 494 1543 μελετῶν
527 1473 658 1544 (49),
694 1475 791 1525 εἴτε
842 1479 1156 1545 κοιμώμενος
1194 1474 1287 1535 ἕως
1331 1476 1464 1547 ὧρας
1496 1474 1541 1533 η’
1565 1492 1576 1504 ο
1621 1484 1681 1547 τῇ
1717 1471 1776 1526 δὲ
1826 1474 1879 1532 η’

274 1563 451 1633 κρούει
503 1564 561 1612 τὸ
616 1560 761 1623 ξύλον
814 1560 883 1632 γ’,
944 1566 1028 1613 καὶ
1092 1562 1245 1614 πάλιν
1325 1561 1609 1635 ἀπέρχεται
1660 1563 1732 1625 εἰς
1792 1567 1879 1622 τήν

277 1649 463 1703 εαυτοῦ
515 1646 785 1702 διακονίαν
814 1651 1029 1711 ἕκαστος
1070 1651 1164 1712 ἕως
1207 1659 1297 1704 τοῦ
1327 1651 1603 1723 λυχνικοῦ.
1658 1650 1781 1704 Ὀτε
1822 1648 1881 1705 δε

1520 280 1580 335 S.
1623 274 1995 334 THEODORI
2037 274 2358 333 STUDITIE

1900 403 1947 458 Δ

3466 264 3471 275 ⁷
3493 258 3631 336 his

2353 412 2440 467 De
2463 415 2621 467 recto
2648 411 2709 466 in
2735 410 2993 481 ofﬁcinis
3023 410 3250 466 ordine.

2050 504 2137 556 33.
2172 501 2237 555 In
2268 504 2477 555 sancta
2516 515 2738 569 magna
2779 494 3272 565 Quadragesima,
3305 506 3633 571 postquam

1979 589 2191 644 horam
2225 588 2483 660 primam
2502 589 2899 649 cantavimus,
2928 588 3050 643 sole
3074 590 3200 659 jam
3234 589 3478 654 oriente,
3503 602 3632 658 per-

1981 679 2065 749 git
2107 679 2521 750 unusquisque
2574 678 2651 734 ad
2686 679 2996 749 prOpriam
3043 677 3372 743 ofﬁcinam,
3426 676 3630 733 recita-

1982 770 2195 839 turque
2221 767 2282 822 in
2302 768 2384 822 eis
2410 767 2756 838 psalterium
2781 772 2987 832 totum,
3010 771 3222 838 praeter
3252 782 3437 838 quam
3460 782 3496 821 a
3517 765 3632 820 cal-

1981 856 2295 927 ligraphis.
2348 857 2641 912 Laborant
2684 872 2824 911 vero
2867 871 3060 927 usque
3092 854 3170 911 ad
3218 870 3466 910 nonam.
3498 855 3632 909 Jam

1981 949 2303 1016 postquam
2333 945 2675 1015 lychnicum
2708 945 3109 1008 cantavimus,
3142 948 3195 998 et
3234 944 3629 1012 ccenavimus,

1981 1036 2394 1106 unusquisque
2424 1033 2535 1089 sibi
2575 1038 2752 1089 vacat
2781 1049 2890 1104 pro
2927 1033 3115 1089 libito.
3162 1032 3397 1088 Caeteris
3432 1035 3631 1087 tamen

1983 1124 2125 1179 anni
2147 1123 2378 1191 diebus,
2407 1139 2542 1178 cum
2570 1123 2751 1179 horas
2776 1138 2895 1178 non
2925 1122 3221 1186 canimus,
3246 1121 3400 1176 ﬁunt
3423 1120 3634 1190 pulsus

1984 1227 2160 1267 mane
2174 1215 2369 1277 tres,et
2385 1212 2803 1283 unusquisque
2817 1210 3096 1282 pergitad
3115 1226 3286 1265 suam
3303 1209 3607 1265 ofﬁcinam
3623 1250 3636 1273 ,

1983 1305 2038 1355 et
2060 1316 2247 1372 usque
2273 1300 2349 1355 ad
2377 1300 2697 1372 prandium
2724 1304 3024 1371 operatur.
3056 1299 3198 1355 Cibo
3223 1303 3484 1367 sumpto,
3514 1297 3632 1352 sin-

1984 1389 2105 1459 guli
2128 1389 2241 1445 sibi
2271 1394 2504 1454 vacant,
2530 1393 2707 1460 prout
2731 1389 3044 1454 voluerint,
3071 1388 3195 1443 sive
3220 1387 3447 1459 aliquid
3470 1402 3631 1442 com-

1988 1482 2340 1543 mentantes,
2387 1480 2510 1534 sive
2557 1478 2966 1533 dormientens
3010 1493 3198 1547 usque
3245 1476 3321 1531 ad
3353 1479 3633 1532 octavam

1986 1568 2198 1623 horam
2230 1584 2241 1621 :
2274 1582 2538 1639 namque
2559 1567 2710 1623 hora
2733 1571 2947 1622 octava
2976 1566 3206 1637 lignum
3230 1566 3503 1636 pulsatur
3529 1568 3634 1632 ter,

1987 1656 2305 1727 denuoque
2346 1657 2537 1727 pergit
2569 1657 2985 1728 unusquisque
3015 1655 3091 1711 ad
3123 1654 3428 1709 officinam
3464 1668 3638 1708 suam

275 1737 536 1810 ψάλλομεν
612 1740 766 1812 ὧρας,
831 1739 1119 1800 τελέσαντες
1198 1744 1291 1799 τήν
1346 1743 1482 1815 ὥραν
1556 1744 1711 1814 πρωϊ,
1786 1739 1881 1792 ἀπ-

2002 1761 2182 1817 quue
2204 1746 2278 1801 ad
2307 1745 2671 1816 lychnicum.
2709 1745 2820 1801 Sed
2843 1760 2963 1815 quo
2981 1748 3248 1815 tempore
3276 1744 3455 1798 horas
3483 1741 3641 1813 psal-

278 1830 527 1899 έρχονται
576 1829 625 1879 οἱ
670 1824 882 1899 ἀδελφοὶ
931 1827 1003 1889 εἰς
1056 1830 1146 1888 τὰς
1192 1828 1385 1880 ἑαυτῶν
1440 1826 1733 1899 διακονίας,
1791 1830 1883 1890 ἕως

277 1916 418 1990 ὧρας
448 1914 499 1980 ς’
537 1924 831 1988 κάμνοντες,
866 1918 960 1969 κᾶν
1014 1937 1067 1970 τε
1118 1916 1257 1970 ἐστὶν
1290 1918 1355 1985 θ’,
1396 1919 1491 1970 κοῖν
1523 1938 1579 1971 τε
1620 1924 1690 1990 μή
1733 1936 1745 1948 ·
1793 1923 1882 1971 καὶ

278 2006 409 2077 μετὰ
431 2009 523 2063 τήν
550 2004 600 2070 ς’
632 2006 923 2078 ἡσυχάζει.
953 2007 1022 2067 ὡς
1054 2008 1253 2080 εἴρηται
1280 2007 1372 2068 ἕως
1410 2014 1506 2069 τῆς
1530 2006 1596 2066 η’.

350 2178 452 2234 λδ’.
499 2186 613 2257 Χρὴ
664 2187 940 2253 γινώσκειν
986 2184 1066 2236 ὃτι
1104 2186 1238 2237 κατὰ
1276 2187 1456 2255 καιρὸν
1496 2191 1591 2246 τῆς
1637 2204 1880 2257 παραμο-

278 2277 369 2331 νῆς
395 2278 488 2333 τῆς
528 2268 814 2344 βαῐοφόρου
845 2272 913 2333 εἰς
951 2275 1009 2325 τὸ
1051 2275 1249 2347 Κύριε
1308 2272 1637 2348 ἐκέκραξα,
1690 2273 1883 2325 ἀλλάσ-

290 2378 473 2411 σονται
514 2362 563 2412 οἱ
592 2365 749 2435 χοροί
782 2380 794 2393 ο
824 2366 913 2414 καὶ
944 2364 993 2413 οἱ
1032 2365 1120 2434 μὲν
1162 2359 1325 2425 δεξιοὶ
1358 2362 1682 2437 ἀπέρχονται
1720 2362 1790 2423 εἰς
1820 2365 1883 2414 τὰ

289 2447 562 2521 ἀριστερὰ,
584 2452 632 2501 οἱ
665 2447 723 2502 δε
752 2448 1019 2523 ἆριστεροὶ
1044 2451 1113 2512 εἰς
1146 2454 1210 2503 τὰ
1241 2448 1414 2514 δεξιά.

353 2537 441 2592 λε’.
476 2545 561 2591 Δεῖ
594 2544 868 2610 γινώσκειν
898 2541 975 2592 ὃτι
1027 2542 1183 2598 ἡνίκα
1230 2540 1411 2593 κλάσει
1457 2538 1672 2613 ἀδελφὸς
1704 2546 1884 2603 σκεῦος

284 2629 387 2680 εἶτε
440 2626 747 2697 ὀστράκινον
790 2631 891 2681 εἴτε
956 2625 1222 2703 σιδήρεον,
1284 2638 1355 2700 τῷ
1404 2638 1570 2704 καιρῷ
1626 2637 1717 2682 τοῦ
1765 2628 1884 2704 ἀρί-

288 2735 416 2769 στου
485 2719 759 2769 ἑθσιόντων
830 2726 929 2770 τῶν
994 2714 1226 2791 ἀδελφῶν
1280 2723 1608 2793 παρίσταται
1666 2718 1886 2776 πλησίον

282 2813 376 2868 τῆς
440 2806 722 2877 τραπέζης,
786 2808 1074 2879 ἡγουμένου
1130 2812 1225 2866 τήν
1278 2807 1501 2880 κεφαλήν
1568 2815 1640 2878 τῷ
1706 2807 1887 2861 ἑαυτοῦ

288 2894 753 2966 περικαλύπτοντος
807 2896 1143 2968 κουκουλλίῳ,
1190 2900 1278 2948 καὶ
1325 2900 1381 2949 τὸ
1420 2896 1506 2949 ὑπ’
1561 2896 1721 2949 αὐτοῦ
1771 2915 1891 2948 συν-

286 2982 459 3056 τριϐεν
510 2987 639 3055 μετὰ
666 2992 869 3057 χεῖρας,
906 2989 1069 3061 φέρων
1118 2985 1189 3047 εἰς
1244 2982 1496 3049 ἐπίδειξιν
1552 2994 1643 3039 τοῦ
1697 2987 1887 3039 οἰκείου

292 3073 615 3145 σφάλματος.

358 3161 463 3225 λςλ.
536 3167 650 3234 Χρὴ
710 3166 984 3234 γινώσκειν
1052 3165 1130 3216 ὅτι
1195 3166 1325 3236 μετὰ
1372 3166 1430 3216 τὸ
1498 3164 1889 3235 στιχολογῆσαι

288 3250 430 3323 ἡμᾶς
454 3255 511 3302 τὸ
538 3251 846 3326 ψαλτήριον,
880 3252 947 3313 εἰς
985 3257 1078 3311 τήν
1125 3252 1174 3323 γ’
1217 3249 1374 3315 δόξαν
1403 3260 1497 3305 τοῦ
1538 3254 1885 3325 καθίσματος,

289 3343 466 3412 κρούει
509 3343 576 3391 τὰ
624 3339 675 3411 γ’
707 3343 732 3392 ὁ
782 3343 867 3393 ἐπὶ
896 3348 987 3393 τοῦ
1017 3346 1248 3408 κανόνος,
1293 3341 1354 3393 ἶν’
1387 3340 1815 3414 ἐπισυναχθῶσιν
1843 3344 1890 3394 οἱ

287 3432 345 3483 τὸ
404 3428 693 3501 ψαλτήριον
751 3433 826 3482 ἔτι
900 3432 1257 3502 μανθάνοντες,
1326 3438 1417 3482 τοῦ
1477 3429 1673 3501 ψάλλαι
1751 3432 1891 3501 ἡμᾶς

292 3519 424 3590 ὁμοῦ
472 3521 559 3569 τὸν
604 3517 795 3570 κανόνα
829 3535 841 3547 ·
900 3518 999 3571 ἀπὸ
1048 3521 1147 3593 γὰρ
1178 3527 1267 3571 τοῦ
1326 3518 1624 3591 ἑξαψάλμου
1656 3518 1891 3590 ἐξέρχον-

290 3627 399 3673 ται,
457 3613 547 3659 καὶ
599 3606 877 3677 μελετῶσιν
908 3609 999 3670 ἕως
1029 3613 1140 3661 τότε
1174 3626 1184 3638 '
1219 3612 1341 3681 τρία
1370 3605 1429 3661 δὲ
1485 3612 1659 3679 κρούει
1713 3608 1887 3675 πάλιν,

290 3699 378 3748 καὶ
425 3695 495 3757 εἰς
533 3700 652 3757 τοὺς
701 3699 895 3762 αἶνους,
947 3698 1029 3749 ὅτε
1078 3697 1247 3769 μέλλει
1294 3702 1601 3767 κατήχησις
1644 3696 1891 3767 ἁνγαινώ-

296 3785 516 3837 σκεσθαι
541 3791 633 3836 τοῦ
667 3785 891 3856 μεγάλου
922 3790 1120 3859 Πατρός
1149 3791 1236 3837 καὶ
1262 3787 1567 3857 καθηγητοῦ
1591 3782 1887 3858 Θεοδώρου.

364 3872 464 3934 λζ’.
505 3878 618 3949 Χρὴ
671 3879 945 3945 γινώσκειν
994 3876 1074 3927 ὅτι
1126 3877 1174 3926 ἑν
1212 3882 1274 3947 τῇ
1316 3884 1589 3948 παραμονῇ
1646 3884 1747 3927 τῶν
1788 3881 1893 3947 φώ-

294 3980 418 4026 των,
466 3966 597 4034 μετὰ
634 3966 692 4015 τό
732 3961 997 4016 ἀπολῦσαι
1054 3968 1148 4021 τὴν
1182 3965 1315 4015 θείαν
1362 3964 1711 4038 λειτουργίαν⁹
1759 3963 1892 4035 λαμ-

296 4050 513 4122 ϐάνομεν
548 4056 642 4110 τὴν
672 4052 911 4123 εὐλογίαν
946 4074 957 4085 ·
1012 4049 1122 4104 εἶτα
1153 4049 1510 4125 διακλυὸμεθα
1556 4056 1645 4124 μὲν
1698 4054 1746 4104 οἱ
1785 4072 1889 4104 κοι·

296 4144 636 4206 νωνήσαντες,
691 4145 784 4199 τὴν
824 4138 883 4193 δὲ
935 4140 1167 4212 εὐλογίαν
1207 4141 1300 4192 οὐκ
1330 4140 1566 4213 ἐσθίομεν
1756 4157 1768 4170 '
1803 4160 1893 4192 συ-

302 4228 506 4290 στείλας
547 4226 605 4282 δε
650 4230 675 4281 ὀ
731 4232 892 4303 ἱερεύς
943 4235 1009 4282 τὰ
1051 4233 1232 4295 σκεύη,
1285 4232 1498 4303 ἔρχεται
1552 4230 1622 4290 εἰς
1652 4232 1717 4281 τὰ
1768 4229 1894 4301 ἅγια

303 4319 478 4392 θυρίσι,
519 4324 609 4371 καὶ
634 4323 860 4383 ποιήσας
890 4324 1075 4391 εὐχὴν,
1111 4320 1385 4391 ἐξέρχεται
1424 4321 1555 4389 μετὰ
1596 4326 1695 4370 τῶν
1740 4317 1893 4370 ἁδελ-

301 4415 405 4478 φῶν
440 4407 513 4469 εἰς
561 4411 646 4460 τὸν
692 4408 941 4482 λουτῆρα,
982 4408 1189 4479 ψάλλων
1218 4412 1275 4459 τὸ
1310 4409 1403 4458 Ἐν
1443 4404 1738 4482 Ἰορδάνῃ
1782 4405 1891 4480 βα-

301 4499 698 4569 πτιζομένου
741 4517 878 4561 σου,
916 4502 1105 4569 Κυρίε
1135 4516 1147 4529 ’
1178 4500 1266 4547 καὶ
1295 4498 1480 4548 τούτου
1511 4495 1784 4567 λεγομένου
1816 4501 1893 4566 γί-

300 4604 438 4637 νεται
476 4590 605 4658 πρὸς
637 4594 725 4638 τοῦ
768 4583 1013 4639 διακόνου
1057 4586 1188 4657 εὐχή
1225 4590 1459 4643 συναπτή
1495 4602 1506 4613 ·
1552 4582 1613 4645 ἧς
1650 4584 1895 4637 τελεσθείη-

304 4692 418 4740 σης,
447 4676 673 4747 ἄρχεται
696 4678 721 4727 ὁ
745 4675 903 4750 ἱερεὺς
927 4684 1021 4736 τῆς
1047 4676 1213 4745 εύχῆς
1245 4681 1336 4726 τοῦ
1367 4673 1662 4745 ἁγιασμοῦ·
1679 4676 1809 4745 μετὰ
1839 4670 1896 4725 δε

299 4765 357 4815 τὸ
387 4764 708 4835 οἰγιασθῆναι
736 4767 803 4817 τὰ
830 4761 1023 4829 ὕδατα,
1056 4768 1141 4815 καὶ
1170 4767 1288 4824 τοὺς
1320 4760 1566 4834 ἀδελφοὺς
1611 4763 1899 4837 ῥαντισθή-

300 4872 406 4917 ναι,
428 4853 679 4924 ψάλλεται
705 4856 981 4928 τροπάριον
1000 4873 1011 4885 ·
1044 4854 1068 4903 ὁ
1098 4849 1228 4923 ἦχος
1245 4852 1331 4907 πλ.
1361 4848 1430 4919 δ’,
1449 4856 1617 4910 Φωνὴ
1651 4851 1898 4924 ’Κυρίου

304 4941 567 4994 ἐπὶτῶν
607 4940 858 4995 ὑδάτων
901 4940 1017 5015 βοᾷ
1054 4940 1339 5012 λέγουσα
1382 4962 1393 4973 ·
1431 4940 1761 5012 στιχ.α¹,Ἠ
1798 4943 1900 4993 θά-

301 5031 525 5083 λασσα
561 5028 705 5084 ἴδεν
758 5037 863 5083 καὶ
902 5034 1124 5103 ἔφυγεν
1160 5050 1171 5061 ·
1210 5026 1455 5102 στιχ·β’,
1484 5035 1555 5082 Τί
1590 5049 1691 5082 σοι
1724 5028 1901 5082 ἐστιν

1990 1835 2183 1897 limus,
2211 1834 2488 1890 absoluta
2514 1851 2634 1890 una
2653 1835 2819 1903 horo,
2846 1838 3105 1904 pergunt
3128 1831 3335 1888 fratres
3356 1832 3433 1887 ad
3457 1830 3643 1886 ofﬁci-

1989 1940 2101 1979 nas
2145 1940 2307 1988 suas,
2342 1939 2535 1994 usque
2567 1924 2642 1979 ad
2675 1927 2900 1978 sextam
2948 1921 3310 1985 laborantes,
3345 1921 3465 1976 sive
3498 1920 3644 1975 reci-

1989 2013 2174 2069 tanda
2204 2013 2275 2067 sit
2297 2027 2457 2067 nona
2479 2012 2601 2068 sive
2620 2028 2813 2067 secus.
2848 2013 2912 2066 Et
2938 2015 3071 2083 post
3088 2014 3318 2067 sextam
3344 2009 3515 2081 quies
3532 2013 3639 2076 est,

1991 2106 2054 2157 ut
2079 2101 2361 2169 diximus,
2396 2116 2588 2173 usque
2617 2101 2695 2156 ad
2718 2104 3015 2156 octavam.

2061 2191 2149 2247 34.
2173 2193 2236 2245 In
2264 2190 2609 2245 Palmarum
2631 2189 2960 2260 pervigilio,
2994 2188 3069 2244 ad
3097 2187 3284 2244 verba
3308 2188 3405 2242 Ad
3430 2193 3502 2252 te,
3526 2188 3642 2243 Do-

1990 2280 2166 2349 mine,
2195 2278 2469 2344 clamam’,
2503 2282 2919 2350 permutantur
2948 2277 3133 2341 chori,
3170 2277 3211 2332 it
3238 2280 3301 2331 ut
3325 2275 3550 2332 dexteri
3579 2276 3641 2330 in

1978 2359 2295 2425 'sinistram
2320 2373 2555 2439 partem
2574 2370 2899 2431 transeant,
2930 2366 3148 2421 sinistri
3180 2368 3379 2421 autem
3412 2364 3472 2419 in
3500 2364 3642 2419 dex-

1993 2462 2204 2514 teram.

2064 2547 2149 2602 35.
2195 2545 2503 2617 Siquando
2544 2544 2779 2614 frangat
2805 2560 2913 2601 vas
2942 2543 3120 2599 frater
3160 2543 3285 2597 sive
3323 2540 3641 2611 ﬁgulinum

1996 2637 2117 2692 sive
2164 2635 2445 2700 ferreum,
2491 2634 2727 2705 prandii
2775 2638 3045 2704 tempore
3091 2632 3238 2687 dum
3282 2631 3493 2687 fratres
3540 2645 3642 2686 ve-

1995 2728 2260 2791 scuntur,
2294 2727 2407 2779 stat
2453 2722 2545 2778 ille
2584 2738 2769 2793 prope
2814 2737 3110 2787 mensam,
3157 2720 3375 2776 abbate
3404 2718 3641 2775 interim

1995 2813 2236 2885 caputio
2253 2818 2433 2884 caput
2449 2827 2625 2867 suum
2640 2810 3013 2877 obnubente;
3036 2816 3092 2864 et
3112 2825 3219 2864 vas
3241 2825 3277 2864 a
3299 2824 3360 2863 se
3383 2807 3641 2865 fractum

1997 2902 2280 2959 manibus
2306 2900 2560 2974 praefert,
2596 2900 2675 2956 ad
2702 2899 2893 2972 culpae
2922 2915 3040 2955 suae
3070 2898 3498 2954 ostensionem.

2070 3166 2156 3223 36.
2186 3170 2507 3238 Postquam
2522 3163 2870 3235 psalterium
2889 3162 3291 3228 recitavimus,
3312 3161 3391 3217 ad
3411 3161 3647 3217 tertiam

2000 3254 2659 3325 cathismatisgloriam,
2681 3258 2767 3308 ter
2781 3253 3040 3325 pulsatis
3061 3253 3163 3323 qui
3177 3252 3392 3306 canoni
3408 3255 3647 3321 praeest,

2001 3349 2063 3400 ut
2101 3342 2462 3399 conveniant
2497 3342 2535 3396 ii
2579 3340 2685 3412 qui
2724 3341 2923 3397 adhuc
2958 3339 3307 3412 psalterium
3354 3338 3649 3407 ediscunt,

2000 3438 2064 3488 ut
2101 3432 2468 3503 conjunctim
2517 3446 2813 3486 canonem
2862 3434 3193 3485 cantemus.
3253 3431 3521 3500 Namque
3571 3427 3649 3483 ab

2001 3520 2394 3591 hexapsalmo
2420 3520 2700 3590 deinceps
2732 3524 2969 3584 exeunt,
3001 3522 3057 3573 et
3091 3532 3278 3587 usque
3306 3516 3383 3571 ad
3408 3516 3469 3570 id
3500 3521 3645 3571 tem-

2001 3628 2111 3682 pus
2142 3610 2426 3681 praadicto
2453 3608 2649 3663 studio
2675 3623 2922 3677 operam
2945 3607 3110 3661 dant.
3144 3608 3271 3663 Mox
3302 3620 3508 3659 rursus
3533 3606 3650 3659 tres

2002 3699 2391 3771 pulsationes,
2416 3702 2471 3753 et
2503 3697 2575 3752 ad
2608 3696 2819 3752 laudes
2842 3695 3108 3768 pergitur
3129 3693 3375 3765 quando
3394 3692 3653 3761 legenda

2001 3796 2090 3843 est
2113 3787 2437 3844 catechesis
2466 3786 2673 3856 magni
2708 3785 2886 3840 Patris
2912 3788 2970 3839 et
2999 3783 3232 3839 abbatis
3265 3773 3578 3837 Theodori.

2073 3881 2160 3932 37.
2192 3878 2257 3930 In
2296 3874 2595 3930 luminum
2630 3873 2959 3945 pervigilio,
2992 3875 3128 3944 post
3160 3870 3460 3940 expletam
3500 3869 3654 3925 divi-

2003 3982 2145 4022 nam
2172 3963 2488 4032 liturgiam.
2523 3961 3002 4018 benedictionem
3028 3959 3355 4030 accipimus
3386 3974 3398 4012 :
3432 3957 3649 4012 deinde

2003 4070 2069 4110 os
2099 4052 2344 4125 quidem
2375 4051 2691 4107 colluimus
2717 4050 2819 4121 qui
2851 4047 3452 4110 communicavimus,
3491 4045 3651 4101 eulo-

2003 4143 2162 4213 giam
2198 4146 2394 4196 tamen
2428 4156 2545 4196 non
2574 4139 2971 4194 comedimus.
3000 4139 3146 4192 Tum
3178 4134 3458 4191 sacerdos
3489 4150 3653 4190 com-

2002 4231 2211 4304 positis
2249 4230 2428 4298 vasis,
2480 4229 2557 4284 ad
2586 4232 2821 4283 sanctas
2849 4226 3093 4296 januas,
3141 4224 3418 4294 dictaque
3452 4238 3648 4294 prece,

2003 4319 2300 4390 egreditur
2331 4334 2465 4373 curn
2513 4316 2791 4371 fratribus
2817 4315 2894 4370 ad
2937 4312 3350 4385 baptisterium
3396 4316 3649 4367 cantans

2004 4408 2149 4464 illud
2179 4424 2190 4462 :
2227 4409 2373 4463 Cum
2400 4407 2461 4461 in
2489 4406 2754 4461 Jordane
2778 4403 3187 4475 baptizareris,
3220 4402 3499 4465 Domine;
3528 4417 3652 4473 quo

2005 4498 2182 4567 dicto,
2216 4497 2691 4567 pronuntiatura
2717 4493 2976 4548 diacono
3006 4492 3195 4547 oratio
3217 4490 3495 4546 collecta:
3529 4505 3653 4561 qua

2003 4586 2192 4651 ﬁnita,
2219 4584 2423 4655 incipit
2440 4583 2716 4639 sacerdos
2731 4596 2968 4653 precem
2987 4578 3491 4636 sanctiﬁcationis.
3519 4581 3652 4634 Post

2006 4689 2197 4744 aquas
2247 4672 2666 4741 sanctiﬁcatas,
2700 4675 2758 4725 et
2787 4675 2921 4741 post
2960 4684 3236 4741 aspersos
3270 4668 3495 4722 eisdem
3527 4667 3657 4723 fra-

2007 4768 2146 4826 tres,
2170 4761 2401 4816 canitur
2432 4759 2760 4831 troparium
2791 4764 2931 4814 tono
2958 4758 3204 4829 obliquo
3226 4759 3442 4827 quarto
3476 4771 3490 4810 :
3531 4756 3655 4812 Vox

2009 4850 2114 4907 Dei
2149 4864 2327 4920 super
2367 4864 2554 4919 aquas
2594 4849 2814 4904 clamat
2845 4847 3065 4903 dicens.
3107 4845 3337 4901 Stichus
3377 4844 3606 4916 primus
3638 4859 3654 4902 :

2009 4940 2178 4996 Mare
2200 4938 2364 5003 vidit,
2380 4942 2431 4993 et
2451 4937 2633 5006 fugit.
2653 4936 2882 4993 Stichus
2897 4939 3227 4991 secundus:
3248 4933 3400 5001 Quid
3419 4937 3501 4989 est
3526 4932 3650 4999 tibi,

2011 5044 2194 5089 mare,
2228 5027 2385 5098 quod
2408 5024 2672 5096 fugisti?
2704 5026 2769 5079 Et
2796 5028 2933 5095 post
2955 5027 3040 5079 ter
3066 5026 3373 5079 cantatum
3399 5021 3511 5077 hoc
3543 5024 3659 5077 tro-

1870 5119 2093 5175 NOT/E.

302 5207 733 5263 Celeberrimus
766 5210 901 5263 item
930 5213 1015 5262 est
1043 5208 1236 5261 crucis
1258 5207 1446 5261 cultus
1468 5207 1526 5261 iu
1551 5210 1892 5261 Graecorum

304 5280 789 5361 et_0rienta|ium,
816 5281 1235 5351 praecipueque
1266 5282 1687 5346 Armenorum,
1713 5278 1894 5331 eccle-

306 5367 434 5408 8118.

377 5420 495 5493 (48)
526 5419 1098 5501 Μελετᾷν,]ηείζίιᾳνί,
1131 5435 1240 5501 pro
1288 5418 1540 5501 simplici
1574 5419 1748 5501 etiam
1781 5419 1895 5501 leo:

310 5490 604 5551 tione'vel
658 5490 853 5547 studio
903 5492 1128 5546 dictum
1187 5491 1264 5546 ab
1304 5490 1584 5559 antiquis,
1617 5490 1895 5545 observat

307 5563 620 5623 Martenius
650 5563 711 5618 in
747 5564 981 5619 Comm.
1022 5563 1141 5630 cit.,
1164 5576 1222 5632 p.
1252 5561 1376 5627 249,
1405 5562 1533 5632 251.

382 5635 495 5708 (50)
526 5633 753 5692 Scilicet
777 5637 1021 5707 propter
1039 5629 1355 5703 jejunium.
1372 5629 1751 5705 Alioquimos
1778 5635 1902 5691 erat

2005 5209 2140 5277 post
2178 5199 2991 5277 communionem__gustandi
3030 5198 3258 5277 aliquid
3288 5214 3360 5277 εξ
3395 5198 3650 5277 oblatis;

2007 5271 2270 5346 itemque
2319 5291 2385 5329 os
2424 5272 2726 5338 abluendi,
2775 5276 3014 5346 auctore
3063 5271 3243 5346 etiam
3291 5271 3431 5326 divo
3474 5271 3654 5346 Cbry-

2007 5342 2295 5403 sostomo.
2329 5347 2577 5413 Legatur
2607 5345 2848 5412 isagoge
2879 5342 3151 5411 liturgica
3180 5343 3240 5396 in
3263 5357 3405 5413 opp.
3435 5360 3482 5396 s.
3524 5342 3656 5397 Gre-

2007 5418 2164 5487 gorii
2206 5419 2307 5471 PP.
2350 5416 2449 5487 ed.
2498 5417 2636 5470 Ven.
2679 5419 2716 5468 t.
2749 5414 3019 5487 IX,__cap.
3052 5430 3110 5478 ιι,
3153 5413 3242 5487 18,
3285 5429 3345 5487 p.
3380 5414 3504 5467 161.
3548 5415 3655 5487 Eu-

2007 5483 2303 5558 logiarum
2333 5486 2528 5540 varios
2561 5501 2703 5539 usus
2729 5484 2908 5541 tradit
2938 5484 3251 5541 Martenius
3282 5483 3509 5541 Comm.
3543 5483 3646 5539 cit.

2010 5561 2087 5618 ad
2118 5563 2255 5629 Reg.
2294 5560 2349 5615 S.
2383 5560 2516 5612 Ben.
2550 5571 2682 5628 cap.
2720 5558 2804 5612 54.
