4058 6274
3486 287 3621 343 {722

269 280 399 337 1721
1518 285 1579 341 S.
1622 284 1988 343 THEODORI
2028 285 2356 342 STUDITE

245 616 423 706 ‘DE
509 615 1403 713 CONFESSIONNE
1473 619 1617 710 ET
1716 620 1947 713 PRO
2046 619 2602 714 PECCATIS
2702 616 3618 716 SATISFACTIONE

1773 817 2114 873 CANONES.

261 1130 385 1200 To?
421 1125 606 1178 ὁσίου
647 1129 893 1200 Πατρός
930 1129 1103 1199 ἡμῶν
1141 1132 1249 1180 καὶ
1288 1126 1693 1200 ὁμολογητοῦ
1721 1136 1849 1181 Θεο-

1972 1129 2178 1186 Sancti
2200 1130 2401 1185 Patris
2424 1131 2616 1186 nostri
2635 1136 2689 1186 et
2705 1130 3058 1200 confessoris
3074 1131 3363 1186 Theodori
3381 1130 3621 1200 presby-

336 1192 543 1273 (ζωρου
570 1192 1009 1273 πρεσϐυτέρου
1029 1204 1132 1252 καὶ
1160 1192 1519 1271 ἡγουμένου
1541 1207 1658 1252 τῶν
1684 1207 1863 1273 Στου-

338 1262 485 1345 ᾂίόυ
512 1262 655 1341 περὶ
682 1262 1155 1345 ἐξαγορεύσεως
1184 1262 1291 1324 κάὶ
1317 1262 1433 1324 τῶν
1458 1274 1695 1345 ταύᾼτης
1728 1269 1859 1345 δια·

332 1337 1269 1405 λύσεων’κανόνεςῖκτεθέντες
1329 1344 1470 1418 παρ’
1511 1342 1707 1396 αὐτοῦ
1750 1343 1858 1416 (1).

666 1447 733 1503 α’.
763 1453 916 1522 Περὶ
954 1448 1456 1521 ἓξαγορεύσεως.

335 1551 503 1626 [C0d.
559 1558 676 1609 vat.
728 1554 851 1618 840,
901 1554 940 1611 f.
996 1558 1121 1622 195,
1187 1556 1277 1630 b.]
1329 1557 1697 1630 Ἐξαγόρευσίς
1748 1561 1862 1611 ἑστι

257 1642 426 1712 λόγων
472 1648 562 1695 καὶ
598 1642 924 1715 ἐνθυμήσεων
954 1644 1195 1717 αἰσχρῶν
1235 1643 1489 1708 ἀνήδονος
1529 1648 1856 1718 ὑπόμνησις·

261 1728 509 1793 διάλυσις
564 1728 623 1785 δὲ
661 1735 690 1791 ἡ
748 1736 943 1785 τούτων
998 1730 1283 1807 διάκρισις,
1347 1735 1430 1787 ἐπὶ
1486 1735 1687 1806 ἀγαθὴν
1736 1734 1859 1789 ὁδὸν

252 1816 535 1891 ὀδηγοῦσα
562 1824 677 1882 τοὺς
707 1826 1162 1895 προσερχομένους
1184 1840 1201 1857 ⁸
1231 1827 1390 1893 Λέγε
1427 1828 1544 1897 γὰρ
1588 1829 1662 1877 σὺ
1703 1846 1780 1898 πρ
1796 1834 1860 1876 ὧ-

257 1929 362 1970 τος
410 1912 515 1971 τὰς
576 1911 897 1985 ἁμαρτίας
951 1932 1084 1978 σου,
1148 1915 1248 1965 ἱνα
1302 1911 1695 1986 δικαιωθῇς·
1755 1920 1855 1968 Καὶ

253 1999 439 2051 πάλιν
473 1995 655 2067 Εἷπα,
688 1999 1127 2075 Ἐξαγορεύσω
1165 2007 1275 2061 τὴν
1313 2002 1449 2055 κατ’
1502 2006 1653 2075 ἐμοῦ
1692 2006 1858 2076 ἐγγι-

252 2092 521 2160 νομένην
577 2108 694 2161 μου
735 2089 1055 2162 ἁμαρτίαν
1094 2099 1174 2161 τῷ
1237 2096 1479 2164 Κυρίῳ·
1535 2097 1642 2145 καὶ
1710 2090 1856 2145 ἰδοὺ

254 2175 555 2249 ἀφείλετο
593 2179 806 2241 πάσας
842 2181 948 2239 τὰς
973 2179 1297 2251 ἁμαρτίας
1330 2200 1468 2251 μου.
1503 2184 1725 2234 Δύναται
1754 2185 1854 2256 γὰρ

254 2266 652 2337 ἕξομολόγησις,
707 2272 796 2320 καὶ
846 2276 948 2343 πῦρ
995 2268 1200 2320 αἰώνιον
1242 2268 1534 2322 ἀποσϐέσαι
1567 2287 1580 2299 °
1631 2276 1721 2323 καὶ
1753 2273 1855 2344 γὰρ

250 2354 501 2426 λογισμοὶ
539 2361 904 2430 κρυπτόμενοι,
936 2361 1178 2411 τίκτουσι
1207 2360 1346 2416 πάθη
1385 2377 1396 2388 ·
1439 2359 1855 2434 ἓξαγορευομενοι

255 2439 338 2510 δὲ,
372 2440 608 2505 θεοειδεῖς
633 2444 1015 2519 ἀπεργάζονται
1042 2464 1054 2476 ·
1088 2449 1288 2518 γύμνου
1314 2450 1403 2499 σόν
1425 2448 1654 2519 μώλωπα
1677 2457 1748 2520 τῷ
1778 2458 1853 2521 σῷ

519 2533 643 2598 εἰπὲ,
700 2539 789 2585 καὶ
836 2540 908 2606 μὴ
957 2535 1255 2608 αἰσχυνθῇς
1287 2558 1299 2569 ·
1348 2537 1598 2609 πρόσελθε
1646 2542 1740 2590 σὺν
1786 2546 1847 2612 τῇ

250 2626 430 2674 πίστει
473 2630 544 2693 τῷ
586 2631 662 2693 σῷ
700 2625 989 2695 ἡγουμένῳ,
1036 2624 1278 2697 ἀπονὴρῳ
1328 2624 1598 2690 ἁπλότητι,
1653 2632 1741 2679 καὶ
1786 2629 1854 2689 ὡς

255 2535 419 2607 ἰατρῷ
454 2551 465 2562 ·

250 2711 310 2763 ἐκ
364 2718 496 2763 Θεοῦ
561 2716 818 2782 στόματος
884 2716 948 2765 τὰ
995 2715 1117 2788 παρ’
1181 2714 1342 2766 αὑτοῦ
1402 2715 1853 2787 συμϐουλευόμενά

254 2819 339 2852 σοι
384 2797 570 2870 δέχου,
614 2800 657 2853 εἰ
686 2806 774 2853 καὶ
823 2800 1026 2853 ἐναντία
1050 2811 1121 2874 τῷ
1162 2811 1237 2873 σῷ
1282 2812 1461 2874 σκοπῷ
1493 2808 1557 2857 τά
1606 2804 1851 2878 εἰρημένα

248 2890 611 2960 τυγχάνουσιν
641 2906 653 2919 ⁶
709 2889 753 2941 εἰ
805 2894 993 2962 καὶμὴ
1032 2895 1164 2943 πάνυ
1196 2898 1534 2964 πνευματικοὶ
1585 2895 1633 2945 οἱ
1688 2896 1847 2964 ἡγού-

247 2996 394 3049 μενοι
418 2980 799 3043 καθεστήκασι,
854 2984 924 3051 μὴ
962 2978 1349 3041 σκανδαλίζουσ
1410 2982 1468 3033 οὐ
1521 2984 1622 3056 γὰρ
1663 2980 1851 3045 ἄδικος

249 3068 276 3117 ὁ
323 3071 473 3129 Θεὸς,
500 3072 676 3119 πίστει
706 3073 795 3119 καὶ
829 3067 1024 3140 ἀκακία
1072 3069 1258 3141 ψυχὰς
1288 3073 1475 3131 ἑαυτὰς
1530 3074 1855 3124 ταπεινωσά-

252 3174 366 3220 σας,
394 3162 455 3227 τῇ
489 3163 580 3207 τοῦ
627 3157 915 3227 ἡγουμένου
972 3157 1240 3231 συμϐουλῇ
1299 3164 1387 3211 καὶ
1431 3165 1603 3232 κρίσει
1652 3160 1851 3219 ἀπατη-

252 3246 426 3313 θῆναι,
454 3246 548 3296 κᾶν
568 3244 750 3316 ἄλογοι
780 3248 828 3298 οἱ
854 3245 1199 3310 ἀπατηθέντες
1232 3251 1587 3320 τυγχάνωσιν.

548 3331 619 3406 β’.
654 3339 804 3409 Περὶ
845 3339 1268 3407 μνησικάκων
1310 3336 1549 3397 ἐντολή.

320 3421 379 3474 Ὁ
421 3427 743 3494 μνησίκακος
786 3432 847 3496 τῇ
899 3433 990 3478 τοῦ
1021 3426 1209 3479 Ἰακὼϐ
1255 3426 1577 3498 κλίματι
1634 3427 1850 3501 προσελ-

248 3514 372 3575 θὼν,
438 3520 499 3584 τῇ
565 3520 657 3564 τοῦ
714 3519 1001 3590 κορυφαίου
1060 3520 1253 3590 Πέτρου
1313 3515 1605 3589 ἐκπεσούση
1667 3516 1849 3570 ἁλύσει

244 3597 548 3654 ἐνδέδεται·
593 3609 681 3655 καὶ
717 3607 818 3676 γὰρ
850 3609 1198 3675 μνησικακία,
1242 3607 1406 3676 θυμοῦ
1453 3605 1563 3657 ἐστι
1616 3606 1846 3664 κατάλη-

244 3690 342 3757 ξις,
390 3688 735 3755 δικαιοσύνης
781 3701 956 3765 μῖσος.
1017 3696 1162 3745 Κατά
1215 3697 1305 3765 μὲν
1336 3698 1455 3757 τοὺς
1483 3704 1580 3746 τῶν
1611 3694 1845 3767 μεγάλων

246 3785 488 3854 Πατέρων
544 3786 779 3849 κανόνας,
837 3782 884 3834 ἐν
942 3788 1114 3855 τρισὶν
1170 3785 1307 3835 ἔτεσι
1364 3792 1461 3834 τῶν
1508 3783 1846 3855 ἁγιασμάτων

244 3868 528 3941 ἀπεχέσθω
557 3888 569 3901 ·
598 3874 735 3924 κατὰ
787 3868 845 3925 δὲ
885 3875 1000 3932 τοὺς
1048 3876 1311 3942 μοναχοὺς
1362 3874 1591 3924 ἐνιαυτὸν
1623 3873 1848 3946 ξηροφα-

244 3963 399 4030 γείτω
454 3962 503 4011 ὲν
562 3967 623 4032 τῇ
684 3962 795 4033 ὥρᾳ
868 3969 957 4020 τῆς
1024 3968 1122 4012 τῶν
1183 3957 1415 4033 ἀδελφῶν
1490 3962 1845 4031 καταλύσεως,

248 4056 408 4099 ποιῶν
433 4053 703 4119 μετανοίας
732 4051 849 4102 καθ’
869 4050 1066 4123 ἡμέραν
1097 4048 1171 4119 μ’.

690 4139 759 4210 γ’.
791 4144 941 4213 Περὶ
979 4138 1393 4200 καταλαλιᾶς.

322 4223 485 4298 Οἶμαι
530 4230 586 4280 ἐκ
633 4233 824 4301 μίσους
865 4233 956 4281 καὶ
1006 4226 1355 4299 μνησικακίας
1393 4233 1486 4288 τὴν
1540 4229 1849 4283 καταλαλιάν

246 4318 559 4368 τίκτεσθαι·
613 4322 703 4370 καὶ
748 4320 849 4391 γὰρ
899 4316 1187 4369 καταλαλιά
1234 4317 1373 4368 ἐστιν
1431 4316 1713 4389 ἀποκύημα
1760 4324 1849 4390 μί-

251 4424 394 4468 σους,
462 4402 655 4478 βδέλλα
720 4405 948 4477 ἀγάπης,
1010 4406 1394 4477 ἐξαφανίζουσα
1456 4411 1546 4458 καὶ
1612 4404 1848 4459 ἐκδαπα-

250 4501 393 4546 νῶσα
448 4495 580 4567 αἷμα
607 4494 795 4567 ψυχῆς
827 4514 838 4526 ·
890 4494 1099 4567 λέγομεν
1159 4491 1218 4546 δὲ
1283 4497 1551 4562 ὡσαύτως,
1588 4498 1725 4549 κατά
1758 4499 1848 4569 μὲν

324 4684 342 4719 ί
374 4684 466 4739 Gr.
500 4685 632 4740 Isai.
664 4699 820 4750 xmu,
848 4687 937 4741 26.
1016 4684 1037 4720 ³
1068 4683 1219 4740 Psal.
1254 4700 1415 4751 xxxi,
1450 4689 1503 4740 5.

2045 1203 2158 1257 teri
2170 1206 2224 1257 et
2234 1202 2541 1270 prpoSiti
2554 1202 2982 1259 monachorum
2993 1202 3197 1258 Studii
3207 1216 3460 1259 canones
3473 1217 3510 1258 a
3524 1217 3623 1257 su-

2042 1273 2314 1341 pradicto
2342 1274 2503 1330 editi.

2510 1456 2557 1507 1.
2592 1453 2676 1508 De
2706 1448 3088 1521 confessione.

2043 1558 2351 1614 Confessio
2378 1562 2466 1614 est
2486 1558 2805 1614 verborum
2828 1562 2884 1613 et
2908 1557 3337 1626 cogitationum
3359 1558 3622 1629 turpium

1970 1647 2177 1703 dolens
2230 1647 2520 1719 expositio
2577 1664 2590 1702 :
2642 1646 2960 1702 satisfactio
3004 1652 3203 1701 autem
3250 1651 3337 1701 est
3384 1646 3621 1701 illorum

1970 1743 2351 1808 peccatorum
2382 1736 2693 1800 discussio,
2739 1752 2869 1807 quae
2906 1736 2963 1790 in
2994 1735 3217 1790 bonam
3256 1736 3411 1789 viam
3458 1751 3623 1790 acce-

1968 1826 2177 1882 dentes
2202 1827 2447 1882 reducit.
2472 1828 2582 1882 Dic
2609 1832 2673 1880 tu
2689 1826 2864 1896 prior
2886 1831 3130 1894 peccata
3162 1831 3283 1886 tua,
3314 1831 3378 1879 ut
3401 1825 3621 1895 justiﬁ-

1968 1916 2541 1986 cerisi.Rursusque:
2562 1915 2897 1982 Conﬁtebor
2907 1914 3194 1969 adversus
3209 1929 3297 1969 me
3305 1922 3617 1984 peccatum

1966 2021 2160 2061 meum
2216 2004 2490 2060 Domino.
2534 2005 2611 2059 Et
2660 2019 2788 2061 ecce
2835 2002 3080 2059 abstulit
3124 2005 3323 2059 omnia
3366 2009 3614 2073 peccata

1966 2095 2541 2150 mea'.Postestenim
2558 2092 2852 2148 confessio
2867 2093 3065 2161 ignem
3080 2108 3322 2163 quoque
3336 2097 3621 2147 aeternum

1965 2183 2358 2252 exstinguere.
2382 2184 2448 2236 Et
2469 2181 2700 2235 silentio
2716 2180 2959 2251 quidem
2980 2195 3201 2250 pressae
3224 2180 3619 2250 cogitationes

1965 2271 2173 2341 culpas
2194 2271 2433 2341 pariunt
2460 2288 2472 2325 :
2497 2285 2648 2342 quas
2680 2271 2726 2323 si
2744 2268 3003 2324 confessi
3036 2268 3323 2323 fuerimus
3347 2268 3612 2322 divinam

1962 2359 2467 2431 pulchritudinem
2515 2359 2906 2430 acquirimus.
2974 2357 3219 2413 Denuda
3254 2356 3422 2412 ulcus
3446 2359 3621 2413 tuum

1889 2479 1933 2533 Β
1969 2448 2200 2504 medico
2234 2470 2246 2501 :
2277 2447 2418 2511 fare,
2452 2463 2647 2518 neque
2676 2446 2997 2501 erubescas
3025 2463 3038 2500 :
3081 2445 3299 2501 accede
3329 2462 3467 2501 cum
3500 2445 3619 2500 ﬁde

1966 2538 2045 2593 ad
2075 2537 2290 2591 ducem
2322 2542 2507 2598 tuum.
2542 2543 2597 2591 et
2625 2552 2763 2590 cum
2804 2532 3180 2606 simplicitate
3209 2536 3337 2589 sine
3361 2534 3611 2602 malitia,

1967 2632 2021 2683 et
2048 2633 2334 2697 tanquam
2361 2640 2433 2680 ex
2458 2640 2559 2680 ore
2593 2626 2687 2679 Dei
2716 2623 2964 2679 consilia
2993 2624 3120 2693 ejus
3152 2625 3378 2694 excipe,
3406 2639 3617 2694 quam-

1965 2715 2055 2771 vis
2098 2715 2225 2770 haec
2273 2719 2374 2768 tuo
2401 2714 2698 2768 contraria
2746 2713 3056 2784 proposito
3087 2713 3219 2766 sint.
3262 2714 3325 2766 Et
3372 2710 3420 2764 si
3468 2710 3616 2766 forte

1964 2804 2128 2860 haud
2149 2804 2291 2858 satis
2324 2803 2615 2873 spiritales
2640 2800 2957 2857 videantur
2986 2801 3170 2855 duces
3206 2799 3311 2867 tui,
3345 2816 3419 2855 ne
3450 2816 3615 2855 scan-

1963 2892 2232 2948 dalizeris
2260 2910 2277 2946 :
2312 2907 2432 2946 non
2462 2892 2620 2946 enim
2653 2891 2913 2961 injustus
2952 2897 3039 2945 est
3082 2893 3251 2955 Deus,
3288 2894 3349 2944 ut
3378 2890 3614 2946 animas

1962 2998 2097 3054 quae
2126 2998 2188 3037 se
2209 2998 2349 3036 cum
2370 2980 2487 3035 ﬁde
2508 2986 2563 3035 et
2584 2980 2914 3034 sinceritate
2936 2978 3273 3042 humiliant,
3297 2979 3485 3034 sinata
3506 2978 3617 3033 du-

1965 3071 2046 3126 cis
2091 3070 2342 3125 consilio
2378 3074 2433 3125 et
2468 3068 2693 3140 judicio
2729 3068 2963 3140 decipi;
3017 3073 3323 3140 utcunque
3369 3067 3613 3124 hebetes

1965 3159 2081 3214 sint
2107 3158 2145 3214 ii
2175 3158 2395 3230 quibus
2425 3157 2587 3214 fraus
2620 3156 2961 3212 intenditur.

2060 3342 2111 3392 2.
2160 3337 2459 3393 Adversus
2486 3335 2856 3404 injuriarum
2887 3349 3168 3391 memores
3193 3334 3515 3390 decretum.

2034 3426 2389 3498 Injuriarum
2425 3440 2655 3480 memor
2687 3424 2763 3478 ad
2800 3423 3007 3479 Jacobi
3044 3422 3267 3479 scalam
3300 3422 3616 3488 accedens,

1961 3517 2265 3589 corypbtei
2313 3516 2458 3569 Petri
2511 3514 2759 3570 cadente
2804 3519 3014 3569 catena
3058 3514 3334 3584 illigatur.
3386 3512 3617 3582 Quippe

1959 3608 2313 3679 injuriarum
2337 3604 2645 3666 memoria,
2668 3608 2753 3658 est
2780 3604 2879 3658 ira;
2902 3601 3334 3666 habitaculum,
3364 3607 3421 3657 et
3446 3600 3620 3671 justi-

1964 3696 2054 3752 tiae
2083 3695 2312 3751 odium.
2353 3695 2528 3748 Juxta
2567 3692 2811 3763 quidem
2854 3707 3212 3761 magnorum
3246 3691 3485 3746 Patrum
3518 3706 3621 3746 ca-

1962 3801 2168 3848 nones,
2215 3783 2395 3838 homo
2444 3781 2741 3852 ejusmodi
2790 3781 3042 3836 triennio
3094 3796 3130 3836 a
3177 3780 3396 3835 sanctis
3441 3778 3621 3835 rebus

1960 3877 2252 3930 arceatur.
2296 3875 2509 3926 Verum
2558 3872 2709 3925 inter
2755 3870 3086 3925 monachos
3136 3884 3293 3923 anno
3348 3884 3467 3923 uno
3512 3884 3617 3923 ve-

1962 3968 2161 4018 scatur
2190 3961 2373 4016 aridis
2401 3961 2549 4015 hora
2569 3976 2691 4031 qua
2714 3959 2921 4013 fratres
2944 3957 3244 4028 jejunium
3271 3957 3527 4023 solvunt,
3561 3960 3619 4012 et

1962 4058 2291 4107 metanoeas
2321 4049 2587 4121 quotidie
2619 4048 2794 4103 faciat
2822 4046 3245 4118 quadraginta.

2459 4140 2511 4193 3.
2547 4139 2631 4191 De
2659 4135 3106 4191 obtrectatione.

2032 4228 2298 4284 Arbitror
2322 4243 2395 4282 ex
2424 4225 2561 4281 odio
2592 4230 2648 4280 et
2678 4224 3029 4295 injuriarum
3062 4221 3351 4277 memoria
3380 4222 3617 4278 obtrec-

1962 4317 2247 4372 tationem
2289 4313 2473 4385 gigni.
2538 4313 2763 4368 Etenim
2807 4311 3157 4365 obtrectatio
3184 4316 3269 4367 est
3309 4310 3427 4365 odii
3469 4310 3612 4377 ﬁlia,

1961 4405 2262 4462 charitatis
2296 4404 2510 4459 hirudo
2539 4418 2675 4474 quae
2704 4401 2923 4456 animae
2958 4400 3316 4470 sanguinem
3358 4414 3612 4470 prorsus

1962 4495 2280 4551 consumit.
2335 4491 2609 4549 Similiter
2660 4494 2860 4546 autem
2914 4489 3191 4555 dicimus,
3238 4504 3311 4544 ex
3358 4488 3612 4544 aliorum

1828 4826 2048 4885 NOTAE.

316 4988 394 5059 (t)
419 4990 497 5043 Ne
527 4987 664 5058 quis
693 4986 840 5059 forte
867 4987 1095 5059 dubitet
1121 4986 1195 5059 de
1234 4987 1349 5043 hoc
1375 4988 1559 5042 nostri
1604 4987 1844 5043 Studitae

245 5058 560 5129 opuSCulo,
594 5074 666 5113 eu
698 5058 861 5114 testis
887 5058 1111 5115 accedit
1131 5058 1304 5113 etiam
1333 5059 1521 5113 codex
1554 5060 1841 5114 Arabicus

248 5131 371 5185 Vat.
411 5129 672 5193 CLXXIV,
708 5131 765 5184 in
792 5130 1063 5199 catalogo
1090 5147 1125 5184 a
1177 5146 1271 5185 me
1306 5130 1600 5196 impresso
1627 5146 1684 5199 p.
1714 5132 1838 5195 316,

246 5202 339 5256 his
358 5201 582 5257 verbis:
613 5202 1115 5256 «Constitutiones
1143 5201 1331 5255 sancti
1359 5202 1838 5255 Patris'l‘heodori

247 5272 485 5327 abbatis
512 5273 856 5326 monasterii
889 5272 1090 5331 Studii,
1125 5287 1231 5326 seu
1253 5273 1686 5326 monachorum
1712 5274 1837 5328 Stu-

247 5343 529 5414 ditarum,
580 5343 1108 5414 derpcenitentibus
1148 5343 1248 5414 qui
1277 5343 1373 5414 Ade
1416 5344 1675 5413 peccatis
1717 5344 1838 5397 suis

245 5413 499 5485 occultis
524 5413 898 5479 conﬁtentur,
927 5415 1122 5485 deque
1148 5412 1549 5485 c‘onfessariis,
1584 5414 1836 5485 quieos

245 5484 321 5541 de
348 5485 458 5541 illis
488 5484 872 5553 interrogant.
907 5504 937 5537 »
973 5484 1066 5540 Est
1103 5491 1306 5539 autem
1338 5484 1433 5539 hic
1460 5484 1693 5539 libellus
1716 5484 1836 5538 ins-

247 5559 341 5614 tar
390 5559 473 5613 tot.
527 5555 867 5613 Latinorum
923 5556 1028 5630 qui
1066 5560 1300 5612 exstant
1343 5560 1468 5613 tum
1518 5555 1657 5613 editi
1705 5558 1835 5611 tum

1958 4986 2347 5056 manuscripti
2368 4987 2441 5041 de
2459 4985 2614 5041 vitiis
2646 4988 2702 5039 et
2730 4983 2803 5040 de
2833 4982 3171 5056 virtutibus.

2025 5060 2100 5128 (2)
2130 5054 2207 5111 De
2240 5054 2652 5128 s'cala_.lacobi
2685 5058 2739 5111 S.
2801 5055 3148 5109 Benedictus
3181 5056 3318 5128 Beg.
3377 5068 3509 5128 cap.
3552 5059 3608 5128 7,

1953 5125 2125 5200 plura
2172 5128 2382 5200 verba,
2415 5126 2553 5183 facit
2600 5126 2857 5200 plurima
2910 5130 3119 5200 postea
3181 5125 3493 5200 hilar‘tenius
3552 5126 3612 5181 in

1952 5195 2180 5255 Comm.
2238 5199 2389 5254 Nihil
2450 5195 2646 5253 tamen
2680 5197 2755 5252 ad
2816 5196 2973 5251 hunc
3011 5195 3303 5250 Theodori
3356 5196 3607 5252 locum:

1947 5286 2299 5343 quanquam
2336 5269 2689 5343 Benedictus
2730 5282 2941 5333 reapse
2976 5266 3050 5343 de
3090 5266 3609 5343 humilitateggit,

1946 5337 2076 5397 heic
2103 5337 2303 5397 autem
2334 5342 2497 5397 haud
2530 5341 2654 5394 scio
2685 5354 2761 5393 an
2794 5337 3076 5407 superbia
3103 5339 3403 5393 inuuatur.
3441 5338 3606 5393 Vide-

1945 5418 2039 5539 ἓψ-
2063 5429 2204 5539 ertgo
2238 5412 2434 5485 potius
2463 5410 2846 5484 proverbium
2869 5408 3202 5483 quoddam.
3234 5409 3351 5467 Sed
3378 5409 3482 5467 alii
3512 5410 3609 5480 ju-

1989 5500 2119 5539 1cen
2160 5527 2173 5539 .

1989 5483 2146 5541 icent
2160 5527 2173 5540 .
