4058 6274
499 274 658 356 ’i723

1522 297 1614 352 ne
1652 268 2138 352 CONFESSIONE
2176 292 2266 349 ET
2304 289 2883 350 SATISFACTIONE.

3723 260 3868 350 i724

509 423 756 496 quidem
804 423 1150 496 praescripto
1178 423 1338 479 hunc
1368 438 1486 478 uno
1521 437 1682 478 anno
1712 422 1852 477 ﬂere
1888 438 1899 476 :
1956 436 2159 476 mone:

2279 421 2393 479 τοὺς
2451 418 2672 492 ἑτέρους,
2715 417 2947 471 ἐνιαυτὸν
2987 418 3406 494 προσκλαυσάτω
3441 436 3454 450 ⁶
3487 420 3623 472 κατὰ
3672 416 3730 473 δε
3753 423 3870 481 τοὺς

513 513 696 569 chum
722 518 923 568 autem
955 517 1215 583 quatuor
1247 512 1554 567 mensibus
1587 510 1754 566 arido
1785 510 1919 566 cibo
1952 509 2036 564 uti
2066 508 2165 565 de-

511 601 652 656 bere
687 601 833 656 dum
867 600 1078 672 reliqui
1119 601 1479 672 comedunt;
1515 606 1571 656 et
1601 607 1929 655 metanmas
1971 597 2163 653 facere

511 689 774 761 quotidie
788 696 1047 745 centum.
1072 691 1219 755 Quia
1231 690 1635 746 detrahentem
1648 696 1867 746 secreto
1884 689 2162 760 proximo

510 794 633 844 suo,
667 778 826 834 hunc
848 779 1248 851 persequebar
1275 779 1318 831 ⁸.

1046 870 1097 922 4.
1140 868 1227 924 De
1253 868 1636 938 garrulitate.

580 956 862 1012 Garrulus
891 956 1113 1028 linguai
1148 957 1286 1012 vitio
1323 956 1596 1020 infectus,
1636 971 1737 1012 sex
1771 971 2010 1011 menses
2042 970 2162 1027 poe-

507 1045 752 1100 nitendo
781 1045 1014 1116 expleat
1056 1062 1068 1099 :
1103 1045 1188 1100 sic
1217 1045 1376 1100 enim
1416 1061 1677 1100 canones
1702 1046 1775 1100 de
1815 1043 2160 1116 hujusmodi

507 1133 857 1191 hominibus
897 1134 1244 1190 decernunt.
1287 1134 1518 1206 Quippe
1577 1133 1895 1204 garrulitas
1952 1139 2039 1189 est
2079 1134 2162 1187 in-

511 1223 693 1278 scitiae
735 1223 1046 1288 indicium,
1101 1224 1546 1280 obtrectationis
1597 1224 1808 1295 janua,
1867 1223 2161 1278 mendacii

509 1313 802 1368 ministra.
848 1315 962 1368 Nos
995 1318 1109 1367 tres
1143 1313 1452 1368 mensibus
1485 1314 1644 1368 hunc
1674 1331 1708 1369 a
1739 1313 2164 1368 communione

507 1415 914 1465 removemus,
942 1401 1124 1456 aridis
1155 1401 1402 1456 omnino
1436 1407 1770 1457 vescentem
1796 1401 1946 1456 hora
1977 1406 2160 1468 sexta,

510 1493 564 1545 et
583 1496 912 1544 metanmas
932 1489 1199 1561 quotidie
1225 1495 1466 1545 centum
1487 1490 1934 1563 quinquaginta
1951 1489 2165 1545 facien-

511 1583 656 1634 tem.
687 1579 916 1634 Etenim
949 1578 1124 1634 valde
1162 1578 1460 1635 lubricum
1504 1579 1980 1651 periculosumve
2017 1580 2164 1651 ipsis

511 1682 755 1738 quoque
781 1668 1174 1724 aestimatione
1211 1668 1409 1739 dignis
1447 1669 1797 1725 hominibus
1822 1669 1937 1725 hoc
1964 1670 2166 1725 vitium

513 1759 618 1812 est.

1071 1849 1120 1900 5.
1154 1847 1238 1902 De
1269 1846 1596 1902 mendacio.

583 1933 832 1990 Mendax
860 1935 1034 2006 quasi
1067 1934 1300 2006 lepidus
1342 1934 1527 1990 homo
1567 1934 1956 1992 existimatur.
1987 1935 2166 2009 Atqui

507 2023 896 2078 mendacium
948 2023 1252 2079 charitatis
1293 2024 1612 2080 destructio
1657 2029 1786 2096 est;
1837 2026 2165 2096 perjurium

507 2116 730 2177 autem,
764 2111 863 2166 Dei
884 2113 1142 2184 negatio.
1178 2116 1362 2169 Nemo
1387 2114 1607 2185 itaque,
1642 2114 1691 2168 si
1734 2114 1916 2169 modo
1947 2115 2161 2186 sapiat,

509 2199 638 2255 leve
669 2201 872 2255 credat
909 2215 1044 2256 esse
1075 2206 1390 2273 peccatum
1421 2202 1826 2259 mendacium.
1860 2206 2005 2259 Nam
2039 2205 2165 2274 ipse

511 2289 763 2360 Spiritus
803 2281 1043 2344 sanctus
1070 2291 1198 2362 jam
1229 2290 1378 2346 dixit
1409 2309 1422 2345 :
1468 2292 1682 2348 Perdes
1711 2308 1908 2348 omnes
1938 2294 2042 2364 qui
2081 2294 2167 2348 lo-

511 2384 783 2448 quuntur
809 2378 1182 2434 mendacium
1213 2380 1256 2432 ⁴.
1285 2379 1484 2433 Cuncti
1519 2384 1717 2434 autem
1755 2380 2030 2437 mendaci
2061 2381 2166 2436 ho-

513 2465 659 2520 mini
689 2466 1048 2521 trimestrem
1090 2468 1497 2538 pcenitentiam
1538 2467 1882 2524 decernunt.
1923 2472 2041 2524 Nos
2082 2474 2166 2525 ta-

511 2569 652 2610 men
689 2555 1090 2625 quadraginta
1120 2555 1350 2611 dierum
1383 2556 1619 2611 aridum
1655 2559 1902 2612 omnino
1943 2558 2162 2614 victum

511 2644 662 2699 hora
686 2648 853 2698 sexta
870 2644 1009 2698 huic
1030 2644 1422 2715 imperamus,
1451 2649 1508 2700 et
1532 2646 2166 2718 metanmasquotidia-

514 2745 626 2786 nas
663 2738 905 2786 centum
945 2732 1407 2804 quinquaginta.
1441 2734 1668 2789 Etenim
1717 2735 2053 2791 timendum
2080 2740 2167 2792 est

511 2833 636 2890 prae
661 2819 886 2875 caeteris
911 2819 1028 2876 hoc
1059 2825 1396 2892 peccatum.

1081 2915 1131 2966 6.
1173 2911 1260 2966 De
1297 2911 1584 2968 acedioso.

581 2997 908 3054 Acediosus
933 2999 1104 3070 quasi
1131 3000 1204 3054 de
1227 3016 1338 3055 sua
1359 3003 1546 3056 salute
1568 3000 1899 3073 desperans
1929 3007 2164 3074 reputa-

2273 511 2558 581 μοναχοὺς,
2625 510 2941 583 τετράμηνον
2999 509 3376 584 ξηροφαγείτω,
3447 511 3530 562 ὅτε
3592 511 3641 561 οί
3699 509 3869 561 λοιποὶ

2273 600 2531 661 ἐσθίουσι,
2621 603 2890 670 μετανοίας
2954 606 3116 651 ποιῶν
3182 599 3301 652 καθ’
3367 601 3560 673 ἡμέραν
3640 598 3817 651 ἕκατον
3851 616 3864 628 '

2271 687 2408 739 Ὂτι
2445 690 2546 740 τὸν
2607 686 3093 741 καταλαλοῦντα
3155 687 3361 762 λάθρα
3416 691 3524 741 τοῦ
3584 687 3867 746 πλησίον

2279 775 2487 842 αὐτοῦ,
2529 783 2755 828 τοῦτον
2796 773 3170 839 ἐξεδίωκον.

2711 861 2780 920 δ’.
2812 870 2964 940 Περὶ
3003 866 3420 938 πολυλογίας.

2337 953 2396 1007 '0
2458 954 2751 1026 πολυλογῶν
2803 955 2903 1008 ὑπὸ
2966 956 3203 1028 γλώττης
3257 956 3620 1027 σκοτιζόμενος
3676 953 3864 1026 ἑξαμη-

2267 1049 2428 1095 νιαῖον
2475 1049 2665 1115 χρόνον
2705 1043 2755 1096 ἐν
2811 1048 3057 1116 μετανοίᾳ
3097 1044 3368 1116 πληρούτω
3402 1061 3415 1074 ·
3471 1044 3634 1106 οὕτως
3671 1044 3772 1117 γὰρ
3825 1045 3870 1095 οἱ

3476 1129 3658 1192 ἐπειδὴ
3712 1131 3869 1185 πολυ-

2269 1220 2420 1292 λογία
2476 1221 2614 1274 ἐστὶν
2667 1221 2924 1294 ἀγνωσίας
2979 1226 3278 1297 τεκμήριον,
3327 1221 3640 1282 καταλαλιᾶς
3710 1223 3862 1295 θύρα,

2270 1308 2502 1380 ψεύδους
2531 1312 2794 1387 ὑπουργὸς
2835 1329 2846 1340 ·
2882 1314 3031 1383 ἡμεῖς
3084 1308 3144 1363 δὲ
3194 1317 3441 1384 τρίμηνον
3466 1311 3677 1383 λέγομεν
3728 1309 3871 1362 ἀκοι-

2271 1404 2492 1457 νώνητον
2539 1396 2687 1464 εἶναι,
2752 1399 3143 1473 ξηροφαγοῦντα
3198 1401 3366 1474 ἄκρως
3418 1402 3527 1476 ὥρᾳ
3574 1403 3720 1466 ἔκτὴ,
3789 1418 3874 1472 με·

2272 1492 2480 1549 τανοίας
2535 1497 2782 1541 ποιοῦντα
2832 1489 2949 1541 καθ’
2999 1491 3193 1561 ἡμέραν
3245 1489 3326 1562 ρκ’
3356 1509 3369 1522 ο
3434 1487 3707 1561 ἐπισφαλὲς
3777 1489 3872 1560 γὰρ

2273 1577 2386 1629 λίαν
2423 1583 2512 1630 καὶ
2537 1577 2715 1640 αὐτοῖς
2753 1585 2864 1640 τοῖς
2888 1575 3111 1631 δοκοῦσι
3137 1581 3192 1631 τὸ
3223 1580 3389 1640 πάθος
3415 1580 3578 1634 ῖστίν.
3647 1624 3653 1628 .

2269 1136 2474 1195 κανόνες
2501 1137 2618 1207 περὶ
2671 1140 2770 1184 τῶν
2825 1135 3070 1185 τοιούτων
3109 1134 3374 1206 ὁρίζονται
3407 1155 3419 1166 ·

2781 1842 2840 1902 ε’.
2871 1847 3024 1917 Περὶ
3057 1840 3367 1915 ψεύδους,

2341 1933 2400 1986 Ὀ
2454 1933 2690 2006 ψεύστης
2737 1936 2806 1995 ὡς
2853 1931 3154 2008 εὐτράπελος
3204 1932 3474 2006 λογίζεται
3527 1952 3540 1966 ο
3605 1937 3698 1986 καὶ
3769 1935 3871 2007 γὰρ

2271 2019 2467 2096 ψεῦδός
2510 2021 2649 2075 ἔστιν
2702 2021 2906 2094 ἀγάπης
2956 2020 3241 2095 ἀφανισμός
3273 2041 3285 2055 ·
3329 2021 3568 2094 ἕπιορκία
3620 2019 3700 2088 δε,
3739 2029 3875 2076 Θεοῦ

2272 2115 2491 2187 ἄρνησις
2525 2130 2536 2141 ⁸
2561 2109 2746 2184 μηδεὶς
2784 2108 2871 2163 οὖν
2931 2119 3029 2163 τῶν
3074 2111 3470 2184 εὐφρονούντων,
3501 2112 3692 2185 μικράν
3760 2131 3877 2164 τινα

2271 2207 2357 2261 τὴν
2405 2208 2496 2254 τοῦ
2545 2197 2773 2272 ψεύδους
2823 2200 3081 2272 ἁμαρτίαν
3137 2197 3264 2252 εἶναι
3316 2206 3562 2273 νομίσοι’
3614 2205 3706 2253 καὶ
3770 2203 3874 2275 γὰρ

3381 2289 3664 2351 Ἀπολεῖς
3730 2292 3876 2342 πάν-

2272 2399 2377 2440 τας
2443 2383 2591 2440 τοὺς
2644 2379 3001 2440 λαλοῦντας
3065 2382 3132 2430 τὸ
3170 2374 3764 2451 ψεῦδος.”ορίζονται
3818 2376 3876 2432 δι

2271 2470 2457 2530 πάντες
2485 2470 2564 2520 ὅτι
2591 2472 2832 2542 τρίμηνον
2863 2469 2910 2520 ἐν
2950 2471 3195 2540 μετανοίᾳ
3235 2464 3534 2520 διατελείτω
3557 2485 3569 2497 ⁸
3605 2471 3762 2541 ἡμεῖς
3819 2465 3876 2521 δε

2272 2556 2325 2629 μ’
2355 2559 2555 2631 ἡμερῶν
2604 2556 2922 2629 ξηροφαγίαν
2985 2555 3157 2630 ἀκρως
3211 2558 3319 2630 ὥρᾳ
3375 2559 3518 2631 ἕκτῃ,
3574 2562 3664 2610 καὶ
3719 2577 3875 2630 μετα·

2271 2650 2411 2708 νοίας
2440 2645 2556 2698 καθ’
2610 2647 2804 2718 ἡμέραν
2835 2644 2909 2719 ρν¹
2942 2662 2954 2675 ·
3005 2647 3222 2719 καὶγὰρ
3278 2645 3469 2721 φοϐερὰ
3510 2647 3636 2719 ὑπερ
3697 2648 3874 2709 πάσας

2273 2737 2303 2794 ἡ
2339 2734 2572 2808 ἁμαρτία
2599 2734 2760 2801 αὕτη,

2273 2291 2395 2343 αὐτό
2427 2293 2482 2342 τὸ
2522 2292 2670 2362 ἅγιον
2729 2297 2933 2361 Πνεῦμα
2963 2293 3264 2364 προείρηκεν
3297 2306 3308 2319 ·

2700 2911 2771 2977 ς’.
2807 2915 2960 2987 Περὶ
3000 2907 3434 2970 ἀκηδιαστοῦ.

2340 2999 2397 3054 Ὀ
2443 2996 2869 3063 ἀκηδιαστὴςὼς
2920 2999 3294 3072 ἀπογινώσκων
3350 3008 3443 3064 τῆς
3482 2999 3665 3054 ἑαυτοῦ
3709 3021 3876 3060 σωτη-

515 3092 626 3142 tur.
673 3087 902 3142 Etenim
947 3088 1156 3144 acedia
1194 3093 1282 3145 est
1319 3090 1668 3146 monasticae
1701 3091 1919 3161 regulae
1962 3092 2159 3148 obser-

2279 3086 2384 3151 οἱας
2421 3089 2688 3161 λογίζεται
2719 3106 2732 3121 ’
2784 3094 2873 3142 καὶ
2902 3090 3002 3163 γὰρ
3045 3085 3245 3148 ἀκηδία
3274 3088 3415 3142 ἐστὶν
3474 3088 3758 3152 ἀσκήσεως
3792 3097 3875 3159 μῖ-

512 3175 725 3231 vandaa
775 3175 1002 3242 odium,
1056 3177 1505 3234 mundanarum
1570 3195 1767 3234 rerum
1820 3180 2157 3237 admiratio.

510 3261 833 3318 Acediosus
854 3265 1041 3320 Deum
1063 3271 1327 3332 accusat,
1355 3268 1529 3338 quasi
1555 3268 2081 3324 immisericordem
2107 3275 2163 3326 et

509 3351 827 3408 hominum
853 3369 1089 3409 osorem
1119 3373 1132 3422 ;
1165 3355 1241 3410 ad
1269 3355 1671 3426 psalmodiam
1697 3374 2020 3430 precesque
2047 3363 2161 3413 tor—

512 3445 632 3513 pet.
685 3441 830 3497 Vitio
877 3442 1014 3497 huic
1056 3443 1436 3499 decernimus
1485 3447 1885 3516 quadraginta
1927 3447 2161 3504 dierum

508 3531 918 3601 paenitentiam
951 3549 964 3599 ;
1007 3537 1062 3587 et
1091 3538 1153 3588 ut
1185 3549 1287 3604 per
1323 3538 1437 3588 tres
1477 3535 1894 3590 hebdomadas
1934 3536 2076 3592 vino
2106 3543 2162 3593 et

508 3617 640 3675 oleo
666 3618 982 3674 acediosus
1013 3635 1134 3676 non
1178 3628 1389 3685 utatur,
1422 3623 1689 3694 quotidie
1713 3624 1933 3679 faciens
1974 3631 2162 3682 meta-

507 3721 676 3762 naaas
714 3706 1002 3764 ducentas
1029 3709 1485 3782 quinquaginta.
1519 3714 1788 3784 Namque
1828 3715 1887 3769 in
1919 3714 2160 3784 profun-

509 3795 656 3851 dum
682 3795 896 3852 inferni
919 3803 1110 3868 potest
1133 3798 1428 3854 deducere
1457 3800 1680 3856 acediae
1713 3802 1940 3858 vitium.

1123 3891 1175 3942 7.
1219 3889 1303 3943 De
1328 3889 1553 3959 guloso.

580 3973 831 4030 Gulosus
861 3974 1068 4030 similis
1102 3981 1190 4032 est
1219 3978 1492 4048 sepulcro
1522 3980 2000 4050 putrescentibus
2031 3997 2157 4036 car-

507 4061 685 4118 nibus
719 4063 916 4134 pleno.
958 4065 1256 4122 Gulositas
1295 4073 1385 4122 est
1410 4068 1627 4122 ventris
1658 4068 2014 4141 hypocrisis,
2055 4071 2158 4142 qui

507 4165 644 4228 cum
676 4152 750 4208 sit
793 4158 975 4222 satur,
1028 4155 1413 4210 nihilominus
1463 4173 1525 4211 se
1573 4172 1745 4226 egere
1794 4158 2058 4225 clamat;
2102 4164 2160 4214 et

506 4245 808 4308 gravatus,
839 4243 1059 4298 esurire
1087 4244 1267 4311 cogit.
1303 4245 1591 4301 Gulositas
1608 4254 1694 4300 est
1722 4247 2032 4302 oculorum
2055 4247 2157 4303 de-

509 4328 724 4398 ceptio.
754 4331 1131 4386 Decernimus
1160 4331 1302 4386 huic
1330 4349 1572 4406 quoque
1604 4335 1743 4390 vitio
1772 4337 2010 4406 triginta
2038 4335 2160 4392 die-

505 4429 643 4470 rum
671 4415 899 4473 luctum
928 4436 941 4486 ;
974 4423 1030 4475 et
1058 4420 1234 4476 unius
1258 4422 1656 4479 hebdomadaa
1675 4424 1909 4480 aridum
1941 4426 2160 4480 victum

506 4505 658 4561 hora
688 4520 870 4571 nona,
913 4523 1022 4562 nec
1063 4523 1182 4566 uon
1211 4510 1596 4581 quotidianas
1639 4518 1965 4568 metanceas
2004 4518 2162 4569 octo-

509 4593 693 4663 ginta.
728 4595 955 4668 Quippe
1002 4596 1294 4668 gulositas
1344 4599 1456 4654 sibi
1489 4600 1720 4657 deditos
1752 4607 1973 4658 aeterno
2036 4602 2157 4673 igni

506 4684 877 4741 transmittit.

1132 4778 1184 4831 8.
1213 4777 1296 4833 De
1323 4791 1528 4834 avaro.

577 4862 808 4919 Avarus
828 4861 1150 4920 insanabili
1179 4865 1390 4921 morbo
1414 4869 1666 4933 laborat,
1695 4870 1797 4940 qui
1821 4869 2159 4928 interiorem

507 4950 819 5007 hominem
859 4952 1072 5008 exedit.
1115 4954 1375 5010 Avaritia
1417 4960 1504 5012 est
1544 4957 1842 5013 idolorum
1884 4961 2156 5026 servitus,

506 5039 870 5096 inﬁdelitatis
898 5040 1038 5107 ﬁlia,
1072 5043 1485 5100 inﬁrmitatum
1516 5052 1856 5116 prmtextus,
1892 5048 2160 5106 volunta-

509 5128 597 5184 ria
629 5129 952 5199 apostasia.
1001 5132 1141 5186 Huic
1187 5133 1328 5188 item
1385 5133 1761 5189 decernimus
1817 5137 2162 5207 quadrime-

510 5222 690 5272 strem
731 5219 1161 5290 paenitentiam,
1204 5221 1604 5293 quadraginta
1648 5223 1883 5280 dierum
1924 5226 2159 5282 aridum

509 5307 732 5362 victum
759 5308 907 5364 hora
937 5325 1116 5374 nona,
1145 5315 1201 5365 et
1229 5310 1610 5382 quotidianas
1639 5317 1967 5369 metanceas
1990 5315 2160 5387 quin-

508 5397 796 5468 quaginta
825 5414 840 5465 ;
868 5414 1004 5454 cum
1034 5398 1107 5454 sit
1131 5399 1336 5455 vitium
1369 5399 1633 5457 animam
1665 5417 2048 5462 consumens.

579 5562 600 5598 ⁸
620 5557 838 5628 Psal.c,
867 5563 919 5618 5.
996 5561 1017 5597 ⁸
1046 5559 1198 5618 Psal.
1224 5575 1282 5634 ν,
1317 5565 1368 5617 7.

2273 3200 2362 3242 σος
2413 3187 2503 3232 τοῦ
2565 3186 2862 3251 μοναχικοῦ
2919 3177 3318 3251 ἐπαγγέλματος,
3380 3187 3649 3251 κοσμικῶν
3699 3200 3871 3251 μακα·

2270 3274 2505 3344 ρίστρια,
2557 3275 2689 3322 Θεοῦ
2739 3265 3060 3340 διαϐλὴτωρ.
3120 3270 3190 3330 ὡς
3240 3266 3585 3339 ἀσπλάγχνου
3635 3273 3728 3320 καὶ
3762 3271 3878 3342 ἀφι-

2269 3358 2593 3430 λανθρὼπου,
2627 3355 2806 3408 ἀτονία
2851 3352 3166 3428 ψαλμῳδίας
3219 3355 3267 3407 ἐν
3319 3364 3645 3430 προσευχαῖς
3716 3357 3881 3412 ἀσθε-

2269 3454 2473 3500 νοῦσα·
2529 3446 2768 3519 ὁρίζομεν
2828 3443 2886 3497 δε
2945 3450 3034 3498 καὶ
3086 3448 3280 3503 ταύτην
3338 3445 3392 3519 μ’
3453 3447 3649 3521 ἡμέρας
3715 3467 3875 3519 μετα-

2270 3543 2397 3588 νοεῖν
2431 3553 2442 3565 ·
2492 3532 2796 3606 ἑϐδομάδας
2835 3542 2972 3608 τρεῖς
3017 3537 3155 3586 οῖνου
3204 3539 3275 3607 μὴ
3326 3534 3737 3607 μεταλαμϐάνειν
3785 3540 3880 3588 καὶ

2271 3624 2440 3677 ἐλαίου
2474 3642 2486 3654 °
2547 3629 2816 3696 μετανοίας
2861 3632 3023 3676 ποιεῖν
3077 3623 3194 3676 καθ’
3249 3626 3446 3697 ἡμέραν
3499 3625 3614 3677 σν’·
3667 3627 3750 3678 ὃτι
3808 3625 3882 3687 εἰς

2273 3712 2431 3788 βυθὸν
2460 3709 2593 3785 ᾅδου
2653 3709 2872 3766 δύναται
2903 3714 3148 3784 κατάγειν
3178 3716 3236 3765 τὸ
3267 3714 3433 3776 πάθος
3478 3722 3573 3776 τῆς
3622 3711 3878 3777 ἀκηδίας.

2679 3889 2746 3951 ζ’.
2779 3895 2902 3967 Περὶ
2938 3894 3466 3966 γαστριμάργου.

2337 3980 2397 4034 Ὀ
2425 3985 2820 4054 γαστρίμαργος
2851 3982 2982 4034 ἔιοκε
3009 3982 3152 4053 τάφῳ
3173 3985 3384 4053 γέμοντι
3409 3989 3712 4039 σεσηπυιῶν
3749 4002 3881 4055 σαρ-

2272 4077 2373 4121 κῶν
2403 4089 2416 4101 ο
2471 4073 2900 4142 γαρστριμαργία
2929 4071 3041 4120 ἐστὶ
3086 4068 3286 4130 κοιλίας
3315 4070 3590 4142 ὑπόκρισις
3624 4086 3636 4099 ·
3671 4090 3879 4144 κεκορε-

2273 4163 2430 4232 σμένη
2486 4161 2586 4231 γὰρ
2615 4155 2766 4223 οὖσα,
2800 4154 2994 4218 ἐνδείας
3025 4158 3222 4229 ἀναϐοᾴ
3251 4176 3263 4188 ·
3319 4163 3407 4210 καὶ
3461 4166 3874 4234 πεφορτισμίνη,

2268 4253 2443 4319 πεινᾷν
2473 4246 2755 4318 ἀναγκάζει
2774 4263 2786 4276 ·
2817 4251 3214 4322 γαστριμαργία
3237 4246 3398 4316 ἒστὶν,
3431 4247 3705 4320 ὀφθαλμῶν
3735 4249 3872 4303 ἀπά-

2269 4353 2372 4395 τη’
2428 4338 2666 4408 ὁρίζομεν
2722 4333 2782 4387 δὲ
2833 4339 2921 4388 καὶ
2978 4338 3170 4394 ταύτην
3215 4335 3263 4387 ἐν
3325 4337 3606 4410 τριάκοντα
3651 4339 3876 4411 ἡμέραις

2270 4424 2602 4498 προσκλαίειν
2634 4443 2645 4455 ·
2711 4420 2984 4495 ἑϐδομάδα
3025 4428 3148 4495 μίαν
3197 4423 3509 4496 ξηροφαγεῖν
3565 4425 3674 4498 ὥρᾳ
3737 4425 3875 4478 ἐννά-

2270 4534 2332 4587 τη
2367 4533 2379 4547 ο
2432 4521 2594 4566 ποιεῖν
2642 4518 2918 4585 μετανοίας
2946 4514 3064 4566 καθ’
3111 4515 3306 4587 ἡμέραν
3362 4513 3451 4564 π’·
3513 4515 3596 4567 ὅτι
3625 4523 3698 4585 τῷ
3755 4516 3875 4568 αἰω-

2268 4608 2358 4675 νίῳ
2389 4607 2512 4676 πυρὶ
2544 4606 2877 4678 παραπέμπει
2902 4605 3021 4664 τοὺς
3050 4604 3382 4674 πειθομένους
3409 4601 3562 4674 αὐτῇ.

2716 4779 2786 4840 η’.
2817 4784 2969 4853 Περὶ
3008 4780 3435 4853 φιλαργύρου.

2337 4869 2394 4922 Ὀ
2448 4869 2762 4944 φιλάργυρος
2823 4876 2964 4921 νοσεῖ
3026 4870 3176 4921 νόσον
3243 4867 3471 4935 ἀνίατον,
3545 4866 3872 4924 δαπανῶσαν

3035 4957 3352 5032 φιλαργυρία
3412 4957 3574 5028 ἐστὶν,
3644 4957 3874 5013 εἰδώλων

2268 5051 2642 5122 προσκύνησις,
2697 5045 2944 5106 ἀπιστίας
2994 5048 3246 5120 θυγάτηρ,
3283 5046 3555 5100 ἀσθενειῶν
3609 5054 3879 5121 προφασί-

2271 5158 2446 5214 στρια,
2507 5137 2744 5198 ἐκουσίος
2801 5135 3148 5211 παραϐάτης’
3210 5136 3451 5209 ὁρίζομεν
3496 5133 3555 5190 δε
3611 5142 3702 5190 καὶ
3756 5140 3878 5190 ταύ-

2269 5249 2382 5296 την,
2440 5229 2755 5302 τετράμηνον
2793 5224 2841 5278 έν
2891 5245 3138 5297 μετανοιᾳ
3189 5222 3338 5293 εἶναι,
3389 5228 3587 5298 ἡμέρας
3626 5225 3684 5296 μ’
3722 5227 3878 5301 ξηρο-

2269 5325 2444 5391 φαγεῖν
2494 5319 2602 5390 ὦρᾳ
2634 5315 2694 5380 θ’,
2727 5320 2999 5388 μετανοίας
3052 5323 3214 5368 ποιεῖν
3267 5317 3384 5368 καθ’
3432 5316 3629 5387 ἡμέραν
3659 5323 3699 5366 ν’
3731 5333 3744 5346 ·
3813 5319 3877 5376 ὡς

2267 5415 2361 5459 τοῦ
2382 5408 2580 5469 πάθους
2607 5404 2898 5467 ἐκκαίοντος
2923 5409 3016 5463 τὴν
3042 5403 3254 5477 ψυχήν.

2268 4963 2354 5012 τὸν
2428 4961 2562 5019 ἐντὸς
2632 4958 2899 5031 ἄνθρωπον
2949 4977 2962 4990 ο
