4058 6274
314 280 459 340 1725

744 407 815 463 θ’.
864 409 1017 480 Περὶ
1056 406 1480 465 ἀναισθητου.

379 495 438 549 Ὀ
503 494 819 559 ἀναίσθητος
868 497 1001 548 ἔοικε
1041 494 1167 567 λίθῳ
1220 495 1480 569 ὀξυγὼνῳ,
1522 499 1763 572 κρούοντι
1819 501 1909 549 καὶ

294 588 380 656 μὴ
445 581 786 657 διαλυομένῳ.
866 584 1220 642 Ἀναισθησία
1265 584 1378 637 ἐστὶ
1431 589 1675 658 νέκρωσις
1723 586 1905 657 μελῶν,

306 670 698 746 δαιμονιώντων
740 671 957 745 ἀδελφὴ,
1022 676 1308 746 μεθυόντων
1368 674 1581 747 ὁμόνοια
1610 695 1621 708 ·
1666 676 1907 749 ὁρίζομεν

306 760 369 816 δὲ
422 768 511 814 καὶ
564 765 778 829 ταύτην,
841 760 1117 835 διμηναῖον
1173 764 1507 837 προσκλαίειν
1538 769 1751 838 χρόνον,
1786 766 1908 835 ἡμέ-

302 872 403 926 ρας
458 851 529 904 κε’
560 850 730 904 ἐλαίου
774 857 863 904 καὶ
905 858 1063 924 μόνου
1116 852 1545 925 μεταλαμϐάνειν,
1580 862 1676 905 τῶν
1710 849 1767 905 δὲ
1796 853 1907 905 λοι-

302 950 415 993 πῶν
471 939 788 1012 ἀπέχεσθαι,
854 949 1017 994 ποιεῖν
1075 947 1351 1014 μετανοίας
1407 944 1524 995 καθ’
1574 945 1769 1015 ἡμέραν
1806 942 1855 1013 ρ’
1889 963 1902 976 ο

302 1034 398 1082 καί
427 1031 526 1103 γὰρ
576 1030 602 1081 ὁ
652 1028 964 1091 ἀναίσθητος
1009 1027 1229 1084 δύναται
1260 1029 1432 1105 βαλεῖν
1462 1035 1550 1085 τὸν
1590 1028 1805 1104 ἀδελφὸν
1835 1031 1904 1093 εἰς

306 1116 598 1193 βάραθρον.

772 1206 821 1262 ι’.
865 1212 1020 1280 Περὶ
1058 1205 1438 1271 κενοδόξου.

374 1294 437 1347 Ὁ
487 1292 755 1358 κενόδοξος
811 1298 881 1357 ὡς
936 1298 1257 1370 ὑπερήφανος
1306 1298 1706 1369 καταλογίζεται
1748 1314 1760 1325 ·
1813 1302 1903 1350 καὶ

299 1386 405 1458 γὰρ
438 1387 467 1442 ἡ
500 1381 773 1448 κενοδοξία
820 1388 951 1457 ἐστὶ,
999 1389 1133 1439 κατά
1179 1390 1269 1459 μὲν
1320 1391 1378 1440 τὸ
1410 1384 1548 1449 εἶδος
1578 1390 1772 1459 φύσεως
1828 1387 1902 1439 ἐν-

300 1472 526 1545 αλλαγὴ,
607 1478 697 1525 καὶ
777 1475 915 1532 ἡθῶν
996 1472 1319 1548 διαστροφή,
1379 1481 1468 1529 καὶ
1532 1481 1902 1551 παρατήρησις

299 1562 567 1634 μέμψεων,
621 1566 975 1637 ὑπερηφανιας
1052 1564 1287 1637 τρίϐολος
1338 1564 1575 1640 ἐργασία.
1629 1565 1899 1638 Ὀρίζομεν

298 1647 363 1703 δε
415 1656 503 1704 καὶ
555 1654 748 1710 ταύτην
788 1652 836 1704 έν
874 1652 913 1704 λ’
952 1655 1173 1725 ἡμέραις
1200 1655 1553 1727 προσ-κλαίειν,
1596 1652 1900 1727 ἑϐδομάδας

1569 283 1629 338 S.
1672 280 2035 338 THEODOHI
2079 280 2429 340 STUDITAE.

3504 300 3505 303 ‘
3532 286 3672 344 1726

2609 414 2662 466 9.
2705 412 2789 469 De
2820 412 3077 481 torpido.

2088 515 2379 586 Torpidus
2406 516 2772 573 assimilatur
2810 518 2993 590 lapidi
3025 518 3213 573 acutis
3254 517 3491 585 angulis
3526 533 3669 587 prm-

2004 602 2159 667 rdito,
2185 605 2287 676 qui
2312 606 2583 676 percutit,
2610 622 2801 678 neque
2828 612 3025 662 tamen
3050 607 3178 677 ipse
3194 606 3507 673 frangitur.
3533 606 3667 661 Tor-

2016 692 2174 763 pedo
2232 694 2603 751 mortiﬁcatio
2657 695 3065 751 membrorum
3125 700 3231 758 est,
3297 694 3666 750 furiosorum

2017 784 2400 852 germanitas,
2428 784 2734 839 ebriorum
2761 784 3103 840 concordia.
3124 784 3507 839 Decernimus
3529 783 3669 839 huic

2016 870 2191 926 etiam
2235 871 2375 927 vitio
2404 872 2749 928 bimestrem
2788 872 3016 938 ﬂetum,
3058 878 3114 929 et
3145 888 3248 943 per
3287 872 3416 927 dies
3458 872 3666 941 viginti

2015 959 2195 1014 unius
2226 959 2337 1015 olei
2365 976 2563 1026 usum,
2595 961 3017 1017 abstinentiam
3044 978 3079 1017 a
3114 963 3361 1027 caeteris,
3391 968 3446 1016 et
3474 962 3669 1033 quoti-

2013 1048 2228 1104 dianas
2275 1054 2609 1105 metanceas
2655 1057 2915 1106 centum.
2966 1051 3177 1123 Utique
3233 1050 3505 1121 torpidus
3554 1050 3667 1107 fra-

2013 1142 2161 1192 trem
2194 1155 2368 1194 suum
2399 1139 2459 1194 in
2498 1139 2851 1197 barathrum
2887 1140 3182 1210 conjicere
3213 1143 3421 1205 potest.

2368 1228 2455 1285 10.
2495 1230 2575 1284 De
2603 1228 2804 1285 inanis
2833 1228 3043 1299 gloriae
3072 1229 3306 1297 cupido.

2081 1315 2282 1370 Inanis
2325 1316 2526 1387 gloria:
2562 1316 2821 1388 cupidus
2872 1318 3113 1389 superbi
3155 1317 3337 1372 instar
3387 1316 3662 1372 habetur.

2013 1405 2280 1475 Namque
2315 1406 2509 1461 inanis
2545 1406 2746 1475 glorias
2786 1406 3107 1476 cupiditas,
3152 1406 3347 1475 specie
3394 1404 3661 1477 quidem,

2012 1498 2239 1548 natura;
2270 1500 2361 1549 est
2385 1494 2743 1558 immutatio,
2767 1511 3002 1550 morum
3030 1494 3352 1566 perversio,
3377 1495 3663 1564 vitupera-

2011 1582 2237 1637 tionum
2264 1584 2544 1654 captatio,
2569 1584 2865 1655 superbiae
2884 1584 3179 1639 senticosa
3201 1583 3490 1653 operatio.
3517 1583 3662 1637 Huic

2006 1685 2249 1743 quoque
2282 1671 2660 1727 decernimus
2690 1672 2930 1744 triginta
2960 1672 3193 1727 dierum
3243 1671 3475 1737 ﬂetum,
3508 1671 3662 1726 dua-

299 1736 400 1793 δὺο
451 1739 620 1814 ἄκρως
699 1742 1010 1817 ξηροφαγεῖν
1091 1745 1200 1815 ὦρᾳ
1279 1743 1340 1810 θ’,
1396 1749 1671 1816 μετανοίας
1732 1751 1889 1797 ποιεῖν

2010 1736 2121 1815 bus
2153 1736 2571 1817 hebdomadis
2628 1736 2866 1817 aridum
2919 1776 3166 1833 prorsus
3226 1762 3446 1815 victum
3511 1760 3660 1816 hora

295 1829 418 1881 καθ’
450 1832 645 1903 ἡμέραν
710 1830 815 1905 ρμ¹,
875 1834 944 1894 ὡς
997 1829 1249 1904 δαίμονος
1286 1836 1453 1886 αἴτιον
1500 1838 1557 1887 τὸ
1600 1835 1761 1896 πάθος
1807 1833 1897 1887 καὶ

294 1918 561 1991 πρόξενον.

702 2096 770 2150 ια’
812 2103 960 2171 Περὶ
1002 2096 1221 2153 δειλοῦ
1261 2101 1492 2173 (λείπει).

714 2185 805 2259 ιβ’.
850 2192 1005 2260 Περὶ
1043 2190 1473 2263 ὑπερηφάνου.

364 2272 424 2325 ’0
480 2274 797 2347 ὑπερήφανος
855 2277 1032 2348 ὅμοιός
1078 2277 1189 2330 ἐστι
1244 2286 1316 2349 τῷ
1366 2275 1593 2352 διαϐόλῳ
1644 2290 1716 2353 τῷ
1762 2285 1896 2335 κατὰ

293 2367 424 2415 Θεοῦ
492 2363 879 2435 τραχηλίσαντι
909 2381 921 2393 ⁸
974 2371 1062 2419 καὶ
1114 2370 1215 2441 γὰρ
1255 2370 1581 2443 ὑπερηφανία
1619 2370 1731 2424 ἐστὶ
1762 2379 1895 2425 Θεοῦ

292 2452 538 2524 ἄρνησις,
596 2450 855 2525 δαιμόνων
928 2456 1149 2528 εὕρημα,
1199 2454 1538 2520 ἐξουδένωσις
1591 2458 1890 2533 ἀνθρώπων,

292 2546 656 2615 κατακρίσεως
712 2548 910 2615 μήτηρ,
947 2544 1113 2615 θυμοῦ
1144 2550 1311 2616 πηγὴ,
1358 2548 1682 2620 ὑποκρίσεως
1718 2550 1846 2623 ῥίζα
1877 2570 1889 2583 ο

292 2631 536 2702 ὁρίζομεν
579 2637 668 2683 καὶ
692 2635 887 2690 ταύτην
918 2632 965 2684 ἐν
1004 2634 1058 2697 ἐξ
1094 2640 1229 2705 μησὶ
1266 2637 1598 2710 πρόσκλαίειν
1647 2648 1708 2711 τῇ
1766 2639 1894 2712 ἁγίᾳ

293 2719 549 2791 ἐκκλησίᾳ
590 2737 602 2751 ⁶
655 2719 960 2794 ἑϐδομάδας
1010 2720 1059 2776 δ’
1110 2724 1414 2797 ξηροφαγεῖν
1450 2729 1619 2802 οἰκρως
1672 2732 1782 2803 ὦρᾳ
1820 2733 1893 2783 ἓν·

294 2818 421 2890 νάτη
465 2833 479 2845 ⁸
523 2819 639 2871 καθ’
667 2822 863 2895 ἡμέραν
892 2827 1165 2893 μετανοίας
1188 2822 1285 2895 ρο’.

725 2908 818 2979 ιγ’,
869 2915 1021 2981 Περὶ
1063 2909 1476 2984 βλασφήμου.

364 2995 423 3048 Ὀ
464 2994 767 3069 βλάσφημος
813 3006 875 3070 τῇ
931 3007 1022 3052 τοῦ
1057 3002 1183 3053 Κάῐν
1225 2999 1405 3074 μερίδι
1441 3004 1837 3076 καταλογίζεται
1868 3022 1881 3036 ⁸

2004 1864 2189 1914 nona,
2223 1854 2279 1905 et
2325 1855 2655 1906 metanmas
2681 1850 3071 1922 quotidianas
3109 1854 3349 1906 centum
3389 1848 3658 1921 quadra-

2005 1937 2188 2007 ginta.
2218 1941 2487 2011 Namque
2506 1938 2622 1995 hoc
2651 1939 2859 1996 vitium
2889 1955 3140 1996 causam
3155 1938 3418 1995 daamoni
3442 1953 3659 2010 suppe-

2004 2027 2154 2083 ditat
2176 2032 2234 2083 et
2261 2028 2612 2099 hospitium.

2352 2119 2440 2174 11.
2472 2118 2559 2173 De
2595 2117 2801 2173 timido
2828 2118 3013 2185 (deest
3040 2117 3105 2173 in
3130 2116 3308 2188 cod.).

2565 2208 2653 2263 12.
2695 2207 2783 2262 De
2819 2206 3091 2276 superbo.

2075 2293 2381 2365 Superbus
2424 2294 2631 2350 similis
2679 2294 2921 2351 diabolo
2967 2300 3072 2361 est,
3116 2295 3216 2366 qui
3257 2294 3376 2349 Deo
3426 2293 3653 2349 restitit.

2004 2386 2153 2438 Nam
2178 2383 2457 2454 superbia
2484 2385 2722 2453 negatio
2742 2384 2842 2439 Dei
2864 2389 2972 2449 est,
2996 2385 3344 2439 daemonum
3366 2382 3651 2447 inventio,

2002 2471 2317 2526 hominum
2341 2474 2533 2537 ruina,
2563 2473 2969 2529 damnationis
2997 2478 3206 2541 mater,
3234 2471 3336 2527 iras
3364 2470 3522 2535 fons,
3542 2471 3655 2541 hy-

2005 2561 2305 2631 pocriseos
2336 2561 2521 2615 radix.
2560 2561 2699 2616 Huic
2724 2562 2863 2616 item
2891 2562 3269 2617 decernimus
3300 2564 3651 2615 semestrem

2001 2648 2207 2705 ﬂetum
2228 2651 2286 2704 in
2312 2655 2520 2705 sancta
2539 2650 2809 2715 ecclesia,
2840 2656 3100 2723 quatuor
3121 2648 3521 2705 hebdomadis
3544 2646 3653 2702 ari-

2000 2738 2215 2793 dorum
2256 2738 2524 2794 strictum
2558 2755 2731 2793 usum
2763 2738 2913 2795 hora
2951 2754 3135 2805 nona,
3169 2742 3227 2793 et
3263 2736 3651 2809 quotidianas

2000 2832 2331 2883 metanoaos
2357 2827 2740 2899 septuaginta
2766 2842 2951 2898 supra
2977 2831 3241 2891 centum,

2525 2917 2617 2973 13.
2648 2918 2732 2972 De
2763 2917 3126 2985 blasphemo.

2070 3005 2465 3076 Blasphemus
2498 3005 2559 3061 in
2608 3005 2769 3061 Caini
2820 3005 3088 3076 partibus
3145 3007 3473 3076 reputatur.
3517 3002 3652 3058 Dira

291 3083 498 3155 χαλεπὴ
554 3088 651 3161 γὰρ
734 3088 760 3144 ἡ
841 3087 968 3161 ῥίζα
1013 3096 1106 3150 τῆς
1177 3098 1461 3151 σατανικῆς
1516 3094 1887 3167 ὑπερηφανίας,

2010 3100 2085 3149 εει
2105 3096 2285 3159 enim,
2310 3094 2539 3159 fratres,
2565 3095 2857 3150 Satanicaa
2889 3094 3185 3166 superbius
3209 3094 3408 3149 radix:
3439 3108 3652 3163 quam-

293 3169 509 3245 ἀδελφοί
544 3192 555 3203 ·
592 3171 676 3226 διὸ
701 3174 982 3246 ἀναγκαῖον
1032 3177 1193 3236 αὐτὴν
1228 3178 1300 3239 εἰς
1330 3183 1485 3250 μέσον
1518 3180 1753 3252 ἀχθῆναι
1780 3198 1794 3214 ’
1830 3190 1888 3237 οὑ

290 3263 391 3335 γὰρ
431 3271 531 3315 τῶν
572 3268 861 3334 τυχόντων,
916 3264 1043 3317 ἀλλά
1094 3286 1153 3337 γε
1199 3267 1368 3337 πολλῷ
1421 3269 1611 3340 μᾶλλον
1650 3272 1889 3342 χαλεπώ-

288 3370 433 3423 τερος
488 3352 513 3403 ὁ
564 3350 757 3427 ἐχθρὸς
816 3355 1020 3406 πάντων
1099 3357 1418 3409 καθίσταται
1461 3374 1473 3388 ⁸
1533 3361 1774 3433 ὁρίζομεν
1829 3361 1888 3418 δὲ

288 3440 624 3511 προσκλαίειν
676 3446 839 3516 μέχρι
868 3446 1237 3518 κατορθώσεως
1289 3454 1380 3498 τοῦ
1406 3450 1626 3517 πάθους,
1677 3450 1888 3505 ἀκοινώ-

288 3547 440 3586 νητον
504 3527 654 3597 εἶναι,
723 3531 1029 3605 ξηροφαγεῖν
1085 3534 1232 3591 ἡλίου
1311 3532 1558 3608 δυσμαῖς,
1619 3547 1888 3611 μετανοίας

289 3626 453 3671 ποιεῖν
485 3620 604 3671 καθ’
646 3622 842 3696 ἡμέραν
872 3621 936 3686 τ’,
969 3626 1162 3697 μέχρις
1188 3625 1250 3675 ἄν
1279 3623 1481 3699 ἀποστῇ
1516 3628 1607 3691 τῆς
1640 3628 1885 3703 ἀθεμίτου

290 3706 632 3781 βλασφημίας
644 3753 657 3765 .
1828 3726 1833 3733 ·

737 3796 838 3855 ιδ’.
882 3805 1033 3875 Περὶ
1074 3799 1435 3873 θυμώδους.

360 3883 418 3937 Ὁ
471 3883 723 3958 θυμώδης
762 3890 893 3941 ἔοικε
944 3886 1282 3961 δαιμονιῶντι
1323 3908 1336 3921 '
1394 3895 1557 3965 θυμὸς
1594 3898 1694 3970 γὰρ
1746 3897 1887 3951 ἔστιν

289 3973 489 4049 ἑταιρία
532 3972 823 4048 δαιμόνων.
859 3978 1042 4052 Ἀνὴρ
1105 3976 1431 4052 θυμώδης,
1485 3983 1595 4035 οὐκ
1652 3986 1890 4059 εὐσχή-

287 4084 414 4134 μων
444 4066 489 4119 ⁵.
543 4066 570 4117 ὀ
624 4068 788 4137 θυμὸς
837 4069 969 4119 ἴστω
1002 4087 1088 4121 σοι
1118 4072 1252 4121 κατὰ
1281 4074 1439 4142 μόνου
1470 4080 1562 4125 τοῦ
1598 4078 1778 4146 ὄφεως,
1813 4074 1886 4130 δι’

290 4153 345 4203 ὃν
398 4151 682 4216 ἐξέπεσας⁶
740 4156 980 4229 ὁρίζομεν
1026 4154 1085 4209 δὲ
1151 4156 1201 4229 μ’
1259 4162 1454 4234 ἡμέρας
1528 4164 1882 4237 προσκλαίειν,

289 4238 566 4314 ἑϐδομάδα
601 4252 761 4317 τυροῦ
792 4250 882 4297 καὶ
912 4249 1014 4298 ὡοῦ
1050 4251 1139 4299 καὶ
1167 4250 1305 4299 οἴνου
1358 4255 1448 4303 καὶ
1491 4250 1658 4304 ἐλαίου
1692 4254 1886 4327 ἀπέχε-

291 4332 434 4398 σθαι,
480 4338 752 4403 μετανοίας
816 4342 979 4386 ποιεῖν
1024 4336 1140 4389 καθ’
1194 4339 1389 4409 ἡμέραν
1432 4339 1475 4412 ρ’
1518 4360 1530 4372 ’
1591 4348 1709 4396 Καὶ
1760 4348 1880 4419 γὰρ

1996 3185 2203 3239 obrem
2244 3199 2373 3238 eam
2413 3183 2471 3238 in
2514 3189 2789 3254 apertum
2832 3183 3163 3254 producere
3213 3196 3457 3237 necesse
3503 3186 3591 3235 est
3632 3195 3645 3235 :

1995 3272 2490 3343 quandoquidem
2524 3273 2685 3327 haud
2716 3272 2977 3340 vulgaris
3009 3278 3097 3327 est
3127 3270 3334 3341 hostis,
3378 3269 3484 3324 sed
3523 3283 3650 3324 om-

1998 3361 2165 3415 nium
2191 3362 2575 3432 asperrimus.
2610 3361 2987 3416 Decernimus
3014 3361 3323 3416 hominem
3351 3356 3649 3429 ejusmodi

1996 3449 2057 3504 in
2087 3448 2225 3504 ﬂetu
2273 3450 2490 3505 versari
2520 3450 2721 3520 quoad
2761 3449 2856 3505 hic
2889 3449 3134 3505 morbus
3182 3454 3445 3514 sanetur,
3480 3452 3648 3501 extra

1996 3539 2487 3593 communionem
2517 3553 2667 3603 esse,
2700 3539 2880 3593 aridis
2906 3539 3059 3593 vesci
3087 3537 3201 3593 sub
3232 3536 3372 3593 solis
3401 3550 3644 3600 occasu,

1995 3628 2442 3698 etquotidianas
2458 3629 2649 3682 facere
2674 3632 3003 3683 metanmas
3024 3626 3541 3690 trecentas,donec
3567 3622 3645 3680 ab

1995 3716 2185 3787 impia
2210 3716 2589 3788 blasphemia
2619 3716 2875 3772 recedat.

2548 3804 2631 3858 14.
2666 3806 2749 3860 De
2777 3804 3093 3861 iracundo.

2069 3893 2394 3948 Iracundus
2421 3892 2628 3948 similis
2649 3900 2734 3948 est
2764 3893 3132 3949 daemonium
3159 3891 3437 3957 habenti;
3471 3906 3645 3946 nam-

1995 3996 2111 4052 que
2144 3981 2229 4037 ira
2259 3982 2695 4036 daemoniorum
2720 3981 3004 4037 sodalitas
3037 3986 3142 4036 est.
3186 3981 3290 4037 Vir
3313 3980 3644 4036 iracundus

1996 4085 2115 4125 non
2146 4076 2227 4125 est
2265 4072 2510 4126 decorus
2530 4072 2572 4124 ⁵.
2614 4072 2705 4126 Ira
2736 4070 2839 4125 tibi
2874 4070 2946 4125 sit
2979 4072 3266 4125 adversus
3306 4076 3644 4139 serpentem

1998 4158 2415 4213 tantummodo
2462 4158 2632 4228 cujus
2684 4174 2867 4213 causa
2924 4158 3206 4213 cecidisti.
3259 4157 3643 4211 Decernimus

1994 4246 2398 4317 quadraginta
2427 4246 2661 4302 dierum
2692 4246 2919 4310 ﬂetum,
2948 4250 3003 4301 et
3036 4262 3155 4301 una
3188 4245 3575 4302 hebdomada
3610 4261 3646 4301 a

1991 4352 2187 4402 01860,
2221 4336 2371 4401 ovis,
2408 4337 2565 4401 vino,
2593 4336 2845 4407 oleoque
2878 4337 3195 4406 abstinere,
3229 4342 3284 4391 et
3311 4341 3642 4391 metanmas

286 4419 448 4493 ῥοπὴ
500 4429 608 4473 τοῦ
650 4425 852 4494 θυμοῦ
892 4428 1109 4491 αὑτοῦ,
1148 4436 1392 4490 πτῶσις
1432 4430 1597 4500 αὐτῷ
1632 4432 1772 4485 ἐστι
1809 4436 1830 4470 ⁸
1862 4454 1874 4469 ο

2010 4430 2227 4480 :entum
2258 4424 2527 4496 quotidie
2554 4425 2763 4481 facere.
2814 4427 3046 4481 Etenim
3076 4425 3324 4494 impetus
3356 4428 3460 4480 irae
3490 4426 3640 4493 ejus,

288 4513 393 4561 καὶ
424 4508 578 4582 ὀργὴ
621 4509 937 4565 ἀπόλλυσι
975 4518 1082 4567 καὶ
1114 4520 1481 4587 φρονίμους.

787 4600 863 4654 ιε’.
898 4608 1049 4676 Περὶ
1093 4602 1375 4675 ὀργίλου.

465 4686 797 4761 ὀργιζόμενος
854 4691 1031 4763 ὅμοιος
1088 4700 1193 4753 τοῖς
1249 4700 1340 4746 τοῦ
1394 4692 1580 4771 Ἰωσήρ
1634 4696 1877 4773 ἀδελφοῖς

285 4772 600 4831 καθέστηκεν
633 4791 644 4803 ·
681 4774 808 4848 ὀργὴ
854 4777 956 4849 γάρ
988 4776 1103 4829 ἔστι
1128 4782 1414 4849 φρονήσεως
1445 4777 1737 4855 διαρπαγὴ,
1772 4772 1875 4839 καὶ

285 4863 653 4924 καταστάσεως
712 4860 947 4937 ἀδελφῶν
999 4864 1370 4941 ἐκτρεποσῦνη,
1424 4875 1515 4923 καὶ
1574 4872 1871 4945 ἡγριωμένη

285 4954 453 5034 μορφὴ
508 4953 760 5025 κράσεως.
816 4955 1087 5027 Ὀρίζομεν
1163 4953 1221 5009 δε
1276 4961 1363 5009 τὸν
1443 4959 1649 5031 ὀργίλον
1706 4971 1874 5034 μῆνας

286 5030 382 5085 δύο
413 5036 765 5107 προσκλαίειν,
826 5038 875 5109 μ’
923 5041 1116 5112 ἡμέρας
1168 5030 1477 5115 ξηροφαγεῖν
1519 5046 1629 5119 ὥρᾳ
1668 5030 1869 5122 Marp,

285 5127 556 5191 μετανοίας
584 5133 747 5177 ποιεῖν
777 5125 820 5178 σ’
850 5143 865 5159 ⁹
922 5131 1007 5179 τὸν
1058 5132 1159 5203 γὰρ
1201 5130 1536 5203 ὀργιζόμενον
1567 5142 1637 5204 τῷ
1669 5132 1871 5210 ἀδελφῷ

285 5213 443 5262 αὑτοῦ
469 5213 494 5263 ὁ
527 5213 716 5283 Κύριος
770 5217 952 5287 ἔφησεν
992 5219 1173 5288 ἔνοχον
1216 5217 1344 5272 εἶναι
1387 5228 1481 5283 τῆς
1512 5222 1769 5286 κολάσεως
1798 5227 1817 5259 ⁷
1854 5242 1867 5255 ·

285 5298 394 5351 ὅθεν
424 5306 513 5354 καὶ
544 5306 599 5354 τὸ
624 5311 815 5376 πτῶμα
840 5304 1050 5380 φοϐερόν
1077 5307 1236 5359 ἑστιν.

350 5525 373 5560 ⁵
405 5526 568 5583 Prov.
596 5543 689 5593 ιι,
722 5531 808 5583 25.
843 5543 935 5599 gr.
1021 5531 1042 5565 ⁸
1072 5530 1245 5587 Eccli.
1276 5547 1314 5603 ι,
1346 5533 1413 5588 19
1445 5547 1539 5606 gr.

1986 4514 2168 4571 ruina
2197 4514 2382 4585 ipsius
2404 4521 2509 4569 est.
2545 4516 2607 4569 Et
2633 4514 2727 4569 ira
2754 4515 2951 4583 perdit
2978 4517 3155 4571 etiam
3185 4515 3508 4583 prudentes
3524 4516 3566 4566 ο.

2318 4606 2406 4660 15.
2441 4604 2525 4659 De
2551 4619 2615 4659 eo
2646 4604 2751 4675 qui
2778 4604 2969 4672 facile
2997 4604 3305 4659 irascitur.

2056 4691 2166 4757 Qui
2216 4691 2488 4747 irascitur
2537 4692 2743 4748 similis
2783 4697 2870 4748 est
2910 4693 3148 4764 Iosephi
3191 4692 3491 4747 fratribus.
3542 4692 3640 4747 Est

1985 4781 2145 4836 enim
2194 4782 2281 4836 ira
2335 4780 2663 4837 intellectus
2712 4782 2985 4853 direptio,
3036 4781 3339 4853 tranquilli
3382 4780 3636 4836 fratrum

1985 4874 2173 4925 status
2188 4871 2435 4937 eversio,
2462 4877 2516 4925 et
2533 4871 3006 4942 saavaaquaedam
3018 4870 3394 4942 compaginis
3416 4869 3631 4926 forma.

1986 4960 2368 5014 Decernimus
2409 4974 2599 5030 prono
2629 4959 2705 5014 ad
2737 4960 2886 5014 iram
2935 4960 3282 5014 bimestrem
3314 4958 3540 5025 ﬂetum,
3578 4963 3635 5014 et

1982 5047 2385 5119 quadraginta
2422 5047 2635 5103 diebus
2675 5047 2845 5104 arido
2884 5048 3019 5103 cibo
3055 5049 3134 5103 uti
3178 5048 3324 5103 hora
3361 5063 3543 5115 nona,
3578 5051 3635 5104 et

1984 5144 2314 5193 metanoaas
2368 5136 2561 5192 facere
2613 5137 2919 5192 ducentas.
2968 5137 3241 5209 Namque
3278 5137 3631 5193 irascentem

1979 5227 2165 5297 fratri
2187 5242 2291 5281 suo
2313 5227 2601 5283 Dominus
2623 5240 2786 5283 reum
2807 5240 2999 5295 paenae
3019 5226 3142 5297 agit
3157 5228 3202 5282 ⁷.
3233 5227 3426 5292 Quare
3447 5227 3625 5299 culpa

1980 5314 2385 5371 formidabilis
2415 5320 2526 5371 est.

1623 5534 1643 5569 ⁷
1680 5534 1878 5592 Matth.
1914 5551 1974 5603 v,
2005 5538 2098 5592 22.
