4058 6274
481 264 626 321 1⁵127
1468 261 1562 318 DE
1601 258 2089 318 CONFESSIONE
2128 255 2218 314 ET
2257 256 2833 317 SATISFACTIONE.
3700 254 3833 313 {728

1053 419 1136 470 i6.
1169 416 1257 471 De
1294 416 1556 471 tristitia.
2161 411 2210 466 Α

2161 411 2210 466 Α
2765 410 2855 479 ις’.
2898 417 3052 489 Περὶ
3089 412 3252 472 λύπη
3273 434 3314 476 ς.
3606 487 3609 490 γ

547 503 799 560 Tristitia
818 504 1126 559 demersus
1155 504 1362 558 similis
1388 509 1477 558 est
1496 503 1728 558 homini
1759 501 1862 575 qui
1892 502 1951 558 in
1978 500 2130 557 mari

2308 497 2367 552 '0
2396 507 2458 572 τῇ
2489 499 2627 574 λύπη
2679 501 3055 575 βεϐυθισμίνος
3097 506 3254 556 ἔοικεν
3305 498 3458 576 ἀνδρὶ
3514 496 3840 561 κλυδωνιζο-

476 596 895 665 tempestatem
929 594 1168 663 patitur.
1200 592 1446 648 Tristitia
1474 598 1560 647 est
1592 592 1809 647 animae
1840 591 2078 647 ariditas

2240 592 2372 659 μένῳ
2416 590 2464 640 ἐν
2493 597 2565 660 τῷ
2600 590 2810 663 πελάγει
2834 610 2848 624 ο
2879 592 3015 651 λύπη
3053 594 3152 667 γὰρ
3193 591 3306 643 ἐστι
3350 590 3539 662 ψυχῆς
3563 589 3789 661 ξηρότης
3821 604 3833 618 ⁸

488 682 615 737 Viri
659 681 815 738 enim
856 682 1044 737 tristis
1074 682 1455 738 exsiccantur
1491 697 1621 737 ossa
1637 682 1679 733 ⁸.
1724 684 1786 736 Et
1828 680 2090 735 tristitia:

2240 673 2506 749 Ἀνδρὸς
2550 682 2667 751 γὰρ
2708 679 2999 752 λυπηροῦ
3038 681 3423 754 ξηραίνεται
3475 677 3636 731 ὄστᾶ
3668 692 3684 708 ·
3712 682 3836 741 Καὶ,

483 772 657 840 longe
688 772 910 841 repelle
939 785 976 827 a
1010 773 1116 826 te“.
1152 771 1533 825 Decernimus
1577 770 1887 825 hominem
1924 768 2085 839 huju:

2239 768 2500 839 Μακρὰν
2548 772 2823 826 ποίησον
2868 768 2987 822 ἀπὸ
3029 778 3148 823 σοῦ
3195 770 3399 827 λύπην
3432 785 3447 799 ⁸
3502 769 3748 842 ὁρίζομεν
3780 762 3840 820 δί

478 860 645 915 modi
661 859 1096 915 incessantibus
1113 859 1391 929 precibus
1413 858 1576 929 apud
1599 859 1780 914 altare
1797 858 1956 927 ﬂere,
1982 873 2080 929 (ιω

2238 858 2324 906 τὸν
2376 862 2605 908 τοιοῦτον
2662 858 2997 932 προσκλαίειν
3076 867 3149 929 τῷ
3206 860 3568 931 θυσιαστηρίῳ
3647 856 3838 927 εὐχαῖς

478 947 619 1005 tidie
668 954 1000 1003 metanceas
1050 953 1287 1004 centum
1330 947 1772 1019 quinquaginta
1819 946 2032 1011 facere,
2076 969 2080 995 t

2238 939 2603 997 ἀδια)ειπτον·
2654 953 2818 999 ποιεῖν
2868 947 2988 1000 καθ’
3045 949 3241 1020 ἡμέραν
3292 950 3565 1017 μετανοίας
3621 943 3724 1009 σνό
3780 947 3837 997 τά

478 1038 856 1110 quingenties
877 1037 1101 1096 dicere:
1122 1037 1389 1103 Domine,
1413 1038 1708 1094 miserere.
1724 1040 1871 1092 Nam
1895 1035 2080 1091 tristiti

2240 1034 2434 1106 Κύριε
2479 1032 2739 1094 ἐλέησον
2770 1034 2815 1108 φ’
2849 1054 2861 1066 ·
2914 1033 3136 1089 δύναται
3164 1039 3265 1109 γὰρ
3296 1035 3432 1094 λύπη
3477 1035 3549 1097 εἰς
3595 1033 3840 1106 βλασφη-

478 1131 668 1199 potest
702 1126 780 1182 ad
808 1125 1244 1199 blasphemiam
1275 1126 1599 1198 impellere.

960 1126 1244 1183 >hemiam
1275 1126 1599 1198 impellere.
2238 1124 2363 1193 μίαν
2388 1120 2562 1196 ῥίψαι.

1034 1220 1115 1271 17.
1150 1217 1234 1271 De
1266 1215 1583 1271 homicida.

2736 1210 2821 1273 ιζ’.
2865 1218 3019 1289 Περὶ
3058 1216 3306 1286 φονέως.

547 1303 859 1361 Homicida
910 1303 1057 1373 legis
1106 1304 1350 1376 quidem
1406 1304 1757 1375 praescripto
1812 1302 2124 1358 moriatur.

2305 1296 2365 1350 Ὀ
2414 1302 2591 1369 φονεύς
2646 1304 2782 1354 κατὰ
2831 1306 2920 1374 μὲν
2949 1306 3036 1355 τὸν
3083 1307 3237 1375 νόμον
3270 1302 3642 1361 ἀποθνησκέτω
3677 1317 3693 1333 ⁶
3725 1300 3754 1353 ὁ
3786 1296 3843 1354 δ”ε

476 1392 590 1449 Sed
622 1397 865 1448 sanctus
902 1394 1148 1449 Basilius
1176 1394 1313 1448 huic
1336 1408 1632 1448 annorum
1659 1392 2002 1464 quindecim
2028 1390 2078 1446 ﬂt

2238 1385 2387 1457 ἅγιος
2427 1389 2691 1451 Βασίλειος
2744 1389 2798 1443 ιε’
2853 1395 2939 1450 ἔτη
3016 1394 3202 1467 ὥρισεν
3262 1395 3420 1445 αύτόν
3476 1389 3838 1464 προσκλαίειν,

477 1492 607 1537 tum
648 1482 969 1548 constituit,
1002 1487 1058 1538 et
1089 1483 1269 1538 aridis
1292 1482 1551 1537 districte
1584 1482 1738 1537 vesci
1765 1481 1913 1536 hora
1944 1496 2079 1535 non:

2240 1475 2546 1549 ξηροφαγείν
2611 1480 2784 1554 ἄκρως
2859 1482 2970 1555 ὥρᾳ
3049 1479 3251 1554 ἐννάτῃ,
3330 1486 3421 1533 καὶ
3490 1480 3842 1537 ἀκοινώνητον

476 1574 534 1625 et
557 1575 722 1626 extra
738 1571 1226 1626 communionem
1260 1586 1521 1627 manere.
1552 1573 1666 1626 Nos
1696 1571 1775 1625 ad
1807 1570 2078 1625 trienniui

2242 1561 2367 1617 εἶναι
2394 1582 2406 1595 ·
2437 1568 2588 1639 ἡμεῖς
2637 1564 2696 1621 δὲ
2726 1578 2899 1642 τριετῆ
2952 1574 3142 1642 χρόνον
3181 1572 3269 1622 τὸν
3306 1574 3496 1622 κανόνα
3522 1576 3709 1622 τοῦτον
3737 1569 3844 1641 ὁρί-

477 1674 770 1715 canonem
800 1660 959 1715 hunc
986 1660 1333 1730 redigimus,
1360 1660 1653 1731 siquidem
1686 1658 2048 1729 paenituerit,
2073 1681 2079 1708 t

2241 1657 2410 1725 ζομεν,
2467 1654 2551 1708 ἐὰν
2593 1666 2838 1731 μετανοῇ,
2883 1664 2973 1712 καὶ
3030 1661 3055 1711 ὁ
3104 1661 3312 1731 μόχθος
3335 1659 3493 1711 αὐτοῦ
3541 1662 3798 1730 φαίνηται
3826 1674 3837 1687 ·

477 1746 718 1804 afﬂictio
748 1749 877 1819 ejus
920 1754 1228 1820 appareat.
1268 1748 1439 1814 Quod
1472 1750 1515 1803 si
1547 1764 1789 1820 pcenam
1834 1748 1986 1802 hanc
2019 1762 2079 1801 ne

2240 1743 2320 1795 ἰὰν
2366 1741 2424 1797 δὲ
2489 1744 2673 1819 ἀμελῇ,
2717 1750 2784 1801 τὰ
2840 1746 2893 1801 ιε’
2941 1746 3203 1801 ἕκτελείτω
3235 1750 3342 1814 ἔτη,
3368 1750 3504 1801 κατὰ
3539 1750 3628 1801 τὸν
3671 1750 3842 1820 μέγαν

476 1836 735 1906 glexerit,
768 1838 1113 1910 quindecim
1142 1839 1316 1894 annis
1338 1838 1481 1905 luat,
1515 1841 1693 1909 prout
1718 1851 1977 1906 magnus
1999 1836 2125 1891 vult
2236 1833 2521 1889 Βασίλειον.

478 1926 751 1981 Basilius.

1034 2017 1120 2071 18.
1153 2018 1237 2072 De
1265 2016 1563 2072 adultero.

2736 2013 2824 2071 ιη’.
2869 2018 3022 2087 Περὶ
3060 2020 3332 2086 μοιχοῦ.

548 2104 792 2160 Adulter
817 2104 1134 2160 homicidae
1168 2105 1375 2160 similis
1409 2110 1516 2161 est.
1548 2107 1693 2160 Nam
1724 2104 1825 2176 qui
1866 2104 2125 2175 proximi

2303 2098 2363 2153 '0
2392 2104 2585 2173 μοιχὸς
2612 2102 2790 2173 ὅμοιος
2834 2110 2905 2173 τῷ
2935 2110 3072 2175 φονεῖ
3106 2122 3118 2136 ·
3173 2104 3198 2154 ὁ
3237 2106 3339 2178 γὰρ
3372 2109 3435 2175 τῇ
3488 2108 3582 2155 τοῦ
3611 2102 3841 2161 πλησίον

478 2193 569 2248 sui
601 2195 770 2249 uxori
800 2194 1131 2259 insidiatur,
1165 2193 1431 2263 gladium
1464 2193 1787 2265 ancipitem
1818 2197 2037 2262 movet,
2070 2210 2080 2247 ε

2241 2195 2442 2262 γυναικὶ
2489 2189 2849 2261 ἐπιϐουλεύων,
2904 2194 3178 2266 μάχαιραν
3229 2188 3479 2264 δίστομον
3540 2197 3694 2257 κινεῖ,
3751 2194 3843 2243 καὶ

477 2281 792 2337 dissidium
814 2283 1065 2338 inducit.
1105 2285 1353 2339 Sanctus
1374 2283 1619 2354 quidem
1644 2281 1893 2338 Basilius
1914 2288 2079 2337 const

2238 2282 2513 2352 χωρισμὸν
2560 2279 2810 2334 ἀποτελεῖ.
2860 2285 2961 2333 Καὶ
2992 2282 3018 2333 ὁ
3072 2284 3161 2351 μὲν
3192 2281 3339 2352 ἅγιος
3390 2280 3656 2341 Βασίλειος
3690 2280 3840 2353 (ὥρι-

478 2372 608 2439 tuit,
631 2372 789 2426 hunc
811 2372 987 2426 annis
1009 2372 1353 2442 quindecim
1381 2372 1548 2427 arido
1574 2372 1834 2426 districte
1864 2371 1999 2426 cibo
2019 2376 2080 2426 ut

2238 2370 2340 2437 σεν)
2369 2370 2454 2426 ἓτη
2508 2366 2559 2419 ιε’
2604 2369 2999 2441 ξηροφαγοῦντα
3050 2369 3221 2444 ἆκρως
3266 2372 3375 2442 ὥρᾳ
3430 2368 3606 2442 ἐννάτη
3641 2387 3652 2399 ⁸
3692 2372 3840 2440 ἡμεῖς

476 2461 626 2515 hora
654 2476 836 2515 nona.
882 2464 995 2515 Nos
1027 2476 1186 2524 vero,
1239 2462 1288 2515 si
1319 2461 1527 2515 vitium
1560 2461 1881 2532 abruptum
1927 2459 2076 2515 fueri

2237 2453 2297 2509 δέ
2345 2464 2437 2509 τοῦ
2492 2458 2691 2518 πάθους
2733 2456 3127 2531 ἒκκοπτομένου,
3180 2456 3325 2518 διετῆ
3381 2462 3572 2531 χρόνον
3600 2457 3832 2509 ἀκοινώ-

476 2548 698 2604 biennii
712 2551 1383 2605 excommunicationem
1401 2549 1801 2616 decernimus,
1817 2566 1942 2603 cum
1959 2549 2078 2605 arid

2235 2565 2386 2604 νητον
2441 2543 2591 2610 εἰναι,
2676 2546 3067 2619 ξηροφαγοῦντα
3144 2548 3333 2620 ἄκρως,
3393 2550 3669 2620 μετανοίας
3717 2546 3837 2599 καθ’

476 2638 725 2693 omnino
750 2639 906 2705 cibo,
939 2644 995 2693 et
1025 2638 1339 2693 metauceis
1366 2638 1730 2709 quotidianis
1756 2638 2049 2694 ducentis.

1154 2638 1339 2693 sumis
1366 2638 1730 2709 quotidianis
1756 2638 2049 2694 ducentis.
2234 2635 2432 2706 ἡμέραν
2457 2631 2756 2697 διακοσίας.

984 2727 1071 2781 19.
1105 2727 1191 2781 De
1215 2726 1605 2795 fornicatore.

2733 2722 2816 2778 ιϐ’.
2860 2728 3013 2799 Περὶ
3051 2728 3313 2799 πόρνου.

546 2815 885 2871 Fornicator
933 2831 1033 2870 sex
1070 2815 1243 2869 annis
1291 2820 1456 2871 extra
1496 2816 1984 2872 communionem
2027 2816 2121 2882 sit,

2303 2810 2362 2864 '0
2436 2816 2618 2886 πόρνος
2665 2811 2719 2875 ἓξ
2790 2816 2876 2872 ἔτη
2945 2812 3309 2880 ἀκοινώνητος,
3377 2812 3685 2885 ξηροφαγῶν
3727 2815 3835 2888 ὥρᾳ

477 2902 613 2958 cibo
644 2902 812 2958 arido
840 2918 1085 2958 vescens
1104 2903 1253 2959 hora
1280 2920 1460 2969 nona,
1488 2920 1623 2959 cum
1645 2906 1956 2960 metanoeis
1986 2921 2079 2960 cer

2235 2898 2436 2973 ἒννάτη,
2470 2906 2745 2972 μετανοίας
2774 2899 2846 2975 ρν’
2878 2922 2892 2935 ·
2940 2901 2983 2954 εἰ
3014 2898 3073 2954 δι
3127 2901 3311 2975 ἀμελῇ,
3345 2910 3416 2972 τῷ
3464 2900 3673 2974 μεγάλῳ
3725 2906 3834 2954 επι-

473 2997 599 3047 tum
629 2993 1086 3064 quinquaginta.
1139 2994 1307 3058 Quod
1339 2994 1389 3048 si
1434 2994 1775 3064 neglexerit,
1818 2994 2071 3065 grandio

1874 2994 2123 3051 randiori
2233 2994 2390 3062 τιμίῳ
2421 2997 2511 3043 τοῦ
2538 2990 2689 3062 ἁγίου
2718 2990 2989 3044 Βασιλείου
3018 2988 3476 3055 καταδικαζὲσθω.

474 3096 667 3153 poenae
700 3082 887 3137 sancti
914 3081 1104 3137 Basilii
1136 3082 1208 3138 sit
1234 3082 1550 3138 obnoxius.
2159 3101 2201 3157 ρ

764 3175 851 3225 20.
881 3172 966 3226 De
994 3173 1393 3227 masculorum
1423 3172 1817 3229 concubitore.

2622 3166 2691 3221 κ’·
2734 3174 2887 3243 Περὶ
2934 3168 3433 3245 ἀρσενοκοίτου.

472 3272 475 3275 ⁷
543 3260 652 3326 Qui
711 3260 1138 3332 turpitudinem
1196 3276 1333 3315 cum
1396 3261 1683 3316 masculis
1732 3262 2073 3318 commiseri

2300 3261 2360 3312 '0
2412 3263 2505 3318 τὴν
2536 3257 2920 3331 ἀσχημοσύνην
2964 3258 3013 3310 ἐν
3069 3265 3175 3320 τοῖς
3216 3256 3423 3333 ἀῤῥεσιν
3471 3254 3829 3331 ἓπιδῖικνύμε·

472 3349 634 3405 hunc
661 3355 903 3403 sanctus
930 3348 1174 3404 Basilius
1200 3350 1543 3421 quindecim
1566 3350 1738 3404 annis
1770 3357 1932 3406 extra
1962 3368 2074 3407 con

2229 3356 2329 3414 νος,
2388 3350 2528 3421 ὁμὲν
2578 3348 2729 3420 ἅγιος
2778 3347 3048 3410 Βασίλειος
3099 3343 3151 3400 ιε’
3204 3350 3292 3405 ἔτη
3333 3349 3519 3422 ὥρισεν
3550 3347 3830 3405 ἀκοινώνη-

473 3439 822 3493 munionem
855 3453 989 3492 esse
1030 3438 1293 3493 decrevit
1329 3439 1699 3508 jejunantem
1741 3455 1811 3495 ac
1853 3439 2075 3497 ﬂenten

2230 3457 2316 3490 τον
2371 3440 2686 3496 νηστεύοντα
2740 3442 2830 3489 καὶ
2898 3436 3283 3509 προσκλαίοντα
3313 3455 3329 3470 ο
3386 3438 3532 3508 ἡμεῖς
3606 3433 3667 3489 δὲ
3744 3434 3830 3487 ἰὰν

471 3530 587 3583 Nos
630 3532 849 3590 tamen,
884 3526 1181 3597 siquidem
1216 3542 1250 3581 a
1286 3532 1529 3596 peccato
1561 3543 1621 3581 se
1654 3530 1967 3584 recessisse
1997 3546 2073 3584 οτι

2232 3526 2434 3598 ἀποστῇ
2486 3526 2577 3578 τοῦ
2626 3533 2790 3577 κακοῦ
2832 3528 2963 3597 μετά
3004 3525 3378 3601 πληροφορίας,
3432 3522 3579 3584 διετῆ
3636 3529 3827 3600 χρόνον

470 3614 727 3671 dibiliter
746 3616 1135 3678 demonstret,
1151 3614 1394 3669 biennio
1413 3620 1640 3670 tantum
1663 3624 1828 3673 extra
1849 3634 2072 3673 commt

2232 3615 2590 3680 ἀκοινώνητον,
2660 3614 3053 3688 ξηροφαγοῦντα
3102 3617 3212 3687 ὦρᾳ
3289 3613 3493 3687 ὶννὰτῂ,
3560 3617 3830 3685 μετανοίας

470 3704 710 3760 nionem
743 3720 879 3758 eum
909 3720 1059 3772 esse,
1091 3703 1260 3757 arido
1301 3704 1436 3758 cibo
1470 3710 1729 3760 utentem
1757 3706 1905 3762 hora
1936 3724 2072 3763 non:

2237 3702 2281 3758 σ’
2312 3721 2324 3734 ·
2364 3703 2409 3756 εί
2438 3700 2498 3756 δὲ
2527 3702 2710 3777 ἀμελῇ,
2766 3706 2831 3757 τὰ
2883 3700 3161 3757 δεκαπέντε
3195 3706 3285 3762 ἔτη
3333 3702 3599 3757 ἕκτελείτω
3627 3705 3687 3755 τὸ
3719 3701 3830 3754 ἔπι-

466 3794 771 3865 jubemus.
798 3792 968 3857 Quod
988 3792 1036 3847 si
1058 3808 1302 3864 ptenam
1321 3793 1477 3848 hanc
1504 3795 1847 3865 neglexerit,
1874 3796 2122 3868 quinde-
2229 3798 2419 3866 τίμιον.

471 3882 587 3937 cim
619 3896 915 3938 annorum
948 3896 1190 3952 poenam
1222 3883 1527 3939 sustineat.

861 3973 949 4025 2t.
978 3972 1065 4027 De
1091 3978 1335 4027 coeunte
1363 3987 1496 4028 cum
1526 3972 1725 4030 bestia.
2226 4044 2229 4047 η

2226 4044 2229 4047 ἤ
2643 3970 2746 4026 κα’.
2794 3975 2942 4044 Περὶ
2982 3969 3409 4029 κτηνοϐάτου.

543 4060 652 4126 Qui
702 4076 841 4115 cum
894 4059 1099 4116 bestiis
1152 4077 1278 4117 rem
1324 4065 1558 4133 turpem
1612 4062 1905 4130 habuerit,
1949 4065 2121 4135 juxta

2296 4057 2356 4112 '0
2394 4061 2444 4112 ἓν
2483 4059 2689 4132 ἀλόγοις
2728 4065 2816 4119 τὴν
2871 4060 3262 4132 ἀσχημοσύνην
3312 4061 3640 4132 ποιούμενος,
3698 4057 3834 4111 κατὰ

470 4155 742 4205 sanctum
775 4149 1049 4205 Basilium
1082 4150 1428 4221 quindecim
1447 4152 1622 4205 annis
1654 4156 1822 4207 extra
1852 4167 2072 4208 comml

2229 4152 2316 4201 τὸν
2366 4148 2514 4220 ἅγιον
2588 4148 2851 4201 Βασίλειον
2941 4148 2998 4202 ιε’
3081 4152 3165 4207 ἔτη
3231 4148 3573 4209 ἀκοινώνητος
3636 4149 3789 4200 ἔσται
3814 4159 3828 4175 ⁸

471 4238 717 4294 nionem
765 4238 893 4293 erit.
941 4241 1057 4295 Nos
1107 4244 1307 4294 tamen
1347 4240 1393 4294 si
1437 4255 1472 4294 a
1510 4239 1736 4309 ﬂagitio
1777 4242 2067 4296 cessaveri

2229 4238 2376 4309 ἡμεῖς
2416 4234 2475 4289 δι
2540 4236 2624 4289 ἐὰν
2699 4245 2790 4290 τοῦ
2869 4244 3035 4290 κακοῦ
3114 4236 3318 4309 ἀποστῇ
3409 4234 3556 4295 διετῆ
3640 4240 3829 4311 χρόνον

471 4326 695 4382 biennii
752 4328 1437 4383 excommunicationem
1494 4330 1546 4384 ei
1600 4329 1926 4395 inferimus,
1981 4346 2073 4385 cur

2230 4325 2571 4385 ἀκοινώνητον
2645 4327 2773 4379 εἶναι
2856 4327 3115 4402 ὁρίζομεν,
3226 4326 3624 4399 ξηροφαγοῦντα
3720 4325 3830 4395 ᾧρᾳ

471 4416 641 4471 arido
672 4416 804 4471 cibo
834 4415 982 4471 hara
1008 4432 1189 4481 nona,
1224 4423 1280 4473 et
1306 4434 1441 4472 cum
1473 4420 1785 4474 metanceis
1810 4419 2073 4475 ducentis

2229 4413 2433 4489 ἐννάτῃ,
2483 4420 2759 4488 μετανοίας
2818 4414 2861 4468 σ’
2888 4416 2931 4467 εἰ
2976 4412 3034 4468 δι
3084 4414 3266 4489 ἀμελῇ,
3301 4418 3367 4468 τὰ
3416 4412 3472 4467 ιε’
3513 4417 3607 4472 ἕτη
3638 4412 3830 4486 φυλατ-

472 4505 646 4570 Quod
686 4505 734 4559 si
772 4505 1115 4575 neglexerit,
1156 4506 1501 4578 quindecim
1540 4523 1836 4565 annorum
1874 4523 2118 4579 poenam
2227 4507 2373 4559 τέτω.

475 4593 730 4666 expleat.

1052 4686 1140 4739 22.
1170 4684 1255 4741 De
1283 4684 1532 4742 incestu.
2299 4680 2409 4755 κβ’.
2452 4687 2607 4757 Περὶ
2649 4706 2654 4733 ι

2299 4680 2409 4755 κβ’.
2452 4687 2607 4757 Περὶ
2649 4679 3127 4755 ἀδελφομιξίας
3163 4682 3307 4742 ἦτοι
3347 4679 3762 4753 αἱμομιξίας.

547 4773 658 4838 Qui
683 4772 743 4828 in
766 4787 1032 4828 sororem
1059 4774 1365 4844 propriam
1396 4773 1609 4843 lapsus
1641 4773 1834 4843 fuerit,
1867 4775 2121 4847 quinde-

2297 4770 2356 4825 Ὀ
2403 4772 2474 4834 εἰς
2515 4769 2739 4844 ἀδελφὴν
2795 4769 2935 4824 ἰδίαν
2984 4771 3275 4843 ἐμπίπτων,
3328 4770 3383 4824 ιε’
3414 4772 3501 4829 ἔτη
3548 4769 3827 4826 ἀκοινώνη·

473 4861 590 4917 cim
622 4862 795 4917 annis
816 4863 1240 4917 communione
1262 4866 1480 4927 careat,
1513 4869 1688 4934 prout
1715 4864 1838 4919 vult
1866 4880 2075 4934 magni:

2228 4881 2316 4924 τος
2341 4863 2478 4913 κατὰ
2505 4864 2590 4913 τὸν
2615 4865 2772 4933 μέγαν
2802 4861 3067 4913 Βασίλειον
3097 4879 3111 4893 ·
3164 4861 3281 4913 καθ’
3321 4859 3462 4932 ἡμᾶς
3491 4855 3551 4912 δε
3580 4858 3666 4911 ἐὰν
3697 4857 3828 4910 ἀπο-

473 4951 740 5007 Basilius.
780 4953 896 5006 Nos
930 4955 1150 5016 tamen,
1185 4952 1231 5006 si
1265 4951 1536 5021 posthinc
1564 4950 1789 5021 ﬂagitio
1820 4953 2075 5008 abstinui

2232 4957 2329 5023 στῇ
2358 4957 2449 5002 τοῦ
2491 4957 2678 5015 κακοῦ,
2735 4957 2904 5023 τριετῆ
2963 4954 3154 5022 χρόνον
3211 4948 3565 5021 ἕπιτιμάσθω,
3599 4947 3822 5020 ξηροφα-

477 5040 570 5104 rit,
605 5039 953 5094 triennalem
986 5055 1228 5111 poenam
1253 5040 1631 5095 decernimus
1655 5041 1805 5097 aridi
1828 5042 1942 5098 cibi
1973 5042 2079 5098 hor

2229 5048 2332 5112 γῶν
2362 5042 2473 5111 ὥρᾳ
2520 5040 2721 5111 ἑννοίτῃ,
2772 5042 3047 5110 μετανοίας
3108 5034 3152 5090 σ’
3193 5056 3206 5070 ·
3240 5040 3324 5090 ἰὰν
3367 5032 3426 5089 δε
3468 5035 3652 5110 ἀμελῇ,
3680 5037 3750 5088 τά
3776 5028 3826 5087 ιε’

479 5143 665 5193 nona,
690 5142 827 5183 cum
859 5128 1131 5183 ducentis
1165 5128 1501 5184 metanoeis.

1031 5131 1131 5183 Itis
1165 5128 1476 5183 metanceis
1490 5173 1501 5184 .
2231 5131 2315 5186 ἔτη
2347 5128 2607 5182 ἔκτελείτω
2621 5171 2633 5185 ,

886 5220 973 5273 23.
1007 5218 1091 5272 De
1112 5217 1339 5273 incestu
1370 5232 1500 5273 cum
1529 5233 1711 5273 nuru.
2375 5217 2477 5290 κγ’.

2375 5217 2477 5290 κγ’.
2512 5220 2661 5291 Περὶ
2699 5218 2945 5289 νύμφης
2983 5216 3233 5277 οἰκείας
3272 5212 3684 5287 αίμομιξίας.

550 5305 658 5370 Qui
691 5304 748 5361 in
794 5320 1013 5360 nurum
1049 5306 1256 5377 lapsus
1289 5306 1481 5374 fuerit,
1520 5306 1799 5361 undecim
1844 5306 2017 5361 annis
2056 5323 2122 5364 ex

2296 5307 2357 5360 Ὀ
2388 5306 2460 5367 εἰς
2506 5309 2707 5377 νύμφην
2754 5308 3041 5377 ἐμπίπτων,
3104 5301 3169 5357 ια’
3213 5306 3299 5361 ἔτη
3360 5304 3493 5355 κατὰ
3542 5305 3627 5353 τὸν
3682 5300 3826 5372 ἅγιον

482 5394 670 5452 sancti
713 5393 909 5450 Basilii
950 5395 1242 5451 sententia
1282 5399 1447 5452 extra
1496 5395 1987 5451 communionem
2028 5396 2084 5451 sit

2230 5396 2494 5450 Βασίλειον
2544 5394 2881 5455 ἀκοινώνητος
2935 5392 3075 5446 ἔστιν
3108 5412 3120 5426 ·
3182 5394 3334 5466 ἡμεῖς
3383 5388 3441 5445 δε
3499 5388 3584 5442 ἰὰν
3616 5388 3820 5462 ἀποστῇ

553 5572 578 5610 ⁸
605 5572 776 5630 Prov.
802 5585 941 5640 κω,
972 5576 1041 5631 23
1071 5586 1162 5645 gr.
1237 5572 1260 5609 °
1290 5570 1462 5629 Eccli.
1491 5587 1639 5641 xxx,
1666 5574 1756 5630 24.
