4058 6274
277 302 413 362 1729

1544 304 1604 367 S.
1644 306 2009 367 THEODORI
2049 303 2379 366 STUDITB

3503 312 3637 366 I730

274 438 368 484 τοῦ
433 438 618 498 κακοῦ,
673 429 817 491 διετῆ
871 436 1061 506 χρόνον
1114 432 1457 492 ἀκοινώνητον
1523 430 1650 487 εἶναι
1702 454 1867 508 προσ-

1995 437 2093 490 tos
2120 438 2343 499 autem,
2378 431 2430 487 si
2454 430 2749 501 ﬂagitium
2785 427 3215 493 emendaverit.
3252 426 3496 487 biennio
3540 446 3638 486 ca-

273 520 559 593 τάσσομεν,
643 520 1036 597 ξηροφαγοῦντα
1130 524 1240 596 ὥρᾳ
1290 522 1491 595 ἐννάτη,

270 617 525 663 ποιοῦντα
572 608 617 662 τ’
661 626 675 640 ⁶

1595 528 1865 597 μετανοίας

767 610 812 663 εἰ
865 607 923 664 δὲ
995 611 1153 684 ἀμελῇ
1231 614 1413 665 τούτου
1481 620 1571 664 τοῦ
1636 618 1862 679 κανόνος,

271 702 365 751 καὶ
414 701 625 773 ἐπιμένῃ
672 707 735 773 τῇ
775 705 954 773 κακίᾳ,
1002 703 1065 753 τὰ
1115 700 1185 753 ta"
1212 702 1300 759 ἔτη
1358 700 1621 754 ἐκτελείτω
1666 706 1725 755 τὸ
1758 702 1869 754 ἐπι-

267 791 446 861 τίμιον
459 830 473 845 .

759 872 871 936 κδ’,
912 882 1061 951 Περὶ
1099 877 1397 933 κλέπτου.

344 964 404 1018 '0
466 964 710 1031 κλέπτης,
777 965 820 1018 εἰ
883 971 954 1037 μὴ
1031 965 1325 1040 ἐξαγγείλῃ,
1410 972 1569 1039 φησὶν
1625 970 1650 1019 ό
1719 968 1869 1040 ἅγιος

271 1050 562 1115 Βασίλειος,
628 1046 725 1101 δύο
790 1054 952 1122 μόνας
1015 1048 1319 1123 ἑϐδομάδας
1386 1052 1715 1125 ἐπιτιμάσθω
1752 1070 1764 1083 ·
1827 1052 1869 1106 εί

273 1136 337 1192 δε
386 1139 508 1213 παρ’
565 1138 719 1191 ἄλλου
783 1140 1030 1213 ἐλεγχθῇ,
1110 1137 1254 1200 διετῆ
1323 1145 1513 1217 χρόνον
1546 1158 1559 1173 ·
1617 1144 1762 1214 ἡμεῖς
1811 1140 1870 1195 δε

270 1227 333 1302 μ’
369 1230 566 1304 ἡμέρας
622 1228 886 1303 ὁρίζομεν,
946 1229 1255 1303 ξηροφαγεῖν
1307 1233 1417 1304 ὦρᾳ
1469 1231 1531 1298 θ’,
1590 1237 1679 1284 καὶ
1717 1251 1871 1305 μετα-

268 1322 412 1379 νοίας
473 1324 637 1372 ποιεῖν
706 1318 777 1390 ρ’,
856 1321 1233 1390 ῖκκοπτομένου
1299 1316 1543 1378 δηλονότι
1615 1328 1707 1373 τοῦ
1771 1324 1870 1374 πά-

272 1408 419 1468 θους.

685 1495 782 1554 κε’.
822 1500 969 1569 Περὶ
1007 1496 1461 1570 τυμϐωρύχου.

342 1584 403 1638 Ὀ
458 1584 827 1658 τυμϐώρυχος,
885 1588 1021 1638 κατὰ
1071 1590 1157 1637 τόν
1186 1585 1335 1656 ἅγιον
1386 1586 1659 1640 Βασίλειον
1696 1588 1752 1640 ιε’
1779 1590 1864 1647 ἔτη

269 1673 618 1735 ἀκοινώνητος
647 1677 797 1727 ἔσται
819 1694 834 1707 ο
862 1676 1013 1746 ἡμεῖς
1044 1671 1104 1727 δὲ
1132 1682 1223 1727 τοῦ
1245 1677 1445 1737 πάθους
1470 1674 1865 1749 ἔκκοπτομένου,

1976 539 2103 578 rere
2141 521 2567 578 communione
2589 520 2894 590 jubemus,
2916 521 3101 576 aridis
3127 526 3466 575 vescentem
3480 519 3633 575 hora

1975 625 2160 677 nona,
2189 626 2328 666 cum
2369 610 2681 665 metanceis
2724 612 3014 665 trecentis.
3049 608 3220 677 Quod
3260 608 3307 663 si
3337 610 3499 664 hunc
3530 624 3636 663 no-

1977 703 2166 754 strum
2192 714 2485 755 canonem
2516 698 2852 768 neglexerit,
2876 706 2930 753 et
2960 698 3022 754 in
3049 700 3187 755 vitio
3219 713 3637 771 perseverave-

1976 787 2068 852 rit,
2099 788 2378 843 undecim
2409 787 2585 843 annis
2610 803 2853 859 poenam
2882 787 3049 844 ferat.

2607 877 2696 930 24.
2724 877 2812 932 De
2836 877 2997 945 fure.

2053 968 2182 1030 Fur,
2211 965 2259 1019 si
2280 966 2534 1037 ipsemet
2554 966 2863 1021 confessus
2893 966 3085 1031 fuerit,
3118 966 3376 1021 duarum
3399 970 3633 1022 tantum

1978 1053 2503 1109 hebdomadarum
2530 1070 2771 1126 poenam
2792 1054 2958 1121 ferat,
2990 1054 3181 1126 inquit
3202 1061 3446 1110 sanctus
3478 1056 3638 1110 Basi-

1977 1142 2127 1200 lius:
2163 1143 2329 1213 quod
2368 1144 2419 1197 si
2449 1143 2527 1199 ab
2557 1143 2686 1199 aliis
2717 1143 2855 1198 furti
2887 1150 3210 1212 coargutus
3249 1142 3442 1213 fuerit,
3484 1144 3639 1199 duo-

1977 1246 2113 1286 rum
2139 1247 2457 1287 annorum.
2492 1234 2606 1287 Nos
2639 1237 2835 1287 tamen
2861 1233 3267 1304 quadraginta
3291 1232 3504 1287 diebus
3529 1248 3638 1287 vo-

1978 1318 2179 1375 lumus
2226 1335 2362 1374 eum
2395 1320 2575 1375 aridis
2620 1321 2776 1375 vesci
2820 1320 2970 1376 hora
3022 1336 3203 1385 nona,
3259 1336 3395 1376 cum
3448 1325 3633 1377 meta-

1978 1410 2131 1464 naais
2155 1413 2394 1464 centum
2425 1427 2442 1479 ;
2481 1409 2529 1463 si
2556 1415 2711 1464 certe
2742 1426 2778 1465 a
2805 1409 2941 1465 vitio
2981 1410 3318 1465 cessaverit.

2282 1497 2371 1551 25.
2406 1499 2490 1553 De
2516 1498 2927 1566 sepulcrorum
2955 1499 3322 1567 praedatores.

2052 1585 2472 1657 Sepulcrorum
2508 1587 2827 1657 praedator,
2870 1588 3041 1656 juxta
3076 1587 3283 1641 divum
3323 1586 3630 1650 Basilium,

1978 1675 2323 1746 quindecim
2350 1676 2523 1729 annis
2554 1681 2719 1730 extra
2742 1675 3232 1730 communionem
3263 1675 3495 1731 futurus
3527 1682 3633 1730 est.

269 1766 506 1816 ἐνιαυτόν
568 1762 909 1822 ἀκοινώνητον
963 1760 1093 1816 εἶναι
1153 1765 1414 1837 ὁρίζομεν,
1475 1765 1869 1839 ξηροφαγοῦντα

1995 1766 2092 1819 tos
2118 1763 2507 1833 tamenJvitio
2546 1764 2887 1829 emendato,
2922 1778 3084 1820 anno
3120 1780 3239 1820 uno
3278 1770 3444 1821 extra
3471 1780 3634 1819 com-

268 1853 384 1925 ὥρᾳ
415 1851 479 1919 θ’,
519 1860 769 1906 ποιοῦντα
792 1865 1068 1925 μετανοίας
1095 1851 1164 1908 σ¹.

452 2029 561 2095 κςό
594 2034 746 2105 Περὶ
783 2034 1087 2101 γοητείας
1122 2035 1230 2083 καὶ
1270 2036 1686 2106 φαρμακείας.

344 2126 403 2171 Ὀ
431 2123 674 2191 γοητείαν
721 2122 811 2171 καὶ
859 2122 1182 2194 φαρμακείαν
1232 2119 1568 2195 ἐξαγορεύων,
1619 2124 1754 2174 κατὰ
1782 2125 1867 2174 τὸν

268 2206 422 2279 ἅγιον
484 2208 748 2260 Βασίλειον
809 2204 860 2260 ιε’
903 2211 990 2267 ἔτη
1047 2207 1353 2281 ξηροφαγών
1405 2212 1554 2262 ἔσται
1609 2212 1717 2283 ὥρᾳ
1775 2210 1818 2263 θ’
1850 2228 1863 2242 ⁸

267 2298 423 2368 ἡμεῖς
486 2292 546 2348 δὲ
594 2304 762 2367 τριετῆ
793 2303 985 2370 χρόνον
1028 2298 1269 2371 ὁρίζομεν
1334 2301 1420 2350 τόν
1477 2298 1632 2351 αὐτόν
1680 2303 1871 2352 κανόνα

268 2387 405 2458 μετὰ
453 2388 514 2437 τό
587 2385 880 2445 ἀποστῆναι
929 2395 1024 2448 τῆς
1101 2386 1381 2461 ἁμαρτίας,
1458 2392 1547 2439 καὶ
1598 2392 1868 2459 μετανοίας

267 2481 437 2527 ποιεῖν
474 2476 593 2527 καθ’
622 2477 817 2548 ἡμέραν
848 2472 1152 2537 διακοσίας.

490 2651 596 2714 κζ’.
645 2658 801 2728 Περὶ
837 2658 1147 2725 γοητείας
1183 2659 1291 2707 καὶ
1328 2659 1654 2726 μαντείας.

346 2745 447 2796 Τὸν
492 2744 710 2815 μάντεσι
756 2748 1201 2818 προσερχόμενον,
1259 2745 1285 2796 ό
1342 2747 1432 2816 μεν
1488 2748 1651 2817 μέγας
1712 2748 1871 2800 Βασί-

272 2831 411 2892 λειος
457 2828 511 2883 ιε’
541 2833 626 2889 ἔτη
674 2832 860 2905 ὥρισεν
900 2831 1241 2890 ἀκοινώνητον
1294 2829 1424 2885 εἶναι
1455 2848 1470 2863 ⁸
1502 2834 1653 2905 ἡμεῖς
1696 2830 1753 2887 δὲ
1783 2837 1870 2886 τὸν

272 2918 604 2994 προλαϐόντα
654 2925 843 2973 κανόνα
893 2924 983 2973 τὸν
1011 2925 1131 2997 περὶ
1180 2929 1531 2996 φαρμακειῶν,
1571 2921 1872 2976 ἀποστάντα

272 3018 337 3070 τῆ
350 3030 372 3072 ς
392 3012 638 3072 τοιαύτης
666 3009 914 3083 ἐργασίας
927 3053 940 3066 .

613 3194 716 3246 κη’.
760 3193 913 3261 Περὶ
951 3187 1190 3260 ἀγαθοῦ
1232 3190 1384 3244 Βίου
1424 3189 1548 3261 (2⁸).

348 3281 409 3332 Εἰ
453 3296 536 3338 τις
566 3274 805 3350 βούλοιτο
862 3274 975 3351 βίον
1026 3276 1299 3352 ἀτάραχον
1338 3283 1428 3330 καὶ
1453 3278 1688 3351 ἀκύμονα
1711 3276 1869 3332 ὁδεῦ-

277 3387 391 3433 σαι,
443 3366 734 3439 λογιζέσθω
794 3366 973 3419 ἑαυτὸν
1033 3375 1130 3439 γῆν
1199 3373 1289 3420 καὶ
1353 3364 1572 3433 σποδόν,
1639 3372 1729 3421 καὶ
1788 3368 1871 3421 εύ-

275 3462 600 3530 χαριστείτω
662 3459 730 3518 ὡς
786 3457 1001 3528 ἄγγελος
1041 3464 1213 3509 Θεοῦ·
1269 3457 1313 3510 εἰ
1378 3453 1437 3510 δε
1486 3456 1658 3530 συμϐῇ
1712 3477 1870 3510 κατα-

273 3545 503 3604 λαλῆσαι
540 3545 718 3612 αὐτόν,
774 3542 1049 3618 ἑϐδομάδα
1107 3550 1230 3617 μίαν
1286 3546 1660 3620 ξηροφαγείτω,
1717 3566 1870 3619 μετα-

272 3639 418 3697 νοίας
471 3643 633 3688 ποιῶν
695 3640 1031 3701 πεντήκοντα,
1109 3637 1179 3698 ὡς
1232 3642 1323 3689 τοῦ
1397 3640 1525 3689 Θεοῦ
1580 3636 1871 3695 καταλαλή-

277 3744 397 3786 σας.

1977 1852 2326 1907 munionem
2381 1867 2512 1906 esse
2582 1854 2980 1918 decernimus,
3042 1869 3179 1909 cum
3247 1856 3415 1910 arido
3482 1853 3630 1909 hora

1975 1956 2159 2010 nona,
2187 1948 2240 1998 et
2265 1942 2576 1997 mcnlaneis
2600 1943 2897 2000 trecentis.

1976 2030 2063 2086 26.
2109 2032 2196 2086 De
2231 2030 2690 2086 incantamentis
2729 2035 2782 2087 et
2822 2032 3114 2100 veneﬁciis
3163 2047 3262 2088 seu
3292 2031 3634 2103 praestigiis.

2048 2120 2156 2184 Qui
2199 2122 2650 2175 incantamenta
2692 2126 2749 2175 et
2791 2122 3078 2175 veneticia
3126 2136 3230 2174 seu
3275 2121 3633 2191 praestigias,

1976 2208 2310 2273 confitetur,
2343 2209 2391 2262 is
2436 2209 2607 2279 juxta
2658 2213 2938 2264 sanctum
2982 2208 3258 2265 Basilium
3287 2209 3631 2280 quindecim

1976 2299 2150 2353 annis
2199 2303 2471 2352 vescetur
2511 2297 2646 2352 cibo
2689 2297 2857 2352 arido
2907 2297 3058 2352 hora
3105 2314 3284 2353 nona.
3336 2301 3451 2353 Nos
3492 2314 3632 2354 vero

1975 2386 2256 2441 eumdem
2273 2401 2569 2441 canonem
2591 2385 2670 2441 ad
2689 2386 3006 2441 triennium
3037 2392 3438 2451 coarctamus,
3471 2394 3633 2457 post-

1975 2492 2163 2549 quam
2210 2477 2394 2532 homo
2424 2493 2459 2531 a
2497 2482 2743 2548 peccato
2772 2477 3100 2543 recesserit,
3149 2493 3286 2532 cum
3320 2478 3632 2532 metanoeis

1976 2564 2245 2637 quotidie
2265 2564 2556 2619 ducentis.

2203 2655 2293 2708 27.
2336 2655 2418 2709 De
2441 2653 2899 2709 incantamentis
2929 2662 2983 2710 et
3013 2653 3401 2711 divinatione.

2050 2744 2111 2799 Ei
2151 2743 2254 2815 qui
2317 2742 2395 2797 ad
2448 2749 2609 2798 vates
2665 2743 3001 2807 accesserit,
3049 2759 3307 2814 magnus
3382 2743 3632 2800 Basilius

1977 2833 2318 2905 quindecim
2334 2847 2632 2887 annorum
2644 2833 3330 2888 excommunicationem
3348 2832 3627 2889 decrevit.

1978 2926 2095 2979 Nos
2123 2928 2318 2978 tamen
2351 2922 2400 2976 ei
2432 2937 2678 2993 poenam
2731 2927 2960 2977 tantum
3003 2922 3393 2993 praecedentis
3448 2921 3633 2979 nostri

1980 3011 2229 3068 canonis
2259 3012 2334 3066 de
2358 3010 2660 3065 veneﬁciis
2684 3018 2786 3066 aut
2815 3012 3131 3082 praestigiis
3160 3012 3553 3085 imponimus,
3587 3012 3636 3066 si

1908 3131 1948 3184 α
1980 3102 2059 3157 ab
2080 3099 2431 3170 hujusmodi
2461 3114 2642 3171 opere
2672 3114 2734 3154 se
2764 3100 3090 3157 retraxerit.

2525 3192 2615 3243 '28.
2646 3190 2731 3244 De
2760 3189 2911 3245 bona
2944 3190 3085 3247 vita.

2053 3280 2111 3335 Si
2139 3279 2276 3351 quis
2310 3278 2435 3334 vult
2467 3278 2959 3349 imperturbatam
3002 3280 3185 3336 vitam
3217 3286 3273 3335 et
3337 3281 3629 3353 tranquil-

1981 3368 2102 3424 lam
2151 3369 2497 3437 transigere,
2537 3368 2834 3423 existimet
2861 3384 2922 3423 se
2967 3384 3095 3424 esse
3125 3376 3343 3425 terram
3385 3386 3454 3425 ac
3475 3372 3632 3424 cine-

1979 3473 2126 3523 rem,
2157 3458 2496 3527 gratiasque
2528 3462 2667 3527 agat
2703 3458 2876 3528 quasi
2915 3460 3167 3527 angelus
3223 3459 3340 3513 Dei.
3376 3458 3546 3524 Quod
3582 3459 3632 3511 si

1979 3546 2305 3618 aliquando
2334 3546 2579 3617 obloqui
2619 3545 2672 3600 ei
2716 3545 3048 3615 contigerit,
3095 3547 3485 3602 hebdomada
3512 3561 3634 3603 una

1978 3640 2255 3691 vescatur
2281 3634 2482 3703 aridis,
2513 3640 2840 3689 metanmas
2872 3634 3053 3690 simul
3083 3634 3305 3691 faciens
3333 3636 3633 3707 quinqua-

1979 3725 2168 3796 ginta,
2194 3740 2305 3779 ceu
2335 3724 2384 3778 si
2415 3729 2622 3779 contra
2650 3725 2833 3779 Deum
2862 3724 3180 3781 oblocutus
3206 3725 3429 3780 fuisset.

1533 4051 2381 4166 QU/ESTIONES.

278 4403 402 4471 Top
442 4396 625 4449 ὁσίου
656 4397 899 4471 Πατρᾼός
938 4395 1109 4465 ἡμῶν
1137 4398 1247 4447 καὶ
1288 4390 1871 4471 όμολογητοῢΘεο-

1995 4392 2196 4471 Sancti
2213 4392 2411 4452 Patris
2437 4397 2630 4471 nostri
2640 4393 2693 4452 et
2719 4394 3072 4471 confessoris
3087 4394 3384 4471 Iheodori
3396 4399 3637 4471 presby-

354 4466 557 4542 δώρου
634 4465 1081 4542 πρεσϐυτέρου
1155 4471 1259 4518 καὶ
1322 4465 1687 4538 ἡγουμένου
1735 4475 1876 4542 -τῶν

353 4537 692 4611 ξτόυδίου
737 4543 884 4610 περὶ
924 4537 1290 4611 ἐρωτήσεως
1328 4543 1438 4590 καὶ
1476 4537 1878 4611 τῶνᾲταύτης

355 4609 713 4664 διαλύσεων
742 4609 1005 4670 κανόνες
1046 4609 1457 4681 συλλεγέντες
1488 4609 1627 4682 παρ’
1659 4609 1874 4665 αὐτοῦ.

358 4718 522 4790 [C0d.
556 4718 690 4773 Vat.
723 4719 826 4772 840
857 4715 896 4771 f.
925 4719 1030 4772 ‘202
1056 4713 1145 4788 b.]
1175 4721 1240 4768 at.
1271 4717 1636 4789 Ἐρώτησις.
1665 4715 1751 4770 Ἐν
1772 4722 1881 4778 τοῖς

286 4806 584 4867 συνοδικοῖς
629 4810 812 4858 κανόσι
841 4813 946 4865 τοῖς
987 4807 1137 4865 θείοις
1165 4808 1458 4878 γέγραπται
1504 4810 1622 4878 περὶ
1651 4814 1747 4866 τῆς
1784 4824 1878 4877 με-

282 4897 446 4971 γάλης
474 4901 732 4969 πέμπτης,
787 4897 863 4948 ὅτι
916 4894 975 4948 ού
1040 4894 1121 4947 δεῖ
1174 4896 1222 4946 ἐν
1261 4902 1323 4967 τῇ
1352 4901 1753 4968 τεσσαρακοστῇ
1814 4900 1874 4965 τῇ

285 4988 536 5060 ὑστεραίᾳ
579 4982 840 5057 ὶϐδομάδι
869 4988 963 5043 τὴν
994 4987 1430 5057 τεσσαρακοστὴν
1485 4982 1761 5054 ἀτιμάζειν
1794 4999 1809 5016 ·
1837 4982 1881 5033 εί

285 5072 372 5127 οὖν
423 5076 585 5136 οὕτως
618 5074 731 5127 ἐστὶ
761 5080 869 5135 τοῖς
920 5075 1072 5135 θείοις
1104 5076 1318 5124 κανόσιν
1366 5071 1875 5146 ἑμπεριειλημμένον,

285 5171 390 5225 πῶς
452 5164 604 5236 ἡμεῖς
662 5161 981 5234 καταλύομεν
1054 5165 1149 5220 τὴν
1213 5160 1442 5233 μεγάλην
1498 5164 1763 5233 πέμπτηνι
1808 5159 1879 5222 εἰς

287 5251 453 5305 ἱλαιον
480 5258 571 5305 καὶ
596 5248 730 5305 οἶνον
764 5267 778 5317 ;

2058 4468 2171 4543 (eri
2194 4473 2248 4522 et
2268 4468 2578 4543 praepositi
2604 4468 3027 4543 monachorum
3069 4469 3271 4543 Studii
3308 4468 3634 4543 cie—quibus

2058 4540 2197 4595 dam
2228 4538 2648 4609 quaestionibus
2679 4555 2928 4595 canones
2959 4541 3033 4595 ab
3059 4555 3122 4596 eo
3153 4542 3409 4597 cottecti.

2066 4720 2113 4769 1.
2147 4716 2564 4785 Interrogatio.
2593 4718 2655 4771 In
2696 4717 2879 4772 sacris
2909 4717 3278 4788 synodorum
3307 4718 3642 4776 cauonibus

1990 4806 2273 4876 scriptum
2301 4811 2388 4860 est
2417 4806 2491 4860 de
2524 4821 2747 4873 magna
2775 4805 2925 4860 feria
2949 4808 3179 4878 quinta,
3213 4823 3335 4862 non
3367 4815 3640 4879 oportere

1988 4892 2049 4948 in
2088 4893 2578 4964 quadragesima,
2608 4894 2814 4951 ultima
2851 4893 3256 4959 hebdomada,
3296 4897 3523 4968 quintae
3563 4898 3643 4953 fe-

1988 4984 2090 5038 rias
2113 4984 2339 5037 solvere
2363 4983 2681 5054 jejunium,
2714 4989 2892 5055 atque
2922 4985 3003 5039 ita
3030 4990 3216 5040 totam
3247 4988 3642 5056 quadragesi-

1990 5087 2153 5126 mam
2186 5073 2564 5128 inhonorare.
2606 5073 2659 5129 Si
2692 5088 2833 5143 ergo
2868 5073 2925 5127 in
2961 5074 3145 5129 sacris
3185 5075 3519 5130 cauonibus
3560 5077 3642 5134 ita

1987 5176 2082 5217 res
2115 5177 2179 5216 se
2209 5160 2408 5226 habet,
2437 5177 2542 5216 cur
2573 5178 2681 5216 nos
2720 5163 2781 5217 in
2814 5177 3034 5231 magna
3072 5162 3219 5219 feria
3248 5164 3457 5235 quinta
3505 5165 3638 5223 oleo

1989 5250 2212 5304 utimur
2240 5253 2420 5321 atque
2446 5249 2588 5304 vino
2610 5247 2638 5304 ‘I

1852 5381 2080 5469 NOTAE.

292 5592 433 5650 vita.

361 5522 461 5594 (2')
507 5524 630 5578 Huc
652 5520 805 5578 refer
831 5522 1015 5592 caput
1041 5516 1602 5591 praestantissimum
1660 5510 2049 5572 Benedictina:
2092 5515 2328 5588 Regulie
2360 5519 2592 5573 sextum
2618 5515 2693 5572 de
2714 5516 2891 5573 bonis
2918 5517 3204 5591 operibus
3235 5534 3341 5576 seu
3368 5519 3443 5577 de
3469 5520 3633 5598 bona
