4058 6274
438 284 568 345 1731

504 414 845 485 Responsio.
896 408 1049 469 Olim
1092 413 1337 484 quidem
1381 429 1453 469 ex
1481 412 1749 485 quadam
1800 411 2085 484 peculiari
2122 418 2165 468 Α

433 503 868 559 consuetudine
908 503 968 557 in
1003 517 1225 571 magna
1256 502 1396 558 feria
1426 503 1635 573 quinta
1676 501 1947 556 homines
1988 517 2087 557 co-

434 591 757 647 medebant
778 607 1020 646 caseum
1048 596 1105 645 et
1132 606 1268 645 ova.
1304 593 1514 646 Verum
1545 591 1647 663 qui
1678 596 1887 662 postea
1916 591 2087 646 exsti-

431 686 625 737 terunt
652 684 869 744 Patres,
904 678 1250 750 praedictam
1287 695 1409 734 rem
1449 680 1777 734 absurdam
1810 685 2087 751 reputan-

429 775 536 834 tes,
582 783 877 824 canonem
909 768 1069 822 hunc
1109 767 1470 833 ediderunt;
1526 783 1722 839 neque
1772 774 1973 823 tamen
2012 770 2086 823 de

430 858 563 915 oleo
592 858 854 928 vinoque
884 857 943 911 id
975 856 1403 925 intelligebant.
1436 856 1663 912 Etenim
1703 862 1790 911 est
1827 857 1954 911 haec
1987 874 2086 912 su-

430 947 709 1003 stentatio
749 951 806 1001 et
844 945 1115 1001 solamen
1146 960 1219 1000 ex
1258 960 1499 1001 summa
1529 944 1847 1001 afﬂictione
1874 945 2083 1016 jejunii

428 1050 637 1091 eorum
658 1033 762 1106 qui
793 1033 998 1089 divina
1019 1034 1304 1105 mysteria
1333 1040 1597 1089 sumunt.

497 1128 551 1178 2.
594 1125 712 1179 Int.
757 1122 1033 1179 Similiter
1072 1122 1147 1178 de
1174 1127 1382 1178 sancta
1426 1126 1764 1179 Pentecoste
1794 1122 2081 1194 scriptum

429 1218 535 1278 est,
564 1228 637 1266 ne
669 1226 825 1281 genu
872 1211 1184 1267 ﬂectamus
1227 1226 1377 1267 neve
1418 1212 1666 1266 omnino
1713 1211 2077 1282 jejunemus.

429 1302 544 1356 Cur
590 1316 729 1370 ergo
758 1302 860 1372 qui
892 1302 952 1356 in
997 1301 1120 1355 suis
1160 1301 1320 1356 cellis
1349 1301 1625 1364 resident,
1686 1302 1746 1355 id
1790 1316 1911 1356 non
1963 1317 2080 1356 ser-

424 1395 587 1459 vant,
618 1389 721 1445 sed
746 1394 805 1445 et
827 1390 1124 1460 jejunant,
1158 1396 1214 1444 et
1243 1405 1400 1459 genu
1430 1390 1673 1445 ﬂectunt
1705 1394 1824 1445 tota
1853 1390 2081 1445 hebdo-

424 1478 627 1543 mada,
647 1486 895 1550 excepto
914 1479 1200 1534 nimirum
1224 1478 1488 1535 Sabbato
1506 1494 1575 1534 ac
1595 1478 1692 1533 die
1725 1479 2031 1534 Dominico
2050 1480 2077 1535 ?

494 1656 666 1726 Resp.
693 1656 993 1727 Evangelii
1018 1656 1382 1728 praedicatio,
1403 1656 1741 1712 communis
1762 1672 1900 1712 cum
1923 1663 2080 1714 esset

1290 278 1827 343 RESPONSIONES
1866 286 1961 341 AD
2000 280 2517 344 INTERROGATA
2555 280 2906 356 QUlEDAM.

3632 286 3658 342 1
3668 286 3770 345 732

2266 414 2323 466 Ἀ
2340 418 2498 489 πόκρ
2516 435 2532 467 ι
2548 434 2613 467 σι
2631 435 2670 477 ς.
2710 414 2880 468 Πάλαι
2912 416 3001 487 μὲν
3025 416 3081 467 ἔκ
3118 432 3255 476 τινος
3286 416 3565 476 ωνηθείας
3589 410 3792 466 ἰδιωτιο

2196 510 2287 564 κῆς
2313 511 2373 562 τῆ
2425 504 2621 576 μεγάλη
2670 507 2877 574 πέμπτη
2920 505 3092 555 ἕσθιον
3141 506 3191 554 οἱ
3229 504 3492 576 ἄνθρωποι
3516 506 3670 574 τυρόν
3699 508 3789 555 καὶ⁵

2195 592 2271 663 ᾠά
2302 592 2572 655 ’ἐλθόντες
2630 589 2689 644 δὲ
2719 592 2933 666 ὕστερον
2977 594 3026 644 οἱ
3058 597 3286 663 πατέρες,
3342 597 3430 644 καὶ
3479 599 3632 643 τοῦτο
3674 594 3791 643 ἆτο-

2193 701 2287 734 πον
2338 679 2653 752 διαγνόντες,
2696 686 2781 733 τὸν
2838 686 3027 733 κανόνα
3074 690 3255 733 τοῦτον
3295 681 3542 745 ἐξέθεντο,
3597 681 3657 733 ού
3684 686 3790 753 μὴν

2195 766 2253 822 δὲ
2282 776 2400 845 περὶ
2452 770 2622 823 ἐλαίου
2676 776 2766 823 καὶ
2803 774 2941 822 οἴνου
2972 778 3124 822 τοῦτο
3182 769 3477 832 ἐξελάθοντο
3512 787 3521 797 ·
3562 771 3792 841 συγκρά-

2192 877 2343 919 τησις
2395 862 2496 931 γὰρ
2554 867 2704 911 τοῦτο
2744 864 2832 911 καὶ
2872 860 3181 931 παραμυθία
3224 866 3319 920 τῆς
3364 857 3529 931 ἆκρας
3558 877 3791 909 κακοπα-

2195 949 2329 1007 θείας
2386 950 2440 999 ἑκ
2499 953 2740 1008 νηστείας
2795 956 2893 1001 τῶν
2942 946 3437 1019 μεταλαμϐανόντων
3492 954 3590 999 τῶν
3643 948 3788 999 θείων

2190 1041 2515 1110 μυστηρίων.

2264 1123 2335 1196 β’.
2394 1126 2606 1197 Ἐρώτ.
2662 1124 2934 1185 Ὡσαύτως
2988 1128 3077 1175 καὶ
3118 1128 3239 1197 περὶ
3276 1131 3367 1183 τῆς
3411 1122 3567 1193 ἀγίας
3598 1129 3791 1181 Πεντη-

2189 1218 2702 1287 κοστῆςγέγραπται
2741 1219 2812 1285 μὴ
2860 1213 3047 1265 κλίνειν
3094 1218 3240 1284 γόνυ,
3294 1213 3322 1270 ἦ
3368 1212 3495 1273 ὅλως
3539 1217 3789 1269 νηστείαν

2187 1300 2515 1374 ἐργάσασθαι
2549 1324 2562 1335 ·
2618 1312 2728 1363 πῶς
2786 1298 2873 1354 οὖν
2916 1304 2966 1354 οἰ
3018 1304 3302 1373 καθήμενοι
3358 1301 3405 1353 ἐν
3458 1308 3567 1363 τοῖς
3618 1301 3788 1353 αὐτῶν

2186 1390 2403 1451 κελλίοις
2450 1390 2507 1442 ού
2540 1398 2691 1443 τοῦτο
2741 1390 3123 1462 φυλάσσουσιν,
3180 1390 3306 1441 ἀλλὰ
3335 1394 3423 1441 καὶ
3467 1392 3791 1447 νηστεύουσι

2185 1486 2274 1532 καὶ
2303 1485 2425 1551 γόνυ
2478 1480 2742 1532 κλίνουσιν
2782 1480 2902 1537 ὃλην
2934 1485 3025 1537 τὴν
3079 1476 3373 1551 ἑϐδομάδα,
3415 1481 3533 1531 ἄνευ
3583 1478 3789 1532 Σαϐϐά-

2186 1588 2275 1621 του
2307 1567 2550 1626 δηλονότι
2588 1574 2677 1621 καὶ
2719 1576 2984 1644 Κυριακῆς
3019 1588 3032 1633 ;

2256 1659 2468 1713 Ἀπόκ.
2509 1662 2579 1711 Τὸ
2626 1663 2875 1732 κήρυγμα
2927 1666 3019 1709 τοῦ
3081 1656 3399 1729 Εύαγγελίου
3453 1660 3625 1709 κοινὸν
3682 1658 3788 1709 πάι

421 1747 526 1801 toti
570 1746 822 1813 mnndo,
872 1762 1185 1818 nuperque
1232 1745 1409 1815 facta,
1461 1746 1762 1814 generalia
1809 1746 2080 1803 tradebat

2187 1766 2253 1820 σῃ
2334 1756 2396 1820 τῇ
2453 1747 2749 1820 οἰκουμένῃ,
2828 1751 2918 1799 καὶ
3001 1752 3181 1799 νεωστὶ
3264 1742 3561 1817 διδόμενον,
3628 1748 3788 1799 καθο-

419 1835 598 1891 etiam
636 1839 954 1906 praecepta.
991 1838 1055 1890 Et
1092 1836 1229 1907 quia
1275 1834 1488 1891 Christi
1519 1836 1871 1891 resurrectio
1898 1852 1932 1891 a
1959 1836 2079 1908 ple-

418 1923 618 1994 risque
659 1938 782 1978 non
814 1924 1194 1985 credebatur,
1241 1923 1321 1979 ob
1373 1939 1504 1978 eam
1538 1923 1914 1980 suadendam
1962 1925 2076 1980 hoc

416 2010 597 2067 etiam
629 2011 937 2067 decretum
965 2012 1191 2067 editum
1223 2012 1347 2076 fuit,
1381 2016 1589 2067 vetans
1617 2013 2075 2083 quodammodo

416 2114 488 2155 ac
527 2099 771 2165 docens,
817 2101 983 2171 quod
1013 2100 1185 2155 sicuti
1212 2101 1438 2171 peccati
1466 2115 1657 2155 causa
1703 2101 1921 2157 mortui
1951 2117 2076 2159 era-

415 2204 571 2255 mus,
605 2193 660 2244 et
706 2188 875 2243 humi
903 2190 1093 2253 strati,
1126 2204 1235 2244 nec
1279 2204 1590 2259 resurgere
1621 2188 1901 2255 valentes,
1962 2191 2073 2245 nisi

413 2280 732 2348 appareret
772 2278 823 2332 is
865 2278 968 2349 qui
1013 2293 1129 2333 nos
1159 2282 1545 2333 revocaturus
1576 2277 1654 2332 ad
1684 2278 1868 2333 vitam
1899 2284 2023 2334 erat
2057 2297 2070 2346 ;

413 2365 495 2420 sic
533 2365 888 2421 adveniente
938 2368 1255 2437 postremis
1292 2366 1688 2438 temporibus,
1721 2367 1822 2422 illo
1857 2367 1952 2422 cui
1988 2384 2073 2422 re-

412 2455 680 2526 positum
707 2461 834 2511 erat
862 2456 910 2491 ¹⁰
939 2457 1009 2522 ¹¹,
1046 2455 1274 2510 Christo
1307 2457 1424 2510 Deo
1448 2462 1671 2521 nostro,
1698 2462 1752 2511 et
1782 2457 2073 2527 impecca-

410 2543 509 2599 bili
525 2560 632 2615 pro
649 2546 910 2616 peccatis
935 2545 1151 2599 nostris
1180 2544 1458 2614 patiente,
1480 2560 1590 2598 nos
1618 2546 2070 2611 resurreximus,

411 2648 482 2688 ac
516 2640 833 2704 propterea
874 2632 1139 2703 mysterii
1190 2632 1370 2702 hujus
1420 2632 1822 2688 conﬁrmandi
1866 2650 2068 2703 causa,

412 2736 607 2776 canon
637 2722 744 2775 iste
798 2721 1076 2775 conditus
1106 2720 1235 2788 fuit,
1287 2722 1390 2791 qui
1436 2726 1492 2776 et
1522 2722 1640 2775 vim
1683 2721 1959 2788 obtinuit,
2017 2730 2074 2779 et

413 2810 615 2881 utique
640 2809 925 2864 obtineat.
956 2812 1157 2880 Neque
1186 2808 1407 2864 idcirco
1434 2814 1637 2865 tamen
1669 2816 1919 2880 peccant
1947 2828 2073 2867 mo-

410 2898 615 2969 nachi,
654 2898 936 2969 privatim
974 2897 1069 2952 his
1100 2898 1319 2953 diebus
1352 2913 1511 2967 genu
1554 2897 1880 2955 ﬂectentes.
1922 2903 2071 2957 Nam

409 3003 549 3041 cum
578 3002 640 3042 se
665 3002 797 3042 reos
825 2988 952 3057 jam
981 2987 1412 3049 constituerint,
1441 2993 1497 3041 et
1528 2988 1700 3059 quasi
1727 2989 1946 3044 carceri
1971 3005 2071 3045 vo-

407 3074 668 3131 luntario
696 3075 1191 3147 mancipaverint,
1226 3090 1461 3147 semper
1499 3076 1719 3132 debent
1757 3077 1836 3133 ad
1874 3078 2067 3133 Domi-
2106 3116 2147 3173 Ο

410 3179 555 3220 num
603 3165 885 3229 clamare,
939 3171 993 3219 et
1036 3164 1373 3220 humilitate
1425 3182 1538 3221 sua
1594 3166 2067 3223 misericordiam

408 3252 751 3325 implorare.
783 3257 983 3325 Neque
1003 3255 1163 3309 enim
1189 3255 1489 3310 monacho
1520 3254 1865 3312 solemnitas
1894 3263 1982 3313 cst
2006 3258 2067 3312 in

409 3345 582 3412 terra,
608 3348 670 3398 ut
694 3342 943 3415 quidam
974 3342 1141 3398 dixit.

482 3435 533 3487 3.
566 3432 683 3488 Int.
718 3431 775 3487 Si
815 3433 952 3503 quis
996 3436 1125 3487 tum
1164 3447 1416 3488 numero
1457 3437 1582 3488 tum
1624 3434 1903 3505 qualitate
1942 3451 2065 3492 non

407 3535 623 3594 parum
640 3521 898 3592 peccatis
924 3520 1263 3576 carnalibus
1287 3529 1471 3576 semet
1503 3522 1777 3593 impiavit
1805 3540 1819 3590 ;
1846 3524 2064 3582 deinde

409 3624 549 3664 vero
591 3608 665 3664 de
696 3608 790 3663 his
840 3608 1169 3675 confessus,
1217 3625 1486 3679 congrua
1528 3611 1718 3681 culpis
1769 3613 2063 3682 ejusmodi

407 3696 671 3751 remedia
688 3698 914 3769 accepit
931 3697 1164 3769 sibique
1186 3697 1485 3763 adhibuit;
1519 3701 1827 3771 quomodo
1844 3717 2039 3771 cogno
2052 3734 2065 3746 -

407 3790 527 3840 scet
556 3785 843 3855 praedicta
872 3790 1119 3856 peccata
1166 3786 1276 3841 sibi
1315 3786 1499 3843 fuisse
1543 3789 1813 3855 remissa,
1847 3796 1910 3845 ut
1934 3808 2062 3863 per-

411 3889 663 3930 suasum
724 3874 945 3931 habeat
1015 3875 1127 3932 tale
1194 3891 1256 3931 se
1319 3877 1549 3932 bonum
1619 3893 1748 3933 esse
1814 3895 2057 3937 assecu-

408 3966 536 4017 tum
564 3962 593 4018 ‘I

479 4052 653 4121 Resp.
685 4054 869 4107 Nemo
910 4067 1177 4124 unquam
1218 4055 1646 4125 comperiretur
1687 4058 1972 4129 paenitere
2006 4064 2061 4115 et

409 4140 698 4205 conﬁteri,
727 4140 839 4195 nisi
872 4141 1108 4197 ﬁrmam
1137 4148 1311 4199 antea
1341 4160 1507 4215 spem
1536 4145 1800 4212 haberet,
1824 4148 1989 4219 quod
2012 4149 2059 4203 si

411 4229 656 4292 sincere,
683 4229 954 4300 inquam,
1005 4231 1291 4287 conﬁtear
1320 4238 1376 4287 et
1426 4233 1769 4305 impositam
1814 4252 2059 4307 poenam

410 4316 747 4381 admittam.
775 4334 1020 4389 prorsus
1063 4320 1205 4374 mihi
1231 4321 1503 4378 remissio
1541 4322 1658 4379 ﬁet.
1694 4325 1841 4390 Quia
1881 4325 2059 4394 igitur

408 4404 688 4459 homines
706 4406 1146 4464 multitudinem
1170 4408 1483 4481 culparum
1508 4418 1842 4469 nostrarum
1868 4416 2058 4470 consi-

407 4493 713 4561 deramus,
753 4494 1008 4567 ideoque
1038 4497 1111 4552 de
1155 4498 1345 4555 multa
1372 4514 1516 4569 erga
1545 4516 1656 4556 nos
1712 4503 1811 4557 Dei
1838 4504 2059 4559 miseri-

407 4582 614 4638 cordia
646 4585 817 4655 quasi
864 4584 1234 4651 dubitamus,
1282 4588 1502 4643 idcirco
1540 4590 1618 4645 ad
1665 4592 2059 4649 confessarios

409 4676 649 4727 nostros
668 4672 1074 4743 confugimus,
1103 4675 1471 4746 postulantes
1502 4677 1741 4747 plenam
1775 4696 1880 4751 per
1900 4682 2060 4752 ipso-

406 4775 543 4816 rum
568 4777 786 4817 manus
843 4763 1289 4833 impositionem
1332 4765 1772 4835 remissionem,
1799 4770 1905 4841 qui
1931 4786 2059 4842 per-

408 4865 625 4906 sonam
656 4850 910 4908 tollentis
940 4856 1188 4923 peccata
1228 4858 1429 4910 nostra
1468 4862 1901 4927 repraesentare
1938 4876 2059 4917 cre-

405 4939 648 4997 duntur.

476 5121 530 5176 4.
564 5120 681 5175 Int.
724 5119 783 5174 Si
834 5119 969 5191 quis
996 5121 1329 5192 peccaverit
1380 5122 1473 5180 vel
1512 5140 1789 5183 sermone
1836 5127 2052 5195 otioso,

406 5208 497 5263 vel
518 5207 939 5280 improbando,
963 5210 1055 5265 vel
1077 5211 1522 5283 interrogando,
1548 5214 1640 5271 vel
1666 5214 2053 5289 stultiloquio,

476 5332 544 5367 ¹⁰·
569 5332 613 5369 ¹¹
645 5332 796 5391 Gen.
822 5349 974 5400 nix,
1013 5339 1099 5393 10.

2183 1836 2334 1897 λικῶς
2403 1839 2633 1888 ἓποιείτω
2707 1841 2797 1887 καὶ
2874 1838 2941 1887 τὰ
3002 1834 3331 1907 ἐπιτάγματα
3363 1854 3375 1866 ο
3436 1838 3526 1886 καὶ
3582 1834 3693 1886 ἐπεὶ
3750 1836 3783 1891 ἡ

2184 1933 2275 1978 τοῦ
2350 1932 2583 1998 Χριστοῦ
2670 1924 2961 1984 ἀνάστασις
3026 1931 3133 1984 τοῖς
3207 1923 3407 1983 πολλοῖς
3484 1924 3785 1991 ἠπιστεῖτο,

2182 2018 2312 2089 πρὸς
2381 2015 2732 2086 πληροφορίαν
2814 2016 3010 2075 ταύτης
3074 2010 3435 2084 ίδογματίσθη
3513 2017 3661 2064 τουτὶ
3722 2015 3786 2062 τό

2185 2100 2380 2175 δόγμα,
2437 2100 2740 2175 διαγορεῦον
2784 2105 2975 2154 ὡσανεί
3020 2106 3112 2154 καὶ
3154 2099 3439 2169 διδάσκον,
3495 2102 3574 2153 ὅτι
3604 2104 3785 2171 ὥσπερ

2182 2202 2243 2265 τῇ
2309 2193 2541 2265 ἁμαρτίᾳ
2615 2191 2964 2264 ἕνεκρώθημεν
3029 2197 3266 2252 πεσόντες
3329 2193 3489 2255 κάτω,
3551 2195 3639 2242 καὶ
3706 2194 3784 2260 μὴ

2183 2280 2460 2356 δυνάμενοι
2506 2282 2793 2340 ἀναστῆναι
2840 2287 2911 2354 μὴ
2968 2287 3276 2354 φαινομένου
3306 2290 3395 2334 τοῦ
3450 2280 3790 2337 ἀναστήσον-

2181 2391 2287 2439 τος,
2342 2372 2505 2432 οὕτως
2561 2370 2789 2431 ἐλθόντος
2830 2370 2878 2422 ἐν
2926 2372 3169 2433 ὑστάτοις
3233 2377 3433 2446 καιροῖς
3473 2377 3564 2422 τοῦ
3605 2368 3644 2441 ᾦ
3684 2370 3789 2423 ἀπ·

2181 2464 2343 2513 ἐκειτο
2398 2468 2634 2531 Χριστοῦ
2685 2467 2776 2511 τοῦ
2823 2468 2957 2513 Θεοῦ
3015 2462 3179 2531 ἡμῶν,
3233 2465 3323 2511 καὶ
3388 2461 3640 2519 παθόντος
3695 2457 3789 2510 ἀν-

2182 2554 2492 2623 αμαρτήτως
2518 2544 2612 2599 διὰ
2640 2551 2733 2608 τάς
2760 2550 2851 2608 τὰς
2882 2549 3142 2620 ἁμαρτίας
3174 2550 3335 2619 ἡμῶν,
3374 2550 3525 2619 ἡμεῖς
3556 2545 3785 2604 ἀνέστη-

2180 2658 2269 2710 μεν
2300 2655 2311 2667 ⁸
2343 2634 2437 2689 διὰ
2486 2645 2639 2688 τοῦτο
2690 2640 2820 2709 πρὸς
2849 2642 3108 2688 πίστωσιν
3155 2644 3245 2688 τοῦ
3284 2641 3582 2709 μυστηρίου
3628 2637 3778 2693 ἐτέθη

2181 2729 2361 2779 οὑτοσὶ
2409 2728 2434 2777 ό
2490 2729 2675 2793 κανὼν,
2729 2730 2818 2777 καὶ
2874 2724 3149 2799 ἐκράτησε,
3208 2731 3297 2777 καὶ
3354 2730 3607 2799 κρατείτω
3638 2742 3651 2756 ’
3682 2726 3782 2777 οὐκ

2181 2817 2285 2889 ἄρα
2336 2812 2395 2867 δὲ
2462 2814 2852 2887 ἁμαρτάνουσιν
2924 2816 2973 2866 οἱ
3020 2820 3251 2887 μοναχοὶ
3329 2819 3560 2886 κρυφίως
3650 2819 3780 2885 γόνυ

2180 2905 2432 2965 κλίνοντες
2507 2906 2555 2955 ἓν
2622 2907 2835 2966 ταύταις
2906 2911 3018 2964 ταῖς
3092 2906 3313 2976 ἡμέραις
3346 2921 3357 2934 ·
3427 2907 3782 2977 κατακρίτους

2180 2996 2280 3067 γὰρ
2353 2993 2565 3053 ἑαυτούς
2621 2998 2949 3059 ποιήσαντες,
3027 2998 3115 3045 καὶ
3173 2995 3325 3045 οἱονεὶ
3391 2992 3639 3052 ἑκουσίως
3690 2990 3781 3063 ἐμ-

2179 3082 2672 3155 πεφυλακισμένους,
2740 3082 3032 3154 ὀφείλουσιν
3109 3083 3185 3134 ἀεὶ
3259 3080 3389 3153 βοᾷν
3470 3085 3599 3155 πρὸς
3674 3084 3779 3132 Κύ-

2176 3191 2307 3245 ριον,
2350 3177 2439 3224 καὶ
2480 3172 2716 3231 ἑκζητείν
2753 3168 2848 3223 διὰ
2878 3176 3231 3233 ταπεινώσεως
3262 3175 3353 3228 τὴν
3387 3172 3713 3242 συμπάθειαν
3756 3185 3770 3198 ⁸

2177 3260 2235 3311 οὐ
2282 3262 2384 3333 γάρ
2434 3260 2547 3313 ἐστι
2589 3269 2809 3332 μοναχῷ
2854 3262 2938 3313 ἐπὶ
2986 3268 3081 3320 τῆς
3132 3253 3228 3331 γῆς
3276 3259 3448 3333 ἑορτὴ,
3503 3261 3638 3311 κατά
3684 3262 3775 3310 τὸν

2176 3349 2387 3401 εἰπόντα
2398 3394 2410 3406 ,

2246 3437 2312 3509 γ’.
2348 3438 2556 3511 Ἐρὼτ.
2592 3437 2708 3490 Ἐάν
2759 3457 2835 3498 τις
2876 3440 3075 3512 ἥμαρτε
3103 3441 3361 3495 ποσότητί
3412 3456 3465 3489 τε
3503 3442 3593 3489 καὶ
3622 3442 3779 3489 ποιό-

2174 3545 2292 3584 τητι
2344 3527 2437 3578 οὐκ
2489 3526 2641 3597 ὀλίγα
2693 3535 2791 3578 τῶν
2846 3536 3153 3598 σωματικῶν
3204 3526 3614 3600 ἁμαρτημάτων,
3663 3527 3779 3579 εἶτα

2174 3615 2602 3687 ἐξωμολογήσατο
2677 3620 2766 3666 καὶ
2849 3613 3057 3678 ἐδέξατο
3112 3622 3449 3689 προσήκοντα
3521 3618 3780 3687 φάρμακα

2172 3712 2281 3766 τοῖς
2350 3707 2603 3767 τοιούτοις
2684 3703 3057 3776 ἁμαρτήμασι,
3123 3711 3213 3757 καὶ
3270 3706 3553 3779 εἰργάσατο
3611 3704 3776 3775 αὐτὰ,

2170 3796 2321 3847 πόθεν
2370 3796 2483 3865 ἔχει
2535 3802 2727 3864 γνῶναι
2775 3792 2819 3844 εἰ
2870 3802 3036 3846 ταῦτα
3092 3796 3158 3846 τὰ
3197 3794 3553 3869 προρρηθέντα
3594 3793 3775 3868 ἀμαρ-

2169 3886 2379 3953 τήματα
2444 3882 2581 3951 αύτῷ
2644 3881 2929 3954 ἀφέθησαν,
2995 3884 3129 3935 ὥστε
3193 3882 3545 3956 πληροφορίαν
3616 3890 3773 3954 σχεῖν

2168 3979 2239 4041 τῷ
2277 3970 2512 4043 λογισμῷ
2544 3976 2659 4044 περὶ
2698 3979 2797 4022 τῶν
2824 3975 3068 4023 τοιούτων
3096 3971 3302 4043 ἀγαθῶν
3332 3989 3344 4039 ;

2238 4058 2442 4115 Ἀπόκ.
2509 4057 2773 4113 Οὐδέποτέ
2842 4080 2916 4121 τις
2977 4062 3275 4133 εὑρίσκεται
3339 4068 3599 4134 μετανοῶν
3674 4065 3771 4112 καὶ

2168 4146 2649 4220 ἐξομολογούμενος,
2683 4149 2725 4200 εἰ
2778 4154 2850 4221 μὴ
2894 4158 3094 4223 πρῶτον
3136 4148 3349 4222 βεϐαίαν
3398 4158 3507 4221 σχῇ
3555 4147 3767 4216 ἐλπίδα,

2353 2993 2534 3045 ἑαυτοῦ
2545 3012 2565 3053 ς
2621 2998 2743 3051 ποιή
2754 3012 2949 3059 σαντες,

2167 4237 2247 4287 ὅτι
2275 4236 2391 4289 Ἐὰν
2445 4236 2905 4310 ἐξομολογήσωμαι
2960 4240 3222 4313 καθαρῶς,
3255 4245 3344 4291 καὶ
3400 4235 3670 4300 καταδέξω
3702 4241 3770 4291 τὰ

2167 4323 2423 4398 ἐπιτίμια,
2476 4329 2531 4378 ἐκ
2580 4331 2771 4390 παντὸς
2816 4333 3087 4399 γενήσεταί
3142 4348 3231 4400 μοι
3287 4330 3467 4401 ἄφεσις
3501 4345 3514 4357 '
3555 4326 3663 4379 ἐπεὶ
3708 4324 3767 4381 δὲ

2168 4414 2431 4488 ἀφορῶμεν
2492 4418 2540 4467 οἱ
2592 4418 2856 4491 ἄνθρωποι
2909 4422 3039 4493 πρὸς
3102 4422 3157 4469 τό
3197 4418 3393 4477 πλῆθος
3447 4425 3546 4469 τῶν
3576 4419 3766 4488 ἡμετέ-

2165 4516 2265 4577 ρών
2296 4507 2652 4577 πταισμάτων,
2716 4512 2804 4559 καὶ
2844 4510 2995 4560 οἱονεὶ
3046 4506 3093 4558 ἐν
3126 4503 3404 4579 δισταγμῷ
3472 4526 3574 4559 τινι
3630 4508 3768 4579 εὑρι-

2168 4596 2399 4665 σκόμεθα
2449 4603 2543 4657 τῆς
2588 4594 2784 4657 πολλῆς
2826 4601 2944 4670 περὶ
2989 4598 3123 4668 ἡμᾶς
3152 4604 3244 4649 τοῦ
3291 4603 3424 4649 Θεοῦ
3470 4595 3767 4668 φιλανθρω-

2165 4688 2308 4751 πίας,
2374 4680 2467 4736 διά
2540 4692 2688 4737 τοῦτο
2744 4689 3132 4759 καταφεύγομεν
3197 4689 3323 4759 πρὸς
3396 4689 3517 4747 τοὺς
3574 4683 3767 4738 ἀναδό-

2164 4792 2296 4844 χους
2328 4774 2406 4846 (3)
2446 4776 2613 4846 ἡμῶν,
2667 4774 3017 4848 ἐξαιτούμενοι
3046 4780 3137 4834 τὴν
3186 4775 3379 4829 τελείαν
3426 4777 3609 4847 ἄφεσιν
3670 4772 3769 4827 διὰ

2165 4870 2256 4923 τῆς
2318 4865 2592 4924 επιθίσεως
2646 4874 2744 4916 τῶν
2823 4874 3015 4936 χειρῶν
3082 4864 3272 4931 αὐτῶν,
3351 4864 3766 4936 ἀντιπροσώπων

2167 4948 2295 5004 εἶναι
2379 4956 2779 5026 πεπιστωμὲνων
2852 4962 2944 5007 τοῦ
3026 4957 3260 5030 αἳροντος
3345 4957 3433 5015 τὰς
3508 4953 3768 5026 ἁμαρτίας

2166 5042 2334 5113 ἡμῶν.

2238 5128 2309 5184 δ’.
2342 5131 2551 5207 Ἐρώτ.
2584 5134 2699 5186 Ἐάν
2729 5152 2804 5194 τις
2833 5137 3106 5206 προσπέσῃ
3160 5129 3253 5185 διά
3282 5152 3336 5185 τε
3363 5132 3519 5204 λόγου
3571 5130 3763 5204 ἀργοῦ,

2164 5220 2194 5279 ἦ
2249 5217 2343 5273 διὰ
2389 5228 2765 5298 κατακρίσεως,
2815 5223 2843 5281 ἦ
2898 5221 3236 5297 ἀνακρίσεως,
3271 5223 3301 5282 ἡ
3358 5220 3758 5297 μωρολογίας,ἡ

2823 4874 3015 4939 χειρῶν
3082 4864 3272 4931 αὐτῶν,

1971 5402 2193 5499 Now.

472 5566 550 5643 (3)
575 5563 868 5644 Ἀνάδοχοι
894 5570 1075 5643 vulgo
1098 5571 1380 5632 dicuntur
1401 5581 1766 5649 susceptare:
1794 5577 1856 5634 in
1883 5577 2189 5651 baptismo.
2221 5580 2319 5637 Hic
2346 5584 2548 5640 tamen
2568 5580 2932 5654 intelligendi
2963 5581 3248 5640 videntur
3272 5579 3654 5639 confessarii.
