4058 6274
242 279 398 367 1733‘

1505 288 1564 345 s.
1604 286 1972 345 THEODORI
2012 288 2345 347 STUDIT/E
2402 370 2405 373 _

3463 298 3628 383 1734,

241 405 596 481 εὐτραπελίας,
661 410 691 469 ἢ
756 410 917 471 ἄλλως
969 408 1062 464 διὰ
1127 412 1359 483 γλώττης
1414 412 1692 487 ἁμαρτίας,
1761 415 1852 467 καὶ

1963 414 2052 471 vel
2091 416 2318 486 jocosis
2360 417 2577 484 verbis,
2610 417 2705 474 vel
2742 419 3051 489 jactantia,
3081 425 3185 476 aut
3226 420 3346 479 alio
3383 421 3605 492 linguas

240 494 436 567 ἐπιγνῷ
500 504 589 551 καὶ
663 509 902 572 καταγνῷ
966 501 1171 565 ἑαυτοῦ,
1242 506 1293 554 τί
1369 502 1555 574 ὀφείλει
1628 511 1849 562 ποιῆσαι

240 584 561 644 ἁντισηκοῦν
604 588 673 650 εἰς
725 592 999 662 μετάνοιαν
1044 589 1191 653 ἀξίαν
1236 596 1326 644 καὶ
1377 591 1446 653 εἰς
1490 592 1847 669 πληροφορίαν

237 681 335 725 τοῦ
368 671 508 727 ἰδίου
534 677 791 750 λογισμοῦ
822 695 837 745 ;

314 764 524 821 Ἀπόκ.
576 774 739 820 Τοῦτο
797 769 892 821 οὐκ
958 772 1073 822 ἔστι
1124 775 1490 843 νομοκανόνου,
1562 769 1690 823 ἀλλὰ
1752 781 1846 832 τῆς

236 864 557 926 μοναχικῆς,
615 862 705 909 καὶ
762 861 828 920 ὠς
886 859 945 909 iv
992 862 1128 912 εἴποι
1192 880 1266 920 τις
1311 859 1645 923 κοινοϐιακῆς
1687 879 1845 913 κατα-

239 946 478 1006 στάσεως
536 944 793 1018 ἀκρίϐεια,
852 950 1202 1021 καθημερινὰς
1264 952 1456 1021 ἔχοντα
1524 952 1619 1011 τὰς
1678 950 1845 1002 ἐπιτι-

237 1036 449 1102 μήσεις,
493 1034 522 1093 ἦ
571 1041 661 1088 καὶ
716 1034 1118 1109 ἑϐδομαδιαίας,
1165 1040 1336 1101 καθὼς
1370 1043 1603 1113 περιέχει
1655 1042 1721 1091 τὰ
1752 1047 1842 1091 τοῦ

234 1119 393 1192 ἁγίου
448 1124 714 1177 Βασιλείου
747 1126 992 1199 ἐνκρυφῆ,
1052 1132 1140 1180 καὶ
1170 1136 1268 1179 τῶν
1303 1131 1433 1200 μετὰ
1463 1136 1629 1180 ταῦτα
1682 1126 1841 1199 ἁγίων

237 1216 503 1285 Πατέρων.
537 1214 658 1266 Οἷόν
696 1219 747 1268 τί
796 1237 930 1288 φημι
958 1234 971 1246 ·
1020 1216 1353 1289 Ῥᾳθυμήσας
1385 1237 1460 1278 τις
1511 1223 1599 1269 καὶ
1654 1217 1841 1270 ἀπονυ-

237 1300 438 1364 στάξας
490 1302 741 1367 ἑκουσίως
797 1306 846 1356 ἐν
884 1314 956 1376 τῷ
1006 1308 1178 1380 ὄρθρῳ
1243 1306 1347 1377 οὑχ
1399 1307 1578 1379 εὑρέθη
1616 1324 1627 1336 ’
1686 1315 1838 1360 τοῦτο

231 1388 741 1466 ἐξομολογησάμενος
786 1403 863 1465 τῷ
915 1400 1083 1467 Πατρὶ
1129 1396 1314 1461 αὑτοῦ,
1368 1396 1542 1447 ἔλαϐεν
1584 1395 1837 1468 ἐπιτίμιον

234 1478 559 1554 ξηροφαγίαν
607 1484 767 1556 ἄρτου
814 1488 901 1535 καὶ
949 1480 1167 1554 ὑδατός,
1223 1489 1311 1536 καὶ
1342 1493 1630 1555 ’μετανοιῶν
1676 1490 1839 1538 ποσό-

232 1586 395 1629 τητος
447 1574 613 1622 τόσων
660 1575 750 1623 καὶ
808 1576 972 1624 τόσων
1032 1575 1168 1625 κατὰ
1218 1577 1310 1631 την
1366 1574 1561 1647 ἡμέραν
1618 1576 1832 1632 ἐκείνην.

235 1657 419 1719 Οὑτως
468 1664 732 1732 νοήσωμεν
762 1665 851 1713 καὶ
896 1663 963 1713 τὰ
990 1661 1145 1714 λοιπὰ
1194 1664 1330 1714 κατὰ
1377 1666 1563 1734 τρόπον
1619 1659 1837 1715 παιδεύ-

236 1764 369 1807 σεως
399 1749 740 1823 εὑρισκόμενα
766 1754 897 1825 πρὸς
925 1753 1046 1812 τοὺς
1082 1747 1556 1823 καταδεχομένους.

1961 510 2226 575 peccato,
2258 511 2315 560 et
2342 511 2538 562 tamen
2587 508 2889 580 resipiscat
2915 515 2970 564 et
3002 514 3186 564 semet
3214 510 3605 579 condemnet;

1958 594 2105 665 quid
2127 595 2177 648 ei
2196 596 2498 663 agendum
2520 601 2627 661 est,
2652 598 2815 668 quod
2839 598 3014 668 justas
3041 599 3405 669 poenitentiae
3424 600 3607 673 aequi-

1958 682 2198 753 polleat,
2231 689 2286 738 et
2311 685 2495 740 animi
2526 686 2615 740 sui
2647 685 2826 741 ﬁdem
2860 687 3036 743 faciat
3064 686 3093 741 ?

2030 774 2197 841 Resp.
2230 773 2351 827 Hoc
2390 790 2510 828 non
2542 775 2789 846 pertinet
2828 776 2906 831 ad
2950 792 3460 846 nomocanonem;
3498 778 3606 834 sed

1956 867 2043 937 est
2070 862 2442 918 monachalis
2469 880 2538 917 ac
2566 864 2741 918 veluti
2764 864 3132 921 cosnobiticae
3159 867 3292 921 vitae
3324 882 3602 922 severum

1955 949 2239 1020 ofﬁcium,
2299 950 2712 1022 quotidianam
2769 968 2944 1022 agere
3002 955 3437 1024 paenitentiam,
3500 960 3603 1011 aut

1952 1038 2515 1106 hebdomadariam,
2567 1040 2716 1096 sicut
2753 1048 2840 1096 est
2869 1042 2928 1096 in
2960 1044 3148 1098 sancti
3197 1044 3386 1099 Basilii
3419 1058 3605 1099 secre-

1954 1127 2222 1194 tioribus,
2284 1135 2341 1183 et
2389 1135 2733 1184 sanctorum
2784 1130 3065 1203 deinceps
3114 1134 3373 1188 Patrum.
3427 1133 3599 1189 Verbi

1952 1217 2161 1286 gratia,
2193 1217 2364 1272 deses
2390 1217 2602 1289 aliquis
2619 1223 2675 1273 et
2695 1218 3027 1274 dormitans
3050 1225 3283 1290 sponte,
3306 1220 3601 1278 matutino

1951 1304 2147 1361 ofﬁcio
2180 1322 2301 1361 non
2345 1305 2514 1362 affuit
2544 1323 2555 1360 :
2585 1323 2769 1379 quam
2820 1324 2945 1363 rem
2998 1309 3147 1364 Patri
3189 1327 3296 1365 suo
3350 1310 3598 1382 spiritali

1949 1395 2275 1457 confessus,
2306 1398 2665 1466 poenitentiae
2686 1397 2816 1452 loco
2835 1397 3062 1468 accepit
3079 1398 3382 1454 aridorum
3405 1415 3596 1465 esum,

1946 1484 2004 1538 id
2037 1490 2123 1538 est
2149 1486 2322 1553 panis
2362 1490 2417 1539 et
2446 1501 2640 1556 aqure,
2673 1492 2727 1540 et
2764 1492 2989 1541 certum
3025 1491 3461 1543 metanmarum
3493 1504 3596 1543 nu-

1948 1588 2179 1627 merum
2206 1572 2304 1628 illo
2333 1573 2427 1628 die
2454 1573 2884 1630 faciendarum.
2924 1576 3014 1631 Sic
3041 1576 3218 1632 etiam
3251 1564 3480 1648 reliqua
3510 1578 3595 1632 in-

1946 1661 2297 1731 telligemus,
2330 1678 2463 1734 quae
2486 1664 2852 1718 emendandi
2879 1680 3062 1719 causa
3091 1670 3227 1721 sunt
3258 1666 3595 1737 excogitata

1865 1751 1904 1803 Β
1946 1765 2088 1820 erga
2118 1750 2247 1807 illos
2278 1752 2380 1823 qui
2407 1767 2477 1807 ea
2502 1752 2828 1822 excipiunt.

1110 2105 1531 2200 P(EN/E
1595 2103 2698 2201 MONASTERIALES.

231 2449 312 2505 A'.
346 2449 703 2529 Τοξόσίου.
749 2450 999 2529 Πατρός
1046 2448 1222 2529 ἡμῶν
1258 2451 1379 2529 οιαὶ
1434 2445 1832 2529 όμολογητοὺ

306 2517 651 2593 Θεοδώρου
682 2515 1201 2593 ἡγουμένου-τῶν
1258 2515 1576 2593 Στουδίου
1631 2515 1832 2570 ἐπιτί-

306 2612 441 2664 μια,
485 2587 679 2664 Κοινά
715 2587 823 2651 τῆς
856 2587 1006 2651 ’ὅλης
1050 2587 1486 2664 ἀδελφότητος
1554 2590 1659 2664 ἐπὶ
1713 2598 1829 2641 τῶν

303 2661 836 2737 παραλειπόντων
901 2665 957 2715 ἐν
1015 2670 1084 2735 τῇ
1147 2661 1495 2733 Ἐκκλησία
1562 2661 1652 2723 εἰς
1723 2665 1829 2713 τὸν

303 2754 559 2789 κανονα.

301 2859 471 2932 [Cod.
504 2861 628 2915 Vat.
687 2857 809 2923 430,
860 2856 900 2913 ι.
957 2857 1026 2912 so
1083 2856 1147 2913 b.
1197 2857 1392 2912 Ottob.
1446 2855 1569 2921 εει),
1627 2855 1667 2910 r.
1719 2856 1824 2926 ιο]

228 2948 299 3003 α’.
325 2948 383 3001 '0
436 2952 506 3020 μὴ
539 2948 902 3019 εὑρισκόμενος
932 2946 1001 3007 εἰς
1035 2949 1129 3004 τὴν
1183 2942 1388 2998 εἴσοδον
1417 2953 1509 2997 τοῦ
1547 2944 1705 3006 Δόξα
1770 2943 1826 2995 ἐν

228 3038 559 3109 ὑψίστοις,
591 3036 708 3089 ἄνευ
741 3035 1003 3096 ἀσθενείας
1047 3036 1075 3093 ἦ
1129 3035 1300 3109 ἑτέρας
1326 3035 1538 3105 εὐλόγου
1567 3041 1824 3105 κατοχῆς,

226 3128 278 3179 ἓν
343 3133 405 3198 τῇ
461 3125 666 3198 εὐλογίᾳ
713 3128 901 3196 μενέτω
954 3128 1182 3195 κεκυφὼς
1243 3127 1408 3195 μέχρι
1476 3121 1827 3196 παρελεύσεως

224 3224 324 3269 τῶν
380 3211 634 3286 ἀδελφῶν,
700 3213 1051 3284 ἐξαιτούμενος
1109 3218 1459 3286 συγχώρησιν
1525 3228 1538 3243 ·
1598 3217 1687 3263 καὶ
1730 3209 1826 3263 εἷθ’

225 3304 386 3364 οὑτως
413 3303 712 3375 λαμϐανέτω
742 3306 836 3360 τὴν
867 3302 1118 3373 εὐλογίαν.

299 3391 373 3466 β’·
401 3392 459 3446 Ὁ
475 3394 844 3465 ὑστερούμενος
862 3399 953 3443 τοῦ
976 3389 1273 3462 ἐξαψάλμου
1306 3402 1352 3460 ι,
1376 3393 1744 3464 παρέστηκέτω
1775 3388 1823 3440 ἐν
1854 3404 1894 3456 ο

224 3490 288 3556 τῇ
315 3481 547 3557 τραπέζῃ
568 3499 581 3511 ·
611 3481 654 3533 εἰ
677 3477 735 3533 δὲ
760 3483 1083 3552 καθίσματος
1110 3480 1156 3546 b,
1183 3477 1414 3551 βαλλέτω
1436 3479 1532 3530 ἀνὰ
1552 3482 1824 3550 μετανοίας

227 3573 307 3626 ιε’.
341 3574 485 3624 Μετὰ
513 3573 600 3622 τόν
640 3569 932 3641 ἐξάψαλμον
973 3569 1305 3643 ἐξερχόμενος
1336 3569 1364 3626 ἢ
1420 3572 1822 3642 περιερχόμενος

222 3662 345 3713 ἄνευ
375 3661 729 3732 ὑπομνήσεως,
754 3662 1134 3732 παραστηκέτω
1164 3656 1211 3708 ἐν
1243 3664 1305 3729 τῇ
1340 3658 1593 3731 τραπέζῃ.

295 3748 368 3820 γ’.
416 3748 473 3800 '0
512 3751 583 3820 μὴ
640 3746 975 3815 ἀνιστάμενος
1026 3747 1119 3807 ἕως
1161 3752 1253 3798 τοῦ
1296 3752 1670 3812 πεντηκοστοῦ,
1734 3745 1822 3808 ξη-

219 3839 535 3915 ροφαγείτω.

299 3922 369 3980 δ’.
400 3925 458 3978 '0
512 3928 597 3978 τόν
649 3924 761 3977 ὅλον
803 3925 993 3976 κανόνα
1049 3936 1073 3967 ο
1129 3922 1622 3997 ἀπολιμπανόμενος,
1667 3923 1821 3999 ξηρο-

218 4020 415 4089 φαγίαν
435 4014 717 4067 ἁκάθιστον
751 4012 1081 4087 ἐπιτιμάσθω
1095 4058 1106 4070 ,

296 4104 355 4160 ε’.
404 4103 463 4156 Ὃ
501 4107 571 4175 μὴ
629 4105 827 4175 φθάνων
882 4103 952 4164 εἰς
989 4106 1045 4155 τό
1080 4107 1351 4176 προοίμιον
1405 4102 1628 4164 ἑκάστης
1662 4103 1817 4175 ὧρας,

220 4201 295 4266 τῷ
342 4196 584 4265 ἐπιτιμίῳ
635 4191 1003 4244 ὑποϐαλλέσθω
1055 4198 1145 4243 τοῦ
1202 4196 1272 4264 μὴ
1334 4193 1700 4267 εὑρισκομένου
1752 4191 1819 4251 εἰς

218 4285 281 4335 τὸ
308 4282 464 4345 Δόξα
503 4281 559 4333 ἐν
598 4281 876 4351 ὑψίστοι
900 4302 940 4344 ς.

296 4371 366 4437 ς’.
425 4370 483 4423 '0
537 4370 1012 4443 ἁπολιμπανόμενος
1059 4377 1149 4423 τοῦ
1201 4368 1542 4443 προκειμὲνου
1591 4368 1817 4431 ἑκάστης

218 4464 374 4536 ὧρας,
401 4464 431 4520 ἦ
461 4466 549 4513 καὶ
570 4460 657 4520 ἓως
686 4460 879 4529 τέλους,
910 4460 1289 4534 ξηροφαγείτω.

296 4550 362 4613 ζ’.
415 4548 473 4602 Ὀ
534 4552 606 4622 μὴ
674 4549 1035 4622 εὑρισκόμενος
1097 4547 1200 4600 ἀπὸ
1270 4556 1358 4608 τῆς
1424 4547 1688 4621 ἐνάρξεως,
1746 4554 1816 4617 τῷ

219 4640 465 4710 ἐπιτιμίῳ
516 4637 881 4691 ὑποϐαλλέσθω
933 4638 1024 4690 τοὺ
1080 4642 1151 4710 μὴ
1204 4638 1569 4711 εὑρισκομένου
1630 4637 1703 4699 εἰς
1757 4639 1815 4688 τό

220 4729 381 4791 Δόξα
416 4730 475 4780 ἓν
514 4727 847 4798 ὑψίστοις.

292 4817 361 4875 η’.
387 4817 446 4870 Ὁ
474 4824 563 4870 τοῦ
612 4816 956 4889 μεγαλείου
998 4820 1069 4889 μὴ
1104 4818 1397 4882 ὑπακούων,
1432 4818 1813 4891 παραστηκέτω

219 4908 269 4960 ἓν
299 4915 361 4981 τῇ
386 4906 641 4980 τραπέζῃ.

295 4996 355 5051 θ’.
383 4996 442 5049 '0
472 4998 787 5068 ἓναπομένων
827 4995 921 5058 ἔξω
950 5003 1049 5047 τῶν
1082 4997 1270 5067 θυρῶν,
1299 4994 1676 5068 ξηροφαγείτω.

294 5085 345 5141 ι’.
378 5085 436 5137 '0
485 5089 556 5157 μή
594 5093 847 5138 κοινωνῶν
899 5085 1014 5139 κατ’
1078 5080 1218 5137 ἰδίαν
1285 5090 1518 5158 γνώμην,
1573 5082 1811 5158 ἀφοριζέ-

218 5178 330 5231 σθω
355 5177 551 5247 ἡμέραν
583 5178 727 5244 μίαν.

291 5263 382 5321 ια’.
411 5262 470 5315 Ὀ
500 5262 547 5314 ἐν
598 5267 836 5337 ἒπιτιμίᾳ
887 5263 975 5328 ὢν,
1006 5268 1092 5318 καὶ
1124 5268 1193 5336 μὴ
1248 5264 1634 5338 παριστάμενος
1682 5263 1813 5333 μετὰ

215 5363 318 5408 τῶν
374 5357 781 5424 κατήχουμένων
834 5355 881 5405 ἓν
937 5361 1009 5405 τῶ
1073 5354 1298 5428 νάρθηκι
1343 5361 1434 5412 τῆς
1484 5352 1811 5424 λειτουργίας

216 5443 625 5515 ἕπιτελουμένης,
652 5446 927 5514 μετανοίας
965 5440 1192 5516 βάλλέτω
1223 5446 1557 5501 πεντήκοντα.

1941 2447 1983 2501 l.
2009 2448 2219 2519 Sancti
2242 2446 2437 2502 Patris
2464 2449 2651 2503 nostri
2671 2454 2723 2504 et
2751 2450 3102 2519 confessoris
3129 2451 3419 2508 Theodori
3435 2465 3589 2519 prae-

2011 2518 2379 2593 sidis_Sludii
2401 2535 2611 2593 plena.
2651 2520 2726 2575 El
2756 2522 2949 2588 primo
2981 2523 3217 2593 quidem
3251 2518 3586 2578 communes

2012 2590 2117 2664 loli
2115 2590 2512 2664 fraternitati
2531 2591 2813 2647 adversus
2836 2608 2928 2649 eos
2949 2590 3053 2663 qui
3074 2602 3283 2649 contra
3308 2594 3586 2664 regulam

2008 2660 2072 2716 in
2101 2661 2373 2718 Ecclesia
2397 2667 2670 2731 peccant.

2011 2855 2062 2907 1.
2098 2855 2207 2919 Qui
2226 2870 2347 2910 non
2378 2853 2706 2911 interfuerit
2736 2855 2899 2911 initio
2921 2860 3131 2912 cantus
3149 2857 3358 2914 Gloria
3387 2858 3449 2914 in
3481 2874 3588 2917 ea:-

1937 2945 2126 3008 celsis,
2160 2944 2389 3014 absque
2426 2942 2764 3000 inﬁrmitate
2796 2945 2883 2999 vel
2915 2945 3031 3000 alio
3069 2946 3301 3017 probati
3333 2948 3587 3019 impedi-

1936 3038 2158 3097 mento,
2191 3032 2337 3086 dum
2367 3031 2544 3086 datur
2581 3032 2934 3098 benedictio,
2967 3039 3206 3090 maneat
3232 3035 3582 3093 incurvatus

1934 3121 1992 3176 in
2015 3121 2266 3176 transitu
2280 3120 2547 3186 fratrum,
2571 3121 2806 3176 veniam
2824 3128 3029 3193 petens
3044 3138 3056 3188 ;
3074 3127 3254 3195 atque
3267 3124 3347 3180 ita
3364 3125 3582 3183 deinde

1935 3210 2189 3280 accipiat
2219 3208 2715 3264 benedictionem.

2004 3390 2054 3440 2.
2080 3385 2189 3451 Qui
2209 3400 2328 3441 non
2347 3384 2581 3441 auﬁ‘erit
2600 3386 3013 3457 hexapsalmo,
3042 3392 3153 3443 stet
3179 3388 3256 3444 ad
3280 3404 3578 3448 mensam.

1933 3474 2106 3541 Quod
2147 3474 2196 3528 si
2245 3474 2581 3530 cathismati
2629 3475 2899 3543 defuerit,
2950 3478 3230 3547 puniatur
3264 3481 3579 3536 metanceis

1930 3564 2360 3637 quindecim.Si
2377 3570 2509 3635 post
2523 3564 2983 3635 hexapsalmum
3000 3566 3359 3623 exiveritaut
3381 3568 3580 3624 obam-

1930 3652 2243 3718 bulaverit,
2273 3654 2401 3708 sine
2447 3652 2875 3719 admonitione,
2899 3658 3009 3709 stet
3034 3669 3259 3711 mensaa
3282 3660 3575 3729 tempore.

2002 3746 2053 3798 3.
2102 3742 2210 3807 Qui
2254 3748 2447 3798 rectus
2492 3758 2613 3797 non
2655 3743 2877 3798 steterit
2914 3758 3104 3814 usque
3148 3744 3228 3800 ad
3270 3746 3573 3816 psalmum

1930 3832 2523 3904 quinquagesimum,
2559 3830 2740 3886 aridis
2766 3837 3061 3887 vescatur.

2001 3924 2057 3976 4.
2098 3920 2206 3986 Qui
2247 3925 2436 3976 totum
2477 3934 2771 3975 canonem
2802 3919 3143 3988 deseruerit,
3180 3922 3365 3979 aridis
3407 3928 3576 3981 stans

1930 4010 2080 4066 vesci
2105 4010 2125 4080 j
2137 4009 2408 4068 ubeatur.

2001 4105 2056 4154 5.
2096 4097 2204 4165 Qui
2230 4113 2350 4152 non
2377 4095 2816 4152 adfueritinitio
2838 4097 3129 4168 cujusque
3159 4098 3343 4166 horae,
3377 4101 3573 4158 eidem

1928 4203 2122 4260 poenae
2162 4186 2512 4257 subjiciatur
2550 4191 2730 4259 atque
2758 4185 2853 4241 ille
2896 4186 2995 4257 qui
3025 4188 3227 4244 cantui
3267 4190 3474 4247 Gloria
3506 4191 3571 4247 in

1926 4277 2173 4334 excelsis
2204 4276 2479 4331 defuerit.

1997 4371 2047 4421 6.
2098 4366 2205 4431 Qui
2245 4365 2551 4421 recesserit
2596 4369 2731 4420 ante
2778 4366 3228 4436 responsorium
3275 4367 3570 4441 cujusque

1923 4455 2106 4521 horas,
2150 4453 2241 4527 vel
2282 4456 2460 4509 etiam
2498 4457 2635 4509 ante
2665 4454 2792 4523 ejus
2824 4453 3025 4520 ﬁnem,
3059 4455 3241 4510 aridis
3276 4462 3571 4514 vescatur.

1995 4550 2047 4600 7.
2078 4544 2187 4610 Qui
2226 4543 2392 4599 initio
2437 4558 2559 4598 non
2590 4542 2937 4609 interfuerit,
2970 4543 3162 4599 eidem
3208 4560 3403 4615 poenae
3435 4548 3572 4603 sub-

1920 4634 2161 4706 jiciatur
2204 4637 2383 4704 atque
2425 4632 2521 4687 ille
2567 4632 2669 4704 qui
2715 4632 2968 4689 defuerit
3013 4634 3212 4689 cantui
3258 4635 3464 4692 Gloria
3500 4636 3565 4692 in

1850 4756 1894 4810 ι)
1925 4722 2188 4781 excelsis.

1993 4812 2047 4867 8.
2075 4811 2185 4879 Qui
2207 4810 2508 4883 psalmum
2534 4810 2878 4883 magniﬁcal
2905 4826 3025 4866 non
3048 4810 3318 4876 audierit,
3353 4816 3463 4868 stet
3490 4813 3568 4870 ad

1925 4917 2223 4959 mensam.

1994 4996 2047 5047 9.
2080 4990 2189 5055 Qui
2214 4990 2496 5046 manserit
2519 4992 2683 5045 extra
2712 4988 2887 5053 fores,
2922 4987 3106 5044 aridis
3131 4994 3423 5045 vescatur.

1993 5082 2081 5135 to.
2126 5079 2236 5144 Qui
2285 5095 2395 5135 sua
2440 5079 2741 5135 voluntate
2785 5093 3017 5133 sacram
3070 5079 3562 5136 communionem

1921 5169 2204 5233 omiserit,
2235 5172 2401 5224 extra
2429 5167 2795 5223 consortium
2824 5164 2929 5221 ﬁat
2958 5181 3081 5222 uno
3108 5166 3227 5224 die.

1993 5261 2078 5315 11.
2159 5260 2269 5324 Qui
2337 5272 2531 5329 poenae
2604 5254 2974 5328 suppositus,
3041 5270 3163 5312 non
3239 5257 3568 5316 interfuerit

1919 5365 2055 5405 cum
2111 5348 2552 5405 catechumenis
2598 5346 2659 5400 in
2712 5344 2992 5400 narthece
3056 5344 3201 5401 dum
3261 5349 3565 5418 peragitur

1918 5438 2172 5509 liturgia,
2205 5436 2517 5493 metanmis
2549 5434 2897 5505 subjiciatur
2924 5433 3392 5506 quinquaginta.

286 5597 313 5625 ⁸
337 5586 570 5646 Confer.
602 5588 782 5647 Goar.
820 5604 879 5662 p.
909 5591 999 5654 27,
1028 5586 1103 5644 de
1126 5588 1378 5661 Hexaps.
1430 5578 1478 5643 ,δ
1498 5587 1674 5645 Goar.
1702 5584 1849 5642 ibid.
1872 5583 1948 5641 de
1972 5583 2346 5641 cathismate.
2421 5583 2443 5609 °
2467 5579 2640 5636 Goar.
2673 5593 2732 5650 p.
2761 5580 2848 5643 26,
2884 5575 2960 5633 de
2990 5590 3243 5634 canone.
