4058 6274
456 294 598 354 ms
1676 280 1928 347 POENE
1966 280 2593 346 MONASTERIALES.
3674 270 3829 350 αδδ

531 421 619 477 12.
652 414 759 485 Qui
794 432 931 475 cum
962 414 1265 484 fratribus,
1307 414 1537 489 absque
1562 415 1865 489 probabili
1900 430 2104 481 causa,

2289 413 2465 489 ιβ’.’0
2499 419 2629 488 μετὰ
2674 424 2771 469 τῶν
2820 412 3052 488 ἀδελφῶν
3110 416 3209 489 (le),
3263 414 3381 470 ἄνευ
3440 418 3647 490 εὐλόγου
3688 439 3819 494 προ-

458 509 537 566 ad
579 509 959 564 refectionem
1008 524 1128 563 non
1178 509 1420 573 venerit,
1471 514 1627 564 stare
1668 506 1971 575 jubeatur,
2014 505 2105 559 vel

2254 507 2438 571 άσεως,
2479 512 2547 578 μὴ
2600 506 2879 580 ἐρχόμενος
2928 507 2999 568 εἰς
3046 512 3139 565 τὴν
3190 506 3437 573 ἑστίασιν,
3494 514 3819 582 παρεστηκέ-

460 597 639 654 aridis
671 598 833 653 vesci
866 614 878 652 :
916 597 1007 651 vel
1032 597 1202 667 juxta
1231 612 1521 666 magnum
1553 594 1831 651 Bastlium
1867 599 2107 648 maneat

2254 617 2306 659 ω,
2336 600 2365 653 ἤ
2400 596 2773 669 ξηροφαγείτω,
2830 597 2857 654 ἦ
2914 599 3048 649 κατά
3096 600 3181 647 τὸν
3211 602 3372 668 μέγαν
3400 598 3665 650 Βασίλειον
3698 618 3818 671 μει-

455 687 803 757 impransus
844 701 1031 757 usque
1075 685 1153 740 ad
1202 690 1487 741 statutam
1538 685 1753 741 horam
1802 683 2106 754 sequentis

2254 686 2350 737 άτω
2374 686 2553 746 ἄσιτος
2583 687 2676 747 ἕως
2703 693 2795 746 τῆς
2850 688 3143 759 ὡρισμένης
3172 687 3305 758 ὧρας
3351 694 3412 759 τῇ
3464 686 3578 750 ἑξῆς
3621 690 3818 763 ἡμέρᾳ.

457 774 595 831 diei.

529 864 616 919 13.
668 864 773 929 Qui
824 863 947 919 sine
1001 864 1411 920 admonitione
1460 862 1709 919 ecclesia
1765 859 2105 925 excesserit,

2291 860 2379 933 ιγ’.
2432 862 2490 915 Ὀ
2546 861 2664 914 ἀνευ
2733 864 3075 935 ὑπομνήσεως
3123 862 3454 936 ἐξερχόμενος
3500 874 3596 927 τῆς
3634 866 3822 924 ἱκκλη·

456 952 591 1026 plus
621 969 807 1025 quam
851 952 1055 1019 semel,
1097 951 1184 1007 vel
1214 952 1432 1007 sederit
1460 954 1607 1007 dum
1653 950 1903 1021 singulas
1944 948 2106 1003 litur-

2257 954 2339 1012 ίας
2384 953 2517 1010 πλὴν
2562 958 2652 1003 τοῦ
2683 950 2842 1019 ἅπαξ,
2898 953 2927 1011 ἡ
2976 952 3315 1025 καθεζόμενος
3364 953 3592 1015 ἑκάστης
3651 953 3823 1007 ἐπιτε-

455 1043 569 1113 gias
616 1048 1003 1114 peraguntur,
1044 1046 1211 1098 extra
1239 1042 1396 1097 fores
1428 1041 1631 1097 altaris
1676 1042 1801 1095 sine
1834 1038 2106 1095 admoni-

2254 1045 2465 1111 ουμένης
2546 1040 2864 1112 λειτουργίας
2925 1040 3043 1093 ἆνευ
3114 1042 3454 1113 ὑπομνήσεως
3539 1046 3637 1116 πρὸ
3717 1052 3822 1096 τῶν

456 1132 634 1196 tione,
663 1131 871 1187 decem
901 1134 1208 1186 metanmis
1241 1132 1542 1202 puniatur.

2254 1136 2385 1203 υρῶν
2441 1138 2533 1181 τοῦ
2587 1132 2993 1203 θυσιαστηρίου,
3043 1130 3142 1182 ἀνὰ
3199 1127 3327 1183 δέκα
3373 1136 3649 1204 μετανοίας
3693 1130 3823 1205 βαλ-

2215 1215 2362 1274 λέτω,

543 1312 623 1366 Ui.
675 1309 953 1381 Quisquis
1008 1310 1194 1365 tribus
1240 1308 1643 1365 hebdomadas
1696 1306 2106 1364 catechesibus

2290 1302 2380 1360 ιδ’.
2438 1313 2546 1369 Πᾶς
2595 1309 2620 1359 ὁ
2672 1312 2742 1379 μὴ
2797 1308 3163 1382 εὑρισκόμενος
3238 1310 3287 1362 ἐν
3355 1316 3470 1371 ταῖς
3520 1312 3666 1383 τρισὶ
3724 1315 3823 1369 τῆς

458 1414 580 1456 non
610 1398 953 1463 interfuerit,
1004 1400 1233 1470 absque
1258 1399 1511 1454 honesta
1550 1414 1751 1468 causa,
1800 1396 1984 1452 aridis
2017 1410 2107 1450 ve—

2254 1391 2513 1467 ῗδομάδος
2580 1401 2967 1469 κατηχήσεσιν,
3036 1400 3155 1450 ἄνευ
3214 1398 3424 1469 εὐλόγου
3483 1399 3819 1472 προφάσεως,

463 1494 684 1544 scatur.

2254 1489 2595 1558 ηροφαγείτω.

532 1577 617 1631 15.
671 1575 780 1641 Qui
826 1590 947 1632 non
991 1573 1226 1631 affuerit
1273 1575 1547 1631 serotinze
1590 1574 1905 1639 catechesi,
1952 1578 2107 1628 stare

2290 1573 2368 1625 ιε’.
2426 1573 2484 1625 Ὀ
2541 1574 3019 1648 ἀπολιμπανόμενος
3081 1584 3171 1636 τῆς
3248 1574 3517 1651 ἐσπερινῆς
3572 1578 3826 1646 κατηχή-

455 1664 760 1736 jubeatur.

2258 1682 2318 1715 εω
2328 1683 2367 1729 ς,
2401 1668 2653 1721 στηκέτω.

531 1755 619 1807 16.
652 1754 929 1825 Quisquis
961 1752 1167 1808 audita
1193 1751 1349 1808 trina
1381 1752 1713 1823 pulsatione
1744 1766 1865 1806 non
1907 1749 2107 1806 statim

2292 1750 2384 1816 ις’.
2421 1758 2524 1813 Πᾶς
2550 1754 2576 1804 ὀ
2624 1752 2823 1805 ἁκούων
2853 1762 2944 1806 τοῦ
2988 1756 3411 1828 τρικρούσματος
3460 1753 3544 1806 ἐπὶ
3604 1757 3824 1817 παντὸς,

459 1842 820 1907 convenerit,
854 1839 1060 1912 viginti
1087 1841 1399 1896 metanosis
1434 1840 1732 1911 puniatur.

2254 1846 2309 1893 αὶ
2355 1846 2427 1912 μη
2472 1848 2851 1915 συνερχόμενος
2885 1846 3016 1915 μετὰ
3074 1840 3330 1909 σπουδῆς,
3396 1842 3493 1895 δινὰ
3556 1841 3604 1894 κ’
3667 1861 3829 1913 μετα·

2220 1935 2362 1991 νοίας
2388 1927 2635 2002 βαλλέτω.

532 2018 617 2071 17.
648 2013 927 2085 Quisquis
956 2013 1105 2070 ultra
1136 2018 1417 2069 statutam
1438 2012 1870 2067 relaxationem
1903 2010 2107 2066 obam-

2294 2018 2380 2081 ιζ’.
2413 2018 2471 2071 Ὁ
2506 2024 2645 2094 παρὰ
2673 2024 2764 2078 τὴν
2823 2024 3112 2094 ὡρισμένην
3167 2020 3342 2073 ἆνεσιν
3373 2019 3669 2085 ἀναπατῶν,
3728 2024 3827 2070 καὶ

463 2107 631 2165 bulet
657 2112 714 2161 et
758 2110 1002 2173 vagetur
1041 2104 1101 2159 in
1149 2104 1535 2167 monasterio,
1587 2117 1706 2157 uno
1736 2101 1831 2155 die
1876 2115 2107 2171 separe-

2254 2114 2621 2181 ἐριερχόμενος
2677 2109 2724 2161 ἐν
2773 2118 2845 2180 τῷ
2902 2114 3260 2182 μοναστηρίῳ,
3308 2109 3635 2185 ἀφοριζέσθω
3697 2112 3831 2180 ἡμέ-

472 2202 584 2254 tur.

2258 2216 2316 2248 αν
2341 2203 2481 2269 μίαν.

531 2286 617 2340 18.
652 2284 763 2353 Qui
787 2300 857 2339 ex
892 2298 1012 2339 una
1035 2282 1093 2337 in
1123 2282 1375 2337 alteram
1404 2279 1710 2337 ofﬁcinam
1747 2296 1808 2334 se
1829 2277 2107 2344 conferet,

2296 2285 2387 2344 ιη’.
2453 2286 2511 2338 Ὀ
2565 2285 2647 2359 ἀφ’
2716 2287 2888 2361 ἐτέρου
2949 2286 3295 2362 ἐργαστηρίου
3358 2288 3431 2350 εἰς
3483 2289 3646 2360 ἕτερον
3701 2306 3831 2359 μετ-

460 2376 591 2431 sine
625 2374 845 2430 idonea
874 2388 1074 2438 causa,
1109 2387 1228 2427 uno
1259 2370 1354 2426 die
1386 2373 1716 2441 separetur.

2254 2380 2504 2447 ρχόμενος
2590 2377 2709 2429 ἄνευ
2775 2379 3117 2440 καθηκούσης
3204 2377 3396 2444 αἰτίας,
3489 2375 3828 2452 ἀφοριζέσθω

2225 2464 2420 2539 ἡμέραν
2448 2470 2593 2537 μίαν.

534 2556 619 2611 19.
670 2552 779 2618 Qui
809 2556 943 2623 post
985 2566 1190 2622 preces
1221 2565 1357 2621 quae
1397 2564 1432 2604 a
1473 2563 1682 2603 mensa
1732 2543 2107 2615 surgentibus

2297 2552 2384 2605 ιϐ’.
2412 2552 2470 2605 '0
2522 2557 2653 2625 μετὰ
2680 2558 2774 2613 τὴν
2831 2554 2994 2626 εὐχὴν
3034 2565 3129 2616 τῆς
3177 2555 3230 2607 ἐκ
3261 2563 3356 2617 τῆς
3384 2555 3644 2629 τραπέζης
3683 2552 3824 2629 ἐγέρ-

458 2641 757 2704 dicuntur,
786 2655 905 2694 nou
928 2637 1177 2692 decedet
1198 2642 1374 2708 prout
1394 2636 1742 2692 ordinatum
1766 2641 1873 2701 est,
1904 2632 2107 2705 viginti

2254 2659 2348 2701 ἐως
2412 2646 2484 2713 μὴ
2544 2640 2708 2695 ἀπιὼν
2760 2644 2932 2704 καθὼς
2999 2640 3355 2711 διατέτακται,
3426 2642 3657 2716 βαλλέτω
3722 2641 3822 2694 ὄινὰ

460 2730 774 2785 metanmis
805 2727 1107 2798 puniatur.

2254 2736 2494 2793 ,ετανοίας
2521 2730 2588 2785 κ’.

491 2856 497 2863 ο
530 2822 617 2874 20.
647 2818 757 2883 Qui
782 2816 1093 2887 colloquiis
1121 2820 1253 2887 post
1281 2813 1744 2885 completorium
1771 2812 2107 2880 indulserit,

2292 2818 2357 2874 κ’.
2399 2819 2456 2877 Ὀ
2503 2823 2874 2892 συντυγχάνων
2919 2819 3019 2874 ἀπό
3067 2829 3166 2874 τῶν
3196 2818 3544 2888 ἀποδείπνων,
3593 2818 3821 2893 βαλλέτω

457 2906 742 2978 puniatur
771 2904 1086 2959 metanoeis
1116 2903 1577 2975 quinquaginta.

2254 2911 2317 2961 νὰ
2340 2914 2615 2980 μετανοίας
2640 2908 2703 2966 ν’.

527 2996 614 3050 21.
658 2995 934 3065 Quisquis
963 2994 1274 3064 operarius
1314 3008 1453 3047 cum
1484 2991 1718 3046 silentio
1750 3005 1873 3046 non
1898 3006 2107 3062 opere-

2289 2998 2391 3052 κα¹.
2432 3005 2541 3061 Πᾶς
2582 3001 2608 3051 ό
2657 2998 3090 3073 ἐργοχειριάστης
3131 3003 3203 3071 μὴ
3256 2998 3306 3051 έν
3356 3000 3568 3070 ἡσυχία
3604 2998 3821 3072 ἐργαζό-

458 3089 569 3151 tur,
601 3084 705 3140 sed
747 3099 888 3139 cum
918 3082 1167 3139 externis
1201 3083 1381 3138 verba
1414 3086 1764 3148 commutet,
1799 3080 1987 3135 biduo
2021 3096 2106 3135 se-

2254 3105 2387 3155 ,svog,
2450 3088 2579 3140 ἀλλὰ
2652 3086 2902 3140 ἀνακινῶν
2964 3088 3119 3152 ξένοις
3183 3088 3411 3161 ὁμιλίας,
3489 3086 3818 3163 ἀφοριζέσθω

454 3178 720 3247 paretur.

2254 3181 2414 3247 μέρας
2445 3173 2563 3233 δύο.

523 3267 613 3320 2'2.
647 3263 755 3329 Qui
786 3262 846 3317 in
885 3261 1153 3334 quolibet
1182 3260 1337 3316 furto
1377 3265 1719 3331 compertus
1751 3258 1946 3325 fuerit,
1985 3274 2105 3314 una

2287 3263 2392 3339 κβ¹.
2445 3265 2503 3317 '0
2558 3267 2921 3341 εὑρισκόμενος
2977 3265 3060 3319 ἐπὶ
3107 3271 3263 3319 παντὶ
3314 3264 3590 3338 κλέμματι,
3642 3265 3819 3337 ἀφορι-

452 3352 841 3409 hebdomada
871 3357 1195 3422 separetur.

2254 3357 2385 3407 έσθω
2415 3352 2689 3428 ἑϐδομάδα
2713 3361 2857 3427 μίαν.

526 3442 615 3497 23.
636 3441 745 3507 Qui
773 3449 983 3512 praeter
999 3440 1250 3495 modum
1272 3439 1509 3505 clamet,
1535 3438 1771 3507 triginta
1794 3437 2105 3493 metanaais

2286 3444 2388 3515 κγ’.
2441 3445 2498 3497 Ὁ
2555 3446 2867 3518 κραυγάζων
2920 3447 3062 3518 παρὰ
3116 3448 3175 3497 τὸ
3228 3444 3383 3508 εἰκός,
3436 3440 3665 3517 βαλλέτω
3723 3443 3819 3495 ὀινὰ

454 3533 759 3604 puniatur.

2254 3538 2490 3594 ηετανοίας
2520 3532 2579 3588 λ’.

526 3623 617 3676 24.
643 3619 698 3675 Si
726 3618 1059 3690 quidquam
1075 3616 1295 3672 alicubi
1316 3618 1480 3688 apud
1504 3616 1764 3689 aliquem
1778 3616 2107 3688 deprehen-

2287 3620 2392 3676 κδ’.
2455 3622 2568 3674 Ἐὰν
2622 3624 2799 3695 εὑρεθῇ
2855 3628 2958 3675 τινὶ
2999 3625 3136 3675 κατὰ
3188 3624 3360 3675 πάντα
3423 3627 3601 3685 τόπον,
3652 3620 3814 3695 πάρεξ

457 3708 650 3773 detur,
674 3708 826 3763 ultra
849 3723 919 3762 ea
935 3721 1070 3778 quae
1086 3721 1226 3761 cum
1247 3705 1661 3761 benedictione
1674 3706 1818 3761 data
1837 3705 2103 3770 fuerunt;

2254 3719 2314 3762 ῶν
2381 3708 2669 3783 δεδομένων
2727 3714 2835 3783 μετ’
2888 3711 3145 3783 εὐλογίας,
3209 3719 3372 3764 ταῦτα
3427 3714 3516 3784 μεν
3587 3709 3820 3784 ἀφαιρεί-

456 3795 602 3852 illud
623 3796 870 3869 quidem
891 3795 1212 3859 auferatur,
1236 3794 1362 3865 ipse
1384 3800 1583 3850 autem
1605 3794 1791 3850 aridis
1812 3800 2103 3850 vescatur.

2258 3802 2348 3865 θω,
2379 3799 2561 3861 ἐκεῖνος
2589 3797 2646 3852 δε
2677 3801 3051 3875 ξηροφαγείτω.

526 3890 615 3941 25.
664 3885 721 3942 Si
774 3886 909 3957 quis
950 3883 1177 3955 aliquid
1227 3883 1637 3939 inconfessum
1688 3884 1961 3952 retineat,
2014 3884 2106 3939 vel

2286 3888 2375 3941 κε’.
2411 3890 2529 3942 Ἐὰν
2577 3909 2657 3951 τις
2710 3892 2810 3962 ἔχη
2846 3888 3210 3962 ἁνεξάγγελτόν
3257 3909 3328 3956 τι,
3384 3893 3414 3948 ἦ
3450 3894 3537 3941 καὶ
3568 3890 3685 3941 ἄνευ
3716 3895 3818 3939 τῶν

454 3976 634 4032 etiam
652 3975 937 4047 cuiquam
961 3978 1172 4044 printer
1184 3972 1514 4029 destinatos
1538 3973 1914 4038 conﬁteatur,
1939 3988 2107 4045 sepa-

2256 3983 2510 4051 ρισμένων
2600 3979 2875 4052 έξαγγέλλη
2968 3984 3090 4050 τινὶ,
3182 3977 3510 4051 ἀφοριζέσθω
3617 3979 3817 4050 ἡμέραν

454 4070 613 4122 retur
643 4080 763 4121 uno
790 4064 902 4119 die.

2259 4071 2362 4123 ίαν.

526 4158 615 4211 26.
647 4155 703 4210 Si
728 4155 863 4226 quis
888 4152 1109 4225 elapsis
1136 4152 1375 4208 duabus
1391 4152 1790 4208 hebdomadis
1820 4168 1943 4210 non
1968 4168 2106 4210 con-

2284 4157 2391 4222 κς¹.
2458 4158 2572 4211 Ἐάν
2618 4177 2698 4219 τις
2754 4154 3107 4232 διερχομένων
3156 4156 3209 4230 β’
3257 4153 3569 4229 ἑϐδομάδων
3610 4160 3681 4228 μὴ
3739 4154 3823 4217 ἑξ-

451 4243 691 4301 ﬂteatur
718 4244 977 4315 praesidi,
1006 4248 1317 4313 separetur
1349 4257 1467 4299 uno
1499 4242 1616 4298 die.

2255 4247 2427 4321 γγείλη
2501 4247 2568 4308 εἰς
2636 4251 2721 4299 τόν
2798 4249 3099 4319 ἡγούμενον,
3198 4246 3533 4320 ἀφοριζέσθω
3620 4249 3819 4319 ημέραν

2222 4357 2367 4409 μιαν.

2290 4426 2391 4487 κζ’.
2438 4428 2515 4480 Ἐἰ
2563 4446 2644 4487 τις
2671 4430 2809 4488 τινός
2843 4424 3086 4498 ἀνέχεται
3125 4425 3557 4492 καταλαλοῦντος,
3606 4429 3696 4477 καὶ
3743 4428 3816 4497 μὴ

2218 4519 2376 4577 αὐτὸς
2429 4512 2864 4586 ἓπιδιορθώσεται
2912 4519 2998 4567 τὸν
3056 4515 3460 4582 καταλαλοῡντα,
3519 4516 3549 4574 ἡ
3602 4518 3673 4585 μὴ
3738 4513 3826 4566 ἀν-

527 4424 615 4475 27.
650 4421 706 4477 Si
754 4420 890 4492 quis
939 4424 1152 4492 sponte
1200 4420 1404 4476 audiat
1450 4419 1868 4486 detractorem,
1910 4436 2107 4493 neque

455 4509 618 4565 hunc
660 4510 932 4581 corrigat,
969 4510 1060 4565 vel
1099 4509 1398 4565 nolentem
1425 4510 1641 4579 corrigi
1685 4510 1763 4565 ad
1789 4472 2104 4580 praesidjem
2142 4472 2187 4527 Ι)

454 4613 578 4656 non
608 4599 855 4666 deferat»,
888 4605 1125 4655 centum
1157 4598 1467 4654 metanmis
1496 4598 1793 4670 puniatur.

2254 4610 2461 4677 πιόμενον
2515 4607 2753 4678 ἀνενέγκη
2814 4613 2885 4676 τῷ
2932 4611 3241 4678 προεστῶτι,
3301 4602 3536 4676 βαλλέτω
3593 4602 3691 4655 ἀνα
3738 4622 3827 4675 με·

2216 4701 2424 4756 τανοίας
2449 4693 2649 4749 ἑκατόν.

528 4786 619 4838 28.
652 4783 761 4847 Qui
787 4780 866 4838 ab
892 4780 1096 4853 aliquo
1124 4786 1362 4837 vocatus
1395 4782 1596 4837 statim
1622 4796 1744 4837 non
1776 4780 2106 4853 responde-

2288 4783 2481 4844 κη¹.”0
2532 4783 2844 4856 καλούμενος
2873 4784 2972 4835 ὑπό
3024 4802 3182 4851 τινος,
3237 4787 3326 4835 καὶ
3379 4786 3450 4855 μὴ
3500 4781 3652 4845 εὐθὺς
3694 4780 3831 4835 ἀπο-

455 4872 547 4937 rit,
592 4870 638 4926 si
668 4876 823 4926 certe
871 4870 1037 4926 haud
1074 4870 1148 4925 de
1176 4870 1508 4943 longinquo
1550 4877 1811 4938 vocetur,
1866 4870 2105 4943 triginta

2254 4878 2525 4947 ρινόμενος,
2584 4881 2679 4933 τῆς
2732 4872 2964 4933 κλήσεως
3015 4871 3073 4923 οὐ
3104 4874 3307 4945 μακρὰν
3354 4873 3535 4936 οὔσης,
3593 4868 3827 4944 βαλλέτω

459 4960 773 5016 metanoeis
800 4959 1101 5030 puniatur.

2254 4966 2316 5016 να
2342 4966 2617 5034 μετανοίας
2639 4960 2706 5016 λ’.

528 5053 615 5104 29.
641 5048 926 5120 Quisquis
961 5048 1222 5105 Sabbato
1245 5049 1667 5104 vestimentum
1694 5065 1872 5105 suum
1895 5054 2105 5122 sponte

2289 5051 2389 5107 κθ¹.
2441 5057 2549 5113 Πᾶς
2580 5053 2605 5103 ό
2657 5054 2728 5124 μὴ
2774 5052 2910 5103 κατὰ
2940 5048 3202 5104 Σάϐϐατόν
3232 5049 3583 5103 ὑπαλλάσσων
3632 5052 3692 5102 τὸ
3751 5052 3831 5103 ἕν-

457 5153 580 5194 non
597 5139 925 5204 mutaverit,
941 5138 1034 5194 vel
1054 5139 1231 5194 etiam
1247 5140 1448 5193 statim
1475 5140 1863 5194 mutatorium
1884 5139 2098 5195 eodem

2254 5148 2368 5214 ὐμα
2412 5142 2572 5193 αὑτοῦ
2626 5136 2740 5213 ἰδίᾳ
2766 5146 2969 5212 γνώμη,
3020 5140 3050 5199 ἦ
3105 5144 3193 5192 καὶ
3219 5139 3374 5192 πάλιν
3422 5143 3492 5211 μὴ
3548 5134 3829 5210 παραδοὺς

456 5224 553 5281 die
586 5226 675 5281 vel
702 5232 940 5297 postero
967 5242 1089 5282 non
1121 5226 1445 5296 tradiderit,
1468 5226 1651 5283 aridis
1689 5234 1978 5283 vescatur.

2254 5234 2279 5283 ὀ
2336 5229 2670 5303 ἀντάλλαγμα
2730 5237 2791 5303 τῇ
2839 5229 2966 5301 αὐτῇ
3000 5230 3189 5303 ἡμέρᾳ,
3232 5230 3262 5288 ἣ
3304 5232 3395 5282 καὶ
3444 5235 3505 5299 τῇ
3549 5227 3689 5296 έξῆς,
3734 5228 3832 5289 ξη-

2221 5325 2533 5394 ροφαγείτω.

2030 5408 2259 5466 NOTAE.

528 5494 626 5572 (4).
658 5495 1037 5572 Perturbatus
1067 5494 1157 5572 vel
1198 5499 1515 5572 corruptus
1544 5496 1641 5552 hic
1668 5501 1754 5552 est
1782 5496 2095 5572 inﬁcodici-

2257 5500 2469 5571 μπάνων
2516 5506 2613 5550 τῶν
2672 5497 2962 5572 τραπεζῶν,
3030 5500 3102 5569 μὴ
3173 5496 3393 5568 εἰρηκὼς
3440 5500 3554 5572 -τὴν
3617 5495 3824 5568 αἰτίαν,

454 5564 801 5644 buslocus.
856 5568 971 5644 Sed
1008 5567 1180 5644 adest
1226 5564 1514 5644 interpres
1562 5576 1805 5644 sanctus
1848 5570 2097 5644 Basilius
2207 5564 2635 5644 pavifw_ddtro;:
2666 5564 2781 5637 Qui
2804 5564 3064 5644 emensa
3083 5564 3367 5639 abfuerit,
3391 5568 3613 5641 absque
3636 5564 3828 5627 σαριεὰ

457 5654 600 5698 mox
611 5639 824 5699 citatus
844 5639 1016 5711 cujus
1028 5640 1336 5713 epitimion
1351 5644 1417 5697 33
1440 5640 1742 5712 ejusmodi
1758 5645 1845 5699 est
1863 5656 1877 5698 :
1892 5639 1953 5695 ὀ
1975 5640 2099 5697 ἁπο-
2200 5639 2519 5714 probabili,
2554 5646 2792 5700 maneat
2818 5641 3189 5714 impransus.
