4058 6274
225 266 370 348 εειεῆ

209 431 243 467 .‘
299 416 362 470 λ’.
416 422 518 476 Πᾶς
574 417 601 468 ὁ
642 414 974 490 φρατριάξων
1025 416 1162 467 κατὰ
1200 422 1292 467 τοῦ
1350 424 1697 489 προεστῶτος,
1738 420 1828 468 καὶ
1857 418 1905 470 Α

231 508 613 578 συνταράσσων
660 510 754 563 τὴν
808 501 1153 577 ἀδελφότητα,
1235 504 1561 579 ἀφοριζέσθω
1631 508 1827 580 ἡμέραν

229 600 376 667 μίαν.
1308 600 1309 603 “

299 682 399 736 λα’.
441 686 503 737 Εἴ
558 704 639 747 τις
690 687 757 745 ὡς
809 686 993 754 ἔτυχεν
1049 683 1257 746 ἐξελθὼν
1288 683 1357 745 εἰς
1410 682 1615 755 ἀγάπην
1669 683 1716 736 ἐν
1760 691 1821 756 τῇ

226 773 531 847 ὑποστροφῇ
565 770 885 844 διηγήσεται
918 776 984 825 τὰ
1029 772 1308 844 σημϐάντα
1335 772 1452 825 καθ’
1482 774 1588 825 οἷον
1629 770 1827 831 δήποτε

224 866 417 935 τρόπον
473 862 704 934 μάλιστα
751 864 799 914 ἓν
853 870 913 933 τῇ
957 864 1212 935 τραπέζῃ,
1283 861 1429 922 ἐκτὸς
1479 871 1577 913 τῶν
1630 862 1826 938 ἐρωτω-

221 954 387 1023 μένων
458 952 559 1003 ὑπὸ
626 957 719 1003 τοῦ
804 959 1151 1024 προεστῶτος,
1222 948 1550 1023 ἀφοριζέσθω
1630 953 1824 1024 ἡμέραν

221 1045 371 1111 μίαν.

293 1127 399 1199 λβ¹.
444 1131 503 1181 Εἴ
543 1148 625 1191 τις
671 1130 738 1180 τὰ
769 1136 869 1180 τῶν
918 1127 1080 1180 ἄλλων
1132 1133 1496 1201 μοναστηρίων
1550 1128 1823 1201 ἐπιφοιτῶν

223 1220 325 1288 πρὸ
384 1226 483 1269 τῶν
550 1219 872 1291 γραμμάτων
933 1215 1241 1289 ἓξαγγείλοι,
1299 1218 1328 1276 ᾖ
1385 1222 1473 1270 καὶ
1527 1222 1598 1289 μὴ
1668 1222 1822 1270 ὄντων

220 1309 567 1381 γραμμάτων,
623 1308 743 1359 ἄνευ
796 1314 888 1358 τοῦ
928 1316 1272 1380 προεστῶτος,
1316 1308 1434 1359 καθ’
1478 1308 1583 1359 οἷον
1630 1304 1824 1367 δήποτε

225 1400 420 1469 τρόπον
445 1400 535 1447 καὶ
565 1395 797 1468 μάλιστα
823 1395 900 1447 ἐπὶ
950 1392 1188 1471 βρώσεως
1220 1396 1249 1453 ἡ
1300 1394 1456 1447 ἄλλου
1498 1400 1632 1457 τινὸς
1659 1400 1825 1469 πράγ-

220 1504 403 1556 ματος,
434 1483 763 1559 ἁφοριζέσθω
790 1485 983 1556 ἡμέρας
1012 1493 1082 1555 γ’.

294 1572 395 1645 λγ¹.
427 1576 486 1625 Εἴ
515 1593 595 1633 τις
647 1575 696 1625 ἓν
750 1579 1006 1647 κυριακῇ,
1052 1577 1142 1625 καὶ
1171 1572 1402 1644 μάλιστα
1449 1572 1497 1624 ἔν
1527 1575 1822 1647 εορτασίμῳ

221 1664 413 1734 ἡμέρᾳ,
472 1666 542 1734 μὴ
614 1666 804 1737 φορέσῃ
860 1666 916 1714 τὸ
964 1662 1139 1734 μεῖζον
1187 1661 1346 1714 αὐτοῦ
1401 1664 1625 1733 ἱμάτιον,
1675 1683 1824 1716 τουτ-

1511 276 1574 348 s.
1613 272 1983 347 THEODORI
2021 286 2350 348 STUDITlE

3448 292 3518 351 17
3521 295 3590 349 38

2010 419 2096 471 30.
2145 417 2475 487 Conjurans
2516 418 2574 474 in
2616 418 2954 490 praesidem,
2992 417 3357 490 turbansque
3391 417 3594 477 frater-

1936 504 2207 571 nitatem,
2240 514 2547 578 separetur
2577 524 2694 565 uno
2720 509 2835 563 die.

2005 686 2093 737 3i.
2138 684 2193 738 Si
2244 684 2380 755 quis
2406 684 2551 740 forte
2603 701 2875 756 egressus
2901 685 2978 741 ad
3005 701 3263 757 agapen,
3308 686 3591 747 inreditu

1936 777 2136 827 narret
2160 787 2231 827 ea
2268 788 2401 843 quae
2432 775 2891 844 quomodolibet
2923 775 3252 845 praesertim
3287 774 3347 829 in
3379 791 3590 831 mensa

1933 860 2275 925 acciderint,
2333 862 2443 918 nisi
2498 879 2535 918 a
2584 863 2837 934 praeside
2875 864 3287 933 interrogetur,
3346 879 3465 920 uno
3492 863 3587 919 die

1934 954 2262 1019 separetur.

2002 1125 2091 1180 32.
2142 1126 2199 1181 Si
2229 1128 2279 1181 is
2308 1128 2412 1198 qui
2466 1128 2660 1185 aliena
2687 1129 3047 1185 monasteria
3087 1130 3228 1194 adit,
3275 1135 3412 1186 ante
3436 1131 3591 1187 litte-

1932 1229 2029 1269 ras
2058 1217 2287 1271 nuntiet
2317 1216 2563 1288 aliquid,
2600 1217 2686 1272 vel
2714 1219 2895 1273 etiam
2923 1218 3099 1272 nullis
3130 1236 3265 1274 cum
3298 1220 3503 1275 litteris
3535 1228 3591 1277 et

1932 1304 2061 1357 sine
2088 1305 2361 1374 praesidis
2383 1304 2682 1368 facultate,
2717 1307 3042 1376 praesertim
3082 1307 3238 1363 circa
3258 1307 3465 1379 epulas
3497 1325 3593 1381 vel

1932 1391 2095 1448 aliud
2126 1394 2433 1463 negotium
2464 1394 2797 1466 quodlibet,
2829 1401 3136 1467 separetur
3158 1397 3372 1452 triduo.

2003 1568 2090 1625 33.
2128 1570 2183 1626 Si
2214 1571 2349 1642 quis
2387 1570 2482 1626 die
2518 1570 2844 1637 Dominico,
2879 1578 2933 1628 et
2968 1574 3298 1643 praesertim
3338 1573 3590 1630 solemni

1932 1664 2155 1713 vestem
2184 1674 2358 1713 suam
2385 1660 2677 1730 majorem
2706 1676 2825 1714 non
2853 1666 3058 1729 gestet,
3093 1662 3151 1716 id
3182 1667 3273 1717 est
3300 1678 3493 1734 usque
3514 1664 3592 1719 ad

220 1754 367 1804 ἐστιν
389 1750 456 1811 εἰς
483 1753 549 1803 τὰ
579 1748 676 1803 δύο
705 1750 936 1823 λυχνικά
964 1749 1011 1782 ⁸⁸
1040 1756 1130 1803 καὶ
1160 1750 1229 1813 εἰς
1255 1754 1342 1803 τὸν
1373 1753 1576 1824 ὄρθρον,
1612 1757 1823 1805 ποιείτω

1966 1750 2054 1800 Luo
2079 1746 2361 1817 lychnica
2390 1754 2446 1802 et
2476 1750 2859 1814 matutinum,
2893 1750 2941 1803 is
2972 1749 3149 1805 faciat
3180 1766 3383 1806 coram
3418 1751 3591 1807 altari

220 1843 322 1913 πρὸ
354 1847 446 1892 τοῦ
487 1842 871 1913 θυσιαστηρίου
926 1838 1022 1892 ἆνὰ
1050 1845 1321 1912 μετανοίας
1366 1840 1425 1912 ν’,
1478 1846 1567 1893 καὶ
1616 1840 1707 1894 εἶθ’
1740 1841 1825 1894 οὗ·

218 1948 323 1991 τως
355 1926 683 2003 ἀναστρέψας
703 1927 1092 2002 περιϐαλλέσθω
1117 1928 1263 1981 αὐτὸ.

292 2015 393 2071 λδ’.
442 2017 518 2069 Οὗ
564 2036 699 2078 τινος
741 2018 967 2091 εὑρεθείη
1028 2018 1077 2069 ἐν
1128 2026 1201 2088 τῷ
1252 2013 1373 2089 ἰδίῳ
1419 2022 1599 2070 πίνακι
1645 2015 1820 2089 διαγε-

215 2109 511 2179 γραμμένον
562 2107 729 2179 ἔτερόν
769 2126 821 2159 τι
873 2107 901 2165 ἢ
956 2109 1213 2179 Γραφικόν
1270 2106 1299 2165 ἦ
1358 2106 1554 2168 λεξικόν
1608 2110 1637 2167 ἥ
1693 2111 1823 2180 πρὸς

216 2191 441 2266 ἀδελφὸν
498 2193 883 2261 ἔπισταλτιχόν,
940 2196 1069 2253 πλὴν
1133 2196 1289 2268 οὗπερ
1346 2197 1656 2268 ἑκμανθοὲνοι
1714 2212 1825 2249 στι-

214 2290 396 2357 χηροῦ
422 2283 452 2343 ἦ
486 2285 834 2357 καθίσματος,
868 2283 1196 2359 ἀφοριζέσθω
1231 2287 1425 2361 ἡμέραν
1447 2290 1598 2358 μίαν.

291 2461 377 2517 λε’.
423 2460 482 2515 ⁸0
536 2471 871 2533 συνεγνωκώς
917 2459 1142 2535 ἀδελφοῦ
1194 2467 1286 2522 τὴν
1339 2466 1393 2515 ἐκ
1432 2471 1522 2516 τοῦ
1562 2483 1819 2535 μοναστη-

213 2554 336 2624 ρίου
388 2547 587 2617 ἔξοδον,
639 2551 669 2610 ἣ
728 2551 1169 2623 πνομιλήσας,ὴ
1216 2548 1558 2619 συνοδεύσας,
1600 2558 1689 2605 καὶ
1743 2558 1815 2624 μὴ

212 2638 639 2711 προαναγγείλοι,
662 2638 991 2713 ἀφοριζίσθω
1022 2637 1299 2714 ἑϐδομάδα
1326 2646 1472 2715 μίαν.

655 2854 805 2927 Περὶ
835 2859 947 2905 τοῦ
984 2852 1389 2927 χελλαρίτου.

289 2974 395 3040 λς’.
431 2977 590 3048 Χύμα
640 2977 779 3029 οἴνου
828 2976 915 3029 ἐὰν
964 2981 1200 3049 γίνηται,
1260 2980 1527 3051 μετάνοιαι
1576 2981 1711 3032 κατὰ
1761 2983 1817 3032 τὸ

217 3068 406 3139 μέτρον
454 3072 547 3117 τοῦ
590 3066 829 3137 χύματος
880 3064 977 3118 ἀνὰ
1033 3066 1088 3132 ε’,
1130 3072 1219 3119 καὶ
1248 3072 1342 3126 τὴν
1372 3069 1476 3120 ἄνω
1507 3082 1521 3097 ⁸
1568 3071 1820 3131 ὡσαύτως

222 3157 316 3206 καὶ
365 3156 521 3226 χύμα
569 3153 739 3221 ὄξους,
795 3154 824 3213 ἣ
889 3158 1188 3230 παράχυμα
1225 3156 1414 3223 ελαίου,
1449 3157 1478 3215 ἢ
1520 3159 1820 3231 παράχυμα

220 3241 446 3317 ὀσπρίου
486 3241 571 3294 ἐὰν
599 3248 832 3315 γίνηται.

290 3330 390 3391 λζ’.
421 3331 584 3403 Σῆψις
636 3329 811 3394 εἴδους
840 3337 1084 3386 παντοίου
1123 3332 1548 3408 βιϐρωσκομένου
1594 3338 1679 3389 ἐὰν
1728 3338 1817 3389 τύ-

216 3440 337 3493 χοι,
369 3423 503 3473 κατὰ
535 3426 601 3474 τὰ
626 3424 813 3475 ταυτα.

290 3509 396 3567 λη’.
450 3509 566 3563 Ἐάν
624 3530 675 3563 τι
732 3517 911 3571 σκεῦος
948 3512 1175 3586 εὑρεθείη
1237 3512 1568 3567 ἁσκέπαστον
1607 3513 1690 3568 ἐπὶ
1728 3535 1819 3568 πο-

215 3597 300 3664 λὺ,
334 3600 390 3651 αἱ
420 3598 577 3652 αὐταὶ
602 3602 892 3671 μετάνοιαι.

290 3687 389 3742 λθθ.
424 3688 542 3740 Ἐὰν
571 3688 728 3741 πλείω
772 3690 1149 3761 παραθήσηται
1185 3698 1247 3763 τῇ
1290 3692 1523 3766 τραπέζῃ
1558 3694 1588 3752 ἦ
1623 3691 1817 3745 ἐλάττω

212 3786 321 3832 τῶν
345 3773 827 3850 διατετυπωμίνων,
856 3777 954 3830 ἀνὰ
975 3785 1025 3851 ρ’
1052 3785 1345 3851 μετανοίας.

291 3864 367 3937 μ’.
423 3865 672 3939 Συντριϐὴ
714 3864 797 3918 ἑὰν
844 3870 1059 3937 γένηται
1120 3865 1435 3927 οἱουδὴποτε
1488 3873 1699 3932 σκεύους
1730 3876 1822 3942 μέ-

212 3973 320 4028 χρι
361 3951 673 4025 βαυκαλίου,
701 3957 969 4027 μετάνοιαι
1008 3953 1053 4028 ρ’
1084 3962 1173 4009 καὶ
1205 3960 1252 4009 σ¹
1300 3963 1389 4011 καὶ
1430 3965 1495 4028 τ’,
1536 3960 1565 4018 ἣ
1600 3966 1685 4012 καὶ
1714 3980 1822 4013 πα-

212 4045 549 4117 ραστάσιμον
578 4047 709 4117 μετὰ
737 4052 827 4097 τοῦ
861 4047 1078 4107 σκεύους
1104 4046 1283 4102 αὐτοῦ.

688 4262 838 4331 Περὶ
877 4265 987 4311 τοῦ
1029 4257 1368 4330 ὀψοποιοῦ.

294 4386 406 4453 μα’.
438 4380 557 4434 Ἐὰν
586 4384 658 4454 μὴ
709 4386 841 4456 γέμῃ
887 4384 912 4434 ὁ
959 4381 1130 4451 λέϐης,
1162 4404 1436 4456 μετανοιας
1475 4386 1542 4457 λ’,
1572 4388 1822 4450 ὡσαύτως

218 4475 317 4524 καὶ
346 4470 372 4522 ὁ
398 4472 707 4543 κούκουμος.
1695 4532 1706 4541 ,

295 4557 411 4632 μβ,
468 4561 587 4611 Ἐὰν
638 4564 970 4634 περίσσευμα
1006 4560 1266 4636 ἀφανισθῇ
1296 4570 1338 4634 ἀ,
1390 4570 1664 4637 μετανοίας
1729 4565 1773 4639 ρ’
1805 4584 1818 4600 ο

220 4647 271 4703 εἰ
330 4644 390 4700 δε
443 4647 566 4723 ῥιφῆ
629 4646 935 4723 ἁχρειωθεν,
986 4654 1390 4725 παραστάσιμον
1435 4656 1567 4725 μετὰ
1602 4653 1825 4728 ξηροφα-

224 4742 374 4811 ⁹νίας.

297 4824 409 4899 ειν-γ’.
452 4825 574 4882 Ἐὰν
621 4829 693 4898 μὴ
748 4827 1093 4902 προεισϐάλλῃ
1137 4831 1184 4881 ἐν
1212 4837 1377 4905 καιρῷ
1416 4835 1472 4883 τὸ
1512 4832 1680 4886 ἔλαιον
1736 4840 1826 4888 καὶ

223 4918 286 4968 τὸ
313 4914 436 4976 ἅλας
476 4915 559 4968 ἶνα
600 4914 959 4987 συνεψηθῶσι,
990 4920 1260 4989 μετάνοιαι
1289 4920 1355 4971 δι”

297 4999 414 5077 pd".
492 5003 553 5056 Εἰ
634 5005 806 5077 ζωμὸν
895 5004 1193 5080 ἕλαιωμένον
1289 5008 1575 5081 ἁποχύσει,

221 5111 365 5146 νοιαι
392 5090 431 5144 λ’
445 5137 457 5149 .

299 5179 396 5253 μῖ.
453 5183 514 5233 Εἴ
564 5199 644 5244 τις
691 5180 791 5255 ἄρῃ
837 5181 1121 5256 βαυκάλιον
1178 5184 1280 5238 ἀπὸ
1344 5194 1435 5238 τοῦ
1492 5187 1823 5261 ἀριστηρίου,

224 5272 444 5356 καὶννμὴ
492 5269 647 5354 ποξλιν
701 5269 1017 5345 ἆντιστρέψῃ
1064 5273 1188 5327 αὐτό
1234 5275 1305 5356 είς
1354 5279 1442 5328 τὸν
1470 5274 1610 5330 ἴδιον
1646 5282 1823 5345 τόπον,

228 5347 501 5415 μετάνοιαι
528 5347 587 5393 ν’.
1240 5347 1273 5395 ,⁸

1674 5014 1829 5083 μετοί-

294 5527 343 5565 α*
374 5522 453 5578 De
479 5519 723 5593 lychnio
748 5521 925 5589 Goer,
956 5540 1018 5596 p.
1048 5528 1135 5582 24.
1216 5527 1245 5572 ά
1275 5528 1356 5586 al.
1392 5530 1528 5587 cod.
1555 5529 1916 5609 ἀναφανεσθῇ.

512 5655 757 5714 Parnm"
799 5655 905 5716 Gn.
955 5656 1161 5720 XCIX.

1931 1840 2261 1891 metanmas
2287 1837 2727 1908 quinquaginta
2758 1854 2771 1903 ;
2802 1843 2983 1910 atque
3016 1840 3096 1895 ita
3120 1854 3397 1894 reversus
3431 1845 3590 1895 veste

1929 1922 2030 1978 illa
2061 1923 2365 1980 induatur.

2001 2014 2087 2067 34.
2121 2012 2175 2067 Si
2203 2014 2262 2065 in
2294 2013 2543 2083 alicujus
2574 2014 2776 2085 pluteo
2808 2014 3096 2086 scriptum
3138 2015 3364 2088 aliquid
3396 2031 3591 2088 reper-

1932 2104 2057 2155 tum
2112 2101 2304 2167 fuerit,
2364 2108 2466 2157 aut
2521 2117 2593 2157 ex
2641 2103 2865 2172 bibliis,
2930 2110 3033 2159 aut
3083 2121 3151 2160 ex
3203 2106 3429 2171 lexicis,
3488 2112 3591 2162 aut

1928 2190 2264 2261 quidquam
2295 2191 2612 2262 epistolare
2652 2193 2729 2247 ad
2765 2192 3032 2261 fratrem,
3074 2199 3286 2265 praeter
3315 2194 3377 2249 id
3423 2195 3588 2267 quod

1928 2278 2201 2335 didicerit
2225 2295 2297 2335 ex
2340 2281 2595 2335 metricis
2620 2282 2947 2348 versiculis,
2976 2288 3079 2338 aut
3108 2300 3181 2338 ex
3208 2283 3585 2350 cathismate,

1930 2383 2050 2423 uno
2082 2368 2174 2423 die
2203 2374 2532 2439 separetur.

1999 2460 2084 2512 35.
2116 2457 2225 2521 Qui
2255 2457 2531 2511 conscius
2583 2456 2756 2512 fuerit
2784 2457 2983 2515 fratris
3033 2460 3397 2516 monasterio
3423 2476 3585 2531 egre-

1928 2544 2163 2610 dientis,
2201 2544 2289 2600 vel
2332 2561 2471 2602 cum
2501 2561 2572 2602 eo
2603 2546 2932 2603 collocutus
2964 2549 3152 2611 fuerit,
3190 2555 3291 2605 aut
3339 2550 3585 2606 comita-

1929 2641 2048 2697 tus,
2076 2648 2271 2706 neque
2297 2635 2804 2707 praenuntiaverit,
2845 2653 2965 2694 una
2999 2637 3390 2696 hebdomade.
3420 2654 3585 2712 sepa-

1926 2726 2108 2778 retur.

2558 2850 2639 2906 De
2676 2849 2946 2907 cellario.

1997 2976 2084 3028 36.
2139 2972 2195 3029 Si
2224 2972 2342 3029 vini
2402 2973 2612 3030 effusio
2645 2973 2836 3039 fuerit,
2887 2978 3222 3031 metanmas
3272 2974 3454 3033 faciat
3477 2991 3587 3048 pro

1930 3077 2214 3118 mensura
2245 3062 2555 3118 eﬂusionis
2584 3064 2853 3135 quinque
2883 3062 2977 3118 vel
3018 3063 3190 3120 ultra.
3226 3063 3503 3123 Similiter
3536 3066 3583 3121 si

1929 3149 2140 3207 eﬂusio
2169 3152 2341 3216 aceti,
2375 3153 2464 3208 vel
2504 3151 2987 3223 supereﬂluentia
3015 3152 3150 3219 olei,
3194 3154 3286 3209 vel
3315 3155 3455 3209 item
3487 3171 3587 3210 su-

1929 3239 2341 3312 pereﬁluentia
2362 3240 2740 3310 leguminum
2775 3240 3108 3311 contigerit.

2001 3335 2090 3387 37.
2120 3331 2428 3402 Corruptio
2455 3329 2795 3386 eduliorum
2827 3330 3093 3401 cujusvis
3120 3332 3354 3402 generis
3377 3332 3589 3393 eadem

1929 3435 2109 3492 pmna
2134 3418 2664 3474 animadvertatur.

2003 3513 2089 3565 38.
2122 3508 2177 3564 Si
2222 3523 2329 3564 vas
2362 3507 2765 3579 comperiatur
2794 3508 2898 3563 diu
2927 3507 3234 3575 intectum,
3281 3508 3441 3567 ﬁant.
3475 3524 3587 3567 eae-

1930 3597 2068 3653 dem
2098 3600 2436 3652 metanceas.

2000 3686 2088 3741 39.
2123 3686 2183 3741 Si
2241 3701 2468 3741 mensas
2509 3684 2787 3741 obtulerit
2815 3685 2952 3757 plus
2984 3686 3256 3742 minusve
3303 3701 3489 3759 quam
3522 3686 3596 3744 sit

1929 3775 2364 3846 praescriptum,
2397 3780 2637 3830 centum
2670 3774 2849 3831 faciat
2883 3780 3231 3832 metanceas.

2002 3866 2087 3918 40.
2129 3862 2408 3918 Contritio
2446 3862 2493 3916 si
2531 3863 2811 3918 acciderit
2840 3862 3163 3933 cujuslibet
3203 3863 3363 3918 vasis
3398 3879 3587 3935 usque

1930 3952 2006 4007 ad
2030 3956 2321 4023 pateram,
2354 3956 2676 4006 metanoeas
2701 3951 2873 4005 faciat
2900 3956 3135 4006 centum
3167 3956 3269 4007 aut
3298 3951 3589 4007 ducentas

1930 4040 2025 4097 vel
2077 4045 2417 4110 trecentas;
2469 4044 2570 4095 aut
2625 4040 2803 4096 etiam
2850 4043 2959 4095 stet
3003 4054 3209 4096 coram
3261 4056 3399 4095 cum
3454 4041 3588 4111 ipso

1931 4144 2094 4186 V8.88.

2591 4252 2677 4307 De
2705 4267 2911 4323 coquo.

2004 4378 2091 4430 4t.
2118 4372 2236 4429 Nisi
2262 4372 2425 4429 lebes
2444 4371 2656 4444 plenus
2684 4372 2877 4439 fuerit,
2904 4371 2991 4429 vel
3013 4389 3327 4437 cucumus,
3356 4370 3601 4445 triginta

1854 4475 1900 4531 ι)
1935 4459 2113 4519 faciat
2143 4465 2494 4517 metanoeas.

2007 4555 2094 4607 42.
2129 4552 2185 4608 Si
2217 4550 2480 4622 reliquiae
2529 4550 2747 4623 aliquae
2808 4555 3075 4621 pereant,
3134 4556 3371 4605 centum
3412 4550 3596 4607 faciat

1938 4645 2289 4696 metanmas.
2317 4639 2486 4705 Quod
2520 4639 2567 4694 si
2595 4640 2722 4709 jam
2756 4640 2925 4696 factae
2950 4638 3185 4694 inutiles
3212 4638 3592 4709 abjiciantur,

1938 4733 2051 4785 stet
2078 4745 2301 4795 coram,
2327 4734 2383 4784 et
2412 4728 2595 4783 aridis
2625 4734 2923 4784 vescatur.

2008 4822 2097 4874 43.
2125 4818 2239 4873 Nisi
2270 4817 2486 4873 idoneo
2518 4821 2785 4889 tempore
2824 4816 3021 4871 oleum
3049 4816 3363 4871 immiserit
3393 4820 3449 4869 et
3476 4816 3590 4887 sal,

1940 4912 2005 4964 ut
2032 4906 2207 4962 simul
2239 4912 2592 4978 coquantur,
2628 4912 2958 4962 metanoeas
2988 4902 3167 4963 faciat
3188 4905 3416 4974 viginti.

2010 4997 2098 5051 44.
2159 4996 2217 5051 Si
2263 4993 2570 5066 jusculum
2614 4995 2873 5051 oleatum
2910 4993 3203 5054 effuderit,
3264 4998 3595 5049 melanoeas

1942 5086 2202 5155 triginta.

2014 5176 2102 5229 45.
2137 5173 2192 5229 Si
2231 5171 2367 5245 quis
2395 5177 2667 5243 pateram
2697 5187 2767 5227 ex
2793 5170 3101 5226 refectorio
3134 5170 3435 5226 sustulerit
3490 5186 3599 5226 nec

1942 5264 2103 5321 illam
2132 5262 2192 5317 in
2220 5262 2418 5317 locum
2452 5277 2630 5317 suum
2660 5259 3007 5331 reposuerit,
3072 5264 3400 5317 metanmas
3425 5259 3601 5332 quin-

1952 5350 2268 5424 quaginta.

3249 5664 3323 5727 B5
