4038 6312
528 264 667 340 1⁵799

1757 262 2010 335 parum
2049 258 2679 340 MONABTBRIALES.

3740 269 3875 345 1τώ

595 411 685 463 46.
706 408 760 463 Si
783 405 1190 478 confringatur
1209 410 1376 472 testa,
1395 410 1460 461 ut
1489 404 1623 470 olla,
1642 410 1746 461 aut
1765 405 2051 469 cacabus,
2077 420 2152 461 au

2359 407 2475 477 μς¹.
2511 406 2629 458 Ἐὰν
2680 406 2925 481 συντριϐῇ
2957 410 3136 483 χύτρα
3185 411 3217 469 ἦ
3260 416 3595 483 πυροστάτης
3647 413 3677 472 ἣ
3723 416 3881 468 κακά-

523 496 828 564 craticula,
849 500 954 551 aut
984 494 1146 550 aliud
1168 494 1426 565 quodvis
1457 493 1721 549 culinare
1744 510 1849 549 vas
1879 510 1951 549 ex
1982 493 2178 563 negle-

527 592 647 654 ctu,
673 590 911 640 centum
932 583 1023 638 vel
1046 583 1336 638 ducentas
1365 582 1452 637 vel
1480 586 1770 638 trecentas
1795 581 1974 638 faciat
1996 588 2175 637 meta-

522 689 719 730 uaeas.

995 744 1081 799 De
1108 742 1410 806 librorum,
1427 742 1691 798 custode.

594 853 683 906 47.
715 851 772 908 Si
794 849 929 921 quis
961 848 1180 904 librum
1212 848 1524 919 acceperit,
1556 862 1749 919 neque
1779 846 2031 902 nitidum
2058 862 2175 901 ser-

523 942 771 1005 vaverit,
804 939 893 993 vel
945 937 1127 993 alium
1179 938 1437 1006 attigerit
1466 938 1592 991 sine
1625 936 2015 1007 permissione
2045 937 2174 1007 ejus

519 1030 623 1101 qui
656 1033 831 1096 tenet,
854 1027 946 1082 vel
972 1027 1155 1082 alium
1185 1026 1527 1098 quaesiverit
1556 1040 1943 1080 murmurans
1962 1032 2174 1095 praeter

519 1118 688 1173 illum
727 1133 909 1188 quem
945 1116 1075 1187 jam
1117 1118 1451 1186 acceperat,
1497 1129 1742 1185 prorsus
1772 1113 1869 1168 illo
1901 1113 1998 1169 die
2050 1128 2171 1169 non

517 1206 882 1278 impetrabit.
1618 1250 1619 1253 η

586 1299 674 1350 48.
698 1295 756 1349 Si
779 1294 1069 1349 librorum
1102 1297 1306 1347 custos
1323 1292 1586 1347 debitam
1611 1291 1981 1346 sedulitatem
2004 1290 2171 1346 haud

516 1400 638 1457 prae
667 1401 731 1439 se
771 1382 981 1446 tulerit,
1012 1382 1198 1436 libros
1227 1381 1494 1450 singulos
1534 1380 1857 1445 excutiens,
1900 1384 2170 1450 transpo-

515 1490 686 1544 nens,
720 1472 963 1543 pulvere
989 1486 1276 1542 purgans,
1304 1470 1485 1524 aridis
1514 1476 1808 1525 vescatur.

587 1566 671 1618 49.
704 1562 915 1634 Siquis
936 1560 1151 1614 librum
1181 1559 1411 1614 abdens
1436 1559 1494 1612 in
1527 1558 1824 1628 cubiculo,
1854 1560 2015 1613 hunc
2039 1558 2168 1629 pul-

514 1654 761 1708 sationis
791 1659 1056 1721 tempore
1086 1647 1317 1703 custodi
1358 1662 1478 1702 non
1518 1647 1861 1711 reddiderit,
1906 1648 2033 1701 sine
2066 1649 2167 1702 ho-

514 1746 682 1797 nesta
706 1754 909 1803 causa,
944 1744 1057 1794 stet
1082 1753 1308 1793 mensa:
1340 1742 1627 1807 tempore.

1170 1916 1256 1969 De
1284 1917 1500 1969 sutore.

581 2024 670 2079 50.
706 2022 759 2079 Si
811 2022 948 2093 quis
989 2036 1063 2076 ex
1100 2020 1464 2091 negligentia
1524 2018 1807 2074 subulam
1849 2025 1953 2074 aut
2000 2022 2165 2076 suto-

510 2114 665 2169 rium
696 2112 859 2168 aliud
889 2111 1349 2165 instrumentum
1376 2107 1634 2177 fregerit,
1669 2112 1999 2163 metanaaas
2029 2124 2164 2163 cen-

509 2207 658 2272 tum,
691 2208 747 2255 et
768 2198 1226 2272 quinquaginta,
1260 2204 1315 2252 et
1346 2199 1582 2266 triginta
1607 2197 1804 2251 faciat.

583 2296 669 2345 51.
720 2290 777 2345 Si
808 2289 981 2344 coriis
1012 2288 1239 2343 abusus
1278 2286 1474 2342 fuerit.
1524 2292 1625 2341 aut
1654 2286 1903 2351 malleis,
1964 2286 2162 2355 etnisi

516 2380 679 2435 coria
707 2384 877 2434 caute
923 2376 1210 2439 inciderit,
1248 2375 1582 2446 calceisque
1622 2375 2021 2446 supposuerit,
2070 2376 2164 2430 iis-

512 2469 652 2523 dem
682 2466 876 2537 poenis
906 2464 1202 2520 obnoxius
1228 2468 1380 2521 esto.

579 2554 667 2608 52.
685 2557 740 2610 Si
764 2569 835 2608 ex
857 2551 1138 2623 peculiari
1162 2550 1380 2605 affectu
1397 2550 1496 2605 det
1520 2549 1719 2614 alicui,
1748 2554 1850 2605 aut
1875 2550 2001 2605 sine
2022 2567 2162 2605 usus

508 2644 876 2705 necessitate,
901 2640 1083 2697 aridis
1110 2646 1406 2695 vescatur.

1079 2765 1167 2820 De
1189 2763 1591 2834 calligrapho.

582 2874 667 2930 53.
699 2872 755 2930 Si
777 2877 986 2945 praeter
1010 2876 1185 2926 usum
1203 2870 1407 2939 gluten
1428 2869 1626 2926 fecerit
1654 2871 1834 2943 idque
1861 2870 1977 2927 situ
2006 2887 2162 2928 mar-

512 2968 728 3029 cescat,
760 2967 1097 3017 metanoeas
1123 2960 1303 3015 faciat
1330 2960 1791 3030 quinquaginta.

577 3054 666 3108 54.
702 3054 759 3109 Si
784 3051 944 3107 haud
965 3051 1262 3106 mundum
1285 3055 1480 3105 servet
1497 3052 1976 3121 quaternionem,
2006 3052 2159 3122 pari-

2199 1765 2243 1821 B
2274 1742 2347 1806 τῷ
2423 1733 2811 1806 βιϐλιοφύλακι,

2287 492 2397 546 ϐίον
2425 496 2454 555 ἣ
2478 498 2690 569 ἐσχάρα
2713 496 2743 555 ἢ
2781 497 2905 549 ἄλλό
2956 517 3006 550 τι
3055 506 3239 560 σκεῦος
3274 505 3579 575 μαγειρικὸν
3629 501 3681 555 ἐκ
3723 523 3875 556 κατα-

2287 589 2595 656 φρονήσεως,
2622 582 2719 637 ἀνὰ
2755 582 2799 657 ρ’
2825 591 2914 638 καὶ
2938 586 2987 638 σ’
3008 592 3097 639 καὶ
3126 587 3172 641 τ’
3196 594 3491 661 μετανοίας.

2642 747 2793 817 Περὶ
2832 752 2944 797 τοῦ
2985 742 3521 818 βιϐλιοφύλακος.

2354 847 2467 918 μζ¹.
2527 849 2646 901 Ἐάν
2725 868 2808 911 τις
2854 849 2992 928 λάϐῃ⁶
3053 849 3278 922 βιϐλίον,
3331 857 3420 905 καὶ
3465 857 3539 925 μὴ
3598 854 3871 926 φιλοκάλως

2282 944 2448 1010 κρατῇ
2504 937 2653 1006 αὐτὸ,
2713 939 2742 996 ἢ
2800 937 3006 1009 ἅψηται
3056 939 3213 992 ἄλλου
3269 941 3389 993 ἄνευ
3449 950 3545 1004 τῆς
3599 946 3873 1019 ἱπιτροπῆς

2281 1032 2373 1077 τοῦ
2429 1034 2764 1098 κρατοῦντος,
2828 1029 2856 1086 ἣ
2916 1029 3194 1089 ἐπιζητοίη
3267 1032 3433 1103 ἕτερον
3486 1034 3609 1105 παρ’
3660 1033 3688 1085 ὃ
3739 1032 3872 1087 ἔλαϐε

2280 1115 2575 1186 γογγύζων,
2610 1120 2679 1187 μὴ
2717 1116 2922 1187 ἅψηται
2951 1117 3075 1179 ὅλως
3103 1126 3167 1191 τῇ
3210 1120 3379 1191 ἡμέρᾳ
3408 1123 3599 1193 ἐκείνῃ.

2349 1288 2457 1362 μη’.
2514 1290 2630 1344 Ἐὰν
2684 1293 2709 1344 ὁ
2765 1290 3113 1364 βιϐλιοφύλαξ
3167 1298 3260 1352 τὴν
3314 1291 3537 1348 δέουσαν
3587 1295 3870 1369 ἐπιμέλειαν

2277 1383 2351 1451 μὴ
2409 1377 2785 1447 ἐπιδείκνυται,
2843 1385 3105 1434 τινάσσων
3166 1388 3255 1436 καὶ
3308 1385 3739 1456 μεταστοιϐάζων
3793 1393 3873 1440 καὶ

2278 1478 2553 1541 κονιορτῶν
2583 1471 2821 1531 ἕκαστον,
2855 1471 3230 1543 ξηροφαγείτω.

2346 1553 2453 1627 μθ¹.
2496 1554 2676 1617 Ὀστις
2713 1558 2894 1632 εὑρεθῇ
2956 1556 3303 1631 ἀποκρύπτων
3351 1562 3425 1622 εἰς
3471 1565 3762 1636 κοιτάριον,
3792 1570 3873 1616 xit

2275 1647 2347 1715 μὴ
2406 1648 2542 1698 κατὰ
2579 1650 2666 1697 τὸν
2723 1652 2903 1721 καιρὸν
2952 1656 3045 1699 τοῦ
3082 1652 3415 1723 κρούσματος
3458 1650 3688 1711 ἀποδοίη
3731 1662 3873 1707 τοῦτο

2902 1737 3022 1789 ἄνευ
3093 1737 3306 1809 εὐλόγου
3365 1742 3695 1813 προφάσεως,
3746 1761 3875 1813 παρ-

2275 1826 2534 1881 εστηκίτω
2570 1822 2619 1875 ἐν
2651 1831 2713 1896 τῇ
2754 1825 3013 1897 τραπέζῃ.

2755 1935 2909 2004 Περὶ
2947 1939 3057 1983 τοῦ
3098 1936 3403 1996 σκυτέως.

2343 2018 2404 2072 ν’.
2452 2019 2576 2073 Ἐὰν
2623 2018 2677 2070 ἐκ
2729 2026 3163 2095 καταφρονήσεως
3208 2021 3375 2096 κλοίσῃ
3417 2024 3677 2090 σουϐλίον,
3713 2026 3743 2084 ἣ
3778 2028 3874 2079 ἓτε-

2271 2125 2358 2179 ρον
2402 2106 2658 2179 ἐργαλεῖον
2739 2114 3137 2181 σκυτοτομικὸν,
3197 2108 3293 2162 ἁνὰ
3351 2119 3629 2183 μετανοίας
3668 2112 3739 2188 ρ’,
3788 2118 3871 2166 καί

2271 2193 2328 2261 ν’,
2361 2201 2450 2248 καὶ
2476 2194 2521 2246 λ’
2536 2240 2547 2252 ,

2341 2282 2434 2336 να’.
2480 2285 2599 2337 Ἐὰν
2631 2290 3053 2359 παραχρήσηται
3078 2293 3189 2349 τοῖς
3220 2283 3478 2359 δέρμασιν
3524 2290 3554 2348 ἦ
3599 2297 3719 2353 ταῖς
3750 2294 3873 2363 σφύ-

2269 2393 2403 2448 ραις,
2440 2380 2528 2425 καὶ
2576 2379 2648 2446 μὴ
2686 2378 2816 2446 μετὰ
2863 2375 3144 2446 ἀσφαλείας
3196 2373 3461 2450 διακόπτῃ
3493 2383 3584 2431 καὶ
3632 2378 3867 2452 ὑποϐάλῃ

2271 2465 2319 2515 ἓν
2345 2471 2455 2525 τοῖς
2486 2460 2847 2529 ὑποδήμασιν,
2881 2463 3045 2535 ἐχέτω
3073 2468 3139 2517 τὰ
3159 2465 3294 2518 αὐτὰ
3324 2465 3580 2539 ἄπιτίμια.

2339 2549 2435 2624 νβ’.
2466 2550 2582 2604 Ἐὰν
2612 2555 2931 2625 προσπαθώς
2982 2550 3061 2605 δῶ
3117 2559 3236 2621 τινὶ,
3303 2556 3332 2613 ἣ
3374 2561 3463 2609 καὶ
3514 2556 3867 2631 ἀχρειοίστως,

2270 2640 2649 2713 ξηροφαγείτω.

2662 2771 2812 2839 Περὶ
2853 2773 2962 2818 τοῦ
3000 2766 3473 2842 καλλιγράφου.

2338 2870 2438 2943 νγ’.
2468 2872 2588 2923 Ἐὰν
2620 2872 2745 2945 ὑπὲρ
2785 2876 2879 2930 τὴν
2933 2876 3121 2944 χρείαν
3153 2882 3311 2925 ποιῶν
3364 2874 3569 2941 κόλλαν,
3599 2880 3745 2951 σήπῃ
3780 2877 3863 2929 αὖ·

2268 2966 2360 3020 τὴν
2388 2957 2482 3013 διὰ
2507 2967 2598 3022 τῆς
2637 2959 2923 3032 ἀπομονῆς,
2954 2963 3221 3033 μετάνοιαι
3245 2961 3304 3015 ν’.

2339 3046 2436 3105 vd".
2473 3049 2533 3102 Εἰ
2574 3055 2645 3122 μὴ
2692 3049 2976 3121 φιλοκάλως
3026 3059 3208 3122 κρατεί
3246 3054 3305 3103 τὸ
3336 3048 3528 3125 τετράδ
3535 3071 3630 3119 ιον,
3664 3058 3754 3106 καὶ
3797 3058 3865 3106 τί·

507 3147 712 3215 terque
736 3142 955 3197 librum
1006 3139 1165 3195 unde
1195 3138 1497 3209 exscribit,
1530 3154 1725 3211 neque
1748 3156 1858 3195 suo
1891 3146 2158 3211 tempore

2303 3158 2397 3197 ῃσι
2426 3143 2483 3191 τὸ
2540 3138 2623 3210 ἀφ’
2656 3135 2714 3190 οὖ
2762 3141 2946 3211 γράφει
2997 3136 3219 3211 βιϐλίον,
3261 3146 3352 3192 καὶ
3386 3146 3563 3193 σκέπει
3617 3141 3666 3193 ἐν
3706 3151 3866 3216 καιρῷ

504 3239 824 3303 utrumque
864 3230 1113 3302 Operiat,
1146 3243 1342 3299 neque
1382 3244 1586 3284 curam
1618 3236 1783 3297 gerat
1810 3230 2156 3285 antisticho-

502 3336 659 3387 rum,
700 3325 1077 3385 accentuum,
1126 3321 1184 3373 et
1210 3318 1781 3387 interpunctionum,
1822 3323 2155 3374 metanosas

501 3410 679 3467 faciat
707 3410 940 3479 triginta
971 3422 1155 3477 supra
1180 3411 1443 3461 centum.

574 3504 663 3555 55.
697 3497 756 3555 Si
779 3497 916 3569 quis
937 3495 1279 3550 memoriter
1298 3494 1634 3551 recitaverit
1656 3494 1877 3565 scripta
1910 3495 1969 3551 in
1999 3494 2154 3551 libro

500 3588 660 3645 unde
686 3588 811 3659 ipse
841 3584 1105 3650 excribit,
1142 3591 1448 3655 separetur
1480 3583 1698 3638 triduo.

573 3682 660 3731 56.
690 3677 749 3731 Si
794 3675 931 3746 quis
964 3672 1096 3744 plus
1146 3687 1334 3743 quam
1377 3677 1464 3727 est
1492 3672 1553 3727 in
1609 3674 1829 3744 scripto
1849 3672 2056 3743 legerit
2082 3689 2154 3731 ex

505 3782 576 3823 eo
607 3780 788 3837 quem
814 3760 1097 3818 exscribit
1121 3760 1295 3826 libro,
1329 3761 1510 3816 aridis
1538 3767 1832 3818 vescatur.

574 3856 661 3910 ΞΠ.
694 3853 754 3909 Si
778 3868 850 3909 ex
878 3852 968 3908 ira
996 3852 1299 3908 calamum
1328 3850 1583 3920 fregerit,
1616 3856 1949 3907 metanoeas
1974 3851 2154 3909 faciat

501 3944 762 4016 triginta.

570 4038 655 4091 58.
683 4032 741 4088 Si
770 4031 916 4088 alter
946 4029 1185 4086 alterius
1223 4029 1699 4101 quaternionem,
1741 4028 1970 4101 absque
2010 4029 2151 4086 scri-

496 4122 691 4179 bentis
712 4136 1033 4187 consensu,
1050 4119 1162 4174 sibi
1186 4119 1593 4184 vindicaverit,
1621 4123 1956 4175 metanoeas
1969 4118 2153 4175 faciat

494 4211 958 4286 quinquaginta.

566 4301 654 4356 59.
690 4301 746 4355 Si
776 4299 1019 4354 minime
1041 4297 1547 4369 obtemperaverit
1566 4297 1872 4369 imperatis
1894 4313 1929 4354 a
1954 4297 2150 4371 primo

497 4389 887 4460 calligrapho,
918 4393 1224 4459 separetur
1252 4386 1459 4442 biduo.

2267 3228 2500 3300 ἑκάτερα,
2570 3233 2659 3279 καὶ
2740 3236 3125 3302 παρατηρεῑται
3196 3231 3261 3281 τά
3312 3248 3366 3282 τε
3448 3229 3733 3302 ἀντίστιχοι
3782 3236 3867 3284 καὶ

2265 3320 2387 3377 τοὺς
2457 3320 2635 3378 τόνους
2685 3320 2774 3368 καὶ
2825 3319 2919 3376 τὰς
2970 3320 3221 3390 στιγμὰς,
3276 3317 3374 3371 ἀνὰ
3456 3323 3737 3391 μετανοίας
3804 3319 3866 3387 λ’,

2265 3410 2355 3459 καὶ
2392 3405 2456 3479 ρ’.

2334 3504 2420 3551 νε¹.
2467 3495 2587 3548 Ἐάν
2637 3514 2717 3557 τις
2756 3494 3069 3555 ὶκστῃθὴσει
3111 3494 3167 3547 ἐκ
3221 3504 3320 3549 τῶν
3371 3501 3746 3571 γεγραμμένων
3775 3506 3864 3552 τοῦ

2265 3583 2320 3647 ἐξ
2336 3584 2395 3636 οὗ
2418 3586 2602 3658 γράφει
2630 3582 2862 3656 βιϐλίου,
2894 3585 3225 3657 αφοριξέσθω
3251 3586 3447 3661 ἡμέρας
3476 3585 3544 3658 γ’.

2332 3672 2438 3737 νς·’.
2491 3676 2553 3726 Εἰ
2596 3692 2677 3734 τις
2722 3672 2871 3725 πλέον
2924 3683 3020 3725 τῶν
3077 3679 3447 3747 γεγραμμένων
3494 3674 3790 3749 ἀναγνώσει
3819 3677 3869 3740 ἐξ

2262 3757 2322 3814 οὗ
2347 3764 2533 3835 γράφει
2566 3759 2790 3835 βιϐλίου,
2814 3762 3191 3835 ξηροφαγείτω.

2331 3851 2426 3912 νζ’.
2503 3852 2564 3906 Εἰ
2636 3850 2691 3904 ἐκ
2766 3854 2934 3924 θυμοῦ
3009 3851 3279 3926 συντρίψει
3352 3852 3603 3925 κάλαμον,

2260 3959 2397 3993 νοιαι
2420 3938 2482 3996 λ’.

2333 4028 2432 4088 νῃ’.
2494 4029 2554 4083 Εἰ
2595 4029 2760 4104 ἐπάρῃ
2806 4030 2971 4102 ἔτερος
3027 4029 3198 4102 ἑτέρου
3252 4026 3531 4103 τετράδιον
3580 4031 3705 4085 bna
3740 4037 3870 4104 γνὼ-

2260 4136 2361 4190 μης
2388 4126 2478 4171 τοῦ
2507 4121 2814 4193 γράφοντος,
2841 4119 3111 4191 μετάνοιαι
3127 4116 3185 4171 ν’.

3709 3856 3865 3927 μετά-

2330 4294 2428 4353 νθ’.
2488 4295 2551 4350 Εἰ
2579 4300 2651 4369 μὴ
2704 4300 2950 4368 στοιχείῃ
3011 4302 3121 4358 τοῖς
3181 4300 3555 4368 τετυπωμένοις
3585 4300 3732 4371 παρὰ
3774 4305 3862 4351 τοῦ

2259 4390 2467 4459 πρώτου
2496 4385 2870 4461 καλλιγράφου,
2897 4384 3224 4459 ἀφοριςέσθω
3253 4387 3451 4459 ὖμέρας
3491 4382 3609 4442 δύο.

570 4458 660 4533 60.
707 4458 762 4534 Si
792 4458 1021 4549 primus
1052 4476 1459 4547 calligraphus
1507 4475 1792 4547 peculiari
1827 4476 2027 4547 aliquo
2063 4474 2151 4531 af-

2302 4458 2397 4536 γε’.
2480 4473 2597 4527 Ἐὰν
2666 4458 2693 4526 ό
2767 4458 3292 4547 πρωτοκαλλιγράφος
3343 4458 3590 4547 ἱμπαθῶς
3636 4470 3858 4548 διανέμῃ

501 4567 653 4624 fectu
692 4582 883 4639 pensa
910 4565 1299 4631 distribuerit,
1340 4581 1535 4637 neque
1564 4565 1719 4621 bene
1762 4565 2150 4621 membranas

498 4658 813 4729 paraverit,
851 4661 909 4711 et
937 4656 1144 4711 omnia
1172 4655 1402 4726 reliqua
1431 4655 1509 4710 ad
1542 4655 1824 4725 tegendos
1853 4654 2036 4710 libros
2064 4654 2150 4711 in-

498 4752 851 4812 strumenta,
891 4746 973 4801 ita
1005 4750 1065 4799 ut
1103 4744 1247 4799 nihil
1278 4744 1382 4800 ﬁat
1419 4744 1622 4799 inutile
1662 4759 1869 4798 eorum
1901 4759 2037 4815 quae
2073 4744 2147 4799 ad

493 4836 554 4893 id
610 4836 1004 4891 ministerium
1079 4834 1410 4900 conferunt,
1466 4833 1777 4888 metanoeis
1850 4834 2147 4905 quinqua-

497 4926 663 4998 ginta
691 4932 747 4981 et
772 4930 1012 4979 centum
1043 4928 1099 4979 et
1126 4923 1500 4995 separatione
1530 4921 1832 4993 puniatur.

1142 5051 1229 5105 De
1249 5052 1497 5105 sartore.

565 5158 652 5214 61.
688 5157 745 5214 Si
775 5172 847 5213 ex
869 5156 1228 5229 negligentia
1258 5156 1491 5226 fregerit
1514 5171 1691 5211 acum
1724 5160 1827 5211 aut
1856 5156 2143 5226 forﬁcem,

494 5254 595 5304 aut
639 5247 956 5302 subtemen
1006 5246 1350 5311 conciderit,
1384 5253 1603 5301 vestem
1651 5245 1911 5311 sciderit,
1967 5254 2144 5302 meta-

494 5352 663 5393 noeas
679 5336 855 5393 faciat
874 5337 1128 5409 triginta,
1144 5341 1248 5392 aut
1272 5335 1730 5407 quinquaginta,
1755 5341 1859 5391 aut
1880 5341 2141 5393 centum.

565 5562 584 5587 ι
615 5551 788 5611 Deest
815 5552 913 5609 hic
952 5551 1152 5608 titulus
1183 5550 1244 5608 in
1267 5551 1403 5611 cod.

2259 4565 2326 4615 τὰ
2353 4565 2654 4639 ἓργόχειρα,
2688 4568 2778 4616 καὶ
2827 4562 2870 4616 εὶ
2915 4567 2987 4635 μὴ
3045 4562 3353 4635 περιστέλλῃ
3415 4563 3579 4624 καλῶς
3616 4566 3707 4624 τὰς
3737 4583 3857 4635 μεμ-

2260 4651 2451 4725 ϐράνας
2501 4658 2590 4705 καὶ
2664 4655 2831 4705 πάντα
2880 4654 2947 4704 τὰ
3010 4650 3343 4724 ἀμφιαστικὰ
3408 4650 3667 4725 ἐργαλεῖα,
3730 4654 3857 4705 ὥστε

2258 4746 2329 4813 μή
2361 4761 2414 4794 τι
2454 4740 2807 4815 ἀχρειωθῆναι
2828 4749 2928 4794 τῶν
2967 4745 3397 4815 χρησιμευόντων
3437 4740 3509 4801 εἰς
3548 4745 3641 4800 τὴν
3684 4743 3856 4793 τοιαύ-

2256 4849 2351 4889 την
2400 4827 2694 4897 διακονίαν,
2750 4830 2848 4883 ἀνὰ
2895 4834 3171 4903 μετανοίας
3209 4828 3267 4895 ν’,
3325 4834 3415 4882 καὶ
3445 4830 3517 4903 ρ’,
3562 4834 3652 4882 καὶ
3684 4827 3856 4904 ἀφορι-

2258 4924 2390 4993 σμὸν
2428 4920 2760 4993 ἐπιτίμησον.

2782 5051 2935 5120 Περὶ
2974 5047 3251 5101 ἁκεστοῦ
3290 5056 3328 5103 ⁸.

2328 5153 2421 5219 Ea".
2481 5155 2601 5209 Ἐὰν
2653 5154 2711 5207 ἔκ
2762 5160 3193 5229 καταφρονήσεως
3248 5152 3512 5229 συντρίψῃ
3569 5151 3789 5227 βελόνην
3826 5151 3856 5211 ἢ

2254 5242 2440 5315 ψαλία,
2472 5246 2501 5304 ᾖ
2542 5245 2784 5316 συγκόψῃ
2843 5248 3040 5316 τροιὰν,
3082 5245 3112 5303 ἣ
3148 5240 3420 5316 διασχίσῃ
3477 5245 3706 5315 ἱμάτιον,
3759 5261 3859 5315 με-

2255 5336 2457 5388 τάνοιαι
2481 5334 2543 5406 λ’,
2578 5333 2608 5393 ἢ
2636 5332 2696 5404 ν’,
2720 5334 2749 5393 ἦ
2778 5329 2851 5409 ρ’.
