4038 6312
199 357 343 418 1⁸144

278 484 384 559 ξβν.
428 486 493 541 Εἰ
521 485 853 559 .-παραϐλέψῃ
912 491 1019 537 καὶν
1066 488 1124 538 τὸ
1162 486 1328 556 τυχὸν
1392 485 1594 559 ῥάκιον,
1650 484 1679 543 ἦ
1730 486 1876 543 ητὰΑ

199 575 540 647 ἠχρειωμένα
604 580 673 647 μή
745 574 1073 647 ἀνακαινίσῃ,
1144 578 1233 625 καὶ
1296 574 1661 645 προσεμπαλοῖ
1714 578 1803 624 καὶ

199 662 595 736 ἀποφθειργοῖι,
653 668 743 715 καὶ
801 662 1012 725 ἀπαθῶς
1078 658 1366 715 καταδιδοῖ
1442 662 1644 733 ἑκάστῳ
1703 670 1804 712 τῶν

200 749 438 824 ἀδελφῶν
488 754 578 813 τὰς
651 753 767 805 καθ’
826 748 1128 823 ἑϐδομάδας
1197 751 1518 822 ὑπαλλαγὰς,
1584 750 1804 824 ξηροφα-

196 846 383 913 γείτω,
464 841 493 899 ἣ
581 844 984 914 παραστηκέτω,
1069 843 1099 898 ἤ
1199 838 1536 914 ἀφοριξέσθω
1609 841 1803 912 ἡμέραν

195 934 350 1002 μίαν.

654 1057 806 1123 Περὶ
845 1058 957 1105 τοῦ
1014 1051 1354 1125 ὀστιαροῦ.

278 1160 378 1231 εγ.
417 1159 539 1211 Ἐὰν
596 1160 621 1211 ὁ
680 1158 948 1231 ὀστιάριος
980 1158 1031 1221 ἐξ
1074 1158 1309 1230 ἀμελείας
1349 1156 1477 1231 ἐάσῃ
1524 1156 1582 1209 τὸ
1642 1159 1804 1231 θυρώ-

200 1268 339 1325 ριον,
389 1253 478 1301 καὶ
506 1252 719 1320 γενηται
773 1244 953 1311 ἔξοδος
991 1245 1217 1320 ἀδελφοῦ
1267 1248 1513 1321 λαθραία,
1558 1246 1802 1319 ἀφοριζέ-

206 1340 319 1391 σθω
359 1334 634 1410 ἑϐδομάδα
671 1342 815 1410 μίαν.

279 1424 376 1489 ξδ’.
446 1426 565 1478 Ἐὰν
648 1428 702 1478 ἐκ
785 1430 1212 1501 καταφρονήσεως
1268 1424 1397 1498 ἐάσῃ
1466 1424 1804 1497 εἰσέρχεσθαι

202 1517 466 1588 κοσμικὰς
531 1514 831 1589 ἀποκρίσεις
891 1518 1034 1588 παρὰ
1094 1524 1193 1567 τὼν
1246 1519 1673 1589 προσφοιτώντων
1723 1512 1805 1575 ξέ-

201 1624 303 1657 νων
334 1607 383 1657 ἑν
411 1612 470 1662 τῆ
501 1611 653 1676 μονῇ,
681 1609 951 1677 μετανοίας
979 1602 1043 1675 ρ’.

279 1691 365 1756 ξέ.
410 1694 525 1746 Ἐἀν
563 1698 634 1765 μὴ
694 1692 806 1766 μετ’
850 1692 1114 1754 εὐλαϐείας
1145 1687 1296 1744 διδοῖ
1330 1696 1420 1743 καὶ
1456 1689 1691 1762 λαμϐάνῃ
1719 1688 1802 1742 λό-

200 1802 296 1856 γον
344 1785 486 1855 παρά
537 1792 636 1834 τῶν
698 1781 1077 1855 ἓπιξενομένων,
1130 1784 1160 1839 ἥ
1218 1782 1308 1843 τὰς
1340 1783 1521 1853 φάσεις
1551 1784 1619 1852 μὴ
1653 1787 1805 1837 ποιῆ-

202 1855 292 1925 ται
334 1875 465 1943 πρὸς
521 1875 607 1923 τὸν
659 1872 944 1944 ἡγούμενον
1024 1866 1287 1943 ἁρμοδίως
1340 1874 1430 1922 καὶ
1485 1873 1802 1943 πρεπόντως,
1838 1855 1882 1910 Β

208 1959 307 2014 ἀνά
330 1964 605 2032 μετανοίας
637 1959 703 2033 ρ’.

279 2048 385 2113 ξεῖό
446 2050 564 2103 Ἐὰν
620 2048 673 2112 ἐξ
716 2047 1030 2123 ἀπροσεξίας
1070 2046 1295 2121 ἀπολέσῃ
1362 2042 1609 2114 κλειδίον,
1656 2046 1806 2121 ξηρο-

208 2142 456 2211 φαγείτω.

637 2267 788 2338 Περὶ
828 2269 937 2315 τοῦ
983 2266 1369 2334 νοσοκόμον.

280 2368 380 2431 ξξ.
432 2369 549 2422 Ἐἀν
596 2373 668 2441 μὴ
741 2368 1044 2441 ἐπιμελῆται
1091 2368 1207 2420 καθ’
1262 2369 1383 2420 ὅσον
1435 2363 1656 2419 δυνατὸν
1687 2366 1802 2420 ἑκάς

210 2477 338 2511 στου
393 2466 495 2511 τῶν
552 2457 852 2533 ἀρρώστων,
899 2463 986 2511 καὶ
1026 2460 1268 2533 προσάγῃ
1329 2459 1395 2509 τά
1431 2459 1564 2509 κατά
1616 2461 1803 2528 χρείαν

208 2544 495 2619 ἁρμοδίως,
535 2550 671 2599 κατά
720 2550 786 2599 τὰ
838 2544 1264 2618 διατετυπωμένα
1303 2547 1568 2620 ἐμμέτρως
1605 2562 1619 2576 ⁸
1651 2550 1740 2597 καὶ
1771 2546 1799 2603 ἢ

208 2635 539 2709 ὗπερϐάλλοι,
604 2640 634 2694 ἤ
682 2641 772 2688 καὶ
833 2634 1077 2706 ἐλλείψοι,
1170 2636 1439 2707 μετάνοιαι
1498 2634 1561 2699 ν’,
1602 2638 1692 2686 καὶ
1737 2634 1801 2707 ρ’,

204 2728 235 2782 ἧ
264 2725 621 2797 ξηροφαγείτω
659 2731 750 2776 καὶ
776 2723 1105 2797 ἀφοριζέσθω
1131 2726 1329 2797 ἡμέραν
1369 2729 1514 2796 μίαν.

286 2900 386 2963 ξη’.
443 2902 562 2953 Ἐὰν
609 2905 681 2972 μὴ
740 2901 765 2951 ὁ
812 2904 1235 2973 παρανοσοκόμος
1284 2902 1545 2974 στρωννύῃ
1584 2903 1668 2960 τὰς
1697 2899 1804 2951 κλί-

209 3010 301 3051 νας
339 2998 437 3041 τῶν
468 2998 708 3062 νοσερῶν,
740 2994 829 3040 καὶ
870 2985 1096 3063 διατηρῇ
1136 2988 1304 3050 καλῶς
1351 2992 1417 3039 τὰ
1444 2988 1605 3051 ἔλαια,
1640 2994 1729 3040 καὶ
1761 2988 1803 3039 εὶ

205 3084 276 3152 μὴ
326 3082 424 3152 ἔχῃ
483 3078 747 3153 ἀκρίϐειαν
793 3082 958 3150 μέχρι
1003 3083 1092 3129 καὶ
1132 3077 1240 3139 ἐνὸς
1297 3083 1532 3143 κοκκίου,
1580 3078 1802 3150 ξηροφα-

203 3173 380 3241 γείτω,
412 3172 502 3219 καὶ
517 3166 844 3240 ἀφοριξέσθω
870 3168 1066 3239 ἡμέραν
1085 3171 1232 3239 μίαν.
1834 3209 1875 3265 C

278 3343 370 3408 ἔθ’.
417 3344 533 3399 Ἐάν
582 3363 665 3405 τις
711 3351 802 3396 τοῦ
876 3349 1163 3417 νοσοκόμου
1212 3347 1382 3417 χωρὶς
1427 3342 1677 3397 ἀναπίσοι
1734 3341 1801 3403 εἰς

200 3434 403 3499 κλίνην,
450 3434 480 3493 ἣ
516 3438 603 3485 καὶ
663 3432 872 3495 ἀλλάξοι
908 3432 1066 3490 ἄλλην
1103 3434 1246 3505 παρά
1295 3436 1388 3489 τὴν
1433 3428 1680 3505 δογείσαν
1712 3430 1800 3483 αὖ·

200 3532 295 3595 τῷ,
328 3524 601 3596 μετάνοιαι
638 3520 698 3576 ν’.

275 3611 337 3665 o’.
380 3613 496 3665 Ἐὰν
552 3612 942 3685 παραχρῆσθαι
994 3617 1101 3672 τοῖς
1149 3608 1477 3684 καρϐωνίοις,
1532 3611 1562 3669 ἡ
1598 3614 1802 3683 συντρί-

199 3702 276 3776 ψῃ
338 3702 395 3753 ἐκ
440 3702 702 3775 ῥᾳθυμίας
758 3720 810 3751 τι
860 3708 957 3751 τῶν
1013 3700 1372 3771 χαλκευτικῶν
1426 3697 1719 3773 ἐργαλείων,
1768 3699 1798 3757 ἢ

200 3790 453 3863 άπολίσῃ,
513 3792 542 3846 ἤ
604 3790 722 3840 ἄνευ
774 3788 1105 3859 προστάξεως
1155 3786 1283 3860 λάϐῃ
1342 3808 1393 3839 τι
1446 3791 1588 3860 παρά
1642 3808 1797 3855 τινος,

200 3885 293 3932 καὶ
352 3878 645 3953 ἐργάσηται
688 3877 969 3951 ἱργαλεῖον,
1025 3875 1086 3941 λ’,
1137 3880 1167 3934 ἤ
1214 3876 1278 3942 ν’,
1318 3882 1407 3929 καὶ
1432 3876 1479 3951 ρ’
1508 3881 1796 3950 μετάνοιαι,

202 3969 234 4028 ἦ
258 3973 348 4021 καὶ
379 3966 751 4041 ξηροφαγῑίτω.

671 4180 829 4252 Περὶ
867 4173 1337 4249 κανδηλαρίου.

279 4284 374 4340 οα“.
406 4285 527 4338 Ἐὰν
580 4288 651 4357 μὴ
684 4292 900 4342 ποιῆται
953 4290 1046 4343 τὴν
1086 4284 1220 4357 ἁφὴν
1262 4293 1355 4347 τῆς
1385 4281 1668 4355 κανδήλας,
1711 4290 1802 4339 καὶ

207 4385 299 4437 τῆς
356 4374 637 4435 ἐκκλησίας
705 4371 983 4444 ἀξιολόγως
1037 4378 1126 4425 καὶ
1181 4374 1441 4446 ἐμμέτρως
1498 4378 1586 4436 τὰς
1644 4373 1802 4449 ἀρτύ-

212 4484 340 4530 σεις,
401 4468 532 4536 μήτε
593 4460 1016 4534 ὑπερϐαλλούσας
1083 4467 1214 4529 μήτε
1262 4462 1612 4526 ἐλλειπούσας,
1674 4484 1805 4538 προ-

208 4557 429 4628 μύσσων
476 4556 566 4603 καὶ
618 4549 983 4623 ἀποκαθαίρων
1035 4554 1101 4604 τὰ
1149 4553 1288 4626 pem;
1367 4561 1465 4603 τῶν
1531 4549 1802 4611 κανδήλων
1837 4566 1881 4622 D

208 4645 348 4696 κατά
398 4644 457 4693 τὸ
506 4640 682 4700 εἰωθὸς
728 4646 822 4699 τῆς
896 4636 1214 4713 ἑϐδομάδος,
1268 4643 1532 4713 μετάνοιαι
1588 4640 1651 4715 ρ’,
1716 4646 1807 4695 καὶ

211 4731 591 4807 ξηροφαογείτω.

284 4818 391 4893 οβ’.
436 4820 556 4872 Ἐὰν
602 4815 859 4889 συντρίψῃ
905 4814 1192 4889 κανδήλαν,
1230 4821 1366 4871 κατὰ
1392 4824 1484 4877 τὴν
1530 4822 1688 4892 τιμὴν
1718 4828 1808 4882 τῆς

210 4905 481 4969 κανδήλας
506 4910 667 4979 ἓχὲτω
696 4910 753 4958 τὸ
786 4905 1065 4978 ἐπιτίμιον.

286 4996 393 5069 ον’.
422 4998 536 5049 Ἐὰν
568 4992 864 5068 ἀδιαφόρως
893 5001 1109 5054 καίηται
1149 4998 1215 5048 τά
1244 5000 1500 5070 παπύρια,
1525 4999 1553 5055 ἣ
1586 5006 1810 5057 ποιῆται

212 5090 382 5162 χύσιν
436 5081 1042 5157 ἀποκανδηλίσματος,ἧ
1099 5084 1261 5158 ἐξάψῃ
1331 5085 1551 5159 λάϐρως,
1610 5089 1637 5146 ἦ
1686 5089 1814 5141 ὑπο-

218 5175 491 5247 στνγνάσῃ
513 5175 660 5245 παρὰ
672 5174 730 5224 τὸ
759 5180 1045 5245 προσῆκον,
1080 5173 1175 5225 ἀνὰ
1200 5180 1472 5245 μετανοίας
1503 5174 1574 5231 λ’.

289 5260 388 5318 οόν,
446 5263 561 5315 Ἐὰν
620 5266 690 5332 μὴ
738 5264 961 5335 καθαίρῃ
1013 5266 1079 5315 τά
1126 5260 1494 5322 πολυκάνδηλα
1524 5266 1553 5323 ἢ
1588 5268 1653 5317 τά
1695 5285 1811 5340 κρε-

218 5353 494 5427 μαστάρια
538 5351 568 5409 ἣ
624 5353 693 5401 τὰ
719 5349 923 5416 τούϐια,
981 5352 1114 5403 ὥστε
1160 5356 1231 5423 μὴ
1266 5351 1318 5414 ἐξ
1345 5353 1535 5415 ἰώσεως
1579 5352 1811 5426 ἀχρειω-

220 5444 361 5506 θείη,
389 5438 486 5491 ἀνὰ
512 5442 786 5511 μετανοίας
814 5436 889 5510 ρ’.

299 5617 318 5649 ί
346 5617 511 5684 Puto,
538 5614 903 5692 ἀποφθειριςοι
915 5657 931 5673 .

1462 356 1525 413 s.
1566 354 1935 413 THEODORI
1974 330 2306 411 erumna

3423 342 3562 411 1³742

1981 482 2067 537 62.
2090 482 2145 538 Si
2172 481 2260 537 vel
2286 480 2551 537 lacerum
2569 481 2847 552 quamvis
2870 480 3259 553 panniculum
3282 481 3562 548 neglexe-

1910 570 2001 633 rit,
2047 575 2151 624 aut
2191 571 2404 625 detrita
2454 585 2571 625 non
2616 570 2873 636 sarserit,
2916 587 3113 642 neque
3163 572 3459 627 inverterit
3507 577 3564 627 et

1911 659 2201 731 pediculis
2225 676 2316 714 em
2329 659 2658 723 undaverit,
2679 665 2735 714 et
2755 660 2863 714 nisi
2883 659 3286 715 indifferenter
3309 660 3559 732 singulis

1912 747 2195 802 fratribus
2227 748 2456 802 dederit
2485 748 2805 803 mutatoria
2833 747 3347 815 hebdomadaria;
3379 750 3563 805 aridis

1914 842 2205 904 vescatur,
2242 841 2344 893 aut
2373 840 2482 892 stet
2511 837 2571 892 in
2599 835 2732 893 loco
2757 837 3031 906 convivii,
3065 842 3166 894 aut
3195 853 3314 894 una
3340 838 3436 894 die
3468 854 3563 894 se-

1912 929 2175 997 paretur.

2542 1050 2631 1106 De
2665 1049 2928 1107 ostiario.

1984 1154 2070 1209 63.
2107 1154 2163 1210 Si
2213 1155 2489 1211 ostiarius
2512 1154 2763 1225 januam
2803 1156 3062 1224 deserat,
3104 1160 3159 1212 et
3188 1155 3564 1215 clandestina

1911 1242 2107 1299 fratris
2145 1244 2407 1313 egressio
2455 1244 2779 1313 contingat,
2832 1249 3143 1316 separetur
3181 1262 3301 1302 una
3340 1246 3563 1303 hebdo-

1912 1334 2118 1388 mada.
3426 1402 3429 1405 ἰ

1984 1423 2071 1477 04.
2129 1422 2184 1478 Si
2240 1421 2609 1491 negligenter
2665 1422 2819 1477 sinat
2884 1423 3182 1478 introduci
3249 1424 3562 1481 mundana

1912 1526 2203 1581 responsa
2231 1526 2267 1565 a
2294 1511 2853 1581 supervenientibus
2888 1511 3222 1583 hospitibus
3254 1513 3309 1568 in
3344 1529 3562 1569 mona-

1913 1602 2178 1665 sterium,
2213 1605 2545 1656 metanoeas
2574 1607 2815 1655 centum
2843 1601 3042 1656 faciat.

1984 1693 2071 1745 65.
2110 1690 2165 1746 Si
2199 1692 2397 1744 minus
2427 1690 2518 1761 pie
2548 1690 2637 1745 vel
2665 1691 2796 1762 ipse
2822 1691 3103 1763 loquatur
3128 1691 3216 1746 vel
3247 1691 3559 1764 loquentes

1913 1785 2188 1834 externos
2212 1779 2590 1851 authospites
2604 1779 2829 1844 audiat,
2854 1780 3093 1835 velcum
3117 1781 3369 1850 praeside
3385 1786 3562 1853 prout

1913 1884 2022 1940 par
2048 1874 2133 1923 est
2162 1868 2445 1940 decetque
2478 1869 2657 1924 verba
2688 1884 2809 1924 non
2838 1868 3039 1936 faciat,
3076 1870 3390 1926 metanoeis
3423 1888 3563 1928 cen-

1913 1962 2039 2012 tum
2070 1957 2374 2028 puniatur.

1985 2050 2070 2101 66.
2107 2046 2161 2102 Si
2204 2061 2307 2117 per
2336 2046 2630 2102 incuriam
2661 2045 3020 2109 claviculam
3058 2047 3341 2116 amiserit,
3375 2050 3561 2105 aridis

1912 2141 2200 2190 vescatur.

2359 2261 2443 2317 De
2466 2260 2788 2317 nosocomii
2815 2266 3110 2318 curatore.

1982 2367 2069 2422 67.
2105 2367 2161 2422 Si
2184 2366 2559 2437 singulorum
2582 2374 2945 2436 aegrotorum
2971 2384 3179 2425 curam
3202 2383 3312 2440 pro
3333 2370 3560 2426 viribus

1912 2470 2033 2512 non
2083 2461 2267 2524 gerat,
2318 2472 2453 2528 quae
2500 2472 2656 2526 opus
2703 2455 2879 2512 fuerit
2933 2460 3354 2514 convenienter
3410 2474 3561 2531 prae-

1911 2544 2111 2600 bendo
2146 2550 2201 2599 et
2232 2560 2338 2615 pro
2370 2560 2659 2601 mensura
2694 2545 3063 2617 praescripta,
3110 2563 3293 2618 quam
3326 2548 3419 2604 vel
3457 2565 3560 2604 ex-

1912 2634 2083 2690 cedat
2111 2633 2200 2689 vel
2222 2634 2473 2699 minuat,
2495 2639 2825 2691 metanmas
2852 2635 3030 2691 faciat
3047 2636 3489 2707 quinquaginta
3506 2643 3563 2695 et

1911 2728 2174 2791 centum,
2233 2722 2325 2778 vel
2377 2722 2561 2779 aridis
2613 2728 2905 2787 vescatur,
2965 2728 3023 2780 et
3078 2730 3386 2796 separetur
3439 2742 3560 2783 uno

1911 2812 2027 2867 die.

1983 2904 2069 2955 68.
2101 2900 2157 2956 Si
2196 2902 2528 2956 nosocomii
2559 2902 3002 2957 mansionarius
3032 2918 3153 2958 non
3186 2904 3457 2960 straverit
3489 2921 3563 2961 ae-

1911 2994 2217 3058 grotorum
2253 2990 2459 3058 lectos,
2492 3006 2601 3045 nec
2640 2996 2914 3045 sanctum
2942 2990 3138 3046 oleum
3180 2992 3335 3047 bene
3366 3010 3561 3050 serva-

1912 3078 2075 3143 verit,
2122 3094 2231 3133 nec
2278 3078 2647 3147 diligentiam
2698 3094 2885 3148 usque
2938 3079 3016 3133 ad
3079 3096 3261 3135 unam
3313 3097 3558 3154 quoque

1911 3166 2157 3237 pilulam
2202 3167 2560 3232 adhibuerit,
2602 3166 2785 3224 aridis
2828 3173 3123 3237 vescatur,
3156 3173 3211 3225 et
3251 3176 3560 3241 separetur

1912 3270 2033 3310 uno
2062 3255 2179 3310 die.

1980 3343 2068 3399 69.
2100 3344 2294 3416 Siquis
2317 3344 2444 3401 sine
2478 3345 2815 3400 nosocomii
2849 3350 3117 3403 curatore
3150 3346 3211 3402 in
3234 3347 3454 3404 lectum
3495 3365 3559 3405 se

1910 3432 2180 3505 recipiat,
2224 3434 2312 3489 vel
2343 3435 2503 3489 hunc
2542 3450 2679 3489 cum
2721 3434 2831 3489 sibi
2856 3435 2985 3505 jam
3025 3436 3167 3493 dato
3205 3442 3558 3510 commutet,

1911 3527 2244 3578 metanmas
2273 3524 2714 3596 quinquaginta
2739 3524 2939 3581 faciat.

1982 3615 2070 3666 70.
2103 3612 2157 3668 Si
2189 3611 2552 3667 carbonibus
2570 3614 2869 3679 abutatur,
2901 3617 3006 3669 aut
3027 3629 3130 3685 per
3156 3614 3452 3670 incuriam
3483 3631 3561 3670 a3-

1911 3715 2092 3755 neum
2107 3701 2348 3772 aliquod
2363 3702 2827 3757 instrumentum
2843 3702 3311 3772 confringat,aut
3328 3705 3559 3774 perdat,

1911 3794 2014 3845 aut
2055 3805 2174 3844 non
2198 3790 2401 3860 jussus
2431 3791 2767 3863 quidquam
2805 3790 2883 3847 ab
2913 3791 3116 3864 aliquo
3158 3793 3429 3864 accipiat,
3464 3792 3557 3849 fa-

1910 3878 2147 3950 ciatque
2185 3879 2648 3935 instrumentum
2679 3880 2945 3952 aliquod,
2975 3881 3208 3951 triginta
3251 3886 3354 3936 aut
3386 3883 3560 3953 quin-

1909 3967 2201 4038 quaginta
2230 3973 2286 4023 et
2315 3972 2557 4024 centum
2584 3969 2896 4025 metanoeis
2922 3970 3229 4039 puniatur,
3256 3970 3347 4025 vel
3375 3971 3558 4026 etiam

1912 4056 2096 4111 aridis
2126 4060 2426 4115 vescatur.

2500 4179 2582 4236 De
2613 4179 2973 4237 lucernario.

1982 4289 2071 4342 71.
2115 4286 2171 4342 Si
2203 4284 2546 4357 lampadem
2592 4302 2713 4342 non
2746 4286 3103 4349 accenderit,
3137 4302 3245 4342 nec
3295 4286 3557 4344 ecclesiae

1913 4376 2332 4430 convenienter
2353 4374 2831 4447 sufﬁcienterque
2856 4375 3200 4431 condituras
3221 4376 3440 4441 fecerit,
3466 4393 3566 4432 ne-

1913 4479 2030 4536 que
2060 4464 2416 4519 immodicas
2442 4479 2635 4535 neque
2666 4464 3004 4529 defectivas,
3036 4465 3566 4537 emunctispurga-

1916 4554 2107 4624 tisque
2129 4553 2482 4623 lampadum
2513 4553 2814 4619 sordibus,
2847 4560 3018 4625 prout
3047 4571 3180 4608 mos
3213 4560 3301 4609 est
3330 4555 3388 4609 in
3418 4556 3566 4611 heb-

1916 4641 2201 4706 domade,
2237 4648 2565 4698 metanmas
2582 4648 2818 4698 centum
2845 4642 3023 4699 faciat
3053 4648 3107 4698 et
3133 4648 3419 4714 praeterea
3449 4646 3567 4700 ari-

1918 4731 2010 4788 dis
2037 4738 2332 4787 vescatur.

1988 4822 2076 4873 72.
2108 4820 2164 4875 Si
2193 4819 2539 4891 lampadem
2570 4819 2825 4889 fregerit,
2861 4824 3036 4891 prout
3066 4820 3240 4875 fuerit
3267 4819 3567 4892 lampadis

1920 4909 2197 4980 pretium,
2237 4924 2478 4979 poenam
2513 4909 2751 4965 referat.

1991 4996 2081 5051 73.
2118 4999 2172 5053 Si
2205 4998 2527 5053 oscitanter
2552 4999 2888 5053 inﬂammet
2935 4998 3210 5069 papyria,
3246 5000 3350 5052 aut
3392 4995 3573 5051 faciat

1922 5086 2283 5157 lampadarii
2317 5086 2428 5141 olei
2460 5086 2836 5153 effusionem,
2871 5092 2972 5141 aut
3012 5087 3237 5156 largius
3268 5084 3570 5154 incendat,

1925 5181 2031 5233 aut
2059 5175 2285 5230 exiliter
2305 5182 2519 5247 praeter
2543 5175 2815 5243 modum,
2848 5181 3178 5231 metanosas
3205 5175 3466 5244 triginta.

1997 5268 2085 5320 74.
2118 5265 2172 5321 Si
2195 5264 2509 5337 lampades
2542 5280 2662 5319 non
2694 5264 3130 5331 emundaverit,
3159 5263 3249 5318 vel
3282 5263 3573 5335 pendulas

1927 5369 2201 5419 coronas,
2230 5354 2325 5409 vel
2364 5359 2737 5419 ornamenta,
2770 5354 3097 5423 quominus
3138 5353 3413 5423 rubigine
3453 5367 3578 5407 cor-

1926 5448 2306 5514 rumpantur,
2336 5448 2667 5499 metanoeas
2699 5446 2939 5497 centum
2972 5440 3171 5498 faciat.
