4038 6312
545 341 685 399 1743

540 554 853 626 lampades
880 554 1179 617 incendat,
1209 555 1289 609 ita
1317 560 1377 608 ut
1399 554 1597 625 ipsum
1631 553 1917 623 signiﬁcet
1951 560 2188 626 tempus

543 642 937 698 solemnitatis
974 642 1228 707 Domini,
1268 648 1325 697 et
1356 642 1736 697 Dominicalis
1779 642 1916 708 diei,
1950 649 2005 698 et
2028 658 2191 697 com-

544 732 995 786 memorationis
1027 735 1402 796 sanctorum;
1432 735 1488 785 et
1513 731 1620 784 nisi
1648 730 1740 784 bis
1771 736 1928 786 terve
1960 732 2017 786 in
2045 731 2189 786 heb-

540 819 806 876 domada
829 821 1116 892 templum
1147 821 1245 876 Dei
1262 827 1474 887 verrat,
1498 826 1827 876 metanmas
1859 820 2116 890 triginta.

1137 1016 1220 1071 De
1251 1015 1593 1072 hortulano.

613 1114 701 1169 76.
732 1113 789 1170 Si
832 1119 1100 1185 tempore
1136 1113 1354 1169 idoneo
1385 1128 1505 1168 non
1546 1114 1760 1169 severit
1787 1112 1970 1178 olera,
2004 1118 2191 1169 meta-

542 1218 711 1259 nceas
744 1203 1206 1274 quinquaginta.

613 1300 698 1349 77.
759 1292 875 1347 Nisi
926 1291 1167 1363 pulchre
1214 1291 1554 1355 excoluerit,
1606 1296 1898 1362 tanquam
1952 1290 2189 1346 Domini

541 1383 909 1457 paradisum,
954 1380 1347 1436 commissum
1396 1382 1510 1435 sibi
1542 1381 1802 1445 hortum,
1834 1381 1914 1435 ita
1957 1389 2016 1435 ut
2056 1398 2188 1436 om-

540 1490 614 1528 ne
646 1487 835 1541 genus
883 1469 1112 1525 olerum
1156 1469 1505 1525 fraternitati
1546 1469 1774 1525 affatim
1826 1470 2184 1541 suppeditet,

539 1568 870 1617 metanoeas
901 1566 1161 1615 centum.

611 1652 699 1704 78.
768 1647 825 1702 Si
899 1646 1223 1702 oscitanter
1301 1646 1561 1716 negligat
1636 1648 2011 1716 rigationem,
2080 1663 2187 1703 nec

530 1739 698 1811 justa
727 1752 1014 1793 mensura
1046 1736 1325 1808 adaquet,
1363 1744 1688 1792 metanoeas
1718 1744 1981 1792 centum.

1168 1860 1256 1915 De
1286 1857 1556 1914 vinitore.

608 1962 698 2017 79.
731 1959 847 2015 Nisi
877 1957 1030 2013 bene
1058 1957 1308 2014 coluerit
1338 1960 1517 2011 vitem
1550 1957 1803 2022 Domini,
1838 1963 2182 2028 amputans,

538 2064 827 2122 purgans,
863 2047 1118 2116 fodiens,
1142 2046 1346 2101 foveas
1374 2062 1694 2111 excavans,
1718 2054 1775 2101 et
1805 2048 1969 2102 omni
2004 2046 2186 2102 modo

538 2154 673 2195 eam
706 2138 948 2210 pulchre
979 2135 1279 2201 excolens,
1313 2141 1643 2191 metanoeas
1673 2142 1935 2191 centum.

1173 2259 1262 2314 De
1287 2261 1546 2314 oratore.

614 2371 700 2422 80.
761 2367 819 2423 Si
872 2365 960 2422 ira
1009 2363 1348 2435 impellente
1396 2363 1615 2419 bovem
1660 2364 2039 2435 percusserit,
2087 2368 2189 2420 aut

539 2455 916 2511 inconditum
941 2453 1188 2509 verbum
1221 2453 1281 2508 in
1306 2469 1447 2508 eum
1478 2452 1816 2519 intenderit,
1860 2458 2189 2508 metanmas

691 2561 773 2599 m.

691 2561 773 2599 m.

542 2546 684 2688 (1880:
683 2671 697 2685 .
740 2632 797 2688 Si
832 2630 993 2687 utilia
1031 2631 1146 2687 sibi
1174 2646 1321 2687 vasa
1350 2634 1406 2686 et
1441 2631 1834 2686 instrumenta
1865 2629 2190 2701 prudenter

538 2725 595 2779 et
624 2730 900 2779 accurate
926 2735 1048 2776 non
1079 2720 1419 2785 servaverit,
1452 2719 1637 2775 aridis
1665 2723 1962 2776 vescatur.

975 2896 1061 2951 De
1082 2894 1381 2967 hospitum
1410 2901 1745 2965 exceptare.

615 3004 705 3061 82.
732 3003 852 3060 Nisi
876 3002 1029 3058 bene
1056 3009 1275 3057 etcum
1296 3001 1647 3057 omnimoda
1680 3002 1897 3073 pietate
1922 3001 2193 3073 hospites

544 3092 859 3164 exceperit,
890 3091 1103 3147 lavans
1132 3090 1316 3163 pedes
1344 3090 1602 3155 illorum,
1636 3091 1697 3145 in
1729 3090 2016 3145 cubiculis
2054 3106 2195 3147 con-

548 3183 851 3237 venienter
880 3179 1200 3242 collocans,
1230 3185 1560 3235 metanmas
1584 3186 1849 3235 centum.

619 3274 707 3325 83.
753 3270 812 3324 Si
852 3269 1070 3324 lectum
1117 3284 1240 3323 non
1289 3270 1579 3332 straverit,
1618 3282 1727 3322 nec
1774 3283 1911 3338 quas
1956 3275 2095 3323 sunt
2133 3268 2194 3324 in

545 3359 694 3415 cella
732 3357 995 3429 stragula.
1040 3359 1371 3413 excusserit
1408 3361 1463 3412 et
1511 3359 1828 3422 curaverit,
1871 3356 2055 3412 aridis
2105 3372 2196 3413 ve-

548 3455 769 3504 scatur.

617 3541 704 3592 84.
738 3534 1013 3592 Similiter
1039 3534 1090 3590 si
1115 3533 1457 3591 cubiculum
1487 3534 1641 3589 bene
1667 3549 1788 3590 non
1816 3534 2195 3591 mundaverit

542 3624 698 3681 intra
724 3623 1197 3681 hebdomadam.

1191 3748 1275 3803 De
1304 3746 1545 3816 pistore.

617 3860 706 3912 85.
758 3855 815 3913 Si
858 3854 994 3926 quis
1036 3854 1096 3909 in
1148 3852 1391 3910 ofﬁcina
1429 3853 1689 3925 paniﬁcii
1737 3854 1917 3910 verba
1968 3853 2191 3921 fecerit,

544 3944 827 4001 fratribus
883 3959 1103 4017 panem
1170 3943 1641 4011 elaborantibus,
1704 3950 2036 4001 metanceas
2099 3944 2195 4001 tri-

548 4034 733 4105 ginta.

618 4127 707 4181 86.
759 4123 814 4179 Si
860 4122 1049 4194 pistor
1094 4121 1481 4179 immodicam
1532 4127 1973 4178 sarmentorum
2014 4124 2193 4180 ﬂam-

543 4228 711 4270 mam
743 4211 1025 4283 subjiciat
1048 4216 1150 4267 aut
1178 4211 1503 4282 lignorum,
1534 4211 1623 4266 vel
1652 4210 1809 4267 male
1836 4228 2057 4283 panem
2097 4229 2193 4270 co-

545 4308 711 4375 quat,
743 4306 1075 4357 metanmas
1106 4307 1240 4357 tres.

1065 4426 1150 4483 De
1167 4428 1346 4496 fabro
1378 4426 1665 4497 lignario.

1766 339 1895 399 POE
1904 341 2018 397 ΝιΕ
2056 338 2651 401 MONASTERIALES
2664 385 2678 399 .

618 472 709 522 75.
733 467 788 523 Si
813 466 1010 521 minus
1038 470 1139 520 aut
1161 465 1296 537 plus
1320 480 1505 536 quam
1526 464 1576 519 ei
1591 466 2005 537 praescriptum
2019 465 2191 521 fuerit
2221 467 2264 519 A

3764 338 3901 401 l7“

2374 466 2460 520 οε¹.
2516 467 2635 518 Ἐὰν
2692 466 2896 541 ἐκλείψει
2950 470 2979 527 ἡ
3026 471 3309 544 προσθήσῃ
3364 472 3509 543 παρά
3555 473 3612 522 τὸ
3665 489 3896 543 προστα-

2298 557 2427 627 χθὲν
2481 558 2621 626 αὐτῷ
2684 561 2869 631 μέτρον
2924 565 3015 631 τῇς
3066 558 3198 631 ἁφῆς
3254 567 3354 611 τῶν
3422 556 3712 625 κανδήλων,
3765 562 3894 612 ὥστε

2298 644 2571 716 γνωρίζειν
2601 646 2755 698 αὐτὸν
2807 650 2893 698 τὸν
2937 650 3118 722 καιρὸν
3150 656 3245 711 τῆς
3275 655 3594 710 Δεσποτικῆς
3642 648 3820 722 ἑορτῆς
3846 661 3892 714 κ,

2298 737 2388 784 καὶ
2444 742 2541 795 τῆς
2594 740 2885 807 Κυριακῆς,
2934 743 3026 795 τῆς
3054 740 3266 808 μνήμης
3318 745 3416 789 τῶν
3450 736 3632 808 ἁγίων,
3685 740 3776 788 καὶ
3814 735 3892 788 ἐὰν

2297 825 2369 893 μὴ
2404 817 2439 873 δ
2445 827 2490 883 it;
2541 826 2627 873 καί
2660 828 2769 895 τρὶς
2799 830 2893 884 τῆς
2924 820 3222 896 ἑϐδομάδος
3253 824 3499 898 φιλοκαλῇ
3535 828 3620 877 τὸν
3650 827 3769 877 ναὸν
3807 831 3891 877 τού

2300 915 2454 977 Θεοῦ,
2489 909 2583 962 ἀνὰ
2614 916 2885 982 μετανοίας
2914 910 2988 964 λ’.

2764 1023 2919 1092 Περὶ
2959 1026 3069 1071 τοῦ
3107 1039 3181 1077 κη
3202 1027 3441 1094 πωροῦ.

2370 1119 2471 1177 ag".
2538 1116 2656 1167 Ἐὰν
2700 1119 2772 1187 μὴ
2830 1114 2878 1167 έν
2925 1124 3091 1189 καιρῷ
3144 1126 3361 1177 ποιῆται
3400 1120 3493 1181 τὰς
3553 1118 3751 1190 σπορὰς
3803 1125 3893 1170 τῶν

2298 1200 2565 1274 λαχάνων,
2592 1204 2861 1274 μετάνοιαι
2885 1202 2943 1258 ν’.

2369 1289 2467 1353 of.
2532 1291 2647 1343 Ἐὰν
2701 1296 2770 1363 μὴ
2813 1291 3088 1368 καλλιεργῇ
3134 1296 3201 1357 ὡς
3231 1291 3553 1366 παράδεισον
3596 1298 3794 1366 Κυρίου
3820 1298 3895 1345 τὸν

2299 1384 2705 1451 πεπιστευμένον
2759 1381 2901 1451 αὐτῷ
2984 1389 3172 1451 κῆπον,
3245 1385 3379 1435 ὥστε
3455 1384 3695 1455 ἐπαρκεῖν
3748 1382 3897 1435 αὑτὸν

2297 1477 2359 1540 τῇ
2417 1465 2730 1541 ἀδελφότητι
2786 1472 2920 1522 κατὰ
3001 1477 3100 1523 πᾶν
3186 1467 3323 1532 εἶδος
3404 1471 3662 1543 λαχάνου,
3746 1462 3901 1544 μετα-

2298 1562 2438 1618 νοίας
2466 1556 2533 1631 ρ’.

2372 1646 2470 1704 oa'.
2525 1646 2642 1699 Ἐὰν
2698 1644 2992 1720 ἀδιαφόρως
3051 1648 3320 1723 παραμελῇ
3384 1651 3476 1711 τὰς
3525 1644 3759 1723 ἀρδείας,
3816 1670 3901 1721 καί

2298 1739 2368 1807 μὴ
2403 1733 2667 1811 ἐμμέτρως
2694 1737 2910 1809 ποτίζῃ,
2932 1738 3201 1809 μετάνοιαι
3229 1735 3294 1812 ρ’.

2682 1865 2836 1935 Περὶ
2878 1870 2991 1913 τοῦ
3038 1861 3519 1938 ἀμπελουργοῡ.

2370 1956 2461 2012 οϐ’.
2510 1959 2631 2011 Ἐὰν
2693 1963 2765 2031 μὴ
2800 1959 3047 2033 φιλοκαλῇ
3099 1965 3194 2019 τὴν
3254 1961 3478 2033 ἄμπελον
3534 1967 3753 2036 Κυρίου,
3788 1961 3902 2017 δια-

2296 2050 2509 2119 τέμνων,
2568 2049 2852 2119 καθαίρων,
2933 2052 3199 2114 σκάπτων,
3281 2046 3561 2125 βοθρεύων,
3620 2058 3711 2105 καί.
3771 2072 3901 2105 παν-

2294 2140 2445 2197 τοίως
2474 2136 2636 2194 αύτὴν
2668 2135 3002 2211 καλλιεργῶν,
3026 2143 3300 2210 μετανοίας
3328 2138 3399 2212 ρ’.

2690 2267 2732 2313 Π
2758 2265 2855 2334 ερὶ
2892 2269 3003 2314 τοῦ
3043 2261 3502 2339 ἀροτριῶντος.

2367 2366 2442 2420 π’.
2503 2366 2619 2419 Ἐὰν
2676 2364 2775 2419 ἀπὸ
2825 2370 2991 2440 θυμοῦ
3056 2368 3226 2442 πλήξῃ
3272 2373 3360 2423 τὸν
3388 2367 3609 2443 βοῦν,ξῆ
3661 2378 3901 2446 προσενέ-

2296 2474 2418 2526 γκοι
2448 2454 2597 2529 ῥῆμα
2624 2454 2867 2523 ἄτακτον,
2901 2463 3175 2529 μετανοίας
3209 2461 3264 2514 ι’.

2371 2638 2479 2686 πα’.
2530 2630 2645 2685 Ἐὰν
2702 2638 2773 2705 μὴ
2825 2636 2890 2686 τὰ
2940 2639 3339 2707 χρησιμεύοντα
3388 2636 3527 2708 αὐτῷ
3586 2640 3748 2696 σκεύη
3812 2646 3897 2693 καὶ

2300 2716 2540 2794 έργαλεία
2576 2720 2686 2793 μετ’
2736 2723 3034 2794 ἑπιστημης
3086 2728 3177 2776 καὶ
3232 2724 3517 2797 ἐπιμελείας
3573 2734 3765 2800 κρατῇ,
3817 2728 3901 2791 ξη-

2300 2813 2593 2881 ροφασγείτω
2607 2852 2621 2867 ,

2810 2905 2852 2952 Π
2874 2904 2971 2973 ερὶ
3010 2897 3392 2974 ξενοδόχου.

2374 3002 2490 3076 πβ’.
2545 3003 2665 3057 Ἐὰν
2699 3008 2770 3077 μή
2817 3003 3151 3078 ὑποδέχηται
3195 3008 3359 3069 καλῶς
3414 3012 3530 3070 τούς
3576 3010 3752 3074 ξένους
3780 3014 3901 3077 μετὰ

2305 3094 2478 3154 πάσης
2544 3092 2819 3160 εὐλαϐείας,
2903 3101 3091 3149 νίπτων
3160 3101 3280 3159 τοὺς
3335 3095 3509 3159 πόδας
3574 3099 3768 3167 αὐτῶν,
3817 3104 3900 3152 καὶ

2234 3163 2277 3221 C
2304 3182 2560 3243 κοιτάζων
2590 3182 2780 3245 αὐτοὺς
2809 3180 3096 3256 ἁρμοδίως,
3119 3189 3390 3256 μετάνοιαι
3416 3184 3480 3259 ρ’.

2375 3269 2486 3343 τιν’.
2553 3271 2670 3323 Ἐὰν
2728 3270 2855 3345 ἐάσῃ
2910 3272 3174 3347 ἆστρωτον
3216 3279 3305 3333 τὴν
3352 3275 3550 3341 κλίνην,
3591 3281 3682 3329 καὶ
3716 3283 3789 3350 μὴ
3844 3281 3905 3331 τὰ

2304 3362 2352 3412 ἓν
2400 3367 2463 3433 τῇ
2534 3356 2777 3432 διακονίᾳ
2858 3364 3206 3434 σκεπάσματα
3280 3361 3626 3438 ἀνατινάσσῃ,
3677 3372 3770 3419 καὶ
3822 3386 3906 3420 πε-

2303 3458 2599 3524 ριποιῆται,
2635 3448 3011 3522 ξηροφαγείτω.

2373 3536 2483 3593 ιιι-δ’.
2521 3536 2789 3599 Ὡσαύτως
2840 3544 2930 3592 καὶ
2988 3539 3072 3593 έὰν
3126 3546 3199 3613 μὴ
3251 3541 3496 3615 φιλοκαλῇ
3536 3546 3625 3596 τὸν
3686 3554 3909 3600 κοιτῶνα

2304 3622 2397 3679 διὰ
2429 3634 2520 3690 τῆς
2549 3623 2867 3699 ἑϐδομάδος.

2842 3749 2996 3819 Περὶ
3033 3746 3384 3818 μάγκιπος.

2372 3847 2469 3903 πε’.
2501 3848 2561 3902 Εἰ
2608 3869 2691 3913 τις
2720 3850 2937 3910 λαλήσει
2984 3855 3033 3904 ἓν
3100 3860 3172 3923 τῷ
3226 3852 3567 3928 ἀρτοκοπιίῳ,
3619 3864 3724 3909 τῶν
3762 3855 3910 3911 ἀδελο

2304 3945 2406 4011 φῶν
2432 3942 2554 4001 τοὺς
2581 3940 2772 4012 ἄρτους
2799 3939 3293 4016 ἀρτοκοποιούντων,
3316 3944 3592 4015 μετάνοιαι
3621 3944 3690 4001 λ’.

2373 4111 2482 4180 πς·’.
2518 4115 2635 4169 Ἐὰν
2691 4120 2762 4188 μὴ
2814 4118 2839 4168 ὁ
2878 4117 3085 4190 μάγκιψ
3124 4122 3434 4192 συμμέτρως
3493 4119 3785 4175 ὑποϐάλλοι
3817 4127 3907 4181 τὴν

2302 4212 2491 4256 καῦσιν
2534 4213 2632 4257 τῶν
2686 4207 2955 4279 φρυγάνων
3008 4209 3038 4266 ἦ
3096 4215 3195 4259 τῶν
3244 4207 3426 4275 ξύλων,
3486 4209 3516 4268 ᾖ
3574 4209 3672 4282 ἐφῇ
3740 4219 3910 4271 κακῶς

2301 4296 2389 4345 τὸν
2418 4294 2592 4368 ἄρτον,
2619 4297 2889 4367 μετάνοιαι
2931 4292 3001 4367 γ’.

2762 4422 2916 4490 Περὶ
2954 4426 3066 4470 τοῦ
3106 4421 3427 4480 τέκτονος.

618 4538 707 4592 87.
743 4535 801 4591 Si
840 4534 1069 4604 lignum
1106 4534 1293 4587 securi
1333 4534 1698 4603 pessumdet,
1735 4534 1828 4590 vel
1875 4536 2187 4592 abundan-

2369 4522 2479 4584 πζ¹.
2521 4523 2641 4575 Ἐὰν
2681 4520 2906 4596 ἀφανίσῃ
2954 4527 3012 4576 τό
3069 4523 3410 4597 πελεκώμενον
3465 4524 3633 4594 ξύλον,
3684 4526 3719 4587 ἦ
3756 4528 3903 4601 ύπιρο

548 4626 660 4681 tius
692 4624 901 4689 caedat,
936 4622 1028 4677 vel
1054 4625 1266 4692 praeter
1294 4622 1498 4682 datam
1527 4638 1868 4679 mensuram
1893 4624 2188 4693 concidat,

546 4714 639 4768 vel
670 4716 848 4769 etiam
876 4712 1046 4766 aliter
1072 4709 1288 4765 efﬁciat
1319 4710 1541 4776 inutile,
1575 4712 1758 4766 aridis
1790 4720 2091 4771 vescatur.

618 4802 703 4857 88.
752 4802 809 4857 Si
857 4802 991 4871 quis
1022 4798 1328 4853 abstulerit
1370 4801 1852 4863 instrumentum,
1897 4803 2070 4858 fabro
2116 4802 2189 4857 li-

546 4893 761 4961 gnario
799 4887 1153 4951 inconsulto,
1195 4887 1281 4941 vel
1314 4904 1383 4943 ex
1416 4889 1530 4946 alia
1557 4889 1799 4947 ofﬁcina
1841 4894 2191 4965 sumpserit,

544 4986 873 5036 metanoeas
910 4976 1371 5048 quinquaginta.

613 5069 701 5124 89.
742 5068 798 5121 Si
843 5067 1308 5121 instrumentum
1354 5068 1831 5138 pessumdederit
1872 5069 1930 5125 in
1976 5072 2193 5143 quavis

543 5158 805 5223 ofﬁcina,
854 5155 1034 5211 aridis
1078 5162 1352 5212 vescatur
1389 5162 1444 5211 et
1496 5159 1889 5229 separationis
1944 5175 2189 5232 poenam

542 5246 692 5303 luat.

615 5334 702 5389 90.
736 5336 1000 5405 Ruptura
1026 5334 1073 5389 si
1117 5334 1375 5390 evenerit
1421 5334 1620 5400 asciae,
1656 5334 1933 5407 terebelli,
1987 5353 2191 5408 serra,

544 5424 791 5492 securis,
832 5424 924 5480 vel
971 5424 1233 5496 cujusvis
1272 5423 1635 5489 ferramenti,
1681 5428 2012 5482 metanmas
2056 5444 2196 5485 cen-

542 5519 695 5571 tum.

610 5634 641 5681 ι
664 5622 804 5680 Vide
829 5620 1123 5693 Cangium
1149 5620 1213 5677 in
1241 5624 1555 5674 Δεσποτικαὶ
1580 5624 1775 5698 ἑορταί.

2296 4611 2461 4684 κὸψῃ,
2492 4616 2582 4664 καὶ
2631 4615 2772 4686 παρά
2826 4615 2884 4664 τὸ
2940 4616 3123 4687 μέτρον
3171 4612 3479 4687 παρακύψῃ,
3520 4615 3550 4673 ἦ
3601 4620 3695 4669 καὶ
3751 4615 3904 4675 ἄλλως

2296 4720 2406 4761 πως
2436 4701 2742 4774 ἀχρειώσει,
2778 4701 3148 4773 ξηροφαγείτω.

2368 4787 2479 4847 πη’.
2514 4789 2629 4842 Ἐἀν
2683 4791 2847 4863 ἐπάρῃ
2910 4809 2987 4850 τις
3036 4789 3296 4863 ἐργαλεῖον
3353 4790 3471 4844 ἄνευ
3521 4799 3613 4845 τοῦ
3666 4798 3900 4853 τέκτονος

2297 4881 2327 4935 ἤ
2362 4878 2414 4939 ἑξ
2441 4876 2600 4939 ἆλλης
2625 4875 2891 4939 διακονίας
2915 4880 3185 4951 μετάνοιαι
3213 4876 3283 4932 ν’.

2368 5057 2476 5111 πθ’.
2511 5056 2627 5109 Ἐὰν
2680 5055 2904 5130 ἀπολέσῃ
2956 5056 3214 5131 ἐργαλεῖον
3260 5055 3345 5110 ἐπὶ
3377 5059 3557 5120 πάσης
3602 5054 3899 5128 διακονίας,

2299 5144 2668 5220 ξηροφαγείτω,
2692 5149 2781 5197 καὶ
2811 5142 3107 5219 ἀφορισμοῡ
3137 5144 3398 5218 ἐπιτίμιον
3425 5144 3611 5219 έχέτω.

2368 5304 2440 5382 L)’.
2521 5320 2749 5395 Κλάσμα
2822 5324 2906 5375 ἰὰν
2957 5326 3169 5395 γένηται
3245 5324 3556 5398 σκεπάρνου,
3630 5328 3903 5398 τερέτρου,

2297 5417 2526 5488 πρίονος,
2574 5410 2839 5480 πελέκεως,
2896 5415 2927 5471 ἦ
2980 5417 3070 5466 καὶ
3111 5412 3267 5466 ἄλλον
3324 5415 3483 5478 τινὸς,
3530 5414 3812 5486 μετάνοιαι
3834 5414 3899 5493 ρ’.
