4038 6312
208 267 363 329 3743
1482 276 1544 332 S.
1587 274 1953 334 THEODORI
1996 275 2320 335 STUDITIE
3428 278 3589 351 μ1746

683 401 834 473 Περὶ
871 405 982 451 τοῦ
1020 402 1361 458 κτηνίτου.
1850 403 1899 457 Α

1850 403 1899 457 Α
2510 402 2593 460 De
2610 404 3000 474 Jumentario.

282 502 382 591 ιμ’.
443 505 559 559 Ἐὰν
612 509 680 577 μὴ
731 510 825 563 τὴν
876 510 1251 579 προσήκουσαν
1310 507 1601 579 ἐπιμέλειαν
1668 517 1816 568 ποιῆ-

1999 510 2086 562 91.
2111 509 2167 565 Si
2198 508 2462 564 debitam
2485 510 2897 580 jnmentorum
2929 527 3136 567 curam
3164 527 3283 567 non
3308 514 3576 581 gesserit,

214 610 306 646 ται
360 591 408 644 έν
457 601 563 654 τοῖς
614 599 873 659 κτήνεσιν,
907 598 1070 647 εἳτουν
1110 599 1166 647 τό
1219 594 1266 646 ἐν
1324 604 1488 669 καιρῷ
1536 593 1680 666 ὕδωρ
1731 594 1809 648 δι-

1988 612 2054 651 ve
2078 601 2342 667 tempore
2368 597 2584 653 idoneo
2611 605 2819 671 potum
2846 604 3207 671 pastumque
3233 600 3579 673 praebendo,

218 676 367 733 δόναι
408 686 498 734 καὶ
544 687 637 741 τὴν
684 688 898 757 τροφὴν,
954 688 1045 735 καὶ
1086 686 1411 755 στρωννύειν,
1455 691 1543 737 καὶ
1582 684 1813 748 ἀναξύειν

1987 700 2053 739 ve
2075 687 2360 741 stramine
2382 687 2778 758 subjiciendo,
2806 695 2861 743 et
2885 688 3175 751 fricando,
3200 695 3257 744 et
3276 690 3582 759 poliendo.

214 773 306 822 καὶ
363 769 672 841 φιλοκαλεῖν,
742 778 832 824 καὶ
898 771 1286 849 ἀποκαθαίρειν,
1339 778 1428 826 καὶ
1478 774 1809 849 ψηκτρίζειν,

1980 788 1998 827 3
2026 774 2378 829 mundando
2410 781 2588 846 atque
2618 775 3069 845 destringendo,
3115 783 3446 834 metanmas
3479 780 3575 834 tri-

218 862 490 932 μετάνοιαι
518 859 582 915 λ’.
1126 854 1136 859 ’

522 859 582 915 λ’.
1126 854 1136 859 ’
1926 862 2117 930 ginta.

288 945 397 1021 ιβ’.
429 948 547 1002 Ἐὰν
598 949 730 1001 πολὺ
784 949 1069 1023 κατελαύνῃ
1098 952 1146 1003 ἓν
1203 958 1275 1021 τῷ
1323 951 1518 1023 μύλωνι
1564 955 1593 1010 ἤ
1628 951 1676 1003 ἐν
1729 952 1814 1004 ἄλ-

1997 953 2082 1004 92.
2120 952 2176 1005 Si
2219 951 2321 1005 diu
2351 951 2662 1021 agitaverit
2692 953 2751 1006 in
2786 954 3032 1023 pistrino
3063 954 3151 1009 vel
3200 954 3263 1009 in
3313 956 3423 1021 via,
3467 960 3568 1011 aut

216 1034 280 1109 λῃ
325 1033 457 1107 ὀδῷ,
510 1038 540 1096 ἣ
602 1034 1026 1112 καταῤῥᾶϐδίζῃ,
1082 1039 1112 1096 ἡ
1169 1039 1475 1112 ἑπιφορτίζῃ
1526 1039 1673 1092 πλέον
1722 1048 1811 1092 τοῦ

1990 1053 2095 1108 rga
2117 1039 2289 1093 nimis
2322 1040 2673 1104 contuderit,
2699 1041 2787 1095 vel
2819 1042 2951 1113 plus
2992 1058 3168 1114 aequo
3198 1058 3354 1098 onus
3389 1045 3579 1115 impo-

215 1120 445 1191 δέοντος,
509 1126 889 1200 ξηροφαγείτω,
948 1129 979 1186 ἡ
1048 1132 1137 1179 καὶ
1222 1127 1551 1202 ἀφοριζέσθω
1616 1130 1810 1203 ἡμέραν

1979 1128 2124 1186 ierit.
2174 1128 2353 1183 aridis
2413 1135 2627 1194 utatur,
2691 1128 2779 1185 vel
2833 1130 3013 1186 etiam
3078 1137 3387 1203 separetur
3455 1148 3574 1189 uno

215 1217 363 1286 μίαν.

1924 1216 2039 1271 die.

696 1309 847 1378 Περὶ
884 1312 996 1359 τοῦ
1036 1302 1362 1362 διακόνου.

2506 1306 2590 1363 De
2617 1307 2991 1363 administro.

282 1412 386 1488 (17!.
442 1400 558 1455 Ἐὰν
613 1402 821 1476 εἰσφέρῃ
873 1403 1080 1476 λόγους,
1112 1404 1143 1464 ἣ
1204 1401 1320 1463 εἴδη
1370 1406 1512 1476 παρά
1563 1413 1662 1457 τῶν
1720 1406 1814 1468 ἔξω

1995 1407 2061 1459 93
2123 1405 2179 1459 Si
2220 1403 2447 1459 deferat
2479 1420 2808 1469 sermones,
2849 1409 2951 1461 aut
2990 1421 3300 1477 responsa,
3340 1412 3441 1464 aut
3481 1424 3574 1464 res

211 1490 242 1548 ἢ
304 1484 450 1563 παρά
506 1499 605 1543 τῶν
686 1501 941 1564 σνγγενῶν
997 1501 1106 1555 τοῖς
1159 1490 1421 1565 ἀδελφοῖς,
1476 1492 1806 1566 ἀφοριζέσθω

1980 1493 2278 1547 'omaticas
2301 1494 2378 1549 ab
2391 1484 2687 1551 extraneis
2714 1500 2815 1550 aut
2836 1496 2915 1550 ab
2928 1494 3213 1551 afﬁnibus
3239 1496 3316 1551 ad
3343 1496 3575 1565 fratres,

213 1578 414 1651 ἡμέραν
440 1583 585 1652 μίαν.

1923 1586 2230 1651 separetur
2269 1598 2389 1637 uno
2418 1582 2533 1638 die.

284 1663 398 1753 (Ίδζ
440 1667 557 1722 Ἐὰν
605 1668 654 1722 έν
697 1678 814 1733 ταῖς
856 1669 1169 1743 ἀγορασίαις
1206 1672 1237 1731 ἢ
1294 1670 1343 1723 έν
1390 1678 1506 1734 ταῖς
1561 1674 1809 1745 πράσεσι,

1995 1673 2083 1724 94.
2118 1670 2173 1725 Si
2200 1671 2259 1725 in
2290 1671 2698 1742 emptionibus
2730 1677 2834 1727 aut
2857 1672 3298 1729 venditionibus
3330 1678 3578 1731 conten-

215 1753 583 1830 διαμάχηται,
662 1760 691 1819 ἧ
759 1761 1133 1830 παροξύνηται,
1189 1762 1218 1820 ἦ
1295 1763 1657 1836 ὁρκοποιῆται,
1721 1769 1810 1815 καὶ

1984 1759 2093 1823 erit,
2140 1764 2242 1814 aut
2297 1759 2705 1822 excanduerit,
2733 1765 2836 1816 aut
2882 1761 3190 1831 juraverit,
3221 1768 3276 1816 et
3311 1778 3429 1818 non
3474 1779 3579 1835 po-

213 1850 289 1916 μή
322 1850 486 1919 μέχρι
533 1846 610 1920 β’,
660 1853 751 1902 καὶ
806 1848 861 1921 γ’
912 1858 1084 1921 φωνῆς
1117 1859 1337 1910 ποιῆται
1382 1856 1476 1909 τήν
1516 1871 1569 1904 τε
1615 1853 1808 1927 πράσιν

1981 1864 2036 1901 1s
2065 1856 2203 1919 post
2235 1864 2421 1903 unum
2448 1854 2550 1905 aut
2598 1849 2850 1904 alterum
2884 1850 3134 1905 verbum
3172 1851 3576 1910 venditionem

203 1939 296 1987 καὶ
318 1940 412 1994 τὴν
441 1935 753 2009 ἀγορασίαν,
784 1937 882 1991 ἀνὰ
910 1944 1185 2011 μετανοίας
1212 1938 1279 2007 ν’,
1310 1945 1399 1993 καὶ
1423 1938 1486 2014 ρ’.

1982 1938 2408 2008 nptionemque
2432 1936 2651 2004 fecerit,
2689 1943 3019 1994 metanceas
3045 1938 3492 2011 quinquaginta
3522 1944 3577 1997 et

1919 2030 2181 2079 centum.

279 2111 378 2201 (ιε’.
434 2115 555 2168 Ἐὰν
599 2119 671 2188 μὴ
729 2118 860 2188 μετά
907 2120 1280 2192 προσηκούσης
1335 2117 1601 2181 εὐλαϐείας
1648 2127 1807 2178 ποιῆ-

1986 2112 2075 2169 95.
2102 2113 2399 2187 Siabsque
2421 2130 2690 2185 congrua
2708 2115 3088 2186 religiositate
3111 2116 3187 2171 de
3209 2117 3574 2174 monasterio

207 2220 299 2255 ται
329 2205 423 2265 τὰς
458 2203 558 2256 ἀπὸ
589 2212 680 2257 τοῦ
714 2212 1069 2281 μοναστηρίου
1102 2204 1332 2272 ἐξόδους,
1379 2210 1513 2260 ὥστε
1564 2208 1676 2279 μετ’
1725 2208 1802 2260 εύ-

1980 2203 2290 2264 :ressiones
2345 2204 2544 2271 faciat,
2598 2203 2872 2258 videlicet
2923 2205 3217 2276 precative
3260 2205 3575 2262 ambulan-

204 2298 320 2362 χῆς
367 2299 664 2364 περιπατεῖν
718 2298 808 2346 καὶ
871 2296 1235 2366 στιχολογίας,
1297 2300 1369 2366 μὴ
1428 2294 1797 2368 περιϐλεπόμε-

1978 2306 2014 2353 ),
2038 2291 2304 2361 psalmos
2326 2292 2655 2359 recitando,
2684 2292 3006 2348 muliebres
3033 2299 3311 2365 aspectns
3336 2294 3573 2367 aliaque

197 2399 291 2440 νος
339 2380 411 2441 εἰς
458 2387 761 2452 γυναικείας
800 2382 967 2455 ὄψεις,
1025 2385 1055 2443 ἢ
1111 2384 1240 2437 ἄλλα
1305 2383 1552 2456 ἀνωφελῆ.
1609 2387 1690 2437 ἶνα
1741 2388 1792 2438 τό

1976 2395 2071 2435 tua
2089 2380 2349 2443 vitando,
2377 2387 2438 2435 ut
2463 2386 2760 2451 quantum
2788 2382 2846 2435 in
2869 2381 3002 2452 ipso
3028 2388 3116 2437 est
3144 2385 3295 2438 Deus
3320 2383 3571 2440 honore-

197 2468 326 2521 ὅσον
356 2468 433 2521 ἐπ’
459 2470 614 2522 αὐτόν
660 2468 956 2534 δοξάζηται
996 2474 1022 2524 ὁ
1053 2476 1184 2534 Θεὸς
1236 2470 1329 2526 διὰ
1355 2481 1449 2536 τῆς
1498 2482 1596 2525 τῶν
1645 2475 1792 2549 ὁρών-

1980 2483 2025 2531 r,
2054 2484 2191 2523 cum
2214 2470 2612 2539 spectantium
2634 2468 2898 2536 utilitate,
2933 2470 3116 2527 aridis
3141 2476 3418 2528 vescatur
3449 2487 3569 2529 uno

196 2574 303 2608 των
337 2556 597 2629 ὠφελείας,
637 2559 990 2633 ξηροφαγείτω
1017 2562 1212 2636 ἡμέραν
1241 2566 1383 2633 μίαν.
1912 2555 2029 2611 die.

208 2642 215 2653 vi
398 2670 551 2737 Περὶ
588 2673 699 2718 τοῦ
740 2662 1150 2719 διδασκάλου
1189 2676 1303 2719 τῶν
1342 2663 1613 2720 παίδων.

1519 2688 1613 2719 ων.
2347 2667 2427 2721 De
2456 2680 2778 2734 puerorum
2808 2666 3114 2737 magistro.

274 2744 388 2825 ’Ἲς-Ζ
445 2762 565 2815 Ἐὰν
613 2769 685 2835 μὴ
748 2764 1030 2836 σπλάγχνα
1086 2765 1367 2837 οἰκτιρμῶν
1414 2770 1503 2817 καὶ
1544 2770 1801 2838 πατρικὴν

1980 2761 2068 2817 96.
2106 2762 2160 2817 Si
2181 2762 2405 2818 viscera
2430 2763 2849 2819 misericordiae
2871 2769 2927 2818 et
2948 2769 3263 2834 paternum
3287 2765 3565 2820 affectum

206 2846 450 2903 διάθεσιν
499 2854 624 2925 ἔχῃ,
674 2856 808 2906 ὥστε
853 2854 1110 2927 ἐκτρέφειν
1158 2856 1224 2905 τὰ
1271 2858 1434 2912 νήπια
1489 2853 1537 2905 ἐν
1584 2851 1801 2926 παιδείᾳ

1973 2866 2033 2905 )n
2062 2851 2264 2915 habet,
2300 2856 2361 2905 ut
2386 2867 2603 2923 pueros
2636 2851 2953 2924 disciplina
2983 2856 3042 2908 et
3069 2852 3311 2907 monitis
3335 2853 3568 2909 Domini

202 2943 294 2990 καὶ
350 2942 597 3014 νουθεσίᾳ
653 2948 866 3016 Κυρίου,
931 2944 1251 3014 ἱμειρόμενός
1301 2943 1470 2995 αὐτῶν
1522 2946 1659 2995 κατὰ
1702 2942 1797 3011 ψυ-

1969 2939 2118 2994 lucet
2157 2939 2409 3008 diligens
2453 2956 2661 2995 eorum
2709 2941 2943 2995 animas
2992 2941 3167 2995 simul
3199 2946 3255 2996 et
3289 2957 3564 3012 corpora,

197 3030 310 3098 χὴν
350 3032 438 3080 καὶ
480 3032 616 3081 κατά
667 3039 837 3103 σῶμα,
890 3030 1115 3096 θάλπων,
1169 3035 1259 3083 καὶ
1318 3034 1572 3105 περιέπων
1623 3037 1792 3083 πᾶσαν

1965 3044 2139 3091 ινθης,
2164 3044 2527 3099 omnemque
2546 3029 2919 3099 corporalem
2940 3045 3147 3084 curam
3182 3030 3560 3100 impendens,

194 3119 287 3173 τὴν
361 3124 665 3189 σωματικὴν
729 3120 893 3171 αὐτῶν
972 3119 1282 3192 ἐπιμέλειαν,
1358 3119 1455 3173 ἀνά
1529 3124 1789 3191 μετανοίας

1963 3123 2239 3173 :etanaaas
2269 3124 2507 3172 centum
2550 3117 2746 3181 faciat,
2793 3122 2849 3171 et
2888 3117 3194 3173 aridorum
3234 3135 3341 3173 esu
3379 3123 3558 3190 atque

194 3202 265 3277 ρ’,
350 3210 440 3258 καὶ
521 3207 896 3281 ξηροφαγείτω,
994 3209 1023 3267 ἣ
1112 3208 1440 3283 ἀφοριζέσθω
1522 3205 1789 3281 ἑϐδομάδα

1651 3205 1801 3281 μάδα
1909 3206 2085 3260 unius
2114 3205 2515 3261 hebdomada;
2542 3205 2917 3277 separatione
2938 3207 3240 3277 puniatur.

196 3311 345 3364 μιαν.

276 3383 378 3472 ιβ’.
424 3386 602 3437 Πάντα
656 3385 884 3456 αἰσχρόν
935 3385 1086 3457 λόγον
1138 3386 1167 3444 ἢ
1216 3382 1581 3450 ὀνειδιστικὸν,
1635 3385 1799 3455 πάρεξ

1976 3382 2062 3436 97.
2119 3381 2447 3447 Quemlibet
2498 3387 2734 3453 turpem
2773 3386 2875 3437 aut
2906 3381 3410 3437 contumeliosum
3441 3396 3566 3438 ser-

191 3470 307 3530 τῶν.
347 3474 616 3546 ἀρχοντων
669 3480 756 3525 καὶ
809 3470 1157 3535 παιδευτικῶς
1209 3482 1372 3527 ταῦτα
1421 3474 1727 3540 λαλούντων,
1770 3476 1786 3527 ἐ

1969 3486 2169 3535 onem,
2202 3472 2462 3542 exceptis
2492 3470 2937 3549 praesulibus/et
2978 3470 3048 3525 iis
3086 3471 3190 3542 qui
3221 3472 3559 3541 corrigendi

190 3564 417 3639 έκφέρων
444 3565 492 3615 ἓν
533 3569 593 3634 τῇ
620 3558 954 3634 ἀδελφότητι,
989 3560 1084 3614 ἀνὰ
1122 3567 1392 3634 μετανοίας
1420 3561 1485 3616 ν’.

1963 3576 2088 3616 Lusa
2112 3561 2197 3615 sic
2226 3560 2552 3630 aliquando
2578 3559 2923 3631 loquuntur,
2960 3560 3008 3614 si
3039 3560 3174 3631 quis
3205 3575 3409 3615 coram
3442 3560 3558 3617 fra-

1905 3649 2173 3704 ternitate
2189 3648 2511 3721 protulerit,
2536 3652 2869 3704 metanmas
2889 3648 3332 3721 quinquaginta
3356 3648 3554 3705 faciat.

648 3743 801 3814 Περὶ
840 3746 948 3791 τοῦ
986 3743 1351 3811 κοσμήτου.

1337 3781 1351 3795 .
2540 3738 2625 3793 De
2650 3738 2922 3794 atriensi.

266 3836 394 3926 L‘n'.
420 3838 536 3891 Ἐἀν
564 3841 638 3909 μὴ
686 3832 772 3898 δὶς
804 3844 906 3926 τῆς
949 3832 1246 3926 εϐδομάδος
1290 3842 1463 3888 πᾶσαν
1493 3840 1586 3894 τὴν
1634 3842 1794 3909 μονὴν

1973 3839 2059 3891 98.
2095 3834 2333 3891 Nisibis
2376 3834 2437 3889 in
2469 3834 2856 3890 hebdomada
2882 3838 3070 3890 totum
3118 3834 3551 3891 monasterium

191 3923 473 4002 φιλοκαλῇ,
495 3928 765 3999 μετάνοιαι
797 3923 856 3990 ν’,
889 3925 917 3984 ἣ
948 3925 1318 4000 ξηροφαγείτω.

1958 3924 2301 3989 ιιιηάενθτὶι,
2328 3923 2638 3979 metanmis
2658 3923 3114 3995 quinquaginta,
3135 3923 3225 3978 vel
3246 3923 3553 3980 aridorum

1901 4028 2004 4068 esu
2038 4013 2344 4084 puniatur.

590 4108 740 4176 Περὶ
778 4109 889 4155 τοῦ
926 4103 1395 4177 κανονάρχουλ.

2470 4100 2556 4156 De
2584 4098 2991 4156 canonarcha.

268 4199 376 4287 ιβ’.
428 4201 548 4253 Ἐὰν
600 4203 743 4275 παρά
799 4205 892 4259 τὴν
947 4203 1237 4274 ὡρισμένην
1286 4202 1441 4272 ὤραν,
1498 4203 1660 4269 ἤγουν
1700 4207 1790 4251 τοῦ

1972 4202 2057 4254 99.
2093 4198 2148 4254 Si
2194 4202 2406 4269 praeter
2456 4197 2763 4253 definitam
2814 4196 3050 4263 horam,
3084 4196 3145 4252 id
3200 4205 3285 4252 est
3316 4201 3552 4255 noctem

192 4285 536 4363 μεσονυκτίου
583 4294 641 4342 τὸ
693 4292 1014 4363 καθημέραν,
1059 4293 1149 4342 καὶ
1190 4297 1282 4341 τοῦ
1345 4294 1787 4363 προμεσονυκτίου

1966 4288 2212 4343 midiam
2230 4286 2513 4359 quotidie,
2533 4291 2587 4341 et
2611 4292 2744 4342 ante
2765 4285 3082 4342 dimidium
3101 4288 3293 4342 noctis
3316 4286 3412 4343 die
3437 4289 3552 4343 Do-

192 4382 257 4432 τό
284 4381 420 4431 κατά
460 4383 727 4453 Κυριακην
774 4377 1100 4449 ὑπερϐάλλων
1132 4377 1161 4436 ἣ
1204 4376 1462 4443 ἐλλείπων,
1516 4381 1609 4435 τὴν
1643 4397 1787 4429 πνευ-

1958 4377 2139 4443 inico,
2174 4375 2465 4430 excedens
2493 4381 2595 4430 aut
2621 4375 2922 4440 minuens,
2945 4374 3313 4445 spiritualem
3342 4378 3553 4433 tubam

196 4472 431 4540 ματικὴν
481 4452 852 4541 καταφρονήσῃ
910 4465 1195 4537 σάλπιγγα,
1254 4465 1349 4517 ἀνὰ
1401 4471 1674 4538 μετανοίας
1722 4464 1786 4531 λ’,

1957 4465 2239 4534 agiexerit,
2275 4471 2602 4520 metanmas
2643 4463 2883 4533 triginta
2929 4468 2984 4519 et
3012 4464 3453 4537 quinquaginta
3494 4469 3552 4520 et

192 4560 288 4608 καὶ
315 4554 373 4621 ν’,
414 4560 503 4608 καὶ
531 4554 596 4628 ρ’.

565 4554 596 4610 ’.
1899 4560 2158 4610 centum.

267 4643 335 4717 ρ’.
399 4644 517 4697 Ἐὰν
568 4648 638 4715 μὴ
684 4649 858 4696 πᾶσαν
917 4645 1052 4716 ὤραν
1126 4642 1486 4715 λειτουργικὴν
1536 4641 1788 4717 έγκαίρως

1972 4646 2088 4698 100.
2117 4643 2229 4697 Nisi
2260 4657 2503 4697 omnem
2531 4642 2742 4697 horam
2772 4639 3112 4712 liturgicam
3140 4645 3407 4712 tempore
3438 4658 3548 4700 suo

192 4738 452 4807 σημαίνῃ,
485 4738 577 4792 τὴν
615 4728 943 4805 ἀδελφότητα
970 4731 1159 4800 καλῶν,
1195 4733 1462 4803 μετάνοιαι
1487 4731 1554 4807 ρ’.

1948 4730 2311 4800 esignaverit,
2365 4730 2793 4786 fraternitatem
2856 4731 3149 4795 vocando,
3213 4735 3543 4795 metanmas

1894 4824 2154 4875 centum.

263 4907 371 4983 ρα’.
421 4910 539 4964 Ἐὰν
569 4909 874 4983 καταληφθῇ
924 4911 1059 4963 κατὰ
1088 4908 1415 4983 πρόσκλησιν
1466 4910 1497 4971 ἦ
1544 4911 1786 4983 προσπά·

1972 4909 2089 4964 101.
2150 4908 2204 4964 Si
2239 4908 2286 4961 is
2336 4894 2819 4979 deprehendatur
2870 4906 3075 4964 favore
3123 4910 3226 4964 aut
3261 4887 3546 4979 peculiari

207 5000 348 5051 θειαν
396 4997 683 5057 εἰσϐάλλωη
733 4995 972 5071 ἀδελφόν,
1037 5001 1082 5051 εἷ
1146 5017 1201 5051 τε
1267 5002 1393 5072 πρός
1458 5000 1788 5070 κατάγνωσιν

1951 4996 2108 5053 fectu
2142 4996 2383 5053 fratrem
2409 4997 2709 5068 prasequi,
2736 4995 2828 5051 vel
2860 4997 3041 5052 etiam
3070 4996 3414 5068 improbare
3439 4997 3546 5053 mi-

192 5089 225 5147 ἢ
276 5093 368 5140 καὶ
430 5087 751 5162 ἀποστερῶν,
813 5088 844 5146 ἦ
901 5092 990 5139 καὶ
1041 5086 1485 5161 ύπερπλεοναζων,
1565 5087 1787 5161 ξηροφα-

1482 5131 1485 5146 ,
1565 5087 1791 5161 ξηροφα-
1896 5103 2011 5143 nus
2042 5092 2145 5144 aut
2175 5086 2307 5157 plus
2345 5102 2537 5159 aequo,
2572 5085 2753 5142 aridis
2777 5091 3077 5143 vescatur.

193 5180 369 5248 γείτω.
904 5234 921 5244 ,

268 5262 380 5337 ρβ’.
432 5264 549 5318 Ἐἀν
601 5267 673 5336 μὴ
722 5268 813 5321 τὴν
863 5259 1086 5316 δέουσαν
1147 5262 1435 5337 ἐπιμέλειαν
1489 5270 1578 5317 καὶ
1624 5268 1788 5319 καθα-

1972 5268 2088 5321 102.
2133 5264 2192 5319 Si
2219 5264 2479 5320 debitam
2506 5278 2714 5319 curam
2736 5266 2794 5317 et
2824 5262 3179 5319 munditiem
3222 5278 3344 5318 non
3377 5263 3545 5320 adhi-

194 5356 443 5426 ρειότητα
489 5349 811 5407 ἐνδείκνυται
853 5350 901 5403 έν
931 5359 1040 5414 τοῖς
1068 5353 1462 5426 πρωτολογίοις,
1508 5357 1579 5415 εἶς
1635 5373 1689 5406 τε
1725 5356 1789 5407 τὰ

1947 5356 2089 5409 nerit
2138 5354 2200 5408 in
2255 5352 2617 5423 protologiis,
2669 5356 2725 5407 et
2772 5367 2911 5423 erga
2954 5352 3245 5417 contacia,
3274 5357 3329 5407 et
3384 5352 3542 5410 circa

195 5442 449 5495 κοντάκια
501 5441 568 5503 εἰς
623 5441 842 5495 ἕκαστον
890 5439 1093 5513 βιϐλίον
1135 5442 1162 5494 ὃ
1208 5440 1492 5515 ἐπικρατεῖ,
1526 5443 1664 5503 ὅπως
1715 5447 1786 5515 μὴ

1954 5440 2402 5497 1emvislibrum
2432 5440 2755 5512 possideat,
2783 5439 3110 5511 quominus
3140 5441 3421 5512 depereat
3448 5435 3549 5497 vel

270 5556 300 5604 ιι
330 5554 541 5614 Confer
572 5555 819 5618 Studitin
849 5570 1093 5617 carmen
1122 5558 1195 5628 X;
1226 5559 1305 5614 De
1335 5558 1717 5615 canonarcba
1746 5558 1918 5628 Goar,
1952 5572 2017 5635 p.
2057 5560 2145 5624 23,
2177 5560 2233 5613 et
2259 5556 2573 5628 Cangium.
