4038 6312
521 253 662 316 1747

1783 255 1845 316 S.
1885 253 2252 315 THEODORI
2291 254 2608 314 STUDITE

3727 255 3864 315 1748

510 381 836 452 iactatione
866 389 1321 457 praecentorum,
1357 387 1451 442 vel
1481 402 1553 442 ex
1595 385 1976 458 impendente
2017 383 2157 439 1am-

2288 380 2546 454 ἀχρειωθῇ
2570 383 2601 443 ἦ
2636 381 2690 434 ίκ
2719 381 2880 434 σάλου
2902 387 3003 434 τῶν
3022 382 3551 455 κανοναρχούντων,ἣ
3581 381 3635 445 ἐξ
3659 380 3856 438 ἐπιστα-

515 471 693 541 pade,
727 472 816 528 vel
856 475 1174 530 ceromatis
1205 476 1512 542 eﬂusione,
1546 474 1638 530 vel
1678 474 1961 530 sordibus
1990 477 2046 528 et
2075 488 2170 527 su-

513 561 658 615 dore
684 578 917 632 manus,
952 569 1144 618 rectus
1177 570 1284 620 stet
1316 570 1478 621 extra
1501 567 1756 635 januam
1790 562 2040 619 triclinii.

591 648 710 705 103.
742 651 797 706 Si
845 651 1138 707 lecturum
1175 655 1263 708 vel
1317 653 1583 725 psalmos
1629 658 2008 708 cantaturum
2045 665 2165 706 non

512 741 960 810 praemonuerit,
995 746 1058 796 ut
1086 747 1336 813 paratus
1379 744 1818 814 meditatusque
1847 741 1922 797 ad
1957 739 2168 796 alteru-

514 831 667 883 tram
700 844 825 884 rem
852 830 1114 896 accedat,
1151 838 1481 887 metauceas
1513 833 1736 902 viginti.

588 921 709 974 104.
760 919 816 974 Si
865 920 1000 990 quis
1023 937 1212 976 canon
1255 937 1374 977 non
1413 922 1587 978 fuerit
1625 925 1895 977 cantatus
1923 920 2166 992 proprio

511 1005 626 1072 die,
658 1011 990 1064 metanteas
1016 1015 1276 1066 centum.

1109 1110 1196 1164 De
1228 1110 1568 1166 taxiarcha.

590 1195 708 1249 105.
741 1193 855 1249 Nisi
887 1198 1112 1250 rectum
1137 1197 1407 1252 ordinem
1437 1199 1562 1270 iqse
1591 1197 1823 1270 primus
1847 1195 2163 1260 custodiat,

511 1280 727 1336 deinde
760 1299 866 1354 pro
916 1284 1007 1338 sui
1059 1285 1240 1340 ofﬁcii
1279 1292 1568 1357 potestate
1625 1286 1904 1341 eumdem
1950 1285 2009 1339 in
2041 1285 2166 1339 uni-

508 1386 684 1426 versa
715 1370 1081 1429 fraternitate
1133 1375 1397 1441 retineat,
1449 1380 1506 1431 et
1539 1376 1653 1433 nisi
1701 1391 1910 1430 omnes
1949 1389 2168 1430 conve-

509 1459 742 1514 nienter
770 1461 830 1514 in
861 1461 1044 1517 choro
1074 1462 1378 1534 disponat,
1407 1470 1460 1520 et
1488 1465 1545 1520 in
1571 1465 1780 1535 primis
1805 1468 2162 1534 opportune,

511 1564 622 1619 pro
649 1552 841 1615 aetate,
875 1551 1105 1621 peritia,
1145 1557 1202 1607 et
1233 1554 1396 1607 vocis
1425 1555 1742 1608 harmonia
1776 1572 1788 1620 ;
1831 1557 2161 1608 metanmas

511 1635 692 1692 faciat
723 1639 982 1707 triginta,
1012 1645 1070 1694 et
1099 1641 1558 1712 quinquaginta,
1599 1648 1654 1698 et
1679 1648 1936 1696 centum.

583 1726 706 1781 106.
763 1727 882 1781 Nisi
934 1729 1310 1786 matriculam
1364 1732 1571 1787 sedulo
1628 1736 1841 1795 teneat,
1905 1741 1965 1785 ut
2014 1731 2163 1785 sciat
2199 1732 2240 1787 Β

508 1815 987 1889 uniuscujusque
1026 1819 1302 1888 gradum,
1336 1825 1392 1874 et
1431 1821 1607 1875 totius
1639 1819 2016 1876 fraternitatis
2057 1835 2162 1874 nu-

511 1919 634 1960 mer
647 1921 769 1968 um,
785 1905 1038 1977 ideoque
1054 1906 1319 1977 negligat
1340 1909 1651 1964 defunctos
1665 1909 2000 1978 signiﬁcare
2022 1924 2159 1981 pro-

507 1993 825 2048 todiacono
855 1995 956 2065 qui
987 2001 1174 2064 ponat
1198 1996 1257 2051 in
1297 1997 1634 2069 diptychis:
1663 2003 1719 2052 et
1769 1998 1814 2051 si
1867 1998 1969 2069 qui
2024 1997 2160 2052 insi-

507 2081 734 2153 pienter
762 2081 1127 2152 diffugerint,
1159 2100 1263 2142 eos
1290 2087 1616 2157 quairendo
1648 2101 1768 2141 non
1803 2091 1996 2141 teneat
2026 2103 2040 2152 ;
2069 2085 2160 2142 vel

508 2170 554 2226 si
580 2170 727 2242 quid
758 2171 920 2227 aliud
951 2173 1299 2244 hujusmodi
1336 2175 1623 2240 inciderit,
1666 2181 1994 2232 metanceas
2020 2191 2156 2232 cen-

506 2263 631 2315 tum
659 2259 854 2317 faciat.

581 2350 764 2405 tO‘7.Si
777 2365 983 2406 saccra
994 2351 1181 2406 divini
1195 2353 1467 2409 sacriﬁcii
1480 2355 1874 2410 instrumenta
1891 2370 2011 2410 non
2028 2371 2157 2410 cum

506 2438 717 2494 timore
769 2443 824 2494 et
870 2446 1124 2496 tremore
1155 2446 1494 2512 coutrectet,
1528 2444 1607 2499 ita
1651 2448 1714 2498 ut
1744 2460 1853 2498 suo
1891 2449 2158 2514 tempore

504 2527 907 2583 venerabilem
952 2545 1224 2585 mensam
1259 2532 1486 2595 vestiat,
1520 2547 1629 2587 nec
1659 2548 1779 2586 non
1809 2537 2022 2588 caetera
2043 2533 2160 2603 spi-

505 2616 698 2670 ritalia
747 2615 1003 2686 liturgiae
1053 2618 1310 2684 cimelia,
1364 2625 1420 2675 et
1479 2621 1594 2676 nisi
1627 2620 1804 2692 plicet
1860 2637 2157 2693 superque

506 2704 779 2775 imponat
821 2709 1185 2777 tegumenta,
1239 2715 1567 2766 metanmas
1615 2710 1856 2780 triginta
1908 2715 1964 2767 et
1988 2713 2158 2783 quin-

506 2793 819 2866 quaginta.

1142 2875 1227 2932 De
1255 2881 1503 2934 textore.

581 2963 706 3020 108.
731 2963 849 3019 Nisi
876 2965 1004 3036 ipse
1027 2965 1258 3036 primus
1291 2983 1467 3023 mane
1489 2967 1808 3024 distribuat
1835 2971 2158 3044 unicuique

2281 477 2399 534 σίας
2427 469 2703 536 κανδή)ας,
2727 472 2756 531 ἢ
2780 470 2831 535 ἐξ
2863 470 3132 542 ἐκχύσεως
3149 471 3439 543 κηραψίας,
3464 471 3494 530 ἣ
3515 471 3570 524 ἔκ
3589 473 3754 547 ῥύπου
3778 479 3861 525 καὶ

2279 558 2588 632 ἰδρωμάτων
2629 564 2832 634 χειρός,
2861 562 3266 634 παραστάσιμον
3306 564 3354 612 ίν
3383 569 3483 633 τῇτ
3510 561 3710 634 ραπέζη
3751 562 3857 625 ἔξω.

2346 647 2462 722 ργ¹.
2513 649 2627 702 Ἐὰν
2657 647 2776 720 [μὴ]
2828 651 3052 720 προλέγῃ
3104 655 3176 718 τῷ
3221 648 3452 720 μέλλοντι
3501 647 3860 720 ἀναγινώσκειν

2275 737 2304 797 ἣ
2356 737 2587 809 ψάλλειν,
2636 741 2699 798 ὡς
2751 741 3263 810 προκατηρτισμένον
3320 736 3450 790 εἶναι
3487 743 3577 794 καὶ
3628 735 3859 811 διεσκεμ-

2275 830 2420 898 μένον
2448 827 2517 888 εἰς
2548 825 2778 898 ἑκάτερα,
2807 825 2901 876 ἀνὰ
2928 829 3201 896 μετανοίας
3226 823 3297 880 κ’.

2343 911 2450 990 ρδ¹.
2507 915 2624 968 Ἐὰν
2673 913 2925 986 ἀπομείνῃ
2984 918 3148 966 κανὼν
3195 918 3267 986 μὴ
3327 913 3543 985 ψαλθεὶς
3593 916 3728 968 κατά
3774 919 3858 974 τὴν

2277 1000 2499 1057 δέουσαν
2525 1005 2740 1076 ἡμέραν,
2771 1005 3040 1073 μετάνοιαι
3066 1001 3140 1076 ρ’.

2681 1106 2834 1175 Περὶ
2873 1108 2988 1154 τοῦ
3027 1101 3396 1174 ταξιάρχου
3421 1100 3455 1153 ί.

2347 1193 2443 1263 ρε¹.
2478 1195 2658 1242 Πᾶσαν
2699 1189 2935 1251 εὐταξίαν
2990 1189 3035 1241 εἰ
3081 1194 3152 1261 μὴ
3205 1188 3472 1261 φυλάττοι,
3519 1196 3724 1263 πρῶτον
3779 1189 3856 1242 azi-

2274 1282 2380 1344 τός,
2414 1281 2590 1331 ἔπειτα
2622 1275 2696 1330 δι’
2728 1278 2968 1342 ἐξουσίας
3016 1285 3110 1339 τῆς
3141 1278 3336 1339 οἰκείας
3389 1275 3657 1339 διακονίας
3702 1298 3861 1352 παρα-

2274 1375 2406 1441 τηρῇ
2445 1373 2532 1420 καὶ
2569 1367 2618 1420 ἕν
2653 1370 2798 1440 πάσῃ
2851 1375 2912 1440 τῇ
2965 1364 3302 1439 ἀδελφότητι,
3335 1369 3470 1420 ὥστε
3522 1375 3860 1439 χοροστατεῖν

2274 1461 2462 1520 αὐτοὺς
2491 1454 2777 1528 ἁρμοδίως,
2807 1462 2898 1509 καὶ
2951 1458 3184 1528 μάλιστα
3226 1458 3276 1510 ἓν
3329 1464 3495 1530 καιρῷ
3538 1456 3864 1518 καταλλήλως

2273 1549 2402 1620 πρὸς
2453 1546 2654 1604 ἠλικίαν
2700 1551 2788 1598 καὶ
2845 1548 2934 1607 τὰς
2985 1542 3217 1608 εἰδήσεις
3263 1549 3353 1598 καὶ
3405 1548 3492 1606 τὰς
3536 1545 3862 1618 εὐφωνησεις,

2274 1637 2369 1687 ἀνὰ
2399 1634 2463 1699 λ’,
2505 1640 2595 1687 καὶ
2624 1633 2691 1701 ν’,
2711 1639 2801 1687 καὶ
2819 1633 2870 1708 ρ’
2900 1639 3224 1706 μετανονίας.

2343 1724 2495 1796 .ρς·¹.
2531 1725 2649 1777 Ἐὰν
2697 1728 2769 1794 μὴ
2807 1727 2865 1775 τὸ
2911 1728 3187 1796 ματρίκιον
3244 1731 3410 1796 κρατῇ
3471 1725 3749 1788 ἑπιπόνως,
3809 1723 3866 1782 εἰς

2269 1816 2326 1866 τό
2375 1809 2567 1866 εἰδέναι
2598 1811 2703 1874 ἑνός
2755 1811 2976 1866 ἑκάστου
3021 1815 3106 1864 τὸν
3135 1809 3356 1885 βαθμὸν,
3390 1815 3592 1864 καὶτὸν
3649 1810 3866 1886 ἀριθμὸν

2267 1909 2364 1964 τῆς
2419 1901 2542 1964 ὅλης
2598 1899 2963 1973 ἀδελφότητος,
3007 1902 3090 1954 ἵνα
3148 1904 3267 1962 τοὺς
3322 1904 3733 1974 κεκοιμημένους
3776 1921 3866 1954 πα-

2267 1990 2538 2064 ραπέμψαι
2573 1989 2927 2064 ἐγγράφεσθαι
2969 1999 3041 2061 τῷ
3083 1986 3492 2062 πρωτοδιακόνῳ
3541 1988 3588 2042 ἓν
3629 1997 3741 2051 τοῖς
3794 1986 3867 2042 δι-

2267 2082 2498 2151 πτύχοις
2524 2097 2535 2108 ·
2570 2083 2684 2140 τοὺς
2717 2076 2766 2132 δ’
2807 2079 2860 2142 ἐξ
2906 2077 3147 2140 ἀϐουλίας
3191 2075 3596 2150 ὑποδράσαντας
3642 2073 3743 2131 διὰ
3781 2078 3868 2139 ζη-

2267 2173 2469 2230 τήσεως
2518 2173 2759 2240 κατέχοι,
2793 2172 2881 2220 καὶ
2933 2171 2979 2221 εἶ
3030 2187 3082 2220 τι
3138 2167 3261 2222 ἄλλο
3317 2166 3604 2234 ἓπιϐαλλοι,
3656 2165 3757 2220 ἀνά
3785 2187 3865 2240 μευ

2267 2262 2475 2320 τανοίας
2505 2256 2576 2332 ρ’.

2337 2346 2439 2420 ρξ’.
2487 2346 2604 2399 Ἐὰν
2651 2349 2722 2418 μὴ
2755 2347 2822 2398 τὰ
2866 2347 2977 2418 ἱερά
3027 2349 3116 2398 καὶ
3173 2347 3284 2398 θεῖα
3338 2344 3645 2417 ἀναθύματα
3671 2357 3688 2411 j
3742 2346 3868 2417 μετὰ

2268 2433 2425 2506 φόϐου
2458 2440 2548 2486 καὶ
2579 2436 2773 2506 τρόμου
2817 2431 3240 2508 διαχειρίξηται,
3267 2436 3403 2488 ὥστε
3449 2438 3538 2495 τὰς
3591 2437 3731 2487 κατὰ
3760 2453 3866 2486 καιο

2265 2527 2355 2598 ρόν
2403 2520 2712 2584 ὑπενδύσεις
2767 2525 3034 2576 ποιεῖσθαι
3089 2531 3185 2583 τῆς
3254 2525 3393 2585 θείας
3467 2523 3730 2596 τραπέζης
3781 2527 3866 2576 καὶ

2265 2621 2364 2664 τῶν
2440 2612 2602 2664 ἄλλων
2661 2621 3016 2684 πνευματικῶν
3097 2615 3428 2688 ἱερουργικῶν
3499 2611 3782 2684 κειμηλίων
3844 2627 3856 2642 ⁶

2266 2706 2355 2754 καὶ
2406 2701 2454 2754 εί
2505 2705 2578 2774 μὴ
2625 2697 2942 2772 διπλοῖνκαὶ
2993 2703 3205 2760 τίθησιν
3273 2700 3661 2776 ἐπισπάστρας,
3711 2702 3863 2774 μετοί-

2265 2809 2402 2842 νοιαι
2429 2787 2500 2858 λ’,
2528 2795 2617 2842 καὶ
2648 2787 2714 2843 ν’.

2739 2874 2893 2944 Περὶ
2931 2877 3040 2922 τοῦ
3081 2870 3383 2941 ὑφάντόῦ.

2336 2958 2444 3032 ρη’.
2499 2959 2615 3011 Ἐὰν
2663 2964 2734 3031 μὴ
2795 2961 2820 3011 ὁ
2869 2968 3072 3031 πρῶτος
3121 2955 3346 3029 ἐπιδιδῴ
3393 2961 3614 3031 πρωίθεν
3666 2958 3861 3029 ἑκάστῳ

504 3067 784 3122 pensum,
812 3052 1029 3125 detque
1051 3069 1296 3126 operam
1327 3071 1399 3110 ne
1423 3057 1559 3128 quis
1588 3057 1690 3112 ﬁat
1711 3058 1933 3113 abusus
1957 3060 2018 3114 in
2038 3060 2157 3115 vel-

2288 3051 2323 3099 ’ὁ
2354 3051 2520 3123 ἔργον,
2553 3053 2640 3100 καὶ
2675 3048 2920 3119 φυλάττοι
2953 3056 3102 3100 τοῦτο
3133 3053 3203 3119 μὴ
3233 3050 3473 3120 γενέσθαι
3517 3049 3861 3121 παράχρησίν

503 3141 724 3196 leribus
754 3146 810 3198 et
833 3141 1018 3198 laneis
1063 3143 1444 3214 staminibus,
1488 3150 1817 3202 metanmas
1863 3149 2159 3221 quinqua-

504 3229 690 3301 ginta.

493 3377 517 3388 _
576 3319 696 3374 109.
728 3319 783 3376 Si
805 3335 908 3391 per
933 3319 1228 3378 incuriam
1255 3323 1585 3394 praeciderit
1604 3325 1938 3392 subtemen,
1963 3328 2050 3382 vel
2073 3327 2154 3382 ira

503 3412 820 3463 commotus
833 3409 1113 3480 pectinem
1129 3409 1702 3480 fregerit,metanceas
1716 3415 2157 3488 quinquaginta.

581 3498 699 3551 110.
729 3498 849 3552 Nisi
904 3497 1180 3553 decenter
1208 3502 1480 3555 texantur
1526 3502 1761 3564 tunicae.
1817 3512 2053 3561 servata
2103 3508 2159 3561 in

505 3586 762 3640 texendo
815 3590 872 3641 et
923 3587 1181 3642 ﬁmbriae
1219 3587 1528 3655 densitate,
1573 3595 1627 3644 et
1658 3591 1737 3644 fili
1797 3594 2158 3664 aequalitate,

502 3677 558 3729 et
588 3689 804 3729 manus
837 3679 1110 3746 puritate,
1135 3680 1465 3733 metanaaas
1497 3679 1936 3751 quinquaginta
1961 3683 2157 3740 faciat.

502 3869 569 3923 II.
607 3869 982 3944 Quotidianae
1033 3871 1460 3944 monachorum
1497 3890 1688 3944 paena:
1717 3893 1751 3931 a
1791 3879 2160 3937 sanctissimo

739 3943 928 3998 Patre
957 3948 1160 3998 nostro
1195 3943 1512 4000 Theodoro
1523 3948 1904 4016 praescriptas.

579 4113 627 4164 1.
655 4111 740 4166 De
777 4109 1068 4166 monacho
1094 4126 1335 4168 carnem
1366 4115 1522 4170 ctam
1550 4115 1886 4174 comedente
1914 4127 2089 4176 extra

1119 4183 1546 4251 inﬁmitatem.

502 4285 508 4290 '
574 4279 680 4343 Qui
698 4293 941 4334 carnem
967 4278 1122 4335 clam
1140 4281 1461 4337 comederit
1481 4283 1713 4356 absque
1738 4288 2084 4342 necessitate
2106 4301 2163 4352 et

501 4365 740 4424 abbatis
762 4367 1195 4433 benedictione,
1228 4370 1275 4424 is
1305 4371 1624 4428 obsonium
1655 4379 1759 4429 aut
1790 4391 1906 4430 ova
1935 4383 2037 4431 aut
2065 4395 2160 4433 ca-

502 4473 675 4512 scum
702 4472 806 4528 per
828 4457 954 4511 dies
979 4458 1381 4530 quadraginta
1407 4475 1520 4515 non
1541 4464 1836 4519 comedat.
1863 4466 2154 4537 Scriptum

500 4551 591 4603 est
616 4545 772 4601 enim
806 4562 818 4601 :
850 4547 928 4601 Et
959 4548 1160 4604 carnis
1178 4562 1385 4604 curam
1408 4564 1482 4605 ne
1502 4551 1766 4620 feceritis
1789 4553 1870 4609 ad
1891 4557 2156 4624 concupi-

498 4636 786 4693 scentiam
816 4636 865 4672 ¹⁰
896 4636 994 4707 (8).

571 4726 620 4763 ³ο
650 4728 819 4781 Rom.
843 4741 958 4790 xm,
996 4727 1080 4780 14.

498 4813 517 4859 i
544 4814 754 4873 Confer
779 4813 1024 4870 Studitae
1055 4827 1241 4870 carm.
1273 4829 1352 4872 χι.
1419 4815 1436 4861 1
1463 4816 1545 4872 ita
1575 4817 1775 4885 codd.,
1811 4821 1871 4872 θυ
1899 4835 2020 4877 non
2052 4824 2125 4876 θε.

2267 3157 2383 3189 τινα
2431 3141 2478 3189 ἓν
2510 3157 2561 3189 τε
2611 3143 2720 3198 τοῖς
2759 3137 2920 3208 ἐρίοις
2950 3142 3040 3189 καὶ
3095 3144 3203 3199 τοῖς
3251 3137 3640 3213 ἐριουργηθείσι
3673 3142 3862 3210 στήμοο

2271 3245 2374 3291 σιν,
2410 3224 2506 3276 ἀνὰ
2543 3229 2812 3296 μετανοίας
2839 3223 2904 3275 ν’·

2340 3313 2443 3388 ρθ’.
2470 3313 2584 3366 Ἐὰν
2613 3314 2666 3376 ἐξ
2695 3313 2929 3386 ἀμελείας
2958 3310 3189 3386 διακόψῃ
3222 3318 3418 3385 τροιάν,
3437 3314 3465 3372 ἡ
3492 3313 3546 3365 ἔκ
3579 3316 3748 3384 θυμοῦ
3781 3333 3869 3364 κα-

2272 3406 2338 3455 τὰ
2367 3411 2461 3465 τῆς
2482 3399 2722 3475 κερκίδος
2748 3404 2975 3464 κινηθεὶς
3005 3403 3264 3475 συντρίψη
3297 3402 3482 3466 αὐτὴν,
3509 3405 3783 3475 μετάνοιαι
3807 3412 3866 3454 ν’·

2342 3494 2429 3567 ρι’.
2465 3491 2579 3544 Ἐὰν
2609 3497 2679 3563 μὴ
2729 3496 3026 3566 πρεπόντως
3087 3491 3381 3562 ὑφαίνοιντο
3430 3495 3479 3544 οἱ
3517 3500 3744 3563 χιτῶνες
3777 3511 3872 3543 πα·

2270 3585 2658 3654 ρατηρουμένης
2709 3582 2756 3632 ὲν
2812 3588 2872 3652 τῇ
2925 3581 3152 3652 ὑφανσίᾳ
3204 3586 3293 3632 καὶ
3359 3579 3597 3652 λὼματος
3686 3580 3873 3633 στιϐα-

2271 3675 2485 3745 ρότητος
2538 3674 2626 3720 καὶ
2699 3669 2970 3740 ἰσονημίας
3035 3675 3125 3721 καὶ
3202 3671 3630 3742 καθαροχειρίας,
3707 3672 3870 3742 μετά-

2269 3779 2406 3811 νοιαι
2435 3758 2512 3829 (5)
2544 3761 2877 3815 πεντήκοντα.

2272 3865 2463 3937 Β’.,Τά
2501 3865 2904 3937 καθημερινὰ
2942 3861 3250 3937 ἐπιτίμια
3280 3863 3359 3935 (6)
3393 3871 3512 3915 τῶν
3550 3873 3872 3937 μοναχῶν

2341 3936 2908 4010 ἐκτεθέντα-παρά
2985 3943 3093 3987 τοῦ
3159 3936 3558 3988 ὁσιωτάτου
3612 3936 3870 4010 Πατρός

2339 4009 2513 4080 ἡμῶν
2559 4003 2922 4080 Θεοδώρου.

2271 4107 2342 4158 α’.
2413 4109 2567 4180 Περὶ
2634 4111 2929 4180 μοναχονῡ
3001 4102 3349 4180 ,ἐσθίοντος
3409 4109 3564 4177 κρέα
3635 4104 3869 4179 λάθρα,

2771 4173 2950 4238 ἐκτὸς
2990 4173 3351 4236 ἀσθενείας.

2337 4273 2396 4326 Ὀ
2450 4277 2577 4345 κρέα
2620 4273 3024 4346 λαθροφαγὴσας
3081 4273 3229 4336 ἐκτὸς
3283 4272 3515 4345 ἀνάγκης
3582 4280 3674 4328 καὶ
3728 4274 3867 4328 εὐλο-

2269 4367 2385 4433 γίας
2413 4370 2504 4414 τοὺ
2532 4366 2751 4435 Πατρός,
2783 4361 3021 4434 ὀψάριον,
3056 4363 3085 4420 ἣ
3129 4363 3248 4427 ὠὸν,
3281 4363 3310 4420 ἢ
3359 4365 3514 4436 τυρὸν
3540 4367 3612 4432 μὴ
3646 4361 3866 4416 ἐσθιέτω

2269 4453 2465 4522 ἡμέρας
2493 4456 2552 4522 μ’
2583 4455 2908 4523 ’γέγραπται
2937 4452 3036 4525 γάρ
3073 4471 3086 4484 ·
3125 4456 3240 4504 Καὶ
3281 4458 3393 4509 τῆς
3434 4454 3678 4524 σαρκός
3717 4457 3864 4525 πρό-

2267 4558 2442 4591 νοιαν
2480 4543 2560 4611 μὴ
2602 4546 2848 4592 ποιεῖτε
2888 4539 2978 4598 εἰς
3016 4537 3366 4611 ἐπιθυμίαν

2076 4915 2117 4966 Ν
2124 4912 2297 4967 OT/E.

572 4993 648 5065 (5A)
687 4991 840 5065 Quid
889 4991 960 5047 sit
1014 4996 1331 5065 metanoea,
1394 4995 1539 5050 satis
1595 4995 1767 5051 docet
1796 4999 2042 5053 Goarius
2092 4999 2151 5054 in

500 5063 871 5144 Euchologio‘
894 5079 951 5144 p.
990 5064 1074 5144 t0_.
1106 5080 1324 5144 nempe
1362 5065 1600 5144 illamﬁa
1628 5068 1872 5144 _Grasci_s,
1915 5085 2158 5144 praeser-

499 5135 608 5194 tim
639 5134 972 5200 monachis,
1021 5134 1466 5207 duplici—modo
1516 5137 1681 5192 ﬁeri:
1741 5140 1830 5194 vel
1857 5134 2037 5207 enim,
2071 5143 2153 5197 in-

499 5207 647 5332 ﬂuit,
670 5221 771 5260 ore
794 5207 1374 5279 manibusqueterraa
1397 5208 1613 5271 afﬁxis,
1631 5225 1765 5263 cum
1791 5227 2049 5282 genuum
2072 5213 2156 5267 in-

547 5278 756 5332 exione
772 5279 1240 5332 profundissime
1261 5279 1624 5332 inclinantur
1649 5287 1702 5332 et
1731 5282 2151 5332 Drocumbunt-

547 5278 756 5332 exione
772 5278 1240 5348 profundissime
1261 5279 1624 5352 inclinantur
1649 5287 1702 5335 et
1731 5278 2152 5352 procumbunt,

610 5353 748 5403 tunc
805 5355 893 5426 est
943 5351 1456 5426 μετάνοιαλμεγάλη,
1512 5353 1869 5426 quinetiam
1930 5361 2150 5426 στρωτή.

502 5420 558 5475 Si
580 5434 724 5496 vero
750 5420 951 5476 minus
964 5439 1182 5496 corpus
1209 5420 1546 5496 inﬂectant,
1565 5421 1780 5477 dicitur
1799 5428 1977 5496 μικρά.
1995 5420 2152 5482 Ὀιιω

497 5506 642 5565 vero
671 5490 868 5565 plures
919 5490 1290 5565 persolvunt,
1335 5494 1575 5549 ultimas
1629 5490 1864 5565 semper
1894 5490 2154 5554 minores

499 5563 829 5693 etmfinore‘s
846 5563 1094 5632 faciunt,
1109 5565 1406 5638 simulque
1427 5563 1860 5624 oratiunculam
1888 5567 2151 5642 aliquam

499 5650 608 5693 pro
636 5650 785 5692 erun
814 5675 829 5693 .

499 5650 829 5708 prorerunt.

2331 5000 2410 5072 (6)
2443 5000 2521 5054 De
2547 5002 2889 5072 Graecorum
2921 4989 3202 5072 epitimiis
3229 5007 3421 5058 exstat
3445 5002 3715 5058 L.Allatii
3740 5018 3864 5060 non

2265 5071 2446 5140 longa
2463 5071 2711 5141 epistola
2730 5072 2806 5126 ad
2831 5073 2960 5142 Joh.
2975 5072 3277 5128 'Mo‘riuum
3300 5075 3451 5129 inter
3477 5073 3867 5132 miscellanea

2263 5143 2475 5198 Baluzii
2500 5143 2594 5196 ed.
2630 5159 2760 5197 nov.
2798 5150 2834 5198 t.
2868 5143 3058 5213 Iti,‘p.
3097 5145 3213 5198 115.

2335 5219 2406 5284 (7)
2434 5213 2602 5296 Vides
2629 5214 3084 5296 DOXUII‘ifimlILQ
3107 5214 3399 5296 alienum,
3415 5216 3642 5296 Paulini
3663 5221 3864 5296 textus

2264 5285 2632 5366 propositum
2650 5302 2684 5339 a
2699 5286 2928 5367 Studit'a
2944 5285 3208 5366 sensum.
3227 5285 3412 5368 (Conf.
3429 5286 3505 5341 ad
3521 5287 3644 5342 Gal.
3663 5288 3730 5341 V.
3755 5289 3859 5367 t6).

2263 5356 2444 5411 Graeci
2469 5356 3644 5436 quidernobjiciuntnobis_l.atmis,quod
3672 5365 3860 5436 nostri

2262 5428 2531 5482 monachi
2548 5427 2824 5481 carnibus
2839 5427 3831 5494 vescantur.Marten.Co'mm.p.53t
3846 5472 3858 5482 .

2334 5498 2405 5567 (3)
2424 5499 2631 5570 confer
2645 5499 3092 5560 constitutiones
3111 5499 3454 5570 Studitanas
3471 5516 3528 5554 n.
3557 5504 3646 5570 2’2.
3667 5503 3856 5558 Etiam

2261 5568 2648 5638 cogitationes
2709 5570 3074 5625 monachum
3151 5568 3355 5627 abbati
3423 5585 3533 5625 suo
3589 5568 3857 5630 revelare

2259 5641 2510 5699 mandat
2533 5639 2594 5699 S.
2618 5640 2919 5699 Benedicti
2943 5640 3166 5716 Regula
3185 5657 3322 5717 cap.
3347 5643 3402 5698 4.
3431 5643 3488 5700 et
3510 5647 3564 5698 7.
