4038 6312
239 247 281 315 fi
291 250 397 319 ’κθ

1279 257 1790 317 MONACHOBUM
1828 262 2081 323 ΡΟΕΝΕ
2118 266 2597 336 ΟυΟΤΙΒῙΛΝιλΕ.

3473 274 3613 349 i750

244 373 328 447 β’.
380 382 530 452 Περὶ
578 383 828 468 τοῦημή
888 380 1379 468 ἓξαχσζέὲλονξος
1434 393 1733 457 μοναχοῡ
1766 382 1829 439 δι

2031 395 2086 449 2.
2104 394 2190 449 De
2216 396 2505 453 monacho
2520 396 2623 467 qui
2643 399 2763 452 tota
2778 396 3148 454 hebdomada
3167 413 3288 454 non
3305 399 3610 468 confessus

684 450 791 509 ὅλη
816 472 837 513 ς
875 462 986 514 τῆς
1013 450 1412 525 ἔϐδομάδος.

319 542 378 595 Ὀ
428 550 501 617 μὴ
560 544 870 618 ἐξαγγέλλων
930 553 1021 611 τὰς
1082 550 1199 603 καθ’
1256 551 1436 604 ἑαυτὸν
1496 554 1707 627 πράξεις
1763 560 1851 608 καὶ

240 630 537 704 λογισμοὺς
591 644 663 705 τῷ
722 643 890 710 Πατρὶ
942 634 1036 690 διὰ
1086 648 1187 691 τῶν
1237 638 1366 692 ἑπτὰ
1395 643 1598 715 ἡμερῶν
1628 652 1725 704 τῆς
1766 642 1847 695 ἐϐ-

244 716 506 793 δομάδος,
540 722 595 776 έκ
620 729 734 778 τότε
758 730 827 798 μὴ
858 725 1073 779 ἐσθιέτω
1103 729 1196 790 ἕως
1218 728 1278 780 οὗ
1312 728 1607 804 ἐξαγγείλῃ.

240 834 315 899 7‘.
388 833 705 912 “spius-oi)
743 830 951 912 λάθρα
1004 839 1362 912 γευομένου.
1412 836 1665 908 ὀπώρας
1703 843 1848 912 πρὶν

497 900 940 972 εὖλογηθῆναι
986 900 1307 978 παράτοῦ
1348 900 1589 980 ἱερέως.

316 986 375 1041 Ὀ
428 994 703 1062 γευόμενος
748 990 801 1054 ἒξ
881 989 1203 1051 οἱασδὴποτε
1263 994 1466 1070 ὀπώρας
1524 1003 1645 1072 πρὶν
1700 995 1850 1061 δέξα-

244 1078 372 1130 σθαι
421 1078 656 1150 εὐλογίαν
696 1083 839 1153 παρά
886 1088 977 1135 τοῦ
1008 1088 1234 1157 Πατρός,
1288 1090 1359 1155 μὴ
1411 1084 1625 1139 ἐσθιέτω
1665 1086 1717 1151 ἐξ
1756 1088 1847 1140 αὖ·

242 1175 342 1229 τῆς
370 1169 458 1219 τὸν
483 1172 675 1240 χρόνον
703 1168 914 1228 ἐκεῖνον,

244 1268 314 1328 δ’.
354 1277 507 1347 Περὶ
545 1282 656 1328 τοῦ
694 1276 793 1355 ὅτι
832 1276 906 1355 ob
942 1282 1071 1351 χρὴ
1114 1278 1296 1340 έκτὸς
1335 1278 1629 1351 μανδύου
1668 1282 1847 1355 ἔργα-

755 1350 1343 1422 ζεσθαιμοναχόνέ

314 1440 374 1494 Ὀ
403 1443 522 1495 ἄνευ
575 1450 665 1497 τοῦ
709 1441 947 1517 μανδύου
978 1447 1141 1499 αὐτοῦ
1190 1448 1219 1507 ἣ
1258 1456 1349 1501 τοῦ
1380 1451 1716 1503 κουκουλλίου
1766 1455 1844 1525 ἑρ-

239 1530 532 1603 γαζόμενος
576 1536 671 1593 τὴν
721 1536 926 1587 οἱανοῡν
981 1536 1257 1610 ἐργασίαν,
1322 1540 1392 1601 ὡς
1448 1546 1844 1613 καταφρονητὴς

240 1617 594 1693 έπιτιμάσθω.

238 1725 300 1782 ε’.
348 1732 501 1803 Περὶ
566 1735 675 1781 τοῦ
736 1734 818 1801 μὴ
877 1734 1087 1806 πίνειν
1153 1728 1324 1806 ὕδωρ
1365 1737 1524 1806 μετὰ
1580 1739 1655 1789 τὰ
1692 1736 1837 1791 ἀπό.
1874 1737 1922 1794 Β

910 1797 1170 1860 δειπνα.

310 1895 370 1949 Ὀ
424 1898 555 1968 μετά
605 1894 897 1951 ἀπόδειπνα
950 1904 1109 1951 πίνων
1159 1898 1326 1976 ὕδωρ,
1380 1905 1410 1963 ἦ
1464 1906 1842 1977 συντυγχάνων

237 1989 365 2049 rivi,
398 1990 610 2039 ποιείτω
638 1992 914 2059 μετανοίας
938 1986 1001 2060 ρ’.

241 2090 315 2156 ς’.
370 2097 521 2165 Περὶ
575 2099 683 2145 τοῦ
737 2099 817 2165 μὴ
885 2093 1505 2174 μεταλαμϐάνοντος
1564 2100 1630 2163 ἑξ
1694 2100 1840 2174 ἅμα..

939 2165 1143 2228 λείας.

310 2250 369 2304 Ὁ
422 2250 565 2313 ἐκτός
612 2251 662 2324 μ’
705 2254 929 2328 ἡμερῶν,
978 2257 1095 2308 ἄνευ
1145 2260 1431 2328 ἱπιτιμίου,
1479 2264 1640 2330 μένων
1696 2259 1838 2313 ἀκοι-

237 2345 483 2402 νώνητος,
533 2340 719 2412 λεγέτω
789 2347 883 2400 τὴν
944 2343 1117 2396 αἰτίαν
1165 2364 1177 2375 ·
1239 2350 1323 2397 καὶ
1401 2346 1445 2399 εἰ
1494 2347 1549 2410 ἐξ
1600 2347 1838 2421 ἀμελείας

237 2429 536 2501 εὑρίσκεται
563 2435 715 2483 τοῦτο
744 2439 927 2496 ποιῶν,
954 2432 1279 2504 έπιτιμάσθω
1309 2436 1502 2509 ἡμέρας
1533 2437 1612 2508 μ’.

234 2711 299 2772 ζ.
336 2717 489 2791 Περι
529 2714 1383 2791 προῇσενέξεως-προσφορᾶς
1413 2718 1477 2791 -έν
1517 2739 1837 2791 μοναστη-

304 2784 668 2855 ρίωότιού
708 2790 836 2857 χρὴ
878 2784 1074 2839 πάλιν
1122 2784 1356 2850 αὖτοὺς
1405 2784 1761 2853 ἐπιζητεῖν.

307 2884 367 2933 Εἴ
394 2901 474 2942 τις
532 2886 767 2954 μοναχὸς
821 2884 963 2936 ἔλθοι
1010 2884 1083 2946 εἰς
1135 2891 1506 2961 μοναστήριον,
1562 2895 1648 2943 καὶ
1696 2894 1811 2965 φέρε

231 2970 328 3030 ἕως
383 2976 718 3045 κεντηναρίου
780 2974 1091 3039 ὑπόστασιν,
1151 2978 1249 3027 εἴτε
1300 2978 1390 3037 ἕως
1424 2976 1637 3049 φόλλεως
1687 2986 1832 3051 μιᾶς,

2677 468 2888 537 fuerit.

2033 561 2143 626 Qui
2187 563 2497 618 confessus
2530 581 2647 619 non
2694 565 2868 621 fuerit
2896 572 3067 620 actus
3110 582 3250 621 suos
3297 571 3352 621 et
3382 567 3609 636 cogita-

1961 648 2147 705 tiones
2171 652 2374 707 abbati
2407 670 2510 724 per
2537 660 2763 725 septem
2792 655 3193 711 hebdomadas
3216 655 3364 726 dies,
3391 656 3608 713 deinde

1961 753 2033 793 ne
2062 741 2339 795 comedat
2371 741 2537 811 prius
2566 758 2751 813 quam
2784 742 3160 799 conﬁteatur.

2101 848 2151 901 3.
2176 848 2257 903 De
2272 862 2336 903 eo
2357 848 2459 919 qui
2480 850 2635 904 ctam
2656 864 2829 915 poma
2850 856 3043 919 gustet
3065 857 3205 908 ante
3226 864 3406 921 quam
3429 866 3466 908 a

2393 921 2699 975 sacerdote
2730 920 3178 977 benedicantur.

2029 1006 2135 1071 Qui
2154 1006 2463 1078 quodlibet
2486 1024 2735 1079 pomum
2757 1009 3236 1080 gustaveritante
3253 1010 3490 1067 abbatis
3506 1011 3606 1067 be-

1956 1095 2378 1163 nedictionem,
2404 1112 2476 1150 ex
2503 1095 2615 1151 illis
2648 1113 2769 1153 non
2800 1098 3078 1154 comedat
3109 1114 3270 1155 anno
3303 1098 3428 1155 illo.

1953 1276 2006 1328 4.
2026 1274 2194 1341 Quod
2213 1290 2331 1330 non
2346 1276 2749 1345 oporteatsine
2769 1275 2961 1345 pallio
2974 1276 3332 1333 monachum
3345 1277 3605 1346 operari.

2025 1441 2132 1507 Qui
2166 1442 2294 1498 sine
2318 1459 2500 1514 parvo
2527 1460 2636 1498 suo
2666 1444 2843 1514 pallio
2875 1449 2979 1500 aut
3008 1445 3245 1502 cucullo
3271 1444 3605 1517 quamlibet

1952 1547 2201 1603 operam
2226 1531 2445 1601 fecerit,
2474 1547 2583 1588 ceu
2615 1536 2992 1605 contemptor
3023 1534 3329 1605 puniatur.

2028 1732 2076 1783 5.
2105 1728 2240 1784 Non
2260 1743 2383 1784 esse
2397 1743 2615 1799 aquam
2638 1728 2950 1786 bibendam
2967 1735 3099 1800 post
3126 1731 3601 1800 completorium.

2026 1897 2135 1963 Qui
2162 1902 2299 1970 post
2329 1897 2785 1969 completorium
2815 1914 3039 1970 aquam
3069 1898 3304 1965 biberit,
3337 1902 3605 1957 autcum

1952 1986 2157 2059 aliquo
2186 1986 2513 2042 collocutus
2545 1986 2737 2053 fuerit,
2768 1992 3007 2043 centum
3034 1987 3213 2044 faciat
3245 1992 3600 2046 metanmas.

2095 2098 2145 2149 6.
2178 2095 2264 2151 De
2282 2108 2345 2151 eo
2374 2094 2478 2165 qui
2500 2109 2576 2150 ex
2594 2094 2867 2161 neglectu
2891 2093 3341 2165 Eucharistiam
3366 2110 3486 2151 non

2532 2164 3014 2235 participaverit.

2021 2253 2131 2319 Qui
2174 2254 2322 2309 ultra
2369 2253 2771 2326 quadraginta
2809 2254 2936 2309 dies
2977 2257 3404 2325 (praeterquam
3451 2254 3497 2309 si
3542 2255 3602 2311 in

1949 2358 2138 2413 paenae
2162 2342 2565 2415 persolutione
2588 2343 2659 2397 sit
2681 2342 2936 2415 positus)
2968 2342 3047 2397 ad
3071 2358 3307 2399 sacram
3335 2359 3606 2400 commu-

1948 2433 2190 2486 nionem
2218 2430 2502 2486 accedere
2534 2431 2824 2495 omiserit,
2859 2446 3106 2486 causam
3132 2431 3215 2487 rei
3237 2430 3397 2487 dicat
3424 2447 3439 2487 :
3473 2439 3529 2487 et
3556 2432 3605 2488 si

1946 2536 2019 2576 ex
2048 2520 2408 2589 negligentia
2423 2520 2507 2576 ita
2535 2535 2597 2573 se
2621 2520 2874 2589 gessisse
2905 2520 3328 2591 comperiatur,
3355 2536 3603 2592 pcenam

1944 2608 2349 2681 quadraginta
2377 2608 2609 2663 dierum
2641 2608 2869 2663 subeat.

2015 2716 2248 2783 7.0uod
2274 2714 2629 2771 oblationem
2651 2714 3280 2781 monasteriaillatam,
3302 2723 3603 2786 nequeant

2488 2786 2768 2842 monachi
2788 2790 3068 2856 repetere.

2018 2886 2073 2941 Si
2103 2884 2238 2956 quis
2265 2884 2599 2940 monachus
2620 2882 2699 2939 ad
2725 2884 3159 2939 monasterium
3185 2884 3365 2949 venit,
3394 2888 3452 2940 et
3482 2884 3605 2940 sive

1945 2980 2332 3029 centenarum
2362 2972 2651 3027 librarum
2682 2971 3101 3036 substantiam,
3136 2972 3256 3027 sive
3289 2988 3479 3028 unum
3508 2989 3603 3029 so-

230 3058 325 3110 οὐκ
376 3060 490 3129 ἔχει
547 3058 782 3121 ὶξουσίαν
845 3060 897 3124 ἐξ
948 3062 1107 3123 αὐτῆς
1162 3064 1255 3125 ἕως
1309 3071 1499 3136 τριχός
1544 3072 1666 3138 μιᾶς
1725 3066 1829 3121 ἐπι-

1969 3063 2130 3117 idum
2160 3061 2326 3126 ferat,
2351 3076 2470 3115 non
2503 3060 2555 3115 ei
2582 3065 2847 3131 potestas
2872 3065 2957 3114 est
2983 3060 3122 3116 inde
3151 3060 3379 3133 aliquid
3396 3062 3600 3133 exqui-

234 3147 412 3208 ζητεῖν
426 3192 438 3205 ,

244 3271 257 3277 -
304 3234 373 3294 η’.
427 3237 695 3308 Κοσμικὸς
747 3236 977 3291 ἀσθενῶν
1034 3239 1421 3310 ἀποτάξασθαι,
1462 3247 1550 3295 καὶ
1602 3246 1689 3295 τὸν
1738 3264 1832 3315 μο-

228 3328 453 3396 ναχικὸν
505 3323 619 3398 βίον
670 3326 930 3397 εἰσελθὼν,
962 3332 1021 3380 τὸ
1060 3326 1261 3402 ἔνδυμα
1312 3335 1402 3383 καὶ
1608 3340 1696 3392 τῆς
1725 3332 1833 3386 κλί-

226 3432 319 3473 νης
346 3413 506 3465 αυτοῦ
531 3423 592 3487 τῇ
625 3414 881 3487 ἐκκλησίᾳ
908 3422 1119 3487 μενέτω.

304 3501 367 3555 θ’.
423 3502 483 3555 Ὀ
535 3503 691 3575 λέγων
747 3510 984 3575 μοναχὸς
1039 3506 1223 3577 λόγους
1302 3512 1612 3580 κοσμικοὺς,
1666 3511 1694 3567 ἦ
1747 3511 1829 3562 ὅτι

228 3590 379 3662 Ἐχω
407 3594 583 3662 γενεάν
632 3596 730 3646 πού
770 3613 911 3656 ποτε,
961 3596 1288 3666 ἀφοριζέσθω
1321 3598 1399 3668 (9)
1446 3599 1639 3669 ἡμέρας
1668 3607 1825 3672 τρεῖς,

227 3680 556 3753 ξηροφαγὼν,
614 3686 703 3733 καὶ
757 3691 915 3734 ποιῶν
973 3690 1247 3753 μετανοίας
1284 3684 1320 3736 ν’
1350 3705 1364 3719 ο
1424 3686 1525 3739 ἀπὸ
1574 3692 1675 3758 γὰρ
1736 3698 1829 3749 τῆς

225 3770 422 3841 ἡμέρας
480 3770 543 3832 ἧς
586 3774 644 3822 τὸ
695 3779 887 3842 σχῆμα
943 3771 1138 3838 ἔλαϐεν,
1173 3772 1563 3845 ἀποταξάμενος
1589 3784 1694 3836 τοῖς
1728 3796 1827 3829 κα-

223 3860 291 3909 τά
317 3860 491 3930 σάρκα
516 3863 789 3929 συγγενέσι
821 3867 891 3929 τῷ
924 3867 1137 3934 Χριστῷ
1168 3865 1574 3935 προσηρμόσθη.

300 4033 350 4087 ι’.
400 4038 458 4086 EI
482 4054 561 4097 τις
603 4038 689 4087 τὸν
733 4039 1107 4110 επιστρέφοντα
1135 4038 1236 4090 ἀπὸ
1283 4038 1544 4112 ἁμαρτίας
1570 4044 1629 4092 οὐ
1656 4059 1827 4114 προσ-

225 4119 464 4194 δέχεται,
496 4122 623 4176 ἀλλά
668 4124 817 4177 λυπιί
846 4125 1022 4191 αὐτὸν,
1072 4124 1296 4185 έλύπησε
1345 4132 1434 4179 τὸν
1487 4132 1715 4199 Χριστὸν
1754 4130 1827 4182 εὶ-

222 4216 389 4265 πο’ντοι
419 4233 431 4245 ·
503 4216 652 4286 Χαρὰ
700 4218 900 4283 γίνεται
953 4215 1004 4265 ἐν
1056 4214 1254 4288 οὐρανῷ
1297 4215 1376 4269 ἐπὶ
1430 4216 1501 4269 ένὶ
1536 4217 1826 4290 ἀμαρτωλῷ

222 4307 579 4373 μετανοοῦντι.

298 4389 393 4447 ια’.
459 4389 574 4444 Ἐὰν
650 4390 847 4463 φιλήσῃ
903 4395 1137 4463 μοναχός
1193 4389 1509 4451 οἱανδήποτε
1574 4402 1819 4465 γυναῖκα,

222 4481 359 4531 ἔστω
407 4478 746 4540 ἀκοινώνητος
794 4482 992 4553 ἡμέρας
1032 4484 1096 4551 μ’
1123 4497 1135 4509 ⁸
1166 4480 1273 4533 ἀλλ’
1314 4478 1437 4535 οὐδὲ
1490 4482 1604 4535 κατ’
1658 4484 1821 4541 αὐτὴν

220 4571 318 4623 τὴν
344 4569 539 4641 ἡμέραν
599 4575 690 4628 τῆς
740 4567 1099 4629 Ἀναστάσεως
1154 4577 1246 4621 τοῦ
1298 4575 1491 4644 Κυρίου
1546 4576 1635 4630 τὴν
1661 4573 1822 4625 αὑτοῦ

222 4659 425 4729 μητέρα
455 4654 765 4713 ἀσπάσηται
794 4657 931 4727 (l0).

295 4742 398 4816 ιβ’.
448 4744 508 4797 Ὀ
537 4748 596 4799 τὸ
654 4744 800 4817 ἅγιον
834 4753 1029 4819 σχῆμα
1056 4745 1274 4814 ἀθετῶν,
1303 4748 1438 4801 έστω
1470 4746 1815 4813 ἀκοινώνητος

221 4835 311 4890 ἔτη
341 4837 481 4906 τρία.

1942 3151 2131 3213 randi,
2167 3166 2238 3205 ne
2265 3148 2546 3220 capillum
2576 3148 2847 3220 quidem.

2014 3243 2065 3297 8.
2100 3240 2156 3295 Si
2186 3240 2369 3294 homo
2392 3237 2693 3293 saecularis
2723 3236 2783 3291 in
2815 3236 3164 3293 inﬁrmitate
3198 3237 3594 3304 abrenuntiet,

1940 3337 1994 3383 et
2023 3326 2442 3383 monachalem
2470 3328 2648 3380 vitam
2678 3325 2984 3397 suscipiat,
3017 3326 3197 3381 vestis
3232 3326 3361 3397 ejus
3386 3332 3443 3382 et
3465 3326 3598 3383 lecti

1940 3416 2204 3485 stragula
2233 3421 2512 3470 maneant
2534 3414 2817 3469 ecclesiae.

2009 3510 2059 3562 9.
2087 3505 2406 3561 Monachus
2439 3502 2782 3559 mundanos
2814 3517 3125 3558 sermones
3149 3503 3454 3575 eloquens,
3491 3508 3596 3561 aut

1936 3594 2101 3667 quod
2136 3594 2478 3664 prosapiam
2538 3608 2707 3647 suam
2740 3590 2959 3647 alicubi
3006 3591 3247 3656 habeat,
3288 3598 3596 3663 separetur

1936 3684 2013 3739 ad
2064 3690 2178 3738 tres
2228 3682 2375 3747 dies,
2424 3697 2562 3735 cum
2611 3679 2745 3735 cibo
2775 3680 2965 3744 arido,
3008 3685 3227 3737 etcum
3281 3682 3593 3737 metanceis

1934 3771 2388 3845 quinquaginta.
2437 3773 2583 3825 Nam
2623 3784 2693 3823 ex
2750 3784 2872 3840 quo
2924 3768 3020 3823 die
3069 3786 3311 3825 sacrum
3345 3771 3591 3827 schema

1934 3861 2211 3931 sumpsit,
2272 3858 2606 3914 valedieens
2645 3858 2912 3928 cognatis
2958 3858 3324 3925 carnalibus,
3357 3858 3589 3917 Christo

1934 3949 2198 4003 cohaesit.

2010 4039 2092 4092 10.
2129 4036 2183 4093 Si
2211 4036 2346 4109 quis
2393 4034 2841 4106 resipiscentem
2879 4050 2952 4088 ex
2982 4038 3229 4105 peccato
3282 4050 3402 4091 non
3435 4036 3591 4091 exci-

1935 4127 2077 4198 piat,
2111 4125 2214 4180 sed
2243 4141 2383 4180 eum
2399 4125 2721 4187 contristet,
2748 4122 2796 4176 is
2825 4122 3124 4179 Christum
3150 4124 3459 4179 contristat
3483 4124 3589 4196 qui

1933 4214 2081 4270 dixit
2112 4230 2124 4266 :
2150 4213 2444 4271 Gaudium
2475 4210 2774 4266 titincoelo
2790 4225 2971 4281 super
2986 4226 3104 4267 uno
3127 4217 3440 4283 peccatore
3464 4228 3591 4283 poe-

1934 4304 2241 4358 nitentiam
2276 4306 2486 4372 agente
2501 4342 2514 4355 .

2008 4393 2091 4445 11.
2126 4391 2180 4447 Si
2206 4389 2543 4445 monachus
2573 4386 2907 4458 quamlibet
2930 4387 3243 4443 mulierem
3268 4388 3579 4444 osculatus

1934 4480 2125 4543 fuerit,
2150 4480 2391 4533 sitextra
2404 4476 2893 4531 communionem
2917 4475 3133 4531 diebus
3155 4477 3584 4548 quadraginta,

1932 4569 2085 4637 Quin
2113 4569 2263 4624 adeo
2296 4583 2368 4621 ne
2409 4566 2538 4637 ipso
2578 4564 2826 4637 quidem
2864 4567 3317 4621 resurrectionis
3350 4566 3584 4623 Domini

1931 4658 2026 4714 die
2062 4662 2311 4714 matrem
2341 4654 2650 4725 propriam
2681 4653 2733 4708 ei
2762 4653 3022 4709 osculari
3042 4653 3259 4709 licebit.

2004 4748 2091 4802 12.
2124 4746 2230 4811 Qui
2270 4749 2543 4801 sanctam
2581 4742 2861 4799 monachi
2904 4749 3131 4799 vestem
3169 4742 3469 4814 abjecerit,
3508 4745 3583 4799 sit

1932 4840 2098 4893 extra
2127 4833 2618 4891 communionem
2645 4831 2821 4888 annis
2852 4830 3061 4887 tribus.

1780 4941 2013 5000 NOTAE.

290 5047 684 5121 (9)Qumnam
700 5048 823 5121 haec
835 5049 1077 5121 essetob
1090 5048 1338 5106 leviores
1351 5050 1560 5121 culpas
1573 5065 1809 5107 excom-

221 5118 568 5184 mimieatio,
584 5119 907 5189 intelligere
920 5120 1134 5176 licetex
1147 5137 1281 5191 cap.
1294 5125 1364 5177 24
1388 5118 1622 5191 Regula
1639 5138 1809 5178 sanc-

220 5190 262 5246 ti
277 5191 588 5263 Benedicti.
614 5209 643 5242 ιι
656 5191 711 5246 Si
726 5192 861 5262 quis
874 5191 1051 5247 frater
1072 5192 1132 5247 in
1154 5190 1687 5263 levioribuseulpis
1716 5194 1807 5249 in-

219 5261 472 5345 venitur,
487 5277 707 5317 mensas
725 5261 1173 5345 participatione
1189 5264 1564 5345 priveturZPri
1576 5261 1690 5345 vati
1706 5280 1807 5345 au-

221 5337 338 5387 tem
361 5347 585 5388 mensae
609 5333 911 5388 consortio
933 5333 1045 5389 ista
1066 5334 1173 5388 erit
1192 5333 1361 5399 ratio,
1380 5341 1439 5389 ut
1463 5333 1525 5389 in
1549 5335 1806 5389 oratorio

220 5402 520 5475 psalmum
532 5410 633 5475 aut
647 5404 1044 5475 antiphonam
1060 5420 1178 5460 non
1192 5406 1482 5475 imponat,
1497 5405 1807 5461 etc.Refec—
1830 5448 1833 5451 μ

224 5475 447 5529 tionem
470 5474 607 5541 cibi,
634 5480 767 5541 post
788 5474 1037 5531 fratrum
1060 5474 1439 5532 refectionem
1468 5478 1632 5532 solus
1654 5478 1807 5533 acci-

223 5544 444 5619 piat.Ut
462 5544 706 5612 si,verbi
718 5545 1145 5619 gratia,fratres
1164 5546 1434 5606 reﬁciunt
1454 5551 1624 5606 sexta
1632 5547 1804 5616 hora,

1918 5050 2013 5106 ille
2052 5048 2233 5104 frater
2256 5062 2451 5113 nona;
2484 5046 2533 5101 si
2564 5044 2777 5101 fratres
2803 5058 2983 5117 nona,
3012 5043 3107 5099 ille
3132 5058 3408 5117 vespera.
3435 5065 3463 5098 »
3491 5047 3579 5104 Ita

1918 5121 2214 5189 intelliges
2260 5119 2479 5175 multas
2520 5116 3173 5173 excommunicationes
3220 5116 3281 5172 in
3328 5117 3575 5175 Studitm

1918 5193 2200 5263 epitimiis
2232 5192 2513 5263 scriptas.

1990 5264 2103 5335 (10)
2124 5258 2978 5335 ΗθερὶοῇωᾳνθιῃϐΓξξοοωω
2991 5258 3574 5335 osculandiinvicem

1918 5334 1978 5389 in
2002 5330 2309 5404 "paschalis
2337 5333 2452 5387 diei
2474 5330 2694 5395 laetitia,
2722 5330 2796 5384 de
2818 5345 2939 5402 quo
2956 5344 3120 5404 mo_re
3144 5330 3386 5385 Allatius
3403 5335 3571 5404 tract.

1916 5406 1998 5461 De
2010 5402 2332 5460 Dominicis
2349 5404 2694 5458 Graecorum
2710 5406 2843 5472 post
2860 5416 3016 5473 opus
3035 5402 3115 5457 De
3137 5417 3437 5459 consensu
3457 5402 3570 5460 col.

1916 5476 2058 5531 1450
2098 5490 2230 5548 seq.
