4038 6312
505 293 640 358 1751

564 425 650 482 13.
688 426 794 491 Qui
820 429 1146 498 postquam
1175 426 1233 481 in
1267 429 1471 482 sancta
1501 425 1966 497 quadragesima
1987 425 2141 496 jeju-
2173 423 2220 480 A

489 515 733 582 naverit,
767 514 910 571 feria
944 531 1167 586 magna
1221 516 1448 587 quinta,
1490 513 1888 570 distinctionis
1933 530 2135 579 causa,

484 601 826 674 jenjunium
858 603 1118 674 solverit,
1158 605 1206 660 is
1237 609 1424 660 totam
1475 603 1831 659 dehonestat
1863 608 2137 659 sanctam

488 692 1042 765 quadragesimam.

566 782 650 836 14.
683 781 740 836 Si
758 781 1100 849 ignoranter
1124 781 1552 837 antimensium
1583 780 1767 834 lotum
1799 779 1994 845 fuerit,
2014 794 2138 834 non

489 870 774 942 polluitur
801 889 813 936 ;
843 872 985 941 quia
1007 871 1066 926 in
1095 872 1226 941 ipso
1255 870 1642 926 sanctificatio
1668 874 1908 935 manet;
1944 884 2137 940 neque

488 975 582 1014 res
613 975 800 1024 sacra,
849 961 912 1016 ﬁt
939 960 1216 1032 profana.

565 1051 645 1102 15.
680 1047 740 1102 Si
771 1048 908 1121 quis
939 1049 1220 1104 sacerdos
1260 1055 1394 1120 post
1435 1049 1683 1104 missam
1711 1046 2026 1110 vomuerit,
2061 1045 2138 1100 si-

486 1135 602 1191 hoc
627 1135 706 1191 ob
737 1137 1044 1209 crapulam
1077 1137 1128 1192 ei
1158 1137 1419 1206 contigit,
1453 1137 1664 1192 diebus
1696 1135 1938 1205 integris
1970 1149 2138 1190 sexa-

488 1225 655 1293 ginta
705 1226 779 1281 sit
817 1231 982 1282 extra
1008 1227 1520 1291 communionem,
1555 1227 1858 1297 jejunans,
1893 1231 1947 1278 et
1980 1223 2136 1279 mille

485 1314 752 1385 quotidie
793 1320 1123 1371 metanmas
1149 1315 1372 1371 faciens
1418 1331 1430 1370 :
1467 1317 1556 1369 sin
1589 1319 1793 1369 contra
1821 1329 1892 1368 ex
1932 1313 2137 1384 aliqua

485 1402 824 1458 valetudine
872 1403 932 1458 id
980 1419 1198 1474 passus
1251 1404 1340 1469 sit,
1396 1403 1610 1458 diebus
1662 1408 1890 1473 septem
1942 1417 2135 1472 pcenaa

485 1491 727 1555 suberit,
755 1492 1048 1564 facietque
1076 1497 1410 1548 matanoeas
1431 1492 1632 1560 viginti
1666 1492 1955 1563 quinque.

557 1581 650 1636 16.
693 1581 750 1635 Si
780 1581 916 1654 quis
948 1581 1166 1637 canoui
1196 1580 1469 1648 defuerit,
1495 1581 1679 1636 aridis
1713 1586 1991 1636 vescatur
2015 1595 2134 1634 uno

484 1668 601 1734 die,
632 1669 682 1724 ei
710 1668 887 1724 faciat
921 1675 1248 1725 metauceas
1275 1673 1534 1724 centum.

559 1763 641 1812 17.
677 1759 732 1813 Si
765 1758 898 1830 quis
932 1758 1206 1830 lychnico
1237 1773 1358 1814 non
1390 1757 1716 1813 interfuerit
1748 1761 1853 1812 aut
1874 1755 2135 1824 comple-
2170 1762 2214 1832 Β

481 1847 650 1917 torio,
677 1847 884 1903 vinum
908 1862 1027 1902 una
1047 1847 1141 1902 die
1167 1862 1289 1902 non
1318 1846 1502 1912 bibat,
1529 1851 1584 1902 et
1604 1846 1782 1902 faciat
1807 1852 2134 1902 metanmas

483 1936 947 2008 quinquaginta.

498 2035 504 2043 '
562 2029 644 2080 18.
681 2025 738 2080 Si
768 2025 903 2096 quis
924 2025 1092 2090 hora,
1125 2039 1248 2095 qua
1278 2023 1515 2093 eulogia
1539 2024 1736 2088 datur,
1769 2023 2137 2094 negligenter

483 2112 762 2178 abfuerit,
771 2113 851 2185 jej
865 2119 1002 2168 uuet
1014 2129 1207 2185 usque
1221 2112 1298 2169 ad
1317 2127 1650 2184 vesperam,
1666 2128 1804 2168 cum
1820 2112 2136 2168 metanmis

481 2202 942 2274 quinquaginta.

416 2284 418 2286 ’
557 2291 641 2345 19.
684 2291 738 2346 Si
771 2292 907 2362 quis
941 2290 1298 2346 monasterio
1327 2290 1686 2359 egrediatur,
1721 2289 1952 2362 absque
1983 2305 2133 2360 prm-

480 2379 659 2450 positi
689 2378 988 2444 facultate,
1024 2386 1224 2434 manet
1264 2385 1430 2435 extra
1464 2379 1953 2434 communionem
2015 2394 2132 2434 una

476 2467 885 2526 hebdomada.
918 2485 1056 2524 cum
1080 2467 1386 2524 metanoeis
1415 2468 1844 2541 quadraginta.

550 2557 638 2611 20.
675 2557 732 2612 Si
771 2557 906 2627 quis
937 2556 1164 2628 aliquid
1195 2557 1527 2627 possederit
1556 2556 1745 2611 inscio
1784 2557 2128 2626 praeposito,

481 2643 558 2699 sit
589 2650 755 2701 extra
781 2645 1268 2700 communionem
1300 2645 1515 2700 diebus
1547 2645 1913 2717 quindecim,
1947 2645 2130 2700 aridis

480 2748 727 2788 vescens
757 2733 906 2788 hora
944 2748 1124 2796 nona,
1157 2749 1293 2788 cum
1328 2735 1637 2789 metanaais
1668 2733 2128 2806 quinquaginta.

549 2822 637 2875 21.
672 2820 730 2875 Si
771 2821 907 2893 quis
937 2836 1074 2876 cum
1107 2821 1307 2892 aliquo
1346 2822 1797 2892 conspiraverit,
1841 2831 1942 2878 aut
1973 2821 2131 2878 clam

476 2909 550 2964 de
579 2909 940 2965 monasterio
971 2910 1297 2978 recesserit,
1330 2909 1404 2965 sit
1434 2915 1600 2966 extra
1639 2912 2130 2967 communionem

476 2998 690 3054 diebus
722 2998 976 3068 triginta.
1001 2998 1256 3070 ciboque
1286 2997 1456 3054 arido
1482 3002 1674 3067 utens,
1704 3004 2031 3055 metanaaas
2048 3000 2128 3057 fa-

475 3088 594 3144 ciat
622 3091 882 3144 centum.

543 3180 633 3232 22.
660 3177 716 3232 Si
747 3177 882 3248 quis
920 3176 1266 3248 impositam
1299 3192 1335 3232 a
1359 3175 1687 3248 praeposito
1726 3192 1972 3248 poenam
2005 3194 2126 3234 non

471 3265 899 3331 observaverit,
915 3274 1222 3336 separetur
1236 3265 1624 3321 hebdomada
1641 3281 1762 3321 una
1774 3281 1808 3320 a
1822 3265 2122 3332 fratribus,

474 3369 611 3410 cum
661 3354 796 3410 cibo
847 3353 1037 3421 arido,
1092 3359 1148 3410 et
1202 3353 1568 3426 quotidianis
1632 3355 1945 3410 metanoeis
1994 3370 2126 3410 cen-

470 3446 623 3499 tum.

543 3535 630 3588 23.
664 3531 720 3587 Si
752 3531 888 3603 quis
946 3531 1141 3587 fratris
1197 3531 1438 3587 alterius
1477 3537 1722 3597 vestem,
1756 3539 1857 3588 aut
1887 3533 2124 3604 quidvis

470 3619 633 3676 aliud
660 3624 873 3691 praeter
897 3619 1053 3674 illius
1076 3619 1441 3674 voluntatem
1480 3619 1692 3684 tulerit,
1715 3621 1910 3676 triduo
1939 3621 2123 3677 aridis

470 3712 744 3765 vescatur
775 3721 913 3763 cum
944 3712 1182 3763 centum
1217 3709 1551 3764 metanaais.

539 3799 627 3851 24.
661 3795 719 3851 Si
769 3797 903 3868 quis
951 3795 1436 3868 deprehendatur
1469 3803 1647 3853 noctu
1707 3798 1864 3854 clam
1897 3800 2120 3854 versari

469 3901 608 3941 cum
642 3886 866 3957 aliquo,
907 3891 1010 3941 aut
1063 3885 1276 3940 cubilis
1307 3885 1505 3940 locum
1552 3893 1802 3953 mutare,
1835 3895 1937 3943 aut
1980 3887 2120 3943 foris

469 3989 730 4038 manere,
751 3974 875 4029 sine
897 3973 1199 4045 praepositi
1223 3979 1390 4038 nutu,
1421 3981 1726 4045 separetur
1751 3991 1869 4030 una
1896 3975 2121 4031 hebdo-

467 4063 672 4128 mada,
694 4063 875 4118 aridis
907 4068 1094 4128 utens,
1132 4079 1266 4118 cum
1301 4065 1679 4135 septuaginta
1714 4066 2042 4121 metanceis.

536 4156 624 4208 25.
657 4152 975 4223 Praeposito
1005 4167 1126 4208 non
1158 4157 1479 4218 annuente,
1513 4153 1561 4207 si
1594 4153 1730 4225 quis
1753 4153 1934 4209 frater
1962 4169 2116 4224 opus

464 4259 639 4299 suum
659 4243 936 4299 manuale
968 4243 1299 4307 mutaverit,
1333 4243 1546 4299 diebus
1573 4245 1976 4316 quadraginta
1991 4261 2118 4300 ves-

464 4337 632 4388 catur
657 4332 859 4397 aridis,
887 4348 1023 4387 cum
1053 4333 1367 4388 metaumis
1392 4334 1714 4400 octoginta.

535 4424 623 4475 26.
659 4419 713 4477 Si
749 4422 886 4493 quis
927 4435 1052 4476 rem
1095 4437 1268 4476 suam
1299 4420 1564 4494 aliquam
1613 4438 1749 4477 cum
1777 4422 1896 4478 alio
1937 4421 2115 4479 fratre

462 4510 940 4575 cummutaverit,
974 4509 1310 4565 inconsulto
1353 4512 1693 4582 praeposito,
1727 4510 1818 4566 vel
1856 4512 1982 4582 ipse
2013 4529 2115 4582 per

463 4614 524 4653 se
546 4599 943 4670 acquisiverit,
977 4605 1077 4654 aut
1107 4599 1184 4654 ab
1210 4597 1412 4670 aliquo
1445 4600 1764 4672 acceperit,
1808 4607 2114 4671 separetur

460 4686 674 4744 diebus
705 4687 1045 4753 duodecim,
1069 4692 1126 4744 et
1157 4693 1482 4744 metanmas
1508 4691 1811 4758 octoginta
1834 4689 2029 4744 faciat.

531 4780 618 4830 27.
659 4776 712 4833 Si
762 4777 896 4848 quis
936 4783 1103 4832 extra
1154 4792 1428 4832 mensam
1481 4778 1823 4840 comederit,
1881 4779 2112 4848 absque

461 4865 765 4936 praepositi
781 4866 1214 4935 benedictione,
1240 4865 1328 4921 vel
1347 4872 1514 4922 extra
1542 4867 1970 4932 inﬁrmitatem,
2002 4868 2112 4923 ari-

459 4954 550 5010 dis
582 4954 775 5010 triduo
808 4958 1098 5019 vescatur,
1133 4971 1269 5011 cum
1303 4956 1614 5011 metauoeis
1641 4955 1929 5011 ducentis.

529 5133 615 5185 28.
648 5131 703 5187 Si
732 5130 867 5202 quis
908 5136 1043 5201 post
1071 5131 1528 5204 completorium
1555 5131 1870 5188 comedere
1897 5132 2110 5204 depre-

457 5218 958 5286 hendatur,aridis
976 5221 1270 5277 nutriatur
1285 5219 1891 5278 unahebdomada.Si
1906 5227 2106 5279 autem

453 5307 657 5364 ridens
684 5309 1110 5383 comperiatur,
1133 5312 1462 5366 metanmas
1478 5308 1658 5367 faciat
1685 5308 1996 5365 ducentas.

1749 299 1809 356 S.
1851 295 2218 357 THEODORJ
2247 289 2598 357 'STUDITE

3715 297 3872 360 115!

2323 422 2414 497 ιγ’,
2475 422 2533 477 Ὀ
2586 432 2649 498 τῇ
2704 424 2830 498 ἁγίᾳ
2876 432 3287 500 Τεσσαρακοστῇ
3336 427 3618 491 νηστεύων,
3663 429 3752 477 καὶ
3789 431 3860 497 τῇ

2249 513 2446 586 μεγάλῃ
2514 517 2722 588 πέμπτη
2799 514 2931 566 λύων
3001 514 3138 587 λόγῳ
3197 511 3535 588 διακρίσεως,
3608 512 3862 586 ἀτιμάζει

2247 603 2368 662 ὃλην
2399 607 2492 662 τήν
2525 602 2678 675 ἁγίαν
2702 608 3176 678 Τεσσαρακοστήν.

2320 776 2409 834 ιδ’.
2452 778 2568 833 Ἐὰν
2616 783 2751 832 κατὰ
2798 781 3012 851 ἄγνοιαν
3064 779 3234 852 «tua;
3295 779 3636 853 ἀντιμίνσιον,
3668 779 3727 832 οὐ
3760 799 3857 852 μο-

2244 868 2446 921 λύνεται
2478 886 2490 898 ⁸
2522 870 2547 920 ὁ
2571 870 2674 942 γὰρ
2724 867 2984 941 ἁγιασμὸς
3015 867 3064 921 έν
3095 869 3234 940 αὐτῷ
3276 867 3388 922 ἔστι
3419 885 3432 899 ⁸
3466 872 3522 921 τὸ
3552 870 3653 942 γὰρ
3694 869 3854 941 ἱερὸν,

2244 960 2430 1029 μιαρὸν
2457 960 2515 1009 οῦ
2541 962 2760 1028 γίνεται.

2256 1049 2278 1063 ⁹
2317 1044 2394 1100 ιε’.
2445 1045 2504 1098 Ὀ
2531 1047 2632 1098 ἀπὸ
2680 1047 3003 1121 λειτουργίας
3036 1049 3197 1120 ἱερεὺς
3256 1045 3468 1118 έμέσας,
3518 1046 3562 1099 εἰ
3748 1045 3851 1098 ἀπὸ

2243 1139 2669 1208 γαστριμαργίας
2724 1142 2878 1188 τοῦτο
2929 1138 3197 1202 πέπονθεν,
3253 1136 3450 1207 ἡμέρας
3499 1133 3538 1198 ξ’
3581 1134 3854 1207 πληρώσει

2245 1227 2404 1296 μένων
2459 1223 2822 1289 ἀκοινώνητος,
2887 1227 3149 1283 νηστεύων
3179 1229 3268 1277 καὶ
3298 1225 3507 1298 πληρῶν
3561 1222 3677 1277 καθ’
3723 1223 3856 1277 ἑκά-

2247 1332 2374 1372 στην
2401 1314 2595 1387 ἡμέραν
2625 1318 2898 1385 μετανοίας
2917 1313 3102 1385 χελέας
3137 1335 3148 1348 -
3190 1313 3233 1366 εἰ
3274 1309 3334 1366 δὲ
3363 1313 3466 1365 ἀπὸ
3500 1311 3701 1386 βλάϐης
3741 1312 3860 1381 ἐγέ-

2243 1405 2373 1466 νετο,
2421 1404 2621 1477 ἡμέρας
2672 1402 2845 1466 ζ’ἓξει
2901 1405 2959 1455 τὸ
3013 1405 3292 1475 επιτίμιον,
3349 1411 3508 1455 ποιῶν
3552 1407 3643 1454 καὶ
3696 1420 3857 1474 μετα-

2244 1510 2386 1552 νοιας
2419 1510 2476 1543 κε
2496 1534 2508 1546 .

2319 1585 2408 1644 ις’.
2444 1583 2504 1633 Εἰ
2527 1598 2603 1640 τις
2655 1578 2959 1651 καταλείψει
2987 1583 3072 1633 τὸν
3098 1583 3289 1632 κανόνα
3333 1579 3494 1652 (1Ο¹),
3525 1579 3857 1653 ξῆροφαγίαν

2245 1669 2440 1741 ἡμέραν
2466 1673 2590 1740 μίαν
2619 1673 2849 1734 ποιείτω,
2879 1674 2968 1721 καὶ
3007 1673 3277 1740 μετανοίας
3302 1674 3369 1741 ρ’.

2318 1757 2402 1818 ιζ’
2447 1760 2506 1811 Εἴ
2559 1777 2635 1818 τις
2685 1756 2955 1829 ἀπολείψει
3011 1766 3104 1811 τοῦ
3157 1757 3433 1830 λυχνικοῦ,
3494 1758 3525 1817 ἡ
3581 1766 3681 1810 τῶν
3726 1757 3862 1810 ἀποο

2245 1841 2484 1912 δείπνων,
2561 1849 2756 1919 ἡμέραν
2819 1850 2942 1919 μίαν
3003 1843 3137 1900 οἶνον
3197 1851 3268 1920 μή
3334 1850 3512 1912 πιέτω,
3573 1851 3858 1918 μετανοίας

2243 1943 2410 1988 ποιῶν
2431 1941 2492 1990 ν’.

2315 2022 2401 2082 ιη’.
2434 2023 2624 2088 Ὀστις
2653 2025 2705 2077 έν
2732 2032 2793 2097 τῇ
2851 2027 2960 2098 ὥρᾳ
3002 2034 3097 2087 τῆς
3127 2021 3326 2088 δόσεως
3362 2033 3459 2088 τῆς
3488 2025 3730 2098 εὐλογίας
3753 2024 3860 2078 λεί-

2243 2112 2330 2184 ψει
2391 2115 2524 2166 κατὰ
2583 2113 2840 2186 ἀμέλειαν,
2893 2118 3182 2173 νηστευέτω
3248 2115 3341 2177 ἕως
3373 2113 3488 2188 ὀψε,
3550 2119 3640 2167 καὶ
3695 2133 3856 2186 μετα-

2242 2205 2380 2262 νοίας
2404 2206 2617 2254 ποιείτω
2639 2202 2685 2253 ν’
2700 2242 2713 2254 .

2317 2286 2398 2344 ιϐ’.
2435 2294 2494 2342 Εἴ
2538 2309 2620 2351 τις
2667 2291 2861 2354 ἑξελθοι
2887 2298 2980 2343 τοῦ
3009 2295 3366 2368 μοναστηρίου
3396 2296 3562 2364 χωρὶς
3608 2299 3708 2354 τῆς
3754 2299 3853 2344 τοῦ

2241 2379 2534 2450 ἡγουμένου
2580 2381 2933 2453 παραθέσεως,
2977 2382 3168 2450 μενέτω
3222 2379 3565 2443 ἀκοινώνητος
3617 2377 3855 2453 ἕϐδομάο

2243 2463 2313 2518 δα
2341 2473 2487 2538 μίαν,
2521 2472 2791 2539 μετανοίας
2815 2477 2974 2520 ποιῶν
3004 2468 3074 2541 μ’.

2310 2554 2373 2608 κ’.
2432 2559 2490 2609 Εἴ
2519 2576 2599 2618 τις
2627 2561 2881 2614 κτήσεται
2910 2563 3127 2631 πρᾶγμα
3180 2562 3352 2630 χωρὶς
3407 2566 3496 2611 τοῦ
3525 2560 3844 2631 ἡγουμένου,

2238 2649 2426 2716 μενέτω
2475 2643 2819 2706 ἀκοινώνητος
2878 2650 3076 2720 ἡμέρας
3120 2645 3196 2713 ιε’,
3253 2647 3561 2722 ξηροφαγῶν
3615 2649 3730 2722 ὥρᾳ
3781 2646 3844 2713 θ’,

2237 2738 2328 2786 καὶ
2356 2738 2626 2806 μετανοίας
2651 2743 2813 2787 ποιῶν
2837 2740 2898 2790 ν’.

2308 2827 2408 2876 κα’.
2462 2825 2522 2875 Εἴ
2577 2841 2658 2885 τις
2711 2819 2998 2876 συνδυάσει
3036 2827 3165 2896 μετά
3207 2843 3362 2892 τινος,
3411 2824 3442 2886 ἡ
3499 2825 3843 2900 ἀναχωρήσει

2236 2919 2328 2964 τοῦ
2381 2919 2734 2988 μοναστηρίου
2794 2915 2984 2986 κρύφα,
3041 2918 3230 2986 μενέτω
3262 2912 3601 2976 ἀκοινώνητος
3639 2917 3844 2990 ἡμέρας

2236 3000 2298 3067 λ’,
2333 2999 2658 3072 ξηροφαγῶν,
2687 3007 2774 3054 καὶ
2807 3007 3081 3073 μετανοίας
3111 3010 3270 3054 ποιῶν
3299 3000 3363 3075 ρ’.

2306 3175 2409 3250 κβ’.
2469 3181 2528 3232 Εἰ
2565 3197 2642 3239 τις
2690 3178 2858 3232 λαϐὼν
2912 3181 3169 3252 ἐπιτίμιον
3220 3183 3363 3255 παρὰ
3399 3187 3492 3233 τοῦ
3547 3184 3839 3255 ἡγουμένου

2234 3270 2306 3338 μή
2339 3266 2566 3339 φυλάξει,
2619 3266 2946 3341 ἀφοριζέσθω
2995 3265 3273 3340 ἑϐδομάδα
3320 3274 3444 3342 μίαν
3475 3278 3570 3334 τῆς
3618 3269 3845 3346 (Melpo-

2234 3375 2404 3422 τητος,
2461 3356 2785 3429 ξηροφαγῶν,
2855 3362 2942 3410 καὶ
2997 3363 3272 3429 μετανοίας
3324 3367 3482 3412 ποιῶν
3531 3363 3842 3437 καθημέραν

2233 3463 2433 3497 εκατον.

2301 3533 2400 3605 κγ’.
2434 3537 2493 3587 Εἴ
2544 3553 2626 3596 τις
2675 3531 2899 3608 ἀδελφοῦ
2950 3536 3174 3606 ἱμάτιον,
3215 3536 3246 3596 ἡ
3289 3535 3408 3589 ἀλλο
3437 3557 3486 3590 τι
3526 3541 3669 3612 παρὰ
3696 3545 3839 3611 γνὼο

2230 3642 2332 3694 μην
2387 3623 2548 3674 αὑτοῦ
2601 3628 2827 3698 φορέσει,
2889 3625 3086 3698 ἡμέρας
3147 3632 3285 3700 τρεῖς
3335 3625 3713 3701 ξηροφαθείτω,
3744 3648 3838 3702 με-

2229 3716 2433 3772 τανοίας
2463 3720 2622 3763 ποιῶν
2648 3712 2849 3766 ἑκατόν.

2298 3796 2404 3852 κδ’.
2463 3802 2522 3853 Εἴ
2548 3819 2631 3862 τις
2681 3802 2860 3874 εὑρεθῇ
2916 3808 2978 3873 τῇ
3037 3806 3185 3854 νυκτὶ
3230 3799 3449 3866 ἰδιάζων
3497 3806 3668 3878 κρύφα
3696 3809 3838 3877 μετά

2225 3907 2379 3953 τινος,
2430 3889 2460 3947 ἡ
2495 3887 2770 3942 ἀλλάσσων
2799 3894 2883 3941 τὸν
2927 3894 3082 3942 τόπον
3121 3899 3213 3943 τοῦ
3243 3897 3533 3964 κοιταρίου,
3585 3893 3615 3951 ἡ
3668 3900 3839 3960 μένων

2227 3977 2321 4040 ἔξω
2377 3983 2548 4052 χωρὶς
2605 3986 2698 4038 τῆς
2727 3986 2818 4030 τοῦ
2868 3981 3156 4052 ἡγουμένου
3207 3987 3439 4053 γνώμης,
3500 3980 3836 4056 ἀφοριξέσθω

2229 4063 2522 4138 ἑϐδομάδα,
2552 4068 2878 4140 ξηροφαγῶν,
2907 4073 3179 4140 μετανοίας
3204 4078 3365 4122 ποιῶν
3391 4077 3454 4123 ο’.

2297 4161 2384 4209 κε’.
2412 4162 2514 4208 Τοῦ
2571 4158 2861 4228 ἡγουμένου
2915 4159 2988 4229 μὴ
3021 4157 3408 4232 ἐπιτρέψαντος,
3468 4161 3552 4213 ἐὰν
3605 4157 3836 4236 ἀδελφὸς

2226 4242 2416 4317 ἀλλαξη
2472 4247 2529 4297 τὸ
2583 4244 2907 4319 έργόχειρον,
2969 4247 3167 4320 ἡμέρας
3225 4245 3276 4319 μ’
3331 4247 3708 4323 ξηροφαγείτω,
3745 4271 3838 4325 με·

2223 4338 2434 4396 τανοίας
2461 4341 2622 4386 ποιῶν
2651 4341 2722 4388 π’.

2295 4421 2405 4487 κς¹.
2473 4426 2534 4476 Εἴ
2593 4443 2670 4485 τις
2713 4429 2934 4497 πρᾶγμα
2987 4423 3172 4476 ἑαυτοῦ
3222 4423 3426 4489 ἀλλάξει
3478 4429 3609 4498 μετά
3665 4449 3829 4500 τινος,

2221 4516 2393 4582 χωρὶς
2439 4519 2530 4563 τοῦ
2586 4513 2901 4582 ἡγουμένου,
2960 4513 2990 4572 ἡ
3069 4512 3150 4586 ἀφ’
3213 4517 3398 4567 ἑαυτοῦ
3451 4521 3730 4584 κτήσεται,
3795 4521 3825 4579 ἡ

2221 4599 2352 4673 λάϐῃ
2413 4603 2556 4674 παρά
2612 4621 2767 4666 τινος,
2803 4600 3132 4676 ἀφοριζέσθω
3163 4604 3358 4678 ἡμέρας
3410 4603 3507 4678 ιβ’,
3549 4614 3830 4678 μετανοίας

2222 4708 2384 4742 ποιων
2415 4709 2452 4739 π
2471 4732 2483 4744 ,

2256 4776 2389 4839 κζ’.
2441 4781 2502 4832 Εἴ
2571 4799 2652 4841 τις
2709 4775 2802 4842 ἔξω
2872 4787 2964 4841 τῆς
3015 4783 3280 4854 τραπέζης
3337 4784 3520 4849 ἐσθίει,
3570 4791 3668 4846 τῆς
3733 4792 3828 4840 τοῦ

2219 4868 2505 4938 ἡγουμένου
2561 4872 2728 4940 χωρὶς
2783 4867 3036 4940 εὐλογίας,
3094 4870 3124 4928 ἡ
3159 4868 3453 4945 ἀῤῥωστίας
3512 4868 3670 4945 δίχα,
3733 4875 3826 4938 En-

2217 4961 2505 5028 ροφαγείτω
2573 4958 2773 5030 ἡμέρας
2837 4964 2996 5032 τρεῖς,
3076 4966 3234 5010 ποιῶν
3297 4965 3573 5032 μετανοίας
3632 4959 3825 5017 διακο-

2221 5048 2360 5105 σίας.

2287 5131 2388 5192 κη’.
2464 5137 2520 5188 Εἰ
2571 5153 2650 5195 τις
2709 5137 2837 5206 μετὰ
2901 5137 2964 5189 τὰ
3013 5131 3309 5190 ἀπὸδειπνα
3361 5139 3541 5211 εὑρεθῇ
3605 5139 3819 5208 ἐσθίων,

2217 5222 2572 5296 ξηροφαγείτω
2622 5219 2898 5295 ἑϐδομάδα
2927 5242 2941 5257 ·
2969 5223 3015 5276 εἰ
3045 5220 3104 5278 δε
3153 5226 3332 5300 εὑρεθῇ
3391 5227 3571 5298 γελῶν,
3603 5236 3823 5284 ποιείτω

2215 5316 2492 5385 μετανοίας
2523 5308 2601 5367 σ’.

2022 5462 2252 5537 Now.

525 5557 664 5632 (10‘)
687 5560 890 5617 Canon
921 5561 1011 5616 est
1029 5573 1169 5637 pars
1198 5557 1378 5616 ofﬁcii
1406 5561 1767 5618 Graecorum.
