4038 6312
218 307 358 367 1753

1235 308 1747 368 MONACHORUM
1784 309 2041 370 ΡΟΕΝΕ
2078 311 2543 380 ΟΗΟΤΙΒΙΑΝΕ

3433 310 3578 374 1754

288 433 391 489 κθῆ
439 435 503 489 Εἴ
553 453 629 496 τις
676 433 723 487 έν
779 434 1015 509 τραπέζῃ
1051 438 1421 508 συντυγχάνει,
1454 439 1486 496 ἡ
1530 436 1795 508 γελοιάζει

1987 440 2080 496 29.
2115 439 2172 494 Si
2203 438 2337 509 quis
2368 440 2429 495 in
2459 454 2671 496 mensa
2707 438 2940 495 locutus
2990 439 3162 496 fuerit
3191 444 3295 497 aut
3355 442 3576 513 riserit,

211 521 490 597 έγειρέσθω
521 525 687 591 εὐθὺς,
714 532 874 577 ποιῶν
894 530 1164 598 μετανοίας
1192 524 1265 598 ρ’.

285 610 347 668 λ’.
380 615 440 664 Εἴ
485 633 561 674 τις
599 614 821 670 λυπήσει
872 616 958 666 τὸν
1008 610 1226 686 ἀδελφὸν
1289 615 1468 679 αὑτοῦ,
1509 618 1598 667 καὶ
1641 634 1807 667 κατα-

210 705 475 773 φρονήσας
534 706 605 773 μὴ
663 698 940 774 διαλλαγῇ,
1021 701 1129 754 ἀλλ’
1184 702 1267 756 έπὶ
1328 710 1401 773 τῷ
1457 711 1807 777 παροργισμῷ

207 794 381 863 μείνῃ,
442 790 767 864 ἀφοριξέσθω
816 787 1117 863 ἑϐδομάδας
1176 790 1294 859 δύο,
1350 792 1654 865 ξηροφαγῶν
1720 797 1807 845 καὶ

206 888 373 932 ποιῶν
401 884 671 953 μετανοίας
698 877 760 932 ν’.

278 967 381 1025 λα’.
411 971 471 1022 Εἴ
515 989 594 1031 τις
626 969 674 1020 έν
706 970 876 1044 ἡμρᾳ
933 989 1031 1032 της
1065 969 1389 1045 λειτουργίας
1439 974 1497 1023 οὐ
1544 970 1805 1043 μεταλαμ-

203 1056 369 1125 ϐάνει,
418 1057 611 1111 εἰπάτω
662 1061 720 1110 το
754 1061 921 1110 α’ίτιον
947 1077 961 1092 υ
1016 1058 1059 1111 εἰ
1106 1056 1165 1112 δὲ
1184 1064 1256 1132 μὴ
1311 1062 1461 1122 εἴποι,
1513 1063 1804 1117 νηπευέτω

202 1146 299 1209 ἕως
330 1146 444 1217 ὀψε,
472 1154 633 1198 ποιῶν
664 1150 935 1219 μετανοίας
958 1145 1021 1202 ν’.

275 1234 389 1309 λβ¹··
412 1234 599 1297 Ὅστις
628 1235 700 1288 ἐνὶ
747 1244 846 1288 τῶν
899 1232 1134 1307 ἀδελφῶν
1178 1239 1503 1311 προσπαθῶς
1547 1239 1653 1309 μετ’
1708 1237 1804 1290 αὐ-

200 1332 297 1378 τοῦ
353 1323 647 1397 ψιθυρίζει,
696 1322 1125 1399 ἀφοριζέσθωσαν
1168 1328 1218 1378 οἱ
1258 1322 1376 1392 δύο,
1434 1326 1529 1389 ἔως
1579 1328 1640 1378 ἄν
1672 1325 1803 1378 ἀπο-

202 1412 680 1483 στῶσινςάλλήλων,
712 1421 970 1475 ποιοῦντες
998 1412 1096 1467 ἀνά
1122 1420 1396 1487 μετανοίας
1423 1414 1491 1488 ρ’.

271 1588 375 1663 λγ’.
404 1589 589 1652 Ὀστις
625 1591 897 1663 ἀπολείψει
927 1592 997 1654 εἰς
1031 1597 1125 1651 τὴν
1159 1592 1333 1667 ἀρχὴν
1364 1592 1591 1656 ἑκάστης
1619 1592 1799 1666 ψαλμ-

200 1675 391 1752 ῳδίας,
448 1684 618 1754 χωρὶς
679 1676 951 1742 διακονίας
1004 1682 1034 1740 ἡ
1118 1685 1418 1756 προφάσεως
1492 1681 1795 1753 ἀναγκαίας,

199 1774 413 1823 ποιείτω
441 1774 716 1841 μετανοίας
742 1768 811 1842 ρ’.

270 1854 376 1913 λδ¹.
423 1857 611 1921 Ὅστις
635 1858 691 1910 έκ
734 1858 998 1933 ῥᾳθυμίας
1022 1856 1192 1930 λείψοι
1237 1864 1329 1911 τοῦ
1354 1862 1584 1925 κανόνος,
1631 1861 1661 1919 ἡ
1698 1859 1797 1913 ἀπὸ

197 1946 476 2019 λυχνικοῦ,
525 1951 557 2006 ἡ
611 1948 767 2008 ἄλλης
812 1945 1146 2020 ψαλμῳδίας,
1200 1948 1554 2024 ξηροφαγείτω
1604 1951 1800 2025 ἡμέραν

197 2039 346 2109 μίαν,
386 2045 545 2089 ποιῶν
575 2041 847 2109 μετανοίας
876 2035 944 2111 ρ’.

268 2124 357 2180 λε’.
414 2126 600 2189 Ὅστις
640 2129 775 2180 κατὰ
829 2126 1065 2198 ἀμέλειαν
1120 2130 1179 2179 οὐ
1241 2128 1451 2179 καθίσει
1505 2129 1637 2199 μετά
1698 2136 1797 2180 τῶν

196 2211 434 2287 ἀδελφῶν
502 2215 572 2278 εἰς
629 2220 723 2275 τὴν
779 2218 1059 2291 τράπεζαν,
1117 2219 1407 2273 νηστευέτω
1465 2215 1643 2268 λοιπὸν
1706 2215 1800 2278 ἓως

198 2301 316 2374 ὀψέ.

266 2389 595 2456 λίς-’.Ὅστις
643 2394 762 2445 ἄνευ
820 2392 1051 2465 ἀνάγκης
1107 2394 1392 2467 προεγερθῇ
1453 2401 1547 2455 τῆς
1602 2397 1793 2465 τραπέ-

197 2481 317 2548 ζης,
370 2488 509 2554 τρεῖς
563 2484 761 2557 ἡμέρας
805 2480 937 2535 οἶνον
994 2487 1065 2554 μὴ
1122 2484 1371 2547 πινέσθω,
1424 2490 1587 2534 ποιῶν
1643 2502 1793 2555 μετα-

194 2576 337 2634 νοίας
358 2570 424 2645 ρ’.

264 2658 366 2721 λζ’.
424 2658 603 2722 Ὃστις
626 2659 917 2736 ἀργολογεῖ,
950 2661 980 2719 ἡ
1032 2659 1318 2734 εὐτράπελα
1346 2662 1622 2733 φθέγγεται
1656 2660 1792 2731 (Η),

196 2747 333 2802 οἶνον
390 2746 482 2821 μηΔ
519 2754 707 2803 πινέτω
756 2755 845 2809 τὴν
896 2752 1092 2825 ἡμέραν
1144 2752 1360 2813 εκείνην,
1420 2757 1581 2802 ποιῶν
1637 2768 1796 2821 μετα-

192 2843 333 2900 νοίας
364 2837 436 2910 μ’.

264 2925 368 2985 λη’.
405 2930 463 2981 Εἵ
513 2947 589 2989 τις
626 2936 725 2980 τῶν
755 2925 1142 3000 παιδευομένων
1173 2927 1289 2980 τινὰ
1321 2923 1416 2979 διὰ
1474 2926 1686 2999 σφάλμα
1709 2925 1797 2979 έκ-

194 3012 432 3085 δικὴσει,
497 3016 851 3090 ξηροφαγείτω
919 3012 1199 3089 έϐδομάδα
1252 3020 1397 3088 μίαν,
1463 3024 1626 3068 ποιῶν
1686 3017 1786 3068 καθ

194 3106 391 3180 ἡμέραν
418 3110 689 3177 μετανοίας
717 3105 782 3179 ρ’.

263 3192 362 3249 λθ’.
424 3197 485 3246 Εἴ
538 3215 617 3257 τις
673 3194 969 3266 πολεμεῖται
1018 3195 1089 3257 εἰς
1131 3197 1392 3268 πορνείαν,
1435 3194 1792 3268 ξηροφαγείτω

190 3284 388 3357 ἡμέρας
442 3283 497 3355 μ’
529 3298 543 3313 ·
591 3284 635 3337 εἰ
661 3280 722 3337 δε
773 3289 844 3356 μὴ
887 3286 1148 3337 παύσεται
1178 3285 1203 3335 ὁ
1252 3283 1486 3355 πόλεμος,
1536 3282 1625 3344 ἕως
1667 3282 1793 3335 ἀνα-

190 3375 454 3426 παύσετάι
504 3373 879 3446 ξηροφαγείτω,
938 3382 1096 3426 ποιῶν
1157 3376 1427 3445 μετανοίας
1477 3374 1565 3425 τὸν
1629 3374 1793 3445 νυχθ-

190 3463 384 3537 ἡμερον
413 3461 475 3516 τ’.

260 3548 336 3624 μ’.
398 3553 458 3604 Εἴ
480 3570 560 3613 τις
588 3551 870 3626 χαρίζεταί
931 3570 1032 3603 τινι
1080 3554 1137 3603 τὸ
1186 3550 1406 3603 παλαιὸν
1458 3551 1618 3603 αὑτοῦ
1674 3550 1793 3621 ἱμά-

187 3659 320 3707 τιον,
375 3645 541 3713 χωρὶς
597 3642 877 3712 ἐπιτροπῆς
923 3647 1014 3691 τοῦ
1062 3641 1375 3711 ἡγουμένου,
1433 3639 1791 3712 ξηροφαγείτω

186 3726 428 3802 έϐδομάδ
432 3749 465 3781 α
484 3732 627 3800 μίαν,
660 3736 819 3781 ποιῶν
849 3732 1122 3799 μετανοίας
1140 3728 1204 3791 ξ’.

258 3817 369 3891 μα’.
442 3821 500 3871 Εἷ
547 3837 626 3879 τις
681 3816 995 3889 ἐνυπνιασθῇ
1056 3817 1128 3879 εἰς
1178 3820 1436 3890 πορνείαν,
1510 3814 1789 3873 ἀκοινώνηι

187 3927 278 3970 τος
325 3906 474 3959 ἔσται
523 3911 617 3966 τὴν
670 3908 865 3980 ἡμέραν
923 3906 1134 3969 ἐκείνην,
1194 3914 1353 3958 ποιῶν
1409 3907 1673 3977 μετανοίας
1711 3902 1786 3976 μ’,

184 3996 348 4067 λέγων
374 3999 460 4048 τὸν
506 3994 550 4047 ν’
589 3994 814 4067 ψαλμὸν,
847 4000 936 4048 καὶ
975 4000 1053 4063 τὸ,
1092 3998 1305 4067 Κύριε,
1349 3994 1636 4059 ἐλέησον,
1671 3992 1788 4046 έκα-

189 4090 299 4138 τόν.

257 4172 370 4248 μβ’·
401 4174 459 4227 Ὀ
488 4174 717 4247 μαλακὸς
751 4175 943 4247 ἡμέρας
970 4171 1024 4245 μ’
1050 4172 1392 4235 ἀκοινώνητος
1417 4174 1571 4228 ἔστω.

258 4352 371 4426 μγ’.
412 4351 471 4404 Ὀ
500 4351 734 4423 ψεύστης
762 4354 895 4404 έστω
927 4350 1270 4411 ἀκοινώνητος
1300 4352 1499 4424 ἡμέρας
1527 4348 1603 4423 μ’.

258 4438 375 4514 μδ’.
412 4440 473 4494 Ὀ
501 4441 787 4503 κατάλαλος
816 4442 1006 4513 ὁμοίως
1032 4442 1226 4511 ἡμέρας
1249 4438 1323 4512 μ’-

1918 527 2115 583 statim
2148 543 2399 597 surgens
2431 528 2612 584 faciat
2640 532 2966 585 metanceas
2992 534 3256 585 centum.

1987 618 2075 671 30.
2133 618 2188 673 Si
2232 619 2366 689 quis
2394 619 2554 674 fratri
2607 634 2718 674 suo
2773 618 3109 675 molestiam
3162 620 3468 686 creaverit,
3510 625 3566 677 et

1914 704 2131 760 deinde
2152 706 2518 763 reconciliari
2544 706 2886 775 neglexerit,
2911 708 3013 761 sed
3038 708 3096 762 in
3116 707 3415 763 simultate
3434 725 3562 779 per-

1915 794 2223 862 manserit,
2239 803 2547 866 separetur
2567 796 2804 851 duabus
2819 796 3240 863 hebdomadis,
3264 797 3449 853 aridis
3472 813 3563 853 ve-

1914 898 2104 950 scens,
2138 900 2276 939 cum
2314 884 2623 940 metanmis
2643 885 3102 957 quinquaginta.

1982 971 2070 1026 31.
2100 973 2153 1027 Si
2184 973 2319 1043 quis
2333 972 2428 1028 die
2452 972 2724 1043 liturgico
2750 973 3177 1029 Eucharistiam
3198 990 3317 1029 non
3340 979 3562 1039 sumat,

1911 1060 1992 1115 rei
2024 1077 2275 1117 causam
2306 1061 2483 1117 dicat.
2515 1062 2570 1117 Si
2599 1077 2717 1116 non
2749 1062 3229 1133 dixerit,jejunet
3259 1080 3450 1136 usque
3484 1065 3563 1120 ad

1914 1165 2249 1221 vesperam,
2280 1167 2418 1206 cum
2442 1152 2752 1206 metanoeis
2775 1151 3238 1221 quinquaginta.

1980 1240 2068 1294 32.
2104 1241 2159 1295 Si
2211 1240 2346 1311 quis
2379 1256 2451 1294 ex
2485 1240 2772 1309 peculiari
2804 1255 2948 1309 erga
2994 1239 3237 1296 fratrem
3296 1241 3563 1313 aliquem

1910 1328 2147 1386 affectu.
2171 1345 2309 1384 cum
2330 1344 2401 1384 eo
2432 1329 2729 1391 mussitat,
2756 1335 3106 1399 separentur
3137 1330 3338 1396 ambo,
3368 1331 3565 1386 donec

1910 1418 2286 1475 sodalitatem
2316 1418 2619 1485 dirimant,
2672 1418 3012 1490 faciantque
3046 1423 3376 1476 metanceas
3426 1435 3569 1475 cen-

1910 1512 2059 1563 tum.

1980 1597 2069 1653 33.
2102 1597 2158 1651 Si
2197 1597 2332 1669 quis
2360 1596 2839 1668 uniuscujusque
2879 1596 3238 1667 psalmodiae
3270 1598 3435 1654 initio
3462 1599 3572 1654 de-

1909 1685 2099 1749 fuerit,
2142 1701 2334 1757 neque
2378 1686 2725 1749 ministerio,
2769 1701 2961 1757 neque
3011 1702 3198 1741 causa
3230 1689 3571 1744 necessaria

1828 1777 1872 1831 Β
1909 1775 2251 1845 impeditus,
2286 1781 2524 1830 centum
2553 1775 2729 1831 faciat
2758 1781 3113 1831 metanceas.

1978 1863 2065 1918 34.
2109 1864 2165 1919 Si
2196 1863 2330 1935 quis
2368 1863 2449 1919 ob
2480 1863 2781 1935 pigritiam
2821 1863 3039 1919 canoni
3066 1878 3188 1919 non
3217 1864 3564 1934 interfuerit,

1907 1956 2009 2009 aut
2037 1952 2335 2025 lychnico.
2378 1957 2481 2008 aut
2519 1952 2616 2007 alii
2656 1952 3009 2023 psalmodiae
3042 1952 3213 2023 parti,
3258 1953 3439 2009 aridis
3469 1969 3568 2010 ve-

1909 2046 2110 2095 scatur
2138 2056 2257 2096 uno
2286 2040 2403 2105 die,
2438 2056 2577 2096 cum
2604 2040 2914 2097 metanmis
2936 2045 3201 2096 centum.

1978 2129 2063 2185 35.
2090 2129 2147 2183 Si
2177 2132 2312 2201 quis
2343 2129 2423 2184 ob
2450 2128 2792 2184 socordiam
2816 2144 2937 2184 non
2964 2128 3181 2185 sederit
3210 2144 3349 2184 cum
3376 2129 3563 2187 fratri-

1906 2217 2021 2272 bus
2056 2218 2132 2273 ad
2165 2233 2455 2282 mensam,
2494 2218 2723 2289 jejunet
2761 2217 2981 2289 deinde
3013 2233 3204 2289 usque
3243 2219 3322 2275 ad
3349 2234 3565 2292 vespe-

1905 2322 2063 2363 ram.

1975 2394 2065 2451 36.
2094 2395 2153 2451 Si
2191 2395 2327 2467 quis
2360 2395 2487 2451 sine
2521 2396 2871 2451 necessitate
2911 2398 3049 2450 ante
3090 2394 3238 2451 alios
3281 2412 3317 2451 a
3344 2411 3557 2454 mensa

1904 2485 2242 2549 surrexerit,
2269 2484 2468 2541 triduo
2498 2485 2708 2540 vinum
2748 2500 2870 2541 non
2899 2484 3089 2551 bibat,
3121 2484 3344 2541 faciens
3375 2486 3556 2543 simul

1904 2579 2240 2629 metanmas
2271 2578 2532 2629 centum.

1974 2662 2061 2717 37.
2086 2663 2195 2727 Qui
2222 2663 2414 2718 otiosa
2426 2662 2610 2718 verba
2632 2666 2735 2718 aut
2751 2662 2961 2732 jocosa
2988 2662 3322 2733 eﬂ'utiverit,
3347 2663 3553 2719 vinum

1902 2766 1977 2805 ne
2007 2750 2176 2807 bibat
2207 2750 2303 2807 die
2342 2751 2464 2817 illo,
2513 2751 2620 2807 sed
2661 2751 3067 2822 quadraginta
3099 2757 3427 2808 metanaaas
3477 2751 3567 2809 fa-

1904 2840 2045 2897 ciat.

1974 2926 2062 2985 38.
2117 2928 2174 2982 Si
2201 2928 2335 3000 quis
2367 2927 2649 3001 aliquem,
2701 2928 2804 3000 qui
2843 2929 2922 2984 ob
2985 2927 3227 3000 culpam
3259 2933 3560 2985 correctus

1903 3015 2093 3080 fuerit.
2128 3015 2429 3084 defendat,
2470 3016 2653 3072 aridis
2686 3021 2958 3072 vescatur
2991 3032 3110 3072 una
3147 3016 3559 3087 hebdomada,

1903 3121 2043 3161 cum
2077 3105 2385 3161 metanoeis
2424 3105 2791 3177 quotidianis
2824 3111 3086 3161 centum.

1974 3199 2059 3250 39.
2096 3195 2152 3250 Si
2200 3194 2335 3264 quis
2371 3198 2630 3250 tentatur
2656 3194 2734 3248 ad
2766 3193 3207 3259 fornicandum,
3246 3194 3413 3250 arida
3459 3210 3561 3250 co-

1904 3283 2107 3339 medat
2130 3284 2344 3339 diebus
2380 3282 2806 3356 quadraginta.
2855 3282 3026 3350 Quod
3061 3284 3109 3338 si
3151 3283 3397 3340 tentatio
3436 3299 3560 3339 non

1902 3372 2159 3440 desinat,
2185 3372 2396 3428 tandiu
2426 3371 2609 3429 aridis
2639 3377 2909 3427 vescatur
2937 3373 3128 3427 donec
3160 3387 3230 3428 ea
3261 3372 3554 3444 quiescat,

1902 3461 2195 3534 faciatque
2224 3461 2329 3517 diu
2359 3465 2659 3533 noctuque
2683 3464 3011 3516 metanoaas
3045 3465 3355 3518 trecentas.

1973 3551 2060 3605 40.
2091 3550 2150 3604 Si
2172 3549 2307 3622 quis
2323 3549 2496 3605 alicui
2522 3554 2783 3604 veterem
2798 3565 2970 3605 suam
2996 3554 3219 3605 vestem
3247 3549 3558 3619 largiatur,

1902 3639 2028 3694 sine
2058 3638 2357 3709 praepositi
2384 3637 2639 3704 licentia,
2669 3636 2849 3693 aridis
2879 3643 3159 3694 vescatur
3186 3653 3308 3693 una
3331 3637 3561 3694 hebdo-

1904 3727 2103 3793 mada‘,
2138 3743 2275 3782 cum
2311 3726 2620 3783 metanceis
2647 3726 2978 3796 sexaginta.

1971 3818 2057 3871 41.
2119 3817 2176 3873 Si
2222 3815 2360 3889 quis
2413 3815 2671 3871 somniet
2726 3815 3205 3882 fornicationem,
3261 3814 3560 3873 abstineat

1905 3904 2567 3969 communionedieillo,
2584 3903 2760 3959 faciat
2782 3911 3112 3960 metanoeas
3124 3903 3553 3976 quadraginta,

1902 3996 2224 4067 recitetque
2240 3993 2539 4066 psalmum
2554 3993 3297 4065 quinquagesimum,cum
3311 3993 3562 4050 Domine

1898 4085 2177 4141 miserere
2204 4083 2447 4139 centies.
3423 4122 3429 4129 .

1967 4175 2058 4230 42.
2095 4173 2280 4229 Mollis
2316 4172 2548 4243 absque
2585 4169 3014 4226 communione
3052 4169 3130 4225 sit
3168 4169 3383 4226 diebus
3411 4184 3562 4238 qua-

1897 4263 2194 4333 draginta.

1965 4352 2055 4409 43.
2101 4351 2349 4406 Mendax
2373 4349 2513 4405 item
2535 4347 2749 4402 diebus
2780 4346 3207 4417 quadraginta.

1870 4484 1887 4501 -η
1968 4443 2054 4497 44.
2098 4441 2469 4498 Obtrectator
2495 4436 2762 4493 similiter
2781 4436 2995 4491 diebus
3021 4435 3445 4508 quadraginta.

258 4492 374 4514 F"
443 4492 457 4494 “
558 4492 932 4513 ⁷⁷⁷“⁷⁷⁷“’“ι⁷““
990 4492 1141 4511 ’⁷1⁷1
1212 4492 1257 4512 'I

258 4530 364 4603 μέ¹.
410 4537 469 4583 Ὁ
513 4528 823 4604 βλάσφημος
869 4534 1003 4582 κατά
1053 4531 1223 4582 πάντα
1269 4533 1459 4604 τρόπον
1485 4534 1575 4582 καὶ
1617 4530 1785 4581 ὁπωσ-

2097 4492 2492 4598 Slasphemus
2527 4524 2985 4597 quomodolibet
3030 4492 3085 4579 et
3136 4492 3555 4596 quandolibet,

188 4616 409 4685 δήποτε,
473 4619 660 4680 ἄλαλος
714 4621 849 4671 ἔστω
901 4621 1099 4692 ἡμέρας
1162 4617 1236 4690 μ’,
1288 4626 1449 4671 ποιῶν
1516 4621 1788 4691 μετανοίας

184 4709 305 4762 καθ’
337 4710 533 4783 ἡμέραν
563 4707 624 4763 ν’.

261 4794 375 4868 μςλ.
432 4800 552 4850 Ἐὰν
598 4797 752 4850 θέλων
800 4816 880 4859 τις
933 4801 1330 4871 μιαροφαγὸσῃ,
1387 4798 1518 4849 ἔστω
1575 4794 1786 4848 ἀκοινώ-

1896 4624 2097 4674 mutus
2118 4617 2190 4673 sit
2217 4615 2431 4671 diebus
2450 4614 2877 4685 quadraginta,
2906 4629 3043 4668 cum
3072 4612 3382 4668 metanaais
3404 4628 3558 4684 quo-

1893 4706 2032 4762 tidie
2063 4703 2494 4778 quadraginta.

1964 4794 2052 4850 46.
2088 4796 2145 4851 Si
2174 4794 2311 4866 quis
2351 4792 2499 4848 cibis
2534 4791 2728 4847 vetitis
2761 4794 3023 4855 vecatur,
3069 4790 3141 4845 sit
3190 4792 3356 4845 extra
3384 4805 3555 4845 com-

184 4906 338 4949 νητος
388 4889 473 4945 ἔτη
512 4886 547 4939 ε’
582 4903 594 4917 ο
637 4887 682 4938 εἰ
711 4883 770 4939 δε
817 4885 871 4938 ἐκ
893 4883 1010 4960 βίας
1041 4893 1193 4938 τοῦτο
1224 4888 1389 4959 πάθη,
1451 4888 1647 4959 ἡμέρας
1674 4904 1793 4938 τεσ-

1931 4886 2244 4941 munionem
2277 4882 2450 4938 annis
2476 4882 2757 4953 quinque.
2796 4880 2965 4946 Quod
2999 4879 3048 4936 si
3076 4885 3317 4935 coactus
3339 4879 3453 4934 hoc
3475 4879 3557 4935 fe-

190 4978 509 5047 σαράκοντα.

258 5064 371 5136 μζ¹.
431 5066 549 5120 Ἐὰν
590 5067 825 5137 μοναχός
875 5065 1289 5137 μεγαλόσχημος
1332 5068 1466 5136 πέσῃ
1520 5063 1587 5124 εἰς
1624 5066 1791 5126 πάθος

185 5156 321 5225 ἔστῳ
371 5154 717 5216 ἀκοινώνητος
774 5156 860 5213 ἔτη
911 5154 947 5207 ε’
994 5172 1006 5185 '
1054 5155 1097 5205 εἰ
1145 5151 1204 5206 δε
1245 5158 1636 5227 μικρόσχημος,
1698 5154 1784 5212 ἔτη

1896 4975 2058 5039 cerit,
2085 4972 2299 5028 diebus
2327 4971 2757 5044 quadraginta.
3426 5016 3427 5019 η

1966 5064 2053 5119 47.
2086 5062 2143 5118 Si
2172 5060 2504 5117 monachus
2535 5059 2739 5129 magni
2764 5057 3087 5114 schematis
3115 5056 3354 5113 labatur
3380 5056 3439 5111 in
3467 5056 3554 5113 lu-

1893 5153 2153 5216 xuriam,
2187 5151 2261 5207 sit
2294 5155 2459 5207 extra
2488 5149 2980 5205 communionem
3008 5146 3426 5219 quinquennio
3458 5162 3473 5202 :
3504 5146 3553 5201 si

1744 5305 1966 5362 ΝΟΤΕ.

259 5448 374 5519 (Η)
397 5449 655 5504 Sanctus
680 5445 1034 5519 Benedictus
1053 5449 1193 5517 Reg.
1210 5462 1341 5518 cap.
1359 5446 1392 5502 6
1417 5462 1430 5502 :
1460 5464 1488 5519 ᾳ
1510 5445 1795 5503 Scurrili-

188 5523 336 5575 tam
356 5517 456 5577 'vel
494 5519 673 5575 verba
699 5517 889 5575 otiosa
920 5522 973 5574 et
1011 5519 1196 5574 risum
1223 5517 1536 5581 manentia.
1567 5522 1794 5575 aeterna

1906 5446 2054 5502 talia
2083 5446 2316 5516 eloquia
2347 5441 2707 5516 discipulum
2736 5440 2980 5516 aperire
3008 5455 3070 5495 os
3110 5454 3230 5516 non
3262 5439 3554 5516 permitti-

1904 5532 2053 5574 mus.
2089 5511 2383 5585 sLégatur
2407 5515 2486 5569 ibi
2511 5511 2777 5585 Martenii
2802 5512 3297 5585 Commentarius.
3329 5512 3551 5568 Eadem

190 5590 488 5649 clausura
540 5591 605 5645 in
665 5588 937 5651 omnibus
976 5589 1119 5651 locis
1174 5589 1533 5646 damnamus
1556 5595 1660 5656 ,'et
1716 5588 1797 5647 ad
1906 5603 2084 5663 porro
2113 5582 2404 5649 sententia
2435 5590 2523 5642 est
2551 5586 2609 5642 S.
2635 5583 2826 5641 Basilii
2853 5584 3052 5639 Const.
3085 5582 3336 5654 cap.42.
3410 5618 3414 5627 ι
