4038 6312
502 300 643 360 1⁵155

499 442 641 481 vero
675 428 841 497 parvi
870 426 1207 493 schematis,
1243 428 1502 484 biennio.
1536 428 1756 485 Eadem
1787 428 1873 483 lex
1918 428 1992 483 de
2025 442 2149 482 mo-
2179 427 2223 480 Α
2256 422 2353 478 δύο
2408 443 2420 455 ο

498 515 755 569 nialibus
781 532 1023 588 quoque
1058 517 1265 572 valeat.

567 606 656 658 48.
684 605 738 660 Si
782 607 1114 660 monachus
1144 605 1344 660 ebrius
1377 607 1500 674 fiat,
1545 607 1834 662 habeatur
1866 612 1927 660 ut
1970 604 2147 661 forni-

496 693 713 757 carius,
750 700 807 748 et
841 696 913 748 sit
941 702 1107 749 extra
1134 696 1623 750 communionem
1655 696 1922 751 biennio.

565 783 653 835 49.
684 782 740 836 Si
774 784 831 836 in
865 782 1105 852 publico
1138 783 1346 848 riserit,
1372 785 1440 839 sit
1464 791 1629 839 extra
1655 784 2145 839 communionem

495 870 707 925 diebus
734 872 1159 942 quadraginta.

567 963 653 1014 50.
689 958 746 1013 St
791 960 870 1014 ob
910 962 1221 1029 crapulam
1266 961 1580 1025 vomuerit,
1624 962 1696 1016 sit
1734 962 1952 1032 pariter
1981 965 2147 1015 extra

491 1064 522 1103 c
537 1064 699 1103 omm
711 1050 992 1103 unionem
1024 1049 1239 1105 diebus
1270 1051 1687 1122 quadraginta.

564 1138 655 1190 51.
688 1138 743 1191 Si
786 1139 988 1206 magni
1030 1140 1350 1194 schematis
1385 1140 1715 1194 monachus
1755 1140 1880 1194 sine
1911 1138 2145 1194 cucullo

495 1242 604 1281 suo
630 1226 1046 1291 ambulaverit,
1096 1228 1168 1282 sit
1209 1237 1373 1283 extra
1412 1230 1903 1283 communionem
1934 1227 2145 1283 diebus

492 1315 922 1386 quadraginta.
956 1319 1153 1389 Neque
1180 1318 1339 1372 enim
1372 1320 1431 1372 in
1460 1319 1589 1388 ejus
1621 1324 1909 1388 potestate
1942 1324 2047 1379 est,
2085 1322 2147 1371 ut

499 1403 627 1458 sine
641 1405 959 1459 schematis
974 1406 1062 1459 sui
1083 1406 1417 1474 insignibus
1438 1412 1735 1476 operetur,
1752 1405 2143 1470 autdormiat,

495 1498 592 1547 aut
621 1493 1109 1564 quandocunque
1150 1495 1240 1549 vel
1280 1495 1546 1567 quolibet
1574 1495 1859 1550 ambulet.

504 1620 509 1625 ρ
570 1582 659 1634 52.
690 1582 745 1636 Si
785 1582 919 1652 quis
959 1583 1382 1638 contradixerit
1408 1584 1650 1654 praasidi
1683 1600 1810 1643 suo.
1856 1584 1945 1638 vel
1970 1580 2147 1638 alicui

498 1670 684 1734 fratri,
706 1672 777 1725 sit
793 1675 956 1727 extra
980 1672 1468 1727 communionem
1495 1674 1707 1727 diebus
1724 1674 2145 1745 quadraginta.

572 1852 656 1904 53.
690 1848 1012 1905 Monachus
1045 1849 1147 1921 qui
1178 1865 1316 1905 cum
1356 1851 1742 1907 saecularibus
1774 1851 1834 1907 in
1872 1853 2149 1911 convivio

500 1936 743 2001 sederit,
772 1938 845 1993 sit
896 1943 1061 1993 extra
1106 1940 1595 1995 communionem
1634 1940 1848 1996 diebus
1886 1944 2150 2014 quadra-

498 2026 682 2094 ginta.

575 2115 660 2169 54.
692 2115 747 2171 Si
784 2116 1117 2171 monachus
1156 2121 1258 2172 aut
1299 2119 1574 2172 monialis
1625 2121 1987 2177 monasterio
2041 2139 2150 2179 suo

501 2202 838 2272 diffugiant,
868 2220 1111 2275 poenam
1142 2207 1780 2263 excommunicationis
1814 2210 2150 2266 duodecen-

499 2292 595 2347 nis
625 2294 953 2348 incurrunt.
976 2296 1031 2349 Si
1061 2310 1200 2349 vero
1227 2295 1429 2350 vitiata
1449 2296 1649 2351 anima
1672 2298 1825 2352 clam
1858 2307 2152 2356 monaste-

500 2380 591 2436 rio
624 2396 687 2436 se
713 2381 1125 2449 subduxerint,
1158 2400 1313 2455 opus
1345 2391 1432 2439 est
1461 2393 1519 2440 ut
1549 2385 1607 2439 hi
1642 2386 1905 2459 aliquem
1935 2391 2151 2461 proba-

499 2473 625 2524 tum
660 2471 1028 2527 monachum
1059 2473 1379 2536 inveniant,
1415 2473 1587 2544 eique
1619 2491 1813 2545 pauca
1843 2492 1913 2532 ex
1948 2479 2149 2534 multis

505 2557 860 2625 signiﬁcent,
892 2575 1027 2630 quae
1059 2562 1136 2616 ad
1166 2562 1248 2615 rei
1274 2563 1757 2618 emendationem
1792 2566 2101 2624 conferant
2131 2585 2146 2636 ;

502 2649 567 2700 ut
592 2662 697 2716 per
726 2648 1052 2703 sacerdotis
1071 2649 1453 2719 prudentiam
1485 2653 1854 2709 reconciliari
1885 2657 2149 2726 praesidi-

500 2735 616 2790 bus
650 2736 773 2790 suis
800 2737 1053 2807 possint,
1079 2743 1134 2792 et
1158 2739 1217 2793 in
1242 2741 1483 2811 propria
1509 2743 1891 2808 monasteria,
1922 2746 2149 2802 sanatis

502 2822 719 2879 anima:
750 2824 960 2895 culpis,
983 2827 1211 2889 reverti,

575 3002 661 3057 55.
693 3002 1019 3058 Monachus
1048 3004 1152 3075 qui
1180 3006 1503 3062 comederit
1541 3013 1644 3063 aut
1673 3008 1884 3065 biberit
1913 3016 2049 3066 ante
2079 3012 2149 3066 ﬁ-

1760 303 1823 359 S.
1863 298 2234 357 THEODORI
2270 298 2601 357 STUDITE

2499 427 2525 477 ὀ
2582 424 2738 486 αὐτὸς
2797 420 2856 476 δε
2916 426 3035 496 ὅρος
3092 427 3345 497 κρατείτω
3401 427 3491 475 καὶ
3550 422 3637 476 ἐπὶ
3701 424 3861 496 μονα-

2260 534 2354 587 στρ
2364 523 2473 569 ιῶν.

2327 605 2421 673 μη¹
2455 645 2467 657 .
2520 603 2635 656 Ἐὰν
2682 604 2914 673 μοναχὸς
2942 603 3166 673 μεθύση,
3217 600 3542 675 ἐπόρνευσαν,
3594 604 3683 653 καὶ
3724 601 3860 653 ἔστω

2254 690 2595 753 ἀκοινώνητος
2620 694 2707 748 ἔτη
2741 688 2838 743 δύο
2852 733 2865 746 .

2327 781 2434 852 μθ¹.
2486 781 2605 834 Ἐὰν
2660 784 2745 833 ἰπὶ
2798 776 2975 851 δήμου
3032 778 3253 851 γελάσῃ,
3321 781 3453 831 ἔστω
3513 777 3862 838 ἀκοινώνητος

2255 872 2454 943 ἡμέρας
2491 869 2567 941 μ’.

2324 958 2387 1011 ν’.
2422 958 2537 1011 Ἐὰν
2586 956 2686 1009 ἀπὸ
2741 960 3167 1030 γαστριμαργίας
3230 958 3410 1029 ἑμέση,
3467 957 3657 1028 ὁμοίως
3719 955 3861 1008 ἀκοι-

2254 1054 2476 1107 νώνητος
2504 1050 2638 1099 ἔστω
2662 1048 2859 1119 ἡμέρας
2887 1044 2962 1115 μ’.

2326 1136 2423 1189 να’.
2459 1136 2574 1189 Ἐἀν
2629 1140 2963 1209 περιπατήσῃ
2996 1132 3405 1206 μεγαλόσχημος
3433 1133 3553 1187 ἄνευ
3594 1141 3689 1187 τοῦ
3739 1153 3861 1187 κου-

2254 1224 2492 1277 κουλλίου
2546 1224 2727 1287 αὐτοῦ,
2782 1226 2916 1275 ἔστω
2972 1223 3318 1285 ἀκοινώνητος
3369 1225 3563 1295 ἡμέρας
3593 1220 3649 1294 μ’
3680 1240 3694 1253 ·
3763 1222 3857 1275 οὐκ

2256 1318 2369 1386 ἔχει
2405 1316 2506 1388 γὰρ
2557 1312 2795 1376 ἐξουσίαν
2846 1320 3075 1373 τοιοῦτος
3111 1314 3229 1364 ἄνευ
3287 1320 3387 1364 τῶν
3448 1312 3723 1383 συμϐόλων
3770 1318 3863 1365 τοῦ

2256 1403 2409 1474 ἁγίου
2461 1408 2742 1475 σχήματος
2780 1401 3134 1475 ἐργάσασθαι,
3166 1406 3196 1460 ἦ
3243 1404 3580 1473 κοιμηθῆναι,
3632 1404 3663 1459 ἦ
3721 1419 3867 1473 περι-

2255 1500 2389 1549 πατῆ
2400 1496 2490 1544 σαί
2519 1511 2642 1543 ποτε
2667 1493 2912 1543 πούποτε.

2326 1578 2431 1653 νβ’.
2464 1580 2581 1634 Ἐὰν
2620 1579 3033 1650 ἀντιλογήσηταί
3062 1598 3141 1641 τις
3174 1586 3247 1649 τῷ
3283 1586 3576 1652 προεστῶτι
3600 1578 3787 1644 αὑτοῦ,
3833 1579 3861 1637 ἦ

2257 1689 2357 1721 τινι
2416 1665 2621 1740 ἀδελφῷ
2678 1669 2859 1734 αὑτοῦ,
2908 1670 3041 1721 ἔστω
3096 1666 3437 1729 ἀκοινώνητος
3489 1668 3692 1740 ἡμέρας
3746 1685 3858 1720 τεσ-

2183 1765 2229 1820 Β
2262 1759 2574 1830 σαράκοντα.

2329 1846 2426 1918 νγ¹,
2459 1846 2582 1903 Ἐὰν
2636 1849 2767 1919 μετὰ
2791 1854 3058 1918 κοσμικῶν
3087 1848 3282 1919 καθίσῃ
3315 1848 3552 1918 μοναχὸς
3589 1845 3658 1907 εἰς
3722 1864 3867 1919 συμ-

2258 1940 2464 2001 πόσιον,
2496 1938 2630 1988 ἔστω
2659 1935 3004 1996 ἀκοινώνητος
3034 1936 3227 2008 ἡμέρας
3250 1934 3325 2006 μ’.

2330 2109 2428 2165 νδ.
2484 2113 2601 2167 Ἐὰν
2648 2116 2885 2185 μωαχός
2914 2114 2944 2172 ἣ
2987 2117 3196 2184 μοναχὴ
3238 2119 3331 2165 τοῦ
3378 2114 3738 2184 μοναστηρίου
3773 2110 3871 2163 αὖ·

2259 2211 2359 2254 τῶν
2414 2199 2811 2276 ἀποδράσωσιν,
2869 2205 3089 2273 ἔχουσιν
3153 2200 3535 2263 ἀκοινωνησίας
3600 2200 3870 2270 ἕπιτίμιον

2260 2294 2346 2349 ἔτη
2391 2288 2461 2363 ιβ’
2490 2311 2503 2323 ο
2546 2292 2588 2343 εἰ
2641 2287 2700 2343 δὲ
2732 2310 2791 2361 γε
2820 2294 2955 2343 κατὰ
3001 2290 3187 2362 ψυχὴν
3233 2288 3565 2362 βλάπτωνται
3610 2293 3701 2340 καὶ
3729 2288 3873 2351 ἐξέλ-

2263 2381 2394 2431 θωσι
2422 2380 2677 2451 λαθραίως
2727 2388 2826 2431 τῶν
2852 2384 3231 2453 μοναστηρίων,
3289 2376 3371 2431 δεῖ
3421 2381 3638 2438 τούτους
3697 2378 3869 2450 εὖρεῖν

2262 2465 2478 2540 δόκιμον
2508 2472 2761 2540 μοναχὸν,
2794 2473 2884 2520 καὶ
2940 2467 2996 2519 έκ
3024 2476 3122 2520 τῶν
3152 2466 3352 2519 πολλῶν
3412 2466 3563 2538 ὀλίγα
3616 2464 3864 2537 ἀναγγεῑι

2258 2557 2343 2609 λαι
2387 2557 2527 2627 αὐτῷ
2573 2560 2699 2622 πρὸς
2739 2554 3021 2629 διόρθωσιν
3068 2564 3158 2617 τῆς
3188 2556 3357 2617 αἰτίας
3385 2563 3477 2608 τοῦ
3523 2557 3863 2628 πράγματος,

2258 2650 2343 2698 ἵνα
2374 2643 2408 2699 δ
2414 2648 2468 2698 ια
2522 2653 2617 2707 τῆς
2646 2650 2900 2707 συνέσεως
2928 2653 3019 2697 τοῦ
3075 2647 3245 2719 ἱερέως
3272 2641 3543 2703 δυνηθῶσι
3600 2644 3862 2696 καταλλα-

2259 2743 2415 2807 γῆναι
2458 2743 2568 2795 τοῖς
2596 2744 2922 2809 προεστῶσιν
2958 2734 3147 2798 αὐτῶν,
3199 2739 3289 2787 καὶ
3328 2732 3732 2807 ὑποστρέφουσιν
3790 2733 3863 2794 εἰς

2262 2826 2325 2876 τὰ
2398 2821 2517 2876 ἴδια
2567 2829 2917 2897 μοναστὴρια,
2987 2820 3367 2896 διορθουμένων
3435 2830 3534 2875 τῶν
3606 2821 3863 2893 ψυχικῶν

2262 2913 2592 2985 σφαλμάτων.
2802 2920 2805 2923 λ

2328 3000 2413 3055 νε’.
2487 3005 2731 3072 Μοναχός
2812 3004 2988 3073 φαγὼς
3062 3001 3092 3059 ἦ
3158 3004 3290 3053 πιὼν
3350 3002 3450 3071 πρό
3506 3006 3598 3061 τῆς
3667 2998 3862 3051 ἀπολύ-

499 3106 638 3146 nem
662 3107 982 3162 synaxeos,
1013 3092 1185 3149 faciat
1203 3094 1279 3149 ad
1312 3110 1585 3153 mensam
1617 3103 1945 3156 metanaaas
1978 3101 2147 3171 quin-

2289 3110 2387 3152 ἐως
2442 3099 2537 3153 τῆς
2594 3090 2869 3156 συνάξεως,
2920 3094 3129 3142 ποιείτω
3189 3092 3238 3141 ἓν
3304 3097 3365 3161 τῇ
3433 3091 3667 3164 τραπέζῃ
3701 3108 3862 3160 μετα-

500 3181 809 3251 quaginta.

570 3270 659 3324 56.
696 3270 751 3326 Si
765 3272 899 3342 quis
913 3272 1246 3327 monachus
1261 3275 1473 3345 synaxi
1502 3275 1559 3329 in
1575 3276 1825 3333 ecclesia
1841 3278 2145 3345 assistens,

500 3358 667 3414 haud
699 3376 888 3431 usque
918 3361 996 3416 ad
1022 3361 1199 3416 tinem
1234 3362 1313 3417 ibi
1340 3364 1683 3433 reperiatur,
1710 3373 1958 3437 excepto
1977 3385 2150 3440 supe-

500 3448 673 3503 rioris
699 3449 899 3519 jussu,
941 3456 1042 3505 aut
1083 3467 1305 3519 magna
1345 3453 1719 3519 necessitate,
1754 3455 1932 3511 faciat
1964 3464 2149 3514 meta-

497 3552 665 3593 noeas
678 3538 1094 3609 quadraginta,
1105 3541 1393 3612 totiesque
1406 3542 1564 3597 dicat
1578 3544 1835 3608 Domine,
1850 3548 2144 3605 miserere.

516 3658 535 3669 ι
572 3626 658 3681 57.
690 3628 745 3681 Si
760 3628 1096 3682 monachus
1117 3644 1253 3683 cum
1273 3629 1403 3684 aliis
1420 3633 1731 3686 monachis
1746 3635 1824 3688 ob
1838 3636 2148 3706 quodlibet

496 3715 805 3784 negotium
845 3717 1357 3786 conspirationem
1402 3719 1619 3786 fecerit,
1672 3728 1914 3779 centum
1968 3726 2146 3782 faciat

496 3808 847 3868 metanoeas,
880 3810 935 3859 et
966 3805 1150 3861 biduo
1176 3814 1450 3863 vescatur
1473 3809 1655 3864 aridis
1686 3828 1952 3882 vespere.

566 3893 655 3947 58.
690 3893 746 3949 Si
796 3895 931 3965 quis
987 3896 1322 3951 monachus
1360 3896 1682 3953 discinctus
1724 3901 1785 3956 in
1835 3902 1985 3959 lecto
2033 3920 2144 3961 suo

494 3982 820 4048 dormierit,
848 3989 1179 4040 metanmas
1212 3984 1387 4041 faciat
1416 3988 1873 4060 quinquaginta.

564 4073 653 4127 59.
688 4072 745 4128 Si
773 4074 908 4144 quis
940 4074 1276 4129 monachus
1310 4076 1369 4131 in
1407 4076 1624 4132 balneo
1668 4080 2007 4138 unctionem
2050 4081 2137 4137 fe-

495 4161 655 4225 cerit,
692 4167 1019 4218 metanceas
1047 4170 1185 4233 agat
1217 4170 1529 4221 trecentas.
1574 4168 1884 4224 Saecularis
1917 4176 2139 4237 autem,

491 4253 750 4313 centum,
779 4256 1023 4323 uterque
1049 4268 1184 4308 vero
1207 4252 1281 4308 sit
1304 4259 1469 4309 extra
1490 4258 1978 4313 communionem
2000 4259 2145 4315 heb-

496 4338 763 4393 domada
790 4354 927 4395 una.

567 4431 654 4482 60.
688 4428 1010 4526 Monachus
1196 4430 1253 4485 in
1286 4446 1443 4526 pago
1472 4432 1564 4487 vel
1617 4432 1795 4489 etiam
1840 4437 2138 4526 coenobio,
2173 4468 2223 4526 D

497 4514 625 4570 sine
656 4518 957 4587 praepositi
988 4520 1075 4573 sui
1118 4519 1528 4577 benedictione
1562 4538 1680 4577 uno
1722 4538 1969 4593 vespere
2003 4525 2144 4579 dor-

497 4605 709 4671 mierit,
752 4606 1021 4676 vigilabit
1067 4614 1238 4664 nocte
1279 4610 1510 4679 integra
1549 4610 1771 4667 faciens
1814 4617 2143 4669 metanaaas

466 4712 479 4727 π
498 4698 735 4749 centum
768 4696 1229 4767 quinquaginta.

569 4783 657 4839 61.
690 4784 1012 4839 Monachus
1041 4786 1144 4857 qui
1170 4786 1230 4841 in
1258 4787 1470 4857 synaxi
1501 4787 1707 4854 riserit,
1743 4790 2144 4861 quadraginta

496 4878 831 4929 metanoeas
857 4874 1054 4930 faciat.

565 4964 653 5017 62.
697 4964 1020 5019 Monachus
1052 4970 1153 5020 aut
1174 4965 1494 5032 stecularis,
1536 4968 1638 5039 qui
1669 4982 1788 5023 non
1822 4970 1935 5025 sub
1966 4985 2143 5040 poena

496 5053 786 5109 canonica
800 5054 1169 5113 constitutus.
1188 5071 1293 5127 per
1314 5055 1719 5128 quadraginta
1740 5058 1862 5111 dies
1875 5075 2144 5114 commu-

498 5145 740 5197 nionem
765 5142 1132 5213 negligenter
1168 5146 1453 5209 omiserit,
1484 5160 1645 5200 anno
1689 5162 1807 5200 uno
1840 5156 2144 5217 separetur

498 5230 575 5286 ab
602 5231 874 5288 ecclesia.

571 5306 653 5357 63.
690 5303 1010 5358 Monachus
1049 5305 1151 5375 qui
1199 5320 1335 5358 cum
1370 5303 1610 5358 moniali
1663 5319 1785 5358 rem
1842 5307 2140 5377 habuerit,

494 5396 819 5463 postquam
888 5393 945 5448 hi
996 5409 1032 5449 a
1090 5398 1333 5464 peccato
1386 5392 1769 5456 cessaverint,
1818 5395 2143 5463 puniantur

502 5480 773 5537 triennali
810 5482 1451 5538 excommunicatione.

578 5573 667 5632 64.
725 5570 1036 5629 Saecularis
1068 5570 1349 5628 sacerdos
1377 5572 1482 5645 qui
1529 5571 1969 5641 sacriﬁcaverit,
1997 5581 2053 5633 et
2073 5592 2146 5633 ex

2257 3184 2396 3240 νοίας
2417 3179 2480 3234 ν’.

2327 3267 2426 3333 νς’.
2481 3268 2595 3322 Ἐἀν
2622 3272 2857 3340 μοναχός
2900 3271 3112 3320 ἵσταται
3161 3268 3232 3330 εἰς
3280 3266 3491 3329 σύναξιν
3524 3274 3620 3328 τῆς
3672 3266 3864 3325 ἔκκλη-

2260 3362 2402 3423 σίας,
2456 3362 2545 3410 καὶ
2575 3358 2641 3417 εἰς
2671 3361 2727 3409 τὸ
2754 3358 2895 3418 τελος
2947 3357 3051 3427 οὐχ
3084 3356 3261 3428 εὑρεθῇ
3308 3360 3483 3429 χωρὶς
3528 3355 3868 3429 προστάξεως

2255 3453 2345 3497 τοῦ
2391 3446 2715 3519 μειζοτέρου,
2774 3449 2803 3501 ἦ
2865 3449 3037 3516 χωρὶς
3086 3443 3315 3515 μεγάλης
3362 3442 3588 3514 ἀνάγκης
3648 3447 3870 3496 ποιείτω

2256 3540 2529 3606 μετανοίας
2560 3533 2628 3605 μ’,
2660 3534 2846 3604 λεγέτω
2871 3538 2950 3602 τὸ,
2988 3535 3201 3604 Κύριε,
3241 3532 3382 3591 έλέη
3401 3551 3529 3593 σον,
3564 3530 3644 3603 μ’.

2326 3622 2425 3684 νς’.
2496 3626 2552 3675 Εἰ
2600 3642 2678 3683 τις
2735 3626 2967 3693 μοναχός
3019 3625 3267 3694 φρατρίας
3319 3626 3456 3673 ποιεῖ
3492 3623 3626 3691 μετὰ
3677 3620 3869 3695 ἑτέρων

2255 3718 2501 3781 μοναχῶν
2568 3710 2633 3770 εἰς
2704 3706 3012 3767 οίονδὴποτε
3091 3714 3326 3782 πρᾶγμα,
3414 3713 3621 3761 ποιείτω
3707 3727 3869 3779 μετει-

2254 3804 2391 3859 νοίας
2420 3798 2486 3870 ρ’,
2516 3799 2819 3871 ξηροφαγῶν
2847 3800 2939 3859 ἕως
2967 3798 3183 3872 ἑσπέρας
3214 3799 3407 3869 ἡμέρας
3440 3794 3557 3850 δύο.

2323 3888 2422 3946 νη’.
2460 3892 2518 3940 Εἰ
2542 3908 2622 3950 τις
2670 3891 2904 3959 μοναχὸς
2933 3888 3167 3948 ἄζωστος
3218 3892 3465 3959 κοιμᾶται
3520 3886 3591 3947 εἰς
3650 3890 3751 3945 τὴν
3778 3895 3871 3938 αὐ-

2252 3985 2344 4029 τοῦ
2374 3982 2575 4042 κοίτην,
2602 3982 2812 4030 ποιείτω
2834 3981 3109 4048 μετανοίας
3132 3974 3189 4029 ν’.

2323 4066 2416 4120 νϐ’.
2452 4070 2511 4120 Εἴ
2561 4086 2636 4127 τις
2666 4069 2901 4138 μοναχὸς
2940 4064 2987 4117 έν
3046 4064 3302 4138 βαλανείῳ
3358 4067 3575 4137 χρίσμα
3618 4067 3862 4127 ποιήσει,

2252 4159 2463 4208 ποιείτω
2505 4160 2774 4227 μετανοίας
2799 4154 2865 4217 τ’,
2920 4156 2946 4206 ὁ
2996 4151 3053 4207 δι
3100 4156 3358 4224 κοσμικὰς
3380 4152 3426 4224 ρ’
3464 4169 3477 4182 ’
3521 4155 3766 4206 ἔστωσαν
3806 4148 3865 4204 δι

2253 4244 2533 4318 ἀμφότεροι
2565 4244 2916 4319 ἀφωρισμένοι
2947 4239 3223 4314 ἑϐδομάδα
3252 4246 3395 4313 μίαν.

2324 4420 2385 4483 ξ’.
2414 4424 2664 4491 Μοναχός
2692 4424 2739 4473 ἰν
2772 4425 2929 4491 χώρᾳ
2969 4422 2999 4477 ἣ
3032 4416 3268 4486 κοινοϐίῳ
3306 4418 3426 4469 ἄνευ
3456 4425 3549 4478 τῆς
3575 4424 3668 4469 τοῦ
3696 4419 3857 4489 ἡγου-

2252 4513 2405 4582 μένου
2435 4513 2602 4579 εὐχῆς
2657 4510 2925 4579 κοιμηθεὶς
2973 4511 3099 4578 μίαν
3154 4506 3397 4579 ἑσπέραν,
3448 4508 3585 4558 ἱστω
3641 4508 3857 4578 ἱστάμε-

2252 4618 2331 4660 νος
2358 4602 2522 4651 νύκτα
2551 4598 2850 4671 ὁλόκληρον,
2882 4604 3041 4649 ποιῶν
3068 4600 3342 4668 μετανοίας
3373 4594 3467 4666 ρν’.

2325 4775 2426 4838 ξα’.
2479 4778 2723 4846 Μοναχὸς
2766 4773 2814 4826 έν
2875 4773 3081 4835 συνάξει
3132 4771 3381 4844 γελάσας,
3434 4774 3646 4824 ποιείτω
3706 4790 3859 4843 μετα-

2251 4870 2394 4926 νοίας
2420 4863 2495 4936 μ’.

2324 4950 2427 5025 Ep’.
2478 4954 2723 5023 Μοναχὸς
2777 4952 2806 5009 ἦ
2863 4952 3120 5022 κοσμικός
3170 4954 3241 5021 μή
3298 4952 3365 4999 ὢν
3413 4946 3857 5020 ίπιτετιμημένος,

2252 5046 2338 5094 καὶ
2392 5040 2653 5113 ἀμελήσας
2708 5043 2899 5113 ἡμέρας
2973 5038 3030 5111 μ’
3076 5044 3147 5110 μὴ
3198 5046 3535 5097 κοινωνῆσαι,
3621 5036 3858 5090 ἐνιαυτὸν

2252 5131 2568 5203 χωριζέσθω
2596 5137 2687 5191 τῆς
2714 5128 2865 5187 έκκλη
2876 5133 3012 5189 σίας.

2323 5306 2421 5378 ξγ’.
2456 5308 2700 5377 Μοναχός
2731 5310 3021 5377 μοναστρίᾳ
3070 5304 3409 5376 πμφθαρεὶς,
3464 5304 3595 5373 μετὰ
3623 5304 3681 5352 τὸ
3724 5303 3854 5353 παύ-

2254 5400 2453 5449 σασθαι
2519 5396 2708 5455 αὐτοὺς
2786 5402 2875 5455 τῆς
2932 5394 3213 5465 ἁμαρτίας,
3277 5393 3540 5463 ἐχέτωσαν
3593 5388 3855 5462 ἐπιτίμιον

2253 5486 2502 5543 ἀκοινωνη
2513 5489 2632 5544 σίας
2661 5486 2747 5541 ἔτη
2787 5483 2863 5554 γ’.

2329 5572 2436 5640 ξδ’.
2493 5574 2674 5651 Ἱερεὺς
2713 5575 2964 5646 κοσμικὰς
3002 5573 3365 5645 ἱερουργήσας,
3400 5572 3490 5622 καὶ
3525 5569 3581 5621 ἑκ
3632 5585 3857 5643 γαστρι-
