4038 6312
238 326 388 384 1787

1294 326 1649 385 CANON'IN
1687 326 2210 386 ADOBATIONEM
2250 327 2312 384 Β.
2348 326 2629 385 CRUCIS.

3454 323 3599 387 4758

220 455 456 525 μαργίας
534 451 723 525 ἐμέσας
773 461 835 526 τῇ
896 454 1026 528 αὐτῇ
1082 457 1268 529 ἡμέρᾳ,
1344 454 1509 526 ἐχέτω
1557 453 1816 526 ἐπιτίμιον

1950 454 2179 525 :rapula
2209 454 2305 509 die
2336 454 2544 510 eadem
2581 454 2891 519 vomuerit,
2938 456 3051 510 hac
3099 468 3281 524 poena
3316 453 3596 508 multetur

219 541 420 615 ἡμέρας
449 540 505 611 μ’
523 550 614 594 τοῦ
636 547 707 614 μὴ
741 545 1107 617 ἱερουργῆσαι.

296 627 380 692 ξδ’.
434 634 497 683 Εἴ
541 650 621 692 τις
674 633 773 683 ὑπὸ
824 640 915 685 τοῦ
966 630 1212 685 διαϐόλου
1268 632 1643 704 πολεμούμενος
1696 630 1821 685 ἀπο·

222 723 523 791 σκιρτῆσαι,
579 725 666 773 καὶ
712 720 864 773 πάλιν
899 730 1124 794 στραφῇ,
1179 724 1291 793 ἔχει
1343 721 1601 792 ἐπιτίμιον
1631 725 1821 792 χρόνον

218 807 330 861 ἕνα.
367 807 427 861 Εἰ
469 804 529 859 δὲ
557 812 645 860 καὶ
677 808 748 871 εἰς
792 814 884 867 τὴν
915 812 1051 881 ὥραν
1088 819 1181 864 τοῦ
1224 812 1445 864 θανάτου
1476 810 1637 863 αὐτοῦ
1660 829 1822 881 μετα-

218 900 422 961 νοήσει,
476 894 693 969 δέχεται
739 898 895 951 αὐτὸν
939 901 965 951 6
1015 904 1144 961 Θεὸς
1174 915 1188 929 ⁸
1232 900 1421 960 ἠλέησε
1456 903 1556 974 γὰρ
1615 900 1770 952 αὐτόν
1796 901 1821 951 6

220 990 487 1061 Χριστὸς
530 987 726 1040 εἰπών·
800 991 955 1062 Χαρὰ
996 994 1198 1061 γίνεται
1249 989 1298 1043 ἐν
1355 991 1555 1066 οὐρανῷ
1611 989 1694 1041 ἐπὶ
1750 990 1821 1041 ivi.

220 1072 517 1150 ἁμαρτωλῷ
554 1084 884 1148 μενανοοῦντι
895 1121 908 1134 ,

1932 548 1993 599 ut
2023 544 2424 615 quadraginta
2447 542 2660 599 diebus
2687 542 3082 599 sacriﬁcando
3116 543 3190 597 sit
3223 541 3591 596 interdictus.

2000 633 2089 687 65.
2126 633 2180 688 Si
2211 632 2345 704 quis
2379 636 2766 703 oppugnatus
2806 648 2842 686 a
2872 631 3118 686 diabolo
3162 629 3593 701 praevaricatus

1930 720 2121 784 fuerit,
2155 720 2258 775 sed
2288 728 2496 790 postea
2528 721 2852 793 resipuerit,
2889 720 3030 776 anni
3080 719 3254 773 unius
3304 717 3593 789 pceniten-

1932 810 2011 865 tia
2032 809 2331 864 multetur.
2352 810 2520 875 Quod
2553 808 2599 863 si
2628 814 2825 864 tamen
2854 810 2912 863 in
2946 808 3078 878 ipso
3104 807 3310 863 mortis
3347 806 3593 861 articulo

1934 899 2283 970 paenituerit,
2316 898 2524 969 recipit
2559 913 2699 953 eum
2740 898 2909 951 Deus.
2951 897 3220 966 Namque
3251 896 3303 950 ei
3345 895 3583 950 veniam

1932 986 2180 1042 contulit
2200 985 2466 1042 Christus
2494 986 2686 1050 verbis
2715 985 2821 1040 illis
2854 1002 2866 1040 :
2903 986 3199 1041 Gaudium
3231 989 3319 1038 est
3346 984 3407 1038 in
3440 983 3591 1039 coelo

1936 1091 2121 1147 super.
2144 1090 2266 1131 uno
2299 1080 2609 1147 peccatore
2638 1075 3050 1145 paenitentiam
3080 1076 3313 1142 agente.

1578 1412 1708 1459 ΤΟΥ
1746 1411 1945 1459 ΑΓΙΟΥ
1984 1411 2237 1459 ΠΑΤΡΟΣ

802 1556 1646 1675 ΘΕΟΔΩΡΟΥ
1725 1558 2032 1677 ΤΟΥ
2130 1559 3011 1677 ΣΤΟΥΔΙΤΟΥ

657 1751 1051 1838 ΚΑΝΩΝ
1183 1750 1356 1838 ΕΙΣ
1501 1754 1730 1839 ΤΗΝ
1860 1749 3153 1846 ΣΤΑΥΡΟΠΡΟΣΚΥΝΗΣΙΝ.

985 2072 1090 2183 S.
1162 2072 1283 2178 P.
1344 2072 2071 2180 THEODORI
2143 2071 2793 2179 STUDITzE

819 2283 1249 2380 CANON
1314 2284 1449 2378 IN
1515 2283 2450 2379 ADORATIONEM
2507 2283 2984 2380 CRUCIS.

1359 2464 1653 2535 (Gnarssn.
1684 2464 1767 2520 De
1797 2477 1991 2530 cruce,
2026 2467 2064 2520 ι.
2094 2463 2187 2530 ΙΙΙ,
2219 2478 2279 2535 p.
2311 2464 2460 2535 321.)

885 2752 1017 2819 ῼΔΗ
1055 2747 1139 2804 Αι.

290 2852 634 2925 Πανηγύρεως
678 2854 867 2927 ἡμέρα.
928 2860 1001 2926 Τῇ
1062 2854 1264 2926 ἐγέρσει
1314 2859 1550 2927 Χριστοῦ
1604 2854 1818 2914 θάνατος

217 2937 444 3014 φροῦδος
505 2941 673 3013 ὤφθη,
762 2942 902 3003 ζωῆς
1009 2942 1252 2995 ἀνέτειλεν
1337 2943 1496 3015 αὐγὴ,
1559 2944 1585 2994 6
1638 2939 1819 3014 Ἀδὰμ

217 3028 508 3091 ἐξαναστάς
553 3033 761 3105 χορεύει
812 3034 981 3103 χαρᾷ,
1042 3027 1128 3084 διὸ
1178 3030 1510 3104 ἆλαλάζωμεν
1569 3030 1817 3083 ἐπινίκιον

218 3115 456 3190 ᾅδοντες.

289 3213 704 3280 Προσκυνήσεως
752 3210 922 3283 ἡμέρα
971 3217 1065 3262 τοῦ
1117 3214 1294 3282 τιμίου
1369 3216 1620 3286 σταυροῦ,
1670 3206 1819 3263 δεῦτε

211 3300 347 3372 πρὸς
376 3304 557 3349 τοῦτον
582 3299 783 3359 πάντες.
842 3306 945 3359 Τῆς
992 3301 1093 3374 γὰρ
1145 3298 1393 3373 έσγέρσεως
1443 3306 1678 3372 Χριστοῦ
1724 3302 1818 3361 τὰς

213 3386 387 3457 αὐγὰς
411 3384 711 3459 φωτοϐολῶν
766 3390 1069 3460 προτίθεται
1105 3396 1220 3458 νῦν,
1270 3389 1427 3442 αὐτὸν
1458 3387 1820 3461 ἁσπασὼμεθα

210 3474 465 3547 ψυχικῶς
495 3473 855 3548 ἀγαλλόμενοι.

290 3564 621 3635 Ἐπιφάνηθι,
674 3565 699 3616 6
742 3568 905 3636 μέγας
948 3573 1038 3617 τοῦ
1096 3570 1289 3639 Κυρίου
1344 3570 1590 3640 σταυρὸς.
1646 3567 1817 3631 Δείξὸν

209 3672 308 3726 μοι
360 3653 479 3723 ὄψιν
552 3655 693 3706 θείαν
758 3662 852 3716 τῆς
932 3658 1243 3728 ὡραιότητός
1322 3675 1415 3708 σου
1485 3664 1595 3725 νῦν,
1675 3656 1817 3719 ἆξιον

207 3740 487 3816 [ἀξίωσον]
540 3748 907 3814 προσκυνητὴν
960 3744 1198 3806 αἰνέσεως
1253 3764 1369 3799 σου.
1438 3750 1538 3798 Καὶ
1592 3748 1689 3819 γὰρ
1749 3748 1817 3808 ὡς

212 3830 445 3904 ἐμψύχῳ
475 3850 581 3897 σοι,
613 3836 699 3883 καὶ
729 3840 895 3903 φωνῶ,
930 3838 1019 3885 καὶ
1045 3836 1511 3907 προσπτύσσομαι.

286 3920 655 3975 Αἰνεσάτωσαν
726 3926 1010 3993 συμφώνως
1067 3922 1302 3993 οὐρανός,
1353 3927 1441 3975 καὶ
1499 3925 1529 3981 ἡ
1585 3932 1676 3994 γῆ,
1735 3925 1816 3978 ὅτι

211 4012 486 4081 πρόκειται
533 4015 694 4061 πᾶσιν
721 4011 746 4061 ὸ
780 4012 1224 4083 παμμακάριστος
1269 4014 1516 4084 σταυρὸς,
1631 4018 1816 4085 παγεὶς

2640 2749 2783 2806 ODA
2822 2749 2867 2804 Ι.

1999 2852 2133 2909 Dies
2157 2853 2373 2910 lastitiae
2404 2858 2510 2909 est.
2531 2853 2740 2910 Christi
2772 2855 3223 2913 resuscitatione
3255 2870 3416 2911 mors
3441 2871 3580 2912 eva-

1926 2943 2074 3006 nuit,
2107 2943 2243 2999 vitze
2264 2943 2550 3014 splendor
2579 2944 2795 2999 exstitit
2822 2961 2835 3009 ;
2864 2944 3056 3000 Adam
3088 2960 3403 3015 resurgens
3436 2960 3576 3001 cum

1927 3032 2150 3101 gaudio
2163 3032 2410 3088 choreas
2432 3032 2613 3097 ducit,
2631 3038 2943 3104 propterea
2955 3034 3289 3103 jubilemus
3314 3033 3577 3089 victricia

1926 3120 2196 3176 carmina
2226 3122 2623 3176 concinentes.

1998 3210 2255 3267 Advenit
2278 3211 2406 3266 dies
2428 3210 2723 3267 adorandi
2744 3212 3066 3283 pretiosam
3080 3227 3349 3278 crucem;
3372 3210 3575 3267 adeste

1927 3316 2159 3357 omnes.
2186 3301 2419 3357 Jaciens
2448 3301 2607 3356 enim
2637 3300 3085 3356 resurrectionis
3115 3301 3323 3357 Christi
3348 3300 3576 3356 lucides

1926 3390 2325 3455 radios,nunc
2345 3394 2575 3461 prostat
2606 3406 2621 3456 ;
2654 3406 2787 3445 eam
2816 3390 3067 3461 proinde
3080 3390 3331 3461 spiritali
3352 3388 3577 3460 gaudio

1927 3479 2085 3551 pleni
2112 3477 2547 3549 amplectamur
2576 3486 2632 3534 et
2660 3478 3100 3534 exosculemur.

1998 3572 2316 3639 Appareto,
2339 3583 2375 3621 o
2400 3568 2695 3623 immensa
2720 3567 2951 3622 Domini
2973 3583 3140 3633 crux,
3163 3566 3409 3622 ostende
3430 3566 3575 3622 mihi

1927 3673 2087 3713 nunc
2112 3657 2377 3711 divinam
2407 3656 2620 3712 faciem
2645 3657 2970 3712 venustatis
3000 3661 3134 3712 tnaa.
3169 3655 3418 3727 Dignare
3434 3656 3578 3712 ado-

1926 3750 2206 3814 ratorem,
2240 3751 2301 3800 ut
2321 3746 2623 3817 praeconia
2642 3749 2745 3801 tua
2769 3746 3061 3801 decantet.
3093 3748 3240 3801 Nam
3271 3749 3329 3802 ut
3354 3761 3493 3800 cum
3513 3760 3576 3801 re

1926 3836 2190 3891 animata
2220 3839 2416 3889 tecum
2446 3834 2681 3906 loquor,
2715 3840 2890 3907 teque
2921 3834 3272 3906 amplector.

1997 3924 2226 3979 Laudes
2256 3939 2522 3979 consona
2552 3940 2693 3979 voce
2723 3924 3040 3979 decantent
3069 3923 3285 3979 caelum
3317 3927 3374 3978 et
3400 3927 3574 3993 terra,

1922 4013 2067 4085 quia
2087 4013 2370 4068 omnibus
2384 4012 2891 4068 cruxbeatissima
2909 4012 3225 4083 proposita
3242 4016 3353 4075 est,
3379 4011 3439 4065 in
3453 4027 3576 4082 qua

213 4105 532 4168 σωματικῶς
583 4100 739 4158 ἓτύθη
791 4103 1047 4171 Χριστός,
1096 4104 1251 4153 αὑτὸν
1310 4100 1676 4174 ἀσπασώμεθα
1702 4101 1812 4173 ψυ-

1950 4101 2190 4157 }hristus
2223 4117 2333 4157 suo
2368 4117 2617 4172 corpore
2656 4100 2811 4156 ﬁxus
2838 4100 3185 4156 immolatus
3215 4101 3324 4164 est,
3370 4099 3572 4171 ipsam

208 4194 384 4259 χικῶς
422 4186 780 4259 ἀγαλλόμενοι.

819 4292 1202 4370 Τριαδικόν.

284 4389 356 4443 Ὠ
383 4394 543 4465 Τριὰς
592 4399 700 4455 τοίς
748 4402 1139 4466 χαρακτῆρσιν,
1200 4392 1239 4446 ὧ
1291 4397 1452 4467 μονὰς
1497 4403 1559 4469 τῇ
1612 4404 1808 4471 μορφῇ,

212 4481 406 4552 Πάτερ,
458 4483 543 4534 Υἱὲ
602 4486 692 4534 καὶ
766 4489 993 4553 Πνεῦμα.
1055 4482 1111 4534 Ἠ
1192 4480 1522 4557 ὁμοδύναμος
1575 4484 1684 4547 ἐνὰς
1762 4488 1810 4539 εν

1920 4189 2071 4247 laetis
2102 4190 2400 4247 mentibus
2428 4188 2795 4246 osculemur.

2560 4296 2900 4352 Triadicum
2915 4336 2927 4350 .

1992 4397 2035 4452 Ο
2089 4395 2338 4451 Trinitas
2388 4394 2681 4466 personis,
2742 4409 2778 4449 o
2832 4393 3029 4449 unitas
3086 4396 3321 4458 natura,
3378 4395 3568 4461 Pater,

1922 4485 2043 4553 Fili,
2076 4490 2132 4540 et
2164 4484 2412 4555 Spiritus
2441 4490 2660 4538 sancte.
2698 4482 2902 4539 Unitas
2932 4482 3203 4553 ejusdem
3235 4487 3291 4538 et
3319 4482 3569 4554 aequalis

211 4566 406 4641 βουλῇ,
452 4574 541 4622 καὶ
592 4568 817 4635 θελήσει,
864 4575 951 4623 καὶ
1002 4572 1227 4641 κράτους
1275 4574 1445 4646 ἀρχῇ,
1494 4577 1579 4627 τὸν
1614 4579 1809 4647 κόσμον

1950 4575 2197 4630 potentias
2248 4572 2517 4640 consilio,
2576 4571 2899 4636 voluntate,
2947 4577 3258 4643 potestate,
3314 4570 3566 4643 imperio

210 4676 310 4711 σου
338 4657 575 4730 φύλαττε,
603 4663 697 4718 τὴν
726 4660 933 4733 εἰρήνην
955 4658 1314 4733 βραϐεύουσα.

819 4776 1187 4828 Θεοτὸκιον.

287 4873 473 4940 Πεῖραν
503 4868 629 4931 ὅλως
685 4871 714 4928 ἠ
760 4872 1013 4945 Παρθένος
1065 4875 1136 4943 μὴ
1198 4869 1373 4925 εἰδυῖα
1402 4869 1609 4946 ἀνδρὸς,
1641 4874 1812 4926 ἄσπο-

207 4975 301 5031 ρον
339 4961 530 5019 τίκτεις
589 4957 798 5031 βρέφος,
862 4960 1124 5034 ἄχραντον
1200 4966 1363 5035 φέρεις
1440 4966 1667 5029 τοκετὸν,
1723 4966 1809 5015 τὸν

1921 4662 2216 4718 mundum
2245 4667 2368 4718 tum
2399 4660 2655 4730 custodi,
2687 4675 3022 4733 pacemque
3051 4659 3333 4716 concede.

2544 4777 2941 4834 Theotocium.

1991 4877 2246 4934 Omnino
2273 4891 2485 4947 expers
2517 4875 2645 4942 viri,
2672 4876 2798 4931 sine
2825 4874 3050 4930 semine
3072 4873 3231 4947 paris
3252 4873 3567 4941 infantem,

1920 4970 2280 5037 partumque
2311 4965 2464 5034 geris
2494 4964 2969 5029 immaculatum,
3002 4963 3277 5019 omnium
3301 4962 3571 5020 condito-

210 5053 310 5096 τῶν
358 5045 483 5098 ὅλων
540 5052 760 5105 ποιητὴν
788 5048 1018 5120 Χριστόν
1071 5053 1157 5102 τὸν
1207 5054 1356 5115 Θεὸν,
1407 5050 1563 5104 αὑτὸν
1615 5048 1812 5105 ἐκδυσ-

1950 5070 2043 5109 em
2060 5054 2355 5110 Christum
2374 5056 2576 5119 Deum,
2600 5054 2799 5125 ipsum
2814 5068 3011 5119 exora,
3034 5051 3339 5108 utcunctis
3354 5067 3565 5124 pacem

210 5140 424 5191 ώπησον
466 5135 758 5211 εἰρηνεῦσαι
784 5138 850 5188 τὰ
877 5139 1177 5208 σύμπαντα.

811 5243 1210 5297 Καταϐασία.

280 5337 338 5390 '0
388 5340 647 5402 θειότατος
701 5343 1033 5413 προετύπωσε
1079 5343 1240 5395 πάλαι
1269 5350 1468 5406 Μωσῆς
1500 5344 1551 5396 ἐν
1583 5343 1809 5417 Ἐρυθρᾷ

1917 5142 2225 5213 largiatur.

2575 5247 2913 5305 Catabasia.

1990 5346 2138 5403 Olim
2168 5346 2406 5402 divinus
2429 5349 2658 5417 Moyses
2679 5345 3082 5418 praeﬁguravit
3112 5361 3349 5402 crucem
3374 5351 3562 5413 tuam,

211 5427 450 5500 θαλάσσῃ
509 5425 829 5490 διαϐιϐάσας
892 5429 1105 5502 Ἰσραὴλ
1157 5436 1241 5483 τὸν
1284 5439 1508 5506 σταυρόν
1556 5453 1671 5498 σου,
1713 5439 1807 5493 τὴν

1950 5436 2234 5490 raducens
2257 5435 2544 5506 populum
2560 5434 2944 5489 lsraeliticum
2968 5450 3073 5505 per
3087 5451 3248 5489 mare
3272 5434 3562 5502 Rubrum,

209 5514 371 5586 ὑγρὰν
418 5524 476 5587 τῇ
512 5514 695 5589 ράϐδῳ
732 5521 917 5588 τεμὼν,
950 5515 1092 5587 ᾠδήν
1130 5538 1213 5572 σοι
1246 5518 1445 5584 ἐξόδιον
1482 5520 1804 5594 ἀναμέλπων,

202 5606 411 5680 ,Χριστὶ
435 5604 460 5657 ὁ
491 5609 633 5679 Θεὸς.

1917 5525 2086 5593 virga
2097 5524 2270 5595 aquis
2287 5524 2491 5579 divisis
2507 5539 2520 5591 ;
2536 5523 2837 5579 canticum
2858 5524 3047 5579 exitus
3072 5523 3414 5581 celebrandi
3434 5538 3568 5595 gra-

1916 5613 2000 5672 tia
2027 5611 2151 5682 tibi,
2186 5611 2411 5670 Christe
2440 5612 2617 5682 Deus,
2650 5612 3003 5673 decantans.
