4038 6312
453 291 622 354 ’1⁵159

1183 421 1327 476 ODA
1365 421 1430 475 ll.

550 509 782 574 Adeste,
819 524 1041 564 novum
1075 507 1376 564 canticum
1407 511 1744 574 cantemus,
1776 502 2126 560 destructio-

481 613 618 654 nem
641 597 851 652 inferni
879 597 1268 652 celebrantes.
1290 600 1438 652 Nam
1471 596 1733 652 Christus
1760 611 1828 648 ex
1851 591 2127 665 sepulcro

477 689 718 752 exstitit,
753 686 984 742 devicta
1020 692 1224 751 morte,
1257 686 1663 757 omnibusque
1694 683 1955 739 salvatis.

548 777 762 830 Adeste
804 774 1026 840 fideles,
1073 775 1425 830 hauriamus
1457 791 1526 829 ex
1570 775 1729 829 fonte
1769 772 2128 827 scaturiente

477 880 596 920 non
617 880 841 936 aquam
869 864 1337 934 corruptibilem.
1371 863 1474 918 sed
1502 863 1725 918 fontem
1751 860 2130 916 illuminatio-

478 953 590 1014 nis.
619 953 968 1008 adoratione
1000 951 1215 1018 crucis,
1251 953 1306 1006 in
1341 969 1462 1024 qua
1497 958 1552 1006 et
1583 951 1930 1019 gloriamur.

551 1043 740 1106 Quam
756 1041 894 1096 olim
913 1043 1142 1113 Moyses
1165 1042 1443 1096 manibus
1460 1039 2128 1112 praetigurabatcrucem

481 1135 638 1184 tuam
667 1146 824 1184 nunc
847 1129 1203 1195 osculantes,
1238 1129 1475 1184 Amalec
1495 1129 1822 1199 spiritalem
1840 1127 1899 1182 in
1922 1126 2128 1195 fugam

479 1219 782 1286 vertimus,
816 1220 1081 1282 Domine,
1109 1235 1210 1287 per
1233 1234 1414 1290 quam
1443 1220 1620 1273 etiam
1656 1217 1862 1272 salvati
1890 1233 2128 1273 sumus.

554 1305 750 1364 Oculis
779 1311 836 1362 et
866 1307 1038 1362 labiis
1064 1306 1229 1378 puris
1257 1305 1670 1362 exsultationis
1703 1305 1888 1360 melos
1922 1304 2131 1359 modu-

481 1395 669 1450 lantes
695 1395 926 1450 Domini
948 1411 1182 1450 crucem
1215 1412 1349 1450 cum
1372 1395 1594 1464 gaudio
1617 1395 1939 1449 adoremus
1968 1393 2134 1465 plau-

479 1484 688 1540 dentes
720 1485 779 1538 in
812 1485 1082 1540 canticis.

1135 1573 1498 1630 Triadicum.

557 1674 752 1727 Unum
773 1671 830 1726 in
855 1671 1041 1726 tribus
1065 1671 1492 1742 hypostasibus
1525 1671 1707 1725 Deum
1741 1670 2012 1742 principii
2038 1685 2126 1726 ex.

483 1766 708 1831 pertem
751 1760 908 1826 colo,-
939 1776 1058 1815 non
1100 1761 1426 1815 discretum
1457 1762 1712 1814 essentia
1753 1762 2003 1825 Patrem,
2048 1760 2133 1814 Fi-

480 1848 648 1914 lium,
695 1854 751 1904 et
783 1849 1064 1919 Spiritum
1108 1848 1438 1915 viviﬁcum,
1490 1847 1550 1903 in
1582 1863 1842 1920 quorum
1893 1849 2138 1904 nomine

483 1937 767 2010 baptizati
800 1953 1030 1993 sumus.

1109 2025 1506 2082 Theotocium.

556 2115 618 2170 In
667 2115 818 2170 rubo
859 2113 1003 2169 olim
1057 2116 1286 2186 Moyses
1327 2114 1683 2186 mysterium
1731 2120 1895 2170 tuum
1939 2113 2137 2187 typice

489 2204 651 2268 vidit,
686 2220 722 2259 ο
749 2203 1108 2259 veneranda.
1136 2205 1205 2260 Ut
1225 2203 1385 2259 enim
1415 2203 1580 2259 illum
1612 2203 1880 2269 ﬂamma,
1909 2205 1993 2260 sic
2017 2207 2138 2258 ute-

485 2307 620 2350 rum
655 2299 824 2349 tuum
856 2292 1012 2364 ignis
1042 2292 1366 2348 Divinitatis
1394 2309 1513 2348 non
1541 2294 1790 2349 adussit.

1141 2389 1489 2448 Catabasz’a.

559 2479 861 2537 Conﬁrma
883 2493 998 2547 me,
1019 2480 1284 2544 Domine,
1307 2495 1480 2534 cruce
1499 2485 1600 2534 tua
1619 2479 1676 2534 in
1695 2485 1858 2551 petra
1881 2480 2040 2545 ﬁdei,
2065 2496 2138 2536 ne

485 2584 656 2626 mens
687 2583 823 2624 mea
849 2567 1246 2639 impressione
1273 2568 1493 2623 inimici
1532 2569 1928 2624 concutiatur.
1964 2568 2137 2625 Solus

487 2657 647 2713 enim
681 2663 928 2712 sanctus
955 2671 1037 2711 es.

1175 2745 1318 2802 ODA
1359 2745 1450 2800 Ill.

560 2837 704 2890 Ecce
727 2833 982 2889 surrexit
1013 2833 1304 2899 Christus,
1336 2834 1696 2903 aitAngelus
1727 2835 1804 2890 ad
1836 2835 2136 2904 mulieres,

486 2941 622 2998 quas
637 2928 940 2994 unguenta
961 2921 1320 2978 efferebant:
1349 2927 1425 2979 Ne
1440 2923 1702 2995 ploretis.
1729 2927 1944 2980 Euntes
1963 2926 2137 2982 dicite

486 3013 813 3085 apostolis:
851 3013 1127 3076 Gaudete,
1159 3012 1335 3068 hodie
1359 3013 1523 3068 salus
1547 3014 1775 3070 mundo
1801 3015 2014 3069 accidit
2040 3035 2051 3074 :
2081 3019 2140 3069 et

489 3103 758 3178 tyrannis
787 3102 1010 3158 inimici
1041 3118 1146 3174 per
1172 3109 1424 3158 mortem
1453 3102 1747 3159 dissoluta
1777 3111 1885 3160 est.

558 3191 813 3247 Viviﬁcze
855 3192 1048 3246 crucis
1099 3199 1211 3246 tum
1262 3190 1558 3247 hodierna
1595 3191 1689 3247 die
1737 3191 2137 3248 celebritatem

485 3281 804 3349 obeuntes,
828 3279 1238 3352 prolusionem
1259 3280 1590 3352 quamdam
1615 3281 1981 3336 instituimus
2005 3297 2137 3337 san-

485 3368 770 3426 ctissime
796 3368 1094 3438 passionis
1108 3373 1246 3434 tuae,
1269 3384 1452 3440 quam
1469 3375 1528 3424 ut
1549 3369 1952 3440 omnipotens,
1977 3371 2036 3426 in
2051 3386 2141 3427 sa-

485 3458 671 3515 lutem
704 3456 912 3513 mundi
946 3462 1230 3529 operatus
1259 3472 1341 3512 es.

477 3650 479 3653 ·
560 3637 739 3692 Hodie
790 3635 1081 3705 gaudium
1133 3633 1365 3690 exsistit
1407 3633 1467 3689 in
1514 3633 1663 3690 coelo
1693 3639 1748 3691 et
1782 3639 1954 3702 terra,
2001 3637 2142 3708 quia

486 3725 680 3782 crucis
719 3725 959 3793 signum
1009 3723 1237 3778 mundo
1277 3722 1580 3790 illucescit,
1623 3739 1766 3779 crux
1799 3729 1883 3780 ter
1929 3724 2139 3792 beata;

483 3830 618 3887 quae
648 3814 966 3885 proposita
997 3811 1252 3883 gratiam
1282 3827 1608 3884 perennem
1632 3811 1827 3869 stillat.

560 3990 712 4057 Quid
761 3989 885 4055 tibi,
940 3989 1188 4056 Christe,
1225 3989 1645 4053 retribuemus,
1696 3993 1860 4064 quod
1903 3992 2142 4065 copiam

486 4080 662 4136 nobis
692 4079 882 4136 fecisti
916 4080 1328 4137 venerandam
1355 4095 1588 4135 crucem
1624 4084 1789 4136 tuam
1822 4080 2138 4147 adorandi,

486 4168 547 4225 in
573 4185 696 4242 qua
726 4169 1137 4224 sanctissimus
1178 4173 1316 4224 tuus
1361 4169 1606 4238 sanguis
1634 4167 1858 4224 eﬂusus
1895 4175 2006 4234 est,
2045 4169 2140 4224 cui

489 4258 668 4313 etiam
695 4273 836 4313 caro
867 4264 967 4312 tua
998 4256 1179 4312 clavis
1210 4262 1299 4313 est
1325 4255 1505 4313 afﬁxa
1529 4257 1558 4312 ‘I
1587 4273 1773 4329 quam
1802 4257 2139 4313 osculantes

486 4347 712 4418 gratias
743 4345 848 4402 tibi
879 4345 1297 4418 persolvimus.

1133 4435 1496 4492 Triadicum.

565 4522 748 4580 Unius
765 4521 1004 4578 deitatis
1025 4528 1140 4578 tres
1169 4524 1523 4596 hypostases
1546 4523 1976 4580 indivisibiliter
1999 4523 2138 4580 sim-

491 4612 661 4685 plicis
683 4617 911 4667 naturaz
936 4611 1200 4682 praedico
1221 4619 1278 4668 et
1299 4628 1584 4682 agnosco,
1610 4616 1839 4669 Patrem
1861 4612 2136 4685 principii

490 4708 814 4772 expertem,
857 4701 1090 4766 Filium,
1121 4707 1177 4757 et
1217 4702 1495 4773 Spiritum
1528 4708 1822 4767 sanctum,
1865 4702 2136 4771 ejusdem

490 4790 616 4847 solii
639 4790 1116 4846 dominationem
1135 4807 1338 4858 unam,
1363 4789 1614 4864 aequalis
1627 4791 1928 4863 potestatis
1953 4805 2136 4846 unam

489 4879 816 4953 potentiam
850 4880 1298 4950 sempiternam.

1115 4969 1510 5025 Theotocium.

562 5057 697 5116 Sola
732 5061 793 5113 tu
824 5056 1161 5114 castissima
1196 5058 1347 5112 inter
1378 5057 1654 5113 mulieres
1689 5057 2042 5113 miraculum
2075 5074 2136 5112 es

487 5146 841 5204 admirabile
866 5152 920 5202 et
959 5147 1354 5202 tremendum.
1392 5149 1671 5202 Naturam
1703 5147 1861 5201 enim
1900 5149 2134 5202 novasti

489 5234 618 5290 sine
657 5235 885 5290 semine
916 5235 1279 5307 concipiens,
1313 5239 1368 5290 et
1406 5239 1542 5306 post
1569 5239 1805 5305 partum
1837 5234 2026 5304 virgo,
2076 5241 2138 5290 ut

488 5327 686 5389 antea,
715 5337 1097 5394 permanens.
1125 5324 1314 5380 Verus
1345 5323 1502 5378 enim
1533 5326 1684 5378 Deus
1711 5332 1817 5393 est,
1845 5323 1948 5395 qui
1977 5339 2046 5378 ex
2082 5330 2136 5379 te

489 5415 666 5468 natus
704 5416 817 5470 est.

489 5522 498 5527 ’
1144 5500 1486 5557 Catabasia.

561 5589 710 5646 Cum
735 5593 807 5658 te,
843 5605 879 5648 ο
910 5595 1124 5664 potens
1155 5589 1244 5647 sol
1275 5589 1336 5646 in
1366 5603 1540 5645 cruce
1569 5590 1966 5665 conspiceret,
1993 5590 2135 5649 hor-

1731 290 1792 347 S.
1834 285 2204 347 THEODOBI
2241 285 2567 346 STUDITE

2155 413 2203 468 A

2170 4468 2216 4524 D

2915 421 3048 489 ῼΔΗ
3086 417 3160 472 B’.

2311 509 2479 567 Δεῦτε,
2530 497 2675 574 ᾆσμα
2714 505 2922 577 ᾇσωμεν
2975 511 3152 559 καινὸν
3204 512 3298 567 τὴν
3350 501 3639 562 κατάλυσιν
3702 505 3833 582 ᾅδου

2236 592 2698 663 πανηγυρίζοντες.
2755 595 2842 647 Ἐκ
2913 597 3016 668 γὰρ
3098 603 3190 648 τοῦ
3260 599 3424 669 τάφου
3483 602 3713 672 Χριστὸς
3752 598 3833 652 ἀν-

2237 683 2385 746 έστη,
2413 684 2500 733 τόν
2523 683 2740 734 θάνατον
2767 682 2887 736 ἐλὼν
2917 690 3006 736 καὶ
3037 691 3211 746 σώσας
3241 687 3306 738 τὰ
3339 688 3638 759 σύμπαντα.

2309 776 2458 823 Δεῦτε
2489 769 2823 844 ἁρυσώμεθα,
2855 778 3057 839 πιστοί,
3093 775 3187 827 οὐκ
3245 774 3303 827 ἐκ
3335 780 3532 850 κρήνης
3564 773 3831 851 βρυούσης

2237 855 2381 932 ὕδωρ
2425 861 2770 935 φθειρόμενον,
2831 861 2960 915 ἀλλὰ
3027 869 3199 935 πηγὴν
3251 871 3543 936 φωτισμοῦ,
3607 874 3833 939 σταυροῦ

2236 954 2592 1019 προσκυνήσει
2622 958 2713 1003 τοῦ
2740 959 2995 1024 Χριστοῦ,
3029 951 3076 1005 ἔν
3162 958 3251 1006 καὶ
3275 956 3622 1026 καυχώμεθα.

2311 1037 2480 1090 Πάλαι
2531 1039 2584 1091 ὃν
2636 1038 2824 1092 ἐτύπου
2875 1048 3108 1104 Μωῦσῆς
3165 1049 3280 1103 ταῖς
3321 1042 3587 1114 παλάμαις

2241 1144 2335 1178 σου
2366 1134 2454 1178 νῦν
2498 1146 3013 1202 προσπτυσσομενοι,
3067 1133 3153 1182 τὸν
3211 1135 3392 1189 νοητόν
3447 1131 3690 1204 Ἀμαληκ
3720 1152 3830 1206 τρο·

2239 1215 2493 1286 πούμέθα,
2527 1219 2760 1270 Δέσποτα
2785 1221 2961 1292 Κύριε,
2990 1215 3063 1272 δι’
3084 1216 3143 1272 οὖ
3170 1224 3258 1272 καὶ
3290 1223 3619 1293 σεσὼσμεθα.

2309 1303 2553 1375 ⁴()μμασι
2603 1309 2694 1358 καὶ
2737 1307 2968 1378 χείλεσιν
3029 1307 3206 1380 ἁγνοῖς
3263 1308 3640 1382 ἀνακρούοντες
3693 1309 3834 1383 με’λος

2242 1390 2614 1464 ἀγαλλιάσεως,
2665 1398 2752 1448 τόν
2782 1404 2874 1448 τοῦ
2901 1402 3096 1472 Κυρίου
3143 1402 3366 1473 σταυρὸν
3396 1404 3546 1475 χαρᾷ
3594 1417 3834 1474 προσκυ-

2241 1487 2477 1555 νήσωμεν
2503 1489 2685 1538 πιστοὶ
2713 1493 3010 1556 κροτοῦντες
3033 1486 3082 1538 ἐν
3106 1487 3369 1560 ᾄσμασιν.

2837 1572 3231 1648 Τριαδικόν.

2314 1659 2442 1714 "Eva
2490 1664 2818 1718 ὑποστάσεσι
2845 1669 2987 1738 τρισὶ
3028 1668 3155 1720 Θεὸν
3207 1665 3439 1740 ἄναρχον
3471 1665 3626 1730 σέϐω,
3656 1671 3733 1739 μὴ
3767 1663 3841 1720 διο

2172 1765 2217 1821 Β
2246 1753 2547 1824 αιρούμενον
2594 1760 2655 1824 τῇ
2689 1761 2786 1814 τῆς
2826 1753 3010 1815 οὐσίας
3039 1763 3209 1828 μορφῇ
3273 1759 3498 1831 Πατέρα,
3554 1757 3700 1820 Υῐόν,
3755 1761 3836 1808 καὶ

2248 1846 2456 1912 Πνεῦμα
2487 1840 2608 1906 ζῶν,
2642 1844 2698 1894 εν-
2718 1843 2796 1904 οἷς
2827 1841 3244 1916 βεϐαπτίσμεθα.

2853 2027 2934 2074 Θε
2953 2025 3104 2074 οτόκ
3125 2040 3239 2075 ιον.

2318 2106 2400 2159 Ἐν
2454 2105 2601 2180 βάτῳ
2653 2115 2853 2170 Μωσῆς
2907 2128 3002 2162 σου
3035 2111 3262 2170 τυπὶκῶς
3307 2111 3367 2161 τὸ
3415 2111 3715 2182 μυστήριον
3745 2111 3846 2163 πά-

2244 2195 2351 2264 λαι,
2408 2201 2587 2268 σεμνὴ,
2636 2197 2874 2271 ἑώρακεν.
2926 2197 3014 2261 Ὠς
3064 2201 3164 2272 γὰρ
3229 2200 3423 2256 εκείνην
3480 2199 3510 2256 ἠ
3571 2197 3722 2271 φλὸξ,
3791 2202 3841 2251 τό

2246 2293 2347 2359 πῦρ
2381 2288 2624 2349 θεότητος
2651 2292 2746 2346 τὴν
2777 2291 2873 2346 σὴν
2899 2284 3061 2345 νηδὺν
3091 2287 3150 2340 οὐ
3177 2286 3492 2360 κατέφλεξεν.

2845 2385 3248 2440 Καταϐασία.

2319 2477 2624 2542 Στερίωσον,
2656 2477 2889 2526 Δέσποτα
2941 2477 3118 2546 Κύριε,
3156 2482 3226 2545 τῷ
3283 2481 3493 2546 σταυρῷ
3544 2493 3642 2527 σου
3676 2473 3726 2527 ἓν
3756 2478 3845 2528 πέ-

2246 2581 2343 2636 τρᾳ
2367 2581 2431 2634 με
2459 2571 2520 2635 τῇ
2549 2571 2641 2625 τῆς
2669 2568 2911 2631 πίστεως,
2938 2568 3008 2636 μὴ
3041 2563 3355 2623 σαλευθῆναι
3383 2567 3469 2616 τὸν
3497 2572 3615 2617 νοῦν
3650 2567 3842 2637 ἐχθροῦ

2161 2717 2164 2720 γ
2247 2650 2564 2723 προσϐολαῖς
2587 2660 2679 2704 τοῦ
2713 2649 3022 2721 δυσμενοῦς.
3057 2658 3220 2713 Μόνος
3247 2655 3349 2726 γὰρ
3380 2649 3428 2707 εἶ
3456 2652 3628 2724 ἅγιος.

2924 2748 3055 2795 ΩΔΗ
3098 2741 3171 2794 Γ’.

2316 2826 2460 2882 Ἰδοὺ
2509 2828 2696 2888 ἁνὲστη
2747 2831 2773 2882 ό
2831 2799 3075 2901 Χριστός,
3125 2836 3240 2889 ταῖς
3269 2833 3578 2905 μυροφόροις
3605 2831 3842 2902 γυναιξὶν

2246 2917 2464 2989 ἄγγελός
2521 2937 2651 2990 φησι
2689 2935 2703 2951 ·
2755 2923 2838 2977 Μὴ
2878 2921 3128 2994 θρηνεῖτε,
3170 2919 3473 2990 πορεύθητε,
3514 2922 3694 2972 εἴπατε
3746 2927 3842 2981 τοις

2247 3007 2554 3068 ἀποστόλοις
2588 3025 2600 3038 ⁸
2643 3013 2883 3081 Χαίρετε,
2919 3013 3143 3081 σήμερον
3175 3012 3412 3078 σωτηρία
3450 3017 3522 3079 τῷ
3571 3014 3780 3081 κόσμῳ,
3811 3011 3836 3066 ἡ

2170 3119 2210 3176 C
2247 3101 2485 3171 τυραννὶς
2515 3104 2607 3149 τοῦ
2634 3095 2829 3170 ἐχθροῦ
2863 3098 3083 3150 θανάτου
3113 3095 3336 3150 λελυτοιι.

2318 3192 2420 3238 Τοῦ
2465 3187 2739 3260 ζωηφὸρου
2813 3205 2907 3238 σου
2964 3192 3192 3258 σταυροῦ
3259 3189 3353 3244 τήν
3411 3192 3842 3260 προσκυνήσιμον

2237 3277 2423 3347 ’χαρὰν
2491 3280 2737 3350 σήμερον,
2831 3279 3046 3350 Χριστε,
3130 3276 3451 3337 ὑπαντῶντες
3529 3280 3844 3350 προπομπήν

2248 3365 2537 3436 ποιούμεθα
2583 3372 2675 3416 τοῦ
2728 3369 2984 3435 παναγίου
3043 3364 3241 3425 πάθους
3295 3381 3409 3427 σου,
3452 3365 3574 3438 ὅπερ
3624 3365 3697 3426 εἰς
3752 3384 3846 3417 σω-

2248 3457 2432 3526 τηρίαν
2460 3459 2552 3504 τοῦ
2576 3457 2782 3524 κόσμου
2831 3451 3206 3525 ἕναπειργάσω,
3239 3456 3438 3525 Σωτὴρ,
3476 3453 3542 3513 ὡς
3579 3449 3848 3506 παντοδύ-

2249 3559 2430 3612 ναμος.

2320 3635 2548 3705 Σήμερον
2595 3635 2795 3699 γίνεται
2845 3632 2995 3704 χαρὰ
3050 3629 3098 3682 ἕν
3156 3629 3356 3705 οὐρανῷ
3421 3634 3511 3683 καὶ
3585 3627 3672 3682 ἐπὶ
3727 3637 3844 3702 γῆς,

2251 3719 2332 3771 ὅτι
2393 3725 2484 3771 τοῦ
2543 3726 2770 3792 σταυροῦ
2827 3722 2886 3771 τό
2948 3726 3162 3791 σημεῖον
3235 3723 3416 3792 κόσμῳ
3485 3717 3844 3791 ἐμφανίζεται.

2252 3811 2478 3880 Σταυρός
2526 3809 2551 3859 ὁ
2590 3810 3064 3882 τρισμακάριστος,
3120 3803 3270 3870 οὗτος
3317 3808 3578 3881 προτεθεὶς
3632 3806 3850 3860 ἀναϐλύ-

2253 3897 2331 3958 ζει
2361 3899 2524 3970 χάριν
2556 3895 2780 3952 ἀένναον.

2321 3992 2382 4040 Τί
2413 4005 2497 4039 σοι
2525 3985 2884 4060 προσάξωμεν,
2919 3988 3136 4060 Χριστε,
3167 3986 3248 4038 ὅτι
3291 3987 3378 4037 τὸν
3407 3988 3577 4058 τίμιον
3621 3988 3849 4062 σταυρόν

2253 4072 2491 4136 δέδωκας
2520 4077 2646 4147 ἡμῖν
2684 4081 3072 4147 προσκυνῆσαι,
3127 4073 3174 4126 ἓν
3268 4077 3327 4126 τὸ
3358 4075 3612 4145 πανάγιον
3641 4091 3850 4126 κατεκε-

2250 4166 2386 4222 νώθη
2414 4162 2546 4236 αἷμά
2599 4183 2716 4229 σου,
2817 4168 2908 4215 καὶ
2941 4165 2970 4221 ἡ
3027 4162 3162 4236 σάρξ
3216 4181 3311 4215 σου
3364 4162 3505 4224 ἣλοις
3552 4165 3726 4234 ἑπάγη
3760 4163 3848 4228 ,ὃν

2251 4250 2605 4324 ἀσπαζόμενοι
2634 4259 2721 4304 νῦν
2748 4251 3164 4325 εὐχαριστοῦμεν
3197 4270 3300 4306 σοι.

2851 4426 3244 4504 Τριαδικόν.

2319 4522 2454 4582 Μιᾶς
2518 4523 2755 4582 θεότητος
2839 4522 2980 4592 ὑμῶν
3059 4527 3197 4591 τρεῖς
3262 4520 3577 4580 ὑποστάσεις
3645 4516 3847 4592 ἆμερῶς

2247 4611 2441 4681 φύσεως
2465 4609 2628 4670 ἁπλῆς
2657 4607 2978 4680 δογματίζω,
3031 4612 3117 4661 τόν
3155 4612 3374 4680 ,Πατέρα
3424 4608 3683 4680 ἄναρχον,
3708 4608 3844 4669 Υἱόν,

2246 4702 2334 4749 καὶ
2381 4704 2587 4770 Πνεῦμα
2633 4697 2800 4770 ἅγιον,
2863 4698 3160 4773 σύνθρονον,
3211 4700 3502 4772 κυριότητα
3543 4700 3696 4768 μίαν,
3731 4697 3848 4768 ὁμο·

2247 4785 2505 4839 ϐασίλειον
2527 4787 2575 4839 ἓν
2603 4788 2788 4860 κράτος
2815 4782 2908 4838 ὰΐδ
2913 4805 3007 4840 ιον.

2867 4968 3236 5020 Θεοτόκιον.

2317 5058 2455 5114 Μόνη
2509 5055 2690 5127 ἐφάνης
2745 5062 3004 5126 γυναικῶν
3048 5063 3239 5128 χρῆμα
3277 5054 3691 5124 πανθαύμαστον
3721 5051 3846 5123 ἁγνή

2245 5151 2466 5218 πρᾶγμα
2517 5143 2746 5218 φοϐερόν.
2803 5145 2907 5202 Τὴν
2962 5144 3063 5216 γὰρ
3118 5145 3274 5215 φύσιν
3329 5145 3393 5194 σὺ
3433 5139 3846 5213 ἓκαινοτόμησας

2246 5235 2362 5287 ἄνευ
2413 5239 2610 5307 σπορᾶς
2661 5236 2932 5297 κυήσασα,
2972 5235 3194 5303 μείνασα
3245 5229 3396 5283 πάλιν
3453 5232 3520 5292 ὡς
3564 5234 3688 5302 πρὶν
3720 5247 3847 5302 παρα

2248 5324 2412 5386 θένος.
2474 5322 2534 5375 Ὀ
2589 5323 2847 5393 γεννηθεὶς
2897 5324 2999 5396 γὰρ
3053 5318 3108 5372 ἐκ
3170 5327 3267 5372 σοῦ
3347 5325 3470 5380 Θεός
3531 5319 3678 5372 ἐστιν
3727 5317 3850 5375 ἁλη-

2249 5414 2364 5474 θής.

2846 5496 3270 5552 Καταϐασία.

2321 5589 2438 5644 Ἐπὶ
2477 5594 2709 5664 σταυροῦ
2764 5605 2843 5659 σε,
2893 5582 3103 5656 δυνατὴ,
3157 5588 3372 5662 φωστὴρ
3429 5585 3458 5640 ό
3508 5588 3678 5660 μέγας
3735 5600 3853 5640 κατ’

3698 294 3837 352 1⁸160
3929 294 3931 316 ⁴
