4038 6312
199 258 348 335 lim

1200 276 1438 335 CANON
1474 277 1542 333 IN
1583 260 2105 338 ADOBATIONEM
2135 277 2215 336 s.
2238 260 2529 347 caveis.

3422 278 3575 360 ne

204 399 331 455 ιδών
403 421 579 476 τρομῳ
659 404 900 479 ἐπαρθεὶς
986 420 1082 465 τας
1167 411 1379 466 ακτῖνας
1455 404 1792 473 συνέστειλεν,

1953 422 2038 463 )re
2055 406 2364 478 perculsus
2381 406 2583 463 radios
2599 408 2896 463 contraxit
2916 410 2971 463 et
2992 406 3345 462 abscondit:
3369 406 3574 463 omnis

201 490 416 566 ἔκρυψε,
470 497 620 545 πᾶσα
668 488 728 545 δε
779 496 952 554 κτίσις
997 493 1223 565 ὕμνησεν
1262 496 1310 546 ἓν
1353 493 1491 566 φόϐῳ
1548 500 1641 553 τὴν
1701 499 1799 553 σὴν

201 583 591 654 μακροθυμίαν.
627 586 727 635 Καὶ
772 584 871 655 γὰρ
926 581 1160 641 ἱπλήσθη
1220 585 1245 641 ἡ
1293 591 1360 654 γῆ
1393 590 1482 644 τῆς
1525 592 1623 646 σῆς
1666 585 1803 636 αἰνί-

202 687 354 731 σεως.

885 764 1016 831 ῼΔΗ
1056 757 1128 815 A’.

275 863 556 926 Ἐνίτειλας
608 863 709 917 ἀπὸ
758 872 851 916 τοῦ
891 866 1074 936 τάφου,
1117 863 1313 918 ἄδυτον
1368 869 1494 939 φάος
1523 883 1536 897 ·
1592 874 1664 938 τῷ
1718 871 1803 920 κό·

205 971 324 1026 σμῳ
376 950 690 1027 ἀστράπτων
776 958 871 1010 τήν
950 953 1267 1027 ἀφθαρσίαν,
1330 957 1641 1028 ἐκμειῶσας,
1695 958 1804 1009 Κύ-

199 1060 301 1117 ριε,
346 1043 566 1110 θανάτου
616 1047 712 1099 τήν
767 1045 1052 1112 κατήφειαν
1101 1042 1155 1094 ἐκ
1205 1052 1303 1096 τῶν
1354 1047 1588 1118 περάτων
1626 1048 1690 1105 ὡς
1726 1048 1804 1097 εὔ-

205 1130 530 1203 σπλαγχνος.

280 1219 647 1292 Προσελθωμεν
697 1221 1073 1292 κεκαθαρμένοι
1134 1228 1197 1293 τῇ
1259 1220 1551 1295 ἐγκρατείᾳ,
1606 1224 1807 1295 θερμῶς

202 1313 700 1381 προσπτυσσόμενοι
772 1311 821 1358 ἓν
902 1307 1093 1360 αἰνέσει
1170 1307 1315 1370 ξύλον
1405 1313 1463 1361 τό
1529 1314 1803 1381 πανάγιον,

203 1395 253 1449 ἓν
408 1401 634 1471 Χριστὸς
692 1399 1075 1470 σταυρούμενος
1126 1400 1292 1452 ἔσωσε
1347 1403 1564 1471 κόσμον,
1600 1403 1669 1461 ὡς
1724 1403 1808 1452 εὕ-

208 1486 535 1559 σπλαγχνος.

276 1579 597 1647 Χορεύουσιν
656 1576 705 1629 ἕν
756 1578 1044 1651 εὐφροσύνῃ
1102 1575 1327 1649 ἀγγέλων
1365 1577 1541 1640 τάξεις
1584 1584 1809 1651 σήμερον

207 1672 437 1737 σταυροῦ
467 1672 559 1718 τοῦ
609 1672 671 1737 τῇ
726 1670 1108 1738 προσκυνήσει.
1158 1666 1239 1718 Ἐν
1289 1667 1430 1738 αὐτῷ
1467 1670 1566 1739 γὰρ
1593 1670 1811 1741 τεθραυ-

1914 511 2052 550 vero
2070 501 2342 550 creatura
2366 495 2680 551 celebravit
2701 512 2841 550 cum
2861 502 3019 550 metu
3049 495 3569 565 longanimitatem

1913 588 2101 639 tuam.
2138 585 2364 639 Etenim
2387 584 2564 640 laude
2597 593 2697 640 tua
2729 591 2882 640 terra
2911 584 3157 656 impleta
3178 591 3285 640 est.

2605 763 2748 818 ODA
2792 764 2884 819 IV.

1988 866 2263 922 Exstitisti
2294 882 2364 922 ex
2406 868 2702 938 sepulcro,
2732 884 2768 923 o
2797 868 3003 923 lumen
3056 883 3373 939 nunquam
3417 867 3579 923 occi-

1913 955 2094 1021 dens;
2120 955 2349 1010 mundo
2366 956 2874 1012 immortalitatem
2900 956 3215 1021 irradians,
3242 956 3575 1027 mortisque

1916 1060 2256 1108 maerorem,
2293 1049 2583 1116 tanquam
2619 1045 2979 1110 misericors,
3022 1060 3094 1101 ex
3146 1050 3312 1101 terra;
3352 1043 3576 1100 ﬁnibus

1914 1132 2208 1205 expulisti.

1986 1222 2359 1278 Accedamus
2409 1223 2723 1293 expurgati
2764 1221 3150 1287 continentia,
3191 1227 3249 1278 et
3279 1222 3579 1277 ferventer

1917 1311 2354 1382 amplectamur
2369 1311 2739 1367 sacratissim
2751 1329 2851 1367 um
2864 1313 3096 1382 lignum
3112 1328 3233 1368 non
3249 1311 3374 1367 sine
3387 1311 3577 1366 laudi-

1918 1400 2053 1466 bus,
2079 1400 2138 1454 in
2164 1415 2287 1471 quo
2320 1400 2585 1455 Christus
2615 1400 2935 1455 cruciﬁxus
2968 1400 3264 1455 mundum
3296 1400 3577 1466 servavit,

1919 1495 2210 1559 tanquam
2237 1488 2605 1544 misericors.

1990 1577 2175 1633 Hodie
2204 1578 2454 1632 choreas
2471 1593 2606 1631 cum
2630 1578 2832 1633 laetitia
2860 1578 3089 1633 ducunt
3110 1577 3458 1646 angelorum
3485 1592 3576 1631 or-

1919 1667 2088 1722 dines
2109 1667 2188 1721 ob
2219 1667 2413 1721 crucis
2434 1670 2544 1721 tuae
2575 1666 2992 1723 adorationem
3016 1686 3032 1737 ;
3066 1666 3124 1721 in
3158 1666 3259 1720 illa
3280 1667 3441 1721 enim
3463 1666 3582 1721 dae-

204 1772 302 1816 κας
332 1756 425 1816 τὰς
478 1762 576 1805 τῶν
625 1751 890 1825 δαιμόνων
921 1756 1207 1827 φάλαγγας,
1252 1760 1449 1821 σώσας,
1495 1760 1713 1830 Χριστε,
1754 1759 1810 1809 τὸ

1953 1771 2172 1811 nonum
2201 1760 2468 1811 catervas
2501 1755 2849 1821 vulnerasti,
2896 1757 3140 1821 Christe,
3176 1755 3445 1810 humano
3476 1768 3580 1824 ge-

206 1840 551 1917 ἀνθρώπινον.

282 1928 611 2003 Παράδεισος
661 1930 812 1995 ἄλλος
862 1931 1094 2003 ἐγνώσθη
1146 1934 1175 1990 ἡ
1214 1933 1513 2001 Ἐκκλησία,
1570 1936 1641 1995 ὡς
1691 1940 1813 2010 πρὶν

209 2019 359 2083 ξύλον
397 2023 604 2093 ἔχουσα
660 2024 927 2094 ζωηφόρον
960 2026 1044 2073 τὸν
1078 2027 1302 2094 σταυρόν
1344 2040 1460 2087 σου,
1497 2026 1672 2096 Κύριε.
1729 2022 1815 2085 Ἐξ

207 2110 270 2162 οὗ
298 2107 394 2163 διὰ
419 2110 827 2183 προσψαύσεως,
857 2109 1149 2173 ἀθανασίας
1176 2116 1482 2184 μετέχομεν.

814 2285 1197 2364 Τριαδικόν.

286 2396 600 2468 Συνάναρχα
626 2399 750 2470 τρία
778 2392 985 2459 δοξάζω
1023 2401 1149 2468 μιᾶς
1175 2396 1379 2463 οὐσίας,
1420 2400 1549 2449 Θεὸν
1587 2398 1673 2449 τὸν
1706 2403 1818 2448 Πα-

212 2489 360 2560 τέρα,
402 2486 520 2538 Υἱὸν
549 2489 639 2538 καὶ
670 2491 899 2557 Πνεῦμα,
956 2493 1061 2557 φῶς
1090 2486 1139 2538 ἕν
1189 2485 1656 2559 τριλαμπέστατον,
1687 2488 1816 2558 ὀμο-

210 2578 396 2650 κρατες
426 2572 712 2649 βασίλειον,
752 2576 801 2627 ἓν
830 2573 1124 2646 ἀσυγχύτῳ
1152 2581 1456 2633 ταυτότητι.

827 2756 1076 2806 Θεοτόκ
1094 2770 1208 2808 ιον.

290 2860 555 2922 Ἐκύησας
604 2860 808 2932 φύσεως
882 2860 1045 2932 νόμῳ,
1096 2858 1203 2912 ἀλλ’
1278 2861 1404 2933 ὑπερ
1480 2864 1653 2932 νόμον.
1722 2867 1818 2914 Σοῦ

215 2950 321 3023 γὰρ
351 2954 516 3021 μόνης
544 2950 776 3022 ἄσπορος
834 2950 864 3006 ἠ
909 2947 1099 3020 λοχεία
1156 2953 1368 3022 φρικτὸς
1421 2954 1511 3002 καὶ
1550 2952 1821 3023 νοούμενος

218 3039 246 3090 ὁ
300 3042 486 3112 τρόπος
569 3042 658 3090 καὶ
736 3036 1004 3110 λεγόμενος
1079 3045 1172 3090 τού
1246 3045 1459 3091 τοκετοῦ
1527 3057 1643 3104 σου,
1697 3059 1822 3092 παν-

220 3127 426 3200 ἁμωμε.

816 3214 1228 3279 Καταϐασία.

298 3321 663 3395 Ὀρθρίζοντίς
717 3339 774 3374 σε
821 3322 1157 3394 ἁνυμνοῠμεν,
1219 3327 1390 3396 Σωτήρ
1444 3330 1535 3375 τοῦ
1599 3328 1821 3397 κόσμου,

220 3410 431 3485 εἰρήνην
488 3411 757 3484 εὑράμενοι
814 3418 887 3482 τῷ
940 3417 1149 3486 σταυρῷ
1187 3428 1302 3476 σου,
1338 3407 1411 3463 δι’
1458 3408 1519 3463 οὖ
1574 3411 1826 3465 ἀνεκαίνι-

222 3518 320 3561 σας
365 3502 423 3551 τὸ
472 3501 617 3571 γένος
664 3502 724 3552 τὸ
779 3498 1121 3575 ἀνθρώπινον,
1182 3508 1287 3573 φῶς
1362 3503 1495 3574 πρὸς
1548 3499 1825 3577 ἀνέσπερον

219 3587 366 3662 ἄγων
394 3588 557 3661 ἡμᾶς.
894 3592 909 3605 ’

892 3693 1024 3761 ῼΔΗ
1064 3684 1137 3743 E'.

293 3810 552 3871 Ἀνίστης
602 3812 690 3862 τὸν
763 3811 979 3863 θάνατον
1045 3812 1296 3882 θραύσας,
1360 3814 1574 3886 Χριστε,
1651 3812 1825 3887 ὥσπερ

223 3905 389 3975 μέγας
447 3897 717 3971 βασιλεὺς,
765 3897 820 3950 ἔκ
870 3907 970 3950 τῶν
1030 3896 1165 3970 ᾁδου
1220 3905 1443 3974 ταμείων
1507 3900 1830 3965 ἀνακαλέσας

222 3994 371 4064 ἡμᾶς
401 3989 468 4052 εἰς
498 3988 791 4042 ἀπόλαυσιν
848 3986 1118 4062 βασιλείας
1159 3990 1407 4064 οὐρανῶν,
1468 3990 1540 4053 εἰς
1569 3999 1668 4061 γῆν
1704 3990 1829 4044 ἀθα-

222 4084 389 4134 νασία
397 4099 436 4141 ς.

304 4174 614 4243 Κροτοῦντες
693 4169 744 4219 ἐν
806 4168 1014 4239 ᾄσμασι
1066 4170 1222 4230 θείοις
1302 4175 1485 4222 πιστοὶ
1572 4169 1832 4233 ἀλαλάξω-

223 4275 322 4331 μεν
373 4264 509 4327 Θεῷ,
570 4260 658 4309 τὸν
710 4261 934 4331 σταυρόν
992 4264 1082 4308 τοῦ
1124 4263 1319 4331 Κυρίου
1352 4260 1828 4332 κατασπαζόμενοι.

237 4350 533 4418 Αγιότητος
605 4344 880 4407 ἀναϐλύζει
933 4349 1036 4421 γὰρ
1093 4352 1270 4418 πηγήν
1334 4352 1469 4400 πᾶσι
1516 4356 1623 4411 τοῖς
1680 4347 1729 4401 ἐν
1759 4358 1832 4421 τῷ

224 4439 434 4507 κόσμῳ.

230 4578 233 4579 ,
303 4523 600 4596 Πληροῦται
653 4525 683 4582 ἡ
746 4523 1153 4597 ᾁσματογράφος
1210 4530 1369 4597 φωνή.
1430 4532 1828 4599 Προσκυνοῦμεν

225 4616 331 4688 γὰρ
388 4610 505 4665 ἰδοὺ
558 4620 657 4666 τῶν
717 4614 993 4688 ἁχράντων
1050 4611 1224 4666 ποδῶν
1289 4633 1383 4666 σου
1422 4619 1480 4667 τὸ
1520 4612 1828 4681 ὑποπόδιον,

228 4697 614 4775 παντοδύναμε,
662 4708 749 4754 τόν
799 4707 1022 4776 σταυρόν
1067 4721 1161 4755 σου
1192 4707 1275 4755 τὸν
1322 4707 1529 4771 σεπτὸν,
1559 4708 1615 4757 τὸ
1646 4709 1833 4779 τριπό-

231 4792 392 4848 θητον
420 4789 589 4853 ξύλον.

302 4887 370 4941 Ὀ
424 4884 529 4941 εἶδε
585 4887 732 4951 ξύλον
787 4897 857 4960 τῷ
934 4898 1009 4961 σῷ
1065 4891 1205 4963 ἄρτῳ
1261 4888 1472 4963 βληθὲν,
1504 4901 1779 4965 προφητῶν
1806 4894 1831 4945 ό

232 4981 529 5051 Θρηνητής,
561 4980 648 5029 τὸν
680 4984 903 5054 σταυρόν
949 4998 1066 5045 σου,
1098 4980 1387 5052 οἱκτίρμον,
1428 4982 1832 5054 κατασπαζόμε-

230 5086 335 5135 νοι,
365 5065 684 5140 ἁνυμνοῡμίν
718 5085 813 5121 σου
866 5071 931 5121 τὰ
974 5065 1148 5142 δεσμὰ
1177 5074 1264 5122 καὶ
1293 5074 1386 5129 τήν
1414 5075 1599 5144 ταφὴν,
1628 5071 1832 5144 λόγχην

233 5174 291 5210 τε
315 5160 407 5207 καὶ
434 5159 554 5217 τοὺς
592 5155 768 5219 ήλους.

312 5253 423 5308 Ἐπ’
448 5253 619 5326 ὤμων,
680 5256 828 5327 ὅνπερ
884 5252 1164 5322 κατεδέξω,
1212 5259 1430 5332 Χριστὲ,
1481 5261 1646 5333 φέρειν
1684 5258 1832 5330 ἅγιον

239 5345 490 5418 σταυρὸν,
544 5347 634 5395 καὶ
709 5341 758 5395 ἐν
818 5347 982 5417 τούτῳ
1059 5344 1282 5418 ἀρθῆναι
1328 5351 1418 5399 καὶ
1468 5348 1835 5422 σταυρωθῆναι

239 5438 424 5506 σαρκὶ,
516 5439 1008 5507 προσπτυσσόμενοι
1080 5437 1403 5509 κομιζόμεθα
1488 5435 1649 5508 ἰσχὺν
1716 5436 1831 5488 κατ’

238 5519 448 5599 ἰχθρῶν
468 5518 726 5597 ἀοράτων.

1919 1860 2058 1900 nere
2089 1850 2345 1899 servato.

1990 1933 2148 1987 Alter
2160 1932 2480 2004 paradisus
2506 1932 2712 1989 effecta
2738 1939 2821 1989 est
2838 1932 3118 1999 Ecclesia,
3141 1948 3275 2004 quae
3299 1938 3361 1986 ut
3385 1931 3574 2002 prius,

1918 2021 2220 2076 viviﬁcum
2237 2021 2467 2092 lignum
2484 2022 2771 2093 possidet,
2795 2022 3100 2086 nimirum,
3128 2036 3367 2075 crucem
3391 2025 3583 2085 tuam,

1920 2111 2191 2166 Domine.
2209 2113 2291 2165 Ex
2309 2113 2480 2183 cujus
2495 2116 2771 2166 contactu
2786 2110 3247 2166 immortalitatis
3264 2108 3585 2181 participes

1921 2198 2237 2258 efﬁcimur.

2576 2288 2917 2345 Triadt'cum
2928 2330 2941 2344 .

1993 2398 2128 2450 Tres
2188 2411 2476 2467 personas
2548 2395 2696 2451 initii
2746 2399 3037 2467 expertes,
3092 2394 3266 2450 unius
3312 2394 3584 2450 essentia:

1922 2483 2212 2555 glorifico,
2249 2487 2433 2539 Deum
2496 2488 2747 2549 Patrem,
2778 2484 3014 2548 Filium,
3046 2490 3101 2539 et
3141 2483 3421 2554 Spiritum
3451 2498 3586 2537 san-

1924 2579 2107 2637 ctum,
2123 2573 2325 2628 lumen
2344 2589 2531 2628 unum
2557 2572 3066 2641 fulgentissimum
3079 2571 3351 2641 ejusdem
3379 2578 3588 2643 poten-

1924 2664 2023 2723 tia:
2046 2668 2103 2719 et
2123 2662 2292 2733 regni
2318 2661 2633 2717 inconfusa
2659 2662 2881 2717 unitate
2913 2677 3017 2717 seu
3051 2660 3381 2717 identitate.

2560 2767 2959 2824 Theotocium.

2001 2878 2239 2933 Uterum
2272 2875 2515 2947 gestasti
2546 2880 2777 2930 naturae
2826 2874 2976 2944 lege,
3005 2873 3112 2928 sed
3142 2887 3326 2945 supra
3354 2872 3580 2943 legem.

1927 2968 2085 3023 Tuus
2114 2966 2272 3020 enim
2304 2964 2687 3019 solummodo
2724 2968 2927 3034 partus
2961 2968 3047 3019 est
3074 2962 3306 3033 absque
3338 2963 3587 3019 semine.

1929 3055 2299 3111 Tremendus
2332 3059 2387 3107 et
2411 3053 2675 3123 cogitatu
2724 3059 2781 3108 et
2808 3052 2969 3108 dictu
2998 3058 3087 3106 est
3119 3056 3327 3122 partus
3362 3054 3519 3120 tuus,
3552 3066 3589 3108 0

1858 3122 1900 3179 (ἶ
1930 3142 2337 3209 immaculata.

2588 3230 2932 3287 Catabasia.

2004 3338 2270 3395 Diluculo
2285 3337 2660 3393 celebramus
2683 3344 2756 3406 te,
2771 3337 3040 3403 Salvator
3059 3337 3291 3401 mundi,
3323 3351 3471 3408 pace
3489 3352 3594 3408 per

1934 3443 2172 3485 crucem
2202 3434 2367 3482 tuam
2401 3427 2661 3493 inventa,
2688 3442 2811 3498 qua
2838 3440 3028 3496 genus
3060 3426 3397 3480 humanum
3422 3440 3591 3497 repa-

1932 3516 2096 3583 rasti,
2129 3531 2359 3587 nosque
2388 3515 2466 3570 ad
2489 3514 2691 3571 lumen
2726 3516 2923 3571 omnis
2971 3530 3222 3571 occasus
3249 3530 3462 3586 expers
3488 3512 3595 3571 ad-

1936 3606 2177 3663 duxisti.

2639 3694 2783 3750 ODA
2820 3695 2883 3748 V.

2006 3817 2418 3882 Resurrexisti,
2450 3817 2694 3887 Christe,
2723 3816 3029 3872 vulnerata
3056 3819 3268 3887 morte,
3294 3820 3589 3888 tanquam

1936 3915 2149 3982 potens
2172 3923 2297 3975 rex,
2328 3906 2520 3972 nobis,
2547 3922 2619 3962 ex
2640 3905 2762 3960 orci
2787 3906 3119 3960 recessibus
3146 3905 3225 3960 ad
3252 3904 3587 3975 voluptates

1935 3999 2103 4068 regni
2116 3996 2424 4061 ccelorum,
2448 4001 2784 4065 terramque
2798 3993 3256 4049 immortalitatis
3270 3993 3585 4049 revocatis.

2010 4172 2368 4227 Plaudentes
2414 4172 2475 4227 in
2524 4170 2767 4228 canticis
2815 4170 3021 4226 ﬁdeles
3075 4168 3404 4241 jubilemus
3450 4172 3592 4234 Deo,

1939 4277 2177 4317 crucem
2214 4260 2448 4315 Domini
2476 4259 2835 4314 osculantes.
2868 4257 3153 4314 Omnibus
3183 4259 3344 4312 enim
3377 4255 3595 4312 mundi

1941 4335 2160 4407 incolis
2178 4348 2403 4405 ﬂuenta
2431 4349 2761 4405 sanctitatis
2793 4348 3060 4405 scaturit.

2013 4526 2293 4598 lmpletur
2308 4525 2639 4582 Psalmistaa
2665 4525 2999 4582 oraculum.
3027 4527 3169 4581 Ecce
3195 4525 3357 4581 enim
3380 4523 3596 4581 adora-

1939 4632 2077 4672 mus
2130 4614 2652 4671 immaculatorum
2702 4614 2924 4686 pedum
2965 4620 3207 4670 tuorum
3238 4614 3590 4680 scabellum,

1940 4719 2179 4760 crucem
2206 4710 2370 4760 tuam
2390 4703 2814 4769 venerandam,
2850 4702 3423 4759 desideratissimum
3446 4702 3598 4758 illud

1940 4793 2192 4864 lignum.

2013 4894 2285 4961 Lignum,
2309 4891 2473 4963 quod
2502 4891 2563 4947 in
2589 4907 2810 4963 panem
2837 4898 3005 4947 tuum
3028 4893 3299 4953 missum,
3332 4888 3479 4944 vidit
3497 4890 3593 4944 Je-

1940 4982 2178 5045 remias,
2210 4995 2449 5036 crucem
2478 4980 2700 5037 scilicet
2735 4986 2917 5045 tuam,
2951 4995 2986 5034 ο
3021 4980 3377 5045 misericors,
3412 4994 3591 5033 oscu-

1940 5070 2152 5135 lantes,
2198 5069 2571 5125 celebramus
2624 5070 2864 5126 vincula
2919 5074 3039 5134 tua,
3092 5075 3149 5123 et
3199 5065 3589 5140 sepulturam,

1940 5159 2216 5216 lanceam
2248 5164 2303 5214 et
2334 5158 2560 5215 clavos.

2015 5259 2141 5311 Vim
2172 5262 2229 5313 et
2257 5256 2440 5312 robur
2469 5257 2756 5313 adversus
2786 5254 3243 5327 inaspectabiles
3273 5254 3476 5309 hostes
3507 5268 3595 5308 re-

1942 5352 2273 5417 portamus,
2296 5346 2543 5418 quando
2563 5344 2981 5416 amplectimur
3002 5360 3259 5410 crucem,
3275 5359 3459 5415 quam
3484 5342 3597 5397 hu-

1944 5434 2118 5493 meris
2170 5436 2285 5490 tuis
2337 5442 2587 5506 gestare,
2619 5439 2676 5490 et
2722 5434 2937 5500 subire,
2994 5440 3051 5490 et
3099 5434 3161 5488 in
3219 5448 3291 5489 ea
3326 5430 3595 5501 cruciﬁgi

1943 5525 2228 5595 dignatus
2259 5539 2345 5582 es.
