4038 6312
528 262 677 342 nes

1183 406 1542 462 Triadicum.

604 496 900 553 Unitatem
921 496 1104 551 tribus
1122 495 1390 567 personis
1408 495 1749 550 distinctam
1771 498 1827 549 et
1841 494 2180 550 Trinitatem

528 586 589 641 in
607 601 725 641 una
739 585 1277 641 naturaadoratam
1292 584 1679 652 celebro,tres
1708 585 1809 655 qui
1842 583 2020 638 simul
2043 586 2183 637 sunt

524 674 629 730 lux
660 674 835 741 trina,
869 677 1119 739 Patrem,
1139 678 1195 728 et
1226 674 1453 741 Filium,
1484 679 1539 727 et
1572 672 1854 744 Spiritum
1882 678 2178 728 sanctum.

1152 846 1523 903 Theotocium
1534 888 1546 902 .

598 936 1014 991 Miraculorum
1029 936 1301 991 omnium
1318 937 1647 1011 maximum
1664 935 2021 991 miraculum
2043 935 2103 991 in
2127 940 2180 992 te

528 1025 824 1095 apparuit,
876 1025 1097 1079 intacta
1138 1025 1331 1094 Virgo.
1387 1031 1622 1094 Agnum
1667 1023 1849 1090 enim,
1898 1025 2001 1096 qui
2034 1024 2182 1080 tollit

529 1120 776 1183 peccata
807 1113 1036 1182 muudi,
1071 1120 1131 1168 tu
1162 1114 1221 1167 in
1252 1115 1398 1168 itero
1429 1115 1664 1184 gestasti
1690 1129 1703 1166 :
1738 1130 1920 1186 quem
1956 1114 2180 1169 indesi-

527 1208 733 1258 nenter
764 1218 870 1273 pro
894 1204 1093 1266 nobis,
1121 1203 1225 1274 qui
1245 1202 1455 1259 laudes
1482 1208 1617 1259 tuas
1649 1203 2049 1268 concinimus,
2081 1205 2182 1259 de-

527 1308 792 1362 precare.

1184 1381 1527 1439 Catabasia.

592 1489 820 1559 Typum
835 1488 1054 1544 divinae
1069 1488 1266 1543 Crucis
1280 1489 1875 1560 prtefiguravitlonas
1888 1490 1945 1544 in
1969 1494 2178 1545 ventre

518 1577 651 1640 ceti,
684 1579 968 1648 expansis
1026 1578 1327 1644 manibus,
1374 1578 1726 1650 exsiluitque
1756 1579 2072 1635 incolumis
2104 1595 2174 1635 ex

519 1665 739 1732 bellua,
772 1668 979 1723 virtute
1006 1674 1124 1733 tua,
1160 1668 1439 1723 Verbum.

1160 1844 1529 1901 Idiomelum.

593 1931 892 1987 Flammea
904 1933 1237 2004 rnomphea
1251 1949 1370 1988 non
1387 1933 1919 2006 custoditamplius
1932 1939 2171 2006 portam

510 2022 777 2093 paradisi
803 2038 816 2086 ;
848 2024 1063 2077 etenim
1084 2022 1457 2093 inopinatum
1482 2023 2167 2092 supervenitvinculnm,

514 2112 705 2166 crucis
732 2110 1004 2165 videlicet
1032 2109 1287 2182 lignum.
1319 2112 1515 2166 Mortis
1547 2112 1847 2179 stimulus,
1882 2120 1937 2168 et
1966 2114 2173 2168 mortis

511 2199 762 2255 victoria
815 2198 1066 2270 depulsa
1124 2206 1230 2254 est.
1297 2200 1539 2255 Astitistj
1593 2208 1814 2266 autem,
1876 2204 2168 2267 Servator,

510 2287 642 2354 illis,
701 2290 803 2360 qui
860 2289 1022 2359 apud
1078 2288 1301 2344 inferos
1354 2295 1543 2358 erant,
1601 2290 1909 2346 clamans:
1955 2292 2173 2347 Intrate

513 2375 727 2432 iterum
753 2378 812 2431 in
841 2376 1210 2447 paradisum.

1243 2466 1452 2521 (Ecus.

586 2556 722 2608 Tres
753 2570 957 2609 cruces
978 2554 1105 2609 ﬁxit
1134 2554 1348 2610 Pilatus
1380 2556 1437 2610 in
1474 2556 1783 2625 Golgotha.
1816 2559 1969 2612 Duas
1997 2557 2175 2613 latro-

516 2642 715 2707 nibus,
738 2648 793 2699 et
813 2660 994 2698 unam
1027 2645 1157 2697 vitae
1190 2645 1675 2715 largitori,quam
1708 2652 1767 2700 ut
1797 2645 1939 2700 vidit
1963 2647 2171 2719 Oreus,

515 2731 664 2787 dixit
687 2732 896 2786 inferni
923 2733 1131 2786 incolis
1160 2747 1169 2785 ;
1208 2732 1453 2787 Sodales
1472 2732 1587 2787 mei
1618 2734 2011 2803 etadjutores,
2038 2735 2173 2805 quis

514 2826 621 2885 est,
650 2819 751 2891 qui
777 2819 1013 2874 clavum
1049 2820 1109 2873 in
1138 2827 1340 2890 pectus
1364 2836 1562 2875 meum
1583 2821 1768 2889 adigit
1794 2820 1821 2874 ?
1851 2824 2170 2892 Derepente

513 2900 1197 2973 vulneravitmelancea,
1217 2909 1650 2980 etdisrumpor.
1674 2910 2165 2975 Interioradoleo,

512 3003 775 3053 ventrem
803 3013 1005 3052 meum
1027 2998 1225 3052 doleo.
1259 3001 1481 3053 Sensus
1513 3016 1681 3053 meus
1711 3005 1766 3054 et
1788 3000 2028 3071 spiritus
2052 3004 2169 3054 tur-

1784 264 1851 338 ε.
1887 262 2254 337 resonam
2288 254 2618 335 srUDm‘E

2894 402 3275 479 Τριαδικόν.

2362 489 2584 546 Μονάδα
2637 496 2784 567 τρισὶ
2843 503 3211 569 χαρακτῆρσιν
3243 496 3404 567 ύμνῶ,
3458 500 3548 549 καὶ
3583 495 3792 572 Τριάδα
3835 498 3880 552 ἐν

2290 587 2389 653 μιᾷ
2427 585 2578 654 φύσει
2626 589 3103 655 προσκυνουμένην,
3146 588 3270 637 Θεὸν
3325 587 3391 637 τὰ
3442 591 3564 659 τρία
3610 588 3741 659 ὁμοῦ
3787 598 3881 661 φὼς

2291 671 2581 743 τρισὴλιον,
2632 675 2717 724 τὸν
2802 678 3025 747 Πατέρα,
3096 678 3185 725 καὶ
3247 676 3385 739 Υὶὸν,
3437 680 3525 728 καὶ
3604 684 3663 728 τὸ
3738 678 3878 749 ἅγιον

2292 765 2516 831 Πνεῦμα.

2902 854 3264 907 Θεοτὸκιον.

2362 939 2659 1010 Θαυμάτων
2709 942 2770 991 τὸ
2800 943 3044 1011 μέγιστον
3094 942 3271 1013 θαῦμα
3300 942 3348 993 ἓν
3391 945 3474 994 σοὶ
3502 941 3674 1015 ὤφθη,
3728 946 3876 999 ἄσπι-

2290 1024 2342 1077 λε
2395 1026 2607 1097 ’Δμνοὶς.
2662 1031 2759 1080 Τὸν
2818 1030 2916 1102 γὰρ
2967 1031 3182 1103 αἴροντα
3229 1034 3431 1102 κόσμου
3486 1035 3580 1091 τὴν
3630 1032 3876 1107 ἁμαρτίαν

2290 1111 2476 1185 ’Δμνὸν
2530 1114 2851 1181 ἀπεκύησας,
2910 1117 2964 1168 ὂν
2995 1113 3233 1172 δυσώπει
3279 1117 3491 1182 ἐκτενῶς
3540 1122 3669 1197 ὑπερ
3695 1131 3876 1175 τῶνσε

2290 1202 2606 1274 ὑμνούντων.

2877 1379 3289 1440 Καταϐασὶα.

2356 1489 2454 1538 Τὸν
2520 1488 2677 1539 τύπον
2734 1494 2823 1539 τοῦ
2864 1489 3001 1540 θείου
3068 1496 3295 1563 σταυροῦ
3352 1489 3546 1556 Ἰωνᾶς,
3603 1493 3655 1543 ἓν
3713 1492 3878 1563 κοιλὶᾳ

2286 1582 2382 1626 τοῦ
2443 1579 2655 1643 κήτους,
2734 1580 3034 1647 τεταμέναις
3113 1577 3397 1650 παλάμαις,
3465 1576 3874 1654 προδιεχοὲραξε,

2285 1669 2374 1716 καὶ
2408 1662 2612 1737 ἀνεθορε
2645 1669 2967 1737 σεσωσμένος
3017 1674 3112 1718 τοῦ
3165 1669 3324 1738 θηρὸς
3375 1675 3439 1740 τῇ
3490 1665 3715 1741 δυνάμει
3768 1688 3875 1736 σου,

2206 1755 2252 1811 Β
2285 1757 2443 1823 Λόγε.

2713 1844 3066 1895 Κοντάκιον
3100 1840 3453 1916 ἰδιόμελον.

2355 1929 2543 1983 Οὐκέτι
2596 1930 2807 2002 φλογίνη
2858 1932 3093 2005 ῥομφαία
3145 1932 3388 2002 φυλάττει
3452 1940 3542 1994 τὴν
3587 1935 3761 1994 πύλην
3789 1944 3878 1997 τῆς

2282 2015 2460 2091 Ἐδεμ,
2516 2023 2649 2092 αὐτῇ
2678 2021 2781 2093 γὰρ
2828 2018 3013 2079 ἐπῆλθε
3068 2018 3368 2096 παράδοξος
3404 2020 3569 2089 δίσις,
3620 2028 3681 2077 τὸ
3738 2024 3880 2087 ξύλον

2280 2116 2372 2159 τοῦ
2405 2116 2656 2181 σταυροῦ.
2706 2112 2940 2162 Θανάτου
2981 2113 3038 2163 τὸ
3087 2113 3313 2184 κέντρον,
3346 2116 3435 2164 καὶ
3473 2109 3608 2183 ᾁδου
3654 2116 3715 2166 τὸ
3745 2120 3878 2174 νῖκος

2282 2195 2540 2255 ἐλήλαται.
2576 2198 2829 2258 Ἐπέστης
2860 2194 2935 2260 δὲ,
2975 2203 3150 2269 Σωτήρ
3180 2218 3303 2271 μου,
3340 2199 3477 2272 βοῶν
3518 2208 3626 2263 τοῖς
3667 2201 3717 2253 ἐν
3750 2198 3874 2274 ᾅδῃ,

2283 2286 2574 2357 Εἰσάγεσθε
2598 2287 2749 2339 πάλιν
2784 2287 2852 2348 εἰς
2880 2291 2967 2340 τὸν
2992 2285 3340 2360 παράδεισον.

2948 2463 3007 2517 Ὁ
3042 2460 3178 2517 οἶκο
3196 2486 3239 2527 ς.

2352 2560 2497 2625 Τρεῖς
2550 2556 2804 2627 σταυροὺς
2850 2552 3097 2621 ἐπήξατο,
3158 2553 3207 2605 ἓν
3272 2553 3506 2626 Γολγοθᾴ
3556 2556 3587 2607 6
3637 2555 3876 2621 Πιλάτος,

2284 2639 2381 2695 δύο
2403 2650 2511 2703 τοῖς
2538 2643 2885 2715 λῃστεύσασι,
2935 2648 3023 2694 καὶ
3079 2643 3163 2695 ἕνα
3194 2651 3284 2695 τοῦ
3339 2641 3626 2709 ξωοδοτου,
3662 2648 3717 2697 ὃν
3749 2643 3874 2699 εἶδεν

2282 2733 2307 2782 6
2332 2728 2488 2802 ᾁδης,
2522 2736 2611 2784 καὶ
2658 2728 2765 2783 εἷπε
2818 2738 2929 2793 τοῖς
2981 2733 3121 2784 κάτω
3149 2747 3163 2761 ”
3204 2731 3275 2784 Ὦ
3314 2732 3604 2805 λειτουργοί
3632 2753 3759 2806 μου,
3792 2738 3875 2786 καὶ

2282 2817 2528 2892 δυνάμεις
2561 2839 2684 2891 μου,
2725 2824 2803 2882 τίς
2863 2821 2888 2871 6
2922 2818 3155 2892 ἐμπήξας
3196 2821 3313 2878 ἧλον
3360 2829 3423 2894 τῇ
3481 2818 3686 2896 καρδίᾳ
3737 2842 3870 2895 μους

2279 2908 2456 2971 ξυλίνη
2498 2928 2560 2981 με
2594 2909 2766 2981 λόγχη
2815 2907 3076 2966 ἐκέντησεν
3126 2909 3287 2982 ἆφνω,
3336 2915 3424 2963 καὶ
3454 2907 3872 2986 διαρῥήσσομαι.

2277 3001 2354 3050 Τὰ
2409 2994 2553 3050 ἔνδον
2627 3018 2727 3070 μου
2794 3005 2952 3063 πονῶ,
3016 3002 3109 3056 τὴν
3166 2998 3364 3051 κοιλίαν
3414 3019 3514 3071 μου
3569 2998 3735 3071 ἀλγῶ.
3802 3002 3873 3052 Τὰ

510 3086 750 3151 bantur,
773 3101 1074 3157 cogorque
1095 3086 1304 3156 ejicere
1326 3087 1526 3141 denuo
1550 3088 1843 3142 Adamum
1868 3096 1919 3143 et
1952 3088 2164 3145 Adami

2294 3087 2600 3160 ιὶσθητὴριά
2658 3106 2757 3158 μου
2820 3089 3115 3157 μαιμάσσει
3176 3092 3233 3140 τὸ
3312 3091 3512 3160 πνεῦμά
3590 3109 3716 3160 μου,
3786 3093 3869 3141 καὶ

510 3181 780 3245 posteros
808 3174 953 3229 mihi
986 3190 1087 3245 per
1112 3174 1340 3244 lignum
1363 3175 1534 3231 datos
1564 3192 1577 3241 ;
1609 3192 1748 3231 nam
1768 3176 1995 3247 lignum
2020 3177 2163 3231 istos

506 3262 719 3318 iterum
757 3265 817 3319 in
850 3264 1199 3335 paradisum
1233 3262 1482 3319 inducit.

1203 3529 1341 3587 ODA
1377 3531 1463 3586 Vl.

579 3635 983 3699 Resurrexisti,
1037 3636 1302 3702 Domine,
1366 3653 1438 3692 ex
1490 3637 1761 3709 sepulcro
1819 3639 1990 3696 tertia
2041 3640 2160 3709 die,

507 3730 798 3796 tanquam
822 3726 1149 3793 dormiens,
1167 3726 1466 3796 percussis
1487 3726 1692 3781 divina
1714 3728 1924 3783 virtute
1948 3729 2162 3787 inferni

504 3814 875 3869 custodibus.
902 3814 1296 3885 Excitatisque
1319 3830 1525 3870 rursus
1549 3832 1584 3871 a
1615 3821 1669 3872 te
1700 3818 1909 3887 primis
1938 3834 2158 3888 paren-

504 3902 686 3969 tibus,
715 3902 819 3974 qui
850 3902 1013 3958 solus
1042 3917 1105 3958 es
1134 3902 1482 3960 benedictus
1512 3910 1569 3959 et
1597 3903 1892 3975 gloriosus
1920 3907 2161 3963 Patrum

503 3991 681 4047 Deus.

573 4082 635 4135 In
651 4081 895 4137 canticis
918 4081 1316 4153 tripudiantes
1344 4081 1709 4137 exsultemus
1727 4083 1905 4139 hodie
1924 4086 2154 4158 populi,

501 4170 694 4226 crucis
724 4170 1076 4226 adoratione
1124 4170 1311 4233 illum,
1340 4171 1444 4242 qui
1474 4171 1532 4226 in
1565 4187 1637 4227 ea
1666 4172 1821 4226 ﬁxus
1850 4180 1958 4238 est,
1995 4175 2161 4229 Chri-

500 4264 626 4315 tum
641 4259 1064 4329 gloriﬁcantes,
1081 4259 1359 4330 quisolus
1378 4262 1527 4315 Deus
1552 4264 1787 4317 Patrum
1812 4268 2155 4319 nostrorum

497 4346 850 4403 benedictus
878 4354 963 4403 est
990 4352 1046 4403 et
1071 4350 1392 4417 gloriosus.

573 4436 684 4500 Qui
732 4435 936 4501 fecisti,
995 4442 1056 4492 ut
1134 4453 1279 4492 crux
1337 4442 1436 4492 tua
1489 4437 1864 4495 mortalitatis
1943 4440 2231 4503 instru-D

497 4531 764 4579 mentum
826 4526 989 4580 ﬁeret
1046 4525 1203 4591 vitae,
1250 4527 1424 4600 quasi
1477 4526 1737 4593 ofﬁcina,
1774 4529 1874 4584 toti
1926 4529 2155 4585 mundo

496 4613 929 4680 desiderabilis,
992 4619 1291 4687 quotquot
1368 4631 1502 4671 eam
1583 4618 1858 4687 adorant,
1943 4619 2154 4673 sancti-

495 4701 629 4773 ﬁca,
691 4704 794 4775 qui
845 4704 1011 4759 solus
1066 4719 1129 4759 es
1190 4707 1338 4759 Deus
1394 4707 1653 4767 Patrum,
1706 4706 2057 4762 benedictus
2100 4712 2157 4764 et

494 4792 791 4861 gloriosus
804 4833 816 4847 .

565 4881 851 4946 Quisolus
880 4897 943 4936 es
958 4881 1295 4938 misericors
1324 4880 1674 4948 etclemens,
1709 4883 2155 4951 illumina,san-

492 4970 646 5027 tiﬁca
666 4987 785 5036 eos,
811 4971 915 5042 qui
936 4987 1174 5026 crucem
1199 4978 1361 5027 tuam
1389 4971 1781 5043 divinamque
1801 4974 2152 5045 passionem

490 5067 823 5115 reverenter
854 5061 1128 5130 adorant,
1159 5061 1263 5131 qui
1299 5059 1464 5115 solus
1494 5075 1557 5115 es
1594 5064 1745 5116 Deus
1772 5065 2009 5118 Patrum
2042 5062 2156 5118 be-

490 5148 761 5205 nedictus
794 5153 850 5204 et
881 5149 1205 5218 gloriosus.

1147 5237 1509 5295 Triariicum.

560 5328 751 5383 Unam
790 5329 853 5384 in
896 5326 1085 5383 tribus
1129 5328 1555 5400 hypostasibus
1584 5344 1835 5385 veneror
1860 5328 2151 5387 divinita-

486 5422 625 5475 tem.
655 5420 775 5473 Lux
805 5416 965 5473 enim
996 5419 1162 5472 Pater
1192 5423 1280 5473 est
1305 5433 1320 5485 ;
1352 5417 1455 5473 lux
1479 5418 1681 5484 Filius,
1706 5417 1807 5474 lux
1849 5420 2104 5490 Spiritus
2133 5438 2149 5489 ;

482 5523 618 5580 quae
647 5507 748 5563 lux
776 5505 1152 5562 indivisibiiis
1184 5522 1543 5579 permanens
1574 5508 1634 5563 in
1666 5523 1788 5564 una
1808 5514 2024 5567 natura
2048 5511 2148 5568 tri-

480 5598 717 5675 busque
748 5610 1145 5673 personarum
1183 5597 1358 5672 quasi
1391 5595 1578 5654 radiis
1609 5596 1902 5673 splendet.

2275 3176 2640 3248 ἀναγκάζομαι
2687 3175 3060 3247 ἐξερεύξασθαι
3098 3180 3184 3228 τὸν
3251 3173 3443 3249 ’Δδὰμ,
3503 3181 3591 3235 καὶ
3650 3186 3771 3239 τοῦς
3822 3176 3871 3238 ἐξ

2273 3261 2451 3337 Ἀδὰμ
2478 3264 2615 3337 ξύλῳ
2670 3261 2911 3325 δοθέντας
2958 3284 3067 3337 μοι.
3113 3265 3271 3318 Ξύλον
3318 3268 3418 3338 γὰρ
3472 3268 3691 3329 τούτους
3718 3266 3871 3320 πάλιν

2272 3354 2471 3427 εἰσάγει
2497 3356 2566 3419 εὶς
2597 3358 2684 3407 τὸν
2715 3351 3061 3429 παράδεισον.

2930 3538 3063 3606 om
3102 3530 3207 3616 ς-ι.

2343 3639 2589 3702 Ἀνέστης
2643 3638 2699 3691 ἐκ
2753 3647 2843 3693 τοῦ
2896 3644 3059 3712 τάφου
3126 3643 3424 3715 τριήμερος,
3480 3642 3551 3701 ὡς
3592 3642 3619 3693 6
3677 3642 3873 3706 ὑπνῶν,

2272 3731 2447 3801 Κύριε,
2506 3726 2640 3800 ᾅδου
2690 3730 2963 3802 πυλωροὺς
3026 3729 3249 3792 πατάξας
3334 3732 3445 3802 θείᾳ
3500 3726 3748 3802 δυνάμει,
3792 3737 3879 3783 καὶ

2270 3821 2390 3878 τούς
2436 3818 2596 3871 πάλαι
2628 3816 2833 3892 ἐγείρας
2864 3819 3215 3892 προπάτορας,
3276 3819 3300 3869 6
3365 3824 3520 3891 μόνος
3571 3818 3876 3891 εὐλογητὸς,

2268 3916 2367 3960 τῶν
2392 3913 2624 3983 πατέρων
2652 3910 2808 3971 Θεὸς,
2830 3912 2920 3960 καὶ
2951 3904 3311 3980 ύπερένδοξος.

2339 4090 2413 4157 Τῇ
2463 4084 2595 4158 λύρᾳ
2617 4092 2716 4137 τῶν
2770 4083 3018 4159 ᾀσμάτων
3067 4088 3393 4160 χορεύοντες.
3432 4082 3877 4159 ἀγαλλιασώμεθα

2268 4177 2493 4246 σήμερον
2554 4173 2690 4240 λαοὶ,
2737 4181 2798 4246 τῇ
2852 4182 2943 4227 τοῦ
3000 4182 3229 4245 σταυροῦ
3270 4178 3646 4246 προσκυνήσει,
3698 4179 3792 4227 τὸν
3830 4173 3877 4227 έν

2265 4263 2428 4333 τούτῳ
2466 4267 2697 4332 παγέντα
2750 4267 2979 4334 Χριστὸν
3034 4260 3361 4329 δοξάζοντες,
3414 4266 3501 4315 τὸν
3530 4268 3688 4334 μόνον
3741 4263 3877 4316 εὐλο-

2264 4354 2425 4422 γητόν
2463 4358 2559 4402 τῶν
2586 4355 2815 4423 πατέρων
2845 4355 2993 4417 Θεὸν,
3035 4355 3124 4405 καὶ
3154 4348 3511 4425 ὑπερένδοξον.

2337 4439 2395 4490 Ὀ
2436 4435 2610 4502 δείξας
2677 4444 2731 4492 τὸ
2791 4443 3097 4502 θνητὸτητος
3148 4439 3383 4513 ὄργανον,
3435 4442 3578 4501 ζωῆς
3615 4440 3875 4515 ἐργαστή-

2264 4546 2376 4601 ριον
2430 4548 2616 4600 κνοσμῳ
2649 4528 2946 4596 ἀσπαστὸν,
3004 4533 3091 4581 τὸν
3147 4534 3236 4581 σὸν
3285 4533 3529 4603 σταυρὸν,
3564 4536 3877 4602 πανοατίρ-

2266 4637 2382 4689 μον,
2422 4621 2542 4679 τοὺς
2573 4618 2731 4670 αὐτὸν
2781 4626 3199 4691 προσκυνοῦντας
3239 4618 3479 4690 ἁγίασον,
3522 4620 3548 4670 6
3586 4623 3749 4691 μόνος
3803 4620 3875 4673 εύο

2264 4705 2480 4778 λογητὸς
2511 4715 2609 4760 τῶν
2642 4712 2871 4784 πατέρων
2897 4712 3031 4770 Θεὸς
3054 4714 3142 4760 καὶ
3165 4704 3519 4781 ύπερένδοξος.

2339 4883 2398 4936 Ὀ
2427 4890 2579 4957 μόνος
2619 4885 2843 4960 ἱλεήμων
2883 4891 2971 4939 καὶ
3015 4885 3381 4958 εῦσπλαγχνος
3431 4890 3677 4957 φὼτισον,
3727 4886 3876 4959 ἁγία-

2272 4992 2381 5039 σον,
2433 4979 2553 5047 μόνε
2633 4974 2827 5044 Ἰησοῦ,
2886 4980 3007 5039 τούς
3055 4977 3473 5049 προσκυνοῦντας
3531 4994 3630 5028 σου
3667 4985 3876 5037 πιστῶς

2266 5066 2353 5114 τὸν
2387 5068 2634 5140 σταυρὸν,
2686 5070 2775 5117 καὶ
2828 5067 2892 5116 τὰ
2950 5067 3060 5117 θεῖα
3109 5067 3420 5135 παθήματα,
3461 5066 3487 5116 ὀ
3538 5068 3700 5135 μόνος
3742 5065 3878 5118 εύλο·

2265 5155 2429 5224 γητος
2452 5162 2550 5205 τῶν
2580 5172 2808 5228 πατερων
2838 5156 2971 5214 Θεὸς
3007 5158 3097 5205 καὶ
3127 5150 3482 5225 ύπερένδοξος.

2873 5239 3260 5317 Τριαδικόν.

2332 5328 2553 5385 Μονάδα
2585 5331 2634 5384 ἐν
2659 5336 2833 5408 τρισὶν
2866 5334 3227 5385 ύποστάσεσιν
3282 5332 3423 5403 ύμνῶ
3467 5335 3559 5390 τὴν
3603 5336 3869 5391 Θεότητα.

2259 5427 2372 5485 Φῶς
2406 5425 2507 5495 γὰρ
2552 5423 2578 5474 6
2632 5427 2833 5496 Πατὴρ,
2865 5431 2971 5495 φῶς
2998 5423 3023 5474 6
3056 5424 3195 5487 Υἱὸς,
3255 5429 3374 5493 φῶς
3398 5424 3458 5473 τὸ
3484 5427 3727 5493 Πνεῦμα,
3785 5429 3871 5475 τοῦ

2258 5513 2421 5584 φωτὸς
2492 5509 2714 5585 ἀμεροῦς
2795 5508 3153 5584 διαμένοντος,
3244 5509 3447 5569 ἕνότητε
3498 5518 3706 5584 γεραιῷ
3786 5515 3874 5566 καὶ

2256 5598 2438 5655 ἀκτῖσι
2460 5605 2606 5677 τρισί
2634 5604 2924 5677 προσώπων
2952 5599 3282 5675 λάμποντος.
