4038 6312
203 278 338 356 iter”;
914 314 917 315 ί
1196 270 1435 351 CANON
1470 278 1541 350 IN
1579 264 2109 349 Anoamouau
2144 288 2211 345 *s.
2254 264 2548 346 CRUCIS.
3390 268 3548 344 rust

807 424 1178 477 Θεοτόκιον,
1818 419 1865 472 Α

1818 419 1865 472 Α
2528 413 2920 470 Theotocium.

264 515 335 565 T6
401 512 605 564 πάντων
656 518 937 583 προφητῶν
1014 509 1343 579 πολυώννμον
1398 512 1463 560 σὺ
1530 509 1789 580 ὑπάρχεις

1969 504 2249 560 Omnium
2306 503 2733 575 prophetarum
2792 509 2849 557 tu
2890 503 3443 558 decantatissimum
3488 521 3547 559 es

197 606 467 674 κήρυγμα.
502 600 645 656 Πύλη
697 601 799 671 γὰρ
846 606 1001 664 Θεοῦ,
1036 599 1262 669 στάμνος
1291 604 1498 669 χρυσῆ,
1540 605 1607 668 γῆ
1664 596 1792 666 ἁγία

1954 593 2285 648 raaconium.
2322 596 2491 647 Porta
2521 593 2682 647 enim
2719 592 2814 646 Dei
2845 607 2929 655 es,
2965 607 3113 646 urna
3143 608 3360 658 aurea;
3397 600 3549 649 terra

197 688 534 761 ἀνεδείχθης,
603 691 826 762 Παρθένε
879 690 1147 759 θεόνυμφε,
1222 692 1475 744 κυήσασα
1527 685 1576 736 ἐν
1630 689 1790 757 σαρκὶ

1949 690 2128 745 incta,
2174 697 2209 735 o
2260 682 2429 750 Virgo
2487 682 2586 736 Dei
2636 682 2885 751 Sponsa,
2930 696 3064 752 quas
3113 681 3435 750 concepisti
3487 684 3544 737 in

194 780 402 839 Ἰησοῦν
450 781 538 830 τὸν
600 780 852 851 Χριστὸν,
910 780 996 829 τὸν
1051 784 1148 828 τῶν
1202 779 1436 850 πατέρων
1491 777 1640 841 Θεὸν,
1701 778 1788 825 καὶ

1952 787 2075 826 trne
2103 773 2303 826 Jesum
2336 770 2652 835 Christum,
2702 770 2807 840 qui
2838 777 2924 825 est
2976 770 3271 839 gloriosus
3308 773 3547 828 Patrum

194 863 563 941 ὑπερενδοξον.

482 885 563 922 ον.
1902 860 2053 913 Deus
2066 902 2077 914 .

793 958 1195 1014 Καταϐασία.

2551 953 2887 1010 Catabasia.

266 1060 580 1133 Φλογώσεως
633 1059 659 1110 6
708 1054 901 1117 παῖδας
963 1058 1274 1131 ῥυσάμενος,
1336 1057 1508 1128 σάρκα
1562 1052 1791 1128 προσλα-

1968 1054 2077 1118 Qui
2109 1058 2222 1107 tres
2276 1067 2494 1123 pueros
2529 1052 2603 1106 de
2625 1052 2864 1107 camino
2906 1053 3058 1122 ignis
3098 1052 3395 1120 liberavit,
3456 1054 3549 1109 ille

192 1150 422 1223 ϐὀμενος,
470 1146 620 1207 ἦλθεν
678 1146 762 1198 ἐπὶ
814 1154 931 1218 γῆς,
999 1150 1089 1198 καὶ
1147 1152 1354 1219 σταυρῷ
1410 1143 1785 1218 προσηλωθεὶς,

1958 1147 2208 1212 :sumpta
2234 1156 2411 1196 carne
2437 1141 2696 1205 advenit,
2729 1148 2784 1196 et
2811 1142 2970 1196 cruci
2997 1141 3178 1196 clavis
3216 1142 3429 1197 afﬁxus
3462 1160 3553 1199 sa-

193 1243 461 1314 σωτηρίαν
518 1240 644 1307 ἡμῖν
696 1232 1025 1309 ἂδωρήσατο,
1086 1236 1112 1286 ό
1162 1240 1311 1307 μόνος
1359 1232 1636 1304 εὐλογητὸς
1686 1240 1787 1284 τῶν

1962 1237 2079 1285 tem
2130 1230 2305 1285 nobis
2351 1229 2564 1294 reddit,
2615 1230 2717 1300 qui
2753 1229 2913 1286 solus
2961 1235 3052 1285 est
3099 1230 3450 1288 benedictus
3496 1237 3551 1288 et

189 1332 427 1404 πατέρων
455 1330 607 1391 Θεὸς,
626 1330 716 1378 καὶ
742 1321 1106 1397 ύπερένδοξος.

1073 1345 1106 1384 ;.
1896 1318 2191 1388 gloriosus
2224 1321 2461 1374 Patrum
2493 1321 2668 1373 Deus.

872 1435 1004 1502 ῼΔΗ
1043 1428 1117 1481 Ζ’.

2573 1425 2716 1480 ODA
2755 1425 2868 1482 VII.

261 1525 414 1598 Μύρα
442 1523 491 1573 ἑν
515 1524 676 1594 χερσὶ
708 1523 759 1571 τί
783 1521 1033 1591 κατέχετε
1063 1518 1189 1579 ὅλως
1217 1534 1230 1584 ;
1259 1522 1376 1569 τίνα
1407 1514 1464 1569 δὲ
1492 1516 1783 1587 ἐκζητεῖτε;

1966 1512 2081 1567 Cur
2112 1517 2417 1581 unguenta
2443 1512 2603 1568 fertis
2636 1515 2694 1567 in
2728 1530 2914 1568 manu
2941 1513 2969 1568 ‘I
3001 1515 3186 1579 Quem
3221 1515 3490 1586 quaeritis
3525 1515 3552 1569 i’

187 1619 298 1666 Νῦν
339 1613 365 1663 6
404 1617 576 1684 φανεὶς
614 1613 858 1673 νεανίαις,
913 1608 961 1660 ἐν
1014 1615 1087 1679 τῷ
1138 1610 1284 1679 τάφῳ
1334 1606 1493 1679 βοῶν,
1540 1607 1782 1668 ἐξανίστη

1956 1604 2004 1656 ui
2044 1601 2230 1656 tribus
2260 1601 2459 1671 pueris
2504 1603 2800 1672 apparuit,
2832 1603 3131 1658 clamabat
3164 1606 3223 1658 in
3274 1605 3551 1676 sepulcro

190 1704 216 1754 6
259 1703 493 1775 Χριστὸς
523 1704 612 1750 καὶ
650 1702 776 1758 Θεὸς
823 1701 988 1769 ἡμῶν,
1046 1696 1348 1758 ἀναστήσας
1386 1699 1541 1768 φύσιν
1591 1692 1785 1769 βροτῶν

1955 1690 2163 1761 igelus,
2190 1692 2237 1744 is
2270 1690 2592 1745 resurrexit
2624 1690 2883 1746 Christus
2913 1695 3063 1746 Deus
3094 1698 3312 1757 noster,
3343 1693 3550 1748 simul-

190 1787 329 1863 ᾅδου
359 1790 687 1860 κευθμώνων,

1917 1796 2014 1851 [ue
2038 1779 2379 1834 mortalium
2414 1784 2689 1833 naturam
2712 1795 2785 1834 ex
2814 1778 3025 1834 inferni
3058 1781 3244 1836 antris
3276 1782 3512 1853 eripuit.

262 1882 500 1950 Χαίροις,
554 1879 613 1928 τὸ
666 1874 961 1948 τρισόλϐιον
1002 1874 1173 1939 ξύλον,
1229 1879 1319 1927 καὶ
1372 1876 1523 1941 θεῖον,
1574 1875 1786 1947 σταυρὲ,

1970 1868 2159 1933 Salve,
2194 1884 2230 1922 o
2280 1872 2362 1922 ter
2391 1868 2637 1922 beatum
2665 1868 2919 1936 lignum,
2956 1874 3011 1924 et
3053 1869 3347 1935 divinum,
3380 1887 3547 1942 crux,

190 1977 299 2041 φῶς
342 1974 448 2027 τοῖς
480 1965 528 2017 ἐν
563 1969 757 2030 σκότει,
791 1966 815 2016 6
868 1966 1231 2039 τετραπεράτῳ
1261 1969 1442 2036 κόσμῳ
1485 1971 1546 2035 τῇ
1601 1963 1785 2034 ἐλλάμ-

1955 1973 2104 2012 lmen
2152 1955 2266 2020 his,
2315 1956 2418 2027 qui
2462 1957 2521 2010 in
2565 1958 2817 2010 tenebris
2861 1957 3105 2027 degunt,
3148 1974 3279 2029 quae
3322 1960 3550 2015 mundo

186 2057 279 2129 ψει
326 2063 389 2129 τῇ
445 2061 510 2128 σῇ
566 2053 813 2127 ἐγέρσεως
845 2060 1080 2126 Χριστοῦ
1132 2049 1441 2124 προδεικνὺς
1478 2054 1569 2114 τὰς
1599 2055 1781 2124 αὐγάς.

1957 2052 2158 2102 .iatuor
2181 2045 2402 2099 ﬁnibus
2454 2046 2747 2100 constanti
2777 2045 3168 2102 illustrations
3224 2055 3323 2103 tua
3352 2049 3552 2103 radios

182 2146 442 2209 Ἀξίωσον
466 2146 659 2205 πάντας
697 2148 913 2204 πιστοὺς
945 2144 1144 2215 φθάσαι
1173 2148 1231 2195 τὸ
1259 2144 1479 2214 Πάσχα.

1957 2135 2347 2190 :surrectionis
2393 2132 2602 2188 Christi
2637 2136 3128 2205 praemonstrasti.
3166 2138 3443 2207 Dignare,
3492 2142 3552 2193 ut

1898 2239 2110 2280 omnes
2135 2222 2339 2277 ﬁdeles
2369 2222 2447 2277 ad
2475 2222 2707 2277 Pascha
2733 2224 3095 2293 pertingant.

260 2328 438 2395 Ταῦτῃ
477 2329 538 2394 τῇ
598 2323 768 2395 ἡμέρᾳ
815 2321 1026 2393 μυρίζει
1075 2323 1142 2372 τὰ
1190 2322 1335 2393 μύρα
1386 2328 1478 2380 τῆς
1526 2322 1666 2385 θείας
1695 2341 1791 2393 μυ-

1968 2313 2087 2366 Hac
2113 2312 2207 2366 die
2232 2311 2480 2366 odorem
2509 2312 2713 2365 halant
2738 2320 3043 2382 unguenta
3073 2329 3139 2368 ex
3157 2312 3379 2368 divinis
3412 2332 3548 2386 my-

185 2414 445 2484 ροθήκης,
490 2415 548 2463 τὸ
580 2410 942 2482 ζωομύριστον
987 2409 1135 2471 ξύλον
1167 2411 1192 2461 6
1244 2414 1470 2482 σταυρὸς
1520 2420 1612 2463 τοῦ
1658 2419 1780 2484 Χρι-

1953 2400 2196 2463 »ιΙιοοὶἱε,
2224 2416 2371 2453 crux
2411 2399 2691 2453 nimirum
2725 2399 2884 2454 vitali
2916 2409 3227 2469 unguento
3258 2402 3548 2460 delibuta.

191 2508 352 2556 στοῦ.
417 2500 817 2572 Ὀσφρανθὼμεν
866 2507 957 2559 τῆς
1007 2499 1167 2551 αὐτοῦ
1209 2502 1548 2552 θεοπνεύστου
1596 2498 1784 2573 ὀδμῆς,

1956 2489 2231 2543 doremur
2251 2487 2568 2553 caelestem,
2594 2504 2779 2559 quam
2800 2488 2983 2552 halat,
3014 2506 3259 2556 auram;
3294 2507 3551 2563 eamque

190 2589 351 2643 αὐτὸν
376 2596 791 2664 προσκυνοῦντες
818 2597 1020 2651 πιστῶς
1049 2588 1116 2649 εἰς
1141 2591 1262 2649 τοὺς
1292 2589 1501 2651 αἰῶνας.

1298 2589 1501 2651 αἰῶνας.
1898 2593 2036 2633 cum
2061 2577 2177 2631 ﬁde
2205 2576 2528 2631 adoremus
2562 2577 2621 2631 in
2653 2578 2893 2632 saecula.

263 2687 444 2753 Δεῦρο,
506 2679 769 2732 Ἐλισσαῖε
821 2687 1083 2751 προφῆτα,
1150 2678 1257 2730 εἰπε
1315 2680 1567 2750 ἐμφανῶς,
1622 2682 1675 2730 τί
1729 2681 1787 2730 τὸ

1968 2665 2205 2731 Adesto,
2239 2665 2463 2731 Elissae,
2498 2666 2593 2720 die
2634 2667 2854 2736 palam,
2885 2667 3176 2737 quidnam
3218 2669 3447 2737 lignum
3486 2669 3555 2723 il-

188 2767 341 2830 ξύλον
372 2771 553 2832 έκεῖνο,
586 2766 612 2817 ὃ
655 2767 727 2828 εὶς
757 2769 815 2817 τὸ
859 2762 1003 2837 ὕδωρ
1048 2767 1271 2826 καθῆκες
1303 2765 1401 2833 ,Ὁ
1434 2770 1661 2838 σταυρὸς
1698 2773 1783 2818 τοῦ

1963 2756 2021 2821 d,
2055 2754 2219 2826 quod
2258 2757 2317 2809 in
2350 2770 2571 2826 aquam
2606 2755 2894 2810 demisisti
2923 2756 2950 2810 Ἰ
2982 2758 3134 2811 Crux
3167 2757 3401 2826 Christi,
3433 2774 3554 2830 qua

187 2859 444 2932 Χριστοῦ,
500 2852 572 2907 δι’
613 2855 672 2907 οὗ
721 2851 920 2927 βάθους
971 2861 1068 2915 τῆς
1114 2856 1305 2927 φθορᾶς
1358 2853 1782 2927 ἁνειλκύσθημεν,

1956 2861 1969 2898 ἱ
1999 2843 2297 2914 profundo
2318 2842 2587 2898 interitus
2613 2843 2857 2898 extracti
2878 2861 3088 2899 sumus
3123 2861 3136 2898 :
3166 2861 3299 2900 eam
3334 2847 3551 2902 adora-

188 2946 349 2999 αύτὸν
376 2952 784 3018 προσκυνοῦντες
812 2952 1011 3005 πιστῶς
1039 2945 1110 3006 εἰς
1137 2947 1259 3006 τοὺς
1292 2944 1503 3005 αἰῶνας.

1074 2945 1110 3006 ἱς
1137 2947 1259 3006 τοὺς
1292 2944 1503 3005 αἰῶνας.
1897 2949 2033 2989 mus
2061 2931 2308 2987 ﬁdeliter
2332 2932 2395 2987 in
2428 2933 2669 2987 smcula.

265 3034 435 3087 Πάλαι
466 3033 669 3098 Ἰακὼϐ,
726 3042 1002 3106 προτυπῶν
1030 3038 1115 3084 τὸν
1148 3038 1371 3105 σταυρόν
1420 3052 1535 3099 σου,
1570 3037 1786 3106 Κριστὲ,
1834 3103 1860 3106 ῳ

1967 3021 2153 3075 Jacob
2184 3021 2326 3075 olim
2365 3021 2761 3091 praetigurans
2803 3037 3043 3077 crucem
3077 3027 3266 3089 tuam,
3304 3024 3551 3093 Christe,

191 3124 391 3195 Ἰωσὴφ
447 3103 772 3197 προσεκύνει
810 3130 906 3184 τῆς
968 3124 1102 3183 θείας
1179 3103 1383 3196 ῥάϐδου
1461 3127 1549 3174 τὸν
1606 3103 1784 3195 οἱκρον,

1958 3110 2194 3165 lorabat
2231 3110 2538 3179 fastigium
2579 3110 2798 3164 divinae
2835 3111 3013 3179 virgae
3053 3112 3299 3182 Joseph,
3330 3129 3553 3184 praevi-

192 3221 463 3287 σκῆπτρον
530 3215 725 3270 ταύτην
802 3215 1036 3284 φρικτὸν,
1097 3209 1369 3282 βασιλείας
1421 3230 1475 3263 τε
1539 3219 1629 3272 τῆς
1691 3219 1787 3273 σῆς

1955 3216 2048 3255 θος
2100 3215 2234 3254 eam
2265 3215 2395 3253 esse
2447 3200 2612 3269 regni
2668 3200 2753 3253 tui
2803 3205 3107 3271 sceptrum
3144 3202 3550 3257 tremendum,

189 3307 581 3375 προορώμενος,
614 3300 668 3351 ὃν
710 3307 798 3353 νῦν
849 3307 1261 3375 προσκυνοῦντες
1310 3308 1513 3362 πιστῶς
1552 3300 1624 3363 εἰς
1674 3304 1784 3361 τοὺς

1674 3304 1792 3361 τοὺς
1900 3304 2086 3362 quam
2117 3303 2279 3343 nunc
2304 3287 2557 3344 tideliter
2576 3289 2635 3343 in
2666 3288 2886 3345 saecula
2917 3289 3269 3345 adoramus.

188 3390 403 3451 αἰῶνας.

800 3474 1186 3553 Τριαδικόν.

2546 3467 2888 3523 Triadicum
2901 3506 2914 3521 .

260 3572 404 3622 Μίαν
445 3567 492 3620 ἓν
548 3571 695 3643 τρισὶ
733 3575 1105 3641 χαρακτῆρσιν
1162 3568 1345 3619 οὐσίαν
1386 3564 1594 3630 δοξάζω
1629 3565 1794 3639 ἀσυγ-

1974 3557 2164 3611 Unam
2195 3556 2254 3611 in
2286 3555 2473 3611 tribus
2504 3558 2774 3628 personis
2808 3556 3204 3612 substantiam
3236 3556 3555 3614 inconfuse

182 3659 395 3729 χύτως,
445 3661 866 3731 μονοπροσώπως
915 3658 982 3707 τὰ
1030 3660 1171 3728 τρία.
1222 3652 1364 3709 Οὐδὲ
1403 3660 1569 3727 τέμνω
1616 3663 1777 3729 μορφῂ

1956 3644 2185 3699 .oriﬁco.
2210 3647 2408 3714 Neque
2432 3648 2547 3698 tres
2565 3651 2781 3699 natura
2806 3644 3007 3700 divido
3029 3646 3284 3712 Patrem,
3316 3646 3551 3712 Filium,

181 3750 273 3800 τὸν
307 3750 517 3819 Πατέρα
557 3752 648 3798 καὶ
694 3747 813 3798 Υἰὸν
857 3748 951 3797 σὺν
1003 3753 1075 3815 τῷ
1117 3750 1398 3816 Πνεύματι.
1436 3747 1523 3808 Εἰς
1573 3748 1674 3820 γὰρ
1712 3745 1774 3797 in-

1981 3735 2263 3805 Spiritum
2289 3739 2583 3789 sanctum.
2629 3734 2791 3789 Unus
2832 3735 2990 3790 enim
3036 3738 3185 3790 Deus
3206 3742 3295 3791 est
3324 3737 3386 3791 in
3428 3752 3554 3791 om-

180 3836 398 3887 πάντων
423 3838 554 3898 Θεὸς
582 3834 652 3896 εἰς
691 3836 808 3895 τοὺς
839 3833 1046 3893 αἰῶνας.
1901 3841 2103 3898 nibus.

811 3944 1179 3993 Θεοτόκιον.

2532 3947 2903 4004 Theotocium
2915 3990 2928 4005 .

258 4035 413 4088 Μόνη
466 4028 515 4083 ἐν
569 4031 835 4103 μητράσιν
884 4025 1158 4101 ἓδείχθης,
1233 4029 1492 4102 Παρθίνος
1545 4030 1791 4102 θεόνυμφε

1977 4036 2112 4093 Sola
2142 4037 2292 4092 inter
2336 4042 2554 4091 matres
2610 4037 2782 4105 Virgo
2805 4054 2887 4105 es,
2921 4037 3017 4091 Dei
3072 4052 3295 4109 sponsa
3352 4039 3558 4107 Maria,

183 4120 402 4194 Μαρία,
451 4120 569 4172 ἄνευ
625 4115 817 4192 ἀνδρὸς
874 4125 1114 4170 τετοκῦῐα
1163 4120 1247 4169 τὸν
1305 4124 1517 4192 Σωτῆρα
1564 4123 1778 4193 Χριστὸι

1967 4142 2039 4181 lae
2065 4125 2191 4180 sine
2220 4127 2343 4181 viro
2384 4125 2661 4197 peperisti
2690 4125 3057 4181 Salvatorem
3101 4125 3417 4192 Christum,
3453 4144 3562 4197 pu-

181 4218 284 4272 τῆς
316 4208 530 4281 ἁγνείας
580 4213 674 4267 τὴν
726 4204 995 4280 σγραγίδα
1047 4206 1340 4279 φυλάξασα.
1396 4210 1456 4259 Σὲ
1504 4216 1776 4282 μακαριοῦ

1961 4214 2114 4269 .citiae
2147 4220 2262 4269 tuas
2294 4214 2604 4284 signaculo
2650 4214 2979 4270 custodito.
3013 4216 3087 4270 Te
3118 4230 3228 4270 nos
3257 4214 3466 4271 ﬁdeles
3497 4216 3556 4270 in

183 4318 282 4374 μεν
304 4305 493 4353 πιστοὶ
522 4298 595 4361 εἰς
617 4301 739 4360 τούς
767 4298 976 4359 αἰῶνας.
1482 4297 1493 4304 “

1482 4297 1493 4304 ’
1905 4304 2121 4359 saecula
2145 4303 2383 4359 beatam
2412 4304 2899 4374 praedicabimus.

798 4403 1196 4459 Καταϐασία.

2555 4409 2904 4465 Catabasia.

260 4502 460 4570 Χεῖρας
515 4497 564 4546 ἓν
610 4502 683 4565 τῷ
725 4494 899 4563 λάκκῳ
949 4489 1161 4566 βληθεὶς
1187 4502 1285 4546 τῶν
1326 4493 1539 4545 λεόντων
1584 4495 1729 4558 ποτε,
1767 4494 1792 4545 ὸ
1827 4471 1855 4526 Ῑ

1977 4501 2224 4569 Magnus
2249 4498 2540 4570 propheta
2562 4498 2763 4553 Daniel
2796 4500 3014 4553 missus
3037 4497 3349 4571 quondam
3390 4501 3449 4555 in
3472 4499 3564 4556 la-

180 4589 360 4657 μέγας
419 4586 468 4635 ἓν
520 4587 813 4657 προφήταις
860 4581 1209 4654 σταυροειδῶς
1273 4582 1558 4643 ἐκπετάσας
1606 4583 1775 4641 Δανιὴῖ

1961 4605 2041 4643 ιω
2072 4588 2335 4651 leonum,
2367 4587 2647 4642 manibus
2671 4590 2861 4642 crucis
2892 4589 2950 4643 in
2980 4590 3241 4658 speciem
3273 4590 3556 4660 expansis

182 4672 450 4739 ἀϐλαϐὴς,
498 4675 553 4724 ἑκ
604 4680 695 4733 τῆς
724 4675 917 4723 τούτων
964 4671 1341 4744 καταϐρώσεως
1384 4676 1670 4738 σέσωσται,
1715 4672 1777 4723 εῦι

1970 4677 2221 4731 columis
2270 4692 2343 4730 ex
2371 4675 2647 4731 faucibus
2698 4676 3030 4731 bestiarum
3074 4679 3277 4742 evasit,
3311 4678 3558 4732 benedi-

177 4761 359 4834 λογῶν
392 4764 640 4834 Χριστὸν,
672 4764 759 4813 τὸν
789 4766 918 4815 Θεὸν
949 4760 1020 4821 εἰς
1047 4765 1169 4823 τοὺς
1193 4761 1400 4822 αἰῶνας.

1359 4781 1400 4822 ς.
1903 4781 2045 4822 cens
2074 4767 2365 4821 Christum
2398 4765 2583 4821 Deum
2615 4765 2676 4819 in
2708 4765 2951 4821 saecula.

863 4874 994 4942 ῼΔΗ
1038 4867 1124 4927 11'.

2565 4871 2708 4927 ODA
2749 4872 2888 4927 VIII.

258 4958 350 5011 ’Ev
381 4959 523 5030 τάφῳ
556 4957 833 5022 κατῆλθες,
866 4963 890 5010 6
926 4955 1190 5021 ζωοδότης
1219 4961 1309 5009 καὶ
1346 4960 1491 5021 Θεὸς,
1531 4962 1616 5010 καὶ
1670 4977 1794 5010 συν-

1970 4963 2054 5017 Τυ.
2083 4961 2185 5033 qui
2228 4961 2356 5016 vitae
2406 4960 2652 5031 largitor
2695 4978 2757 5015 es
2813 4968 2870 5017 et
2914 4962 3091 5027 Deus,
3122 4961 3179 5016 in
3207 4960 3548 5032 sepulcrum

178 5046 412 5121 ἐτριψας
460 5066 653 5114 παντα,
699 5047 909 5121 κλείθρά
963 5065 1020 5100 τε
1075 5051 1166 5099 καὶ
1224 5052 1343 5108 τοὺς
1387 5047 1643 5119 μοχλοὺς,
1703 5068 1770 5099 κα

1962 5050 2285 5116 ascendisti,
2335 5055 2391 5105 et
2432 5051 2636 5105 omnia
2678 5050 2935 5106 claustra
2967 5058 3281 5120 vectesque
3327 5049 3557 5106 confre-

175 5141 314 5200 τοὺς
335 5140 539 5210 νεκρούς
568 5136 937 5202 ἑξανέστησας,
980 5133 1111 5200 δόξα
1153 5143 1216 5210 τῇ
1254 5145 1321 5211 σῇ
1369 5136 1591 5209 ίγέρσει,
1636 5133 1767 5211 βοῶν

1948 5141 2055 5205 isti,
2082 5145 2139 5195 et
2166 5140 2381 5195 mortui
2410 5144 2875 5203 resurrexerunt,
2906 5139 3097 5207 gloria
3122 5141 3543 5195 resurrectioni

178 5245 306 5297 τας,
343 5229 539 5299 Χριστε
563 5231 740 5300 Σωτὴρ
770 5223 1165 5298 παντοδύναμε.

1903 5235 2036 5296 tuae,
2056 5229 2281 5285 Christe
2304 5228 2573 5285 Salvator
2595 5229 2997 5299 omnipotens.

251 5315 321 5365 ⁸0
376 5314 534 5385 τάφος
585 5314 724 5374 ζωήν
773 5333 885 5386 μοι,
934 5319 1151 5386 Χριστε,
1199 5313 1471 5368 ἀνέϐλυσεν
1511 5315 1536 5367 ὁ
1580 5318 1692 5377 σός.
1728 5312 1789 5369 Ὀ

1974 5320 2323 5388 Sepulcrum
2351 5324 2541 5378 tuum,
2575 5319 2814 5381 Christe,
2853 5319 3033 5372 vitam
3066 5316 3209 5372 mihi
3242 5317 3549 5389 produxit.

177 5409 394 5476 κρατῶν
433 5409 531 5463 τῆς
567 5410 697 5466 ςωῆς
741 5404 866 5476 γὰρ,
919 5403 1133 5466 ἐπιστὰς
1178 5402 1403 5467 ἐϐόησας
1464 5412 1573 5467 τοῖς
1604 5425 1772 5458 κατοι·

1954 5408 2186 5462 ominus
2198 5409 2358 5462 enim
2373 5405 2774 5471 νὶιω,11ει1)ιιδ.η
2783 5404 2936 5459 tibus
2950 5407 3010 5461 in
3024 5406 3310 5477 sepulcris
3329 5422 3549 5477 magna

174 5499 378 5547 κοῡσιν
406 5490 455 5544 ἕν
483 5496 752 5565 μνήμασιν
784 5509 800 5522 ο
832 5493 899 5545 Oi.
926 5490 977 5545 ἐν
1006 5490 1242 5568 δεσμοῖς,
1271 5495 1479 5554 λύθητε.
1508 5496 1642 5567 Ἐγὼ
1672 5497 1769 5568 γὰρ

1952 5511 2044 5552 )ce
2090 5496 2455 5553 acclamasti.
2499 5496 2828 5559 Solvimini,
2859 5496 2964 5567 qui
3000 5496 3060 5551 in
3090 5496 3342 5551 vinculis
3385 5498 3547 5553 estis.

176 5588 283 5637 τοῦ
323 5585 527 5658 κόσμου
556 5580 741 5655 λύτρον
769 5580 1014 5640 ίλήλυθα.

1900 5585 2023 5657 Ego
2050 5586 2231 5657 enim,
2255 5586 2360 5658 qui
2389 5585 2599 5642 mundi
2624 5600 2760 5641 sum
2785 5584 3021 5654 solutio,
3048 5585 3177 5659 jam
3208 5585 3446 5649 adveni.
