4038 6312
525 285 685 345 ηδτ
1773 282 1865 340 ~s.
1900 267 2120 342 THEOI

2311 267 2636 342 srunim
2831 289 2865 328 .-
3736 267 3880 336 uos

588 414 651 465 in
682 410 924 482 hymnis
950 409 1243 466 exsultent
1272 409 1478 464 omnia
1507 408 1670 480 ligna
1694 409 1856 466 silvae
1882 409 2172 467 intuentia

2352 409 2438 463 Ἐν
2489 409 2669 482 ὕμνοις
2699 411 2958 484 σκιρτάτω
3005 410 3173 463 πάντα
3210 410 3276 461 τὰ
3325 406 3456 470 ξύλα
3507 410 3601 458 τοῦ
3652 399 3877 476 δρυμοῦ,

514 499 809 555 hodierno
847 499 943 554 die
983 499 1251 570 ejusdem
1283 499 1543 553 nominis
1583 499 1813 567 lignum
1847 500 2048 555 Crucis
2079 515 2109 555 ο

2282 502 2340 551 τό
2379 500 2647 570 ὁμώνυμον
2702 498 2849 560 ξύλον
2906 505 2998 551 τοῦ
3047 506 3277 572 σταυροῦ
3328 499 3555 568 θεώμενα
3600 511 3877 546 κατασπα-

517 588 666 643 culis
693 593 750 643 et
773 587 1151 658 amplexibus
1175 587 1479 652 honorari,
1505 588 1675 658 cujus
1701 588 1969 643 Christus
1994 604 2108 660 cap

2284 588 2494 660 ζόμενον
2552 594 2797 660 σήμερον.
2851 588 2928 640 Οὔ
2975 588 3000 639 ὁ
3047 591 3269 660 Χριστὸς
3320 585 3501 658 ὕψωσε
3550 588 3643 643 τὴν
3690 583 3873 655 χάραν,

514 676 810 742 exaltavit,
848 684 906 731 ut
931 676 1290 732 vaticinatur
1314 675 1557 730 divinus
1590 676 1799 732 David.

1537 693 1557 728 ε
1590 676 1799 732 David.
2283 679 2352 738 ὡς
2381 679 2692 750 προφητεύει
2721 678 2748 727 ὁ
2784 679 2917 738 θεῖος
2944 673 3132 729 Δαϐἱδ.

581 767 690 831 Qui
727 767 788 820 in
832 765 996 834 ligno
1034 772 1306 820 mortuus
1338 764 1598 830 fueram,
1644 765 1874 835 lignum
1927 766 2064 822 vitae
2094 773 2172 830 te,

2355 765 2436 819 Ἐν
2493 765 2626 837 ξύλῳ
2683 765 2928 829 τεθνήξας
2977 765 3124 828 ξύλον
3174 784 3230 818 σε
3279 764 3476 839 εὕρηκα
3531 767 3690 826 ζωῆς,
3752 767 3872 832 Χρι·

514 871 658 911 crux
687 855 982 910 Christum
1023 855 1238 919 ferens,
1272 855 1482 925 reperi.
1527 853 1809 910 Cnstodia
1841 871 1974 912 mea
2003 855 2109 909 ins:

2285 860 2502 928 στοφόρε
2547 858 2738 926 σταυρέ
2788 874 2915 926 μου.
2983 855 3257 927 Φυλακτὴρ
3298 871 3398 926 μου
3457 851 3704 926 οἶρῥηκτε,
3745 851 3874 901 κατὰ

517 943 817 1016 perabilis,
855 943 1052 998 valida
1092 944 1385 1000 adversus
1411 943 1713 998 daemones
1743 943 1946 1009 virtus,
1981 951 2033 999 te
2073 943 2111 999 h

2285 939 2545 1013 δαιμόνων
2573 943 2737 1014 ἰσχὺς
2765 946 3012 1017 κραταιὰ,
3047 947 3105 996 σε
3129 950 3434 1017 προσκυνῶν
3463 946 3690 1014 σήμερον
3723 957 3874 1012 κραυ-

518 1032 613 1088 die
639 1031 920 1099 adorans,
961 1031 1157 1087 clamo
1192 1051 1203 1090 :
1243 1030 1559 1088 Sanctiﬁca
1591 1047 1686 1086 me
1725 1031 1914 1102 gloria
1945 1038 2065 1088 tua.

1643 1048 1686 1086 ie
1725 1031 1914 1102 gloria
1945 1038 2065 1088 tua.
2280 1035 2427 1105 γάζω
2461 1050 2472 1062 ·
2504 1031 2750 1103 Ἃγίασον
2770 1051 2834 1104 με
2861 1041 2922 1105 τῇ
2959 1029 3088 1104 δόξῃ
3123 1051 3238 1086 σου.

591 1122 826 1184 Laetare,
844 1120 1094 1185 exsulta,
1111 1120 1368 1175 Ecclesia
1384 1120 1500 1186 Dei,
1517 1136 1653 1191 quae
1679 1125 1763 1175 ter
1776 1121 2019 1177 beatum
2037 1137 2174 1177 san-

2358 1120 2666 1195 Εὐφραίνου,
2731 1120 2977 1194 ἁγάλλου,
3038 1123 3067 1180 ἡ
3121 1121 3409 1179 Ἐκκλησία
3453 1127 3546 1172 τοῦ
3605 1125 3766 1184 Θεοῦ,
3822 1122 3869 1168 τό

518 1210 794 1266 ctissimas
818 1210 1006 1264 crucis
1026 1209 1256 1279 lignum
1279 1208 1458 1263 hodie
1485 1208 1725 1270 adoras.
1758 1210 1850 1264 cui
1882 1217 2108 1282 tanqua

2283 1209 2579 1283 τρισόλϐιον
2637 1210 2784 1273 ξύλον
2863 1219 3234 1284 προσκυνοῦσα
3307 1215 3533 1284 σήμερον
3581 1216 3675 1261 τοῦ
3755 1227 3871 1260 παν-

520 1298 796 1368 ministri,
848 1297 1202 1366 angelorum
1249 1295 1506 1361 ordines,
1560 1295 1740 1351 etiam
1765 1313 1905 1352 cum
1961 1297 2115 1353 tim0i

2284 1305 2438 1371 αγίου
2472 1307 2702 1375 σταυροῦ
2722 1306 2813 1352 τοῦ
2852 1307 3108 1374 Χριστοῦ,
3205 1303 3276 1362 ὡς
3303 1299 3597 1372 λειτουργοὶ
3630 1298 3872 1369 τάγματ

521 1385 830 1443 assistunt.

2286 1384 2513 1459 ἀγγέλων
2539 1392 2627 1440 καὶ
2659 1390 2789 1459 μετὰ
2818 1387 2976 1462 φόϐου
3007 1393 3378 1463 παρίστανται.

1165 1473 1531 1529 Triadicum.

2890 1473 3276 1552 Τριαδικόν.

591 1564 789 1620 Adoro
814 1567 888 1628 te,
931 1569 1139 1618 sancta
1171 1563 1389 1625 Deitas,
1419 1561 1760 1617 Trinitatem
1794 1562 1850 1617 in
1881 1563 2172 1634 personis,

2353 1560 2562 1638 Τριάδα
2609 1569 2933 1637 προσώποις,
2991 1562 3200 1637 μονάδα
3256 1567 3407 1638 φύσει
3460 1571 3746 1638 προσκυνῶ
3805 1581 3875 1630 σε,

522 1658 580 1709 et
615 1653 902 1708 unitatem
956 1653 1015 1707 in
1069 1658 1302 1717 natura,
1337 1651 1571 1706 Patrem
1623 1657 1676 1706 et
1731 1650 1958 1723 Filium,
2015 1668 2117 1707 cur

2287 1657 2480 1713 Θεὸτης
2536 1653 2682 1725 ἁγία,
2716 1657 2803 1706 τὸν
2836 1659 3060 1727 Πατέρα,
3093 1659 3182 1706 καὶ
3221 1658 3307 1706 τὸν
3337 1656 3453 1706 Υὶὸν
3493 1657 3588 1705 σὺο
3635 1660 3710 1723 τῷ
3760 1652 3882 1722 ἁγίῳ

521 1747 730 1797 sancto
762 1743 998 1813 Spiritu,
1056 1757 1239 1795 unum
1287 1740 1630 1811 imperium,
1685 1755 1872 1796 unum
1921 1756 2112 1811 regnu

2287 1761 2335 1794 τε
2391 1745 2672 1814 Πνεύματι,
2721 1749 2845 1815 μίαν
2893 1745 3089 1816 ἀρχὴν,
3151 1748 3276 1816 μίαν
3327 1739 3596 1816 βασιλείαν
3647 1745 3745 1800 τὴν
3793 1749 3882 1793 τῶν

522 1831 618 1886 cui
655 1836 915 1902 potestas
943 1830 1003 1884 in
1035 1830 1259 1885 omnia.

2285 1831 2524 1884 ἁπάντων
2553 1829 2941 1894 δεσπόζουσαν.

1148 1918 1547 1974 Theotocium.

2907 1926 3278 1978 Θεοτόκιον.

594 2010 699 2073 Tu,
727 2024 763 2064 ο
806 2009 979 2078 Virgo
1005 2023 1264 2078 magnus
1293 2007 1386 2061 ille
1429 2021 1606 2062 mons
1631 2022 1717 2072 es,
1767 2009 1828 2062 in
1852 2024 1976 2081 quo
2009 2008 2176 2065 Chri-

2353 2012 2423 2061 Τό
2478 2013 2594 2083 ὅρος
2659 2014 2718 2062 τὸ
2781 2013 2934 2082 μέγα,
2991 2014 3039 2062 ἐν
3183 2028 3461 2082 κατῳκησε
3508 2011 3765 2080 Χριστὸς,
3825 2011 3881 2059 σὺ

524 2103 653 2153 stus
680 2097 991 2161 habitavit,
1035 2104 1095 2151 ut
1139 2096 1378 2150 divinus
1417 2096 1601 2150 David
1631 2097 1810 2162 canit,
1854 2113 1958 2167 per
1989 2113 2119 2168 qua

2284 2096 2563 2171 ὑπαρχεις,
2599 2101 2844 2171 Παρθένε,
2877 2101 2940 2159 ὡς
2971 2095 3140 2153 Δαϐὶδ
3171 2100 3194 2150 ὁ
3228 2101 3356 2158 θεῖος
3387 2094 3508 2170 βοᾷ,
3542 2093 3616 2150 δι’
3649 2096 3714 2157 ἧς
3739 2098 3879 2168 ἡμεῖς

522 2201 633 2242 nos
655 2188 732 2243 ad
766 2186 986 2242 omium
1021 2185 1230 2241 elevati
1257 2201 1489 2250 sumus,
1515 2183 1618 2240 ﬁlii
1642 2185 1742 2241 Dei
1769 2200 1874 2257 per
1901 2185 2117 2258 adoptii

2287 2184 2627 2259 ὼυψώθημεν
2698 2191 2827 2260 πρὸς
2884 2188 3099 2260 οὐρανὸν
3169 2189 3546 2248 υἱοθετηθέντες
3598 2193 3676 2257 τῷ
3736 2186 3882 2238 πνεύ-

523 2289 664 2332 nem
691 2275 751 2331 in
777 2275 988 2348 spiritu
1015 2273 1228 2331 eﬂecti.

2283 2295 2433 2348 ματι,
2455 2278 2888 2350 παμμακοξριστε.

1180 2362 1521 2420 Catabasia.

2877 2365 3295 2421 Καταϐασία.

595 2455 774 2510 Mater
802 2453 994 2524 Virgo,
1024 2457 1080 2508 et
1123 2469 1261 2508 vera
1295 2453 1563 2523 Deipara,
1605 2468 1741 2524 quas
1779 2452 1906 2507 sine
1945 2453 2176 2509 semine

2353 2452 2424 2525 ’ῼ-
2477 2456 2651 2526 Μῆτὲρ
2708 2457 2953 2527 Παρθένε,
2997 2460 3087 2508 καὶ
3146 2459 3368 2510 Θιοτόκε
3411 2449 3672 2525 ἀψευδὴς,
3715 2454 3747 2511 ἡ
3807 2470 3883 2504 τι-

522 2543 775 2613 genuisti
802 2542 1098 2598 Christum
1136 2545 1316 2597 Deum
1349 2547 1640 2605 nostrum,
1671 2541 1733 2596 in
1759 2556 1936 2596 cruce
1967 2557 2117 2596 secu:

2288 2551 2452 2595 κοῦσα
2478 2542 2723 2618 ἀσπόρως
2752 2548 2982 2619 Χριστὸν
3027 2549 3113 2597 τὸν
3155 2548 3284 2599 Θεὸν
3315 2546 3478 2616 ἡμῶν,
3514 2546 3601 2596 τὸν
3640 2541 3692 2595 ἐν
3725 2560 3883 2594 σταυ-

522 2633 669 2716 dum
701 2647 943 2686 carnem
991 2632 1337 2688 exaltatum.
1370 2631 1444 2684 Te
1496 2644 1706 2685 omnes
1765 2630 1972 2685 ﬁdeles
1997 2630 2117 2700 dig:

2287 2631 2357 2705 ρῷ
2404 2631 2675 2703 sordeam
2758 2638 2936 2708 σαρκί.
2999 2636 3055 2686 Σίι
3103 2636 3151 2687 οἱ
3215 2638 3396 2687 πιστοὶ
3455 2633 3682 2695 ἅπαντες
3735 2630 3882 2694 ἀξίως

523 2734 664 2775 cum
695 2720 834 2775 Filio
861 2725 962 2775 tuo
987 2720 1485 2791 depraedicamus.

2289 2723 2382 2772 σὺν
2411 2723 2578 2795 τούτῳ
2603 2730 2690 2774 νῦν
2719 2723 3087 2796 μεγαλύνομεν.

1115 2805 1282 2864 Finis
1311 2808 1574 2864 canonis.

2745 2810 2940 2874 Τέλος
2983 2818 3090 2865 τοῦ
3127 2815 3420 2875 κανόνος.

1289 3120 1615 3212 CANON
1680 3121 2178 3213 EPINICIUS
2247 3122 2434 3214 SEU
2499 3123 3131 3216 VICTORIALIS

1737 3321 1796 3367 IN
1844 3321 2173 3368 ERECTIONE
2219 3321 2306 3370 SS.
2351 3323 2676 3375 IMAGINUM.

1447 3471 1752 3534 Bmomus,
1792 3468 2058 3526 Annales
2085 3467 2512 3536 Ecclesiastici,
2548 3473 2592 3526 t.
2625 3469 2713 3534 IX,
2743 3484 2806 3542 p.
2843 3470 2998 3527 t059.

590 3749 906 3805 Confessor
933 3744 1086 3802 alius
1107 3743 1237 3816 (etsi
1255 3743 1600 3799 Theodorus
1626 3741 1856 3799 Studita
1875 3757 2004 3797 esse
2035 3756 2155 3797 non
2183 3741 2394 3813 potuit,
2413 3741 2514 3814 qui
2533 3742 2663 3813 jam
2691 3745 2827 3799 ante
2844 3741 2973 3798 haec
2994 3745 3266 3814 tempora
3287 3758 3360 3799 ex
3383 3741 3498 3799 hac
3518 3742 3646 3799 vita
3667 3743 3881 3813 migra-

519 3840 631 3909 rat)
663 3837 848 3893 alium
882 3841 1019 3890 tunc
1052 3833 1356 3904 temporis,
1389 3831 1508 3887 Deo
1531 3831 1880 3903 inspirante,
1901 3829 2262 3900 conscripsit
2290 3829 2610 3901 hymnum,
2642 3846 2765 3902 quo
2788 3837 3082 3887 concentu
3104 3830 3428 3887 oblectaret
3451 3830 3807 3898 Ecclesiam,
3832 3836 3880 3885 et

519 3927 727 3984 aculeo
749 3927 1053 3996 impeteret
1078 3922 1334 3993 perﬁdos
1359 3920 1784 3977 lconoclastas:
1805 3934 1986 3990 quem
2009 3920 2098 3973 ins
2114 3918 2336 3974 olemni
2359 3921 2742 3990 processione
2763 3922 3107 3977 canendum
3129 3927 3267 3977 tunc
3292 3921 3579 3992 temporis
3598 3921 3885 3976 Constan-

513 4014 910 4087 tinopolitana
938 4012 1200 4082 suscepit
1232 4009 1506 4075 Ecclesia,
1531 4025 1670 4065 cum
1704 4007 1874 4062 veluti
1903 4008 1964 4061 in
1993 4007 2366 4077 triumphum
2397 4023 2581 4064 sacrae
2616 4009 2968 4065 veherentur
2993 4009 3288 4079 imagines
3321 4025 3339 4064 :
3371 4024 3556 4080 quem
3591 4008 3780 4066 etiam
3809 4024 3878 4065 ne

518 4105 663 4177 quid
688 4103 1009 4160 tibideesse
1035 4101 1221 4172 possit
1248 4099 1325 4155 ad
1359 4099 1602 4170 plenum
1633 4097 1925 4167 gaudium
1952 4096 2030 4151 ob
2061 4101 2419 4166 prostratam
2441 4097 2829 4168 impietatem,
2847 4104 2903 4154 et
2926 4097 3109 4154 ﬁdem
3137 4097 3496 4154 catholicam
3523 4096 3880 4161 exaltatam,

517 4194 616 4250 hic
638 4194 742 4249 tibi
763 4190 1508 4261 occinendumpOsuimus,
1526 4187 1630 4259 qui
1654 4187 1736 4240 sic
1750 4202 1810 4240 se
1829 4185 2011 4241 habet
2025 4185 2136 4241 hac
2153 4183 2538 4256 inscriptione
2567 4191 2804 4242 notatus
2833 4203 2844 4242 :
2865 4186 3068 4244 Canon
3095 4186 3406 4257 epinicius,
3425 4201 3527 4243 seu
3551 4186 3880 4243 victorious

524 4298 562 4340 a
587 4281 886 4338 Theodoro
902 4279 1140 4336 Studita
1156 4279 1492 4337 confessore
1515 4271 1904 4344 conscriptus,
1928 4273 2116 4329 etsuis
2140 4273 2277 4328 0dis
2298 4273 2637 4338 distinctus,
2664 4291 2774 4331 usu
2803 4282 3071 4342 receptus
3094 4281 3499 4338 utcuneretur,
3519 4275 3667 4331 dum
3695 4289 3875 4332 sacra

520 4371 845 4428 Dominicw
898 4369 1091 4426 crucis
1151 4369 1380 4438 lignum
1411 4371 1466 4422 et
1528 4363 1886 4422 veneranda
1913 4363 2202 4434 imagines
2223 4362 2753 4433 processionaliter
2777 4365 2977 4432 prima
3029 4363 3340 4422 Dominica
3397 4363 3880 4434 Quadragesima:

526 4458 1041 4530 Constantinopoli
1067 4456 1404 4529 gestantur.

1057 4649 1324 4708 ALTER
1365 4646 1640 4705 CANON

2787 4654 3075 4704 ΕΤΕΡΟΣ
3125 4654 3387 4705 ΚΔΝΩΝ

530 4759 643 4831 Qui
653 4758 963 4818 canituri-n
977 4757 1266 4831 creatione
1279 4763 1628 4831 sanctarum
1641 4753 1969 4831 imaginam
1995 4768 2016 4808 .'
2031 4766 2125 4820 opt

2289 4753 2691 4831 Ψαλλόμενος
2799 4757 2888 4820 εἰς
2993 4761 3105 4816 τὴν
3199 4757 3666 4831 ἁναστᾷἠλωσιν
3784 4765 3883 4810 τῶν

687 4831 956 4890 videlicet
977 4829 1168 4887 sancti
1192 4830 1395 4885 Patris
1421 4824 1714 4883 Theodori
1741 4823 2010 4880 Studita.

2360 4823 2555 4904 6:7in
2594 4828 2880 4885 εἰκόνων.
2931 4835 3193 4904 Ποίῃμα
3246 4837 3354 4883 τοῦ
3395 4829 3590 4902 ἁγιου
3638 4831 3879 4904 Πατρός

2362 4896 2697 4974 Θεοδώρου
2737 4907 2849 4953 τοῦ
2889 4896 3288 4954 Στουδῖτου.

1237 5007 1381 5061 ΟΒΑ
1419 5003 1461 5059 Ι.

2963 5015 3094 5082 ῼΔΗ
3133 5008 3214 5066 Α’.

545 5091 552 5094 1
601 5108 748 5173 Ton.
781 5115 815 5170 6
843 5115 1037 5172 instar
1060 5114 1225 5171 illius
1244 5129 1268 5171 .'
1289 5110 1556 5180 Adjutor
1581 5110 1634 5166 et
1653 5109 1974 5178 protector,
1998 5110 2108 5162 etc.

2290 5093 2492 5170 Ἧχος
2553 5096 2821 5171 πλάγιος
2865 5093 3198 5180 δευτέρου,
3242 5103 3445 5180 πρὸς·
3496 5101 3743 5160 Βοηθὸς
3783 5101 3877 5150 καὶ

2766 5169 3155 5234 σκεπαστῆς,
3204 5190 3256 5225 κ.
3293 5169 3348 5224 ίτ.
3387 5169 3437 5224 λ.

599 5297 918 5361 Canamus,
940 5310 978 5350 o
998 5292 1223 5358 ﬁdeles,
1246 5295 1486 5346 cantum
1516 5303 1622 5360 pro
1647 5287 1978 5356 gratiarum
2004 5284 2183 5340 actio-

2363 5279 2722 5350 Χαριστὴριον
2800 5273 2944 5347 ᾠδὴν
3014 5286 3086 5348 τῷ
3151 5277 3364 5350 εὐργέτῃ
3429 5283 3544 5347 Θεῷ
3612 5284 3718 5330 τῶν
3773 5275 3882 5329 ὅλων

524 5401 600 5443 ne
627 5386 1038 5441 universorum
1058 5383 1174 5437 Deo
1199 5387 1255 5436 et
1273 5376 1660 5441 benefactori,
1677 5374 1970 5448 quoniam
1999 5389 2119 5430 ere:

2296 5367 2522 5439 ᾅσωμεν,
2579 5370 2778 5433 πιστοὶ,
2828 5366 2908 5418 ὅτι
2954 5369 3131 5441 ἤγειρε
3179 5371 3434 5441 σωτήριον
3489 5369 3674 5440 κέρας,
3744 5363 3881 5440 βασι-

521 5491 711 5533 cornu
726 5473 953 5540 salutis,
970 5479 1028 5529 et
1046 5477 1258 5544 potens
1275 5466 1616 5540 imperium,
1639 5465 1719 5524 ad
1740 5469 1964 5522 rectam
2003 5462 2116 5520 ﬁde

1814 5469 1964 5522 ctam
2003 5462 2192 5520 ﬁdem
2297 5455 2436 5509 λείαν
2464 5457 2737 5529 κραταιὰν,
2767 5451 3072 5529 ὄρθοδοξίας
3099 5460 3409 5530 πρόμαχον.

525 5563 982 5648 protegendam.
