4038 6312
216 344 356 413 1769

1210 352 1448 412 CANON
1489 356 1558 411 IN
1596 342 1996 412 ERECTIONE
2036 326 2139 411 ss.
2182 350 2572 415 IMAGlNUM.

3434 339 3587 415 n70

288 478 542 551 Ἐπεφάνη
596 477 799 539 ἀληθῶς
856 480 884 536 ἠ
922 479 1033 530 θεία
1076 477 1234 551 χάρις
1272 483 1335 535 τῆ
1369 476 1639 550 οἰκουμένῃ
1683 474 1814 541 δόξα

1992 480 2279 551 Apparuit
2310 496 2517 536 revera
2546 481 2750 538 divina
2782 482 2992 552 gratia,
3036 488 3092 539 et
3128 485 3400 539 universo
3443 485 3571 539 orbi

216 572 307 620 καὶ
336 572 462 640 τιμή
520 572 907 641 πεφανέρωται·
969 571 1161 640 σκιρτᾷ
1215 565 1501 623 Ἐκκλησία
1559 564 1811 641 δεξαμένη

216 662 312 716 τὴν
345 656 557 721 στολὴν,
598 666 693 719 τῆς
733 656 922 719 εαυτῆς
948 660 1275 729 γυμνὼσεως.

289 837 389 888 Τὸν
453 841 659 907 χιτῶνα
709 840 804 886 τοῦ
862 840 1096 907 Χριστοῦ
1148 830 1517 908 διεῤῥηγμένον
1567 836 1666 887 ὑπὸ
1724 840 1817 886 τοῦ

217 923 413 977 πλάνου
489 928 579 976 καὶ⁵
653 931 1063 997 φαρμακουργοῦ
1142 924 1379 976 Ἰωάννου
1444 928 1501 975 τό
1560 928 1700 997 πρὶν,
1770 925 1819 976 οἱ

221 1014 351 1066 θεῖοι
428 1015 654 1088 Πατὲρες
727 1011 1063 1084 ἄξυφάναντες
1140 1021 1337 1086 σαφῶς,
1396 1020 1458 1086 τῇ
1535 1012 1819 1086 Ἐκκλησία

220 1097 513 1156 δεδώκασι.

290 1196 394 1244 Τοῦ
462 1195 655 1265 Κυρίου
710 1194 805 1249 τὴν
858 1194 1061 1263 μορφὴν
1111 1190 1449 1245 ἀπολαϐοῦσα
1502 1194 1532 1250 ἡ
1608 1190 1820 1251 Ἐκκλη-

223 1284 332 1347 σία,
367 1285 548 1354 χαίρει
596 1283 686 1332 καὶ
736 1285 926 1353 σκιρτᾷ
980 1283 1074 1332 σὺν
1130 1288 1233 1341 τοῖς
1290 1284 1479 1341 τέκνοις
1534 1284 1718 1347 αὐτῆς,
1752 1283 1821 1342 ὡς

218 1375 373 1432 νίκης
418 1365 636 1443 βραδεῖα
677 1365 926 1441 δεξαμένη
961 1370 1083 1442 παρ’
1115 1369 1293 1435 αὐτοῦ,
1326 1367 1636 1444 ὁρθοδοξίας
1676 1372 1819 1443 σύμ-

220 1457 370 1512 ϐολα.

291 1546 756 1618 Αἰσχυνθήτωσαν
808 1546 1006 1611 λοιπὸν,
1057 1551 1147 1599 καὶ
1200 1547 1601 1620 ἔντραπήτωσαν
1656 1566 1820 1619 μεμη-

219 1640 361 1698 νότες
392 1653 404 1665 ⁸
438 1634 614 1697 Λήζιξ
645 1635 670 1686 ὁ
702 1630 886 1701 δεινὸς,
930 1640 1020 1687 καὶ
1073 1634 1363 1703 Ἀντώνιος,
1424 1640 1517 1688 σὺν
1547 1645 1619 1707 τῷ
1647 1636 1820 1688 Ἰωάν-

219 1744 306 1798 νη,
365 1728 455 1777 καὶ
507 1720 781 1796 Θεόδωρος
834 1723 1042 1797 ἀμφοῖν,
1094 1726 1142 1777 οἱ
1189 1724 1403 1800 ἀρνηταὶ
1445 1733 1540 1787 τῆς
1569 1729 1816 1787 πίστεως.

293 1902 543 1971 ἰωαννὶς,
593 1905 682 1955 καὶ
736 1900 974 1978 Ἰαμϐρὶς
1021 1900 1388 1963 ἀνθεστηκότες
1425 1911 1497 1974 τῷ
1544 1905 1815 1977 νομοθέτῃ,

219 1990 385 2045 πάλαι
448 1998 648 2065 Μωῦσῇ
713 1993 1189 2064 κατῃσχύνθησαν.
1243 1996 1375 2044 Νυνὶ
1436 1988 1496 2045 δε
1556 1992 1583 2044 ὁ
1631 1992 1821 2054 πλάνος

224 2079 464 2142 Ἰωάννης
493 2078 719 2145 ἀληθῶς,
749 2085 841 2132 σὺν
872 2079 1126 2152 Ἀντωνίῳ
1157 2077 1469 2136 δείκνυνται.

290 2264 359 2313 Σὺ
418 2254 718 2336 διέῥρηξας,
770 2263 987 2333 Χριστὶ,
1047 2263 1140 2318 τὴν
1198 2255 1461 2331 ξυνωρίδα
1503 2266 1601 2310 τῶν
1635 2260 1820 2330 θεομά-

216 2369 354 2422 χων,
412 2354 502 2401 καὶ
557 2352 644 2402 τὸν
693 2348 973 2420 στολισμὸν
1023 2345 1370 2409 ἀποδέδωκας
1395 2355 1456 2405 τῆ
1507 2356 1571 2420 σῇ
1604 2346 1821 2407 Ἐκκλη-

221 2441 334 2511 σία,
376 2437 503 2511 ὑπερ
533 2435 597 2499 ἧς
626 2439 696 2500 ὡς
732 2436 946 2509 ἀγαθός,
972 2439 1032 2491 τὸ
1056 2436 1190 2510 αἷμά
1219 2457 1313 2490 σου
1342 2436 1571 2508 ἐξεχεας.

293 2614 453 2687 θ
511 2616 570 2667 Σε
614 2616 796 2689 Τριὰς,
849 2616 1109 2685 Θεολογῶ,
1168 2618 1256 2667 καὶ
1296 2621 1572 2688 προσκυνῶ
1614 2631 1706 2665 σου
1763 2613 1821 2663 τὸ

223 2705 357 2757 θεῖον
399 2705 590 2778 κράτος
620 2705 823 2779 ’ῥῦσαι
872 2711 1175 2776 πειρασμῶν
1216 2705 1270 2755 ἐκ
1308 2707 1565 2755 παντοὶων
1603 2720 1686 2774 με.
1742 2700 1820 2770 Εἰ,

221 2797 279 2846 σε
324 2796 425 2868 γὰρ
477 2795 704 2847 πιστεύω
740 2796 826 2845 τόν
876 2794 1097 2865 Πατέρα,
1159 2799 1248 2846 καὶ
1298 2796 1438 2859 Υὶὸν,
1490 2796 1583 2845 καὶ
1614 2799 1823 2863 Πνεῦμα

218 2886 278 2934 τὸ
308 2883 482 2955 πανάγ
491 2901 583 2937 ιον.

294 3058 348 3112 θ’
531 3063 636 3119 Τὴν
664 3056 927 3133 βασίλειον
962 3058 1149 3119 στολὴν
1176 3059 1230 3112 ἐκ
1269 3067 1384 3124 σοῦ,
1418 3063 1660 3132 Παρθένε,
1696 3064 1821 3120 Θεὸς

1921 565 2111 622 honor
2132 572 2188 622 et
2217 568 2405 638 gloria
2430 575 2519 625 est
2544 572 2943 627 manifestata.
2972 572 3237 627 Exsultat
3257 577 3573 645 propterea

1920 654 2129 710 Christi
2174 656 2453 723 Ecclesia,
2496 665 2734 730 recepta
2774 660 2948 728 stola,
2994 676 3117 731 qua
3157 660 3348 717 fuerat
3398 666 3575 717 antea

1922 748 2122 799 exuta.

1996 832 2205 889 Christi
2247 840 2475 890 vestem
2534 843 2708 892 antea
2755 836 3113 909 discerptam
3174 854 3210 894 a
3264 839 3573 894 seductore

1924 925 1981 976 et
2008 921 2475 992 pharmacorum
2515 926 2941 982 concinnatore
2978 929 3205 982 Joanne
3248 929 3435 983 sancti
3471 930 3577 984 Pa-

1925 1013 2043 1065 tres
2090 1010 2302 1067 iterum
2341 1018 2742 1080 contexentes,
2790 1015 3065 1072 Ecclesia
3104 1015 3267 1073 illam
3308 1016 3577 1073 restitue-

1924 1103 2081 1155 runt.

2000 1188 2229 1245 Domini
2273 1188 2533 1259 ﬁguram
2570 1207 2882 1249 resumens
2931 1193 3211 1260 Ecclesia,
3256 1194 3476 1264 gaudet
3520 1199 3576 1251 et

1926 1276 2180 1333 exsultat
2222 1293 2343 1334 una
2387 1295 2524 1335 cum
2575 1280 2710 1335 ﬁliis
2753 1281 2896 1349 suis,
2950 1298 3089 1337 cum
3131 1282 3208 1337 ab
3257 1282 3355 1338 illo
3401 1284 3578 1339 victo-

1925 1366 2026 1421 riae
2059 1366 2339 1421 bravium
2371 1370 2663 1440 acceperit
2692 1376 2864 1425 rectae
2904 1371 3175 1426 videlicet
3211 1372 3350 1426 ﬁdei
3382 1387 3578 1427 sacra-

1926 1462 2147 1510 menta.

1998 1544 2451 1601 Confundantur
2493 1547 2553 1601 in
2598 1552 2925 1619 posterum,
2976 1553 3031 1604 et
3069 1554 3455 1605 revereantur.
3494 1549 3583 1605 in-

1929 1633 2057 1689 sani
2101 1632 2200 1699 illi,
2250 1635 2450 1690 Lezius
2500 1635 2576 1705 (1)
2627 1637 2846 1692 scilicet
2896 1636 3118 1703 furens,
3170 1644 3226 1694 et
3262 1638 3578 1704 Antonius,

1928 1736 2042 1776 una
2068 1737 2204 1776 cum
2216 1721 2463 1791 Joanne,
2483 1729 2537 1779 et
2553 1724 2882 1792 Theodoro,
2904 1725 3203 1782 ambobus
3223 1726 3361 1782 ﬁdei
3384 1727 3581 1783 deser-

1849 1792 1899 1852 Β
1928 1810 2174 1866 toribus.

1995 1900 2255 1955 Joannes
2285 1906 2340 1957 et
2373 1900 2635 1956 Mambre
2661 1902 2982 1974 legislatori
3012 1903 3151 1959 Mosi
3192 1904 3334 1959 olim
3364 1904 3584 1960 adver-

1928 1988 2060 2052 sati,
2102 1987 2179 2042 ab
2223 1989 2357 2060 ipso
2393 1988 2555 2044 fuere
2586 1990 2817 2045 confusi
2856 2012 2867 2044 :
2918 2006 3083 2047 nunc
3129 2007 3264 2047 vero
3300 1994 3581 2048 seductor

1925 2076 2184 2132 Joannes
2221 2093 2342 2134 una
2380 2093 2513 2133 cum
2556 2079 2831 2145 Antonio,
2879 2080 3090 2137 eadem
3121 2081 3288 2152 passi
3322 2096 3579 2137 noscun-

1928 2170 2044 2221 tur.

1998 2253 2101 2319 Tu,
2150 2253 2392 2320 Christe,
2448 2255 2546 2310 Dei
2596 2256 2795 2311 hostes
2838 2257 3166 2328 dissipasti,
3218 2264 3273 2313 et
3318 2263 3432 2314 tute
3481 2261 3581 2313 Ec-

1930 2343 2120 2399 clesiae
2179 2360 2357 2399 suum
2409 2350 2687 2400 decorem
2747 2345 3079 2413 reddidisti,
3145 2362 3251 2418 pro
3304 2363 3446 2418 qua,
3520 2351 3582 2402 ut

1928 2432 2127 2487 bonus
2190 2438 2418 2504 pastor,
2471 2434 2827 2504 sanguinem
2889 2441 3057 2490 tuum
3103 2435 3333 2493 fudisti.
3387 2435 3583 2493 Gloria

1930 2522 2104 2577 Patri.

1999 2612 2074 2665 Te
2119 2610 2480 2676 Trinitatem,
2524 2627 2715 2667 unum
2762 2614 2947 2668 Deum
2997 2628 3265 2682 agnosco
3322 2618 3380 2669 et
3437 2629 3582 2669 con-

1929 2699 2118 2765 ﬁteor,
2164 2704 2222 2755 et
2259 2706 2425 2757 tuam
2469 2702 2737 2757 divinam
2776 2702 3106 2773 potentiam
3142 2703 3352 2769 adoro,
3392 2703 3579 2758 libera

1931 2804 2047 2855 me,
2071 2806 2298 2862 quasso,
2332 2792 2409 2846 ab
2441 2791 2725 2846 omnibus
2759 2791 3205 2847 tentationibus.
3238 2794 3303 2846 In
3336 2799 3389 2847 te
3418 2792 3577 2847 enim

1928 2879 2129 2945 credo,
2171 2882 2421 2948 Patrem,
2454 2886 2510 2936 et
2553 2880 2779 2948 Filium,
2813 2886 2869 2936 et
2908 2881 3355 2937 sanctissimum
3404 2880 3555 2952 Spiri

1930 2976 2077 3024 tum.

2002 3058 2245 3127 Regiam
2271 3057 2509 3126 stolam,
2541 3073 2613 3113 ex
2641 3063 2714 3123 te,
2736 3059 2907 3127 Virgo
2946 3060 3097 3113 Deus
3115 3064 3357 3129 gestans
3385 3057 3577 3113 homi-

224 3151 470 3221 φοοέσας,
530 3151 675 3222 ὤφθη
706 3157 818 3212 τοῖς
867 3147 1074 3224 βροτοῖς
1105 3148 1562 3223 ἀνθρωπόμορφος,
1607 3145 1820 3209 διπλοῦς

1954 3147 2107 3202 libus
2138 3146 2435 3218 apparuit,
2454 3146 2513 3200 in
2539 3146 2855 3202 hominum
2879 3146 3094 3216 forma,
3122 3147 3345 3218 duplex
3367 3162 3577 3202 secun-

217 3235 335 3290 κατ’
370 3236 555 3290 οὐσίαν
579 3256 592 3270 ·
628 3236 690 3290 οὗ
733 3241 792 3291 τό
822 3234 963 3301 εἶδος
1012 3246 1106 3302 τῆς
1136 3246 1341 3315 μορφῆς
1389 3237 1436 3291 ἒν
1467 3244 1821 3315 προσκυνήσει

222 3329 438 3400 ἔχομεν.

893 3424 1024 3489 nan
1065 3414 1146 3470 I".

293 3504 667 3578 Εὖφραίνεσθε,
737 3504 954 3567 ἅπαντες
1019 3510 1175 3579 χοροὶ
1229 3511 1468 3579 Πατέρων
1550 3511 1639 3560 καὶ
1697 3507 1823 3560 ἀπο-

222 3593 441 3657 στόλων,
502 3595 821 3667 καθορῶντες
878 3598 970 3653 τὴν
1022 3598 1379 3669 προσκύνησιν
1431 3604 1528 3649 τῶν
1594 3597 1822 3667 εἰκόνων,

218 3685 382 3757 ἤνπερ
415 3680 652 3756 ἕμφανῶς
682 3679 1037 3758 παρεδώκατε.

226 3910 227 3913 η
288 3865 362 3915 Τὸ
422 3861 603 3923 κάλλος
649 3882 751 3935 μου
791 3861 991 3929 ἔλαϐον,
1042 3866 1133 3915 καὶ
1163 3868 1255 3922 τὴν
1284 3862 1472 3922 στολήν
1502 3883 1603 3937 μου
1645 3861 1823 3918 ἐνεδυ-

220 3952 421 4024 σάμην,
502 3951 728 4005 ἕκϐοάτω
801 3953 831 4011 ἡ
913 3953 1228 4025 πανάμωμος
1301 3953 1603 4020 Ἐκκλησία,
1661 3956 1819 4028 ἤνπερ

216 4040 466 4102 Ἰωάννης
497 4037 756 4103 ἐξίδυσεν.

292 4127 652 4199 Αἰσχύνθητε,
704 4129 887 4201 ἄνομοι
934 4128 1358 4202 αἰρεσχελοῦντες
1409 4132 1545 4182 κατὰ
1588 4135 1818 4206 Κυρίου·

217 4214 497 4289 ἕσαρκώθη
553 4223 638 4271 καὶ
680 4217 835 4291 ἐφάνη
886 4221 987 4292 γὰρ
1015 4218 1063 4271 ἕν
1121 4220 1276 4272 εἰκόνι
1309 4236 1322 4250 ⁶
1357 4222 1514 4295 ἤνπερ
1566 4227 1823 4292 σχετικῶς

216 4303 595 4370 ἀσπαζόμεθα.

1930 3236 2075 3291 dum
2108 3236 2446 3301 essentiam,
2475 3236 2647 3307 cujus
2678 3235 2935 3305 efﬁgiem
2962 3242 3018 3292 et
3044 3235 3303 3307 ﬁguram
3324 3252 3590 3293 venera-

1932 3340 2088 3381 mur.

2633 3414 2775 3469 ODA
2812 3414 2880 3469 ΙΙ.

2003 3502 2289 3566 Gaudete,
2347 3517 2555 3558 omnes
2598 3508 2939 3558 sanctorum
2993 3504 3230 3559 Patrum
3280 3510 3468 3559 ccetus
3522 3508 3580 3560 et

1931 3592 2339 3666 apostolorum
2383 3592 2621 3658 chorus,
2669 3592 3051 3663 respicientes
3098 3593 3434 3662 imaginum
3480 3608 3581 3649 ve-

1931 3683 2322 3748 nerationem,
2367 3696 2555 3753 quam
2612 3696 2716 3736 vos
2765 3681 2878 3752 ipsi
2924 3683 3098 3737 nobis
3150 3687 3351 3753 aperte
3397 3682 3576 3738 tradi-

1932 3771 2117 3827 distis.

2002 3858 2506 3916 Pulchritudinem
2549 3874 2748 3915 meam
2781 3860 3003 3931 accepi,
3039 3864 3093 3915 et
3131 3861 3315 3915 decus
3350 3875 3576 3926 meum,

1928 3965 2000 4007 ac
2035 3964 2171 4004 mea
2201 3947 2354 4003 stola
2383 3963 2519 4000 sum
2552 3948 2780 4013 induta,
2814 3947 3028 4003 clamet
3054 3948 3442 4005 immaculata
3476 3950 3575 4004 Dei

1930 4038 2204 4098 Ecclesia.
2240 4052 2364 4108 qua
2394 4035 2553 4091 illam
2580 4037 2840 4091 Joannes
2873 4043 3139 4093 exuerat.

2002 4124 2449 4183 Confundimini
2480 4124 2645 4194 impii
2684 4125 3008 4179 adversum
3043 4125 3363 4179 Dominum
3402 4126 3587 4181 obla-

1933 4220 2180 4280 trantes;
2223 4229 2463 4269 carnem
2505 4214 2666 4268 enim
2705 4214 3055 4285 assumpsit,
3098 4219 3154 4268 et
3193 4214 3477 4285 apparuit
3515 4215 3577 4270 in

1933 4305 2218 4375 imagine,
2258 4319 2441 4375 quam
2472 4318 2582 4358 nos
2611 4304 2688 4358 ad
2725 4305 2923 4374 ipsum
2955 4303 3291 4374 referentes,
3336 4319 3580 4360 venera-

1937 4411 2089 4450 mur.

288 4484 372 4537 Τὰ
410 4475 606 4555 βίϐηλα
662 4474 927 4555 δόγματα,
977 4488 1064 4536 καὶ
1120 4485 1210 4545 τὰς
1252 4482 1508 4557 ἀθέσμους
1566 4480 1822 4540 διδασκα⁴

2008 4483 2196 4556 Impia
2238 4481 2545 4550 dogmata,
2596 4485 2651 4536 et
2695 4480 2938 4537 insanas
2983 4482 3284 4537 doctrinas
3324 4482 3579 4537 amentis

214 4571 335 4634 λίας
383 4570 620 4625 Ἰωάννου
672 4578 764 4624 τοῦ
818 4574 1145 4645 παράφρονος
1200 4578 1281 4636 τίς
1337 4572 1549 4642 ἕξείποι,
1601 4580 1827 4649 τρόπους

219 4656 256 4714 δ
260 4659 501 4733 ελφικοὺς
532 4658 847 4732 ἐκτιθέμενος
871 4679 890 4732 ;

294 4748 557 4821 Ἀνάθεμα
600 4749 821 4816 Λὴζικι,
875 4753 961 4802 καὶ
987 4750 1196 4825 Ἰωάννῃ
1256 4755 1350 4803 σὺν
1385 4753 1669 4826 Ἀντωνίῳ,
1703 4761 1825 4808 Θεο-

220 4832 380 4910 δώρῳ
427 4846 499 4910 τῷ
553 4837 686 4911 ἀθέῳ
736 4857 790 4891 τε
822 4842 912 4891 καὶ
942 4837 1261 4914 βλασφὴμῳ,
1302 4838 1411 4911 ἅμα
1444 4840 1686 4916 Θεοδότῳ
1726 4862 1825 4895 πα-

217 4945 463 5002 ραφρονι.

287 5018 370 5069 Τὰ
406 5016 604 5088 αἵματα
639 5016 920 5093 κράζουσι,
952 5020 1018 5071 τὰ
1082 5017 1371 5090 ἐκχυθέντα
1400 5022 1527 5095 ὑπὲρ
1559 5025 1651 5083 τῆς
1687 5022 1822 5083 θείας

220 5106 552 5179 σαρκοφόρου
608 5103 904 5179 ὁμοιώσεως
959 5114 1050 5160 τοῦ
1108 5114 1393 5176 Δεσπότου,
1458 5107 1586 5182 ἅπερ
1656 5110 1834 5164 Ἰωάνα

218 5213 312 5255 νης
341 5191 566 5267 ἕφίχεεν.

1933 4574 2179 4629 Joannis
2232 4576 2465 4626 enarret
2514 4569 2542 4624 ?
2586 4571 2719 4642 quis
2778 4571 2906 4641 ejus
2974 4575 3194 4644 tropos,
3264 4576 3319 4627 et
3384 4588 3581 4627 versu-

1937 4663 2049 4719 tias
2079 4660 2387 4731 delphicas
2418 4664 2675 4730 exponet
2704 4660 2733 4711 ?

2006 4752 2339 4806 Anathema
2362 4750 2635 4805 dicamus
2665 4748 2850 4817 Lezio,
2879 4754 2937 4803 et
2963 4749 3195 4814 Joanni,
3239 4764 3375 4804 cum
3407 4750 3589 4805 Anto-

1938 4841 2060 4905 nio,
2110 4844 2167 4895 et
2212 4838 2399 4909 impio
2448 4839 2760 4895 Theodoro
2811 4843 2865 4893 et
2918 4838 3295 4909 blasphemo,
3350 4853 3582 4894 necnon

1940 4930 2151 4986 insano
2182 4927 2507 4984 Theodoto.

2014 5016 2267 5086 Sanguis
2308 5016 2546 5081 clamat,
2600 5017 2701 5087 qui
2733 5014 2957 5070 eﬂ‘usus
3003 5020 3092 5071 est
3128 5031 3164 5070 a
3208 5017 3432 5070 Joanne
3477 5030 3586 5087 pro

1941 5107 2147 5165 divina
2166 5104 2572 5171 similitudine,
2601 5110 2657 5160 et
2676 5106 2938 5175 imagine
2966 5102 3177 5160 Christi
3207 5104 3437 5160 Domini
3461 5120 3590 5160 car-

1944 5213 2082 5255 nem
2110 5194 2418 5267 gestantis.

1791 5288 2025 5349 NOTIE.

296 5371 378 5443 (1)
420 5370 586 5428 Hunc
622 5368 791 5430 illum

220 5520 340 5579 tur,
367 5522 645 5584 corrupto
678 5530 816 5572 vero
847 5518 1138 5573 vocabulo
1182 5520 1389 5574 Lenius
1419 5519 1633 5575 dictus.

223 5648 234 5660 .
261 5654 278 5664 _
291 5584 579 5664 (2191500
605 5589 845 5664 signum
860 5589 1021 5659 apud
1034 5591 1266 5664 Gnaeos
1283 5591 1499 5646 dicitur
1515 5587 1762 5664 τριαδικό
1780 5611 1835 5657 ν,

217 5654 283 5713 id
303 5654 413 5729 est,
435 5654 705 5730 hymnus
739 5658 814 5713 de
847 5654 1054 5714 sa'ncta
1083 5662 1378 5727 Trinitate,
1412 5666 1469 5718 et
1498 5654 1777 5735 proptere
1801 5654 1840 5719 a

517 5744 771 5808 ΡΑτειοι..
808 5744 914 5803 Ga.
948 5746 1128 5804 XCIX
1141 5790 1160 5809 .

553 5388 586 5457 ο
622 5373 791 5455 illum
830 5373 1147 5457 perﬁdum.
1180 5380 1344 5457 puto,
1386 5377 1493 5457 qui
1547 5392 1583 5433 a
1632 5375 1836 5457 Theo-

220 5443 376 5500 doro
400 5444 624 5500 Studita
654 5446 713 5499 in
760 5443 883 5501 suis
911 5443 1194 5517 epistolis
1215 5443 1493 5503 Leouti'us
1534 5449 1837 5506 nomina-

1944 5380 2082 5434 ante
2107 5373 2311 5442 ipsum
2336 5377 2612 5429 cantatur
2642 5368 2772 5435 δοξα
2801 5374 2984 5442 Πατρί,
3018 5375 3129 5425 etc.

2015 5388 2124 5431 uel
2175 5389 2311 5429 sum
2336 5388 2612 5429 cantatur
2642 5388 2772 5435 σοςα
2803 5388 2984 5442 ιιατρι,
3018 5388 3129 5425 etc.

2015 5388 2190 5517 (3)
2226 5448 2341 5517 Hoc
2364 5460 2505 5517 vero
2533 5443 2746 5517 dicitur
2772 5450 3066 5517 Θεοτσκιον,
3097 5442 3157 5517 id
3188 5447 3293 5505 est,
3324 5441 3589 5517 hymnus

1945 5513 2037 5574 (1ο
2059 5516 2438 5572 sanctissima
2485 5515 2732 5582 Deipara
2777 5515 2870 5569 cui
2905 5513 3182 5585 praecedit
3218 5518 3308 5564 καὶ
3348 5520 3456 5577 νῦν,
3506 5516 3590 5563 nol

1948 5588 2046 5655 ἀεί,
2075 5595 2184 5644 etc.
2218 5590 2325 5643 Pro
2351 5587 2528 5644 beata
2556 5585 2811 5655 Virgine.

3251 5745 3318 5805 56
