4038 6312
512 266 651 337 1⁸1⁸74

583 404 821 478 Expulit
887 403 1171 459 Dominus
1242 402 1714 472 alienigenarum
1794 405 2044 467 turmas,
2111 406 2167 457 et
2196 404 2267 484 At

510 496 767 550 restituit
793 509 903 548 sua
940 492 1064 547 suis
1096 514 1107 546 :
1146 492 1333 561 gloria
1363 493 1436 547 sit
1478 496 1793 564 propterea
1821 492 1951 562 ejus
1994 490 2161 547 boni-

513 585 633 638 tati.
669 582 861 639 Gloria
894 582 1067 636 Patri.

583 672 953 727 Voluntatem
986 670 1278 741 principio
1310 672 1613 725 carentem
1646 674 1701 723 et
1728 669 2075 739 potentiam,
2107 674 2163 724 et

505 775 762 830 regnum
783 759 1075 815 Trinitatis
1094 759 1417 813 adoremus
1441 763 1599 812 recta
1626 758 1761 812 ﬁde.
1783 758 1987 813 Arium
2011 774 2162 813 sem-

506 865 633 921 per,
670 854 729 904 ut
760 864 869 920 par
895 852 1002 912 est,
1040 847 1323 902 conviciis
1351 847 1731 901 insectantes.

546 980 549 983 ι
578 938 722 993 Vere
750 944 801 992 te
836 937 1147 991 Dominam
1188 934 1560 998 conﬁtemur,
1595 952 1731 1006 quae
1769 938 1952 989 Deum
1987 950 2161 1006 pepe-

504 1028 648 1092 risti,
674 1025 919 1082 Nestorii
943 1026 1117 1093 nugis
1147 1024 1454 1094 neglectis,
1478 1030 1533 1079 et
1553 1028 1897 1079 sanctorum
1921 1026 2156 1079 Patrum

504 1115 891 1186 dogmatibus
923 1114 1209 1169 inhaerem
1220 1130 1307 1168 us.

1192 1203 1333 1259 ODA
1369 1204 1458 1256 ιν.

575 1294 814 1364 Laetare,
886 1291 1164 1360 Ecclesia,
1236 1296 1293 1346 et
1366 1305 1745 1362 unaquaeque
1823 1289 2029 1345 civitas
2102 1296 2157 1347 et

502 1383 687 1451 regio,
730 1397 868 1436 cum
913 1379 1308 1435 exsultatione
1349 1378 1571 1448 templa
1615 1393 1774 1432 nunc
1811 1379 2057 1448 aperiat.
2100 1385 2156 1434 et

505 1470 803 1540 virginum
839 1467 1164 1534 domicilia,
1199 1483 1403 1521 sacras
1434 1467 1735 1538 reliquias,
1776 1474 2150 1533 venerentur,

503 1563 559 1613 et
609 1558 905 1628 imagines
954 1561 1311 1626 martyrum,
1367 1554 1563 1624 dignis
1602 1553 1935 1610 honoribus
1982 1570 2155 1611 exor-

500 1652 664 1702 nent.

574 1734 836 1790 Christus
862 1750 971 1789 vos
1003 1735 1175 1788 vocat
1207 1748 1220 1784 :
1264 1730 1585 1787 Convenite
1618 1746 1777 1785 nunc
1809 1730 1989 1786 alacri
2020 1733 2148 1787 ani-
2182 1744 2241 1809 ω

500 1839 623 1887 mo,
662 1823 852 1878 divini
897 1826 1117 1888 Patres,
1170 1825 1225 1875 et
1272 1827 1660 1889 conspectum
1710 1820 1837 1889 ejus
1882 1821 2150 1877 incarna-

500 1913 697 1978 tionis,
760 1911 1169 1983 apostolorum
1229 1924 1416 1973 more,
1476 1908 1769 1962 celebrate
1836 1910 2144 1976 miracula,

498 2002 675 2057 etiam
707 2007 762 2057 et
787 2000 1152 2072 passionem,
1179 2014 1315 2070 quae
1337 2014 1574 2053 sacrum
1600 2013 1708 2052 nos
1732 1997 1933 2053 docuit
1961 2001 2146 2055 Evan-

497 2089 741 2159 gelium.

514 2222 521 2225 μ
568 2177 1025 2251 Congregamini
1074 2177 1404 2247 gaudentes
1448 2176 1885 2231 monachorum
1936 2183 2141 2247 coetus,

497 2273 553 2323 et
577 2268 744 2324 hilari
775 2267 979 2323 animo
1006 2290 1017 2318 :
1052 2267 1100 2320 si
1129 2268 1288 2321 enim
1317 2264 1473 2320 male
1507 2264 1917 2335 praavaluerint
1942 2267 2142 2322 hastes

493 2357 654 2424 ﬁdei,
710 2357 923 2412 iterum
977 2357 1156 2411 etiam
1210 2355 1521 2410 vincentur
1575 2354 1790 2419 miseri,
1851 2360 1906 2409 et
1948 2356 2140 2411 consi-

492 2443 652 2509 lium,
689 2445 854 2517 quod
884 2443 1232 2515 hujusmodi
1259 2443 1535 2498 homines
1562 2442 1817 2508 inierint,
1854 2444 2141 2499 Dominus

494 2532 831 2604 dissipabit.

562 2622 806 2677 Patrum
852 2621 1123 2689 verbera,
1174 2626 1227 2675 et
1276 2620 1591 2675 vulnerum
1640 2620 1887 2688 sanguis
1931 2636 2139 2677 revera

491 2710 813 2776 desierunt,
859 2710 1191 2781 frequentia
1232 2709 1441 2764 exsilia
1488 2708 1864 2780 quieverunt,
1917 2715 1973 2764 et
2020 2727 2139 2781 pax

491 2798 772 2853 omnibus
795 2802 1172 2870 procuratur.
1202 2799 1329 2851 Non
1353 2796 1694 2867 praevalebit
1714 2796 1980 2866 amplius
2009 2814 2139 2854 ma-

490 2888 637 2957 gicae
667 2887 807 2943 artis
847 2887 1155 2950 industria,
1198 2888 1351 2940 Deus
1392 2885 1609 2939 etenim
1645 2891 1731 2940 est
1761 2885 2097 2941 nobiscum.

559 2976 893 3048 lniquitatis
934 2977 1108 3032 vinea
1156 2974 1477 3046 impietatis
1524 2973 1798 3045 palmites
1850 2976 2132 3037 extendit.

487 3069 542 3121 et
592 3082 867 3121 amarum
914 3065 1153 3120 botrum
1208 3063 1510 3135 produxit,
1561 3068 1618 3118 et
1660 3063 1748 3118 ira
1801 3064 2135 3120 draconum

482 3158 575 3209 est
604 3155 812 3209 vinum
845 3155 1140 3225 ipsorum,
1173 3169 1294 3224 quo
1323 3152 1559 3207 Domini
1597 3152 1887 3223 p0pulum
1930 3170 2138 3210 revera

478 3243 870 3309 inebriarunt,
906 3260 1015 3298 sua
1042 3259 1228 3315 prava
1260 3248 1316 3296 et
1345 3242 1738 3297 obteuebrata
1770 3249 1990 3297 mente.

553 3332 863 3404 Templum
913 3338 1079 3388 tuum
1141 3331 1701 3387 contaminaverunt
1757 3329 1950 3402 impii,
2012 3332 2134 3387 suis

478 3421 746 3493 profanis
778 3438 1071 3477 manuum
1107 3419 1612 3491 impositionibus,
1643 3424 1698 3474 et
1737 3420 2081 3476 simoniacis
2111 3437 2123 3477 :

480 3516 538 3567 et
564 3512 678 3566 hac
708 3512 782 3567 de
814 3512 1187 3581 causajuxta
1218 3525 1424 3564 sacros
1452 3524 1711 3564 canones
1742 3524 1753 3563 :
1790 3510 2130 3567 istiusmodi

476 3599 773 3665 homines,
807 3616 842 3655 a
870 3600 1076 3655 divina
1106 3598 1293 3669 gloria
1324 3605 1460 3653 sunt
1489 3597 1723 3668 dejecti,
1765 3600 2129 3669 quibuscum

477 3690 656 3744 etiam
688 3690 892 3745 Simon
922 3691 1191 3757 Magnus,
1235 3692 1291 3744 et
1323 3688 1582 3743 Joannes
1620 3693 1677 3742 et
1707 3689 1997 3765 Antonius
2034 3689 2130 3745 in-

477 3793 682 3836 sanus.

547 3869 719 3923 Feras
748 3865 899 3933 illas,
942 3870 999 3921 et
1025 3864 1123 3921 Dei
1150 3865 1373 3930 hostes,
1402 3864 1724 3937 profanum
1759 3865 1982 3921 scilicet
2014 3871 2127 3923 An-

473 3957 707 4013 tonium
722 3962 777 4011 et
794 3960 1291 4026 transgressorem
1306 3956 1597 4009 Joannem
1610 3954 1844 4009 Satanas
1861 3972 1916 4009 m
1928 3963 2123 4011 entem

470 4046 778 4118 adeptum,
807 4048 864 4100 et
891 4044 1163 4100 Ecclesiae
1195 4043 1657 4116 porturbatores,
1693 4048 1753 4099 ut
1778 4044 1954 4115 lupos
1978 4043 2120 4100 infe-

470 4138 593 4191 stos
618 4149 829 4190 omnes
856 4132 1061 4188 ﬁdeles
1079 4132 1521 4196 convenientes,
1549 4132 1929 4188 anathemate
1952 4134 2122 4188 dam-

468 4238 704 4279 nemus.
738 4223 933 4279 Gloria
963 4220 1134 4277 Patri.

536 4311 801 4366 lncreata
840 4310 1191 4365 monarchia
1222 4312 1407 4374 Pater,
1445 4313 1503 4365 et
1544 4308 1736 4374 Filius,
1771 4314 1826 4365 et
1867 4310 2118 4380 Spiritus

464 4407 724 4469 sanctus,
744 4404 795 4454 te
812 4398 1162 4463 adoramus,
1187 4414 1371 4470 quam
1397 4398 1732 4453 Cherubim.
1756 4398 1957 4453 multis
1978 4414 2116 4454 ocu-

1774 276 1835 331 S.
1878 270 2242 333 THEODORI
2284 268 2614 333 STUDITIE

3734 280 3852 341 1⁸172

2351 400 2567 467 Ἐδίωξε
2599 405 2791 477 Κύριος
2833 406 2925 462 τὴν
2979 400 3244 476 ξυνωρίδα
3287 411 3386 456 τῶν
3441 403 3735 481 ἀλλοτρίων,
3778 414 3852 460 καὶ

2278 487 2515 545 ἀπέδωκε
2571 494 2636 544 τὰ
2690 489 2808 545 ἴδια
2863 500 2972 554 τοῖς
3004 489 3162 553 ἰδίοις
3188 510 3200 523 ·
3232 489 3363 556 δόξα
3386 500 3445 566 τῇ
3494 497 3656 546 αὐτοῦ
3687 493 3851 565 ἀγαθό-

2275 600 2415 639 τητι.
2446 582 2595 644 Δόξα.

2343 674 2448 728 Τὴν
2484 669 2715 745 ἄναρχον
2775 671 3002 737 θέλησιν,
3034 675 3124 723 καὶ
3167 670 3427 738 ἐξουσίαν,
3474 678 3563 725 καὶ
3602 668 3849 744 βασιλείαν

2271 766 2363 820 τῆς
2439 756 2668 830 Τριάδος
2747 763 3189 832 προσκυνήσωμεν
3275 757 3585 834 ὄρθοὸὀξως,
3665 760 3846 837 Ἀρειον

2272 846 2350 901 ἀεὶ
2383 847 2779 907 στηλιτεύοντες.
2816 850 2841 899 θ
2852 845 2882 897 ’.

2344 942 2548 1011 Κυρίως
2574 939 2651 1003 σὲ,
2713 940 2986 1002 Δέσποινα,
3023 937 3367 1009 ὁμολογοῦμεν
3416 940 3544 990 Θεὸν
3591 945 3843 1004 τεκοῦσαν,

2268 1030 2339 1098 μὴ
2407 1029 2757 1100 προσέχοντες
2812 1033 2916 1086 τοῖς
2962 1026 3167 1099 ῥήμασι
3216 1031 3523 1102 Νεστορίου,
3586 1025 3715 1080 ἀλλὰ
3762 1037 3844 1080 τῶν

2268 1119 2507 1190 Πατέρων
2540 1122 2645 1175 τοῖς
2684 1112 2966 1187 δόγμασιν,

2937 1209 3068 1276 ῼΔΗ
3109 1208 3187 1257 A'.

2336 1290 2612 1362 ’Δγάλλου,
2644 1294 2673 1350 ἡ
2725 1292 3031 1359 Ἐκκλησία,
3071 1298 3160 1345 καὶ
3203 1297 3353 1345 πᾶσα
3387 1291 3535 1354 πόλις
3564 1297 3653 1345 καὶ
3709 1300 3846 1367 χώρα

2265 1380 2313 1431 ἓν
2343 1378 2626 1454 εὐφροσύνῃ
2664 1397 2674 1409 ·
2712 1379 2997 1452 ἁνοιγέσθω
3035 1389 3122 1433 νῦν
3175 1383 3241 1433 τὰ
3294 1380 3631 1457 ἀσκητήρια·
3663 1388 3770 1446 καὶ,
3807 1384 3845 1435 οἱ

2264 1470 2600 1543 παρθενῶνες,
2668 1470 3057 1531 καλλωπίζεσθε
3106 1473 3168 1523 τὰ
3206 1469 3467 1541 λείψανα·
3524 1476 3615 1523 καὶ
3682 1472 3847 1525 εἰκονί-

2266 1576 2443 1631 σματα
2470 1566 2570 1610 τῶν
2598 1562 2875 1634 μαρτύρων
2917 1559 3073 1623 ἀξίως
3108 1562 3624 1634 προσκυνείσθωσαν.

2333 1736 2570 1810 Χριστὸς
2623 1737 2758 1808 ὑμᾶς
2806 1736 3177 1811 προσκαλεῖται
3212 1753 3223 1766 ·
3270 1735 3533 1789 συνελθετε
3593 1744 3685 1789 νῦν
3738 1756 3848 1810 προ-

2263 1826 2455 1897 θύμως,
2510 1828 2637 1878 θεῖοι
2688 1830 2910 1899 Πατέρες
2938 1845 2947 1855 ·
2978 1830 3067 1878 καὶ
3118 1829 3210 1884 τὴν
3235 1828 3372 1879 θείαν
3416 1834 3509 1888 τῆς
3536 1826 3700 1879 αὐτοῦ
3732 1846 3847 1900 σαρ-

2258 1919 2483 1981 κώσεως,
2576 1914 2933 1977 ἁποστολικῶς
3018 1913 3400 1988 ἀνιστορήσατε
3483 1918 3549 1966 τὰ
3611 1917 3848 1989 θαύματα

2258 2008 2349 2055 καὶ
2397 2007 2463 2056 τὰ
2509 2006 2819 2076 παθήματα,
2880 2006 3054 2066 καθὼς
3098 2007 3282 2078 γράφει
3335 2009 3392 2057 τὸ
3436 2006 3567 2058 θεῖον
3621 2010 3844 2077 Εὐαγγέ-

2256 2092 2382 2146 λιον.

2325 2179 2665 2254 ’Λθροίσθητε
2735 2183 3030 2252 γεγηθότες,
3094 2184 3161 2233 τὰ
3214 2182 3388 2240 πλήθη
3441 2188 3543 2233 τῶν
3599 2183 3849 2255 μοναζόν-

2253 2287 2349 2319 νων
2392 2267 2439 2319 ἐν
2493 2268 2804 2343 παῤῥησία·
2840 2268 2922 2322 ἐὰν
2979 2271 3078 2343 γὰρ
3126 2278 3295 2331 κακῶς
3349 2270 3645 2340 ἰσχύσωσι,
3704 2271 3846 2322 πάλιν

2252 2358 2642 2414 ἡττηθήσονται
2671 2360 2718 2409 οἱ
2768 2355 3007 2411 δείλαιοι.
3056 2361 3159 2414 Καὶ
3205 2360 3266 2418 ἣν
3311 2357 3370 2410 ἃν
3412 2358 3607 2431 βουλὴν
3641 2358 3849 2432 βουλεύ-

2255 2447 2447 2497 σωντᾶι
2475 2436 2525 2497 οἶ
2552 2454 2800 2514 τοιοῦτοι,
2834 2443 3179 2500 διασκεδάσει
3212 2451 3416 2523 Κύριος.

2321 2623 2391 2677 Δί
2439 2624 2690 2695 μάστιγες
2737 2632 2836 2676 τῶν
2894 2627 3155 2696 Πατέρων,
3214 2627 3278 2677 τὰ
3334 2626 3532 2695 αἵματα
3584 2633 3687 2677 τῶν
3744 2647 3840 2698 μω-

2248 2711 2430 2763 λώπων
2476 2712 2710 2783 ἕλλειψαν
2764 2716 2920 2773 ὅντως
2953 2733 2965 2745 ·
3002 2713 3197 2787 ἐξορίαι
3241 2722 3481 2787 συνεχεῖς
3506 2713 3797 2767 ἐπαύσαντο
3824 2733 3834 2743 “

2249 2805 2337 2854 καὶ
2392 2800 2569 2873 εἰρήνη
2623 2808 2759 2854 πᾶσι
2813 2802 3154 2867 πολιτεύεται,
3218 2802 3311 2854 ούκ
3370 2805 3445 2855 ἔτι
3516 2802 3737 2875 ἰσχύσει
3786 2808 3837 2856 τό

2250 2884 2430 2962 δράμα
2457 2897 2552 2951 τῆς
2588 2895 2827 2960 γοητείας
2854 2907 2866 2919 ’
2903 2895 3030 2951 Θεὸς
3064 2894 3164 2966 γὰρ
3196 2892 3309 2963 μεθ’
3336 2892 3481 2963 ἡμῶν
3505 2890 3668 2948 ἔστιν.

2316 2977 2374 3031 Ἦ
2423 2978 2652 3049 ἄμπελος
2703 2987 2797 3040 τῆς
2843 2984 3029 3041 κακίας
3083 2979 3290 3042 ἐξέτεινε
3347 2983 3412 3033 τὰ
3463 2980 3710 3051 κλήματα
3757 2988 3838 3039 τῆς

2186 3065 2507 3141 ἀσεϐείας,
2561 3072 2651 3119 καὶ
2701 3071 2788 3119 τὸν
2842 3066 3033 3142 βότρυν
3090 3072 3176 3119 τὸν
3227 3073 3412 3143 πικρὸν
3449 3068 3707 3130 ἐξήνθησε
3756 3075 3837 3120 καὶ

2250 3157 2411 3222 θυμὸς
2442 3152 2751 3227 δρακόντιος
2780 3158 2804 3208 ὁ
2844 3157 2975 3217 οἶνος
3020 3156 3189 3209 αὐτῶν
3224 3174 3235 3186 '
3270 3156 3322 3219 ἐξ
3369 3157 3429 3209 οὗ
3480 3161 3566 3209 τὸν
3599 3158 3725 3211 λαὸν
3754 3165 3837 3210 τοῦ

2248 3248 2443 3316 Κυρίου
2474 3242 2719 3297 ἐπότισαν
2752 3250 2921 3309 ὅντως,
2956 3250 3048 3304 τήν
3089 3245 3299 3319 θολερὰν
3326 3252 3627 3303 κακόνοιαν,

2314 3336 2555 3404 Ἐμίαναν
2600 3337 2687 3385 τὸν
2727 3339 2845 3386 ναόν
2905 3354 2998 3386 σου
3052 3333 3301 3406 ἀθέσμοις
3350 3340 3698 3407 χειροτονίαις
3752 3333 3840 3387 διὰ

2240 3424 2533 3494 χρημάτων
2583 3441 2598 3455 ο
2650 3427 2739 3474 καὶ
2782 3432 3058 3484 κανονικῶς
3118 3423 3261 3477 οῦτοι
3325 3422 3685 3481 exeam-nm.
3744 3429 3838 3478 Καὶ

2238 3517 2329 3570 τῆς
2357 3513 2495 3572 θείας
2526 3508 2686 3573 δόξης
2743 3510 3154 3577 ἕκπεπτώκασιν,
3202 3513 3227 3564 ὁ
3255 3518 3420 3585 Σίμων
3452 3514 3476 3565 ὀ
3504 3516 3711 3584 Μάγος,
3750 3518 3838 3565 σύν

2237 3602 2403 3670 τούτῳ
2432 3604 2522 3652 καὶ
2552 3598 2789 3661 Ἰωάννης
2818 3607 2907 3654 καὶ
2932 3602 2957 3654 ὀ
2990 3599 3157 3663 δεινὸς
3188 3602 3477 3664 Ἀντώνιος.

2650 3427 2739 3474 καὶ
2782 3432 3058 3484 κανονικῶς
3118 3423 3261 3477 οὗτοι

2304 3868 2436 3929 Τοὺς
2480 3867 2644 3942 θῆρας
2689 3872 2777 3920 καὶ
2834 3868 3150 3940 θεομάχους,
3211 3866 3485 3920 ’Λντώνιον
3539 3869 3626 3918 τὸν
3682 3863 3836 3941 βέϐη-

2231 3953 2336 4026 λον,
2423 3960 2513 4007 καὶ
2589 3955 2895 4031 παραϐάτην
2956 3956 3195 4014 Ἰωάννην
3224 3960 3308 4008 τὸν
3374 3962 3836 4028 σατανογνώμονα,

2230 4048 2318 4096 καὶ
2366 4051 2463 4107 τῆς
2516 4042 2829 4107 Ἐκκλησίας
2888 4044 3235 4118 πολεμήτορα,
3296 4047 3360 4106 ὡς
3407 4044 3593 4106 λύκους
3650 4044 3837 4119 βαρεῖς

2233 4132 2577 4201 συνελθόντες,
2618 4133 2966 4208 ἀναθεμάτους
2996 4139 3177 4188 πιστοὶ
3210 4133 3600 4208 ἀναϐοήσωμεν.
3636 4138 3691 4192 θ.

2297 4309 2355 4363 Ἡ
2386 4312 2629 4374 οἴκτιστος
2676 4317 2965 4386 μοναρχία,
3018 4315 3205 4387 Πάτερ,
3252 4315 3339 4365 γει
3385 4316 3472 4365 καὶ
3504 4318 3743 4385 Πνεῦμα,
3778 4317 3831 4367 σε

2186 4410 2633 4476 ⁷προσκυνοῦμεν,
2684 4404 2745 4462 ἣν
2802 4406 2867 4455 τὰ
2924 4402 3190 4476 Χερουϐὶμ
3237 4404 3301 4454 τὰ
3330 4402 3701 4474 πολυόμματα,
3745 4408 3829 4456 καὶ

461 4489 532 4545 lis
577 4492 882 4554 exornata,
929 4494 985 4541 et
1029 4487 1361 4558 Seraphim,
1414 4504 1519 4543 sex
1578 4487 1687 4542 alis
1744 4487 2114 4545 circumdata

2258 4493 2288 4542 ἁ
2339 4495 2562 4567 Σεραφὶμ
2612 4493 2679 4545 τὰ
2731 4492 3069 4565 ἱξαπτέρυγα,
3117 4494 3338 4564 ὑμνοῦσι
3391 4492 3767 4567 κραυγάζοντα
3814 4510 3824 4522 ’

457 4578 711 4635 laudant
739 4577 1099 4633 clamantia:
1140 4579 1413 4645 Sanctus,
1448 4583 1712 4643 sanctus,
1746 4582 1987 4632 sanctus
2025 4593 2110 4643 es,

458 4685 495 4725 ο
530 4667 762 4723 excelse
793 4672 849 4722 et
886 4668 1287 4737 omnipotens.

529 4757 760 4812 Sanctis
808 4758 1088 4821 sanctior,
1139 4759 1198 4810 et
1244 4755 1525 4810 omnibus
1578 4756 1861 4810 creaturis
1916 4754 2108 4811 excel-

457 4848 597 4911 sior,
635 4852 694 4900 tu
729 4845 855 4900 sola
894 4844 1221 4916 apparuisti
1268 4847 1442 4899 Mater
1486 4843 1667 4897 simul
1701 4850 1756 4897 et
1788 4843 1961 4913 Virgo
2007 4844 2105 4899 Dei

455 4936 730 5001 Geuitrix,
783 4951 918 4989 cum
979 4936 1178 5004 ipsum
1240 4940 1407 4987 tuum
1460 4932 1793 4988 Creaiorem
1853 4949 2104 5005 pepere-

451 5027 552 5094 ris,
584 5029 954 5097 quapropter
984 5029 1151 5078 tuam
1188 5028 1456 5077 sanetam
1488 5022 1813 5091 imaginem
1855 5037 2105 5077 venera-

452 5129 608 5170 mur.

1158 5184 1301 5238 ODA
1341 5184 1403 5237 V.

521 5274 782 5329 Christus
812 5274 966 5339 vicit,
1002 5272 1253 5327 exsultet
1296 5276 1471 5335 terra,
1515 5270 1740 5343 quievit
1785 5269 2094 5339 tumultus,
2150 5246 2153 5249 Ι

446 5364 803 5436 quieverunt
831 5370 887 5419 et
927 5363 1211 5433 lacrymae
1248 5376 1556 5416 servorum
1592 5360 1715 5426 Dei,
1764 5359 1916 5415 ﬁdes
1956 5376 2096 5417 vero

446 5453 668 5527 ubique
696 5469 799 5526 per
829 5454 1179 5508 universum
1208 5449 1415 5506 orbem
1448 5456 1534 5507 est
1558 5449 1965 5522 promulgata.

2219 4577 2418 4652 Ἀγιος,
2471 4582 2641 4653 ἅγιος,
2691 4581 2843 4653 ἅγιος
2883 4578 2946 4653 εἶ,
2999 4578 3037 4633 ὦ
3066 4582 3438 4654 παντοκράτωρ
3476 4580 3726 4652 ’Υψιστι
3761 4582 3823 4636 θ’.

2914 4758 3004 4808 καὶ
3081 4756 3286 4808 πάντων
3366 4753 3667 4828 ὑψηλοτέρα
3728 4765 3822 4809 τῶν

3240 4846 3646 4916 Μητροπάρθενε
3687 4865 3700 4877 ·
3762 4847 3823 4904 ὡς

2285 4752 2473 4827 Ἀγίων
2554 4754 2831 4830 ἀγιωτέρα,

2214 4848 2538 4917 ποιημάτων,
2616 4849 2744 4917 μόνη
2826 4841 3108 4916 ἀνεδείχθη
3121 4864 3160 4909 ς,

2214 4933 2366 4987 αὐτὸν
2418 4939 2669 4993 κυήσασα
2707 4938 2792 4987 τὸν
2841 4934 3087 4992 Πλάστην
3122 4952 3238 4999 σου,
3273 4930 3359 4985 διὸ
3386 4938 3478 4991 τὴν
3506 4932 3665 5004 ἁγίαν
3698 4953 3824 5007 μορ-

2214 5028 2310 5097 φήν
2344 5042 2459 5090 σου,
2494 5031 2861 5099 Θεογεννῆτορ,
2884 5026 2933 5076 ἓν
2961 5026 3317 5097 προσκυνήσει
3347 5025 3556 5094 ἔχομεν.

2881 5187 3012 5234 mn
3054 5178 3132 5236 E’.

2279 5274 2508 5345 Χριστὸς
2571 5275 2802 5330 νενίκηκε
2835 5289 2848 5304 ο
2901 5239 3203 5346 ’σκιρτάτω
3255 5270 3284 5329 ἡ
3360 5278 3429 5342 γῆ
3465 5288 3479 5303 ·
3549 5272 3818 5324 πέπαυται

2211 5359 2464 5434 θόρυϐοςο
2509 5364 2771 5415 πέπαυται
2815 5365 2905 5413 καὶ
2935 5361 2960 5413 ὁ
3013 5359 3295 5433 κλαυθμὸς,
3341 5366 3441 5411 τῶν
3468 5365 3560 5411 τοῦ
3609 5358 3813 5432 Κυρίου

2207 5446 2405 5503 δούλων
2438 5465 2450 5477 ·
2534 5452 2562 5509 ή
2618 5455 2798 5513 πίστις
2887 5446 2945 5503 δε
3022 5456 3300 5521 πανταχοῦ
3350 5455 3421 5520 τῷ
3490 5451 3678 5522 κόσμω
3733 5447 3812 5522 ἓτ-

2204 5537 2444 5598 ηπλὼθη.
