4038 6312
166 340 317 420 aris
1162 348 1398 407 CANON
1438 347 1509 407 IN
1541 344 1945 407 EREC’I‘IONE
1985 345 2090 404 ss.
2131 342 2514 401 iMAGINUM.
3374 344 3513 399 im

228 486 312 540 Ἐν
364 483 521 539 εἰκόνι
619 478 891 555 βλέποντες
972 481 1064 536 τὴν
1146 478 1440 549 σταύρωσιν
1517 473 1748 535 σέϐοντες
1781 474 1823 529 Α

1932 474 1996 528 ln
2052 471 2312 540 imagine
2343 473 2648 525 cernentes
2686 469 2845 524 cruci
2875 468 3220 524 afﬁxionem
3253 470 3508 535 Domini,

156 578 455 648 στέργομεν,
539 571 895 641 ἀσπαζόμενοι
977 568 1196 638 Χριστὸν
1293 572 1380 617 καὶ
1458 566 1524 616 τὰ
1592 562 1751 615 αὐτοῦ

1919 564 2027 617 lam
2086 575 2461 621 veneramur,
2524 559 2818 615 Christum
2871 563 2925 614 et
2974 558 3103 628 ejus
3156 558 3328 627 signa
3370 557 3514 613 ado-

157 647 373 736 σημεῖα,
432 666 517 715 καὶ
574 665 964 735 προσκυνοῦμεν
1017 655 1151 707 αὐτά
1179 671 1191 684 ⁸
1242 654 1348 726 οὐχ
1394 656 1459 714 ὡς
1508 654 1652 713 θεοὺς
1680 671 1752 703 τι-

1916 656 2101 716 mtes;
2137 665 2257 704 non
2315 655 2513 704 tamen
2566 648 2646 703 ila
2698 663 3056 703 veneramur
3094 650 3159 702 ut
3204 647 3511 717 gentilium

198 762 323 805 ῶντε
332 772 373 814 ς.

1864 739 2027 795 deos.

198 774 237 804 ω
359 794 373 808 .

153 774 195 827 μ
233 774 442 913 ἔιτνέῗὶμα
517 841 576 891 τό
628 834 959 910 πολύρῥημον
1012 838 1102 885 καὶ
1159 829 1467 904 βλάσφημον
1525 829 1748 890 Λήζικος

1923 774 2188 898 Epiritus
2244 826 2340 881 ille
2382 825 2604 897 loquax
2636 829 2693 881 et
2742 824 3135 895 blasphemus
3166 825 3368 881 Lezius
3406 826 3518 879 sci-

155 935 438 993 πέπαυται,
475 931 533 980 τὸ
584 927 770 978 λαλοῦν
822 921 1128 987 διαπαντὸς,
1216 923 1411 995 ἡμέραν
1468 918 1585 972 καθ’
1635 921 1750 989 ἡμέ-

1925 922 2017 986 zet,
2044 916 2171 985 jam
2198 914 2442 987 quievit,
2473 914 2574 985 qui
2628 914 2966 985 frequenter
3008 913 3276 985 quotidie
3307 915 3520 970 adver-

157 1040 256 1095 ραν
285 1020 419 1072 κατὰ
441 1024 532 1078 τῆς
563 1018 700 1077 θείας
721 1022 889 1089 μορφῆ
904 1032 925 1075 ς
944 1018 1178 1086 Χριστοῦ
1198 1016 1288 1062 καὶ
1315 1018 1412 1062 τῶν
1432 1009 1614 1080 ἁγίων.

1926 1022 1970 1059 IS
1999 1005 2265 1059 divinam
2323 1002 2528 1058 Christi
2555 1002 2832 1073 efﬁgiem,
2867 1007 2922 1057 et
2953 1008 3301 1060 sanctorum
3350 1004 3521 1061 obla-

1871 1093 2084 1149 trahat.

237 1194 349 1249 Ἵνα
396 1199 467 1260 τί,
499 1191 789 1268 τρισάθλιε,
823 1194 1124 1263 μεμίσηκας
1180 1193 1445 1260 μόρφωσιν
1474 1188 1757 1261 ἄχραντον,

1943 1183 2215 1247 Quanam
2246 1181 2320 1234 de
2344 1195 2550 1244 causa,
2578 1180 2906 1235 miserrime
2929 1180 3278 1247 homuncio,
3311 1181 3524 1237 imma-

161 1294 263 1347 τῆς
311 1289 621 1358 σαρκώσεως
675 1288 933 1357 Χριστοῦ,
1003 1285 1093 1331 καὶ
1145 1287 1244 1331 τῶν
1304 1277 1461 1349 ἁγίων
1513 1279 1756 1343 πάντωνς

1931 1271 2134 1326 [latam
2175 1268 2432 1338 efﬁgiem
2466 1268 2896 1324 incarnationis
2924 1269 3136 1324 Christi
3186 1271 3438 1335 Domini,
3468 1274 3526 1324 et

164 1378 240 1447 μὴ
272 1377 374 1448 γὰρ
406 1369 641 1433 εἰδώλοις
671 1377 863 1442 κωφοῖς
900 1371 949 1421 οἱ
986 1372 1168 1422 πιστοὶ
1205 1374 1593 1441 προσκυνοῦμεν
1627 1382 1640 1432 ;

1931 1365 2217 1415 inctorum
2231 1357 2500 1412 omnium
2517 1374 2579 1411 es
2595 1358 2734 1411 odio
2750 1363 3099 1427 prosecutus
3119 1359 3147 1414 ?
3176 1361 3327 1413 Num
3344 1359 3526 1415 surda

1874 1447 2034 1503 idola
2064 1462 2173 1501 nos
2204 1446 2411 1501 ﬁdeles
2447 1461 2802 1501 veneramur
2822 1446 2850 1497 ‘?

244 1550 512 1613 ’Δσεϐείας
557 1553 753 1624 ὄργανα
802 1548 1174 1619 τυγχάνοντες,
1233 1546 1487 1617 ἥθροισαν
1546 1538 1764 1595 σύνοδον

1949 1535 2271 1607 lmpietatis
2300 1536 2697 1589 instrumenta
2747 1550 2882 1589 cum
2920 1536 3359 1604 convenissent,
3392 1552 3530 1592 con-

169 1644 343 1713 ἱερέων
374 1639 594 1703 ἀσεϐῶν,
640 1640 776 1690 κατὰ
828 1644 962 1691 Θεοῦ
1009 1635 1237 1707 ὑψίστου
1263 1654 1277 1668 ·
1318 1636 1387 1695 ὡς
1427 1629 1681 1687 Ἰουδαῖοι
1708 1635 1764 1683 τὸ

1934 1624 2221 1681 liabulum
2254 1630 2595 1692 coegerunt,
2620 1624 2940 1694 impiorum
2966 1624 3236 1679 videlicet
3258 1627 3529 1680 sacerdo-

165 1711 315 1805 πρὶν,
345 1728 537 1791 ’Ἄννας
561 1732 652 1780 καὶ
683 1728 935 1799 Καῖάφας.

1935 1732 2026 1779 ιη),
2060 1713 2349 1768 adversus
2398 1713 2583 1767 Deum
2630 1711 2950 1777 excelsum,
2984 1713 3148 1783 quod
3179 1714 3358 1769 etiam
3389 1714 3530 1769 olim

1804 1829 1850 1883 Β
1882 1804 2144 1859 fecerunt
2170 1802 2376 1867 Judaei,
2410 1806 2581 1856 Anna
2606 1801 2825 1856 scilicet
2850 1808 2905 1855 et
2937 1801 3211 1870 Caiphas.

244 1908 327 1962 Ἐν
384 1910 554 1983 ἡμέρᾳ
606 1909 847 1978 κρίσεως,
900 1900 1164 1969 πανάθλιε,
1222 1904 1509 1958 στήσονται
1564 1896 1773 1970 ἔλεγχοι

1952 1892 2015 1945 In
2046 1890 2143 1944 die
2171 1889 2268 1943 illa
2325 1889 2571 1944 extremi
2600 1889 2831 1959 judicii,
2880 1905 2916 1944 o
2953 1890 3370 1959 infelicissimo,
3398 1890 3536 1945 ade-

169 2005 269 2059 τῆς
301 1977 453 2050 ἀθέου
485 1977 590 2048 ’σου
645 1993 849 2064 ψυχῆς,
898 1993 923 2042 6
972 1987 1137 2061 δῆμος
1182 1998 1282 2041 τῶν
1315 1992 1573 2061 Πατέρων,
1607 1987 1764 2061 ὧνπερ

1942 1985 2042 2043 mt,
2076 1980 2177 2051 qui
2212 1985 2373 2033 tuam
2405 1979 2654 2048 impiam
2686 1977 2954 2034 animam
2986 1984 3253 2047 arguent,
3304 1986 3537 2034 sancto-

173 2087 418 2159 ἅμέτροις
438 2084 666 2155 πληγαῖς
690 2081 997 2153 ἐγύμνωσας
1020 2080 1113 2140 τὰς
1142 2080 1363 2153 σάρκας.

1943 2084 2016 2123 lm
2044 2068 2315 2122 videlicet
2361 2070 2593 2121 Patrum
2643 2067 2886 2131 chorus,
2919 2083 3176 2138 quorum
3230 2068 3538 2123 denudata

1883 2173 2138 2229 corpora
2168 2155 2706 2211 innumerabilibus
2737 2156 2930 2227 plagis
2956 2154 3240 2211 aﬂlixisti.

250 2262 559 2321 Ἐκκλησίαι
609 2260 816 2313 ἅπασαι
865 2256 1149 2331 βοήσουσι,
1203 2256 1504 2330 κράζουσαι
1546 2252 1774 2321 ἅπασαι,

1959 2247 2177 2301 Omues
2199 2244 2471 2299 Ecclesia:
2495 2245 2751 2299 clamare
2774 2260 2895 2298 non
2925 2244 3217 2310 desinent,
3261 2261 3395 2301 cum
3426 2262 3461 2301 a
3489 2250 3541 2301 te

181 2353 523 2427 στερηθεῖσαι
564 2351 665 2400 ὑπὸ
722 2354 837 2412 σοῦ,
893 2355 984 2406 τῆς
1049 2352 1253 2416 μορφῆς
1304 2351 1396 2395 τοῦ
1454 2346 1649 2417 Κυρίου
1689 2348 1776 2395 καὶ

1947 2334 2104 2389 erint
2128 2334 2353 2387 orbatae
2397 2333 2601 2387 Christi
2637 2333 2866 2386 Domini
2912 2334 3191 2401 imagine,
3227 2340 3281 2389 et
3311 2339 3542 2389 sancto-

174 2451 279 2496 τῶν
306 2440 466 2512 ἁγίων
489 2438 651 2491 αὐτοῦ
674 2439 761 2497 τὰς
802 2438 936 2508 ἱερὰς
957 2434 1173 2493 εἰκόνας.

1890 2438 2023 2478 rum
2051 2424 2179 2490 ejus
2212 2423 2397 2475 sacris
2426 2421 2652 2489 ﬁguris.
2680 2421 2878 2476 Gloria
2903 2422 3074 2477 Patri.

258 2532 306 2584 θ.
345 2529 406 2584 Ἡ
437 2533 496 2581 τὸ
533 2533 633 2581 πᾶν
666 2530 967 2596 συνέχουσα
1013 2531 1085 2593 τῷ
1140 2528 1319 2594 κράτει
1368 2539 1485 2587 σου,
1514 2517 1646 2582 δόξα
1675 2538 1778 2585 σοι,

1963 2509 2157 2566 Gloria
2216 2509 2339 2572 tibi,
2386 2515 2441 2564 et
2492 2510 2701 2565 iterum
2759 2510 2948 2579 gloria
2980 2511 3080 2565 tibi
3108 2512 3197 2577 sit,
3231 2513 3384 2567 trina
3418 2512 3542 2567 uni-

188 2616 324 2681 δόξα
349 2637 454 2685 σοι,
485 2619 877 2692 τρισυπόστατε
927 2616 1103 2683 μονὰς,
1156 2611 1347 2682 Πάτερ,
1381 2611 1464 2662 Υἱὲ
1491 2614 1581 2661 καὶ
1631 2615 1783 2661 Πνεῦ-

1948 2616 2004 2665 .s,
2030 2602 2194 2653 Pater
2223 2604 2279 2653 et
2335 2597 2508 2653 Filius
2559 2604 2616 2653 et
2659 2598 2909 2669 Spiritus
2940 2605 3201 2670 sanctus,
3239 2616 3374 2672 quae
3416 2600 3543 2655 uni-

185 2727 285 2781 μα,
344 2710 464 2769 τοὺς
516 2686 831 2764 πεποιθότας
890 2702 958 2762 εἰς
1026 2703 1083 2753 σε
1133 2700 1294 2772 ῥῦσαι
1348 2702 1599 2759 παντοίας
1652 2696 1780 2770 βλά-

1948 2704 2133 2744 arsum
2164 2686 2372 2743 orbem
2399 2688 2662 2758 potentia
2700 2693 2802 2743 tua
2834 2689 3102 2743 contines
3132 2705 3144 2745 :
3179 2693 3233 2745 te
3263 2690 3543 2760 depreca-

187 2776 311 2859 ἐκ,
1898 2792 2052 2845 mur,
2082 2782 2147 2831 ut
2175 2776 2253 2831 ab
2308 2776 2476 2831 omni
2532 2777 2693 2831 malo
2746 2792 2869 2843 eos,
2902 2778 3005 2849 qui
3032 2778 3093 2832 in
3123 2783 3177 2833 te
3208 2779 3545 2846 conﬁdunt,

1895 2865 2147 2921 liberare
2173 2865 2460 2936 digneris.

265 2974 316 3025 θ.
345 2970 435 3033 Ὠς
458 2966 1225 3045 χρυσοκαλλὼπιστονλυχνίαν
1247 2984 1324 3029 σε,
1351 2961 1385 3017 δ
1388 2968 1620 3034 ίσποινα,
1647 2962 1791 3017 σέϐο-

1970 2954 2163 3009 Instar
2194 2953 2511 3009 lucernarii
2562 2970 2711 3010 auro
2767 2956 3049 3025 exornati,
3082 2961 3134 3012 te
3166 2972 3545 3027 veneramur,

192 3080 307 3135 μεν,
365 3064 461 3118 τὴν
500 3062 559 3111 τὸ
618 3065 719 3130 φῶς
758 3060 815 3109 τὸ
866 3059 1049 3114 νοητὸν
1112 3060 1438 3126 γεννήσασαν
1476 3062 1548 3124 τῷ
1586 3058 1787 3125 κόσμῳ¹

1955 3048 2108 3099 mcta
2129 3043 2226 3097 Dei
2257 3043 2539 3109 Genitrix,
2575 3058 2709 3114 quae
2736 3044 2937 3099 lumen
2957 3044 3351 3101 intellectuale
3379 3062 3550 3101 mun-

192 3130 285 3203 καὶ
314 3153 407 3209 τήν
444 3143 624 3220 ζοφώδ
630 3166 659 3205 η
695 3145 863 3218 ἀχλύν
883 3152 1179 3218 μειώσασα,
1204 3145 1448 3215 Παρθένε.

1903 3132 1981 3188 do
2012 3131 2312 3203 peperisti,
2344 3136 2398 3187 et
2428 3130 2808 3188 tenebrosam
2840 3133 3123 3190 nebulam
3155 3134 3475 3207 dissipasti.

860 3330 993 3398 ῼΔΗ
1033 3325 1129 3406 ς’.

2599 3328 2741 3384 0οΑ
2779 3328 2867 3387 VI.

274 3506 529 3566 Ἐϐόησαν
593 3507 643 3559 οἱ
716 3502 975 3576 ἄγρυπνοι
1048 3503 1261 3575 φύλακες
1338 3508 1429 3563 τῆς
1484 3500 1799 3561 Ἐκκλησίας

1981 3503 2287 3561 Vociferati
2318 3509 2455 3561 sunt
2483 3504 2686 3575 vigiles
2713 3506 2986 3563 Ecclesiae
3012 3506 3220 3565 Christi
3252 3509 3557 3575 custodes,

200 3606 295 3654 τοῦ
334 3603 568 3671 Χριστοῦ
606 3598 739 3668 πρὸς
786 3593 940 3646 αὐτὸν
997 3592 1275 3657 αἰτοῦντες,
1336 3586 1559 3649 δοθῆναι
1600 3593 1695 3647 τὴν
1735 3587 1795 3640 εἰ·

1970 3611 1990 3649 )
2012 3594 2143 3666 ipso
2174 3599 2463 3665 petentes,
2497 3600 2559 3649 ut
2590 3595 2701 3650 sibi
2723 3613 2839 3668 pax
2861 3596 3190 3668 largiretur,
3217 3615 3368 3671 quos
3391 3614 3565 3657 exau-

202 3691 388 3763 ρὴνην,
419 3690 510 3737 καὶ
531 3684 827 3750 εἰσήκουσε,
855 3687 945 3734 καὶ
976 3683 1246 3753 προσέσχε
1273 3686 1333 3752 τῇ
1364 3676 1399 3731 δ
1402 3684 1455 3738 εὴ
1467 3698 1564 3733 σει.

1913 3683 2080 3749 divit,
2113 3689 2170 3738 et
2200 3700 2407 3740 eorum
2438 3684 2718 3756 precibus
2755 3691 3013 3742 mentem
3057 3686 3348 3744 adhibuit.

277 3772 589 3843 Διήλεγκται
638 3776 732 3822 τοῦ
815 3768 1009 3822 πλάνου
1066 3769 1133 3820 τὰ
1195 3769 1447 3841 θύρατρα,
1534 3772 1645 3825 ταῖς
1703 3771 1804 3817 τῶν

1990 3776 2236 3829 Detectae
2268 3778 2403 3828 sunt
2451 3774 2779 3830 seductoris
2810 3774 2966 3830 illius
3000 3781 3154 3831 artes
3183 3782 3239 3833 et
3278 3778 3399 3834 doli
3430 3793 3568 3834 san-

209 3866 448 3934 Πατέρων
498 3856 762 3931 διδαχαῖς
794 3872 807 3885 ’
867 3862 957 3909 καὶ
987 3859 1119 3917 Θεὸς
1154 3858 1389 3927 ὑμνεῖται
1416 3860 1570 3931 σαρκί
1614 3872 1804 3927 μεμορ·

1976 3878 2146 3919 orum
2198 3864 2435 3917 Patrum
2466 3862 2852 3931 dogmatibus
2881 3883 2893 3931 ;
2924 3870 2978 3920 et
3004 3868 3155 3921 Deus
3190 3883 3365 3922 carne
3397 3866 3569 3923 indu-

208 3956 457 4026 φωμένος,
489 3950 514 4001 6
555 3948 949 4023 ἀπεριγράπτως
982 3947 1187 4003 θεότητι
1208 3945 1485 4017 ὑπάρχων.

1971 3968 2014 4006 lS
2044 3950 2122 4007 ab
2148 3951 2433 4006 omnibus
2462 3952 2811 4020 celebratur,
2854 3954 2954 4025 qui
2988 3970 3095 4027 pro
3128 3972 3238 4012 sua
3263 3956 3566 4012 divinitate

1918 4039 2470 4111 incircumscriptus
2496 4040 2741 4095 exsistit.

285 4131 352 4184 Οί
401 4131 641 4201 συνεργοὶ
684 4133 778 4188 τῆς
826 4124 1041 4190 πλάνης,
1099 4123 1422 4194 αἰσχύνεσθε
1452 4140 1464 4155 ο
1506 4126 1597 4174 καὶ
1630 4120 1813 4174 ἁπολέ-

1995 4128 2166 4183 Sociii
2217 4127 2579 4183 seductionis
2606 4130 2834 4196 pudore
2876 4130 3340 4200 confundantur,
3368 4138 3424 4188 et
3449 4148 3577 4203 per-

212 4222 427 4274 σθωσαν
456 4218 603 4288 ὁμοῦ,
642 4218 736 4268 σὺν
782 4233 856 4284 τῳ
889 4215 1163 4283 ’Δντωνίντη
1207 4207 1467 4273 Θεόδοτος
1500 4215 1589 4263 καὶ
1620 4208 1807 4276 Λὴςιξ,

1983 4222 2060 4273 int
2110 4232 2230 4271 una
2286 4232 2425 4271 cum
2480 4218 2733 4272 Antonio
2761 4218 3097 4274 Theodotus
3153 4224 3210 4275 et
3268 4222 3468 4277 Lezius
3522 4225 3578 4276 et

210 4314 305 4363 καὶ
344 4302 639 4381 Θεόδωρος,
671 4305 698 4356 ό
730 4302 890 4376 βυθὸς
915 4309 1009 4362 τῆς
1041 4300 1315 4362 ἀπωλείας.

1924 4304 2292 4370 Theodorus,
2322 4304 2693 4377 profundum
2721 4307 3096 4378 perditionis.

289 4400 359 4451 T6
394 4401 561 4467 στόμα
592 4413 686 4446 σου
730 4389 763 4445 δ
770 4391 1019 4456 ιήνοιεας,
1061 4390 1226 4454 ἄθλιε,
1255 4388 1348 4441 οὐκ
1396 4388 1445 4441 ἕν
1475 4385 1635 4460 ᾠδαῖς
1666 4408 1817 4441 πνευ-

1999 4397 2075 4450 Os
2102 4398 2272 4448 tuum
2323 4394 2627 4465 aperuisti,
2653 4410 2688 4449 o
2718 4396 2915 4461 miser,
2946 4412 3067 4451 non
3094 4397 3153 4451 in
3182 4398 3427 4453 canticis
3460 4398 3582 4469 spi-

215 4492 488 4562 ματικαῖς,
546 4482 653 4535 ἀλλ’
708 4480 755 4533 ἓν
816 4479 1199 4552 βλασφημίαις,
1266 4480 1401 4530 κατὰ
1452 4486 1543 4530 τοῦ
1606 4485 1700 4531 σοῦ
1728 4485 1810 4530 Δε-

1985 4482 2265 4546 tualibus,
2289 4482 2393 4537 sed
2419 4483 2478 4536 in
2513 4482 2903 4554 blasphemiis
2936 4485 3227 4541 adversus
3259 4487 3580 4543 Dominum

222 4578 444 4643 σπότου,
478 4570 839 4643 ἀπωθούμενος
854 4573 947 4627 τὴν
979 4572 1172 4625 σεπτὴν
1212 4566 1585 4640 εἰκονουργίαν.

1852 4566 1895 4581 ³³
1932 4576 2123 4637 tuum,
2149 4570 2522 4626 venerandas
2555 4571 2846 4641 imagines
2874 4572 3245 4630 insectando.

296 4660 616 4736 Διίστρεψας
698 4661 939 4730 Πατάρων
1016 4658 1081 4709 τὰ
1136 4652 1400 4727 δόγματα,
1454 4660 1543 4707 καὶ
1595 4653 1821 4708 ἀποστό-

2004 4661 2330 4716 Pervertisti
2362 4667 2709 4715 sanctorum
2741 4662 2977 4717 Patrum
3006 4663 3313 4731 dogmata,
3350 4668 3586 4734 aposto-

219 4754 323 4807 λων
355 4747 619 4823 διδαχάς,
678 4748 837 4806 ἄλλην
894 4747 1054 4806 ἄλλως
1104 4746 1333 4819 γράφων,
1392 4747 1527 4799 κατὰ
1572 4749 1666 4803 τὴν
1725 4748 1814 4804 σὴν

1996 4765 2129 4805 rum
2178 4748 2464 4804 doctrinis
2515 4750 2815 4806 contraria
2857 4752 3196 4817 scribendo,
3221 4754 3391 4822 juxta
3422 4757 3586 4807 tuam

228 4844 514 4918 θρησκείαν
543 4840 863 4913 παράνομον,
896 4834 1104 4893 Ἰωάννη
1133 4836 1502 4908 Χριστομάχε.

1993 4839 2151 4895 ,lsam
2206 4838 2555 4907 religionem
2606 4844 2662 4894 et
2690 4840 2962 4911 impiam,
3008 4856 3043 4896 o
3075 4840 3339 4896 Joannes
3374 4840 3588 4898 Christi

1936 4928 2200 4985 inimice.

303 5022 398 5069 Σοῦ
458 5016 484 5067 ό
534 5016 727 5075 καπνός
791 5008 1033 5085 δακρύων
1095 5009 1337 5069 ἐνέπλησε
1392 5018 1491 5063 τῶν
1562 5008 1831 5063 εὐσεϐούν-

2012 5019 2233 5073 Fumus
2250 5020 2386 5071 tuus
2399 5016 2665 5087 priorum
2678 5017 3179 5088 oculoslacrymis
3202 5016 3470 5089 replevit,
3490 5015 3596 5071 sed

228 5123 331 5159 των
371 5103 667 5177 ὀφθαλμούς
706 5119 721 5134 ο
775 5101 906 5154 ἀλλὰ
961 5109 1034 5173 τῷ
1090 5099 1257 5173 ἀνίμὼ
1308 5107 1409 5151 τῶν
1471 5101 1616 5152 θείων
1674 5095 1823 5152 διδα·

2004 5110 2120 5162 :nto
2150 5120 2459 5161 sacrorum
2488 5105 2801 5162 doctorum
2827 5106 3155 5178 dissipatus
3189 5112 3297 5171 est,
3331 5123 3367 5161 o
3389 5106 3599 5161 insane

234 5193 440 5248 σκάλων
474 5189 509 5245 δ
515 5188 875 5263 ιεσκίδασται,
904 5196 1238 5263 ματαιόφρων
1271 5189 1508 5247 Ἰωάννη.
1944 5198 2225 5252 Joannes.

306 5286 373 5336 Σύ
424 5286 519 5340 τὴν
564 5280 749 5340 στολὴν
806 5284 897 5339 τὴν
954 5281 1090 5332 θείαν
1150 5275 1448 5353 διέῥρηξας,
1480 5278 1652 5349 ὥσπερ
1691 5275 1837 5345 ὁἋτ-

2016 5286 2099 5340 Tu
2151 5298 2388 5338 sacram
2442 5283 2657 5339 stolam
2711 5282 3026 5347 dilaniasti,
3080 5284 3600 5355 quemadmodum

233 5391 372 5448 ρειος
396 5374 455 5424 τό
481 5375 604 5443 πρὶν
633 5374 719 5423 τὸν
772 5377 863 5423 τοῦ
902 5375 1139 5443 Χριστοῦ
1192 5376 1395 5439 χιτῶνα
1426 5384 1438 5397 ·
1476 5364 1510 5420 δ
1516 5370 1561 5419 ιό
1595 5375 1689 5429 τῆς
1720 5367 1828 5422 Ἐκ-

2010 5372 2093 5426 im
2119 5372 2288 5427 Arius
2320 5371 2527 5427 Christi
2581 5377 2798 5427 vestem
2825 5390 2838 5436 ;
2870 5379 3238 5443 quapropter
3287 5373 3498 5428 merito
3526 5372 3602 5427 ab

237 5462 462 5522 κλησίας
490 5458 664 5536 πόρῥω
689 5456 966 5533 βέϐλησαι,
1000 5456 1268 5519 ἐκϐληθεὶς
1306 5457 1538 5531 καθάπερ
1572 5458 1728 5508 κύων.

2010 5459 2215 5516 aclesia
2263 5458 2487 5530 procul,
2545 5459 2730 5517 instar
2785 5461 2973 5525 canis,
3000 5476 3063 5517 es
3118 5460 3371 5533 ejectus.
3404 5460 3605 5520 Gloria

1954 5549 2133 5605 Patri.

316 5641 367 5697 θ.
392 5643 530 5693 Μίαν
556 5638 731 5713 ἀρχὴν
763 5636 973 5703 δοξάζω
1001 5639 1261 5705 θεότητος,
1302 5635 1351 5689 ἰν
1377 5637 1708 5691 ὑποστάσεσι
1733 5656 1841 5710 τρια

2025 5638 2221 5694 Unum
2245 5635 2477 5694 deitatis
2504 5636 2863 5710 principium
2902 5637 3090 5695 tribus
3122 5637 3401 5711 personis
3431 5637 3613 5711 glori-
