4038 6312
242 289 384 347 1777

1244 287 1483 345 CANON
1522 286 1593 343 IN
1633 284 2038 343 ERECTIONE
2076 285 2179 343 SS.
2222 284 2605 344 IMAGINUM.

3455 285 3598 343 1778

238 419 424 468 πιστοὶ
473 415 655 477 πάντες
711 421 1001 486 μυστικῶς.
1055 413 1196 471 Αὕτη
1236 414 1337 487 γὰρ
1381 415 1406 471 ἡ
1466 414 1655 487 ἡμέρα,
1715 410 1822 483 ένῇ

1948 426 2156 467 omnes
2197 428 2210 466 :
2243 411 2372 467 haec
2402 412 2562 466 enim
2604 415 2690 467 est
2719 410 2868 476 dies,
2898 411 2960 466 in
2994 424 3115 482 qua
3145 410 3411 466 Christus
3451 412 3593 467 Ver-

237 507 469 577 Χριστός
518 503 544 555 ὀ
579 508 748 576 Λόγος
777 507 869 562 τὴν
904 499 1045 555 ἰδίαν
1098 502 1287 561 στολὴν
1339 498 1577 555 ἀπέδωκε
1608 508 1670 573 τῇ
1725 500 1836 554 Ἐκ-

236 591 334 650 κλη
343 596 455 664 σία.

313 681 611 754 Πολεμικῶς
663 682 836 754 ῶσπερ
886 681 1251 755 παρετάξοντο,
1294 682 1429 732 κατὰ
1478 685 1711 754 Χριστοῦ
1742 685 1837 740 τῆς

234 777 463 843 μορφῆς,
513 766 853 841 ὁμοθυμαδὸν
885 770 1058 833 Λήζιξ
1101 774 1189 822 καὶ
1240 768 1497 834 Ἰωάννης,
1550 772 1608 820 τό
1658 768 1837 839 ζεῦγος

232 860 325 912 τού
375 858 578 934 Βελίαρ,
635 858 833 913 πελέκει
880 864 1068 919 κακίας
1120 858 1432 930 ἓγκόψαντες
1484 861 1577 916 τὴν
1617 856 1837 913 Ἐκκλη-

235 952 377 1003 σίαν.

309 1042 397 1098 Τίς
448 1042 521 1109 μὴ
594 1039 845 1111 θρηνήσει
910 1039 969 1087 τό
1026 1040 1163 1109 μέγα
1226 1036 1489 1108 τόλμημα,
1544 1040 1635 1092 τὴν
1696 1036 1834 1087 θείαν
1913 1098 1931 1107 _

235 1125 441 1197 βλέπων
489 1130 714 1200 μορφὴν,
741 1130 835 1183 την
865 1124 914 1177 ἄν
944 1133 1005 1197 τῇ
1046 1125 1220 1197 χαλκῇ
1254 1125 1390 1198 πύλη
1432 1132 1524 1177 τοῦ
1553 1122 1829 1188 παλατίου,

233 1215 338 1268 ύπό
389 1212 592 1289 ἀνδρῶν
640 1214 841 1286 ἀνόμων
896 1213 1062 1276 λίθοις
1112 1212 1448 1287 βαλλομένην,
1507 1222 1569 1285 τῇ
1618 1209 1827 1285 διδαχῇ

232 1311 327 1357 τοῦ
352 1303 591 1358 Ἰωάννου
619 1319 632 1370 ;

308 1400 426 1454 Πῶς
497 1396 556 1446 οὗ
606 1400 853 1458 συνῆκας,
930 1392 1087 1465 τυφλὶ
1168 1393 1434 1459 πανάθλιε,
1503 1390 1831 1464 ὶσκοτισμένε

230 1485 320 1534 τὸν
345 1488 485 1548 νοῦν,
518 1487 611 1540 τὴν
655 1481 742 1534 ὑπ’
779 1481 993 1557 ούρανὸν
1024 1479 1222 1554 βλέπων
1275 1484 1666 1554 κεκοσμημένην
1697 1488 1831 1553 Χρι-

231 1578 361 1624 στοῦ
409 1580 483 1641 τῷ
529 1578 854 1646 χαρακτῆρι,
912 1570 1040 1623 ἀλλὰ
1087 1575 1241 1642 μόνος
1286 1572 1443 1643 ἔσχες
1484 1573 1541 1622 τὸ
1594 1575 1831 1643 φρόνημα

226 1668 329 1712 τῶν
354 1655 628 1714 Ἰουδαίων
660 1676 675 1727 ;

1942 500 2090 557 bum
2121 501 2395 557 Ecclesiae
2426 517 2548 555 suae
2579 501 2883 572 propriam
2913 499 3163 555 restituit
3188 498 3422 555 stolam.

2015 678 2288 734 Hostium
2323 679 2506 735 instar
2544 678 2703 733 acies
2734 682 3074 732 struxerunt
3103 676 3390 732 adversus
3424 676 3592 734 Chri-

1944 768 2011 822 sti
2076 767 2412 837 imaginem,
2471 767 2683 822 eodem
2745 766 2931 821 animi
2979 765 3177 821 furore
3248 767 3467 832 Lezius,
3535 771 3592 822 et

1942 857 2223 920 Joannes,
2259 856 2402 911 socii
2436 854 2628 920 Belial,
2657 854 2983 926 iniquitatis
3031 855 3220 910 securi
3263 854 3587 911 Ecclesiam

1944 944 2361 1000 abscindentes
2374 987 2387 1000 .

2015 1034 2155 1098 Quis
2181 1049 2300 1088 non
2317 1032 2652 1105 deplorabit
2666 1047 2951 1101 magnam
2968 1031 3383 1089 haareticorum
3406 1033 3592 1089 auda-

1942 1123 2119 1186 ciam,
2165 1122 2487 1192 respiciens
2532 1120 2800 1176 divinam
2846 1121 3192 1189 imaginem,
3225 1137 3361 1192 quas
3403 1125 3490 1177 est
3529 1122 3589 1177 in

1941 1227 2109 1266 aenea
2135 1216 2307 1281 porta
2328 1210 2548 1281 palatii,
2572 1226 2608 1266 a
2640 1210 2879 1265 nefariis
2907 1208 3257 1265 hominibus
3285 1209 3588 1281 lapidibus

1940 1315 2317 1371 percussam,
2357 1299 2604 1355 Joannis
2635 1298 2909 1370 exemplo
2938 1297 2967 1353 ?

2011 1389 2327 1454 Quomodo
2358 1404 2478 1443 non
2508 1388 2862 1453 intellexisti,
2891 1404 2927 1443 o
2957 1392 3128 1459 capte
3159 1387 3366 1453 oculis,
3396 1395 3450 1444 et
3477 1389 3586 1443 mi-

1938 1479 2209 1543 serrimo,
2225 1493 2294 1533 ac
2313 1484 2573 1533 mentem
2587 1477 2992 1541 obtenebrate,
3010 1477 3357 1532 universum
3373 1477 3583 1534 orbem

1938 1566 2147 1621 Christi
2179 1566 2516 1621 charactere
2555 1566 2922 1634 insignitum,
2953 1565 3059 1620 sed
3089 1565 3248 1621 solus
3284 1571 3343 1619 tu
3374 1572 3584 1621 nactus

1936 1670 2000 1709 es
2028 1655 2374 1711 Iudaeorum
2414 1660 2675 1711 mentem
2704 1654 2733 1709 ‘I

303 1752 370 1803 Σὺ
426 1748 684 1810 παντελῶς
723 1747 950 1801 καθελεῖν
1001 1748 1240 1819 ἐνόμισας
1294 1755 1393 1799 τῶν
1449 1749 1594 1800 θείων
1647 1748 1822 1807 ἔκκλη-

2006 1746 2087 1800 Tu
2110 1760 2141 1798 e
2165 1745 2362 1800 medio
2383 1743 2629 1799 omnino
2652 1743 2850 1799 tollere
2877 1742 3080 1799 animo
3101 1743 3370 1812 cogitasti
3394 1760 3461 1799 ex
3484 1744 3585 1799 Dei

233 1846 360 1890 σιῶν
414 1842 507 1896 την
568 1837 912 1910 σαρκολαμπῆ
982 1842 1252 1910 μόρφωσιν
1309 1843 1402 1889 τοῦ
1467 1842 1683 1910 Κυρίου,
1736 1842 1825 1889 καὶ

228 1934 330 1979 τῶν
387 1926 545 1997 ἁγίων
594 1928 793 1979 πάντων
816 1944 830 1960 ο
887 1926 994 1978 ἀλλ’
1033 1928 1063 1985 ἡ
1126 1929 1238 1979 θεία
1281 1928 1441 1998 χάρις
1486 1925 1689 1979 καθεῖλέ
1729 1944 1823 1979 σου

228 2020 326 2074 τήν
353 2012 665 2088 τυραννίδα.

300 2106 378 2161 Τὰ
426 2106 536 2177 ἱερὰ
589 2112 689 2157 τῶν
736 2104 898 2176 ἁγίων
938 2103 1173 2175 λείψανα,
1223 2108 1313 2157 καὶ
1350 2106 1439 2165 τὰς
1488 2104 1682 2165 εἰκόνας
1734 2104 1825 2157 αύ-

231 2201 333 2245 τῶν
359 2193 534 2257 Λὴζιξ
560 2194 585 2247 ὁ
614 2190 803 2259 δεινός,
830 2195 942 2266 ἅμα
981 2200 1053 2264 τῷ
1093 2192 1325 2266 Ἰωάννῃ,
1351 2190 1464 2246 οὐδ’
1488 2194 1615 2255 ὅλως
1656 2212 1825 2267 προσ-

226 2284 499 2336 κυνεῖσθαι
569 2284 793 2354 ἔφασκον
859 2282 1078 2353 ἀνόμως,
1151 2283 1199 2334 οἱ
1249 2280 1465 2353 ἁρνηταὶ
1530 2289 1622 2343 τῆς
1683 2282 1825 2335 εὐσε-

227 2368 396 2433 ϐείας.

302 2461 350 2512 θ.
408 2464 800 2532 Παντουργικὴν
845 2461 1093 2534 θεαρχίαν
1122 2458 1371 2524 σέϐοντες,
1401 2458 1449 2511 έν
1479 2467 1823 2533 χαρακτῆρσι

224 2552 399 2621 τρισὶ,
458 2549 645 2610 πάντες
698 2547 938 2612 εὐσεϐῶς,
993 2567 1224 2622 αναρχον
1277 2551 1363 2599 τὸν
1428 2552 1651 2614 Πατέρα,
1704 2566 1824 2599 συν-

224 2638 457 2709 άναρχον
488 2640 573 2689 τόν
622 2642 809 2708 Λόγον,
854 2644 1061 2707 Πνεῦμα
1110 2636 1465 2709 συνεκλάμπον
1516 2633 1821 2708 δοξάσωμεν

224 2724 299 2788 εἰς
326 2728 444 2786 τοὺς
471 2724 681 2788 αἰῶνας.

299 2902 704 2973 θ’.Χριστιανῶν
731 2904 760 2960 ἡ
787 2900 979 2973 βεϐαία
1005 2906 1226 2973 γέφυρα,
1253 2903 1310 2953 τὸ
1326 2902 1589 2972 καύχημα
1617 2908 1717 2952 τῶν
1729 2920 1817 2952 πι-

225 2998 382 3057 στῶν,
431 2995 523 3043 καὶ
552 2995 825 3063 καταφυγή
857 3006 875 3024 ⁶
904 2995 1159 3044 Δέσποινα
1203 2996 1443 3055 Θεοτόκε,
1473 2990 1601 3047 αῦτη
1655 2992 1821 3065 ύπάρ-

1938 1832 2206 1889 Ecclesiis
2252 1832 2457 1888 Christi
2496 1832 2727 1888 Domini
2759 1832 3085 1902 imaginem
3131 1847 3308 1887 carne
3349 1830 3584 1903 praeful-

1935 1927 2195 1991 gentem,
2224 1927 2279 1976 et
2305 1927 2647 1977 sanctorum
2674 1921 2947 1976 omnium
2974 1937 2988 1989 ;
3026 1919 3133 1976 sed
3164 1919 3369 1976 divina
3390 1919 3584 1989 gratia

1933 2015 2099 2065 tuam
2131 2009 2509 2082 tyrannidem
2539 2009 2849 2065 destruxit.

2006 2101 2217 2155 Sacres
2237 2104 2579 2155 sanctorum
2606 2097 2905 2170 reliquias,
2925 2101 2984 2153 et
2999 2098 3267 2168 ipsorum
3288 2097 3581 2168 imagines

1934 2188 2134 2243 Lezius
2179 2188 2272 2243 ille
2316 2187 2495 2255 ferus,
2547 2202 2668 2243 una
2720 2203 2856 2242 cum
2911 2188 3157 2252 Joanne,
3209 2187 3376 2243 nullo
3405 2191 3581 2259 pacto

1933 2276 2331 2339 venerandas,
2360 2276 2541 2348 impie
2572 2274 2941 2341 asserebant,
2967 2279 3030 2330 ut
3057 2274 3292 2346 pietatis
3321 2275 3583 2332 deserto-

1933 2381 2044 2420 res.
2070 2365 2263 2421 Gloria
2290 2366 2460 2421 Patri.

2004 2455 2223 2510 Omnes
2251 2455 2342 2524 pie
2373 2457 2726 2509 venerantes
2761 2453 2859 2508 Dei
2888 2452 3284 2523 majestatem,
3307 2454 3580 2511 omnium

1932 2550 2259 2610 auctorem,
2316 2544 2374 2599 in
2433 2543 2623 2599 tribus
2682 2542 2971 2614 personis,
3030 2545 3256 2598 Patrem
3308 2543 3582 2599 videlicet

1934 2633 2224 2705 principio
2252 2638 2571 2697 carentem,
2613 2635 2670 2686 et
2696 2632 2951 2687 Verbum
2977 2635 3365 2687 coaeternum.
3395 2631 3580 2704 Spiri-

1932 2726 2058 2776 tum
2099 2736 2341 2792 quoque
2373 2725 2649 2776 sanctum
2693 2720 2869 2775 simul
2911 2720 3333 2791 praelucentem
3366 2720 3582 2790 gloriﬁ-

1931 2825 2138 2865 cemus
2162 2810 2222 2864 in
2249 2809 2490 2865 saecula.

2002 2898 2045 2953 Ο
2076 2898 2329 2953 Domina
2357 2898 2457 2952 Dei
2487 2897 2765 2965 Genitrix,
2795 2902 2859 2953 tu
2886 2896 3018 2952 sola
3047 2896 3277 2952 exsistis
3304 2896 3578 2955 Christia-

1932 3002 2145 3042 norum
2175 3002 2331 3058 pons
2362 3002 2631 3051 securus,
2667 2990 2723 3041 et
2758 2985 3025 3040 ﬁdelium
3057 2985 3245 3055 gloria
3275 2990 3453 3057 atque
3487 3003 3576 3044 re-

220 3098 343 3151 χεις
394 3084 547 3151 μόνη,
598 3082 788 3140 πάντας
835 3077 1127 3153 βοηθοῦσα,
1180 3083 1269 3131 καὶ
1316 3078 1566 3140 σώζουσα
1611 3078 1665 3131 ix
1718 3087 1816 3131 τῶν

1948 3076 2179 3144 ’ugium,
2204 3091 2240 3131 a
2262 3074 2537 3147 periculis
2565 3074 2811 3139 cunctis,
2835 3089 3045 3130 omnes
3070 3074 3369 3145 adjuvans
3393 3079 3574 3149 atque

221 3164 498 3223 κινδύνων.

894 3297 1025 3365 nm
1058 3290 1138 3347 θ’.

290 3436 367 3487 Τὰ
396 3436 535 3501 ἔθνη,
568 3439 858 3507 κροτήσατε
888 3452 900 3464 ·
942 3439 1101 3509 χοροὶ
1134 3439 1394 3508 Πατέρων,
1431 3438 1687 3488 σπεύσατε
1721 3437 1815 3498 ’,οἱ

219 3521 452 3581 ἆσκηταί
480 3542 534 3576 τε
562 3527 652 3575 καὶ
677 3524 727 3575 οἰ
774 3522 822 3575 ἐν
866 3530 976 3585 τοῖς
1018 3528 1182 3597 ὄρεσι,
1217 3524 1478 3578 συνέλθετε
1517 3540 1529 3551 ·
1571 3528 1737 3589 ἣκετε,
1767 3526 1816 3576 οἰ

221 3609 534 3683 διωχθέντες
588 3611 744 3664 πάλαι
800 3612 901 3664 ἀπὸ
966 3621 1057 3665 τοῦ
1110 3612 1305 3666 πλάνου
1361 3619 1451 3666 καὶ
1526 3610 1815 3675 δυσσεϐοῦς

215 3699 453 3753 Ἰωάννου
483 3716 497 3731 ·
572 3699 909 3759 στηλιτεῦσαι
982 3704 1071 3762 τὰς
1154 3707 1376 3775 μαγείας
1433 3707 1521 3755 καὶ
1598 3706 1814 3773 μαντεύ-

216 3808 379 3861 ματα.

292 3964 603 4038 Εὐφραίνου,
635 3967 664 4023 ἡ
698 3968 887 4039 ἕρημος
918 3970 1008 4018 καὶ
1046 3966 1320 4037 οἰκουμένη
1370 3967 1572 4032 ἅπασα,
1619 3970 1685 4020 τὰ
1714 3972 1807 4042 ὅρη

216 4053 408 4117 πάντα,
438 4053 743 4126 γλυκασμόν
772 4054 1078 4124 σταλάξατε,
1127 4052 1325 4127 βουνοί,
1360 4056 1694 4126 ἀγαλλιᾶσθε,
1730 4058 1809 4109 ὅτι

219 4145 469 4214 Χριστὸς,
532 4143 558 4193 ό
609 4149 793 4213 Λόγος,
837 4142 1044 4216 εἰρήνην
1090 4139 1291 4195 δέδωκε
1335 4152 1443 4206 τοῖς
1492 4144 1540 4195 έν
1588 4152 1682 4217 γῇ,
1721 4149 1808 4198 καὶ

218 4236 336 4290 ταῖς
422 4232 586 4291 θείαις
666 4230 1000 4291 Ἐκκλησίαις
1083 4236 1177 4289 την
1252 4231 1468 4291 ἑνότητα
1542 4240 1635 4293 τῆς
1720 4238 1809 4285 πί-

220 4336 398 4379 στεως.

291 4411 414 4468 Θεὸς
492 4405 811 4467 έκδικήσεων
879 4416 968 4459 νῦν
1044 4407 1492 4483 έπαρῥησιάσατο,
1575 4406 1806 4481 Χριστὸς
1843 4437 1885 4491 D

218 4494 428 4561 έπέστη,
465 4499 723 4569 ἃνισχύων
764 4500 989 4570 σήμερον
1042 4500 1161 4558 τοὺς
1210 4500 1373 4558 θείους
1421 4494 1803 4565 διδασκάλους,

216 4582 265 4637 έν
344 4583 617 4659 παῤῥησίᾳ
696 4585 859 4657 λέγειν
938 4590 1033 4643 τὴν
1135 4584 1528 4656 συγκατάϐασιν
1625 4588 1802 4654 αὐτοῦ,

214 4677 305 4725 καὶ
377 4678 472 4731 τὴν
527 4675 791 4746 σάρκωσιν
873 4671 1096 4746 βεϐαίως
1158 4673 1205 4727 ἓν
1266 4674 1423 4727 εἰκόνι
1496 4679 1808 4750 περιγράφε-

218 4753 365 4804 σθαι.

286 4842 604 4915 Μακρόθυμε
646 4843 823 4914 Κύριε,
855 4844 924 4901 ὡς
974 4843 1253 4913 θαυμαστὰ
1305 4846 1371 4895 τὰ
1394 4845 1523 4917 ἔργα
1564 4863 1658 4897 σου
1688 4845 1700 4901 l
1732 4849 1809 4907 τίς

213 4926 500 5003 ἀριθμήσει
537 4934 632 4989 τὴν
685 4930 1067 5002 φιλανθρωπίαν
1101 4950 1194 4984 σου
1229 4948 1242 4997 ;
1284 4938 1398 4993 Πῶς
1436 4931 1637 5003 βλέπων
1678 4953 1807 4987 κτει-

213 5020 450 5089 νομένους
502 5013 597 5070 διὰ
642 5023 736 5076 τήν
786 5023 883 5076 σὴν
949 5018 1137 5085 εἰκόνα,
1188 5024 1305 5080 τοὺς
1360 5022 1508 5091 ἱερεῖς
1572 5040 1666 5073 σου
1719 5026 1807 5075 καὶ⁵

216 5104 472 5171 ἁσκητὰς,
518 5106 576 5158 ού
628 5106 937 5180 κατέφλεξας
976 5112 1094 5170 τοὺς
1124 5108 1369 5173 πλάνους,
1415 5108 1520 5161 ἀλλ’
1573 5111 1805 5182 ἠνέσχου

214 5193 550 5270 ὑϐριζόμενος
582 5212 597 5263 ;

280 5370 341 5424 ⁸0
388 5371 559 5436 πήξας
605 5371 889 5427 ἀσάλευτον
943 5378 1036 5432 την
1098 5373 1429 5442 Ἐκκλησίαν,
1490 5377 1666 5449 Κύριε,
1717 5380 1807 5429 καὶ

213 5458 375 5513 πύλαι
418 5457 554 5531 ᾅδου
610 5464 802 5522 ταύτης
852 5462 910 5515 ού
940 5467 1302 5535 κατίσχυσαν,
1342 5466 1497 5526 αὐτὸς
1536 5467 1628 5522 τήν
1667 5463 1806 5539 εἰρή-

212 5567 303 5607 νην
360 5566 456 5600 σου
510 5551 797 5625 παράσχου
842 5558 915 5623 τῷ
971 5549 1077 5613 λαῷ
1109 5569 1223 5619 σου,
1277 5552 1360 5604 ἶνα
1397 5569 1455 5604 σε
1504 5552 1691 5615 πάντες
1741 5552 1806 5609 εἰ-

1927 3164 2207 3221 liberans.

2627 3288 2769 3345 ODA
2795 3288 2879 3345 IX.

1997 3429 2211 3485 Gentes
2246 3444 2477 3494 omnes,
2500 3428 2766 3501 plaudite
2798 3429 3105 3495 manibus,
3145 3433 3200 3486 et
3225 3434 3569 3489 sanctorum

1930 3522 2164 3574 Patrum
2194 3518 2356 3573 chori
2392 3519 2698 3581 accurrite,
2733 3522 2787 3572 et
2816 3518 2919 3589 qui
2958 3517 3216 3574 claustra
3245 3523 3302 3573 et
3332 3525 3566 3577 montes

1925 3607 2200 3672 incolitis,
2229 3606 2540 3662 convenite
2562 3622 2792 3671 omnes,
2817 3612 2873 3661 et
2904 3608 3185 3671 accedite,
3215 3624 3372 3680 quos
3392 3614 3571 3666 antea

1926 3696 2020 3751 ille
2051 3697 2329 3751 seductor
2358 3699 2415 3749 et
2446 3695 2667 3764 impius
2693 3694 2956 3750 Joannes
2977 3695 3169 3751 fuerat
3198 3703 3564 3767 persecutus,

1924 3790 1985 3839 ut
2037 3799 2141 3839 eas
2175 3783 2439 3853 magicas
2488 3789 2668 3849 artes,
2709 3787 2765 3839 et
2813 3783 3053 3839 fraudes
3102 3786 3484 3855 conculcetis,
3515 3789 3573 3842 et

1924 3872 2277 3944 proﬂigatis.

1996 3964 2233 4026 Laetare,
2253 3976 2489 4016 eremus
2505 3965 2562 4016 et
2584 3962 2895 4016 universus
2927 3960 3111 4028 orbis,
3135 3968 3365 4018 montes
3387 3962 3568 4019 etiam

1922 4065 2132 4105 omnes
2149 4050 2527 4105 dulcedinem
2547 4049 2780 4115 stillate,
2806 4057 2861 4103 et
2883 4049 3065 4104 valles
3087 4066 3189 4105 exs
3201 4051 3397 4117 ultate,
3421 4066 3570 4122 quo-

1922 4139 2084 4193 niam
2137 4138 2399 4193 Christus
2450 4139 2549 4193 Dei
2600 4139 2856 4193 Verbum
2901 4153 3114 4208 pacem
3164 4139 3446 4194 omnibus
3479 4144 3567 4195 est

1918 4226 2187 4297 largitus,
2212 4232 2268 4282 et
2296 4228 2515 4282 sanctis
2538 4226 2808 4281 Ecclesiis
2840 4226 2976 4282 ﬁdei
3007 4228 3315 4283 unitatem.

1993 4405 2145 4458 Deus
2177 4402 2472 4457 ultionum
2504 4417 2662 4457 nunc
2691 4402 2873 4457 libere
2902 4402 3038 4474 egit,
3072 4402 3337 4459 Christus
3362 4404 3564 4471 astitit,

1916 4491 2314 4546 corroborans
2346 4490 2525 4546 hodie
2559 4496 2801 4547 sanctos
2839 4491 3058 4556 Patres,
3088 4497 3153 4546 ut
3191 4491 3319 4563 ejus
3346 4494 3565 4548 adven—

1917 4586 2040 4635 tum
2089 4579 2270 4635 libere
2314 4579 2641 4651 preedicare
2683 4579 2937 4636 valeant.
2988 4588 3165 4652 atque
3196 4580 3565 4650 imaginibus

1916 4670 2043 4737 ejus
2069 4668 2545 4724 incarnationem
2566 4667 2909 4737 designare.

1986 4844 2395 4915 Longanimis,
2420 4843 2886 4915 Domine,quam
2904 4843 3198 4900 mirabilia
3221 4852 3562 4917 suntopera

1917 4939 2017 4989 tua
2051 4936 2062 4990 l
2096 4933 2232 5005 quis
2278 4940 2441 4989 tuam
2473 4933 2851 4988 clementiam
2900 4931 3230 4987 recensebit
3257 4930 3285 4986 ?
3314 4938 3370 4987 et
3407 4948 3562 5004 quo-

1917 5024 2099 5078 modo
2125 5022 2361 5078 intuens
2400 5031 2529 5077 tuos
2560 5020 2900 5076 sacerdotes
2942 5026 2998 5075 et
3026 5021 3377 5089 monachos,
3412 5021 3559 5077 dum

1914 5109 2384 5166 interﬁcerentur
2400 5115 2641 5181 propter
2661 5114 2825 5164 tuam
2850 5109 3196 5179 imaginem,
3218 5108 3561 5165 seductores

1916 5198 2048 5254 illos
2064 5199 2208 5254 tanti
2231 5198 2370 5254 mali
2392 5205 2664 5253 auctores
2688 5213 2807 5252 non
2820 5198 3227 5264 combussisti,
3243 5196 3348 5254 sed
3360 5201 3559 5255 tantas

1914 5286 2164 5357 injurias
2190 5302 2364 5358 aequo
2391 5285 2571 5342 tulisti
2602 5286 2806 5341 animo
2836 5286 2863 5340 ?

1988 5376 2031 5431 Ο
2090 5376 2354 5438 Domine,
2406 5376 2508 5445 qui
2556 5372 2879 5429 Ecclesiam
2921 5379 3082 5428 tuam
3128 5374 3555 5431 inconcussam

1916 5479 2048 5521 com
2059 5463 2285 5535 pegisti,
2309 5468 2370 5517 ut
2384 5461 2747 5533 portaeinferi
2768 5462 3058 5517 adversus
3076 5477 3212 5517 eam
3233 5462 3555 5532 praevalere

1916 5560 2236 5626 nequeant,
2259 5553 2391 5624 ipse
2410 5566 2623 5625 pacem
2656 5557 2823 5608 tuam
2853 5550 3081 5623 populo
3110 5554 3212 5609 tuo
3236 5550 3472 5623 largire,
3500 5558 3561 5607 ut
