4038 6312
69 80 482 266 .,/

555 260 698 320 i779
1816 272 1875 332 Β.
1918 275 2270 335 THEODORJ

2323 277 2652 338 STUDITE
3768 294 3894 355 1780

555 392 612 445 te
645 405 858 447 omnes
887 385 1067 449 alacri
1094 395 1320 466 animo,
1352 412 1473 454 uno
1498 413 1600 456 ore
1627 399 1946 459 laudemus
1973 409 2031 462 et
2055 404 2202 462 cele-
2233 408 2270 462 A

2318 407 2568 481 λικρινῶς,
2625 409 2675 464 ἄν
2703 417 2802 485 μιᾷ
2846 410 3121 488 δοξολογίᾳ
3169 424 3543 491 προσκυνοῦμεν
3599 424 3690 473 καὶ
3747 418 3895 486 δοξά-

553 477 821 535 bremus.

2318 477 2499 568 ζωμεν.

623 569 958 626 Anathema
987 572 1059 627 sit
1086 571 1218 640 illis,
1251 575 1521 643 Domine,
1555 579 1657 650 qui
1685 585 1798 635 tute
1837 581 2196 640 incarnatio-

2381 586 2639 660 Ἀνάθεμα
2693 593 2925 644 ἔστωσαν
2970 595 3020 645 οἱ
3075 598 3148 665 μὴ
3203 603 3479 667 τιμῶντες,
3526 600 3783 662 Δέσποτα,
3815 605 3891 654 τόν

553 656 645 711 nis
684 657 1009 728 imaginem
1065 677 1186 717 non
1243 671 1620 731 venerantur,
1677 668 1735 722 in
1790 670 1997 739 primis
2058 687 2198 728 vero

2318 656 2627 750 χαρακτῆρα
2653 688 2744 739 τῆς
2776 688 2874 741 σῆς
2914 656 3295 753 σωματώσεως,
3345 656 3695 757 πρόιπάντων
3733 656 3892 741 Ἰωάν-

550 744 786 812 Joanui,
820 752 877 803 et
918 751 1195 822 Antonio,
1239 756 1293 807 et
1326 753 1639 811 Theodoro
1680 756 1878 829 impio,
1907 775 2029 817 una
2058 776 2197 817 cum

2318 744 2419 833 θὴς,
2471 744 2582 837 ἅμα
2622 771 2715 820 σὺν
2747 744 3030 841 Ἀντωνίω,
3085 776 3176 824 καὶ
3207 744 3467 846 Θεοδοίρῳ
3515 782 3589 846 τῷ
3621 772 3888 846 δυσσεϐεῖ,

549 833 872 903 Theodoto,
907 842 962 893 et
994 838 1124 894 aliis
1153 839 1291 896 fidei
1321 841 1742 900 desertoribus.

2318 833 2540 927 Θεοδότῲ
2585 862 2676 909 καὶ
2722 865 2831 919 τοῖς
2885 833 3079 926 ἄλλοις,
3146 869 3256 923 τοῖς
3316 833 3610 938 ἀλάστορσι
3666 873 3764 929 τῆς
3815 873 3886 921 πί·

2309 963 2488 1006 στεως.

2373 1031 2431 1085 Ὀ
2477 1028 2603 1095 δοὺς
2641 1037 2733 1094 τὴν
2759 1035 2964 1109 εἰρήνην
2998 1055 3092 1090 σου
3124 1044 3234 1098 τοῖς
3275 1036 3604 1111 ἀποστόλοις,
3639 1045 3883 1110 Δέσποτα,

2303 1126 2393 1174 καὶ
2438 1128 2526 1174 νῦν
2581 1126 2868 1196 παράσχου
2909 1130 3004 1185 τὴν
3050 1126 3282 1198 γαλήνην
3311 1127 3501 1196 ἅπασι,
3546 1134 3792 1204 συνάγων
3834 1142 3884 1206 τῇ

2302 1214 2446 1284 χειρί
2489 1230 2606 1276 σου,
2647 1216 2768 1274 τοὺς
2819 1210 3324 1288 διεσκορπισμίνους
3353 1234 3367 1247 ⁸
3418 1223 3509 1270 καὶ
3555 1221 3731 1294 ὥσπερ
3779 1227 3886 1296 πρό-

2303 1298 2438 1352 ϐατα
2487 1299 2688 1371 λογικὰ,
2746 1305 3140 1377 συναρίθμησον
3191 1313 3254 1378 τῇ
3332 1302 3544 1382 μάνδρᾳ
3595 1317 3688 1370 τῆς
3745 1310 3888 1382 ἁγίας

2304 1387 2616 1451 Ἐκκλησίας
2648 1409 2740 1443 σου
2751 1431 2762 1442 .
2795 1393 2844 1448 θ,

621 1030 663 1084 0
693 1031 964 1098 Domine,
997 1033 1098 1104 qui
1131 1034 1431 1105 apostolis,
1446 1037 1562 1093 tuis
1590 1055 1797 1109 pacem
1839 1045 2002 1097 tuam
2035 1042 2201 1099 dedi-

547 1118 641 1184 sti,
687 1118 901 1189 largire
942 1121 1115 1176 etiam
1158 1139 1313 1178 nunc
1351 1126 1633 1182 omnibus
1685 1130 2192 1202 tranquillitatem,

546 1213 650 1262 tua
689 1223 874 1264 manu
904 1209 1035 1265 illos
1067 1226 1462 1283 congregans,
1494 1217 1598 1287 qui
1644 1223 1782 1273 sunt
1822 1219 2110 1291 dissipati,
2141 1226 2197 1278 et

545 1300 838 1367 tanquam
895 1313 1035 1353 oves
1089 1300 1431 1363 rationales.
1481 1313 1702 1361 sanctae
1753 1312 1866 1362 tuae
1924 1309 2195 1365 Ecclesiae

546 1385 708 1454 gregi
736 1384 865 1440 illos
891 1401 1174 1458 aggrega.
1210 1389 1404 1446 Gloria
1434 1391 1604 1448 Patri.

619 1473 901 1528 Deitatem
956 1475 1220 1544 gloriﬁco
1269 1478 1474 1549 Patris,
1527 1487 1584 1537 et
1639 1483 1784 1549 Filii,
1834 1490 1890 1540 et
1945 1486 2193 1557 Spiritus

2372 1477 2582 1541 Δοξάζω
2612 1481 2830 1536 θεότοτα
2877 1483 3099 1554 Πατρός,
3131 1483 3256 1536 rios
3300 1487 3390 1537 καὶ
3451 1487 3778 1558 Πνεύματος,
3809 1493 3888 1547 τὴν

542 1561 754 1625 sancti,
789 1577 972 1617 unam
1015 1564 1236 1619 scilicet
1267 1573 1544 1623 naturam
1585 1570 1643 1624 in
1680 1571 1865 1626 tribus
1896 1576 2187 1644 personis,

2318 1580 2424 1627 ιίαν
2474 1579 2626 1648 φύσιν
2677 1582 2848 1651 τρισὶν
2918 1579 3268 1646 ὑποστάσεσι,
3331 1581 3514 1636 ούσίαν
3594 1583 3888 1659 ἀμέριστον,

541 1649 860 1704 essentiam
908 1651 1227 1708 indivisam
1264 1657 1589 1727 suppositis
1617 1659 1976 1727 distinctam,
2011 1662 2190 1718 simul

2318 1661 2567 1736 Γιαιρετὴν
2660 1649 2982 1738 προσώποις,
3078 1666 3461 1739 ὁμοϐασίλειον,
3549 1649 3887 1747 παντουργόν,

538 1744 912 1808 regnantem,
943 1741 1150 1796 omnia
1172 1742 1507 1810 facientem,
1544 1749 2040 1819 omnipotentem,
2068 1768 2190 1822 pcr-
2223 1759 2266 1814 Β

2318 1755 2577 1822 τανσθενῆ,
2650 1754 3012 1829 τελεταρχίαν,
3091 1761 3187 1815 τὴν
3245 1763 3576 1831 συνέχουσαν
3635 1765 3706 1814 τὰ
3773 1766 3890 1836 σύμ-

539 1824 758 1881 fectum
790 1827 1130 1898 imperium,
1164 1832 1371 1888 omnia
1401 1834 1660 1906 denique
1692 1840 2114 1895 continentem.

611 1913 710 1969 Dei
734 1916 990 1972 Genitrix
1015 1933 1149 1989 quas
1177 1921 1445 1975 omnium
1473 1939 1536 1977 es
1556 1925 1865 1992 auxilium,
1890 1927 2184 1997 refugium

2295 1861 2484 1894 παντα.
2523 1841 2590 1896 θ’.

2363 1928 2420 1981 Ἡ
2471 1937 2673 1982 πάντων
2731 1929 2972 2003 βοήθεια,
3037 1936 3127 1985 καὶ
3201 1938 3367 1992 σκέπη
3433 1941 3521 1990 καὶ
3597 1936 3886 2011 ἀντίληψις,

539 2008 594 2058 et
615 2005 919 2073 proiectio,
954 2007 1220 2073 ostende,
1255 2025 1606 2080 quaesumus
1637 2021 1708 2079 te,
1732 2016 1895 2087 quod
1928 2032 2036 2086 pro
2061 2033 2187 2072 om-

2318 2015 2485 2085 isiEov,
2525 2019 2604 2070 ὅτι
2653 2015 2883 2072 δύνασαι
2928 2019 3226 2095 πρεσϐεύειν
3279 2025 3408 2095 ὑπερ
3464 2028 3671 2079 πάντων
3723 2029 3796 2090 εἰς
3840 2033 3889 2082 σε

537 2090 716 2146 nibus
745 2093 847 2164 qui
875 2094 952 2148 ad
974 2098 1025 2149 te
1048 2095 1414 2168 confugiunt,
1437 2100 1600 2156 vales
1629 2102 2011 2170 intercedere,
2033 2107 2186 2163 sicut

2318 2113 2736 2178 ιαταφευγόντων,
2782 2112 2872 2161 καὶ
2924 2090 3226 2172 ἀπελαύνεις
3287 2090 3408 2176 τοὺ-ς
3488 2111 3776 2180 δυσσεϐεῖς
3831 2125 3885 2190 τῇ

539 2195 571 2235 e
607 2185 814 2238 contra
844 2181 1063 2253 impios
1104 2187 1320 2256 rejicis,
1354 2188 1438 2243 tui
1483 2189 1608 2244 Filii
1653 2193 1938 2262 potentia,
1978 2195 2185 2250 omnia

2318 2193 2514 2266 ῗυνάμει
2567 2205 2660 2249 τοῦ
2699 2199 2826 2252 Υἱοῦ
2886 2217 2980 2251 σου
3024 2218 3037 2232 ’
3083 2203 3152 2263 ὡς
3203 2203 3304 2273 γὰρ
3354 2206 3527 2279 μήτηρ
3570 2208 3752 2260 πάντα
3808 2181 3888 2260 δύ’.

537 2268 836 2341 siquidem
876 2277 1063 2342 potes,
1099 2278 1164 2328 ut
1191 2276 1319 2346 ejus
1359 2278 1556 2334 Mater.
2291 2303 2468 2340 νασαι.

532 2428 3883 2484 ===—_—_-_——_——=-_—_—_—_—_——__===——_—__________=______

1383 2623 1498 2728 S.
1580 2623 2301 2733 THEODORI
2379 2626 3034 2736 STUDITAE

1106 2829 1498 2944 IAMBI
1573 2831 1741 2944 DE
1817 2834 2283 2948 VARIIS
2360 2835 3278 2960 ARGUMENTIS.

528 3170 1281 3259 SanctinPtg‘tris‘nostri'et
1319 3177 1671 3259 confessoris
1703 3179 1992 3235 Theodori
2003 3193 2163 3259 praz-
2206 3177 2247 3234 C

2328 3185 2398 3233 οὔ
2458 3180 2647 3259 ὁσίου
2713 3184 2990 3259 Πματρὸςγ
3036 3183 3214 3255 ἡμῶν
3290 3188 3396 3238 καὶ
3481 3187 3883 3259 όμολογητοῦ

595 3243 774 3312 positi
796 3245 1177 3302 Studitarum
1199 3247 1389 3304 Iambi
1403 3243 1476 3305 de
1498 3249 1678 3305 variis
1697 3243 2086 3321 argumentis.

2348 3247 2698 3332 93069390.?)
2740 3243 3110 3332 ἡγουμένου
3157 3263 3274 3332 τῶν
3313 3243 3655 3324 Στουδθίου,
3699 3243 3887 3332 ιἸνειιμ.

2348 3320 2453 3374 ϐοι
2492 3318 2591 3385 εἰς
2630 3318 2999 3398 διαφόρους
3039 3327 3407 3391 ὑποθέσεις.

1933 3429 2231 3499 (Smnoun.
2264 3442 2328 3499 p.
2357 3427 2486 3498 597)

698 3531 741 3585 Ι.
766 3562 834 3570 -
857 3533 930 3586 In
961 3533 1245 3604 reliquias
1272 3539 1614 3592 sanctorum
1645 3541 2002 3607 martyrum.

599 3619 767 3674 Diam
793 3620 854 3674 in
886 3621 1148 3693 reliquiis
1188 3622 1533 3680 afﬂuentem
1561 3627 1836 3694 gratiam,

521 3707 1001 3763 meorrhoissm
1027 3711 1130 3781 qui
1160 3710 1342 3766 ﬁdem
1368 3711 1531 3778 feret,
1569 3713 1812 3770 auferet.

524 3797 673 3850 Nam
699 3796 800 3867 qui
829 3796 939 3851 has
967 3797 1238 3868 tetigerit,
1269 3801 1537 3857 sicutilla
1558 3803 1884 3866 ﬁmbriam,

523 3885 779 3955 Corpore
819 3885 1074 3941 validior
1105 3887 1220 3954 ﬁet,
1251 3889 1454 3946 anima
1487 3893 1766 3946 sanctior.

845 3974 912 4028 Il.
944 4006 1012 4014 —
1043 3975 1110 4031 In
1143 3978 1356 4033 cellam
1391 3980 1590 4035 Patris
1635 3983 1846 4038 nostri.

521 4063 626 4131 Me,
658 4062 825 4126 cella,
856 4062 1013 4132 luge,
1043 4079 1287 4134 segnem
1329 4067 1557 4122 habens
1583 4069 1948 4138 Operarium,

521 4151 712 4205 Unum
742 4151 891 4207 inter
915 4169 1145 4223 omnes,
1180 4170 1300 4226 quo
1333 4155 1531 4221 tulisti,
1561 4159 1916 4229 pessimum.

518 4238 645 4293 Non
668 4255 778 4308 ego
810 4255 1054 4311 precum
1088 4248 1138 4296 te
1170 4243 1503 4300 condecoro
1529 4245 1770 4311 lumine,

518 4329 632 4381 Nec
663 4328 1040 4398 pinguefacio
1071 4330 1474 4403 lacrymarum
1505 4335 1728 4402 rivulis,

517 4413 633 4468 Nec
662 4429 854 4487 purgo
891 4417 1152 4490 denique
1183 4421 1467 4476 castitatis
1501 4424 1786 4479 moribus.

518 4505 589 4558 At
615 4508 674 4557 tu
701 4505 973 4560 omnium
1001 4506 1121 4571 lux,
1156 4513 1208 4563 el
1248 4509 1434 4580 salus,
1466 4527 1664 4567 rerum
1695 4521 1875 4578 sator,

2322 3533 2396 3588 A'.
2427 3565 2497 3576 -—
2532 3535 2639 3598 Εἰς
2678 3540 2753 3590 τὰ
2789 3536 3063 3609 λείψανα
3096 3548 3213 3592 τῶν
3253 3541 3448 3614 ἀγίων
3485 3549 3855 3621 μαρτύρων.

2280 3625 2445 3694 Χάριν
2478 3621 2744 3697 βρύουσαν
2777 3628 2918 3679 θείαν
2941 3627 2988 3680 ἓν
3016 3637 3127 3691 τοῖς
3149 3629 3431 3702 λειψάνοις.

2279 3718 2385 3772 Πᾶς
2414 3732 2495 3775 τις
2526 3717 2745 3772 συλήσει
2769 3721 2954 3769 πίστιν
2982 3718 3236 3794 αἱμορῤου
3268 3724 3446 3794 φέρων.

2278 3803 2462 3854 Ψαύων
2492 3804 2593 3874 γὰρ
2636 3803 2824 3868 αὐτῶν,
2846 3809 2911 3866 ὡς
2941 3808 3106 3866 ἐκείνη
3138 3805 3463 3880 κρασπέδου,

2274 3889 2479 3942 Ῥὠσειε
2512 3899 2685 3963 σῶμα,
2716 3899 2805 3946 καὶ
2835 3894 3021 3966 ψυχὴν
3050 3895 3282 3967 ἁγιάσει.

2383 3978 2456 4034 Β’.
2487 4010 2547 4020 -
2586 3981 2688 4040 Εἰς
2727 3985 2837 4040 τὴν
2877 3983 3101 4036 κέλλαν
3139 3993 3248 4038 τοῦ
3289 3990 3537 4059 Πατρός
3579 3989 3782 4062 ἡμῶν.

2277 4071 2468 4137 Θρὴνει
2497 4087 2580 4139 με,
2613 4069 2782 4136 tum,
2820 4079 3036 4143 σχοῦσα
3054 4075 3248 4147 νωθρὸν
3275 4073 3517 4150 ἐργάτην,

2274 4159 2440 4207 Μόνον
2471 4158 2720 4210 κάκιστον
2743 4160 2907 4231 ὦνπερ
2940 4163 3093 4234 ἔσχες
3117 4167 3404 4236 κτητόρων.

2275 4243 2351 4294 Ού
2376 4243 2659 4316 λαμπρύνω
2688 4265 2746 4299 σε
2775 4257 2874 4300 τῶν
2903 4259 3218 4322 προσευχῶν
3249 4260 3321 4322 τῷ
3353 4257 3488 4325 φάει,

2275 4330 2350 4382 Ού
2384 4327 2450 4390 δὴ
2483 4339 2672 4385 πιαίνω
2695 4343 2756 4407 τῇ
2791 4337 2884 4410 ῥοῇ
2918 4345 3018 4388 τῶν
3051 4336 3314 4412 δακρύων,

2274 4417 2406 4472 Οὐδ’
2430 4416 2495 4472 αὖ
2521 4424 2759 4496 καθαίρω
2781 4433 2880 4494 τῆς
2908 4425 3110 4496 ἁγνείας
3142 4436 3246 4489 τοῖς
3268 4433 3495 4500 τρόποις.

2273 4508 2409 4562 Ἀλλ’
2441 4506 2528 4561 οὖν
2563 4515 2654 4582 σὺ,
2681 4509 2870 4591 Σῶτεμ,
2904 4521 3125 4580 Kritz-ra,
3161 4524 3379 4592 Φωστὴρ
3413 4528 3512 4572 τῶν
3544 4520 3700 4588 ὅλων,

2271 4595 2527 4671 Ἐγειρον,
2565 4598 3040 4676 ἐξύπνισον-εἰςμτὸν
3074 4609 3163 4657 σὸν
3189 4606 3342 4679 φόϐον
3382 4623 3395 4636 ⁶

2193 4721 2237 4775 D
2273 4691 2610 4759 Ιιρόσγευσον
2633 4704 2651 4727 ι
2682 4691 2752 4751 εἰς
2782 4693 2948 4765 ἔρωτα
2977 4700 3072 4756 τῆς
3105 4701 3199 4755 σῆς
3230 4696 3461 4767 ἀγάπης,

2271 4779 2541 4847 Πτέρωσον
2575 4776 2798 4850 ἀρθῆναί
2827 4799 2890 4852 με
2911 4789 3010 4833 τῶν
3041 4785 3218 4835 παθῶν
3246 4786 3371 4850 ἄνω,

2268 4861 2395 4923 Ἐως
2420 4866 2641 4938 πάρεστι
2671 4871 2852 4941 καιρὸς
2877 4868 2948 4932 εἰς
2979 4870 3258 4943 εὐπραξίαν
3301 4889 3313 4902 ”

2268 4949 2378 5004 Ἵνα
2411 4959 2678 5028 προσοίσω
2719 4953 2876 5020 δόξαν
2907 4959 3252 5034 εὐχαριστίαν

2268 5045 2354 5094 Σοὶ
2383 5050 2455 5113 τῷ
2498 5043 2687 5097 θέλοντι
2720 5052 2854 5099 πᾶσι
2873 5052 2966 5106 τὴν
3000 5056 3284 5122 σωτηρίαν.

516 4591 621 4646 Tui
650 4592 728 4647 ad
760 4594 1033 4650 timorem
1067 4598 1438 4669 expergefac,
1471 4602 1788 4658 exsuscita.

512 4684 744 4744 Annue.
775 4683 850 4737 ad
891 4699 1160 4741 amorem
1187 4687 1486 4744 charitatis
1518 4697 1579 4746 ut
1607 4696 1718 4746 tuae

517 4769 848 4825 Subvectus
869 4771 977 4826 alis
1004 4775 1231 4831 evolem
1261 4777 1506 4833 aﬂectus
1529 4796 1730 4850 supra,

515 4857 666 4913 Dum
696 4865 849 4916 recte
875 4863 1092 4930 agendi
1126 4869 1358 4936 tempus
1387 4883 1574 4940 usque
1602 4871 1862 4939 suppetit
1896 4888 1907 4925 :

515 4948 582 5003 Ut
611 4948 938 5017 gratiarum
963 4949 1211 5019 gloriam
1244 4961 1299 5009 et
1326 4954 1568 5013 laudem
1590 4957 1838 5014 offeram

510 5035 655 5103 Tibi,
693 5038 794 5109 qui
826 5039 1080 5096 salutem
1119 5045 1494 5115 concupiscis
1524 5047 1816 5104 omnium.

961 5129 1050 5184 ΙΙΙ.
1083 5162 1150 5170 -
1174 5133 1247 5186 [η
1279 5135 1711 5191 renuntiantes.

510 5213 738 5278 Procul,
773 5229 809 5271 o
839 5214 1051 5273 doloso
1083 5219 1451 5290 refugiamus
1478 5224 1718 5290 saeculo,

511 5299 774 5358 Christus
802 5311 996 5376 vocat,
1028 5322 1476 5381 prosperemus,
1507 5311 1636 5368 haec
1662 5316 1789 5371 tuta
1819 5320 1905 5370 est
1934 5317 2043 5387 via,

1853 5442 2082 5502 VARl/E
2121 5449 2521 5508 LECTIONES.

2606 5136 2676 5188 I".
2714 5167 2767 5176 —
2797 5136 2898 5197 Εἰς
2938 5139 3527 5214 ἀποτασσομένους.

2265 5217 2486 5293 ’Ἄνδρες
2517 5220 2722 5296 βροτοὶ,
2747 5227 2985 5299 φύγωμεν
3017 5226 3071 5280 ἔκ
3093 5233 3293 5300 κόσμου
3327 5230 3543 5303 πλάνου⁹

2265 5313 2501 5384 Χριστός
2529 5310 2692 5378 καλεῖ,
2727 5309 3007 5388 δράμωμεν
3041 5335 3055 5350 ο
3085 5317 3304 5381 εὔπλους
3322 5322 3423 5395 γὰρ
3456 5318 3600 5393 βίος,

606 5524 632 5554 ⁸
656 5517 733 5575 al.
764 5517 1109 5594 πρόσνευσον.
