4038 6312
264 244 408 311 1⁵181

266 375 454 441 Ζάλης,
483 384 742 449 μεριμνῶν
772 380 862 430 καὶ
893 384 1124 450 στροφῶν
1155 375 1448 452 ὗπερπλίων

268 468 480 537 Φροντὶς
518 467 620 539 γὰρ
654 464 784 523 αῦτη
808 474 879 537 τῷ
909 474 1142 539 μοναστῇ
1172 472 1261 520 καὶ
1283 470 1456 539 μόνον,

263 559 461 625 Τυχείν
499 555 691 606 ἑκείνου
716 562 807 607 τοῦ
837 554 1065 626 γαληνοῦ
1089 554 1305 628 λιμένος,

264 645 348 696 Ἐν
450 646 712 695 πέπαυται
741 652 840 695 τῶν
862 644 1105 717 λυπηρῶν
1135 650 1237 707 πᾶς
1258 649 1425 704 πόνος.

263 729 337 783 Ὠ
365 738 474 792 πῶς
502 734 762 804 πάνυμνος
792 735 817 785 ὁ
841 732 975 795 ξένος
1014 736 1209 786 τούτων
1239 732 1357 807 βίος
1393 734 1405 789 Ι

264 824 366 873 Καὶ
396 825 471 880 τίς
496 826 741 895 φρόνιμος
760 828 1161 896 πραγματευτὴς
1188 820 1471 896 κερδάνων,

256 906 356 970 ’ος
385 909 532 962 πάντ’
564 908 705 982 ἀφεὶς
734 910 900 963 ἕλοιτο
930 915 1015 964 τόν
1044 915 1271 985 σταυρὸν
1302 916 1466 986 φέρειν
1491 928 1504 978 ;

689 999 765 1056 Δ’.
814 1031 881 1040 -
917 1000 1018 1061 Εἰς
1058 1003 1431 1073 ἡγούμενον.

259 1086 480 1161 Οἷόνπερ
511 1086 640 1159 ὕψος
670 1096 760 1149 τῆς
792 1086 1077 1163 προεδρίας
1118 1089 1338 1164 βλέπων,

260 1174 389 1227 Κατ’
419 1174 567 1239 ἀξίαν
597 1177 880 1249 προσϐαινε
909 1188 981 1250 τῷ
1015 1177 1206 1251 βαθμῷ
1236 1182 1455 1253 τρέμων.

255 1261 409 1315 Εἶλου
434 1266 535 1337 γὰρ
567 1266 716 1339 ἔργον
745 1262 1000 1319 κινδύνων
1030 1267 1226 1319 πολλῶν
1252 1272 1427 1339 γέμον,

255 1352 453 1413 Πολλῆς
467 1359 736 1427 μερίμνης,
770 1352 893 1409 οῦδε
914 1361 1106 1429 μικρᾶς
1127 1353 1426 1430 φροντίδος.

251 1444 459 1508 Σκόπει,
484 1446 761 1515 προμηθοῦ
789 1447 1061 1518 γρηγόρως
1091 1445 1177 1508 οῦς
1209 1446 1424 1517 ἐξάγεις,

250 1533 342 1586 Μή
372 1547 467 1582 σου
509 1532 709 1605 συληθῇ
742 1534 946 1607 θρέμμα
976 1554 1083 1596 πως
1114 1532 1325 1608 ἀπειρίᾳ
1349 1547 1364 1564 ⁰

250 1622 444 1671 Σαυτὸν
470 1622 705 1682 τεθεικώς
726 1622 794 1683 εἰς
823 1622 990 1674 καλῶν
1013 1625 1172 1696 ἔργων
1196 1626 1377 1676 τύπον.

246 1709 381 1779 Εῖσῃ
413 1709 514 1782 γὰρ
547 1706 716 1777 εἰδὼς,
747 1713 814 1773 ὡς
845 1712 1039 1783 ὑφέξεις
1068 1715 1151 1764 τόν
1180 1711 1351 1782 λόγον,

243 1792 406 1848 Ὅταν
436 1798 665 1870 καθεσθῇ
699 1803 926 1880 Χριστός
956 1800 1028 1862 εἰς
1056 1800 1258 1853 πάντων
1294 1804 1491 1875 κρίσιν.

631 1886 704 1941 E'.
747 1918 813 1928 —
852 1888 957 1949 Εἰς
995 1889 1455 1944 ὑποτακτικὸν.

246 1974 394 2047 Δεῦρ’
420 1973 548 2037 ἐλθὲ,
579 1978 769 2042 πύκτα,
795 1972 948 2051 δεῦρό
973 1997 1062 2049 μοι
1090 1979 1247 2035 στῆθι
1278 1978 1427 2047 ζέων,

243 2062 374 2120 Τοὺς
403 2061 631 2133 αὐχένας
668 2084 763 2117 σου
794 2065 959 2119 κλῖνον
986 2066 1297 2131 εῦεπηκόως,

242 2144 398 2210 Ὀλος
426 2156 684 2217 ταπεινὸς,
717 2157 895 2226 νεκρός
932 2158 999 2206 ῶν
1027 2154 1074 2207 έν
1113 2164 1185 2225 τῷ
1218 2154 1375 2208 θέλειν
1411 2172 1423 2185 ο

246 2242 355 2289 Πᾶν
380 2240 651 2312 ἐνθύμημα
678 2250 902 2315 φανερῶν
927 2251 1017 2304 τῆς
1048 2240 1293 2315 καρδίας,

237 2323 328 2388 Ὠς
359 2325 418 2379 διν
449 2330 650 2393 τελείως
680 2330 903 2406 ἐμμένῃς
925 2341 996 2404 τῷ
1026 2329 1243 2403 σταδίῳ.

242 2420 329 2473 Μή
364 2416 413 2468 σ’
441 2417 721 2487 ἓκφοϐείτω
752 2422 876 2492 μήτ’
904 2424 1112 2496 ἔρημος,
1146 2426 1216 2493 μὴ
1245 2421 1449 2487 στῦλος,

241 2503 379 2562 Μήτ’
409 2505 531 2559 ἄλλο
550 2510 730 2579 τάγμα
758 2517 857 2561 τῶν
893 2506 1187 2585 θεοδρόμων
1219 2507 1365 2583 βίων.

239 2595 499 2666 Προῦχεις
526 2595 784 2663 ἁπάντων,
820 2602 889 2660 ὡς
924 2601 1214 2674 θεογράφως
1244 2602 1352 2671 ἔχει
1388 2619 1400 2631 ·

235 2687 343 2735 Τοῦ
372 2687 648 2759 μαρτύρων
670 2693 879 2758 πρώτου
907 2691 1007 2760 γὰρ
1040 2686 1196 2741 οὐδόν
1230 2687 1415 2750 ἀνύεις.

404 2772 505 2855 ς’.
554 2805 620 2815 -
661 2776 771 2838 Εἰς
812 2780 917 2829 τὸν
959 2780 1033 2829 τὰ
1072 2775 1343 2851 δεύτερα
1383 2781 1669 2852 φέροντα.

234 2860 439 2923 Μωσῆς
464 2866 554 2933 μὲν
584 2864 780 2936 ἄρχων,
818 2863 1055 2927 Ναυίδης
1082 2863 1140 2918 δὲ
1173 2868 1415 2931 συνθέων,

236 2948 403 3010 Εῦθῦς
431 2953 540 3021 μετ’
572 2952 748 3019 αὐτὸν,
778 2958 846 3017 ὡς
883 2958 1221 3027 παραστάτης
1254 2954 1405 3017 ξένος.

238 3041 338 3090 Καὶ
372 3042 437 3091 σῦ
470 3044 743 3111 πρόσωπον
772 3039 1006 3118 δεύτερον
1032 3046 1215 3096 στάσει
1243 3044 1424 3107 πέλων,

232 3133 352 3189 Πῶς
381 3132 474 3187 τὴν
506 3126 835 3203 ἀδελφότητα
876 3141 1208 3207 παγκρατεῖς,
1245 3137 1425 3185 σκόπει
1459 3151 1470 3163 ’

225 3215 412 3286 Ἡγοῦ,
445 3220 701 3290 καθηγοῦ,
734 3226 824 3274 καὶ
855 3223 1184 3283 συνασπίζον
1215 3226 1365 3293 τόνῳ,

230 3304 511 3375 Εἰρηνικῶς
540 3327 609 3373 τε,
654 3311 963 3380 συμπαθῶς,
993 3316 1081 3363 καὶ
1111 3315 1335 3385 πραέως,

226 3397 433 3465 Νόμους
452 3395 719 3467 φυλάττων
732 3397 787 3450 ἐκ
809 3407 941 3452 Θεοῦ
968 3403 1086 3460 τοῦς
1116 3404 1399 3470 κειμένους,

229 3487 443 3554 Κρίσεις
474 3482 688 3548 δικαίας
718 3485 937 3561 ἐκφέρων
967 3487 1313 3561 ἀπροσκο’πως
1350 3506 1361 3519 ·

224 3577 334 3624 Νῦν
364 3576 453 3643 μὲν
483 3574 748 3645 συναλγῶν
765 3582 875 3637 τοῖς
904 3579 1191 3648 κάμνουσιν
1215 3576 1267 3628 ἐκ
1298 3578 1517 3638 πάθους,

222 3666 332 3712 Νῦν
347 3656 406 3713 δὲ
435 3665 714 3735 προθυμῶν
754 3668 873 3725 τοὺς
903 3671 1188 3740 τρέχοντας
1216 3664 1271 3718 ἐκ
1298 3668 1458 3718 πόθου
1489 3683 1501 3695 ’

219 3748 313 3801 ’ἶν’
336 3748 559 3824 ἀξιωθῇς
583 3755 793 3825 ἐννόμου
820 3750 1149 3828 δημαρχίας,

221 3837 311 3899 Ὠς
343 3838 495 3902 αὐτὸς
527 3840 661 3903 ἄξων
684 3845 770 3894 τόν
796 3842 921 3895 λεὼν
947 3852 1036 3895 τοῦ
1058 3847 1273 3915 Κυρίου.

577 3928 649 3984 Ζ’.
692 3960 757 3971 -
801 3932 908 3994 Εἰς
946 3936 1053 3983 τόν
1093 3932 1464 4004 οἰκονόμον.

224 4014 413 4089 Ἔργον
437 4022 712 4090 Στεφάνου,
752 4028 844 4072 τοῦ
868 4026 1085 4093 στέφους
1110 4029 1208 4072 τῶν
1238 4024 1535 4095 μαρτύρων,

228 4109 443 4176 Λαχὼν,
477 4106 726 4182 έπάρχειν
752 4108 819 4169 εἰς
849 4113 906 4161 τό
935 4112 1023 4171 τάς
1052 4114 1233 4181 χρείας
1258 4114 1443 4181 νέμειν,

222 4199 296 4251 Τῆ
326 4194 689 4267 Χριστολέκτῳ
728 4206 825 4249 τῶν
866 4195 1096 4271 ἀδελφῶν
1131 4198 1323 4256 πληθυῖ
1356 4214 1370 4228 ⁸

224 4279 383 4334 Δίδου
422 4287 616 4345 κόπους
652 4304 746 4337 σου
786 4293 857 4355 τῷ
899 4294 1014 4358 Θεῷ
1044 4290 1364 4358 καθημέραν,

222 4377 403 4446 Τηρῶν
441 4373 657 4426 ἕκαστον
688 4375 751 4435 ὡς
776 4374 921 4445 μέλος
958 4380 1047 4427 σόν
1080 4375 1309 4447 ἔμπόνως
1343 4392 1356 4405 ·

223 4459 299 4512 Οῦ
330 4460 431 4533 γὰρ
466 4464 652 4532 σχέσει
690 4465 794 4528 τόν,
824 4467 910 4515 τόν
942 4459 1000 4515 δε
1031 4468 1176 4535 μίσει
1206 4468 1295 4516 καὶ
1318 4466 1507 4535 φθόνῳ,

222 4549 433 4600 Πάντων
474 4545 523 4600 δ’
555 4550 744 4621 ὁμοίως
770 4551 1104 4624 προσϐλέπων
1129 4556 1184 4605 τὸ
1219 4556 1497 4627 συμφέρον,

218 4637 306 4698 Ὠς
330 4642 399 4709 μὴ
423 4641 680 4692 κινεῖσθαι
706 4644 790 4691 τόν
821 4660 936 4694 τινα
956 4645 1085 4716 πρὸς
1112 4640 1146 4693 ἃ
1164 4648 1334 4715 χρεῶν
1363 4660 1377 4676 ο

221 4725 358 4778 Ἀλλ’
380 4726 432 4789 ἔξ
463 4727 650 4779 ἑαυτοῦ
680 4731 739 4780 τό
766 4736 1031 4804 προσῆκον
1058 4730 1331 4805 εἰσφέροίς.

219 4814 307 4878 Ὠς
328 4817 388 4867 ἄν
417 4822 710 4889 πρεπόντως
736 4818 945 4870 ἐκτελῶν
979 4839 1073 4871 σου
1102 4823 1187 4872 τόν
1220 4816 1438 4893 δρόμον,

220 4904 597 4977 Ἀπροσκόπως
636 4925 710 4973 τε,
744 4910 1055 4973 πανσθενῶς,
1096 4910 1395 4983 θεοφρόνως,

218 4997 315 5047 Τὸν
335 4997 525 5067 μισθόν
552 4996 716 5068 εῦροις
745 4997 912 5071 ἧσπερ
947 4997 1061 5049 εἶλω
1089 4995 1382 5073 φροντίδος.

434 5083 514 5141 Η’.
555 5114 618 5124 -
662 5086 765 5146 Εἰς
803 5089 955 5148 τοὺς
993 5090 1597 5162 ἱπιστημονάρχας.

220 5174 286 5225 Οἱ
310 5180 405 5235 τῆς
432 5169 783 5245 ἀδελφότητος
812 5174 1153 5248 ἐξειληφότες,

220 5266 404 5333 Κρίσιν
440 5280 494 5314 τε
524 5266 731 5336 κρίνειν,
763 5268 853 5316 καὶ
887 5260 1093 5317 δίκαιον
1131 5264 1349 5336 ἐξάγειν,

218 5351 302 5406 Μὴ
337 5344 405 5407 δή
436 5348 551 5400 κατ’
583 5349 947 5422 ὄψινέξάγοιτε
982 5354 1075 5414 τὰς
1100 5354 1278 5423 φάσεις
1303 5367 1317 5382 ⁸

218 5440 302 5495 Μὴ
332 5438 679 5511 προσπαθείᾳ,
707 5436 847 5511 μηδε
870 5436 1088 5512 μήνιδος
1112 5443 1295 5512 χάριν,

220 5529 304 5583 Μὴ
344 5525 618 5600 προσφιλεῖ
648 5546 721 5594 τε,
750 5524 883 5603 μηδ’
924 5526 1149 5601 ἀπεχθεῖ
1174 5526 1373 5607 καρδίᾳ
1401 5547 1415 5560 ·

1844 253 2071 311 ΙΑΜΒΙ.
3495 250 3633 309 1783

1898 382 1945 437 Α
1976 380 2157 446 Curis,
2193 380 2484 452 procellis,
2514 380 2831 437 fraudibus
2857 381 3276 452 supernatans.

1974 472 2121 525 Nam
2153 485 2295 524 cura
2327 470 2624 526 monacho
2652 470 2889 526 residua
2914 474 3000 525 est
3025 470 3153 524 hac
3181 468 3375 531 unica,

1975 560 2212 612 Portum
2239 560 2451 629 quietis
2485 559 2725 614 tandem
2758 561 2831 615 ad
2861 559 3026 613 illum
3059 556 3378 629 appellere,

1974 645 2082 700 Ubi
2115 645 2287 701 labor
2312 647 2507 701 omnis
2538 652 2593 703 et
2623 648 2909 703 molestia
2942 647 3132 710 silent,

1977 735 2082 789 Ubi
2110 735 2270 804 jugis
2298 735 2583 806 hymnus,
2616 737 2859 808 vitaque
2886 736 2974 790 his
3006 750 3216 790 carens
3245 733 3441 790 malis.

1974 823 2313 891 Negotiator
2342 840 2483 893 ergo
2511 826 2646 895 quis
2674 825 2937 896 prudens
2963 825 3092 887 erit,

1972 911 2078 975 Qui
2112 912 2404 967 derelictis
2435 913 2719 968 omnibus
2751 913 2914 968 tollat
2948 927 3183 967 crucem
3210 910 3238 966 ?

2426 1002 2512 1055 IV.
2546 1031 2613 1043 —-
2642 1003 2715 1057 In
2742 1002 3153 1072 prapositum.

1969 1090 2271 1154 Quantum
2303 1092 2561 1159 regentis
2593 1091 2664 1146 sit
2687 1106 3000 1157 cacumen,
3034 1089 3374 1161 pervidens,

1964 1178 2416 1233 Tremebundus
2446 1179 2634 1243 illum,
2667 1196 2776 1235 ceu
2803 1180 2991 1247 decet,
3024 1178 3281 1248 gradum
3312 1180 3469 1248 pete.

1963 1267 2137 1321 Vario
2167 1268 2380 1323 subisti
2420 1267 2665 1339 plenum
2703 1283 2856 1339 opus
2888 1268 3255 1329 discrimine,

1964 1356 2314 1427 Magnisque
2345 1357 2521 1422 curis,
2557 1357 2949 1429 plurimisque
2982 1355 3335 1425 angoribus.

1963 1444 2276 1512 Vigilanter
2303 1446 2480 1512 insta,
2517 1462 2671 1517 quos
2701 1447 2858 1514 regis
2889 1445 3299 1516 circumspice,

1961 1533 2128 1588 Nulla
2159 1540 2218 1587 ut
2248 1534 2372 1588 ovis
2404 1550 2663 1606 usquam
2697 1535 2799 1589 tibi
2840 1539 3043 1606 pereat
3074 1533 3313 1605 ignavia
3342 1547 3355 1586 :

1960 1622 2119 1677 Dans
2151 1623 2349 1693 operis
2372 1623 2431 1678 in
2462 1630 2515 1679 te
2548 1624 2853 1695 specimen
2882 1630 2938 1678 et
2969 1622 3228 1678 formam
3260 1621 3425 1677 boni.

1886 1720 1926 1773 Β
1962 1712 2283 1767 Reddenda
2314 1712 2462 1767 ratio
2490 1718 2544 1768 te
2573 1718 2773 1769 manet
2795 1712 3041 1783 quippe,
3075 1717 3137 1766 ut
3158 1711 3309 1766 scies

1958 1800 2223 1856 Christus
2257 1801 2355 1856 ubi
2388 1801 2578 1874 judex
2607 1802 2879 1857 omnium
2920 1800 3273 1856 consederit.

2464 1892 2524 1945 V.
2557 1920 2628 1932 —
2650 1890 2723 1945 In
2754 1890 3075 1946 subditum.

1957 1978 2130 2045 Ades,
2160 1978 2345 2050 pugil,
2380 1978 2523 2035 ades
2558 1978 2799 2034 fervidis
2830 1979 2983 2034 votis
3007 1977 3273 2046 ﬂagrans
3306 1992 3320 2033 :

1956 2068 2447 2138 Obtemperantes
2481 2067 2671 2123 subde
2703 2068 2962 2123 cervices
2988 2067 3156 2137 jugo,

1952 2167 2131 2221 Totus
2157 2165 2419 2232 humilis,
2445 2170 2601 2221 totus
2629 2164 2869 2220 volendi
2898 2165 3135 2219 nescius
3168 2180 3182 2219 :

1955 2255 2019 2309 Et
2048 2257 2343 2323 cogitatus
2374 2254 2571 2309 cordis
2597 2269 2808 2309 omnes
2839 2252 3094 2323 explica,

1953 2345 2144 2408 Quam
2177 2358 2281 2413 per
2311 2342 2521 2409 labori,
2554 2358 2739 2414 quam
2767 2341 2977 2407 libens,
3017 2341 3280 2397 stadium
3311 2344 3488 2397 teras.

1952 2434 2075 2487 Non
2106 2437 2158 2486 te
2189 2430 2490 2495 columna,
2525 2445 2645 2484 non
2677 2445 2911 2486 eremus
2940 2434 3176 2495 terreat,

1948 2523 2073 2575 Non
2101 2519 2219 2575 alia
2250 2519 2381 2574 vita
2412 2520 2623 2586 forma,
2659 2518 2934 2589 quamvis
2965 2533 3212 2589 aspera,

1946 2611 2026 2664 Tu
2051 2608 2237 2663 vincis
2268 2622 2500 2673 omnes,
2534 2608 2763 2662 Littera
2797 2612 2857 2662 ut
2890 2622 3075 2661 sacra
3106 2606 3346 2671 docent,

1947 2699 2113 2753 Viam
2146 2697 2408 2767 supremi
2442 2702 2773 2767 martyrum
2804 2695 2973 2749 ducis
3013 2701 3239 2750 tenens.

2193 2789 2279 2840 Vl.
2313 2816 2374 2826 -ε-
2402 2786 2473 2841 In
2501 2801 2631 2841 eum
2652 2784 2757 2855 qui
2781 2784 3070 2841 secundas
3101 2783 3343 2840 obtinet.

1944 2879 2199 2944 Regente
2228 2878 2401 2938 Mose,
2436 2874 2688 2930 Navides
2719 2874 2926 2929 aderat
2956 2889 3178 2939 comes,

1942 2966 2251 3020 Proximus
2283 2964 2359 3017 ab
2390 2962 2507 3027 illo,
2538 2979 2645 3017 ceu
2678 2978 2869 3017 novus
2902 2966 3251 3032 parastates.

1868 3088 1909 3145 Ο
1944 3054 2036 3109 Sic
2068 3058 2127 3108 tu
2158 3050 2457 3106 secundas
2489 3050 2590 3123 qui
2621 3050 2811 3119 gradu
2838 3054 3034 3120 partes
3066 3049 3242 3117 geris,

1942 3143 2070 3208 Quo
2103 3157 2267 3196 more
2299 3140 2505 3196 fratres
2533 3143 2847 3210 temperes,
2878 3137 3209 3193 considera.

1944 3231 2105 3296 Prai,
2140 3229 2432 3299 guberna,
2465 3227 2748 3299 omnique
2776 3242 2919 3282 cura
2947 3231 3213 3298 protege,

1942 3320 2204 3383 Paciﬁce,
2236 3323 2527 3381 amanter,
2559 3314 2962 3381 condolenter,
2992 3315 3271 3370 comiter:

1941 3411 2119 3477 Leges
2148 3421 2401 3479 superne
2430 3406 2676 3462 traditas
2704 3403 3075 3467 custodiens,

1937 3500 2115 3553 Casto
2141 3494 2785 3567 integroquejudicans
2816 3493 3091 3548 examine
3121 3509 3134 3547 :

1935 3586 2105 3643 Modo
2136 3584 2461 3654 languidis,
2497 3584 2788 3654 agrisque
2818 3581 2894 3638 ab
2921 3580 3135 3637 affectu
3168 3580 3460 3646 indolens,

1936 3675 2105 3730 Modo
2130 3678 2389 3746 vegetas,
2429 3672 2775 3743 alacresque
2810 3685 2913 3743 per
2943 3686 3211 3727 amorem
3247 3670 3503 3725 incitans
3534 3684 3549 3725 :

1937 3765 2005 3819 Ut
2035 3762 2239 3834 populi
2271 3762 2522 3817 habenis
2552 3761 2789 3830 dignus,
2824 3775 2895 3815 ex
2922 3759 3049 3829 lege
3081 3759 3359 3831 imperes,

1933 3853 2243 3922 Tanquam
2269 3851 2394 3921 ipse
2425 3849 2650 3903 ducens
2677 3855 2736 3903 tu
2768 3863 3009 3920 quoque
3040 3848 3332 3919 populum
3365 3847 3483 3903 Dei.

2396 3937 2507 3992 VII.
2540 3967 2603 3977 —
2639 3937 2707 3992 In
2736 3951 3121 3993 wconomum.

1936 4028 2238 4097 Stephani,
2268 4041 2505 4081 corona
2536 4030 2892 4095 martyrum,
2930 4040 3147 4078 munus
3180 4038 3413 4093 gerens,

1934 4119 2093 4171 Hanc
2126 4121 2333 4171 nactus
2364 4131 2427 4169 es
2471 4129 2697 4176 curam,
2733 4118 2794 4168 ut
2823 4128 2957 4183 qua
2991 4128 3144 4183 opus
3176 4116 3313 4167 sunt
3350 4110 3583 4167 dividas

1933 4206 2201 4259 Fratrum
2234 4209 2505 4267 caterva,
2537 4202 2778 4273 proprio
2812 4201 3020 4256 Christi
3050 4201 3233 4271 gregi.

1936 4296 2050 4349 Deo
2082 4292 2317 4349 labores
2345 4290 2491 4347 offer
2522 4291 2581 4345 in
2608 4290 2767 4345 diem
2797 4296 2951 4357 tuos,

1929 4383 2053 4438 Tua
2082 4382 2252 4453 quasi
2286 4381 2559 4437 membra
2589 4378 2798 4435 sedulo
2830 4382 3077 4433 cunctos
3110 4378 3318 4434 fovens
3352 4394 3365 4433 :

1932 4474 2055 4527 Non
2082 4472 2221 4526 huic
2252 4470 2568 4539 benignus,
2603 4468 2790 4523 durus
2821 4467 2921 4531 illi,
2954 4472 3054 4522 aut
3086 4467 3348 4536 invidus,

1930 4560 2045 4616 Sed
2073 4561 2287 4631 cuique
2314 4558 2531 4630 pariter
2556 4556 2878 4629 providens
2907 4556 3071 4628 quod
3102 4557 3395 4627 congruit,

1929 4652 2111 4705 Nemo
2137 4653 2196 4704 ut
2224 4648 2453 4704 laboret
2478 4661 2763 4719 quarere,
2796 4646 3017 4718 quibus
3048 4645 3274 4715 indiget

1930 4737 2041 4794 Sed
2068 4738 2193 4808 ipse
2222 4742 2433 4807 sponte
2465 4735 2878 4791 subministres
2904 4734 3131 4789 omnia.

1930 4828 1997 4882 Ut
2020 4826 2126 4881 rite
2158 4840 2367 4881 cursus
2396 4825 2591 4896 spatia
2616 4840 2751 4880 cum
2779 4822 3096 4895 peregeris,

1928 4914 2098 4979 Forti,
2134 4914 2353 4985 pioque
2384 4913 2604 4975 animo,
2642 4915 2698 4967 et
2729 4910 3021 4967 inoﬂ'enso
3052 4909 3225 4981 pede,

1927 5005 2141 5060 Sumas
2164 5002 2463 5067 laborum,
2497 5018 2651 5073 quos
2677 4999 2883 5065 tulisti,
2912 4998 3182 5070 pramia.

2278 5090 2415 5144 VlIl.
2451 5120 2518 5130 —
2548 5089 2616 5144 In
2656 5087 3215 5157 epistemonarchas.

1926 5179 2191 5236 Fratrum
2221 5179 2281 5234 in
2312 5194 2535 5234 corona
2564 5177 2665 5249 qui
2698 5176 2917 5231 sedetis
2941 5176 3196 5246 judices,

1925 5269 1994 5324 Ut
2023 5283 2199 5340 aqua
2224 5272 2381 5322 recto
2407 5266 2687 5337 judicetis
2716 5252 2977 5330 calculo,’

1924 5356 2109 5413 Nolite
2142 5372 2312 5411 voces
2341 5355 2417 5411 ad
2450 5353 2693 5409 oculum
2724 5353 3078 5424 depromere
3113 5376 3125 5408 :

1925 5446 2051 5499 Non
2085 5443 2203 5499 ullo
2234 5443 2478 5509 amoris,
2512 5456 2634 5498 non
2662 5440 2877 5496 furoris
2908 5440 3156 5514 impetu,

1923 5533 2039 5588 Nec
2067 5535 2129 5588 ut
2154 5530 2339 5590 favori
2368 5529 2572 5601 dediti,
2605 5544 2717 5587 nec
2743 5530 2809 5586 ut
2839 5527 3001 5601 odio,
