4038 6312
467 242 608 304 1783
1729 232 1789 297 S.
1833 237 1921 295 ΤΗ
1931 237 2062 294 EOD

1729 232 1789 297 S.
1833 237 1921 295 ΤΗ
1931 235 2198 294 EODORI
2241 230 2570 291 STUDITJE

463 370 581 426 Sed
613 365 792 424 corde
823 362 969 435 miti,
1007 363 1371 430 condolenti,
1406 363 1607 428 ﬂebili,

463 455 814 527 Deliberate,
849 455 1072 519 leniter,
1109 454 1353 509 viriliter
1393 470 1408 506 :

459 546 742 602 Animum
774 550 1072 607 acuentes,
1109 558 1273 609 more
1307 541 1423 607 teli,
1459 541 1793 606 innoxium,

460 635 699 702 Dirigite
731 638 922 689 certas
951 633 1011 687 in
1045 647 1294 703 scopum
1330 631 1648 686 sententias
1682 646 1695 685 :

462 724 593 779 Veri
624 722 976 777 incubantes
1018 736 1253 791 semper
1281 725 1341 774 ut
1375 718 1652 789 vestigiis,

459 812 690 868 Iudicia
725 811 951 867 Christo
992 809 1271 865 deieratis
1305 809 1534 877 integra
1568 824 1579 860 :

462 903 612 958 Nam
641 916 777 973 qua
807 899 996 956 facitis
1027 899 1292 961 arbitria,
1327 913 1434 952 vos
1465 897 1674 952 eadem
1707 900 1971 951 manent.

930 990 1014 1042 IX.
1051 987 1192 1042 —In
1215 987 1637 1042 observatores.

463 1081 596 1144 Vos,
631 1079 818 1134 vicem
849 1077 1160 1133 oculorum
1190 1075 1471 1131 fratribus
1504 1073 1608 1146 qui
1641 1073 2007 1145 impenditis,

465 1167 885 1240 Speculamini,
913 1167 1230 1222 observate
1257 1169 1501 1220 cunctos
1534 1163 1764 1230 acriter,

461 1256 743 1320 Interdiu,
773 1260 1094 1326 noctuque,
1124 1269 1227 1308 seu
1265 1253 1530 1316 meridie,

464 1348 543 1402 Ne
570 1345 816 1416 quando
845 1345 1095 1414 juvenes
1119 1343 1354 1413 uspiam
1384 1357 1506 1396 una
1531 1341 1646 1396 sint
1670 1340 1826 1397 duo:

464 1436 545 1490 Ne
575 1433 883 1501 coitiones,
915 1447 1062 1488 neve
1091 1431 1512 1493 contubernia,

463 1523 855 1593 Licentiaque
888 1520 1088 1592 pestis,
1121 1526 1177 1576 et
1206 1520 1591 1576 tenebrarum
1627 1534 1804 1589 opus,

466 1613 639 1669 Risus
673 1610 866 1675 soluti,
902 1610 1133 1680 injuria
1177 1607 1530 1680 petulantia,

463 1701 715 1772 Malique
745 1699 1040 1771 quidquid
1073 1716 1108 1754 a
1132 1701 1247 1754 Deo
1278 1697 1485 1769 procul
1515 1697 1684 1767 fugat
1710 1713 1723 1751 ε

464 1793 598 1846 Hac
632 1789 972 1844 nuntiantes
1001 1787 1292 1859 perpetim
1321 1786 1676 1855 rectoribus,

463 1879 702 1936 Sincera
728 1880 948 1948 aperta
976 1876 1240 1932 veritatis
1270 1875 1496 1944 regula.

463 1967 558 2023 Sic
594 1983 698 2021 vos
727 1981 939 2036 reapse
971 1980 1210 2036 semper
1231 1964 1482 2034 aspiciat
1515 1965 1688 2025 Deus,

467 2056 533 2110 Et
563 2055 748 2125 digna
771 2055 1004 2126 pulchri
1035 2053 1298 2108 muneris
1327 2053 1426 2108 det
1454 2053 1722 2124 pramia.

917 2145 979 2198 X.
1019 2171 1078 2182 —
1108 2142 1180 2197 In
1213 2142 1653 2198 canonarchen.

466 2236 630 2306 Lyra
663 2247 973 2288 sacrorum
1006 2231 1290 2300 prasides
1318 2229 1424 2303 qui
1455 2229 1813 2296 carminum,

463 2322 643 2377 Tuba
667 2321 851 2376 instar
881 2325 1006 2375 esto
1035 2324 1321 2374 cantuum
1351 2317 1784 2374 moderamine.

466 2412 549 2466 Da
580 2411 750 2480 signa
778 2410 944 2480 ligno
979 2407 1254 2479 tempori,
1287 2423 1396 2463 ceu
1428 2423 1518 2462 res
1543 2407 1732 2476 jubet,

468 2501 534 2554 Et
563 2499 785 2570 plectra
809 2499 1028 2568 lingua
1059 2497 1288 2568 primus
1314 2497 1391 2552 ad
1424 2495 1610 2551 melos
1639 2511 1830 2565 move,

464 2587 713 2643 Versum
743 2587 1022 2642 decenter
1046 2585 1484 2640 concinendum
1519 2584 1844 2655 proferens,

464 2675 654 2739 Clara,
687 2675 852 2729 suavi
872 2689 1040 2741 voce,
1072 2678 1128 2728 et
1151 2673 1338 2727 instar
1368 2671 1601 2740 organi,

464 2766 734 2822 Fratrum
762 2765 997 2819 canoris
1026 2777 1131 2818 ora
1160 2760 1529 2817 concinnans
1558 2759 1772 2816 modis.

461 2855 606 2908 Tum
638 2857 853 2907 cuncta
877 2851 1107 2906 cunctis
1131 2854 1527 2919 congruenter
1557 2849 1807 2920 impera,

463 2940 619 2998 Nihil
645 2940 858 3004 dolori,
891 2940 1066 2995 irave
1097 2938 1274 3005 dans,
1307 2945 1410 2994 aut
1438 2939 1644 3008 gratia
1673 2957 1685 2996 :

465 3030 578 3087 Sed
610 3030 762 3084 sicut
787 3045 960 3101 aqua
986 3028 1138 3083 ratio
1172 3028 1384 3099 poscit,
1419 3043 1489 3083 ac
1523 3027 1756 3082 modus.

461 3121 584 3176 Tua
613 3118 837 3190 quippe
867 3117 1062 3173 cuncti
1097 3116 1370 3172 membra
1403 3121 1570 3183 sunt;
1600 3122 1738 3172 sunt
1763 3121 1820 3172 et
1851 3117 1968 3171 Dei.

463 3211 617 3264 Deus
647 3222 934 3263 coronam
962 3205 1045 3260 sic
1071 3205 1270 3275 agenti
1302 3205 1581 3260 conferet.

950 3295 1031 3349 XI.
1061 3325 1127 3334 —
1154 3295 1228 3350 In
1261 3293 1638 3351 taxiarchen.

459 3389 530 3442 At
559 3390 642 3451 tu,
674 3384 991 3440 ordinandi
1022 3384 1113 3438 cui
1142 3387 1406 3454 potestas
1432 3383 1660 3452 obtigit,

461 3476 530 3532 Ut
560 3474 893 3530 taxiarches
924 3472 1164 3529 additus
1197 3471 1422 3544 populo
1458 3473 1578 3538 Dei,

457 3563 716 3627 Modum,
741 3561 1136 3632 ordinemque
1163 3565 1429 3631 tempore
1459 3559 1718 3616 observa
1748 3565 1804 3615 et
1835 3561 1986 3625 loco,

461 3652 591 3709 Sive
622 3650 1020 3714 redeundum,
1049 3650 1173 3704 sive
1194 3647 1458 3703 eundum
1492 3653 1583 3703 est
1603 3649 1915 3721 quopiam,

459 3742 609 3796 Dum
642 3738 926 3808 dignitate
952 3737 1217 3807 praditis
1247 3737 1595 3800 occurritur,

459 3828 611 3882 Dum
642 3825 869 3881 Domini
900 3825 977 3880 ad
1004 3825 1194 3880 adem
1225 3826 1542 3880 convenire
1575 3841 1708 3879 mos
1729 3825 1899 3894 jubet
1927 3843 1940 3881 :

458 3915 705 3970 Ratione
735 3921 980 3970 cunctos
1003 3913 1348 3979 collocabis,
1383 3930 1451 3969 ac
1480 3913 1681 3981 modo,

460 4004 647 4058 Suum
674 4004 888 4076 cuique
913 4003 1019 4058 rite
1047 4018 1376 4074 procurans
1407 4001 1684 4070 gradum,

457 4091 523 4146 In
555 4097 731 4158 veste,
762 4091 1369 4164 gressuqueexigens
1399 4090 1755 4156 decentiam,

461 4181 595 4235 Hac
621 4180 669 4236 si
700 4181 886 4252 perite
916 4180 1142 4245 feceris,
1177 4181 1225 4234 si
1260 4179 1436 4247 serio,

460 4268 516 4324 Si
550 4275 881 4335 mansuete,
916 4269 964 4323 si
992 4270 1108 4340 pie,
1138 4269 1187 4323 si
1220 4267 1484 4337 provide,

460 4357 740 4412 Mercedis
766 4358 978 4426 ingens
1006 4373 1043 4414 a
1069 4359 1186 4412 Deo
1217 4361 1334 4412 stat
1363 4357 1572 4425 gratia.

947 4446 1056 4502 XIl.
1093 4476 1160 4487 —
1195 4446 1262 4502 In
1293 4445 1626 4502 cellarium.

460 4535 604 4602 Quis
636 4540 691 4592 te
722 4535 937 4603 magis,
968 4535 1070 4602 fili,
1106 4536 1205 4591 Dei
1237 4541 1325 4591 est
1355 4536 1663 4607 Operarius
1687 4534 1716 4590 τ

461 4625 622 4694 Opus
647 4613 870 4681 laboris
903 4625 1142 4695 plenum
1175 4623 1364 4680 habes
1398 4639 1518 4696 pra
1539 4624 1786 4690 cateris,

458 4714 856 4769 Fraternitatis
881 4714 983 4786 qui
1011 4729 1201 4786 praes
1223 4713 1490 4769 cibariis.
1833 4709 1840 4714 ’

457 4803 742 4858 Incumbe
775 4803 910 4858 totis
937 4803 1246 4872 diligenter
1271 4802 1516 4867 viribus,

459 4891 629 4957 Quod
656 4891 872 4963 cuique
902 4892 1105 4957 debes,
1134 4907 1396 4960 congrue
1423 4890 1800 4960 dispertiens.

455 4980 750 5036 Assuesce
774 4980 974 5036 multis
1004 4980 1373 5052 postulatum
1405 4980 1676 5046 vocibus,

457 5070 577 5124 Hoc
606 5068 795 5135 illum,
837 5075 890 5125 et
918 5069 1016 5125 illo
1048 5070 1348 5124 sustinens
1374 5068 1539 5124 vultu
1579 5068 1852 5135 alterum,

458 5155 594 5222 Miti,
629 5173 861 5224 sereno,
895 5158 1256 5220 condolenti,
1286 5157 1494 5214 ﬂebili.

460 5245 554 5302 Sic
586 5245 688 5301 tibi
719 5262 941 5302 corona
972 5249 1185 5315 cinget,
1217 5251 1278 5302 ut
1310 5247 1632 5316 Stephano,
1666 5251 1864 5318 caput.

779 5337 913 5391 XIII.
948 5368 1014 5377 —
1044 5338 1116 5392 In
1145 5335 1394 5405 prandii
1422 5335 1782 5392 ministrum.

458 5425 727 5480 Fratrum
764 5440 1001 5482 corona
1027 5423 1368 5497 prandium,
1397 5424 1500 5491 ﬁli,
1529 5438 1854 5496 apparans,

459 5512 678 5570 Ordine
707 5512 933 5571 locatas
959 5515 1063 5571 rite
1093 5527 1333 5572 mensas
1363 5514 1605 5571 instrue.

527 5608 555 5638 ⁸
573 5603 596 5625 ’
623 5601 710 5658 ΑΙ.
741 5607 951 5680 πείρας,

2147 361 2198 415 Α
2225 357 2362 412 Ἀλλ’
2384 359 2552 419 ἠπίως
2577 376 2650 426 τε,
2673 357 2980 430 συμπαθῶς,
3014 357 3370 432 οἱκτιρμόνως,

2225 447 2572 508 Βουλευτικῶς
2601 466 2674 516 τε,
2708 448 3078 520 μακροθύμως,
3103 446 3320 507 εὐτόνως
3351 459 3368 477 ο

2223 541 2320 591 Τόν
2341 544 2457 590 νοῦν
2489 535 2781 609 ἁκραιφνῶς
2805 535 3092 600 ὀξύναντες,
3127 538 3192 597 ὡς
3218 533 3385 608 βέλος,

2226 629 2371 680 Κατὰ
2399 629 2592 679 σκοπὸν
2625 623 2864 698 βάλλοντι
2884 629 3007 686 τοὺς
3041 625 3204 687 εύθεὶς
3223 624 3428 696 λόγους.

2221 714 2400 778 Ὀπως
2419 716 2464 768 τ’
2495 715 2678 777 ἀληθὲς
2705 720 2862 767 παντὶ
2897 717 3154 788 θηρῶντες
3179 715 3339 787 λόγῳ,

2208 812 2339 875 Θεῷ
2369 801 2583 867 δικαίας
2610 807 2952 878 πρόσφέροιτε
2988 805 3079 865 τὰς
3115 807 3317 879 κρίσεις
3344 819 3357 833 ·

2221 893 2293 967 ’ῼ
2313 897 2415 967 γὰρ
2441 900 2678 969 κρινεῖτε,
2703 898 2793 945 καὶ
2817 895 3134 968 κριθήσεσθε
3164 897 3359 967 τρόπῳ.

2530 981 2613 1037 Θ’.
2654 1012 2724 1022 -
2762 981 2868 1043 Εἰς
2906 985 3059 1043 τοὺς
3097 979 3524 1055 έπιτηρητάς.

2222 1072 2376 1135 Τάξει
2410 1073 2632 1132 τεθέντες
2660 1069 2908 1143 ὀμμάτων
2934 1077 3044 1133 τοῖς
3073 1074 3366 1142 συγγόνοις,

2222 1161 2420 1236 Ὁρᾶτε,
2451 1165 2542 1213 καὶ
2566 1167 2770 1235 τηρεῖτε
2799 1162 2998 1220 πάντας
3027 1162 3312 1222 εύσκόπως,

2224 1251 2306 1305 Ἐν
2332 1253 2567 1325 ἡμέραις,
2610 1249 2660 1302 έν
2698 1249 2862 1318 νυξὶν,
2891 1248 2939 1301 έν
2979 1248 3360 1322 μεσημϐρίαις,

2224 1345 2417 1399 Μήπου
2447 1343 2705 1414 πρόσωπα
2741 1347 2840 1391 τῶν
2866 1341 2989 1391 νέων
3023 1336 3117 1391 εἶεν
3139 1334 3256 1404 δύο,

2225 1433 2417 1487 Μήπου
2446 1433 2691 1500 γίνωνται
2725 1433 2938 1502 φατρίαι
2966 1431 3272 1486 συσκηνίόη.

2226 1517 2540 1593 Παρῥησιῶν
2569 1517 2792 1590 ὄλεθρος,
2834 1519 2956 1590 ἔργα
2987 1524 3080 1569 τοῦ
3123 1521 3361 1580 σκότους,

2225 1610 2440 1679 Στρηνοὶ
2463 1606 2698 1678 γέλωτες,
2732 1605 2927 1680 ὕϐρεως
2961 1604 3187 1670 ἁταξίαι,

2152 1691 2193 1747 Β
2229 1700 2328 1750 Καὶ
2349 1701 2449 1748 πᾶν
2475 1697 2697 1769 πονηρὸν
2729 1701 2819 1746 τοῦ
2851 1701 2985 1748 Θεοῦ
3000 1693 3174 1767 πόρῥω
3201 1697 3350 1766 φέρον
3379 1713 3392 1726 ·

2224 1783 2381 1838 Ταῦτ’
2411 1782 2737 1845 έκλαλοῦντες
2774 1785 2946 1835 πυκνὰ
2983 1789 3094 1844 τοῖς
3119 1780 3541 1856 πρωτοπάτὰις,

2225 1873 2636 1947 Ἀπροσπαθιίᾳ,
2668 1879 2757 1931 τῆς
2789 1870 3032 1933 ἀληθείας
3053 1870 3188 1942 λόγῳ
3219 1888 3236 1905 ο

2223 1963 2398 2034 Τύχοι
2434 1979 2487 2012 τε
2519 1963 2654 2021 θείας
2679 1959 2905 2033 ἀτρεκῶς
2942 1959 3186 2030 ἐποψίας,

2224 2054 2330 2109 Τὴν
2361 2049 2667 2122 ἁντάμειψιν
2696 2057 2795 2101 τῶν
2820 2048 2987 2101 καλῶν
3018 2047 3324 2119 ἐσχηκότες.

2559 2137 2618 2192 Ῑ¹.
2660 2169 2728 2180 -—
2769 2138 2870 2199 Εἰς
2909 2141 3016 2190 τὸν
3055 2137 3490 2210 κανονάρχην.

2227 2229 2496 2302 Ἀρχηγὸς
2516 2227 2681 2289 ἑστὼς
2703 2235 2799 2289 τῆς
2827 2227 2989 2295 λύρας
3025 2234 3125 2278 τῶν
3157 2225 3429 2298 ᾀσμάτων,

2227 2317 2454 2389 Σάλπιγξ
2481 2318 2671 2389 φάνηθι
2708 2324 2770 2389 τῇ
2803 2316 3089 2388 μελουργίᾳ
3116 2315 3253 2387 ξένη.

2228 2406 2449 2466 Σάλπιζι
2472 2414 2638 2479 καιρῷ
2676 2409 2734 2458 τὸ
2763 2405 2930 2470 ξύλον,
2957 2406 3126 2465 καθὼς
3157 2399 3288 2473 δέοι,

2231 2499 2372 2549 Κίνει
2403 2491 2462 2547 δέ
2492 2514 2586 2546 σου
2618 2498 2711 2552 τὴν
2740 2494 2977 2565 γλῶτταν
3008 2495 3072 2554 ὡς
3110 2492 3370 2565 πλῆκτρον
3403 2493 3592 2563 φέρων,

2228 2583 2334 2638 Ἀεὶ
2363 2587 2660 2656 πρεπόντως
2679 2585 2764 2635 τόν
2793 2584 2982 2655 στίχόν
3013 2583 3332 2651 συνεισάγων

2227 2672 2581 2743 Ἀσύγχυτον,
2608 2670 2894 2742 κάλληχόν,
2939 2669 3160 2746 ὀργάνου
3195 2665 3372 2736 δίκην,

2225 2764 2295 2816 Τὸ
2320 2769 2414 2822 τῆς
2435 2756 2786 2832 ἀδελφότητος
2813 2760 3078 2832 εύρυθμῶν
3113 2762 3298 2830 στόμα.

2223 2853 2452 2910 Τάσσοις
2480 2849 2682 2902 ἅπαντα
2704 2855 2864 2902 πᾶσιν
2893 2849 3204 2922 ἀξιόχρεως,

2225 2942 2306 2998 Μὴ
2349 2941 2475 3013 πρὸς
2505 2957 2686 3011 χάριν,
2716 2943 2786 3010 μὴ
2809 2947 2980 3009 μῆνιν,
3016 2941 3046 2995 ἤ
3079 2936 3241 2996 λύπης
3267 2931 3440 3000 δόσιν,

2154 3046 2194 3102 C
2225 3027 2360 3082 Ἀλλ’
2387 3031 2436 3080 ἐν
2465 3023 2656 3098 δικαίῳ
2694 3035 2766 3097 τῷ
2795 3027 2952 3098 λόγῳ,
2975 3030 3064 3078 καὶ
3100 3033 3170 3096 τῷ
3197 3029 3391 3097 τρόπῳ.

2226 3119 2412 3178 Πάντες
2438 3102 2670 3190 γάρέἰσι
2694 3123 2786 3168 τοῦ
2808 3123 2942 3169 Θεοῦ
2972 3120 3062 3168 καὶ
3093 3121 3189 3166 σοῦ
3224 3113 3379 3185 μέλη.

2223 3206 2405 3267 Οὕτως
2434 3213 2629 3279 φρονῶν
2659 3211 2784 3276 γοῦν
2805 3203 2860 3256 έκ
2899 3209 3027 3258 Θεοῦ
3054 3202 3198 3276 λήψῃ
3227 3206 3427 3274 στέφος.

2551 3291 2656 3347 ῙΔ’.
2700 3325 2768 3334 --
2807 3293 2920 3354 Εἰς
2957 3296 3061 3345 τὸν
3099 3291 3490 3365 ταξιάρχην.

2221 3390 2324 3437 Τοῦ
2345 3381 2654 3455 ταξιαρχεῖν
2679 3385 2766 3434 τὸν
2797 3381 2947 3453 λόγον
2979 3377 3305 3452 δεδεγμένος,

2220 3471 2310 3534 Ὠς
2328 3471 2622 3546 ταξίαρχος
2650 3477 2742 3522 τοῦ
2763 3470 2857 3523 λεὼ
2883 3477 2975 3523 τοῦ
3007 3475 3224 3540 Κυρίου,

2220 3561 2376 3624 Τάξιν
2409 3559 2630 3632 φύλαττε
2666 3564 2817 3612 παντὶ
2848 3567 3014 3634 καιρῷ
3043 3563 3132 3610 καὶ
3161 3562 3324 3628 τόπφ,

2222 3649 2302 3703 Ἐν
2330 3645 2565 3710 εἰσόδοις
2590 3649 2720 3719 ὁμοῦ
2745 3667 2796 3700 τε
2825 3653 2915 3700 καὶ
2942 3644 3219 3710 διεξόδοις,

2221 3742 2302 3792 Ἐν
2339 3745 2449 3798 ταῖς
2474 3737 2723 3798 ύπανταῖς
2761 3736 2924 3809 ὄψεων
2955 3744 3055 3789 τῶν
3081 3735 3298 3807 ἐξόχων,

2221 3827 2302 3880 Ἐν
2327 3834 2438 3888 τοῖς
2462 3825 2773 3899 ἁθροισμοῖς
2800 3833 2891 3878 τοῦ
2921 3833 3049 3878 ναοῦ
3073 3831 3164 3877 τοῦ
3197 3831 3480 3877 Δεσποτου.

2219 3924 2567 3988 Χοροστατῶν
2597 3915 2827 3976 ἃπαντας
2846 3918 3005 3990 εἱρμῷ
3036 3919 3126 3967 καὶ
3154 3913 3311 3985 λόγῳ,

2218 4011 2403 4076 Τηρῶν
2444 4004 2670 4057 ἑκάστου
2702 4009 2797 4061 τήν
2820 4007 3136 4076 τεταγμένην
3171 4001 3330 4075 βάσιν
3356 4021 3370 4035 ·

2220 4093 2406 4150 Στολήν
2437 4092 2691 4158 ἁπαιτῶν,
2720 4097 2811 4145 καὶ
2847 4089 3097 4164 βάδισμα
3135 4081 3428 4164 τόπρέπον.

2219 4181 2280 4235 Εἰ
2311 4190 2478 4235 ταῦτα
2500 4188 2651 4254 ποιῇς
2681 4184 2954 4255 ἓμφρόνως,
2980 4186 3070 4233 καὶ
3095 4185 3369 4245 συντόνως,

2219 4278 2529 4342 Θεοπρεπῶς
2557 4289 2628 4338 τε,
2654 4275 2873 4345 πραέως,
2902 4274 3229 4344 κεκριμένως,

2214 4358 2375 4423 Ἐξεις
2403 4361 2585 4432 χάριν,
2613 4365 2704 4413 καὶ
2741 4361 2931 4430 μισθὸν
2952 4361 3008 4411 ἑκ
3047 4365 3180 4412 Θεοῦ
3207 4361 3389 4429 μέγαν.

2531 4449 2631 4504 ΙΒ’.
2673 4480 2742 4489 -
2783 4448 2891 4509 Εἰς
2930 4451 3035 4501 τὸν
3077 4446 3503 4519 κελλαρίτην.

2216 4543 2308 4598 Τίς
2338 4540 2406 4598 ὡς
2430 4541 2517 4603 σὺ,
2549 4541 2744 4606 τέκνον,
2777 4537 3002 4610 ἐργάτης
3041 4543 3175 4589 Θεοῦ
3203 4534 3343 4588 πέλει
3377 4555 3390 4599 ς

2214 4624 2390 4698 Ἔχεις
2414 4628 2516 4698 γὰρ
2547 4629 2694 4698 ἔργον
2724 4622 2931 4699 σφόδρα
2957 4633 3057 4676 τῶν
3087 4623 3250 4676 ἄλλων
3271 4622 3442 4692 πλέον,

2214 4721 2325 4769 Τῶν
2356 4722 2446 4774 τῆς
2477 4711 2828 4786 ἀδελφότητος
2857 4715 3040 4788 ἄρχων
3071 4711 3389 4786 βρωμάτων.

2212 4803 2363 4865 Ὀλος
2397 4803 2646 4876 πρόσελθε
2671 4805 2964 4864 πανσθενῶς
2994 4809 3057 4875 τῇ
3086 4798 3348 4876 φροντίδι,

2215 4888 2398 4953 Διδοῦς
2430 4892 2632 4964 ἑκάστῳ
2661 4896 2719 4944 τὸ
2745 4901 3014 4966 προσῆκον
3045 4891 3092 4944 ἐν
3121 4895 3318 4965 κρίσει.

2216 4983 2394 5054 Πυρὰς
2422 4995 2447 5025 8
2478 4979 2662 5052 δέχοιο
2693 4989 2788 5044 τῆς
2822 4981 3231 5042 πολυζητησίας.

2215 5069 2432 5124 Ἐκεῖνον
2464 5071 2647 5132 οὕτως,
2677 5069 2824 5122 ἄλλον
2856 5068 3066 5130 ἀλλοίως
3095 5072 3278 5140 φέρων,

2216 5160 2421 5232 Πράως,
2455 5158 2708 5230 γαληνῶς,
2744 5160 3057 5231 συμπαθῶς,
3089 5156 3448 5229 οἰκτιρμόνως.

2215 5247 2391 5308 Οὕτως
2421 5251 2522 5322 γὰρ
2549 5247 2674 5311 ἕξεις
2697 5251 2792 5300 σὺν
2821 5249 3052 5321 Στεφάνῳ
3081 5249 3140 5298 τό
3171 5250 3374 5318 στέφος.

2483 5335 2585 5393 Il".
2636 5368 2695 5379 -—
2742 5336 2854 5398 Εἰς
2888 5340 2993 5388 τὸν
3035 5335 3544 5408 ἀριστητάριον.

2212 5425 2594 5497 Ἀριστοποιῶν
2633 5432 2738 5486 τοῖς
2777 5422 3021 5498 ἀδελφοῖς
3049 5444 3165 5487 σου,
3197 5428 3360 5489 τέκος,

2212 5509 2282 5570 Εὖ
2309 5532 2398 5586 μοι
2429 5512 2656 5575 στύϐαζε
2684 5521 2783 5568 τῶν
2813 5513 3084 5588 τραπεζῶν
3113 5513 3396 5577 τὰςθέσεις,

2141 4387 2186 4442 D

3693 225 3843 287 i184
