4038 6312
274 304 421 368 1785
1848 304 1869 361 Ῑ

2049 305 2077 361 ῐ.
3504 307 3644 366 1786

276 432 496 503 Σταθμῷ
523 432 613 483 τόν
637 430 814 506 ἄρτον,
847 432 891 483 εἶ
918 449 970 484 τι
998 426 1050 483 δ’
1082 431 1144 482 ἄν
1176 428 1379 503 βρωτόν
1410 432 1575 505 τύχῃ,

273 515 426 580 Ἴσως
453 520 699 590 μερίζων,
729 526 834 581 τοῖς
867 516 927 572 δέ
955 519 1165 591 μείζοσι
1202 518 1372 571 πλέον.

273 608 463 669 Διπλῆς
482 614 642 681 τιμῆς
668 612 766 683 γὰρ
793 608 968 671 ἀξιοῦν
997 610 1213 669 τούτους
1240 607 1407 678 λόγος.

272 692 463 751 Φείδου
491 693 525 749 δ
531 698 543 715 ⁹
572 698 762 768 ὁμοίως
791 702 879 749 καὶ
904 700 991 748 τόν
1023 697 1372 770 ύστεροτάτην
1408 713 1420 725 ·

1904 435 1950 486 Α
1984 434 2212 488 Panem
2238 446 2308 489 ex
2338 432 2586 498 amussi,
2620 439 2675 490 et
2700 434 2747 489 si
2775 434 2920 507 quid
2953 439 3042 491 est
3073 434 3278 501 edulii,

1984 522 2198 577 Partire
2232 521 2310 577 ab
2331 537 2527 594 aequo,
2562 523 2694 593 plus
2724 528 2923 579 tamen
2954 524 3321 594 majoribus:

1981 612 2130 667 Nam
2161 610 2383 682 duplici
2415 612 2640 667 honore
2671 613 2779 668 hos
2810 613 2965 669 afﬁci
2997 614 3146 669 ratio
3174 613 3362 683 jubet.

1983 702 2266 755 Reverere
2297 701 2517 772 pariter
2555 701 2763 755 inﬁmo
2794 704 2971 757 situm
2996 702 3208 769 gradu,

1983 791 2131 845 Nam
2160 790 2436 845 membra
2461 790 2656 845 cuncti
2685 793 2825 844 sunt
2853 795 2969 857 tua,
3004 791 3164 845 haud
3192 806 3362 861 aeque
3390 795 3632 847 tamen:

1984 877 2314 951 Christique
2342 884 2631 949 tanquam
2662 894 2962 949 appareas
2996 880 3291 944 convivio,

1983 966 2279 1038 Apostolis
2306 971 2358 1022 te
2389 971 2529 1021 tunc
2560 967 2893 1022 ministrare
2923 968 3174 1023 aestima.

1983 1057 2253 1126 Appone,
2288 1055 2444 1121 tolle,
2472 1061 2633 1110 verte
2663 1060 2743 1127 te,
2771 1056 3163 1127 circumspice
3194 1072 3205 1111 :

1986 1145 2055 1200 Ut
2083 1144 2330 1215 copiosa
2349 1144 2551 1207 redeat
2578 1144 2655 1199 ad
2680 1150 2730 1199 te
2757 1146 2968 1214 gratia.

268 783 440 848 Ἅπας
461 786 561 858 γάρ
592 783 706 837 ἔστι
729 788 819 838 σόν
851 786 1017 857 μέλος,
1048 786 1144 837 κᾶν
1177 785 1271 838 οὐκ
1300 787 1430 847 ἴσως
1452 802 1465 815 ·

273 878 373 929 Καὶ
406 879 509 946 μὴν
537 880 812 947 παρεστὼς
835 877 904 936 ὡς
933 874 1164 949 τραπέζῃ
1197 879 1478 940 Δεσπότου,

271 957 604 1026 Ἀποστόλοις
630 964 812 1037 νόμιζε
832 961 1072 1017 δουλείαν
1104 968 1294 1038 φέρειν.

270 1056 513 1126 Στρέφου,
548 1054 745 1125 θεώρει,
767 1056 921 1126 νηρὸν
946 1052 1169 1124 ἄλλοπερ
1195 1056 1383 1123 νέμων.

266 1142 356 1196 ’ἶν’
381 1138 436 1195 εὖ
464 1146 679 1213 γένηται
700 1147 791 1195 καὶ
822 1144 987 1215 χάρις
1020 1161 1105 1194 σοι
1134 1142 1384 1197 πλουσία.

643 1229 738 1285 ΙΔ’.
765 1230 963 1293 -Εἰς
998 1234 1106 1283 τόν
1146 1229 1481 1301 ὀψοποιόν.

263 1321 364 1374 Τόν
394 1318 643 1391 ὀψοποιόν
663 1324 740 1381 τίς
772 1339 849 1381 σε,
883 1324 1076 1389 τέκνον,
1108 1318 1167 1371 ού
1198 1324 1390 1391 στέφει,

264 1410 431 1462 ῐῙολύν
452 1412 669 1483 φέροντα
696 1412 784 1462 τόν
824 1413 981 1463 κόπον
1016 1410 1355 1481 καθημέραν;

266 1497 600 1550 Δουλευτικόν
634 1517 721 1550 σοι
744 1505 955 1570 χρῆμα,
987 1499 1179 1569 μισθός
1212 1493 1263 1548 δ’
1290 1492 1376 1548 οὖν
1403 1499 1581 1568 μέγας.

268 1592 473 1660 Χρῆσις
494 1583 684 1661 ῥυπὼδ
688 1607 769 1653 ης,
802 1585 930 1639 ἀλλὰ
958 1586 1170 1658 πλυτρὶς
1200 1587 1566 1656 πταισμάτων.

269 1673 444 1745 Φλέγει
479 1693 538 1729 σε
564 1682 650 1728 νῦν
675 1683 798 1747 πῦρ,
832 1678 891 1728 ού
924 1679 980 1727 τό
1012 1674 1190 1747 μέλλον
1224 1670 1284 1726 δὴ
1313 1678 1475 1745 κρίνει
1500 1690 1512 1703 ο

271 1762 518 1839 Προσόἀς
547 1766 804 1837 σταθηρός
831 1765 1009 1817 λοιπόν
1041 1764 1109 1824 εἰς
1136 1767 1231 1823 τὴν
1271 1762 1443 1834 έψίαν,

2486 1235 2623 1288 XIV.
2660 1264 2729 1273 —
2755 1235 2826 1288 In
2860 1249 3132 1305 coquum.

1986 1324 2238 1391 Dignum
2267 1337 2493 1377 corona
2524 1327 2578 1377 te
2609 1336 2871 1393 coquum
2898 1322 3035 1393 quis
3060 1321 3310 1389 abnuat,

1984 1412 2165 1482 Cujus
2193 1410 2469 1482 perennis
2500 1412 2559 1466 in
2590 1412 2718 1467 dies
2742 1412 2919 1467 durat
2944 1412 3116 1466 labor
3144 1411 3172 1463 Ῥ

1984 1501 2202 1557 Servile
2234 1516 2452 1556 munus
2481 1506 2591 1565 est,
2620 1506 2681 1556 at
2705 1502 2915 1570 ingens
2942 1500 3256 1572 praemium
3287 1515 3299 1555 :

1984 1590 2305 1645 Immunda
2335 1605 2451 1656 res,
2483 1590 2588 1645 sed
2617 1606 2740 1661 qua
2768 1590 3045 1645 lavantur
3075 1589 3346 1644 crimina.

1984 1682 2147 1735 Nunc
2178 1679 2333 1749 ignis
2360 1679 2491 1744 urit,
2529 1695 2599 1735 ne
2633 1679 2865 1735 futurus
2896 1680 3163 1733 devoret.

1909 1784 1954 1840 Β
1984 1774 2104 1837 Age
2130 1784 2292 1839 ergo,
2318 1768 2487 1823 laetus
2513 1770 2591 1824 ad
2621 1771 2948 1840 coquinam
2978 1767 3249 1830 convola,

266 1850 457 1907 Ἐωθεν
497 1853 645 1915 εὐθὺς
684 1853 817 1906 κλῶν
857 1851 1069 1920 δαλοὺς,
1100 1855 1302 1925 χύτρας
1330 1852 1472 1917 κλύε,

270 1942 501 2013 Βρώσεις
530 1941 825 2014 προσεψῶν,
860 1944 927 2004 ὡς
960 1948 1113 2006 Θεοῦ,
1146 1944 1212 1994 τὰ
1236 1949 1336 1993 τῶν
1366 1944 1552 1994 τέκνων
1588 1957 1600 1969 ·

270 2030 476 2102 Εύχαῐς
504 2030 700 2093 ἀλίξοις
718 2038 883 2083 ταῦτα
913 2031 1086 2106 ὥσπερ
1118 2028 1386 2102 ἀρτύσεις,

267 2117 359 2173 Ἰν’
388 2119 671 2192 εύλογηθῇς
700 2121 771 2181 ὡς
796 2118 984 2173 Ἰακὼϐ
1012 2127 1085 2189 τῷ
1120 2119 1302 2184 πάλαι,

274 2212 374 2262 Καὶ
394 2216 553 2281 χαῖρε
580 2211 785 2271 τούτοις
812 2208 1021 2261 ἒκτελῶν
1049 2228 1144 2261 σου
1171 2207 1257 2260 τόν
1288 2203 1509 2281 δρόμον.

344 2296 445 2352 IE’.
477 2297 667 2360 -Εἰς
697 2301 845 2359 τοὺς
880 2297 1122 2372 ῥαφείς,
1164 2297 1310 2354 ἦτοι
1350 2293 1801 2371 βεστιαρίους.

284 2393 440 2458 Υμεῖς
471 2388 718 2459 ἔπαρχοι,
755 2392 845 2439 καὶ
867 2383 1139 2444 διαιτηταὶ
1169 2386 1309 2458 μάλα

270 2481 381 2528 Τῶν
407 2483 502 2537 τῆς
532 2472 879 2547 ἀδελφότητος
910 2474 1319 2547 ἀμφιασμοὶτων,

270 2565 437 2635 Ἀγὼν
466 2564 587 2635 ύμῖν
617 2563 676 2616 ού
707 2563 891 2637 μικρός
921 2563 969 2615 έν
998 2565 1169 2635 τούτῳ
1196 2563 1353 2631 πέλει,

270 2658 484 2724 Φροντὶς
514 2649 572 2706 δὲ
604 2652 787 2716 πολλὴ,
817 2658 907 2705 καὶ
937 2656 1179 2724 μέριμνα,
1211 2656 1302 2705 καὶ
1332 2656 1512 2718 κόπος,

266 2740 519 2804 Ῥάπτειν,
544 2750 820 2814 νεουργεῖν,
856 2740 1198 2815 έκκαθαίρέιν,
1232 2745 1323 2793 καὶ
1362 2740 1586 2811 πλύνειν,

269 2835 453 2902 Νέμειν
484 2830 686 2901 ἑκάστῳ
712 2829 771 2882 τό
804 2833 1173 2904 προσαρμόζον
1203 2829 1358 2900 λόγῳ,

268 2918 422 2980 Ἴσως
453 2921 543 2990 μὶν
568 2922 684 2981 οῦκ,
715 2920 842 2981 ἴσως
874 2916 933 2971 δε
962 2920 1153 2991 φίλτρῳ
1180 2922 1269 2970 καὶ
1299 2918 1442 2988 πόθῳ

268 3007 460 3064 ’Λλλου
488 3009 590 3080 γὰρ
620 3007 770 3070 ἄλλος
798 3006 1074 3080 ἀξιώτερος
1101 3011 1260 3077 πόνῳ.

269 3105 511 3151 Σκοπείτε
532 3096 707 3149 λοιπόν
727 3104 893 3150 ταῦτα
918 3104 1079 3150 ποιεῖν
1109 3099 1404 3169 σωφρόνως,

267 3186 446 3247 Ὅπως
471 3185 699 3257 ἀμοιϐῶν
730 3185 1079 3257 ἀντιλήψεσθε
1102 3189 1277 3257 χρέος,

271 3278 409 3350 Πρὸς
435 3282 527 3329 τοῦ
558 3282 690 3329 Θεοῦ
722 3271 756 3328 δ
763 3271 818 3327 ιδ
822 3279 963 3336 οντος
994 3274 1140 3337 ἀξίας
1165 3272 1357 3335 δόσεις.

569 3363 692 3446 Ις·’.
719 3394 784 3404 —
816 3364 920 3426 Εἰς
959 3366 1105 3425 τοὺς
1144 3362 1572 3435 ἀφυπνιστάς.

274 3456 410 3527 Πρὸς
428 3457 589 3506 πᾶσιν
619 3452 786 3512 ἄλλοις
814 3449 928 3505 οὐδ’
960 3453 1081 3524 ύμῖν
1108 3454 1293 3524 μικρός
1318 3455 1499 3520 κόπος,

270 3542 598 3613 Διεξανιστᾷν
634 3544 756 3603 τούς
785 3538 1042 3601 ὑπνώδεις
1071 3545 1380 3611 συγγόνους,

270 3630 675 3685 Συνεισελαύνειν
704 3633 822 3690 τοὺς
849 3631 1105 3701 γυρευτάς
1140 3631 1211 3691 εἱς
1246 3631 1424 3701 μέσον.

267 3725 451 3776 Τοίνυν
476 3715 624 3771 έπειδ
628 3720 687 3771 ἀν
720 3718 950 3791 σαλπίσῃ
981 3738 1056 3778 τις
1086 3722 1143 3770 τό
1166 3718 1335 3785 ξύλον,

267 3816 363 3872 Ὠς
389 3808 601 3880 ἄγγελοι
628 3809 859 3882 παρευθύ
889 3804 1301 3880 δεδραμηκότες,

270 3897 359 3958 Εἰς
385 3898 555 3950 πάντα
582 3902 938 3960 κοιτωνίσκον,
974 3896 1042 3956 εἰς
1067 3899 1295 3970 κρυπτὸν
1323 3899 1501 3953 τόπον,

269 3985 521 4059 Ἐγείρετε
546 3988 677 4058 πρὸς
703 3984 858 4055 ὕμνον
887 3982 1161 4058 ἀχράντων
1195 3984 1381 4055 λόγων,

270 4077 684 4148 Συνεισφέροντες
714 4073 785 4135 εἰς
815 4078 935 4125 νεὼν
967 4079 1059 4125 τοῦ
1085 4078 1369 4138 Δεσπότου,

272 4162 353 4218 Ἐν
380 4164 621 4236 ἡμέραις,
648 4164 698 4215 ἂν
724 4161 885 4232 νυξὶν,
922 4161 970 4213 έν
999 4160 1374 4235 μεσημϐρίαις,

269 4251 526 4307 Ἐκαστον
556 4251 726 4305 αὐτῶν
757 4251 1170 4324 προσκαλοῦντες
1201 4250 1436 4312 εὐθέτως.

268 4339 403 4403 Ὀως
427 4343 548 4415 ὑμῖν
574 4343 659 4394 τὸν
690 4342 881 4411 μισθόν
913 4339 1057 4402 ἄξιον
1094 4344 1243 4413 νέμῃ,

269 4428 329 4482 Ὀ
370 4432 542 4484 πάντα
566 4437 787 4503 μετρῶν,
818 4433 907 4481 καὶ
937 4433 1099 4502 νέμων
1124 4431 1239 4482 κατ’
1272 4428 1439 4493 ἀξίαν.

606 4515 709 4572 IZ’.
743 4549 808 4558 -—
848 4517 953 4580 Εἰς
992 4521 1099 4570 τόν
1138 4522 1522 4590 νοσοκόμον,

270 4611 338 4661 Τὸ
363 4615 554 4680 χρῆμα
586 4608 738 4673 θεῖον,
774 4605 1000 4659 ἀσθενῶν
1034 4606 1173 4681 βάρη
1208 4611 1394 4679 φέρειν.

269 4699 467 4751 Τούτου
496 4696 675 4768 λαχὼν
701 4698 1011 4761 πύκτευσον,
1046 4694 1086 4748 ὦ
1116 4716 1204 4768 μοι
1230 4700 1446 4761 τεχνίον,

271 4793 501 4859 Θερμῶς.
528 4786 802 4857 προθύμως
833 4784 1048 4837 ἐκτελεῖν
1083 4803 1176 4837 σου
1214 4787 1297 4837 τὸν
1334 4781 1551 4857 δρόμον,

266 4874 457 4928 Ἐωθεν
494 4873 642 4935 εὐθὺς
671 4878 791 4934 τοὺς
830 4873 1087 4947 κλινήρεις
1121 4892 1215 4925 σου
1258 4870 1483 4945 βλέποις,

266 4962 456 5017 ’Λλλου
487 4962 585 5036 πρό
619 4965 811 5023 παντὸς
844 4964 1180 5034 φαρμαλεύων
1219 4970 1331 5022 τοῖς
1359 4963 1550 5033 λόγοιν,

267 5049 374 5107 Εἶτ’
405 5047 470 5105 αὖ
500 5056 799 5124 πρεπόντως
824 5055 1139 5124 προσφέροις
1170 5055 1327 5103 σίτων
1362 5048 1557 5115 δόσεις,

266 5140 354 5203 Ὠς
379 5145 490 5212 χρὴ
519 5136 569 5192 δ’
602 5139 830 5211 ἑκάστῳ,
863 5136 1230 5212 συνδιακρίσει
1266 5142 1445 5210 λόγου.

268 5229 435 5290 Μέλος
460 5229 562 5301 γάρ
592 5231 727 5295 ἑστι,
759 5231 829 5300 μὴ
864 5233 1134 5304 παρέρχου
1177 5233 1264 5282 τόν
1303 5228 1478 5288 πέλας.

270 5319 446 5380 οὕτως
476 5319 821 5389 ὑπηρετοῦντι
852 5320 1043 5390 μισθός
1076 5337 1160 5371 σοι
1190 5321 1370 5390 μέγας,

272 5415 377 5469 Φῶς
409 5406 708 5480 ἀπρόσιτον,
742 5406 970 5479 οὐρανῶν
999 5406 1270 5479 εῦκληρέα.

590 5484 707 5552 111⁸.
743 5526 814 5538 --
842 5496 954 5557 Εἰς
990 5499 1139 5557 τοὺς
1176 5503 1548 5557 νοσοῦντας.

269 5590 345 5642 Τό
364 5594 457 5647 τῆς
484 5604 641 5639 νοσου
665 5605 759 5659 μοι
789 5582 957 5659 δῶρον
988 5580 1059 5653 εὖ,
1089 5588 1281 5650 τέκνον,
1309 5581 1498 5659 δέχου,

1984 1859 2051 1912 Et
2081 1872 2257 1912 mane
2290 1862 2474 1912 torres
2504 1857 2784 1920 dissecta,
2815 1857 2965 1912 ollas
2995 1855 3142 1921 elue,

1983 1948 2251 2001 Fratrum
2275 1950 2536 2011 tuorum,
2569 1961 2677 2000 ceu
2705 1946 2822 2009 Dei,
2858 1945 3024 2000 cibos
3046 1959 3258 2015 coque,

1986 2034 2259 2090 Precibus
2287 2033 2540 2088 subinde
2572 2034 2881 2100 condiens,
2910 2039 3203 2105 tanquam
3229 2032 3389 2088 sale:

1985 2123 2411 2178 Benedictionis
2438 2123 2620 2178 Jacob
2655 2129 2715 2179 ut
2745 2124 2821 2178 sis
2854 2125 3154 2194 particeps
3198 2138 3212 2176 :

1984 2213 2240 2284 Istisque
2272 2213 2451 2267 vitam
2478 2211 2756 2267 claudere
2781 2212 2840 2267 in
2869 2211 3079 2267 studiis
3102 2211 3285 2281 juvet.

2270 2302 2376 2355 XV.
2409 2332 2473 2341 —
2505 2301 2575 2356 In
2603 2307 2863 2357 sartores
2887 2316 2987 2357 seu
3016 2300 3345 2356 vestiarios.

1983 2392 2099 2446 Vos
2121 2389 2455 2445 administri
2481 2394 2537 2445 et
2566 2390 2850 2460 praesides
2890 2388 3187 2461 potissimi

1985 2479 2182 2536 Cultus
2211 2480 2452 2549 domus,
2485 2478 2685 2550 reique
2716 2479 3027 2543 vestiarius,

1984 2569 2100 2623 Nec
2123 2566 2443 2622 difﬁcultas
2468 2583 2657 2638 parva
2686 2572 2883 2622 vestro
2913 2568 2974 2622 in
3004 2580 3269 2631 munere,

1985 2656 2099 2712 Sed
2125 2672 2269 2712 cura
2289 2659 2441 2711 certe
2472 2655 2749 2727 plurima,
2777 2660 2835 2710 et
2865 2655 3150 2721 studium,
3178 2661 3233 2709 et
3262 2653 3451 2720 labor,

1983 2747 2182 2805 Suere.
2221 2760 2465 2810 novare,
2494 2744 2771 2810 colluere,
2805 2744 3130 2815 detergere,

1980 2833 2252 2889 Dividere
2282 2832 2519 2904 cuique,
2554 2837 2715 2888 recta
2736 2833 2900 2904 quod
2930 2833 3078 2888 ratio
3104 2835 3325 2897 monet,

1981 2925 2107 2978 Non
2139 2927 2293 2977 sorte
2323 2921 2559 2986 eadem,
2592 2937 2797 2976 verum
2833 2937 3038 2976 amore
3069 2921 3231 2975 haud
3273 2917 3521 2990 dispari,

1982 3010 2214 3081 Quippe
2244 3009 2390 3065 alter
2419 3009 2603 3064 altero
2632 3010 2711 3064 ob
2740 3009 3010 3065 laborem
3043 3013 3132 3064 est
3158 3008 3416 3078 dignior.

1980 3098 2179 3154 Videte
2209 3114 2389 3169 porro
2411 3098 2658 3168 provide
2688 3098 2779 3153 his
2810 3098 3147 3166 fungamini
3185 3112 3200 3148 :

1981 3186 2259 3246 Mercedis
2282 3191 2344 3241 ut
2378 3187 2455 3242 ab
2485 3186 2585 3241 illo
2614 3186 2815 3242 feratis
2844 3188 3120 3255 gratiam.

1983 3281 2237 3350 Equata
2264 3274 2486 3331 meritis
2518 3275 2621 3349 qui
2645 3274 2916 3346 rependit
2945 3275 3215 3346 praemia.

2447 3366 2580 3421 XVI.
2616 3393 2681 3405 --
2712 3364 2784 3419 In
2811 3364 3186 3420 excitatores.

1982 3458 2097 3512 Nec
2135 3470 2358 3527 parvus
2390 3454 2542 3509 inter
2571 3457 2815 3508 caeteros
2847 3452 3018 3508 vobis
3048 3452 3240 3518 labor,

1982 3544 2348 3600 Exsuscitate
2378 3542 2786 3599 somnolentos
2818 3556 3170 3611 congreges,

1984 3636 2326 3705 Locumque
2356 3633 2413 3686 in
2449 3648 2635 3687 unum
2662 3637 2827 3702 parte
2868 3633 2944 3686 ab
2973 3631 3137 3686 omni
3170 3644 3404 3701 cogere.

1981 3721 2169 3778 Simul
2208 3736 2350 3791 ergo
2379 3721 2524 3790 ligni
2560 3726 2702 3776 nota
2731 3720 3041 3792 personuit
3070 3719 3239 3785 tuba,

1983 3814 2110 3867 Mox
2141 3810 2490 3881 angelorum
2526 3825 2690 3865 more
2712 3825 2954 3864 cursum
2988 3810 3279 3864 intendite

1982 3898 2170 3956 Cellas
2199 3915 2306 3971 per
2329 3914 2562 3962 omnes,
2600 3903 2750 3954 tecta
2776 3914 2882 3970 per
2911 3897 3149 3953 cubilia.

1985 3988 2178 4044 Divini
2216 3987 2294 4044 ad
2324 3988 2585 4060 hymnos
2614 3989 2861 4042 excitate
2908 3987 3209 4050 carminis,

1986 4079 2051 4133 Et
2092 4076 2323 4132 Domini
2353 4078 2429 4131 ad
2458 4074 2652 4129 aedem
2678 4074 2884 4129 sedulo
2913 4074 3269 4144 compellite,

1985 4164 2266 4230 Interdiu,
2301 4167 2625 4235 noctuque,
2659 4179 2764 4218 seu
2797 4162 3064 4228 meridie,

1986 4256 2178 4311 Unum
2206 4257 2523 4309 evocantes
2554 4266 2857 4323 quemque
2886 4266 3071 4323 quam
3107 4249 3423 4306 scitissime
3457 4265 3471 4306 :

1991 4346 2098 4399 Vos
2129 4341 2481 4412 congruenti
2511 4339 2762 4412 praemio
2797 4345 2859 4395 ut
2883 4344 3244 4409 remuneret,

1986 4431 2097 4499 Qui
2124 4437 2340 4487 cuncta
2368 4430 2541 4501 justis
2573 4430 2677 4484 rite
2707 4429 2959 4500 partitur
2987 4428 3203 4484 modis.

2271 4521 2425 4575 XVII.
2458 4548 2527 4559 —
2554 4518 2627 4573 In
2662 4533 2959 4588 agrorum
2991 4524 3355 4575 curatorem.

1988 4609 2196 4665 Divina
2222 4624 2312 4663 res
2343 4613 2434 4663 est
2458 4608 2719 4678 compati
2758 4622 3056 4676 aegrorum
3090 4607 3286 4662 malis.

1984 4699 2101 4754 Has
2126 4714 2269 4767 ergo
2302 4702 2498 4769 partes
2527 4696 2850 4759 sustinens,
2892 4695 2995 4761 fili,
3028 4695 3226 4761 stude,

1985 4789 2261 4859 Prompte
2291 4801 2359 4840 ac
2388 4785 2654 4851 libenter,
2698 4800 2878 4855 quem
2913 4789 3099 4849 tenes,
3139 4798 3389 4839 cursum
3420 4782 3626 4856 sequi:

1986 4878 2158 4932 Lecto
2178 4875 2447 4945 jacentes
2480 4873 2611 4928 luce
2644 4874 2839 4944 prima
2864 4872 3139 4936 invisere,

1983 4963 2370 5034 Primumque
2394 4962 2631 5017 blandis
2662 4961 2979 5017 confovere
3018 4959 3302 5016 affatibus
3332 4977 3346 5016 :

1984 5056 2123 5109 Post
2147 5052 2276 5106 haec
2301 5055 2514 5122 parata
2544 5050 2941 5105 condeceuter
2966 5048 3253 5114 inferens,

1982 5141 2056 5196 Ut
2083 5139 2298 5212 cuique
2323 5139 2648 5211 quadrant,
2677 5139 2981 5193 esculenta
3012 5137 3232 5192 div‘ide.

1984 5233 2137 5287 Cave
2163 5229 2468 5301 relinquas
2501 5227 2843 5299 proximum
2878 5246 2891 5287 :
2922 5242 3063 5298 pars
3105 5231 3191 5282 est
3220 5226 3327 5282 tui.

1983 5320 2138 5375 Dum
2168 5318 2251 5373 sic
2278 5318 2600 5383 ministras,
2627 5330 2847 5384 magna
2874 5330 3103 5369 merces
3134 5320 3186 5370 te
3215 5318 3437 5381 manet,

1986 5409 2107 5463 Lux
2131 5406 2514 5478 sempiterna,
2547 5420 2677 5459 sors
2714 5404 2889 5459 beata
2915 5402 3199 5457 cmlitum.

2388 5493 2579 5548 XVIII.
2617 5521 2677 5532 -
2710 5491 2782 5548 In
2811 5494 3188 5561 aegrotantes.

1983 5582 2115 5642 Mihi
2141 5582 2268 5648 rite,
2299 5581 2404 5649 fili,
2433 5596 2654 5638 munus
2678 5581 2793 5641 hoc
2824 5578 3022 5639 morbi
3048 5593 3197 5653 cape
3229 5594 3241 5637 :
