4038 6312
408 185 562 261 ’1787

426 323 693 380 Caelestis
720 324 835 381 ista
859 329 944 380 est
974 340 1120 381 cura
1143 325 1547 398 providentiae.

423 414 530 469 Fer
546 415 853 469 aestuantis
886 413 1110 469 fortiter
1139 414 1452 470 ﬂammam
1477 413 1637 484 mali,

423 504 487 557 Et
519 501 999 558 molli-habendas
1030 519 1162 558 rore
1187 505 1348 573 tinge
1380 504 1604 572 gratiae.

420 591 530 646 Job
564 590 867 653 mmulare.
901 595 1068 661 paria
1099 609 1236 647 cum
1266 595 1389 648 viro
1419 591 1691 664 loquens,

416 680 532 745 Qui
559 695 668 736 nec
694 681 998 751 loquendo
1029 681 1224 751 decipi
1258 697 1321 736 se
1360 697 1574 752 passus
1603 686 1712 736 est.

425 769 480 824 Si
509 767 655 823 forte
681 770 887 824 transit
907 771 1235 841 quispiam,
1269 769 1428 825 haud
1464 785 1636 824 cerne
1661 775 1715 824 et
1742 773 1891 835 tace,

424 857 745 912 Contentus
767 857 884 921 illa,
913 874 1098 929 quam
1129 859 1206 913 tui
1239 875 1446 913 curam
1480 865 1711 926 gerunt,

427 948 496 1002 Ut
525 944 688 1000 sicin
711 955 871 1014 aegro
892 962 995 1001 cor
1019 947 1336 1003 hilarescat
1373 962 1642 1018 corpore.

953 1045 1077 1100 XIX.
1110 1075 1177 1086 —
1209 1045 1280 1100 In
1311 1051 1558 1101 sutores.

427 1143 470 1197 Ο
497 1145 763 1212 quantus
804 1143 944 1197 artis
970 1147 1061 1197 est
1097 1144 1291 1199 honos
1325 1144 1563 1199 sutorite
1594 1143 1606 1198 l

426 1235 533 1284 Ars
566 1245 782 1301 nempe
815 1232 974 1287 Pauli
1012 1234 1259 1288 maximi
1290 1239 1380 1289 est
1405 1233 1678 1304 apostoli.

427 1318 566 1388 Ejus
592 1319 868 1375 laborum
899 1323 1202 1391 provocati
1236 1323 1546 1385 memoria,

429 1407 696 1477 Perferte,
730 1409 883 1463 velut
912 1411 1220 1478 operarios
1244 1411 1454 1465 Christi
1482 1411 1668 1477 decet,

429 1497 590 1562 Quos
617 1496 744 1552 haec
782 1498 840 1552 in
871 1498 1051 1554 horas
1081 1515 1224 1554 cura
1255 1499 1502 1553 sudores
1529 1504 1704 1554 creat.

431 1585 612 1640 Sectis
637 1585 916 1641 decenter
943 1587 1220 1658 pellibus.
1250 1595 1543 1660 quantum
1578 1595 1666 1642 est
1691 1603 1864 1658 opus,

428 1673 635 1729 Vetera
664 1674 961 1744 innovate,
991 1676 1208 1731 deinde
1236 1693 1394 1732 nova
1425 1677 1808 1748 compingite,

429 1765 544 1817 Nec
575 1763 907 1835 quidquam
930 1766 1097 1820 inerti
1127 1766 1392 1837 projicite
1423 1766 1716 1831 socordia,

429 1851 602 1917 Quod
630 1852 791 1908 velut
821 1855 1086 1926 ineptum
1119 1855 1330 1925 projici
1359 1869 1478 1910 non
1510 1854 1727 1911 debeat
1759 1870 1770 1911 :

430 1941 510 1995 Ne
535 1940 679 2012 quid
711 1942 970 1997 vicissim
1001 1944 1239 2014 parcius
1266 1944 1572 1999 concidite.

431 2031 575 2084 Nam
608 2037 820 2085 cuncta
848 2035 1000 2087 recte
1037 2033 1083 2087 si
1117 2033 1336 2103 geritis,
1370 2038 1548 2106 atque
1578 2034 1805 2101 ordine,

433 2119 540 2174 Par
562 2117 720 2175 lucta
750 2119 920 2175 vobis
951 2127 1280 2194 martyrum
1311 2127 1402 2177 est
1431 2123 1762 2180 certamini.

877 2220 978 2274 ΧΧ.
1013 2249 1078 2260 -
1098 2221 1171 2274 [η
1202 2220 1638 2276 dormitorium.

433 2315 747 2370 Sommum
775 2315 1047 2372 levandis
1079 2319 1182 2387 qui
1211 2318 1425 2373 dedisti
1454 2319 1754 2385 sensibus,

432 2403 646 2473 Longae
684 2403 800 2458 diei
829 2420 986 2476 quos
1026 2404 1266 2461 labores
1299 2411 1576 2469 atterunt,

428 2491 558 2546 Mihi
590 2507 890 2561 soporem,
934 2494 1158 2549 Christe
1199 2495 1301 2560 mi,
1344 2495 1600 2551 Verbum
1637 2498 1754 2562 Dei,

428 2580 530 2644 Da,
554 2594 785 2650 quaeso,
819 2581 1072 2647 facilem,
1101 2582 1181 2637 da
1211 2583 1376 2639 brevi
1402 2600 1579 2639 cursu
1608 2585 1818 2651 levem,

429 2670 496 2724 Et
524 2667 879 2724 turbulentis
906 2669 1160 2725 liberum
1189 2672 1647 2742 phantasmatis,

432 2757 851 2812 Desiderandis
882 2757 1227 2815 afﬂuentem
1259 2761 1525 2817 somniis.

428 2846 574 2900 Tum
603 2861 696 2900 me
722 2848 988 2902 vocantis
1017 2849 1242 2905 suscita
1263 2849 1341 2904 ad
1372 2849 1514 2919 ligni
1548 2869 1788 2920 sonum,

430 2935 975 3005 Exspergefactum.
1010 2937 1267 2994 alacrem
1297 2944 1356 2994 et
1381 2946 1588 3012 aptum
1614 2944 1933 3012 eantibus,‘

426 3023 684 3078 Stabiles
717 3024 774 3079 in
803 3025 1046 3094 hymnis
1077 3027 1183 3083 rite
1208 3028 1576 3084 conﬁrmans
1608 3031 1812 3102 pedes,

425 3113 671 3169 Mentem
700 3129 735 3168 ιι
766 3116 1054 3185 protervis
1082 3115 1649 3174 daemonumtutans
1681 3121 1855 3188 dolis,

426 3200 752 3272 Clarosque
773 3201 992 3271 linguai
1018 3205 1171 3259 dans
1203 3206 1436 3275 modos,
1468 3209 1639 3280 queis
1661 3209 1936 3282 gloriam,

425 3287 686 3361 Tumque
715 3289 924 3355 laudes
952 3291 1182 3347 intonet
1210 3295 1488 3364 potentiae
1521 3316 1533 3355 :

428 3380 498 3434 Ut
523 3379 606 3433 sic
633 3385 875 3450 peracta
898 3386 1070 3436 nocte
1096 3398 1302 3452 purus,
1330 3383 1556 3441 lumine

425 3469 648 3537 Legum
675 3472 913 3524 tuarum
942 3470 1210 3540 perfruar
1234 3471 1522 3530 diluculo.

761 3566 890 3622 XXI.
929 3596 982 3609 -
1009 3568 1079 3624 In
1105 3567 1314 3626 divites
1339 3584 1410 3625 ac
1425 3586 1741 3642 pauperes.

427 3663 714 3718 Memento
740 3664 841 3735 qui
873 3664 972 3729 sis,
996 3680 1032 3720 ο
1058 3664 1262 3732 homo,
1292 3667 1393 3738 qui
1425 3669 1787 3742 impendeat,

429 3753 621 3817 Quam
647 3752 852 3807 sedem
882 3752 1201 3821 inhabites,
1229 3772 1350 3828 quo
1374 3757 1757 3828 migrandum
1791 3761 2072 3836 denique,

428 3840 515 3895 Ad
540 3856 757 3912 supera
782 3856 1025 3913 prorsus
1052 3843 1226 3900 tende
1250 3846 1408 3900 curis
1428 3847 1732 3904 omnibus.

431 3927 687 3985 Plurima
711 3929 792 3986 ibi
822 3930 945 3996 lux,
975 3936 1035 3987 at
1073 3948 1254 4004 poena
1285 3949 1463 4006 porro
1492 3935 1857 3995 indesinens.

434 4019 530 4075 Hic
560 4020 856 4092 quidquid
885 4026 989 4087 est,
1020 4021 1078 4077 id
1106 4040 1274 4093 aura,
1304 4023 1546 4088 ﬂuctus,
1580 4029 1906 4087 somnium.

431 4109 712 4180 Liquatur
736 4126 972 4180 aurum,
1007 4111 1138 4167 laus
1165 4115 1332 4184 perit,
1366 4114 1479 4172 alia
1511 4116 1779 4184 efﬂuunt,

429 4197 812 4270 Planctuque,
835 4198 1236 4273 lacrymisque
1266 4203 1361 4258 hic
1391 4205 1727 4263 redundant
1756 4208 1979 4264 omnia.

431 4289 585 4343 Cave
615 4302 689 4341 ne
715 4288 890 4343 inane
919 4295 1152 4361 tempus
1172 4290 1326 4347 elabi
1355 4294 1538 4363 sinas,

431 4376 600 4441 Quod
631 4391 738 4431 nec
766 4383 922 4432 retro
948 4379 1159 4444 redire,
1187 4396 1293 4436 nec
1320 4382 1440 4438 falli
1467 4389 1678 4454 potest.

897 4476 1046 4532 XXI].
1073 4507 1140 4518 -—
1161 4478 1230 4534 In
1260 4481 1613 4537 mundanas.

435 4569 644 4628 Christi
674 4588 961 4644 sequaces
985 4577 1281 4631 mansueti
1311 4582 1366 4633 et
1395 4579 1623 4649 optimi,

437 4663 552 4717 Cur
579 4659 854 4717 efferatos
887 4663 1107 4718 mutuis
1136 4665 1472 4732 discordiis,

436 4750 574 4822 Ejus
600 4752 971 4807 tremendam
999 4768 1117 4808 non
1140 4754 1324 4824 pudet
1349 4755 1600 4812 domum
1623 4757 1900 4827 ingredi?

436 4839 831 4896 Sacrosancta
853 4845 1015 4897 dona
1043 4843 1353 4913 quomodo
1381 4842 1642 4900 libabitis
1668 4847 1694 4900 ?

435 4931 504 4985 At
534 4929 696 4984 enim
716 4935 771 4986 et
789 4931 971 4985 ludas
999 4931 1184 5003 impio
1209 4931 1502 4988 accedens
1533 4934 1691 4999 dolo,

438 5017 597 5074 Foris
625 5018 914 5084 salutans,
943 5019 1047 5074 sed
1072 5019 1275 5076 furens
1303 5021 1678 5091 intrinsecus,

437 5106 604 5162 Dirus
636 5109 898 5178 magistri
934 5109 1202 5164 venditor
1233 5111 1422 5180 patuit
1446 5113 1557 5168 sui.

436 5197 558 5251 Huc
585 5211 725 5266 ergo
755 5212 828 5252 ne
856 5198 991 5271 quis
1019 5198 1252 5254 hostem
1274 5199 1504 5255 habens
1533 5201 1787 5272 gradum
1812 5201 1958 5259 ferat
1989 5222 2006 5258 .-

439 5286 728 5341 Mucronis
758 5287 950 5344 aciem
981 5287 1204 5358 pectori
1235 5288 1489 5357 inﬁgens
1517 5305 1648 5357 suo,

437 5374 738 5431 Flammas
769 5391 1060 5447 perennes
1086 5378 1311 5448 praemii
1340 5378 1548 5435 referet
1567 5379 1719 5436 loco.

438 5468 574 5524 Haec
598 5482 710 5527 nos
740 5469 1015 5536 scientes,
1050 5467 1224 5526 valde
1249 5483 1524 5526 amemus
1553 5468 1830 5527 invicem.

1684 200 1746 258 S.
1785 195 2148 256 THEODORI
2185 195 2516 254 STUDITAE

2100 320 2148 374 A
2179 321 2471 380 Ἐπισκοπὴ
2497 322 2600 395 γάρ
2629 319 2742 373 ἐστι
2773 320 2911 382 θείας
2943 314 3242 392 φροντίδος.

2179 412 2357 482 Φίροις
2386 409 2601 471 ἀνεκτῶς
2629 417 2720 470 τῆς
2747 413 2970 480 καμίνου
3001 412 3094 465 τὴν
3121 407 3308 479 φλόγα,

2179 498 2260 552 Ἐν
2295 506 2366 569 τῷ
2393 495 2427 550 δ
2429 507 2672 571 ροσισμῷ
2700 507 2795 559 τῆς
2835 496 3278 570 ἀπευχαρίστίας.

2178 586 2298 642 Ἰὼϐ
2324 592 2510 659 γένοιο,
2534 592 2651 649 τοὺς
2681 587 2872 640 ἐκείνου
2904 595 3008 659 φῶν
3036 586 3242 657 λόγους,

2180 676 2288 750 Ἐφ’
2314 678 2388 740 οἷς
2415 677 2660 751 ἁμαρτεῖν
2691 678 2784 731 ούκ
2813 677 2967 737 ἀνῆκε
2990 676 3085 728 κᾶν
3109 676 3271 747 λόγῳ.

2183 765 2288 820 Κᾶν
2311 763 2361 819 δ’
2383 763 2448 818 αὖ
2475 767 2700 841 παρέλθῃ
2733 771 2814 829 τίς
2844 785 2921 831 σε,
2952 771 3024 837 μὴ
3059 763 3278 838 βλέψας,
3308 767 3456 834 σίγα,

2181 853 2262 908 Ἐν
2286 860 2447 906 πᾶσιν
2479 855 2630 907 αἰνῶν
2737 857 2870 908 κατὰ
2896 859 3082 926 χρείαν
3114 850 3264 906 δόσει
3287 869 3299 881 ·

2179 942 2269 999 ‘Iv’
2294 940 2348 996 εὖ
2373 945 2622 1018 παθήσῃς
2640 949 2844 1016 σώματι
2873 948 3003 1017 πρὸς
3030 938 3274 1015 καρδίαν.

2562 1039 2671 1095 ΙΘ’.
2704 1070 2772 1083 -
2803 1041 2903 1100 Εἰς
2940 1043 3093 1100 τοὺς
3119 1044 3391 1098 σκυτεῖς.

2184 1136 2535 1194 Πεδιλοποιῶν
2561 1141 2627 1202 ὡς
2657 1139 2871 1212 ἄριστος
2899 1139 2930 1197 ἡ
2959 1142 3120 1209 τέχνη
3156 1137 3170 1192 ι

2183 1227 2500 1285 Ἀποστόλον
2528 1230 2629 1302 γάρ
2661 1229 2776 1280 ἐστι
2802 1226 3027 1294 Παύλου,
3059 1232 3150 1279 τοῦ
3179 1226 3340 1280 πάνυ.

2180 1318 2461 1379 Ζηλοῦντες
2492 1317 2651 1370 αὐτοῦ
2682 1321 2802 1378 τοὺς
2833 1313 3059 1390 ἱδρῶτας
3088 1323 3184 1367 τῶν
3213 1315 3405 1378 κόπων,

2182 1407 2405 1470 Δέξασθε
2436 1408 2634 1478 θερμῶς
2662 1409 2781 1468 τοὺς
2810 1410 2997 1466 πόνους
3025 1405 3346 1475 καθημέραν,

2178 1495 2268 1558 Ὠς
2293 1495 2505 1568 ἐργάται
2528 1501 2803 1570 Χριστοῖο,
2832 1491 2998 1554 τῆσδε
3028 1487 3322 1565 φροντίδος.

2182 1584 2377 1660 Δίρῥεις
2407 1603 2460 1637 τε
2485 1581 2708 1657 βύρσας,
2741 1585 2808 1645 ὡς
2837 1580 2972 1648 δέον,
2999 1599 3330 1653 τετμηκοτες,

2107 1672 2152 1728 Β
2183 1674 2387 1727 Παλαιὰ
2414 1681 2858 1747 καινουργοῦντες,
2892 1670 3001 1724 εἶτα
3029 1675 3118 1723 καὶ
3138 1673 3244 1734 νέα,

2182 1768 2267 1821 Μὴ
2295 1765 2580 1835 νωθρότητι
2607 1765 2735 1837 πρὸς
2764 1763 3114 1836 παράχρησνν
3138 1759 3311 1830 λόγου,

2180 1850 2520 1916 Ῥιπτοῦντες,
2555 1853 2600 1903 εἴ
2626 1869 2676 1904 τι
2705 1857 2805 1902 τῶν
2834 1850 2986 1924 ῥιφῆς
3014 1848 3110 1900 οῦκ
3151 1846 3326 1911 ἀξίων,

2182 1938 2251 1993 Ἠ
2279 1944 2372 2000 τὴν
2404 1945 2568 2010 τομὴν
2594 1943 2828 2013 φέροντες
2853 1937 3092 2000 ἐλλειπῶς
3129 1937 3277 2009 ὕπερ.

2183 2028 2420 2084 Ἀπαντα
2437 2031 2538 2101 γὰρ
2569 2036 2833 2089 ποιοῦντες
2860 2026 3168 2099 ἀξιοχρίως,

2184 2125 2294 2172 Τῶν
2323 2119 2722 2192 μαρτυρούντων
2747 2117 3014 2181 ἐξανύσετε
3041 2112 3254 2188 δρόμον.

2524 2225 2602 2282 κ’.
2635 2255 2702 2266 -
2733 2224 2838 2285 Εἰς
2875 2227 2942 2276 τό
2981 2225 3432 2296 κοιμητήριον.

2183 2323 2242 2378 Ὀ
2274 2320 2309 2377 δ
2313 2327 2398 2385 οὺς
2423 2327 2511 2376 τόν
2534 2323 2691 2376 ὕπνον
2721 2328 2903 2388 πᾶσιν,
2937 2321 3007 2384 εἰς
3035 2321 3218 2393 λύτρον
3239 2323 3427 2384 πόνων,

2183 2411 2376 2488 Ὦνπερ
2407 2417 2671 2487 παρέσχεν
2702 2414 2731 2471 ἡ
2769 2408 2802 2463 δ
2808 2415 2992 2482 ιαυγὴς
3023 2411 3211 2481 ἡμέρα,

2188 2501 2357 2575 Κᾶμοὶ
2383 2503 2687 2574 παράσχου,
2725 2504 2922 2575 Χριστέ
2945 2519 3066 2572 μου,
3101 2505 3234 2552 Θεοῦ
3268 2499 3424 2568 Δότε,

2187 2597 2386 2664 Κοῦφον
2415 2593 2501 2643 τὸν
2531 2589 2708 2654 ὕπνον,
2750 2585 2857 2648 ἡδύ
2886 2593 2974 2640 καὶ
2999 2591 3142 2658 ταχύ
3171 2584 3386 2660 δρόμον,

2185 2680 2568 2752 Φαντασμάτων
2594 2681 2683 2750 μὲν
2709 2687 2808 2729 τῶν
2838 2685 3008 2728 κακῶν
3040 2675 3344 2746 ἐξωσμένον,

2184 2769 2492 2842 Ὀνειράτων
2523 2764 2580 2820 δι
2610 2774 2709 2819 τῶν
2738 2765 2906 2818 καλῶν
2936 2766 3314 2837 πεπλησμένον.

2185 2862 2286 2912 Καί
2311 2857 2368 2930 μ’
2404 2857 2652 2931 ἐξεγειρον
2682 2861 3137 2928 κρουσματοῦντος
3163 2859 3254 2906 τοῦ
3283 2851 3458 2914 ξύλου,

2181 2947 2496 3011 Ἀνίκλῦτον,
2533 2948 2792 3017 σταθηρόν
2823 2944 3052 3014 εὐθύμως
3083 2939 3250 3013 ᾄδειν,

2109 3021 2149 3079 C
2177 3035 2356 3091 Ἰστῶν
2380 3033 2548 3096 πόδας
2577 3054 2675 3106 μου
2706 3041 2962 3108 καρτερῶς
2990 3031 3037 3084 ἓν
3069 3031 3279 3096 αἰνέσει,

2177 3131 2417 3199 Φρουρῶν
2435 3128 2551 3184 νόας
2575 3143 2676 3196 μου
2699 3120 2960 3194 δαιμόνων
2989 3125 3328 3192 πανουργίας,

2178 3215 2425 3268 Γλῶσσαν
2456 3221 2653 3286 τρανῶν
2681 3231 2780 3284 μου
2809 3215 2936 3285 πρὸς
2955 3213 3013 3262 τὸ
3043 3210 3251 3282 μέλπειν
3273 3206 3511 3268 εὐτόνως.

2177 3304 2261 3364 Εἰς
2291 3301 2449 3366 δόξαν
2476 3306 2628 3355 αῖνων
2655 3309 2744 3354 τοῦ
2771 3305 3022 3373 μεγίστου
3059 3318 3154 3352 σου
3184 3299 3410 3372 κράτους
3439 3315 3454 3328 ·

2175 3393 2352 3455 Ὀπως
2377 3392 2561 3452 τέλειος
2584 3391 2940 3463 νυκτερεύσας,
2970 3388 3240 3462 ὁρθρίσας,

2176 3485 2246 3536 Τὸ
2277 3489 2380 3554 φῶς
2405 3478 2506 3533 ἴδω
2534 3500 2629 3532 σου
2656 3487 2754 3532 τῶν
2786 3478 2994 3531 ἐντολῶν
3033 3478 3274 3553 πρωίθεν.

2359 3578 2484 3632 KA’.
2516 3607 2580 3619 —
2607 3577 2711 3639 Εἰς
2751 3576 3104 3637 πλουσίους
3139 3577 3247 3626 καὶ
3286 3575 3589 3632 πένητας.

2184 3678 2326 3732 ’Ῑσθι
2347 3680 2429 3738 τίς
2457 3675 2544 3741 ὢν,
2576 3673 2832 3749 ἄνθρωπε,
2865 3677 2954 3727 καὶ
2986 3677 3037 3726 τί
3067 3691 3153 3725 σοι
3181 3674 3340 3744 μένει,

2177 3766 2318 3825 Ὀπη
2352 3770 2640 3838 παροικεῖς,
2673 3768 2762 3816 καὶ
2792 3766 3118 3834 μετασταίειν
3143 3762 3302 3832 ἔχεις,

2178 3855 2328 3917 *Ολος
2351 3858 2517 3926 γίνοιο
2548 3855 2677 3927 πρὸς
2711 3851 2755 3904 τ’
2778 3852 2883 3904 ἄνω
2913 3858 2974 3923 τῇ
3005 3845 3264 3923 φροντίδι.

2183 3942 2380 4017 Πλῆρές
2403 3942 2454 4012 γ’
2477 3943 2578 3993 ἐκεῖ
2608 3948 2733 4012 φῶς,
2767 3937 2894 3991 ἀλλὰ
2921 3943 3010 3990 καὶ
3040 3942 3215 4010 κρίσις
3242 3933 3392 3998 ἆληξ.

2179 4038 2263 4103 Τῷ
2294 4028 2416 4104 τῇδ’
2447 4033 2473 4084 ὃ
2503 4030 2548 4083 τ’
2571 4033 2755 4095 εἴποις,
2779 4025 2934 4103 αὖρα,
2956 4029 3099 4102 ῥοῦς,
3127 4030 3216 4078 καὶ
3244 4026 3496 4097 νυκτόναρ

2183 4124 2393 4194 Χρυσὸς
2421 4127 2666 4192 χοοῦται,
2707 4115 2820 4181 δόξ’
2849 4117 3084 4184 ἀπανθεῖ,
3117 4109 3280 4167 τᾶλλα
3296 4113 3393 4188 ῥεῖ,

2182 4209 2502 4273 Πολύστονα,
2537 4209 2770 4280 θρηνηρὰ
2795 4207 2964 4258 πάντα
2983 4199 3228 4268 τάνθάδε,

2181 4299 2311 4371 Ἐχε
2337 4306 2634 4374 προσεκτῶς
2659 4301 2730 4368 μή
2767 4315 2824 4348 σε
2853 4294 3042 4367 κυλίσῃ
3071 4297 3279 4366 χρόνος,

2107 4361 2150 4415 D
2184 4361 2546 4459 oé'ps'mzm
2571 4361 2841 4457 ἄγραιτον,
2875 4384 2904 4443 ἦ
2937 4387 3156 4436 παικτόν
3195 4380 3366 4434 nilus

2595 4481 2712 4537 KB’.
2750 4512 2808 4524 -—
2845 4481 2953 4542 Εἰς
2990 4479 3372 4552 κοσμικούς.

2186 4587 2418 4655 Χριστοῦ
2443 4582 2698 4653 μαθηταὶ,
2729 4586 2820 4631 τοῦ
2847 4577 3007 4630 καλοῦ
3031 4580 3122 4630 καὶ
3149 4579 3354 4651 πραίος,

2185 4678 2352 4729 Μῆνιν
2378 4675 2605 4744 φέροντες
2636 4670 2702 4728 εἰς
2733 4669 2947 4729 ἑαυτοὺς
2974 4675 3089 4729 ταῖς
3125 4668 3348 4738 μάχαις,

2188 4767 2299 4820 Πῶς
2328 4759 2394 4819 εἰς
2419 4762 2475 4810 τὸ
2501 4759 2660 4811 αὐτοῦ
2695 4756 2899 4829 βαίνετε
2931 4757 3144 4828 φρικτόν
3176 4749 3338 4825 δόμον
3368 4771 3380 4819 ς

2186 4854 2366 4923 Δώρων
2388 4848 2657 4918 πανάγνων
2686 4855 2795 4908 πῶς
2820 4843 3051 4917 μεθέξετε
3081 4843 3234 4907 ξενως
3269 4859 3283 4908 ;

2189 4943 2286 4991 Καὶ
2311 4939 2413 5009 μὴν
2443 4933 2649 4997 Ἰούδας
2675 4936 2700 4986 ό
2731 4934 3028 5008 προσελθὼν
3059 4932 3106 4984 ἕν
3138 4928 3297 5001 δόλῳ,

2186 5025 2346 5079 ψιλῶν
2372 5028 2460 5097 μεν
2491 5024 2605 5087 ἔξω,
2639 5031 2834 5096 μηνιῶν
2867 5019 2924 5075 δὲ
2956 5029 3059 5082 τοῖς
3088 5024 3213 5088 ἔσω,

2184 5113 2354 5186 Ὠφθη
2388 5115 2624 5186 μαθητὴς
2656 5115 2929 5187 πεπρακὼς
2959 5115 3045 5163 τὸν
3071 5112 3354 5166 Δεσπότην.

2187 5198 2390 5263 Μηδεὶς
2418 5206 2645 5274 παρείτω
2664 5200 2841 5254 λοιπόν
2882 5195 3168 5274 ἐχθρωδῶς
3198 5200 3354 5269 ἔχων,

2187 5295 2338 5364 Ξίφος
2360 5290 2474 5344 κατ’
2505 5291 2663 5343 αύτοῦ
2702 5291 2944 5360 πηγνύων
2973 5296 3036 5360 τῇ
3065 5282 3282 5362 καρδίᾳ,

2189 5380 2402 5435 Δίώνιον
2431 5387 2534 5452 πῦρ
2561 5374 2848 5451 ἀντίδωρον
2884 5376 3176 5450 λαμϐάνων.

2189 5473 2393 5531 Γνόντες
2416 5470 2481 5524 τὰ
2509 5464 2658 5542 τῇδε,
2686 5467 2986 5542 προσφιλῶς
3015 5473 3230 5541 σχῶμεν
3265 5464 3422 5518 πάνυ.

3367 5364 3385 5393 \

3640 191 3802 254 1788
