4038 6312
283 300 429 363 1789

753 425 871 481 KI".
914 457 974 469 —-
1004 427 1113 490 Εἰς
1151 424 1409 488 όδίτην.

286 514 474 570 Ἐλθὼν
503 517 727 580 καθίζου
750 521 853 578 πᾶς
876 535 953 578 τις
980 516 1175 589 ὕϐρεως
1202 514 1343 589 δίχα
1370 533 1386 549 ’

287 611 421 659 Θεοῦ
445 606 547 679 γάρ
570 603 712 657 ἔστιν
752 602 893 667 οἶκος
922 608 1161 680 ἔνθαπερ,
1193 607 1327 679 φίλε.

290 695 532 764 Κρούσας
563 690 644 759 δε,
670 694 809 757 λέξον
842 695 1036 758 αἰτίαν,
1068 696 1184 749 καθ’
1210 696 1272 755 ἣν
1296 698 1469 769 πάρει,

286 785 421 854 Πρὸς
450 786 636 857 μικρὸν
670 779 793 835 αὖτε
821 786 1171 858 μακροθυμῶν
1201 789 1295 842 τὴν
1321 787 1496 857 φάσιν.

285 869 430 925 Εἳσω
461 868 521 924 δε
551 868 741 945 βαίνων
774 875 868 923 σὺν
909 872 1048 944 φόϐῳ
1076 891 1130 925 τε
1149 878 1238 926 καὶ
1262 876 1426 945 πόθῳ,

284 959 369 1029 Τῷ
393 965 625 1033 Δεσπότη
663 979 758 1013 σου
790 962 883 1022 τὰς
909 964 1216 1034 προσευχάς
1235 981 1331 1015 σου
1353 958 1538 1021 δίδου.

284 1044 466 1105 Μηδεν
498 1045 558 1101 δε
582 1050 748 1121 φάσκε
773 1057 873 1101 τῶν
903 1055 1137 1122 ματαίων
1166 1059 1257 1104 τοῦ
1284 1050 1428 1124 βίου,

284 1138 661 1209 Συντυγχάνων
689 1157 750 1209 γε
778 1146 884 1199 τοῖς
915 1146 1141 1211 φυγοῦσι
1162 1142 1246 1192 τόν
1269 1136 1385 1213 βίον
1402 1157 1413 1169 ·

283 1221 421 1278 Ἀλλ’
461 1228 506 1278 εἰ
532 1245 584 1278 τι
617 1229 820 1298 σεμνὸν,
843 1229 889 1279 εἰ
913 1246 963 1279 τι
991 1230 1204 1301 τερπνὸν
1226 1227 1274 1280 ἕν
1298 1228 1489 1300 λόγοις,

280 1310 371 1367 Ἰν’
404 1313 601 1386 εὐαγῶς
630 1313 849 1381 ἂνθίνδε,
876 1322 963 1368 καὶ
995 1322 1282 1389 σωτηρίως,

284 1402 446 1456 Πάλιν
478 1409 780 1478 στροφήσης
811 1404 880 1467 εἰς
910 1408 977 1459 τὰ
1003 1406 1172 1459 οἰκεῖα
1198 1410 1424 1480 τρέχων.

606 1579 720 1635 KA'.
754 1611 824 1622 —
854 1582 965 1643 Εἰς
1001 1584 1148 1644 τοὺς
1186 1587 1554 1656 παριόντας.

284 1675 404 1731 Πῶς
431 1688 525 1723 σου
557 1672 749 1745 πορεύῃ
777 1675 871 1730 τὴν
898 1668 1042 1738 ὁδὸν,
1072 1670 1203 1744 φίλε,
1234 1676 1447 1725 σκόπει’

282 1762 389 1817 Τὴν
414 1763 707 1832 πρακτικὴν
739 1757 799 1813 δε
822 1760 1041 1825 λεκτέον,
1072 1765 1161 1813 καὶ
1190 1763 1469 1831 γνωστέον.

285 1853 540 1922 Κρημνοὶ,
563 1848 739 1920 λόχοι,
774 1851 1013 1923 θήρατρα
1035 1848 1200 1902 πολλὰ
1215 1858 1307 1902 τοῦ
1336 1849 1556 1915 Πλάνου,

281 1937 361 1990 Τὰ
390 1932 449 1989 δε
478 1939 673 2009 φθόνοι,
705 1938 941 2009 γελωτες,
973 1939 1163 2013 ὕϐρεως
1190 1944 1356 2013 κόροι,

284 2031 527 2098 Πορνεία,
556 2025 708 2093 δόξα,
740 2031 1033 2103 χρημάτων
1060 2032 1205 2101 ἔρως,
1232 2033 1395 2101 φόνοι,

282 2117 452 2181 Μέθη,
475 2116 663 2180 κλοπὴ,
695 2122 932 2190 μοιχεία,
965 2123 1055 2171 καὶ
1085 2124 1186 2171 πᾶν
1207 2118 1331 2171 ἄλλο
1360 2138 1433 2185 τι,

283 2207 368 2261 Μὴ
394 2213 676 2279 προσπαρῇ
687 2228 708 2270 ς
739 2226 860 2273 που,
892 2211 965 2279 μὴ
1000 2212 1163 2281 πέσῃς
1187 2217 1376 2280 πτῶμα
1398 2212 1534 2280 μέγα
1563 2231 1611 2273 b.

285 2292 394 2346 Κᾶν
427 2294 767 2365 συμϐέϐηκεν,
797 2296 1055 2360 ἄξανάστα
1078 2305 1149 2368 τῷ
1180 2299 1337 2369 τάχει
1366 2332 1380 2348 .

279 2380 426 2435 Ἐπεὶ
452 2387 614 2458 πυρός
645 2381 769 2443 δίκη
804 2404 864 2438 σε
889 2388 1172 2458 παμφάγου
1203 2390 1361 2459 μένει.

488 2471 703 2528 ΚΕ’.-
735 2474 1151 2549 Ἐπίγραμμα
1177 2475 1263 2536 εἷς
1302 2478 1415 2533 τὴν
1453 2479 1672 2548 μονήν.

282 2559 570 2633 Προαύλιον
604 2565 804 2635 πέφηνα
833 2567 1059 2635 ποίμνης
1088 2563 1281 2624 αἰσίας.

279 2654 385 2702 Τοῦ
416 2658 731 2723 φεροταγοΰς
756 2664 780 2695 ο
808 2654 910 2724 ’γάρ
943 2653 1047 2725 εἰμι
1078 2649 1545 2728 φωτοπροδρόμου,

282 2742 412 2799 Δίας
438 2737 459 2771 ἀ
481 2739 702 2812 λογικῶν
724 2742 1029 2815 θρεμμάτων
1067 2742 1231 2800 πεπλη
1244 2746 1450 2815 σμένης,

276 2824 378 2880 Ὠν
400 2826 516 2901 βίος
542 2829 695 2895 ἄζυξ,
730 2830 797 2882 ὧν
822 2831 971 2892 πόλις
1000 2832 1169 2903 ὕψους
1196 2832 1366 2897 πόλος,

278 2913 378 2969 Ὧν
402 2924 505 2979 πᾶς
533 2918 749 2981 ἕκαστος
776 2925 863 2973 καὶ
896 2922 1071 2982 καθεὶς
1094 2919 1237 2983 ἅπαξ
1276 2922 1436 2993 πόθῳ,

276 3002 377 3058 Ὠν
406 3005 607 3067 οὗτινός
636 3027 683 3059 τι
710 3016 802 3061 τοῦ
831 3028 890 3078 γε
918 3010 1125 3061 πάντων
1148 3010 1449 3082 κτημάτων.

286 3094 484 3167 κλῆρος
510 3098 611 3169 γὰρ
643 3096 820 3159 αὐτοῖς
848 3099 878 3157 ἡ
904 3105 1039 3151 Θεοῦ
1072 3102 1265 3170 σχίσις
1285 3102 1439 3171 μόνη.

273 3180 367 3243 Ὠς
393 3183 594 3257 ἀσφαλὴ
606 3206 646 3251 ς,
680 3188 742 3245 ὡς
768 3185 948 3248 ἐσθλός
972 3190 1193 3246 ἧνυσται
1226 3183 1443 3260 δρόμος,

282 3279 393 3325 Τῶν
420 3274 757 3337 κοινοϐιακῶς
788 3284 1076 3347 πανταχῶς
1099 3274 1382 3337 ἐζηκότων.

630 3356 776 3429 κζ’.
817 3392 886 3405 —--
918 3364 1029 3427 Εἷς
1066 3367 1172 3416 τὸν
1210 3365 1525 3440 πυλωρόν.

276 3447 425 3505 Ἐσω
452 3458 721 3524 παρεστὼς
748 3455 987 3525 ἔνθαπερ,
1019 3456 1213 3521 τέκνον,
1248 3454 1387 3527 φόϐῳ
1419 3471 1435 3487 ο

277 3539 421 3599 Πύλη
452 3543 553 3614 γάρ
580 3540 695 3595 ἔστι
735 3544 870 3602 θείας
891 3539 1254 3605 εἰσοδεξοδου,

276 3625 458 3694 Δίδου,
492 3626 676 3701 δίχοιο
713 3633 802 3691 τὰς
833 3633 1017 3702 φάσεις
1047 3630 1095 3682 ἕν
1124 3636 1422 3705 συγκρίσει,

273 3712 525 3789 Ἀγγελλε
545 3726 714 3772 ταῦτα
734 3728 832 3772 τῶν
854 3721 958 3772 ὅσα
985 3723 1177 3793 πρίπον
1209 3722 1383 3793 φάναι,

276 3810 406 3877 Σίγα
436 3803 485 3860 δ’
517 3806 684 3860 ἐκεῖνα
712 3816 812 3859 τῶν
830 3809 928 3860 ὅσα
949 3806 1145 3881 βλάϐην
1180 3813 1338 3882 φέρει,

273 3900 393 3957 Τοῖς
423 3892 589 3963 ἔνδον,
620 3897 733 3961 ἔξω,
763 3895 857 3948 κᾶν
886 3894 1147 3969 ἀδελφοῖς,
1180 3897 1275 3949 κᾶν
1298 3899 1478 3963 ξένοις,

276 3982 490 4049 Κλείων,
522 3983 738 4058 ἀνοίγων
768 3989 898 4060 πρὸς
929 3982 987 4037 δε
1021 3990 1221 4059 καιρὸν,
1249 3988 1327 4049 οἷς
1354 3991 1585 4061 πρέπειν.

277 4076 484 4145 Πτὼχῳ
512 4093 567 4126 τε
590 4080 775 4147 χρείαν
792 4083 963 4147 νεῖμον
998 4090 1010 4104 ⁶
1042 4073 1086 4127 εἰ
1113 4072 1171 4127 δὲ
1201 4082 1295 4146 μή,
1325 4076 1495 4147 λόγον.

276 4161 457 4225 Οὕτως
480 4165 581 4237 γὰρ
604 4164 733 4227 ἕξεις
760 4166 951 4236 μισθὸν
980 4163 1028 4215 ἐν
1054 4167 1405 4239 παραστάσει.

279 4250 407 4309 KZ’.
460 4283 530 4294 —
578 4252 684 4314 Εἷς
722 4252 1166 4327 ἀπερχόμενον
1207 4251 1483 4327 ἀδελφὸν
1522 4256 1614 4318 εἰς
1652 4253 1872 4310 διακο-

996 4346 1157 4377 νιαν.

274 4416 403 4485 Πρὶν
430 4413 718 4486 ἓκπορεύσῃ
751 4418 845 4471 τὴν
871 4413 1036 4471 πύλην
1068 4417 1284 4481 ταύτην,
1316 4420 1477 4483 τέκος,

273 4498 549 4577 Σφραογίδα
577 4505 824 4577 προσθεὶς
849 4502 916 4562 εὶς
936 4502 1073 4555 άπαν
1104 4504 1287 4575 μέλους
1316 4509 1472 4558 τόπον
1496 4525 1511 4539 υ

272 4590 378 4646 Ἴθι
403 4594 533 4665 πρὸς
560 4593 728 4663 ἅσπερ
759 4591 1078 4664 ἐξεπέμφθης
1107 4590 1404 4663 φροντίδας,

276 4681 430 4734 Κάτω
454 4684 698 4741 νενευκὼς
719 4678 1056 4752 ἐξωθούμενος
1083 4678 1298 4753 βλάϐας,

272 4770 503 4841 Ψαλμόν,
524 4773 832 4843 προσευχὴν
857 4776 968 4821 ταῖν
1001 4766 1149 4821 δυοῖν
1181 4769 1229 4822 ἓν
1260 4771 1578 4845 προσλέγων,

268 4861 370 4919 Τὰς
395 4854 635 4910 ἂστικώδ
640 4877 711 4920 εις
741 4857 1083 4930 ἕξωθούμενος
1115 4856 1331 4931 βλάϐας.

271 4950 487 5018 Φεύγοις
513 4946 719 5019 γυναιξὶ
753 4955 1136 5019 συστραφῆναι,
1170 4946 1263 4998 κᾶν
1283 4951 1423 5022 τύχῃ
1461 4969 1473 4983 ·

272 5040 521 5109 Στραφεὶς
555 5033 613 5089 δὲ
640 5038 797 5107 τάχει
826 5044 920 5098 τῆς
951 5045 1112 5107 μονῆς
1149 5040 1274 5089 εἴσω
1304 5041 1438 5109 μένε,

271 5126 355 5184 Μὴ
380 5126 552 5198 ὥσπερ
586 5125 743 5196 ἰχθὺς
770 5123 919 5185 ἄλλος
943 5137 967 5168 θ
993 5125 1171 5187 ἔξωθεν
1199 5128 1373 5199 θάνῃς.

275 5214 401 5268 KH'.
448 5244 501 5253 —
561 5214 667 5275 Εἰς
708 5215 1203 5287 ὑποστρέφοντα
1243 5212 1524 5289 ἀδελφόν
1565 5215 1684 5271 ἀπὸ
1727 5214 1868 5272 δια-

955 5289 1193 5347 κονίας.

273 5372 436 5427 Πάλρν
457 5378 776 5448 στροφήσας,
803 5376 997 5441 τίκνον,
1038 5375 1092 5426 ἐκ
1118 5382 1208 5436 τῆς
1236 5373 1525 5451 φροντίδος,

1851 304 2083 365 IAMBI.
3497 291 3640 355 I790

2458 430 2641 488 XXIII.
2666 461 2733 472 —
2765 430 2834 486 In
2863 430 3172 487 viatorem.

1987 520 2195 577 Procul
2224 520 2444 589 hospes
2475 536 2717 576 omnem
2749 518 2899 591 pelle
2932 515 3394 575 contumeliam:

1988 611 2084 664 Est
2114 625 2288 664 sacra
2312 610 2483 665 sedes
2502 624 2688 678 quam
2711 609 2879 680 petis,
2910 607 3129 663 domus
3158 605 3278 659 Dei.

1988 698 2306 763 Pulsando,
2339 714 2608 764 causam,
2640 714 2744 753 cur
2770 699 2957 760 venis,
2985 696 3262 757 edissere,

1988 789 2316 859 Responsa,
2349 793 2485 859 post
2515 787 2662 853 haec,
2694 788 2968 858 opperire
2998 783 3328 856 paululum.

1989 877 2135 931 Cum
2167 876 2346 932 limen
2376 877 2575 938 intras,
2613 877 2788 931 misto
2819 890 3026 931 amore
3056 890 3192 929 cum
3222 872 3401 931 metu.

1990 965 2283 1021 Solvenda
2312 966 2572 1036 primum
2604 970 2745 1021 vota
2775 964 2861 1021 fer
2883 964 3133 1019 Domino
3158 959 3432 1015 omnium
3456 973 3469 1012 :

1993 1054 2210 1109 Deinde
2240 1069 2381 1109 cave
2412 1055 2623 1109 inanes
2651 1053 2850 1108 saeculi
2881 1066 3074 1121 nugas
3098 1049 3299 1121 loqui:

1990 1142 2181 1209 Nefas,
2216 1143 2459 1212 fugaces
2489 1158 2628 1197 cum
2649 1142 2975 1215 alloquaris
3006 1139 3241 1195 saeculi:

1992 1230 2105 1287 Sed
2135 1246 2389 1303 qumque
2418 1232 2691 1297 honesta,
2723 1246 2979 1302 quaeque
3006 1229 3167 1284 dictu
3193 1223 3423 1290 suavia,

1993 1322 2096 1388 Da,
2127 1319 2331 1385 redde,
2363 1320 2545 1376 verba
2572 1320 2841 1390 singulis,
2874 1326 2936 1374 ut
2966 1317 3280 1374 convenit:

1994 1410 2061 1464 Ut
2086 1409 2414 1465 sanctitatis
2439 1425 2509 1465 ac
2536 1409 2743 1465 salutis
2769 1409 3019 1478 praemio

1990 1502 2232 1568 Auctus,
2262 1502 2509 1569 penates
2536 1497 2745 1553 melior
2763 1497 2902 1552 hinc
2928 1500 3164 1566 repetas
3191 1498 3342 1550 tuos.

2391 1587 2566 1643 XXIV.
2595 1616 2662 1627 -—
2688 1587 2756 1642 In
2782 1587 3232 1656 praetereuntes.

1989 1674 2255 1745 Attende,
2291 1675 2502 1739 amice,
2531 1676 2633 1747 qui
2669 1680 2828 1731 tuam
2855 1691 3068 1743 carpas
3101 1673 3283 1740 viam,

1910 1756 1956 1811 Β
1986 1765 2174 1832 Viam,
2203 1781 2274 1820 ne
2304 1765 2563 1831 aberres,
2596 1765 2901 1820 actionum
2931 1761 3212 1832 intelligo.

1987 1853 2271 1924 Abrupta,
2308 1854 2528 1925 laquei,
2561 1853 2835 1923 plurimae
2860 1853 2954 1908 hic
2988 1851 3228 1906 fraudes
3255 1847 3438 1904 Plani:

1987 1942 2236 2007 Invidia,
2270 1943 2447 2008 risus,
2482 1942 2788 2013 multiplex
2819 1941 3055 2012 injuria,

1989 2031 2214 2101 Libido,
2247 2031 2443 2086 laudis
2476 2036 2532 2087 et
2559 2047 2745 2102 opum
2773 2045 2966 2095 amor,
3000 2026 3216 2092 cades,
3240 2039 3493 2089 merum,

1988 2120 2237 2189 Rapina,
2269 2119 2652 2185 adulterium,
2680 2122 2738 2174 et
2762 2118 2927 2190 quod
2958 2120 3314 2187 estusquam
3344 2111 3506 2169 mali.

1989 2207 2237 2263 Deﬂecte
2271 2208 2478 2279 procul
2508 2208 2624 2273 bis,
2657 2224 2731 2263 ne
2758 2206 2924 2276 gravi
2953 2206 3130 2278 lapsu
3156 2218 3316 2259 ruas.

1990 2296 2046 2352 Si
2076 2299 2290 2353 cadere
2318 2297 2587 2367 contigit,
2613 2298 2771 2369 erige
2802 2294 3100 2365 extemplo
3129 2292 3423 2364 gradum:

1988 2388 2134 2442 Nam
2167 2391 2219 2441 te
2240 2387 2475 2443 voracis
2505 2386 2798 2458 supplicia
2824 2386 3089 2441 ﬂamma:
3126 2385 3388 2437 manent.

2202 2477 2353 2532 XXV.
2380 2505 2448 2516 -
2465 2476 2857 2546 Epigramma
2881 2476 2945 2530 in
2975 2469 3425 2529 monasterium.

1988 2564 2191 2635 Gregis
2221 2564 2515 2636 auspicati
2543 2566 2675 2635 jure
2704 2581 2800 2620 me
2830 2563 3069 2620 caulam
3099 2576 3297 2616 voces.

1990 2657 2134 2712 Sum
2156 2668 2418 2725 namque
2444 2654 2641 2709 lucem
2672 2652 2992 2724 praeeuntis
3023 2647 3347 2714 Prodromi,

1990 2743 2208 2799 Ovibus
2230 2742 2444 2799 referta
2467 2742 2682 2798 mentis
2712 2758 2823 2797 usu
2854 2739 3136 2812 prmditis,

1989 2832 2167 2899 Queis
2198 2830 2315 2888 vita
2345 2831 2580 2896 caelebs,
2614 2831 2821 2887 civitas
2844 2844 3082 2884 sursum
3111 2831 3200 2883 est
3224 2825 3422 2897 polus.

1989 2922 2337 2978 Communis
2363 2935 2575 2975 omnes
2606 2920 2788 2975 nectit
2816 2933 2990 2975 amor
3019 2932 3089 2972 ac
3120 2913 3411 2984 singulas,

1988 3008 2347 3079 Nullamque
2374 3009 2659 3080 cuiquam
2686 3006 2995 3079 proprium
3021 3010 3108 3060 est
3133 3002 3456 3085 peculium,

1918 3114 1956 3170 α
1990 3099 2100 3156 Sed
2132 3113 2252 3153 una
2276 3098 2504 3153 cunctis
2531 3112 2681 3161 sors,
2710 3097 2808 3152 Dei
2841 3093 3164 3167 possessio.

1986 3190 2175 3254 Quam
2208 3191 2368 3241 tutus
2398 3186 2531 3251 illis,
2563 3202 2750 3258 quam
2780 3184 2930 3241 levis
2962 3198 3173 3238 cursus
3197 3180 3348 3245 ﬂuit,

1984 3278 2095 3343 Qui
2126 3276 2489 3333 caanobiacis
2518 3275 2751 3344 legibus
2780 3274 2964 3331 vitam
2995 3274 3208 3342 regunt

2441 3365 2611 3421 XXVI.
2645 3394 2710 3404 —
2740 3364 2811 3419 In
2839 3364 3178 3432 ianitorem.

1979 3455 2112 3524 Jugi
2144 3469 2250 3526 per
2273 3453 2453 3509 horas
2486 3452 2740 3517 excuba,
2769 3451 2871 3516 ﬁli,
2904 3456 3097 3505 metu:

1983 3546 2100 3599 Hac
2125 3558 2291 3599 sacer
2317 3543 2512 3599 aditus
2539 3546 2630 3597 est
2654 3543 2966 3610 exitusque
2992 3540 3205 3609 jauua.

1981 3635 2161 3703 Cape,
2184 3631 2366 3688 redde
2396 3647 2595 3697 voces,
2624 3646 2747 3703 qua
2777 3629 2945 3685 decet
2974 3626 3311 3699 prudentia,

1981 3724 2115 3777 Haec
2146 3721 2275 3777 sola
2299 3721 2579 3785 referens,
2612 3720 3033 3790 nuntiarique.
3056 3718 3256 3787 juvet:

1984 3811 2222 3866 Diversa
2248 3810 2447 3876 retice,
2479 3809 2652 3880 queis
2690 3807 2896 3864 subest
2921 3805 3279 3877 periculum,

1978 3899 2165 3964 Intus,
2206 3898 2488 3969 forisque,
2524 3896 2891 3965 domesticis,
2926 3896 3242 3960 extraneis,

1979 3987 2297 4049 Claudens,
2333 3988 2607 4059 aperiens
2638 3985 2911 4055 tempori,
2938 4000 3050 4038 ceu
3084 3982 3383 4039 convenit.

1981 4076 2324 4147 Stipemque
2353 4089 2544 4143 egeno
2575 4074 2796 4137 divide,
2830 4076 2932 4127 aut
2966 4071 3165 4126 verbis
3191 4070 3346 4126 fave.

1981 4164 2072 4220 Sic
2104 4164 2207 4220 tibi
2237 4169 2445 4234 parata
2477 4168 2713 4218 mortuo
2748 4175 2974 4216 merces
3004 4158 3131 4215 erit.

1980 4261 2186 4317 XXVII.
2217 4289 2288 4303 --
2315 4260 2387 4316 In
2406 4261 2664 4329 fratrem
2695 4257 2797 4341 qui
2826 4256 3229 4327 proﬁciscitur
3257 4256 3337 4313 ad
3363 4255 3622 4314 ministe-

2720 4345 2899 4385 mum.

1981 4420 2101 4486 Fili,
2125 4422 2483 4494 priusquam
2511 4419 2785 4491 proferas
2817 4418 2976 4474 tectis
3002 4417 3241 4489 pedem,

1980 4512 2180 4568 Crucis
2220 4511 2376 4566 adde
2405 4508 2689 4564 membris
2718 4508 3004 4564 omnibus
3031 4505 3413 4578 signaculum
3441 4528 3453 4561 :

1976 4603 2122 4655 Tum
2154 4615 2334 4670 perge
2360 4604 2518 4655 recta
2544 4597 2842 4669 quidquid
2869 4602 2959 4653 est
2983 4612 3105 4669 quo
3136 4595 3403 4661 mitteris,

1980 4690 2291 4760 Humoque
2320 4688 2509 4743 ﬁxum
2539 4702 2766 4757 pronus
2796 4685 3071 4741 obtutum
3101 4699 3258 4754 gere,

1979 4777 2262 4845 Psalmos,
2289 4791 2614 4848 precesque
2647 4780 2855 4831 mutua
2886 4774 3190 4831 alternans
3224 4774 3388 4830 vice:

1980 4866 2265 4922 lmmunis
2291 4870 2352 4920 ut
2381 4865 2462 4919 sis
2494 4865 2717 4920 urbicis
2746 4862 3043 4936 periculis.

1981 4956 2135 5024 Fuge
2165 4954 2480 5010 obviantes
2508 4954 2827 5009 convenire
2859 4953 3115 5008 feminas
3141 4967 3153 5007 :

1978 5046 2109 5099 Post
2138 5043 2267 5099 haec
2292 5058 2566 5098 reversus
2595 5042 2783 5107 ocius,
2813 5041 2978 5097 domi
3016 5056 3211 5105 mane,

1980 5135 2056 5188 Ne
2089 5146 2254 5187 more
2283 5131 2461 5204 piscis
2491 5136 2656 5186 extra
2686 5146 2909 5201 aquam
2944 5145 3084 5185 mox
3112 5128 3379 5185 occidas.

1982 5220 2207 5276 XXVIII.
2241 5250 2307 5261 —
2359 5220 2431 5276 In
2486 5221 2747 5290 fratrem
2794 5218 2897 5300 qui
2921 5219 3245 5276 revertitur
3292 5233 3331 5276 a
3366 5217 3632 5276 ministe-

2756 5305 2867 5346 NO.

1978 5380 2166 5451 Opere
2195 5385 2435 5452 peracto
2468 5394 2607 5435 cum
2638 5377 2819 5447 redis,
2852 5377 2952 5444 ﬁli,
2986 5377 3259 5443 domum,

1618 5475 1847 5533 νΑΒΙΑΕ
1885 5476 2173 5534 LECTION
2180 5477 2281 5535 ES.

343 5568 371 5613 δ
394 5566 537 5628 Cod.
565 5570 707 5642 Reg.
737 5567 894 5635 ξένον.
974 5577 999 5611 α
1024 5569 1167 5627 Cod.
1196 5573 1336 5643 Reg.
1356 5578 1667 5651 προταγοῦς.
1765 5574 1796 5618 ἀ
1822 5573 1969 5633 Cod.
2000 5576 2142 5649 Reg.
2179 5574 2315 5638 λείας
2407 5584 2433 5619 ο
2454 5575 2516 5647 f.
2561 5571 2705 5639 ἁλός.
