4038 6312
505 296 641 356 1791
1747 295 1807 352 S.
1862 291 2100 351 THEOD

1747 295 1807 352 S.
1862 293 1952 349 ΤΗ
1962 290 2255 351 EODOBI-
2279 288 2607 347 ΞΤΗΒΙΤΑΞ

507 425 576 480 Ut
628 424 919 489 membra,
965 431 1222 479 mentem
1256 424 1338 479 sic
1365 439 1585 493 vagam
1637 420 1933 491 recollige,

503 514 684 568 Inane
711 518 772 568 ut
802 514 951 568 intro
984 514 1062 567 nil
1096 513 1249 569 feras
1269 514 1652 575 extrinsecus,

506 601 619 657 Sed
650 602 856 671 gravia
882 608 1134 666 tantum,
1170 618 1279 657 nec
1308 602 1419 657 nisi
1452 600 1800 656 rectoribus.

507 692 660 745 Cave
689 706 828 760 ergo
862 691 1066 746 mundi
1099 691 1291 746 futiles
1323 706 1515 759 nugas
1548 689 1732 760 loqui,

506 777 656 843 Vidi,
684 779 939 845 comedi,
974 786 1097 834 tum
1127 780 1241 835 hoc
1272 785 1328 834 et
1358 779 1497 833 illud
1532 776 1755 841 incidit,

505 870 618 921 Aut
647 868 773 922 haec
801 875 854 922 et
875 868 974 922 illa
1006 869 1105 923 tibi
1138 869 1231 922 hic
1265 868 1351 922 vel
1381 867 1473 921 ille
1508 867 1759 921 nuntiat.

506 959 651 1011 Nam
686 957 731 1010 si
757 955 924 1011 hisce
950 957 1119 1012 dictis
1147 958 1490 1028 proximum
1519 953 1899 1017 subverteris,

506 1042 651 1098 Diris
681 1045 988 1116 prophetis
1018 1045 1341 1112 obnoxius,
1372 1060 1580 1115 poenas
1605 1042 1800 1098 dabis.

815 1136 987 1189 XXIX.
1020 1166 1086 1174 —
1112 1135 1184 1189 In
1218 1134 1566 1204 hospitalem
1607 1132 1868 1187 domum.

511 1221 627 1283 Eia,
659 1220 932 1292 hospitali
960 1222 1174 1278 lectulo
1199 1222 1522 1288 succedite,

507 1311 648 1365 Boni
681 1310 927 1375 viantes,
957 1328 1110 1383 quos
1140 1313 1249 1366 vite
1280 1311 1454 1381 fregit
1478 1310 1649 1365 labor
1674 1326 1686 1363 :

509 1400 604 1453 His
638 1415 745 1453 vos
775 1399 991 1455 reﬁcite
1020 1401 1238 1456 lautius
1264 1416 1397 1472 qua:
1430 1398 1687 1471 praebeo,

510 1489 694 1556 Fruge
715 1489 972 1559 expetita
1002 1489 1196 1543 cordis
1222 1490 1297 1544 ad
1332 1488 1629 1551 solatium,

506 1576 770 1647 Vinoque
800 1577 957 1632 dulci
991 1577 1322 1648 proﬂuente
1362 1578 1616 1645 largiter,

507 1665 573 1718 Et
595 1669 783 1730 veste,
817 1667 969 1719 vires
995 1682 1129 1737 quae
1156 1666 1435 1721 retundat
1468 1665 1721 1734 frigoris.

508 1754 641 1807 Htec
667 1761 825 1818 sunt,
860 1754 1056 1817 amici,
1092 1770 1228 1825 quae
1255 1754 1633 1822 Theoguosto
1661 1751 1828 1817 mihi,

508 1843 589 1896 Ex
619 1842 872 1896 cenditis
905 1858 1151 1897 suarum
1187 1842 1521 1897 inexhautis
1551 1857 1757 1912 opum,

508 1930 698 1999 Opum
734 1930 986 1985 tributor
1011 1947 1111 1986 rex
1144 1947 1314 1985 meus
1342 1930 1609 1985 Christus
1633 1928 1813 1983 dedit.

508 2017 589 2072 Illi
622 2033 764 2087 ergo
795 2024 989 2087 grates
1020 2020 1120 2092 qui
1149 2018 1355 2075 orbem
1384 2020 1487 2073 alit
1513 2017 1863 2088 persolvite:

506 2105 636 2162 Mihi
664 2112 756 2162 sat
780 2123 1100 2178 superque,
1131 2109 1177 2162 si
1208 2124 1412 2178 preces
1432 2106 1777 2178 rependitis,

510 2198 579 2251 Ut
608 2196 921 2268 hospitalis
952 2214 1061 2269 pro
1094 2198 1319 2254 laboris
1349 2213 1617 2263 munere,

507 2284 573 2339 In
601 2285 925 2341 Abrahami
958 2303 1296 2358 consequar
1318 2287 1453 2341 sinu
1485 2289 1703 2342 locum.

854 2377 1003 2431 XXX.
1036 2405 1096 2418 -—
1134 2376 1206 2431 In
1233 2380 1468 2431 sanctas
1501 2374 1813 2445 imagines.

508 2461 715 2517 Christi
747 2470 833 2518 est
860 2464 1082 2535 imago,
1110 2481 1292 2535 quam
1326 2465 1508 2529 vides,
1544 2469 1723 2534 atque
1752 2462 1880 2517 hac
1907 2460 2007 2517 tibi

510 2550 771 2606 Dicenda
802 2553 1061 2607 Christus
1092 2554 1244 2623 ipsa,
1273 2569 1477 2608 verum
1509 2553 1899 2623 homonyme.

506 2640 726 2694 Natura
754 2640 956 2711 dispar
983 2648 1085 2705 est,
1122 2641 1279 2695 idem
1307 2641 1688 2696 vocabulum.

508 2727 820 2798 Utriusque
851 2729 1042 2782 cultus
1072 2728 1252 2796 idem,
1281 2731 1491 2784 eadem
1522 2729 1811 2784 adoratio.

500 2814 665 2870 Hanc
694 2830 836 2885 ergo
860 2816 1071 2871 adorat
1091 2818 1384 2889 quisquis,
1412 2824 1468 2873 et
1497 2817 1791 2873 Christum
1814 2817 1971 2873 colit.

506 2903 615 2968 Qui
641 2919 761 2958 non
787 2904 1017 2972 adorat,
1044 2906 1203 2961 idem
1235 2911 1290 2961 et
1314 2906 1444 2977 ejus
1483 2906 1669 2962 hostis
1699 2912 1806 2962 est.

504 2992 687 3062 Cujus
721 2992 976 3062 ﬁguram
1007 2996 1225 3059 carnis,
1250 3011 1595 3065 expressam
1632 3002 1795 3067 typo,

506 3081 648 3146 Coli,
682 3081 877 3137 furore
907 3084 1123 3138 mentis
1154 3085 1367 3140 insano
1394 3090 1573 3142 vetat.

1072 3175 1244 3229 XXXI.
1277 3204 1341 3216 ——
1371 3174 1419 3228 Α
1433 3174 1578 3229 liud.

504 3259 562 3315 Si
588 3273 799 3331 corpus
824 3260 1022 3331 ipsum
1055 3262 1261 3318 Christi
1286 3261 1589 3318 edendum
1619 3262 1934 3329 sumimus,

502 3348 642 3403 Vitae
673 3354 980 3420 parentem
1012 3350 1423 3406 combibentes
1455 3353 1850 3421 sanguinem;

500 3436 724 3492 Pictum
756 3438 813 3491 in
849 3438 1064 3493 tabella
1093 3455 1198 3494 cur
1224 3439 1393 3495 nefas
1425 3440 1759 3510 ostendere,

504 3525 681 3595 Cujus
711 3526 905 3597 reipsa
937 3543 1156 3595 corpus
1185 3527 1387 3597 efﬁngi
1422 3533 1615 3598 potest
1642 3530 1670 3585 7

499 3615 646 3670 Nam
678 3620 974 3684 quatenus
1002 3615 1253 3686 simplex
1282 3616 1548 3687 quidem.
1584 3633 1703 3672 non
1734 3617 1998 3688 pingitur
2025 3636 2039 3673 :

503 3702 595 3757 Sic
624 3717 890 3773 namque
923 3706 1077 3757 Deus
1106 3709 1210 3772 est,
1244 3706 1376 3775 capi
1414 3704 1547 3762 loco
1602 3708 1827 3774 nequit.

500 3793 571 3845 At
595 3794 891 3861 quatenus
924 3799 1194 3847 nostram
1226 3793 1417 3849 induit
1442 3794 1861 3862 substantiam,

501 3882 687 3934 Homo
717 3885 827 3945 est,
858 3886 912 3935 et
937 3880 1035 3934 illa
1065 3886 1231 3951 parte
1262 3882 1789 3950 circumscribitur,

500 3970 784 4024 Naturam
810 3976 1125 4040 utramque
1149 3972 1255 4025 rite
1290 3973 1606 4027 discretam
1634 3989 1865 4042 gerens,

505 4059 1056 4127 Unaqueconstans
1076 4061 1438 4130 sempiterna
1459 4062 1789 4133 hypostasi.

502 4147 852 4218 Quicunque
882 4148 1069 4203 Verbo
1100 4149 1293 4203 reddit
1319 4149 1412 4204 his
1441 4150 1665 4207 cultum
1700 4150 1918 4215 modis,

501 4236 830 4291 Germanus
852 4236 947 4290 ille
977 4236 1151 4292 fastus
1179 4243 1265 4292 est
1296 4238 1592 4294 Ecclesiae.

503 4323 612 4389 Qui
638 4324 813 4379 sentit
840 4323 1028 4388 aliter,
1058 4340 1094 4380 a
1127 4328 1243 4381 Deo
1272 4342 1518 4381 aversus
1547 4332 1767 4384 manet.

1050 4416 1248 4470 XXXII.
1280 4446 1348 4456 —
1378 4418 1425 4471 Α
1439 4417 1587 4472 liud.

499 4499 739 4555 Pictoris
770 4506 892 4557 arte
924 4502 1276 4572 perpolitam
1307 4504 1655 4573 imaginem,

501 4590 673 4646 Omni
704 4589 986 4645 decoram
1020 4593 1210 4660 gratia
1240 4594 1342 4664 qui
1371 4595 1625 4660 cernitis,

501 4679 836 4748 Spectando
868 4680 1124 4736 fructum
1154 4698 1335 4753 quem
1366 4685 1533 4737 decet
1558 4684 1874 4753 decerpite,

497 4768 900 4838 Animu‘mque
926 4785 1140 4824 causas
1177 4770 1314 4825 hinc
1346 4771 1423 4825 ad
1447 4772 1607 4841 ipsas
1641 4772 1840 4827 tollite.

498 4857 644 4911 Nam
676 4856 850 4911 claras
878 4857 1079 4927 imago
1109 4860 1266 4913 vocis
1293 4858 1477 4914 instar
1505 4866 1820 4930 personat:

498 4945 658 4999 Meus
682 4944 876 5000 honor
905 4948 1123 5011 omnis,
1157 4946 1344 5017 gloria
1374 4953 1463 5002 est
1495 4949 1685 5017 prima
1719 4951 1869 5020 typi,

498 5032 686 5096 Quem
718 5040 957 5105 propter
986 5036 1114 5100 ista,
1151 5036 1453 5090 memorias
1480 5052 1684 5101 causa,
1716 5038 1926 5103 exstiti,

496 5121 769 5189 Magistra
799 5128 1120 5193 custosque
1150 5125 1421 5179 omnium
1453 5126 1555 5195 qui
1588 5142 1682 5179 me
1713 5126 1950 5181 colunt:

495 5214 584 5274 At,
616 5208 807 5264 colere
838 5211 941 5281 qui
974 5228 1067 5266 me
1100 5219 1387 5283 respuunt
1414 5213 1745 5283 analogice,

495 5296 845 5353 [hereditate
871 5300 1077 5355 coelica
1116 5301 1320 5370 procul
1347 5318 1617 5356 movens.

1038 5389 1265 5444 XXXIII.
1303 5421 1369 5433 -—
1401 5391 1606 5445 Aliud.

499 5476 634 5532 Sine
664 5490 841 5533 carne
874 5477 1135 5533 Christus
1163 5479 1308 5533 dum
1340 5478 1465 5541 fuit.
1502 5495 1621 5534 non
1653 5479 1745 5534 hic
1766 5486 1927 5537 erat:

499 5565 689 5621 Homo
714 5566 934 5631 nullus,
962 5567 1156 5637 inquit
1185 5566 1428 5633 scilicet;
1462 5568 1609 5624 vidit
1632 5572 1856 5627 Deum:
1956 5601 1960 5605 -

626 5651 650 5696 τ
680 5653 740 5712 F.
766 5654 1125 5730 λαμϐάνωμεν.
1233 5666 1263 5711 8
1295 5657 1356 5716 F.
1389 5652 1645 5733 δείξομεν.

2178 418 2224 472 Α
2256 414 2551 489 Σύστρεψον
2577 413 2722 474 εὐθὺς
2753 416 2911 487 σαρκὶ
2935 414 3024 463 καὶ
3052 415 3167 461 νοῦν
3200 425 3289 462 σον
3315 403 3522 469 πλάνον,

2255 504 2466 559 Εἰκαῖον
2498 500 2648 556 οὐδεν
2679 499 2823 555 ἔνδον
2854 500 3032 563 ἔξωθεν
3060 502 3240 571 φέρων,

2251 592 2394 648 Ἀλλ’
2427 594 2471 645 ε¹ί
2499 612 2551 644 τι
2583 595 2786 663 σεμνὸν,
2810 595 2898 642 καὶ
2934 593 2992 640 τό
3012 593 3118 648 τοῖς
3146 583 3564 659 πρωτοστάταις.

2258 686 2425 753 Λόγον
2448 685 2549 754 γὰρ
2580 681 2639 734 ού
2665 684 2760 752 φὴς
2789 687 2885 739 τῆς
2910 677 3347 750 ματαιοκοσμίας,

2258 768 2437 835 Εἶδον,
2471 769 2714 845 βέϐρωκα
2746 788 2759 802 ο
2796 774 2887 821 καὶ
2918 771 2999 833 τὸ,
3029 770 3119 818 καὶ
3146 767 3203 817 τὸ
3232 760 3488 834 τυγχάνει
3513 780 3526 793 ο

2262 866 2361 914 Καὶ
2384 868 2509 931 γοῦν
2529 862 2636 921 ὅτις
2662 863 2749 911 καὶ
2780 854 2937 909 τίσδε
2967 862 3118 928 φωνεῖ
3140 873 3225 906 σοι
3256 847 3404 903 τάδε.

2258 951 2582 1021 Ἀνατροπην
2611 951 2710 1022 γὰρ
2740 943 2923 1000 τοῖσδε
2943 953 3127 1018 κιρνῶν
3158 943 3229 1013 τῷ
3259 939 3435 1003 πέλας,

2260 1038 2415 1111 ’Δρᾶς
2435 1043 2704 1112 προφήτου
2733 1038 3086 1109 χρηματίζεις
3116 1032 3281 1095 ἄξιος.

2580 1124 2705 1181 ΚΘ’.
2738 1157 2807 1167 --
2838 1124 2947 1186 Εἰς
2982 1126 3048 1175 τό
3088 1116 3529 1190 ξενοδοχεῖον.

2261 1215 2512 1288 Προϐᾶτε,
2545 1211 2714 1279 δεῦτε,
2744 1221 2808 1286 τῇ
2851 1213 3121 1284 ξενιζούση
3159 1212 3333 1281 στέγῃ,

2259 1301 2480 1378 Ἀνδρες
2508 1308 2775 1376 πορευταὶ,
2810 1310 2917 1365 τοῖς
2951 1307 3125 1362 πόνοις
3152 1298 3487 1370 κεκμηκότες,

2258 1393 2631 1447 Μετεκλάϐοιτε
2661 1402 2759 1445 τῶν
2781 1395 2913 1464 ἐμῶν
2941 1391 3280 1462 ξένισμάτων,
3374 1460 3375 1463 η

2258 1481 2456 1557 Ἀρτου
2485 1484 2739 1548 ποθητόῦ,
2766 1489 2856 1534 τοῦ
2886 1480 3155 1552 τρέφοντος
3175 1472 3422 1549 καρδίαν,

2260 1578 2424 1624 Ποτοῦ
2453 1571 2714 1641 γλυκείου,
2740 1578 2833 1623 τοῦ
2847 1571 3045 1643 ῥέοντος
3071 1566 3318 1639 ἀφθόνως,

2260 1663 2638 1732 Σκεπασμάτων
2669 1679 2722 1714 τε
2750 1668 2849 1712 τῶν
2875 1659 3084 1730 ψύχους
3113 1655 3409 1725 ἀλλοτρίων,

2186 1770 2228 1823 Β
2257 1749 2319 1805 Ἀ
2354 1770 2443 1822 μοι
2473 1754 2713 1822 παρέσχε
2732 1756 2803 1817 τῷ
2835 1752 3165 1818 Θεογνώστῳ,
3201 1743 3363 1813 φίλοι,

2260 1839 2353 1894 Ἐκ
2393 1847 2491 1891 τῶν
2510 1839 2775 1892 πανόλκων
2806 1835 3011 1911 δωρεῶν
3041 1835 3200 1887 αὐτοῦ
3226 1834 3410 1904 χάριν,

2258 1927 2317 1981 Ὀ
2343 1934 2603 1990 Δεσπότης
2631 1948 2732 2001 μου
2762 1928 3012 1999 Χριστὸς,
3045 1926 3069 1977 ό
3098 1919 3511 1995 πλουτοϐρύτης.

2261 2017 2681 2089 Ἐπευλογοῦντες
2706 2017 2883 2081 αὐτόν,
2919 2018 2988 2077 ὡς
3011 2016 3388 2087 χοσμοτρόφον,

2263 2106 2434 2179 Κᾶμοὶ
2461 2111 2764 2181 προσευχὴν
2797 2105 3173 2162 ἀντιποιοῦντες
3202 2101 3374 2172 μόνον,

2258 2194 2436 2259 Ὀπως
2466 2196 2651 2249 ἐκεῖθεν
2681 2203 2751 2267 τῷ
2777 2194 3017 2268 φιλοξένῳ
3044 2196 3237 2267 τρόπῳ,

2259 2289 2392 2349 Τοὺς
2417 2285 2654 2357 Ἀϐραὰμ
2675 2288 2897 2357 τύχοιμι
2924 2281 3148 2342 κόλπους
3177 2275 3437 2332 εἰσδῦναι.

2635 2379 2806 2426 Λ¹.-
2841 2372 2949 2432 Εἰς
2987 2370 3173 2441 ἁγίας
3212 2366 3483 2424 εἰκόνας.

2257 2462 2448 2535 Ἠνπερ
2482 2461 2683 2536 βλέπεις
2702 2462 2893 2526 εἰκόνα,
2925 2465 3158 2531 Χριστοῦ
3186 2455 3455 2527 τυγχάνει,

2262 2557 2486 2625 Χριστόν
2519 2549 2578 2605 δὲ
2607 2551 2803 2608 καύτὴν
2828 2550 2990 2614 λέξον,
3019 2548 3127 2601 ἀλλ’
3160 2547 3458 2617 ὁμωνύμως.

2263 2642 2458 2700 Κλήσει
2481 2643 2583 2713 γάρ
2613 2643 2725 2693 έστι
2751 2644 3024 2703 ταυτότης,
3063 2636 3168 2689 ἀλλ’
3196 2634 3254 2687 ού
3283 2636 3457 2706 φύσει.

2262 2732 2475 2803 Ἀμφοῖν
2506 2727 2565 2784 δι
2593 2732 2953 2803 προσκύνησις
2979 2726 3260 2797 ἆσχίστως
3288 2726 3404 2795 μία.

2259 2823 2465 2879 Ταύτην
2490 2822 2515 2871 ό
2547 2824 2715 2872 τοίνυν
2746 2824 3070 2892 προσκυνῶν,
3096 2815 3324 2889 Χριστόν
3352 2807 3490 2863 σέϐει
3514 2825 3526 2839 ·

2258 2914 2344 2967 Μὴ
2372 2917 2676 2983 προσκυνῶν
2700 2910 2821 2980 γὰρ,
2854 2908 3046 2978 ἑχθρός
3075 2902 3235 2956 αὐτοῦ
3261 2904 3351 2953 καὶ
3375 2898 3533 2952 πάνυ.

2257 2998 2343 3059 Ὦς
2367 3002 2460 3056 τήν
2490 2996 2869 3070 ἀναγραφῆςταν
2900 2996 3148 3066 ἔνσαρκον
3180 2993 3318 3057 θέαν,

2185 3110 2225 3165 C
2258 3088 2455 3140 Τούτου
2484 3090 2687 3157 μεμνὼς
2717 3088 2784 3156 μὴ
2816 3082 3140 3140 σεϐασθῆναι
3163 3079 3337 3133 θέλων.

2827 3170 2961 3226 ΛΛ’.
2996 3169 3276 3224 -”Δλλο.

2258 3264 2321 3318 Εἰ
2342 3272 2495 3335 σῶμα
2517 3268 2754 3337 Χριστοῦ
2779 3261 3102 3335 λαμϐάνομεν
3131 3262 3221 3332 μεν
3248 3259 3264 3295 ⁸
3283 3255 3496 3319 ἐσθίειν,

2256 3356 2450 3408 Τούτου
2484 3357 2707 3414 πίνοντες
2735 3353 2866 3424 αἷμα
2894 3355 2951 3403 τὸ
2974 3351 3241 3422 ζωηφόρον
3265 3365 3278 3380 ·

2256 3449 2375 3503 Πῶς
2403 3442 2497 3494 οὐκ
2526 3440 2586 3493 ἃν
2612 3441 2766 3493 αὑτὸν
2794 3438 3038 3511 δείξωμεν
3064 3456 3084 3484 ι
3112 3437 3482 3509 γεγραμμένον,

2257 3530 2334 3582 Οὖ
2364 3535 2453 3583 καὶ
2479 3534 2536 3582 τὸ
2574 3538 2726 3602 σῶμα
2749 3532 3236 3601 σχηματόγραπτον
3256 3523 3395 3577 πέλει
3425 3538 3441 3589 ;

2254 3618 2341 3681 Ὠς
2370 3623 2458 3691 μεν
2491 3621 2590 3691 γὰρ
2622 3619 2837 3685 ἁπλοῦς,
2870 3618 2928 3670 ού
2954 3619 3270 3691 περιγραφὴν
3296 3615 3429 3685 ἔχει.

2256 3712 2386 3770 Θεὸς
2409 3711 2511 3781 γάρ
2535 3708 2667 3772 ἐστι,
2699 3712 2884 3767 παντὸς
2909 3706 3089 3770 ἔξωθεν
3118 3712 3305 3759 τόπου.
3352 3700 3362 3705 ’

2252 3796 2338 3859 Ὠς
2369 3794 2601 3858 ένδυθεὶς
2633 3793 2692 3849 δε
2715 3801 2808 3854 τὴν
2830 3796 2946 3848 καθ’
2975 3797 3115 3866 ἡμᾶς
3142 3796 3347 3854 ούσίαν,

2252 3885 2557 3961 ’Ἁνθρωπός
2585 3888 2718 3952 ἐστι,
2748 3887 2984 3937 συνθέσει
3012 3885 3384 3957 γεγραμμένος,

2252 3972 2436 4046 Ἔχων
2460 3973 2698 4047 ἁφύρτως
2730 3975 2939 4041 θάτερον
2968 3972 3081 4024 κατ’
3115 3970 3321 4037 οὐσίαν,

2251 4064 2566 4118 Ὑποστάσει
2595 4068 2693 4134 μιᾷ
2715 4082 2768 4115 τε
2799 4063 3206 4132 συντεθειμένος.

2250 4154 2310 4206 '0
2340 4157 2425 4206 τὸν
2458 4158 2626 4223 Λόγον
2655 4148 2880 4204 τοιῶσδε
2911 4148 3149 4213 δοξάζων
3172 4148 3334 4221 μα’λα,

2254 4247 2449 4297 Πιστὸν
2478 4245 2665 4314 πέφηνε
2698 4243 2901 4315 Θρέμμα
2923 4246 3018 4299 τῆς
3046 4238 3380 4296 Ἐκκλησίας.

2252 4331 2445 4391 Ἀλλως
2470 4338 2661 4405 φρονῶν
2681 4332 2804 4402 γὰρ,
2837 4336 2927 4381 τοῦ
2958 4334 3092 4382 Θεοῦ
3121 4325 3295 4401 πόρῥω
3328 4326 3448 4377 θέει.

2824 4416 2942 4472 ΑΒ’.
2974 4447 3042 4458 -
3062 4415 3266 4469 Ἀλλο.

2254 4507 2347 4562 Ἐκ
2376 4514 2697 4581 μορφοπόιοῦ
2723 4509 2899 4579 χειρός
2928 4504 3273 4578 ὡραῖσμὲνην,

2254 4596 2520 4656 Βλέποντες
2550 4591 2732 4667 ἄνδρες
2753 4594 3098 4668 έγγραφείσαν
3129 4587 3331 4654 ἐνθάδε,

2178 4457 2223 4511 D

2254 4684 2522 4758 Δρέψασθε
2551 4687 2749 4756 καρπὸν
2775 4683 3015 4755 ὠφελείας
3044 4681 3216 4747 ἀξίως,

2252 4779 2350 4827 Τόν
2366 4780 2481 4825 νοῦν
2506 4774 2715 4845 ἄραντες
2738 4771 2807 4833 εἰς
2835 4774 2919 4833 τὰς
2951 4770 3117 4822 αὐτῶν
3147 4768 3341 4829 αἰτίας.

2251 4861 2397 4915 Ἰσου
2423 4863 2577 4931 λόγου
2606 4863 2707 4932 γὰρ
2738 4861 2768 4919 ἠ
2803 4864 2974 4932 γραφή
3009 4856 3111 4930 βοᾷ
3137 4862 3289 4929 μέγα,

2249 4949 2342 5012 Ὠς
2360 4950 2419 5003 Ἠ
2441 4955 2564 5021 τιμὴ
2598 4956 2719 5021 μου,
2754 4946 2887 5011 δόξα
2910 4957 3006 5011 τῆς
3032 4947 3306 5017 αύτοψίας,

2256 5040 2327 5092 Δι’
2353 5039 2411 5099 ἢν
2433 5042 2707 5112 παρήχθεν
2738 5040 2805 5099 εἰς
2838 5041 3130 5109 ὑπόμνησιν
3158 5040 3334 5108 μόνον.

2255 5136 2580 5201 Φρουροῦσα,
2601 5132 2904 5201 φωτίζουσα
2927 5130 3041 5188 τοὺς
3070 5126 3225 5198 ἐμοὺς
3257 5124 3453 5197 φίλους,

2253 5217 2394 5278 Τοὺς
2423 5223 2728 5289 προσκυνεῖν
2760 5212 2818 5268 δε
2848 5221 2919 5287 μὴ
2955 5214 3185 5274 θέλοντάς
3215 5233 3278 5286 με
3296 5211 3504 5285 σχέσει,

2255 5305 2627 5380 ’Δλλοτριοῦσα
2656 5312 2751 5366 τῆς
2780 5306 2885 5356 ἄνω
2905 5304 3259 5377 κληρουχίας,

2823 5391 2949 5447 ΛΓ’.
2985 5423 3048 5435 -
3074 5392 3281 5448 Ἄλλο.

2255 5482 2521 5557 Ἀσαρκος
2550 5482 2617 5533 ὡν
2641 5487 2762 5553 πρὶν
2795 5486 3044 5556 Χριστὸς,
3077 5482 3170 5534 οὐκ
3198 5478 3257 5540 ἦν
3288 5476 3492 5537 ἑνθάδε.

2236 5575 2385 5626 -Θεόν
2414 5574 2514 5645 γὰρ
2545 5568 2739 5638 οὐδεὶς,
2764 5576 2945 5644 φησιν,
2977 5569 3256 5646 ἀνθρώπων
3288 5566 3416 5625 ἴδεν.

3722 272 3869 346 me
