4038 6312
238 306 378 379 4793

228 447 376 501 Ἐπεὶ
402 442 462 499 δι
501 446 693 520 σαρκὸς
717 437 1086 496 ἑνδιδύσκεται
1106 442 1305 513 πάχος,
1342 436 1347 440 ’

224 533 291 589 ὀ
319 538 510 597 παντὸς
553 532 649 597 ἔξω
678 538 766 585 καὶ
793 536 989 605 χρόνου
1028 548 1083 583 τε
1111 535 1201 583 καὶ
1231 534 1411 598 τόπου,

229 622 439 689 Ἀπτὸς,
470 625 700 682 παθητὸς
731 625 930 692 γίνεται
964 626 1025 692 τῇ
1062 622 1318 672 συνθέσει.

234 717 422 787 Βρέφος
434 714 643 771 κυηθεὶς
671 711 729 762 ἐκ
753 714 929 783 κόρης,
969 714 1163 777 σπορᾶς
1175 709 1316 775 ἄνευ,

232 802 407 868 Αὔξει,
451 798 486 853 δ
491 800 792 871 ιψεί,πεινεί
817 816 887 864 τε,
915 802 1002 849 καὶ
1034 800 1244 869 σύμπαν
1270 803 1425 871 φέρει,

229 897 343 946 Τῶν
373 891 424 943 έν
457 892 594 943 θέσει
617 906 671 941 τε
700 891 790 939 καὶ
813 893 985 959 γραφῇ
1018 883 1379 959 δεδειγμένων.

233 986 352 1042 Πῶς
379 975 468 1033 οὖν
495 982 561 1031 σὺ
598 976 800 1047 λοιπὸν,
830 972 870 1027 ὦ
900 978 1189 1050 παράφρον,
1224 973 1263 1028 ὧ
1292 976 1444 1045 τάλα,

230 1069 308 1123 οὗ
351 1073 508 1143 σαρκὶ
530 1066 726 1127 omni);
762 1068 995 1137 Χριστὸν
1016 1065 1435 1139 ἐμπεριγράφεις,

232 1158 360 1212 Κατ’
390 1153 530 1218 εἶδος
543 1155 705 1208 αὐτοῦ
734 1159 829 1213 τὴν
854 1155 972 1211 ὸλην
1002 1159 1297 1227 παρουσίαν
1326 1171 1339 1221 ;

231 1247 365 1302 Ἀλλ’
397 1250 428 1306 ἣ
459 1247 744 1319 μεταγνοὺς
772 1248 964 1306 πιστὸς
1001 1245 1055 1294 ἒκ
1076 1244 1272 1306 πλάνης
1300 1249 1468 1317 γίνου,

229 1334 299 1389 Ἥ
328 1343 422 1397 τῆς
446 1341 579 1388 Θεοῦ
610 1333 869 1409 πόρρωθεν
891 1331 1054 1393 αὐλῆς
1081 1335 1319 1405 ἐκφέρου,

790 1427 917 1484 AA’.
955 1459 1024 1469 —
1064 1427 1125 1481 ’Ἃ
1144 1429 1266 1484 λλο.

222 1528 285 1583 Ὀ
308 1532 543 1605 Χριστὸς
571 1526 685 1580 ἐστι
703 1533 763 1599 τῇ
792 1534 965 1598 γραφῇ
1001 1522 1349 1599 δεδειγμένος,

226 1619 371 1672 Ἐπεὶ
401 1616 589 1692 βροτὸς
609 1620 845 1688 πέφηνεν,
877 1614 944 1664 ὢν
976 1619 1101 1674 Θεὸς
1127 1618 1298 1687 φύσει.

222 1707 281 1761 ’0
305 1712 379 1781 μὴ
418 1709 520 1778 γὰρ
542 1706 702 1765 οὕτως
732 1701 1072 1778 προσϐλέπειν
1098 1704 1250 1756 αὐτὸν
1280 1705 1434 1758 θέλων

226 1790 693 1868 Φαντασματωδῶς
735 1794 1111 1864 σωματοῡσθαι
1133 1792 1429 1865 προσλέγει.

463 1881 590 1937 ΛΕ¹.
628 1912 698 1923 -
736 1880 839 1941 Εἰς
876 1896 987 1938 την
1026 1880 1216 1953 ἁγίαν
1255 1886 1590 1936 Θεοτόκον.

225 1973 310 2026 Ἐν
340 1973 496 2027 εἰκόνι
538 1969 735 2045 βλέπων
768 1988 845 2035 σε,
876 1978 1039 2045 μῆτερ
1074 1974 1285 2044 Κυρίου.

224 2061 373 2134 ⁴Ιιόϐῳ
400 2066 649 2136 πρόσειμι
677 2066 985 2134 προσκυνεῖν
1028 2077 1103 2123 σε,
1132 2065 1220 2112 καὶ
1262 2063 1426 2132 πόθῳ.

224 2160 396 2227 Χάρις
418 2154 518 2224 γὰρ
549 2153 705 2211 ὅντως
729 2148 1016 2205 τηλικαύτη
1053 2166 1136 2199 σοι
1163 2150 1320 2215 πελει,

215 2241 303 2302 Ὠς
331 2248 393 2313 τῇ
422 2245 550 2312 σκιᾷ
582 2257 677 2292 σου
706 2240 1132 2309 θαυματουργίας
1171 2236 1371 2314 βρύειν.

778 2323 922 2409 Ag“.
965 2357 1034 2367 —-
1068 2324 1274 2383 Ἀλλο.

222 2420 334 2473 Ἐπ’
375 2418 558 2479 ὠλένης
586 2435 689 2490 μου
727 2420 1048 2489 μητρόμοιόν
1079 2437 1169 2487 μοι
1201 2416 1411 2491 βρέφος,

220 2513 321 2562 Τὸν
350 2510 683 2561 παντάνακτα
710 2511 938 2579 Χριστόν
968 2503 1237 2579 ἐγγράφως
1270 2512 1423 2582 φέρω,

220 2602 291 2651 Τὸ
313 2606 415 2670 φῶς
447 2596 888 2669 ἁπαστράπτοντα
911 2603 1001 2654 τῆς
1024 2594 1336 2667 ἀφθαρσίας,

224 2692 324 2740 Καὶ
354 2692 550 2758 κόσμον
580 2684 849 2759 ἐξαίροντα
874 2679 1133 2755 δαιμόνων
1159 2684 1371 2745 πλάνης.

782 2771 906 2827 AZ’.
947 2803 1012 2813 —
1053 2771 1256 2829 Ἀλλο.

221 2869 289 2917 Σύ
318 2867 406 2918 τὸν
433 2867 561 2918 Θεὸν
589 2870 833 2927 τεκοῦσα,
868 2864 1122 2934 προύχεις
1158 2860 1408 2934 ἀγγέλων.

218 2953 315 3007 ’ον
340 2954 399 3006 ού
431 2950 683 3006 δύνανται
712 2956 800 3003 καὶ
837 2952 938 3024 γὰρ
961 2950 1110 3002 αὐτοὶ
1132 2949 1491 3022 προσϐλέπειν,

220 3042 309 3106 Ὠς
338 3043 458 3096 Υἱὸν
487 3041 618 3100 αὐτὴ
647 3045 837 3113 χερσὶν
862 3038 1148 3112 ἀκράντοις
1179 3045 1360 3113 φέρεις.

792 3126 925 3184 AH'.
964 3158 1033 3167 —
1072 3125 1246 3181 Ἄλλο.

217 3226 612 3295 Μητροπρεπῶς
636 3222 724 3270 τὸν
761 3219 880 3270 Υὶὸν
918 3220 1208 3289 ἕγγραπτον
1250 3221 1401 3291 φέρω,

215 3310 300 3372 Ὠς
327 3309 387 3363 ἀν
405 3312 583 3382 φανείη
615 3312 828 3379 γνήσιον
865 3311 1067 3379 μητρὸς
1095 3311 1241 3369 τέκος
1268 3324 1280 3336 ο

214 3390 273 3453 Ὀ
310 3402 647 3474 πατρομοίως
678 3403 773 3458 τῆς
801 3403 1007 3470 γραφῆς
1046 3397 1347 3469 ἐπηρμένος,

212 3490 451 3562 Ἐπείπερ
478 3490 592 3541 ἔστι
623 3483 658 3539 δ
663 3489 797 3547 ιττςὸ
824 3484 983 3557 ἀπρὶξ
1014 3490 1106 3544 τὴν
1132 3488 1308 3557 φύσιν.

365 3574 501 3631 ΛΘ’.
541 3606 613 3617 —
650 3574 759 3636 Εἰς
796 3578 910 3633 την
950 3574 1170 3626 εἰκόνα
1208 3580 1319 3627 τοῦ
1356 3579 1658 3646 Χριστοῦ.

213 3666 618 3738 Ἐξεικόνισμαι,
646 3665 743 3717 κᾶν
769 3667 893 3725 Θεὸς
918 3663 1051 3715 πέλω
1082 3666 1256 3735 φύσει,

213 3757 455 3832 Ἔπείπερ
482 3755 589 3827 εἰμὶ
612 3759 702 3806 καὶ
740 3752 931 3826 βροτὸς
954 3752 1071 3805 κατ’
1091 3756 1277 3805 οὐσίαν
1311 3773 1323 3785 ·

218 3851 322 3900 Καὶ
345 3851 408 3918 τῇ
450 3850 579 3915 σκιᾴ
602 3863 702 3916 μου
732 3848 1134 3917 προσκυνούμαι
1158 3847 1312 3894 παντί
1338 3860 1456 3907 που,

213 3939 389 3993 Mirm
417 3938 672 4009 μερισμὸν
712 3940 805 3984 τοῦ
837 3930 1012 3991 κλέους
1039 3930 1482 4004 προσλαμϐάνων.

410 4021 500 4078 M'.
541 4053 610 4064 —
648 4021 756 4083 Et;
791 4024 896 4074 τὸν
936 4024 1082 4072 ναὸν
1118 4028 1232 4083 τῆς
1272 4026 1617 4075 Θεοτόκου.

214 4120 323 4174 Τῆς
352 4114 613 4188 Παρθένου
635 4116 722 4165 τὸν
748 4112 888 4163 οἷκον
918 4111 944 4161 ό
975 4108 1196 4182 βλέπων,
1219 4116 1343 4167 νόει.

215 4206 359 4265 Ναὸς
383 4204 484 4276 γὰρ
513 4202 645 4260 αὕτη
678 4210 768 4252 τοῦ
809 4206 943 4253 Θεοῦ
975 4195 1325 4271 δεδηγμένος,

214 4295 389 4355 Nam);
410 4292 598 4353 ἑαυτῆς
626 4297 904 4361 πανταχοῦ
943 4293 1100 4361 γαίης
1126 4291 1258 4360 ἔχει.

771 4386 909 4443 MA'.
952 4418 1018 4431 —-
1054 4383 1257 4444 ⁴Δλλο.

214 4491 315 4543 Τὸν
341 4490 669 4560 Κοσμοποιὸν
698 4487 1095 4558 σωματούμενον
1125 4483 1348 4557 βλέπων,

217 4581 314 4632 Σὺν
339 4585 401 4651 τῇ
433 4579 656 4650 τεκούσῃ
689 4583 749 4648 τῇ
783 4582 955 4648 γραφῇ
997 4582 1096 4625 τῶν
1127 4574 1353 4647 εἰκόνων,

220 4665 627 4738 Καταπλάγηθι,
650 4674 759 4726 πῶς
790 4668 921 4725 Θεὸς
948 4663 1135 4736 βρέφος
1169 4663 1328 4729 πέλει,

213 4756 451 4812 ’Δπαντά
475 4774 528 4809 τε
559 4752 665 4828 δρᾷ
685 4757 813 4829 πρὸς
845 4751 1047 4828 βροτῶν
1080 4758 1342 4827 σωτηρίαν
1370 4772 1384 4788 ο

214 4846 305 4904 ’Ῑν’
329 4846 401 4909 εἰς
426 4845 607 4900 ἑαυτὸν
636 4848 730 4903 τὴν
752 4846 946 4919 φθορὰν
970 4847 1302 4917 κατακρίνας,

212 4941 285 4993 Τὸ
314 4937 534 5010 πλάσμα
565 4940 710 5009 σώσῃ
742 4935 983 4993 θεότητος
1012 4939 1084 5003 τῷ
1101 4934 1300 5007 κράτει.

211 5031 284 5083 Τὸ
310 5024 379 5087 δὴ
411 5033 675 5102 φρονοῦσα
702 5031 763 5098 τῇ
800 5028 1037 5095 Θεοτόκῳ
1063 5027 1220 5096 φέρει,

215 5120 351 5191 Πρὸς
377 5116 563 5190 λύτρον
591 5115 756 5177 αὐτῆς
782 5108 1053 5186 τ’ἁνδρὸς,
1077 5114 1341 5186 ἄχραντον
1366 5110 1526 5186 δόμα.

213 5213 354 5273 MB’.
403 5242 473 5256 --
520 5214 621 5275 Εἰς
679 5216 747 5266 τὸ
822 5209 1157 5285 κιϐούριον
1220 5219 1330 5264 τοῦ
1396 5207 1811 5287 Προδρόμου.

216 5318 377 5376 Θείας
396 5310 657 5389 τραπέζης
689 5310 1094 5384 συγκαλύπτραν
1123 5329 1186 5383 με
1203 5308 1428 5384 βλέπων,

216 5402 542 5479 Χερουϐικήν
570 5401 748 5475 νόμιζε
771 5401 1089 5475 ταξιαρχίαν
1122 5418 1134 5432 ·

216 5496 449 5567 Χριστὸν
468 5495 569 5569 γὰρ
600 5489 744 5545 ἔνδον
770 5492 1237 5565 μυσταγωγεῖσθαι
1274 5495 1400 5561 νόει,

215 5587 315 5638 Τὸν
340 5592 439 5637 τῶν
469 5584 573 5637 ἄνω
598 5601 651 5636 τε
685 5587 968 5653 Δεσπότην,
1002 5587 1091 5636 καὶ
1128 5590 1225 5636 τῶν
1255 5583 1417 5636 κάτω.

1800 288 2032 369 IAMBi.
2095 312 2101 319 '

1864 441 1910 494 A
1940 438 2014 492 At
2040 435 2193 492 mole
2218 439 2543 509 postquam
2564 435 2830 507 corporis
2859 450 2991 491 sese
3016 434 3229 500 induit,

1940 526 2128 590 Quem
2152 539 2260 579 nec
2288 524 2401 580 loci
2428 541 2537 580 nec
2566 526 2759 596 spatia
2786 524 3073 579 claudunt
3100 529 3408 595 temporis,

1942 616 2083 668 Exin
2106 613 2291 668 dolori
2324 613 2515 668 factus
2547 620 2637 668 est
2666 613 2988 670 obnoxius.

1938 702 2297 759 Intaminata
2324 709 2502 757 natus
2535 702 2732 757 infans
2763 702 3016 771 Virgine,

1939 790 2237 858 Augescit,
2270 790 2473 855 esurit,
2500 789 2639 853 sitit,
2671 789 2779 844 fert
2808 790 3030 854 omnia,

1940 880 2079 943 Quae
2103 885 2470 933 consuerunt
2495 877 2780 933 omnibus
2808 876 2950 946 ﬁngi
2984 878 3161 948 typis.

1940 967 2093 1033 Quid
2123 981 2265 1037 ergo
2295 982 2493 1022 causae
2518 972 2627 1030 est,
2662 982 2697 1021 ο
2730 966 2928 1034 miser,
2960 981 3066 1021 cur
3096 967 3331 1027 abnuas

1939 1056 2234 1111 Christum
2267 1055 2524 1111 verenda
2553 1055 2982 1125 comprehendi
3017 1056 3300 1125 imagine,

1938 1147 2267 1214 Totamque
2297 1143 2429 1198 vitae
2462 1144 2677 1199 seriem
2708 1149 2765 1197 et
2794 1142 3102 1199 historiam
3136 1162 3319 1202 sacras
3350 1146 3378 1201 ?

1938 1239 2008 1289 At
2033 1239 2092 1287 tu
2123 1240 2225 1288 aut
2256 1232 2576 1303 profanum
2601 1232 2813 1286 mentis
2852 1248 3112 1288 errorem
3144 1235 3361 1306 abjice.

1936 1327 2050 1378 Aut
2081 1326 2133 1377 te
2163 1322 2413 1377 sacratis
2440 1322 2675 1392 proripe
2706 1337 2741 1376 a
2770 1321 2981 1376 castris
3015 1323 3133 1377 Dei.

2472 1418 2668 1473 XXXIV
2683 1461 2696 1474 .
2733 1448 2799 1457 —
2830 1418 3038 1474 Aliud.

1938 1515 2038 1570 Hic
2068 1514 2330 1571 Christus
2356 1520 2465 1579 est,
2500 1515 2730 1585 pictura
2759 1531 2939 1586 quem
2970 1516 3282 1575 denuntiat
3310 1536 3321 1574 :

1935 1603 2191 1659 Mortalis
2221 1619 2292 1659 ex
2323 1619 2443 1675 quo
2469 1602 2658 1658 factus
2687 1609 2776 1657 est
2804 1606 2905 1675 qui
2927 1611 3053 1660 erat
3086 1609 3262 1663 Deus.

1934 1690 2103 1746 Illum
2129 1692 2329 1747 videre
2358 1691 2462 1763 qui
2492 1696 2727 1746 recusat
2751 1691 2865 1746 hoc
2897 1694 3100 1760 modo,

1863 1808 1905 1863 Β
1936 1781 2383 1852 Incorporatum
2408 1780 2693 1851 praedicat
2718 1780 3110 1850 phantastice.

2224 1870 2420 1925 XXXV.
2464 1900 2527 1909 -
2562 1870 2631 1923 In
2663 1877 2927 1926 sanctam
2958 1872 3296 1943 Deiparam.

1937 1960 2155 2014 Pictam
2182 1959 2241 2013 in
2274 1958 2494 2013 tabella
2518 1961 2595 2023 te,
2628 1958 2729 2013 Dei
2758 1965 2964 2025 mater,
2999 1962 3231 2029 videns,

1933 2047 2114 2102 Venio
2149 2051 2208 2102 ut
2236 2048 2483 2101 adorem
2515 2062 2721 2103 amore
2755 2047 2966 2118 plenus
2992 2066 3062 2105 ac
3094 2059 3275 2108 metu.

1931 2138 2080 2191 Nam
2107 2142 2305 2191 tantus
2344 2136 2407 2190 in
2439 2142 2492 2191 te
2524 2137 2725 2204 gratias
2751 2138 3211 2207 exundatlatex,

1934 2225 1999 2280 Ut
2028 2226 2161 2297 ipsa
2190 2224 2268 2280 ab
2301 2224 2516 2280 umbra
2547 2223 2847 2295 proﬂuant
2879 2227 3190 2287 miracula.

2484 2321 2713 2376 XXXVI.
2747 2353 2815 2362 —
2834 2324 3045 2380 Aliud.

1933 2418 2313 2474 Consimilem
2343 2419 2405 2473 in
2436 2418 2594 2474 ulnis
2627 2425 2817 2475 mater
2844 2420 3130 2479 infantem
3166 2425 3328 2493 mihi,

1932 2506 2225 2563 Christum
2261 2510 2518 2563 universi
2553 2508 2905 2580 principem,
2933 2514 3156 2582 pictum
3182 2530 3348 2583 gero,

1928 2598 2281 2652 Eternitatis
2311 2597 2665 2651 emicantem
2694 2596 2942 2670 lumine,

1929 2686 2258 2756 Terrasque
2296 2685 2506 2741 fraude
2536 2684 2887 2742 liberantem
2920 2688 3290 2748 daemonum.

2451 2773 2705 2828 XXXVII.
2742 2804 2807 2814 —
2831 2776 3041 2837 Aliud.

1932 2861 2103 2928 Quod
2130 2868 2318 2918 mater
2346 2878 2408 2917 es
2439 2862 2563 2928 Dei,
2592 2864 2837 2932 angelos
2867 2870 3296 2938 superemines.

1928 2953 2078 3007 Nam
2104 2951 2371 3007 contueri
2400 2967 2583 3022 quem
2612 2959 2886 3007 verentur
2918 2957 3136 3024 angeli,

1932 3039 2100 3095 Hunc
2126 3040 2257 3111 ipsa
2284 3039 2451 3110 puris
2483 3040 2689 3095 Filium
2724 3042 3002 3097 manibus
3028 3045 3205 3115 geris.

2446 3136 2725 3191 XXXVIII.
2760 3168 2827 3178 —
2848 3140 3059 3196 Aliud.

1928 3236 2101 3292 Gesto
2127 3234 2185 3289 in
2218 3232 2436 3290 tabella
2466 3234 2695 3298 Filium,
2730 3241 2792 3289 ut
2822 3241 3075 3293 matrem
3102 3239 3290 3311 decet,

1928 3326 1999 3380 Ut
2037 3328 2195 3378 certa
2235 3321 2474 3377 soboles
2506 3323 2709 3376 matris
2736 3322 2875 3378 hinc
2906 3325 3135 3383 eluceat
3168 3345 3179 3383 :

1929 3412 2059 3478 Qui,
2092 3427 2213 3484 qua
2238 3411 2390 3483 patri
2423 3411 2748 3466 consimilis
2770 3418 2879 3479 est,
2908 3415 3072 3485 pingi
3106 3420 3331 3492 nequit.

1926 3503 2149 3557 Natura
2177 3500 2400 3572 duplex
2423 3502 2648 3572 quippe
2675 3500 2733 3554 in
2765 3501 2861 3556 illo
2893 3507 3174 3561 cernitur.

2265 3598 2482 3653 XXXIX.
2508 3626 2575 3637 —-
2599 3597 2669 3652 In
2700 3598 2958 3669 imagine
2989 3602 3234 3661 Christi.

1925 3694 2179 3761 Artiﬁce,
2207 3696 2481 3765 quamvis
2513 3711 2648 3749 sum
2686 3697 2860 3763 Deus,
2888 3699 3100 3769 pingor
3132 3719 3335 3775 manu,

3455 292 3597 363 1⁵794

1926 3787 2201 3840 Humana
2224 3784 2513 3855 quoniam
2538 3784 2679 3839 mihi
2712 3802 2951 3858 quoque
2981 3796 3067 3845 est
3097 3793 3432 3852 substantia
3465 3813 3479 3852 :

1927 3872 2271 3944 Umbraque
2299 3873 2518 3942 ubique
2544 3875 2626 3927 sic
2652 3874 2872 3931 adoror
2893 3878 2952 3931 in
2982 3895 3137 3949 mea,

1926 3962 1999 4016 Ut
2019 3962 2181 4016 nulla
2201 3961 2448 4016 honoris
2484 3962 2777 4030 perferam
2805 3964 3179 4025 discrimina.

2287 4050 2389 4103 XL.
2413 4080 2480 4088 —
2512 4051 2582 4104 In
2616 4054 2898 4119 templum
2928 4056 3222 4126 Deiparaa.

1926 4138 2077 4192 Dum
2104 4138 2295 4192 cernis
2326 4138 2519 4193 aadem
2551 4138 2824 4210 Virginis,
2856 4152 3112 4199 mentem
3145 4147 3425 4206 admove.

1926 4229 2007 4282 Ex
2034 4242 2155 4299 quo
2181 4226 2313 4298 ipsa
2343 4227 2634 4297 templum
2661 4235 2749 4282 est
2774 4228 2931 4286 facta
2957 4236 3253 4292 nascentis
3282 4238 3403 4303 Dei,

1925 4316 2182 4387 Templis
2208 4315 2431 4387 ubique
2453 4315 2719 4384 gentium
2743 4318 2955 4374 colitur
2985 4325 3134 4381 suis.

2522 4404 2649 4459 XLI.
2684 4436 2750 4445 —
2778 4408 2988 4463 Aliud.

1851 4490 1897 4545 D
1924 4492 2127 4549 Mundi
2154 4497 2461 4565 parentem
2490 4508 2628 4548 cum
2655 4494 2823 4549 vides
2852 4497 2913 4551 in
2943 4514 3215 4572 corpore,

1926 4583 2071 4637 Cum
2098 4582 2303 4645 matre,
2334 4582 2490 4651 picta
2519 4581 2863 4639 dedicatum
2888 4588 3149 4656 imagine
3174 4609 3187 4659 ;

1925 4671 2046 4726 Hoc
2072 4671 2450 4742 obstupesce,
2479 4672 2788 4741 quomodo
2819 4674 3016 4730 infans
3039 4679 3112 4733 sit
3142 4679 3320 4745 Deus,

1924 4759 2130 4832 Nilque
2160 4759 2238 4816 ad
2268 4760 2523 4816 salutem
2553 4776 2674 4815 non
2706 4769 2847 4831 agat
2874 4766 3215 4824 mortalium
3246 4789 3257 4828 :

1927 4850 1994 4905 Ut
2020 4848 2226 4905 mortis
2256 4849 2315 4903 in
2344 4865 2407 4903 se
2441 4849 2745 4920 proferens
2778 4854 3149 4923 sententiam,

1923 4938 2257 4993 Divinitatis
2286 4937 2496 4993 liberet
2521 4954 2631 4992 nos
2657 4939 2901 4996 viribus.

1923 5027 2093 5092 Quod
2122 5025 2235 5082 ista
2259 5033 2561 5098 reputans,
2589 5027 2853 5099 Deiparae
2881 5035 3045 5089 casta
3073 5033 3313 5094 exhibet

1925 5117 2065 5182 Sua,
2095 5116 2325 5187 virique
2355 5131 2463 5187 pro
2485 5116 2692 5181 salute,
2727 5135 2996 5177 munera.

2184 5213 2340 5270 XLII.
2371 5243 2437 5256 -
2466 5213 2539 5270 In
2569 5215 2853 5272 cibarium
2886 5220 3306 5282 Prwcursoris.

1922 5314 2132 5370 Mensas
2162 5317 2406 5368 sacratas
2437 5313 2795 5383 conspicans
2822 5318 3194 5386 operculum,

1922 5402 2083 5456 Hanc
2111 5406 2172 5456 tu
2201 5401 2507 5456 cohortem
2529 5403 2723 5469 cogita
2749 5402 3143 5461 Cherubicam
3172 5426 3184 5464 :

1920 5492 2068 5547 Nam
2099 5489 2361 5546 Christus
2385 5490 2543 5545 intus
2578 5493 2838 5562 mysticis
2868 5494 3041 5549 adest
3070 5498 3276 5564 sacris,

1921 5579 2257 5638 leestium
2277 5578 2437 5636 idem
2453 5579 2747 5639 Dominus
2765 5597 2835 5637 ac
2860 5586 3114 5640 terrestri
3127 5602 3227 5645 um
3240 5624 3256 5648 .
