4038 6312
451 475 457 481 .
782 416 914 472 ΝΘ’.
940 448 1011 460 -
1039 415 1242 471 Ἀλλο.

209 514 319 571 Πᾶς
350 509 377 561 ὁ
405 510 618 583 γράφων
644 526 729 580 με,
762 511 845 559 καὶ
886 508 1101 579 γράφειν
1130 509 1360 579 Χριστὸν
1391 505 1518 560 θελε.

210 597 454 672 Ἐπείπερ
487 597 643 659 αύτὸς
673 596 1063 668 συμπέπλεκταί
1088 614 1178 667 μοι
1208 597 1381 649 πάθει.

211 686 370 759 Ἐμοῦ
391 688 491 759 γὰρ
524 688 736 759 ἑχθρός,
767 689 857 737 καὶ
882 686 1194 757 καθαιρέτης
1225 684 1381 751 πέλει,

205 774 269 829 ⁸0
299 780 371 848 μὴ
402 776 613 849 γράφων
644 772 855 840 ἐκεῖνον,
888 774 931 825 εἰ
960 777 1049 825 καί
1078 793 1141 844 με
1168 776 1373 848 γράφει.
1446 814 1449 819 ι

693 860 765 918 Ξ.
799 893 864 903 --
895 867 1342 933 Μονόστιχον.

208 953 443 1027 Βροτοὺς
473 947 755 1023 δαδουχῶ,
782 956 872 1003 καὶ
909 958 1331 1025 σκοταρχοῦντας
1363 950 1553 1022 φλέγω.

533 1038 656 1095 ΞΔ’.
698 1070 769 1081 —
800 1039 909 1100 Εἰς
946 1043 1050 1090 τὸν
1091 1036 1489 1113 Πρόδρομον.

210 1129 377 1184 Εἰκὼν
407 1131 635 1202 ὑπάρχω
664 1136 755 1181 τοῦ
788 1126 1043 1180 σεϐαστοῦ
1085 1124 1415 1201 Προδρόμου.

213 1224 317 1273 Καὶ
346 1222 467 1280 τοὺς
498 1219 641 1289 πόθῳ
665 1236 730 1289 με
758 1224 1177 1290 προσκυνοῦντας
1208 1216 1384 1281 ἀξίως,

207 1306 309 1369 Ὠς
333 1307 405 1369 εἰς
429 1306 615 1359 ἐκεῖνον
644 1310 739 1365 τὴν
767 1310 925 1376 τιμὴν
955 1309 1314 1372 ποιουμένους,

215 1402 384 1457 Σώους
419 1396 640 1468 φύλαττε
668 1395 1028 1468 αἱρετιζόντων
1052 1394 1269 1457 πλάνης.

211 1483 326 1541 ΞΒ’.
391 1514 439 1525 -
488 1484 595 1545 Εἰς
633 1487 742 1536 τὸν
780 1483 962 1555 ἅγιον
1006 1483 1300 1541 Ἰωάννην
1338 1487 1444 1535 τόν
1482 1482 1807 1554 Θεολόγον.

212 1580 433 1647 Βροντῆς
458 1577 544 1625 τὸν
584 1574 717 1639 υἱὸν,
761 1571 1036 1644 ἀστραπὴν
1066 1576 1160 1630 τὴν
1189 1580 1281 1625 τοῦ
1311 1572 1489 1643 λόγου,

209 1667 375 1736 Ὁρῶν
408 1681 465 1714 σε
490 1664 722 1736 γραπτὸν
750 1669 1043 1735 φωτιοῦμαι
1072 1670 1193 1724 τοῦς
1220 1666 1359 1724 νόας.

212 1755 281 1804 Σὺ
311 1753 410 1825 γὰρ
442 1749 722 1823 προσάψας
749 1754 950 1821 πυρσόν
981 1749 1253 1825 ἀφθάρτων
1284 1752 1464 1821 λόγων,

212 1847 392 1894 Λῦσαι
421 1842 625 1913 φθάνεις
656 1842 742 1891 τὸν
781 1844 975 1911 κόσμον
1012 1841 1067 1891 ἐκ
1095 1844 1313 1901 σκότους
1343 1841 1558 1902 πλάνης.

268 1933 380 1983 ΞΓ·
416 1929 523 1990 Εἰς
560 1932 667 1981 τὸν
705 1928 887 2000 ἅγιον
930 1928 1176 1981 Παῦλον
1218 1932 1320 1981 τόν
1362 1927 1745 1983 ἀπόστολον.

213 2024 455 2091 Χαίροις,
476 2014 689 2090 δοχείον
716 2022 952 2088 γνώσεως
982 2024 1108 2071 Θεοῦ
1134 2023 1289 2090 μέγα,

213 2109 301 2172 Ἐξ
330 2108 391 2160 οὗ
421 2110 486 2160 τὰ
517 2109 629 2160 θεῖα
654 2110 834 2168 πάντες
865 2106 1109 2159 ἀντλοῦσι
1136 2106 1363 2181 σφόδρα.

214 2198 303 2253 Ἐκ
332 2201 433 2270 γὰρ
469 2196 669 2257 πλάνης
706 2199 770 2247 σὺ
801 2200 997 2268 κόσμον
1025 2195 1293 2257 ἐκσπάσας
1324 2198 1455 2261 ὅλον,

213 2287 298 2348 Εἷς
327 2284 455 2358 ὕψος
485 2281 653 2351 ἦλθες,
684 2284 868 2359 ύρανόν
890 2290 1063 2359 τρίτον
1094 2286 1325 2357 φθάσας,

1842 1751 1890 1809 Β

426 2372 535 2430 EA’.
580 2403 649 2415 —
706 2374 816 2437 Εἰς
869 2378 973 2426 τόν
1011 2374 1196 2445 ἅγιον
1237 2380 1597 2451 Ζαχαρίαν.

213 2468 281 2519 Σὺ
306 2473 403 2517 τῶν
432 2472 706 2536 προφητῶν
727 2467 814 2515 τόν
852 2469 1099 2535 μέγιστον
1126 2464 1385 2534 αύγάσας,

215 2560 350 2609 Θεοῦ
377 2558 647 2626 προφήτης
676 2552 1029 2625 χρηματίζεις
1061 2559 1151 2606 καὶ
1178 2556 1335 2614 θύτης
1359 2572 1372 2584 ·

217 2646 428 2716 Καρπὸν
458 2638 518 2694 δί
551 2644 683 2694 θεῖον
711 2646 1012 2715 προσφέρων
1038 2650 1110 2711 τῷ
1136 2648 1394 2715 Δεσπότη,

216 2734 332 2805 Θύη
366 2750 614 2805 μαχαίρᾳ
644 2732 743 2803 πρό
775 2733 1035 2802 τραπέζης
1062 2736 1279 2803 Κυρίου.

430 2821 543 2875 ΞΕΥ.
582 2848 650 2859 -
680 2818 794 2880 Εἰς
833 2822 938 2870 τὸν
1006 2818 1189 2891 ἅγιον
1241 2823 1598 2876 Διονύσιον.

218 2910 387 2970 Πολὺς
414 2910 481 2960 τὰ
505 2909 614 2960 θεῖα
641 2908 1014 2981 χρηματίζων,
1046 2910 1369 2983 τρισμάκαρ,

214 3001 349 3060 Τοὺς
388 2995 633 3068 ἀγγέλους
666 3000 732 3048 σύ
771 3005 1041 3068 μυστικῶς
1083 2993 1421 3072 διαγράφειρ,

220 3092 320 3141 Καὶ
347 3088 707 3160 συμπεραίνων
737 3091 911 3139 πᾶσαν
945 3087 1239 3160 ἱεραρχίαν,
1846 3093 1889 3149 C,

216 3181 314 3231 Τὸν
344 3181 539 3246 κόσμον
569 3176 705 3227 ἔνθεν
734 3171 1011 3248 δογμάτων
1042 3175 1259 3249 πληροῖς
1290 3176 1492 3232 πλάτει.

443 3263 588 3346 Erg.
620 3298 691 3308 _
721 3264 829 3326 Εἰς
864 3268 970 3317 τὸν
1009 3263 1192 3335 ἅγιον
1234 3265 1588 3321 Βασίλειον.

216 3352 533 3430 Ἠστραψας
561 3356 713 3429 αἶγλῃ
747 3361 839 3407 τοῦ
866 3360 1073 3425 φαεινοῦ
1099 3372 1193 3405 σου
1222 3352 1365 3426 βίον,

220 3448 322 3497 Καὶ
344 3441 644 3520 φαιδρύνας
664 3449 750 3499 τόν
770 3448 966 3514 κόσμον
988 3444 1165 3515 ἔργοις
1204 3448 1292 3495 καὶ
1321 3443 1516 3515 λόγοις.

220 3531 408 3587 Λαϐὼν
441 3532 499 3587 δὲ
530 3540 623 3598 τὰς
651 3534 788 3596 κλεῖς
812 3530 996 3591 καύτός
1025 3534 1095 3592 ὡς
1128 3534 1319 3604 Πέτρος
1339 3536 1466 3601 νέος,

219 3621 391 3686 Φύλαξ
418 3624 674 3699 ὑπάρχεις
703 3632 795 3685 τῆς
820 3624 999 3682 πάσης
1024 3619 1351 3683 Ἐκκλησίας.

216 3712 335 3769 ΞΖ’,
371 3714 563 3776 -Εἰις
615 3716 718 3767 τὸν
774 3710 958 3782 ἅγιον
1011 3714 1369 3785 Γρηγόριον
1426 3715 1531 3765 τόν
1595 3711 1819 3768 Θεολό-

952 3809 1083 3861 γον.

219 3887 448 3956 Βροντῶν
478 3884 544 3935 τὰ
570 3884 682 3936 θεῖα
705 3889 767 3954 τῇ
794 3879 894 3953 βοῇ
928 3886 1027 3931 τῶν
1055 3875 1354 3951 δογμάτων,

216 3969 466 4043 Ἦχησας
496 3974 649 4045 ὅντως
690 3974 780 4029 τὴν
806 3969 893 4021 ὑπ’
924 3966 1159 4040 ούρανόν,
1191 3971 1389 4043 μάκαρ.

220 4065 322 4113 Καὶ
351 4061 526 4123 πάσας
557 4060 715 4133 ἀπρὶξ
745 4059 988 4132 μωράνας
1016 4057 1260 4127 αἱρέσεις,

216 4153 317 4202 Τόν
354 4154 551 4221 κόσμον
572 4147 850 4223 έστήριξας
871 4145 919 4197 ἐν
948 4152 1059 4206 τοῖς
1096 4152 1209 4209 σοῖς
1230 4146 1425 4218 λόγοις.

213 4248 343 4300 ΞΒ’.
372 4276 439 4288 --
469 4246 573 4308 Εἰς
610 4249 715 4298 τὸν
756 4244 944 4316 ἅγιον
987 4248 1346 4319 Γρηγόριον
1384 4248 1492 4299 τόν
1522 4249 1818 4319 Θαυματ-

901 4316 1151 4390 ουργόν.

214 4405 307 4468 Ὠς
332 4406 478 4467 ἥλιός
496 4425 574 4468 τις
602 4408 652 4458 ἓν
683 4404 786 4478 βίῳ
809 4403 1021 4475 λάμψας
1046 4407 1227 4475 μέγας,

219 4493 597 4556 Διασκεδάζεις
621 4498 783 4546 νύκτα
807 4502 902 4554 τῆς
933 4494 1239 4565 μοχθηρίας
1270 4509 1282 4523 ο

218 4585 325 4639 Καὶ
357 4586 762 4657 θαυματουργῶν
794 4590 891 4634 τῶν
918 4589 1231 4655 προσευχῶν
1268 4590 1338 4652 τῷ
1362 4601 1497 4653 φαει.

219 4668 593 4733 Ἀπεκδιώκεις
626 4667 887 4742 δαιμόνων
929 4674 1124 4740 σμήνη,
1169 4669 1357 4741 Πάτερ.

434 4758 560 4816 ΞΘ’.
594 4791 661 4801 -
703 4759 813 4820 Εἰς
848 4761 955 4810 τόν
994 4757 1181 4829 ἅγιον
1212 4759 1604 4831 Ἐπιφάνιον.

216 4846 507 4923 Ἑωσφόρον
540 4867 597 4902 σε
621 4848 852 4923 πράξεως
882 4848 912 4905 ἡ
946 4847 1274 4920 λαμπρότης,

219 4936 456 5001 Ἒδειξεν
477 4937 597 5009 ὕψει
623 4947 720 4990 τῶν
750 4941 1008 5010 μεγίστων
1042 4938 1339 5008 θαυμάτων.

1853 4442 1900 4498 Ι)

217 5028 309 5092 Ἐξ
338 5029 397 5089 ἧς
426 5031 491 5081 τὰ
512 5030 696 5103 ῥεῖθρα
720 5027 1043 5100 πλημμυρῶν
1072 5035 1169 5078 τῶν
1203 5023 1499 5099 δογμάτων.

224 5119 437 5171 Πάντων
467 5117 713 5193 θρίαμϐος
744 5118 1104 5189 αἰρετιζόντων
1136 5114 1321 5178 πέλεις.

225 5205 541 5268 0¹.---Εἰς
576 5210 681 5259 τὸν
720 5207 907 5277 ἅγιον
949 5204 1272 5275 ἰγνάτιον
1327 5202 1431 5258 τόν
1473 5208 1820 5280 Θεοφόρον.

226 5294 401 5367 Ἐχων
439 5298 603 5369 ἔρωτα
632 5297 859 5370 Χριστὸν
888 5298 937 5346 ἓν
963 5301 1026 5365 σῇ
1070 5289 1287 5368 καρδίᾳ.

222 5383 555 5440 Ἀποστόλων
580 5388 842 5446 σύσκηνος
866 5386 1062 5456 ὤφθης,
1084 5386 1382 5457 τρισμάκαρ
1408 5401 1420 5415 ·

226 5471 440 5535 Ἄθλοις
463 5470 520 5526 δι
547 5476 749 5549 θερμοῖς
775 5472 1092 5545 ἔκφλογίζων
1130 5476 1222 5531 τήν
1255 5472 1476 5540 πλάνην,

221 5562 552 5627 Ἐπιστολαις
584 5582 678 5618 σου
710 5562 911 5627 Παῦλος
949 5560 1095 5623 ἄλλος
1121 5581 1198 5625 τις
1228 5560 1422 5625 πέλεις.

1778 266 2005 349 IAMBi.

1844 416 1891 475 Α

3427 291 3568 350 1798

2490 414 2639 470 LIX.
2675 445 2744 454 —-
2782 416 2992 473 Aliud.

1920 502 2272 574 Quicunque
2302 502 2497 574 pingis
2531 520 2642 569 me,
2687 503 2867 559 simul
2896 506 3193 561 Christum
3224 507 3369 562 velis

1920 591 2208 657 Pinxisse,
2242 597 2427 646 morte
2465 608 2605 647 nam
2638 592 2952 661 colligatus
2988 595 3129 649 mihi
3159 601 3269 651 est.

1921 681 2321 735 Exterminare
2347 696 2439 734 me
2480 686 2669 751 parat,
2704 682 2751 733 si
2783 683 2917 753 quis
2950 689 3159 754 typum

1921 768 2062 840 Ejus
2091 774 2319 824 recuset
2349 770 2611 839 pingere,
2655 774 2710 825 et
2741 771 2949 840 pingat
2977 766 3199 828 meum.

2404 860 2502 913 LX.
2532 889 2596 897 —
2629 859 3082 917 Monostichum.

1921 945 2261 1001 Mortalibus
2294 963 2426 1000 sum
2457 946 2578 1012 lux,
2612 954 2667 1001 et
2699 964 2805 1002 uro
2834 949 3171 1006 daemonas.

2348 1034 2477 1089 LXI.
2508 1066 2577 1075 —
2609 1037 2680 1090 In
2700 1038 3112 1094 Prodromum.

1918 1122 2125 1193 Imago
2156 1139 2289 1178 sum
2322 1124 2665 1179 veneranda
2698 1127 2898 1195 magni
2922 1127 3236 1185 Prodromi
3269 1146 3282 1185 :

1920 1212 1987 1265 Et
2018 1227 2112 1265 me
2140 1210 2367 1265 lubenti
2398 1212 2500 1283 qui
2528 1212 2732 1267 colunt
2771 1214 2993 1279 animo,
3029 1223 3089 1271 ut
3129 1218 3318 1272 decet.

1919 1302 2130 1354 Sancte
2156 1298 2500 1354 exhibentes
2529 1316 2711 1371 quem
2744 1302 2887 1356 mihi
2920 1304 3145 1359 cultum
3168 1306 3472 1372 exhibent,

1922 1390 2036 1444 Hos
2070 1390 2194 1457 ipse
2220 1404 2422 1443 serves
2455 1388 2695 1443 haeresis
2727 1392 3029 1460 contagio.

2027 1476 2189 1531 LXII.
2228 1507 2292 1516 —
2322 1476 2395 1531 In
2422 1484 2693 1533 sanctum
2732 1478 3020 1536 Joannem
3067 1483 3447 1555 Theotogam.

1921 1564 2210 1637 Verbique
2236 1565 2452 1634 fulgur,
2484 1571 2540 1621 et
2565 1567 2800 1621 tonitrui
2831 1568 3010 1635 ﬁlius,

1921 1655 2053 1709 Mihi
2081 1653 2212 1709 luce
2243 1654 2511 1724 comples
2541 1661 2829 1721 mentum,
2857 1658 2953 1713 ubi
2983 1660 3206 1730 pictum
3233 1662 3485 1719 intucor.

1923 1741 2087 1797 Potes
2117 1758 2365 1798 corusca
2397 1758 2659 1814 namque
2684 1761 3029 1804 sermonum
3057 1748 3205 1815 face,

1922 1831 2144 1886 Erroris
2188 1832 2436 1887 umbras
2470 1833 2615 1887 orbe
2650 1839 2771 1888 toto
2804 1834 3041 1905 pellere.

2062 1920 2241 1975 LXIII.
2284 1951 2339 1961 -—
2381 1922 2453 1975 In
2488 1928 2757 1977 sanctum
2780 1924 3041 1981 Paulum
3072 1930 3428 1997 apostolum.

1918 2009 2113 2075 Salve,
2144 2026 2180 2064 o
2212 2026 2489 2080 supernae
2522 2012 2749 2079 grande
2785 2029 2888 2069 vas
2920 2015 3221 2072 scientiae:

1921 2101 1999 2153 Ex
2029 2114 2151 2170 quo
2180 2099 2433 2153 universi
2461 2114 2676 2171 nempe
2707 2101 2906 2157 divina
2938 2103 3246 2161 hauriunt.

1921 2190 2024 2242 Per
2046 2194 2100 2242 te
2124 2187 2363 2257 fugatus
2390 2187 2533 2243 orbe
2558 2195 2883 2262 postquam
2916 2208 3079 2249 error
3109 2193 3234 2261 fuit,

1920 2276 2156 2333 Tolleris
2186 2277 2262 2331 ad
2286 2277 2426 2340 alta,
2460 2279 2670 2333 emtum
2699 2281 2775 2335 ad
2809 2297 2994 2352 usque
3028 2286 3283 2340 tertium.

2182 2366 2359 2421 LXIV.
2395 2398 2458 2406 —
2491 2367 2557 2421 In
2585 2372 2857 2425 sanctum
2884 2371 3275 2429 Zachariam.

1919 2457 2003 2510 Tu
2032 2455 2135 2526 qui
2166 2459 2525 2525 prophetam
2550 2458 2883 2527 pradicasti
2911 2460 3267 2527 maximum,

1921 2543 2021 2597 Dei
2046 2543 2327 2598 sacerdos
2358 2550 2413 2598 et
2439 2544 2730 2615 propheta
2761 2547 2974 2602 diceris
3003 2565 3015 2602 :

1922 2632 2296 2703 Dominoque
2325 2631 2581 2687 fructum
2605 2635 2711 2688 rite
2750 2634 3023 2691 divinum
3045 2637 3322 2705 offerens,

1920 2723 2201 2776 Mactatus
2232 2736 2394 2787 ense,
2421 2722 2661 2777 victima
2682 2728 2816 2779 ante
2846 2740 3014 2780 aram
3047 2727 3231 2786 cadis.

2219 2811 2367 2865 LXV.
2392 2840 2460 2851 —
2488 2810 2561 2865 In
2588 2818 2859 2868 sanctum
2898 2814 3265 2884 Dionysium.

1924 2897 2079 2953 Felix
2111 2898 2315 2964 nimis,
2345 2898 2547 2954 divina
2572 2900 2668 2954 cui
2700 2902 2907 2957 datum
2936 2902 3160 2975 eloqui,

1924 2988 1990 3041 Et
2019 2986 2369 3056 angelorum
2404 3004 2624 3043 arcana
2653 3005 2910 3061 quaeque
2942 2993 3237 3061 pandere:

1926 3075 2283 3147 Complexus
2312 3092 2490 3131 omne
2522 3077 2817 3149 quidquid
2844 3085 2930 3133 est
2959 3080 3328 3149 hierarchia',

1928 3163 2227 3235 Multiplici
2260 3165 2555 3220 mundum
2581 3166 2719 3221 inde
2755 3168 3029 3225 doctrina
3058 3172 3273 3242 reples.

2244 3254 2417 3311 LXVI.
2450 3285 2519 3296 —
2539 3256 2609 3309 In
2634 3264 2906 3313 sanctum
2947 3260 3259 3315 Basiliam.

1928 3342 2067 3396 Vitas
2096 3342 2322 3397 refulsit
2345 3343 2628 3414 splendor
2659 3345 2915 3401 eximius
2948 3353 3084 3415 tuae,

1930 3431 2238 3503 Factisque
2268 3432 2565 3487 mundum
2600 3434 2820 3504 pariter
2845 3442 2898 3490 et
2926 3436 3124 3493 verbis
3158 3439 3327 3495 beas.

1927 3522 2008 3574 Ac
2038 3521 2163 3591 ipse
2193 3520 2411 3589 claves,
2445 3522 2590 3577 alter
2624 3528 2683 3578 ut
2714 3526 2936 3590 Petrus,
2971 3541 3209 3593 gerens,

1929 3608 2200 3664 Ecclesia:
2236 3625 2388 3665 unus
2419 3611 2708 3666 universae
2736 3616 3055 3685 prospicis.

2002 3700 2198 3754 LXVII.
2227 3729 2296 3740 -—
2325 3700 2396 3756 In
2425 3707 2697 3757 sanctum
2726 3704 3074 3773 Gregorium
3120 3704 3502 3777 Theologum.

1930 3869 2072 3934 Quae
2103 3872 2164 3923 tu
2193 3869 2418 3941 potenti
2448 3886 2593 3925 voce
2621 3870 2821 3926 tudisti
2852 3877 3069 3928 tonans

1929 3956 2204 4024 Oracula,
2232 3958 2453 4027 omnis,
2479 3958 2634 4025 dive,
2666 3960 2932 4015 mundus
2958 3961 3146 4017 audiit
3173 3980 3185 4018 :

1928 4046 2347 4117 Perimensque
2373 4052 2615 4103 cunctas
2644 4048 2901 4103 haereses
2932 4049 3240 4118 radicitus,

1929 4134 2147 4191 Orbem
2180 4136 2521 4191 universum
2555 4152 2751 4191 sermo
2782 4137 3043 4193 ﬁrmavit
3071 4144 3234 4194 tuus.

1930 4241 2129 4296 LXVII.
2162 4271 2231 4282 —
2258 4242 2326 4298 In
2345 4248 2619 4298 sanctum
2647 4243 2996 4313 Gregorium
3035 4245 3578 4318 Thaumaturgum.

1932 4402 2097 4456 Haud
2132 4401 2301 4457 aliter
2325 4418 2394 4458 ac
2426 4402 2513 4458 sol
2546 4402 2785 4475 aliquis,
2818 4403 2880 4458 in
2912 4405 3035 4460 vita
3076 4405 3330 4477 micans,

1932 4491 2233 4548 Scelerum
2262 4490 2588 4547 nefandam
2616 4492 2842 4564 disjicis
2868 4493 3213 4565 caliginem.

1930 4582 2177 4636 Precum
2208 4586 2263 4636 et
2288 4584 2527 4635 tuarum
2557 4581 2643 4635 vis
2674 4588 2917 4651 patraus
2951 4585 3261 4650 miracula,

1931 4669 2138 4725 Procul
2165 4673 2433 4725 catervas
2461 4669 2809 4726 dmmonum
2836 4671 3020 4742 fugat,
3055 4673 3240 4727 Pater.

2182 4758 2359 4815 LXIX.
2390 4789 2457 4799 —
2482 4757 2555 4813 In
2586 4766 2858 4816 sanctum
2889 4760 3324 4829 Epiphaniam.

1930 4848 2175 4902 Divinus
2200 4863 2450 4918 operum
2485 4847 2699 4916 fulgor,
2732 4855 2910 4921 atque
2942 4850 3255 4906 excelsitas

1932 4935 2369 5001 Miraculorum,
2404 4936 2821 5008 phosphorum
2852 4945 2902 4993 te
2937 4940 3225 5010 prmstitit.

1932 5025 2222 5081 Doctrina:
2253 5029 2308 5079 et
2338 5025 2510 5080 alma;
2534 5024 2703 5095 larga
2746 5026 2949 5082 fundis
2980 5027 3258 5097 ﬂumina,

1932 5114 2106 5170 Victis
2138 5113 2469 5185 triumphos
2500 5114 2798 5170 bmresum
2828 5118 3000 5171 sectis
3029 5134 3241 5186 agens.

2042 5204 2184 5258 LXX.
2215 5231 2267 5243 -ι
2311 5202 2379 5257 In
2409 5209 2680 5258 sanctum
2706 5203 3006 5274 Ignatium
3036 5206 3473 5277 Theophorum.

1933 5293 2151 5349 Gerens
2172 5292 2231 5346 in
2258 5290 2376 5347 alto
2409 5292 2615 5347 Christi
2645 5309 2913 5348 amorem
2943 5301 3208 5367 pectore,

1932 5370 2352 5453 ApostolOrum
2383 5380 2544 5435 visus
2572 5395 2634 5436 es
2665 5381 2800 5437 felix
2832 5397 3055 5437 comes.

1932 5474 2200 5527 Errorem
2229 5475 2286 5527 et
2314 5472 2434 5527 acri
2462 5486 2822 5543 persequens
2854 5473 3197 5545 certamine,

1933 5560 2128 5618 Alium
2157 5564 2270 5617 tuis
2301 5561 2360 5617 in
2391 5561 2659 5634 epistolis
2687 5561 2937 5619 Paulum
2961 5562 3235 5628 exhibes.
