4038 6312
492 296 626 364 {7‘99
1745 285 1806 354 S.
1847 286 2217 354 renonum
2259 283 2584 351 STTDITAE

751 428 922 484 LXXI.
947 458 1013 468 —
1045 427 1112 480 In
1141 430 1413 481 sanctum
1444 423 1872 481 Athanasium.

487 520 633 574 Nam
664 516 798 588 quis
827 516 1087 580 labores,
1113 515 1322 586 praelia
1352 520 1407 568 et
1438 520 1538 569 tua
1567 514 1840 584 explicet,

485 605 715 662 Athleta
747 620 964 673 magne
984 604 1011 657 ?
1033 610 1095 657 tu
1121 603 1542 672 magistrorum
1571 603 1776 658 decus.

488 697 635 751 Nam
665 710 772 766 pro
802 697 938 758 Deo,
973 693 1229 762 gigantis
1264 692 1470 759 instar,
1501 692 1815 758 dimicans,

487 786 695 840 Hostes
728 782 1104 854 triumphans
1133 780 1439 850 dissipasti
1462 780 1778 852 pessimos.

845 871 1037 926 LXXII.
1069 899 1140 911 --
1173 871 1240 924 In
1270 869 1776 939 Chrysostomum.

490 964 534 1020 Ο
560 962 662 1034 qui
689 961 966 1034 perennis
996 959 1351 1031 eloquentiae
1379 975 1595 1015 aureos

489 1053 700 1107 Fontes
729 1049 1007 1113 recludis,
1037 1054 1255 1104 cuncta
1290 1053 1583 1103 terrarum
1609 1047 1789 1118 irriga
1815 1063 1824 1100 :

488 1139 761 1195 Pandens
788 1137 996 1194 salutis
1023 1142 1078 1192 et
1105 1138 1262 1192 viam
1299 1137 1668 1206 mortalibus,

491 1229 710 1284 Omnes
738 1227 914 1282 beato
942 1225 1206 1281 caelitum
1236 1226 1400 1294 gregi
1425 1227 1638 1280 insere.

773 1315 1000 1371 LXXIII.
1037 1347 1103 1354 —
1132 1314 1204 1369 In
1222 1322 1495 1370 sanctum
1530 1315 1853 1384 Cyrillum.

487 1407 645 1462 Tuus
674 1411 797 1462 arte
830 1405 1016 1460 multa
1046 1419 1378 1472 congerens
1413 1420 1616 1459 sacras
1649 1419 1820 1474 opes.

489 1495 706 1551 Ditavit
729 1494 938 1550 orbem
972 1493 1357 1564 postmodum
1383 1494 1656 1564 egregius
1687 1492 1891 1548 labor:

491 1583 745 1640 Profana
774 1591 1043 1651 retegens
1073 1597 1372 1653 paeresum
1403 1587 1459 1637 et
1492 1583 1804 1653 mysteria,

495 1673 737 1729 Sincera
766 1671 1005 1743 p0pulis
1035 1670 1371 1741 praedicasti
1396 1670 1704 1739 dogmata.

563 1762 780 1817 LXXIV.
815 1789 882 1800 —
910 1760 982 1814 In
1010 1765 1282 1815 sanctum
1317 1758 1668 1828 Gregorium
1710 1760 2069 1829 Nyssenum.

495 1852 848 1908 Sermonum
883 1849 1175 1919 aperiens,
1210 1847 1369 1913 Dive,
1399 1847 1626 1904 fontem
1657 1848 1947 1913 dulcium,

494 1941 748 1997 Omnem
779 1937 994 2008 fugasti
1022 1937 1246 1992 lumine
1287 1938 1509 2007 ingenii
1538 1937 1816 1994 haeresim
1845 1960 1858 1993 :

494 2029 761 2100 Novique
787 2027 957 2083 Mosis
985 2025 1274 2097 inclytum
1307 2041 1528 2082 nomen
1559 2043 1790 2097 gerens,

497 2119 712 2172 Ductor
741 2116 1042 2185 gubernas
1072 2116 1334 2185 optimus
1367 2115 1657 2187 populum
1687 2117 1807 2174 Dei.

568 2204 763 2260 LXXV.
797 2234 862 2244 —
887 2202 959 2258 In
989 2213 1263 2259 sanctum
1311 2204 1680 2260 Theodorum
1711 2204 2001 2260 Siceoten.

495 2295 540 2350 Ο
571 2293 796 2362 grande
824 2308 1044 2348 munus
1069 2293 1296 2346 caelitus
1330 2293 1557 2348 mundo
1583 2292 1819 2359 datum,

498 2381 680 2439 Malas
706 2380 926 2453 fugasti
954 2380 1302 2436 daemonum
1337 2387 1583 2446 turmas,
1617 2381 1804 2437 Pater.

499 2469 732 2528 Fulsisti
759 2479 821 2525 ut
848 2469 1078 2525 almum
1105 2469 1268 2524 sidus
1294 2486 1306 2524 :
1338 2469 1606 2541 ipsisque
1639 2470 1870 2540 angelis

499 2559 728 2616 Eximia
754 2559 889 2614 vitae
915 2558 1198 2613 sanctitas
1222 2557 1357 2612 fecit
1385 2574 1615 2629 parem.

788 2649 1004 2702 LXXVI.
1030 2677 1098 2685 —
1126 2647 1199 2701 In
1225 2653 1497 2702 sanctum
1522 2646 1864 2704 Antonium.

502 2735 662 2806 Ignis
693 2734 974 2790 columna
1005 2735 1163 2788 visus
1195 2751 1278 2799 es,
1306 2736 1440 2790 vitae
1468 2751 1626 2791 novo

499 2824 848 2896 Splendore,
878 2830 1219 2878 monstrans
1249 2824 1532 2878 omnibus
1563 2824 1694 2880 caali
1721 2825 1900 2881 viam.

503 2912 796 2984 Erebique
821 2912 984 2967 diros
1014 2918 1321 2982 proterens
1353 2913 1652 2979 satellites,

503 3002 596 3058 Sic
621 3017 868 3074 prorsus
897 3007 959 3055 ut
984 3001 1144 3056 Eden
1170 3002 1420 3071 angelus
1441 3019 1709 3059 eremum
1741 3003 1974 3062 incolis.

742 3090 982 3146 LXXVII.
1015 3121 1082 3130 -—
1111 3090 1181 3145 In
1212 3095 1484 3147 sanctum
1517 3092 1912 3150 Hilarionem.

504 3181 642 3236 Vitas
672 3179 899 3235 refulsit
929 3179 1093 3235 haud
1124 3195 1296 3234 secus
1322 3181 1606 3252 splendor
1635 3187 1774 3253 tuae,

499 3271 581 3325 Ac
613 3284 790 3325 mane
821 3269 1014 3340 primo
1047 3268 1217 3324 stella
1241 3268 1465 3324 luciferi
1507 3271 1722 3326 micat:

502 3358 806 3430 Clarisque
828 3357 1124 3413 mundum
1153 3373 1428 3413 recreans
1457 3360 1784 3425 miraculis,

497 3447 705 3518 Abigis
734 3453 1046 3501 nocentem
1073 3446 1421 3501 daemonum
1453 3447 1768 3516 caliginem
1789 3492 1803 3506 .

716 3536 989 3592 LXXVIII.
1017 3565 1084 3575 —-
1113 3535 1180 3590 In
1212 3543 1485 3591 sanctum
1518 3536 1939 3607 Euthymium.

501 3628 748 3681 Eremus
773 3624 883 3680 abs
916 3631 966 3680 te
997 3623 1204 3679 civitas
1235 3625 1390 3680 facta
1415 3632 1506 3680 est
1536 3627 1655 3681 Dei.

500 3715 586 3770 Ibi
618 3729 882 3785 namque
903 3713 1068 3780 cogis
1099 3714 1290 3768 densa
1329 3713 1729 3771 Christiadum
1761 3717 2044 3786 agmina:

501 3802 796 3860 Miraculis
825 3806 884 3858 et
908 3802 1056 3872 ipse,
1080 3817 1189 3856 ceu
1224 3803 1428 3868 radiis,
1466 3804 1682 3870 nitens,

503 3890 813 3960 Laetitiam,
849 3896 908 3944 ut
936 3889 1081 3944 alter
1113 3889 1520 3961 phospborus,
1547 3892 1778 3948 mundo
1807 3894 1994 3963 paris.

788 3978 1010 4034 LXXIX.
1041 4009 1108 4019 -—
1141 3978 1214 4034 In
1261 3987 1533 4036 sanctum
1589 3980 1868 4038 Sabbam.

504 4068 751 4125 Exculta
779 4084 1015 4124 eremus
1042 4067 1146 4123 tibi
1174 4068 1382 4123 labore
1415 4068 1692 4139 plurimo,

504 4159 768 4230 Operum
794 4158 930 4213 inde
960 4157 1185 4212 fructus
1219 4157 1460 4228 protulit
1494 4158 1958 4230 pulcherrimos:

504 4249 758 4319 Piosque
784 4263 1003 4316 cogens
1035 4252 1195 4301 astra
1221 4262 1330 4301 ceu
1361 4248 1606 4302 totidem
1635 4248 1886 4316 incolas,

506 4336 625 4392 Hos
648 4336 775 4408 ipse
800 4335 1032 4390 medius
1062 4335 1231 4399 inter,
1265 4342 1326 4390 ut
1353 4337 1541 4401 Titan,
1571 4339 1781 4394 micas.

779 4425 970 4480 LXXX.
1012 4452 1074 4464 --
1105 4423 1180 4478 In
1209 4433 1483 4482 sanctum
1510 4427 1903 4485 Dalmatium.

506 4516 574 4572 Et
606 4520 664 4571 tu
693 4529 1008 4570 coruscum
1042 4512 1205 4568 sidus
1235 4530 1318 4581 es,
1347 4514 1468 4570 sole
1499 4517 1715 4583 editus,

505 4605 762 4674 Compar
791 4612 848 4658 et
875 4602 991 4672 ipsi
1025 4602 1355 4658 sanctitatis
1385 4603 1647 4673 lumine;

506 4695 786 4765 Verteque
817 4691 1094 4748 columen
1128 4699 1372 4764 uterque
1399 4693 1682 4750 doctrinm
1719 4694 1866 4752 fuit:

507 4782 572 4839 Et
597 4785 661 4838 tu
693 4780 956 4854 paternis
975 4781 1210 4851 legibus
1239 4783 1568 4838 monachos
1601 4783 1778 4853 regis.

755 4871 968 4926 LXXXI.
998 4901 1064 4911 —
1101 4871 1179 4928 In
1195 4875 1468 4927 sanctum
1489 4872 1902 4941 Pachumium,

507 4959 824 5028 Quondam
854 4959 1182 5015 Abrahami
1210 4961 1474 5016 nobilem
1506 4962 1779 5018 imitatus
1811 4961 2016 5029 ﬁdem,

509 5049 666 5106 Felix
695 5047 854 5104 fuisti
884 5047 1063 5119 prolis
1094 5064 1290 5104 aureae
1320 5049 1517 5104 Pater.

506 5138 581 5193 Te
607 5153 776 5193 sacra
802 5143 1122 5210 postquam
1153 5137 1354 5192 docuit
1381 5153 1602 5194 arcana
1632 5138 1909 5210 angelus,

506 5227 690 5298 Leges
721 5225 960 5290 dedisti,
994 5242 1102 5281 ceu
1125 5242 1316 5281 novus
1345 5228 1551 5294 Moses,
1596 5227 1730 5283 tuis.

777 5315 1016 5371 LXXXII.
1048 5346 1106 5356 -
1135 5315 1214 5371 In
1244 5321 1514 5372 sanctum
1542 5317 1884 5374 Arsem'um.

505 5403 640 5475 Jugi
669 5403 894 5475 rigatus
915 5403 1104 5459 imbre
1129 5402 1535 5475 lacrymarum
1563 5406 1666 5462 tibi

507 5493 778 5560 Animus,
810 5492 1001 5564 perire
1033 5493 1267 5547 nescios
1299 5492 1524 5549 fructus
1551 5495 1684 5551 tulit
1713 5513 1726 5551 :

509 5585 576 5649 Et
597 5596 782 5656 usque
815 5585 1024 5638 sancta
1051 5581 1329 5653 ﬂagitans
1353 5585 1539 5640 Deum
1570 5598 1769 5658 prece,

2166 422 2214 477 A

2187 4471 2279 4536 Ι),

2461 420 2591 476 ΟΑ’.
2621 420 2816 482 -Εἰς
2853 423 2961 474 τὸν
3000 420 3186 492 ἅγιον
3226 421 3628 474 ’Δθανάσιον.

2246 516 2336 572 Ti;
2358 514 2475 571 τοὺς
2495 510 2697 582 ἀγῶνας
2727 519 2825 562 τῶν
2855 516 3022 563 πόνων
3053 519 3153 562 τῶν
3172 518 3275 563 σῶν
3307 511 3517 582 φράσοι,

2246 599 2316 652 Ὠ
2344 601 2688 663 πενταθλητά,
2717 609 2815 651 τῶν
2840 596 3180 652 διδασκάλων
3208 599 3348 660 κλέος
3380 614 3394 665 ;

2245 686 2394 761 ’Υπὲρ
2417 696 2550 741 Θεοῦ
2571 691 2672 760 γὰρ
2703 691 2768 749 ὡς
2783 694 2941 760 γίγας
2971 685 3006 741 δ
3007 693 3186 764 ραμὼν
3215 692 3400 760 μέγας,

2248 785 2580 852 Στεφηφορῶν
2605 778 2833 838 καθεῖλες
2859 777 3079 850 ἐχθροὺς
3109 780 3435 850 παγκάκους.

2533 864 2648 921 ΟΒ’.
2675 897 2744 908 —-
2771 866 2877 927 Ei;
2912 870 3016 918 τὸν
3057 871 3557 938 Χρυσόστομον.

2250 960 2432 1027 Πηγην
2460 954 2682 1013 ἄληκτον
2713 958 3043 1029 παγχρύσων
3067 955 3231 1027 λόγων
3263 953 3483 1028 βλύσας,

2246 1045 2406 1103 Ὅλην
2435 1041 2719 1116 κατάρδοις
2739 1049 2830 1103 τὴν
2860 1045 3087 1116 ὑφήλκον,
3119 1046 3294 1117 μάκαρ
3330 1061 3344 1076 ⁸

2251 1137 2428 1206 Θύρας
2468 1129 2519 1185 δ’
2550 1131 2766 1204 ἀνοίγων
2787 1141 2896 1194 τοῖς
2935 1131 3145 1206 βροτοῖς
3177 1136 3459 1208 σωτηρίας,

2251 1223 2340 1284 Εἰς
2359 1221 2608 1294 οὐρανοὺς
2631 1225 2717 1274 τὸν
2759 1227 2954 1294 κόσμον
2980 1225 3255 1296 ἐκπέμπεις
3283 1222 3418 1276 ὅλον.

2500 1315 2622 1364 Ol".
2653 1311 2852 1373 -Εἰς
2891 1315 2996 1363 τὸν
3036 1311 3224 1382 άγιον
3254 1309 3596 1384 Κύριλλον.

2255 1404 2561 1473 Θησαυρέας
2591 1403 2657 1451 τὰ
2679 1401 2791 1452 θεῖα
2813 1399 3243 1474 ποικιλοτρόπως,

2255 1489 2593 1549 Ἐπλούτισας
2617 1493 2703 1541 τόν
2723 1495 2920 1562 κόσμον
2950 1488 3138 1550 ένθέοις
3167 1489 3342 1562 λόγοις
3379 1506 3392 1519 ·

2257 1585 2358 1634 Καὶ
2386 1583 2476 1639 τὰς
2504 1576 2752 1652 βεϐήλους
2783 1581 3006 1654 αἱρέσεις
3035 1587 3406 1648 κατασπάσας,

2258 1668 2438 1741 Κήρυξ
2461 1673 2684 1740 πέφηνας
2715 1665 3008 1743 ὀρθοδοξων
3035 1665 3336 1740 δογμάτων.

2180 1772 2225 1827 Β
2257 1755 2376 1810 ΟΔ’.
2406 1756 2603 1817 -Εἰς
2640 1761 2745 1808 τόν
2785 1757 2968 1829 ἅγιόν
3009 1762 3364 1830 Γρηγόριον
3403 1759 3511 1810 τὸν
3548 1756 3843 1816 Νύσσης.

2257 1849 2430 1920 Βρύων
2458 1844 2688 1898 άκϐυσον
2717 1846 3029 1917 παγγλύκων
3059 1848 3240 1916 λόγων,
3269 1847 3466 1919 μάκαρ,

2258 1941 2440 1988 Πᾶσαν
2466 1944 2663 1996 νοητῶς
2687 1934 2966 1998 έξετίναξας
2998 1935 3192 1993 πλάνην
3226 1952 3240 1965 '

2258 2023 2360 2077 Καὶ
2388 2022 2737 2096 χρηματίζων
2763 2029 2993 2083 Μωῦσῆς
3023 2022 3172 2085 ἄλλος
3201 2028 3381 2096 μέγας.

2257 2110 2437 2182 ’Ἃγεις
2464 2112 2656 2186 οἷριστα
2685 2115 2771 2163 τὸν
2810 2111 2932 2164 λεὼν
2962 2119 3052 2164 τοῦ
3086 2117 3302 2187 Κυρίου.

2261 2206 2377 2254 ΟΕ’.
2407 2229 2471 2241 —
2501 2199 2601 2260 Ei;
2639 2203 2744 2252 τὸν
2781 2200 2964 2270 οἶγιον
2996 2198 3336 2274 Θεόδωρον
3374 2203 3480 2253 τόν
3511 2204 3859 2258 Σικεώτην.

2260 2297 2393 2343 Θεοῦ
2423 2293 2488 2341 σύ
2510 2285 2676 2362 δῶρον
2707 2296 2810 2350 τοῖς
2835 2288 3043 2361 βροτοῖς
3077 2287 3250 2352 δοθεὶς
3282 2295 3436 2362 μέγα,

2256 2377 2424 2430 Ἃπαν
2453 2375 2684 2438 καθεῖλες
2714 2375 2974 2450 δαιμόνων
3007 2383 3207 2451 στέφος,
3238 2382 3428 2452 Πάτερ.

2260 2466 2490 2539 Λάμψας
2517 2468 2618 2540 γὰρ
2646 2469 2793 2527 εὐθὺς
2819 2471 2887 2528 ὡς
2907 2467 3026 2538 ἑῷος
3053 2473 3344 2542 φωσφόρος,

2261 2557 2554 2628 Ἰσάγγελος
2578 2560 2802 2628 πέφηνας
2834 2555 2957 2628 ὕψει
2981 2565 3071 2608 τοῦ
3095 2553 3217 2629 βίον

2490 2644 2635 2726 Ος¹,
2663 2676 2734 2686 —
2759 2645 2866 2706 Εἰς
2902 2649 3006 2697 τὸν
3044 2645 3225 2715 ἅγιον
3265 2646 3624 2701 Ἀντώνιον.

2260 2735 2440 2796 Στύλος
2469 2739 2632 2808 πυρὸς
2658 2738 2886 2806 πέφηνας
2914 2732 3068 2806 αἴγλη
3101 2742 3193 2786 τοῦ
3229 2731 3372 2807 βίον,

2263 2829 2468 2895 Κόσμον
2500 2821 2752 2895 ποδηγῶν
2782 2822 2849 2883 εἰς
2880 2825 3056 2895 τρίϐον
3092 2828 3374 2897 σωτηρίας.

2259 2920 2370 2966 Τῶν
2401 2909 2662 2986 δαιμόνων
2695 2909 2752 2965 δε
2781 2916 2868 2972 τὰς
2897 2913 3170 2984 φάλαγγας
3193 2917 3488 2985 πτερνίσας,

2260 3000 2492 3075 Ἐρημον
2519 3006 2670 3074 ᾤκεις
2701 3003 2772 3063 ὡς
2797 2997 2954 3073 Ἐδέμ
2989 3020 3068 3062 τις
3097 2999 3326 3072 ἀγγέλων

2511 3090 2635 3148 OZ’.
2667 3090 2861 3152 -Εἰς
2898 3093 3007 3142 τόν
3044 3089 3228 3161 ἅγιον
3253 3090 3611 3164 Ἱλαρίωνα.

2261 3188 2334 3253 Τῇ
2366 3181 2694 3253 λαμπρότητι
2718 3187 2810 3231 τοῦ
2849 3186 3056 3250 φαεινοῦ
3090 3197 3184 3232 σου
3219 3178 3360 3252 βίου,

2259 3269 2553 3342 Ἑωσφόρος
2581 3271 2640 3320 τὸ
2677 3270 2814 3340 πρωΐ
2833 3267 3046 3339 λάμπων
3075 3271 3139 3320 σὺ
3161 3269 3321 3330 πέλεις
3355 3286 3370 3300 ⁸

2264 3363 2366 3411 Καὶ
2399 3360 2675 3430 θαυμάτων
2701 3356 2877 3408 ἀκτῖσι
2895 3362 3092 3428 κόσμον
3118 3354 3438 3430 φαιδρύνων,

2260 3452 2422 3520 Ζόφον
2454 3443 2662 3507 διώκεις
2693 3443 2981 3518 βλαπτικὸν
3005 3453 3102 3497 τῶν
3130 3442 3416 3518 δαιμόνων.

2511 3533 2635 3588 ΟΗ’.
2664 3533 2852 3594 -Εἰς
2890 3537 2997 3586 τόν
3036 3533 3222 3604 ἅγιον
3261 3537 3613 3608 Εὐθύμεον.

2262 3629 2328 3678 Σὺ
2349 3628 2443 3684 τὴν
2473 3627 2662 3698 ἔρημον
2689 3623 2918 3697 εἰργάσω
2943 3629 3078 3675 Θεοῦ
3117 3624 3288 3680 πόλιν.

2263 3720 2485 3775 Πυκνοίς
2513 3715 2615 3787 γὰρ
2654 3711 2818 3770 αὐτην
2855 3711 3080 3770 πλήθεσι
3119 3717 3519 3786 Χριστοφρόνων
3545 3731 3560 3747 ’

2263 3803 2445 3863 Βολαίς
2473 3800 2822 3876 ἀπαστράψας
2852 3797 2887 3852 δ
2890 3805 2912 3852 ὲ
2943 3808 3054 3862 ταῖς
3076 3810 3173 3854 τῶν
3207 3804 3504 3875 θαυμάτων,

2261 3895 2359 3946 Τὸν
2388 3893 2560 3944 πάντα
2583 3895 2778 3962 κόσμον
2800 3885 3100 3964 φαιδρύνεις
3127 3892 3197 3952 ὡς
3227 3896 3524 3965 φωσφόρος.

2548 3979 2672 4033 ΟΘ’.
2703 4009 2771 4020 —
2800 3978 2904 4040 Εἰς
2942 3979 3256 4051 τόνᾶγιον
3297 3978 3570 4036 Σάϐϐαν.

2263 4070 2506 4144 Ἦρωσας
2527 4072 2683 4130 ὄντως
2714 4072 2802 4127 τὴν
2828 4069 3018 4143 ἔρημον
3036 4076 3140 4130 τοῖς
3169 4073 3367 4132 πόνοις.

2261 4159 2574 4235 Ὠραιὸτατα
2599 4158 2846 4211 ποικίλων
2872 4160 3032 4230 ἔργων
3073 4156 3290 4231 βρίθων,

2265 4251 2480 4310 Πλήσας
2509 4245 2544 4302 δ
2547 4252 2569 4301 ι
2597 4250 2793 4306 ταύτην
2817 4255 2914 4299 τῶν
2939 4255 3129 4305 νοητῶν
3151 4247 3404 4322 ἀστέρων,

2261 4335 2345 4399 Ὠς
2365 4338 2504 4398 ἠλεός
2531 4357 2607 4399 τις
2628 4335 2676 4389 έν
2704 4340 2846 4408 μέσῳ
2872 4339 3060 4388 τούτων
3095 4338 3244 4398 θέεις.

2499 4425 2579 4480 Π’.
2618 4455 2687 4466 -
2716 4426 2826 4486 Εἰς
2863 4427 2964 4477 τὸν
3003 4423 3188 4496 ἅγιον
3229 4423 3623 4499 Δαλμάτιον.

2281 4515 2351 4578 Εξ
2379 4513 2526 4574 ἡλίου
2563 4535 2640 4578 τις
2671 4513 2906 4586 αὖγάσας
2933 4511 3102 4588 ἀστὴρ
3131 4518 3310 4586 μέγας,

2264 4607 2503 4677 Λάμπεις
2534 4607 2627 4657 σὺν
2657 4603 2798 4656 αὐτῶ
2827 4609 3090 4675 παμφαείς
3119 4601 3422 4677 εὐπραξίας.

2263 4692 2518 4768 Ἓρεισμα
2543 4691 2593 4746 δ’
2619 4691 2916 4766 ἅμπέφηνας
2947 4689 3278 4766 ὀρθοδοξίας.

2265 4779 2728 4857 Μανδραρχαΐζεις
2754 4789 2852 4833 τῶν
2883 4789 3157 4852 μοναστῶν
3196 4781 3476 4857 πατρόθεν.

2497 4875 2624 4923 IIA'.
2657 4869 2847 4932 -Εἰς
2887 4874 2989 4922 τὸν
3026 4867 3210 4941 ἅγιον
3251 4873 3639 4942 Παχώμιον.

2265 4963 2365 5014 Τὸν
2393 4959 2638 5032 Ἀϐραάμ
2665 4979 2772 5021 πως
2802 4958 3195 5031 ἐκμιμούμενος,
3227 4961 3433 5034 μάκαρ,

2269 5048 2472 5102 Πολλῶν
2505 5053 2682 5123 Πατὴρ
2709 5052 2941 5120 γέγονας,
2973 5046 3040 5099 ὧν
3065 5056 3306 5123 χρυσοῦν
3335 5051 3507 5120 γένος.

2269 5137 2355 5200 Ἐξ
2382 5136 2597 5210 ἀγγέλου
2626 5133 2685 5190 δε
2708 5140 3084 5209 μυσταγωγέας
3118 5142 3301 5210 φέρων,

2267 5230 2350 5298 Τῷ
2374 5234 2448 5298 σῷ
2476 5225 2570 5297 λεῷ
2598 5228 2844 5292 τέθεικας,
2873 5228 2941 5287 ὡς
2968 5232 3187 5293 Μωσῆς,
3216 5230 3429 5300 νόμους.

2518 5316 2640 5371 ΠΒ’.
2670 5316 2860 5378 -Εἰς
2893 5320 2995 5368 τὸν
3033 5315 3220 5387 ἃγιον
3260 5315 3359 5390 Ἀρ
3379 5319 3621 5372 σένιον.

2267 5412 2376 5461 Τῶν
2399 5399 2639 5480 δακρύών
2671 5421 2764 5458 σου
2795 5410 2888 5464 την
2917 5403 3103 5476 ψυχὴν
3126 5398 3300 5478 ἃρδων
3327 5407 3523 5477 χύσει,

2269 5499 2510 5570 Καρποῦς
2535 5491 2821 5554 ἀνεϐλάστη
2833 5513 2928 5558 σας
2958 5493 3248 5568 ἀφθάρτους
3275 5493 3416 5566 μάλα
3455 5511 3472 5529 ο

2265 5583 2468 5658 Εὐχαῖς
2497 5581 2565 5645 δὴ
2591 5585 2850 5660 λαμπραῖς
2871 5583 3172 5660 προσλαλῶν
3197 5589 3312 5658 Θεῷ
3343 5578 3577 5661 σφόδρα,
