4038 6312
212 242 343 305 1801

208 381 316 427 Τῶν
337 376 663 445 ἠσυχαστῶν
691 371 908 443 ἄγγελος
937 369 1098 430 πέλεις
1125 374 1307 441 μέγας.

422 462 544 518 Ill".
587 493 651 503 —-
691 461 794 521 Εἰς
834 464 937 512 τὸν
976 459 1160 530 ἅγιον
1202 456 1589 513 Θεοδόσιον.

205 551 288 611 Ὠς
324 552 539 625 οὐρανὸν
566 549 765 620 ὑψηλὸν
794 548 1015 607 ἐκτείνας
1038 545 1172 620 βίον,

211 642 533 711 Κατάσ-τερος
562 644 787 710 πέφηνας
825 636 873 688 ἐν
909 637 1007 694 πλή
1020 638 1094 689 es.
1124 641 1329 690 τέκνων.

206 732 312 791 Τὰς
341 728 615 801 ἀστραπὰς
646 725 705 779 δὲ
730 726 1000 784 πληθύνων
1038 733 1139 777 τῶν
1176 727 1479 797 θαυμάτων,

207 819 567 891 Ἐσκόρπισας
597 823 816 867 παντοία
845 812 1107 885 δαιμόνων
1137 820 1282 885 νέφη.

496 904 614 960 HA’.
649 935 715 944 —
770 902 872 963 Εἰς
937 906 1038 953 τὸν
1115 902 1297 973 ἅγιον
1350 909 1515 960 Δῖον.

209 1003 339 1056 Ταῖς
376 995 714 1067 λαμπρότησι
744 1001 843 1044 τῶν
872 994 1101 1063 θεαυγῶν
1132 1010 1225 1044 σου
1254 998 1474 1064 τρόπων,

210 1086 299 1138 Ἐκ
326 1094 415 1144 τῆς
441 1090 567 1154 εῴας
599 1079 822 1154 φαιδρός
853 1081 1019 1153 ἀστὴρ
1045 1084 1235 1142 ὲκθέεις
1264 1099 1274 1111 ⁸

212 1179 316 1227 Καὶ
346 1178 579 1245 φωτίσας
611 1172 805 1243 ἄριστα
831 1175 919 1228 τὴν
951 1168 1269 1236 Βυζαντίὸα,

209 1270 420 1335 Πρῶτος
452 1269 719 1333 μοναστών
749 1266 1133 1331 ποιμνηαρχεῖς
1164 1259 1342 1320 ἆξίως.

390 1348 509 1404 ΠΕ¹.
551 1382 575 1390 ο
634 1349 742 1409 Εἰς
779 1353 885 1399 τόν
924 1349 1117 1399 ὅσιον
1162 1350 1630 1422 Χριστοφόρον.

207 1440 413 1491 Οὶκεῑον
440 1435 571 1509 αἷμα
596 1445 667 1507 τῷ
699 1442 806 1505 Θεῷ
838 1433 979 1499 δοὺς,
1009 1435 1217 1506 ἀντέχει
1645 1436 1650 1441 ’

202 1528 263 1579 Ὀ
288 1532 693 1599 ,Χριστόμαρτυς
728 1528 1059 1597 Χριστόφρων
1094 1529 1454 1596 Χριστοφόρος

209 1622 415 1688 Κρήνην
447 1620 678 1685 χέουσαν
708 1616 1128 1685 θαυματουργίας
1159 1615 1333 1687 ῥύσιν.

202 1713 395 1776 ’Ἡνπερ
424 1709 647 1763 πίνοντες
672 1705 719 1754 οἱ
752 1710 1023 1764 νοσοῦντες
1052 1704 1267 1774 ξξηχὶον,

209 1793 604 1864 Καταψύχουσι
630 1800 718 1843 τοῦ
748 1793 965 1857 πάθους,
1000 1787 1162 1861 δίψης
1189 1788 1343 1849 δίκην
1368 1809 1381 1821 ⁸

206 1882 437 1937 Μάλισθ’
461 1884 582 1933 ὅταν
607 1888 830 1952 φοιτῶσι
854 1888 1057 1939 πιστῶς
1083 1876 1285 1933 ἐνθάδε.

207 1971 357 2040 Hc".
396 2002 445 2009 «-
480 1969 586 2030 Ei;
616 1974 763 2019 ναόν
793 1976 901 2019 τοῦ
932 1968 1119 2037 ἁγίου
1153 1967 1510 2021 ἀποστόλου
1544 1974 1809 2042 Πέτρου.

203 2042 293 2132 '9.-
310 2078 401 2132 περ
431 2054 687 2124 δέδωκας,
722 2061 944 2128 Χριστὲ,
978 2060 1070 2118 τὰς
1099 2057 1233 2118 κλεῖς
1264 2067 1362 2109 τῶν
1389 2059 1513 2124 ἄνω,

204 2145 435 2217 Ἐδειμα
460 2150 625 2217 τούτῳ
650 2142 801 2197 τόνδε
830 2148 916 2196 τὸν
948 2142 1109 2217 δόμον
1138 2149 1298 2202 κάτω.

208 2234 333 2289 ΠΖ’.
378 2266 443 2275 -
474 2236 579 2289 Εἰς
611 2239 718 2285 τὸν
750 2234 931 2305 ἅγιον
963 2231 1266 2307 Ἀνδρέαν
1297 2239 1401 2287 τὸν
1432 2236 1810 2291 ἀπόστολον.

205 2324 279 2376 Ὦ
309 2323 663 2397 πρωτόκλητε,
696 2332 795 2373 τῶν
823 2322 1123 2374 ἀποστόλων
1154 2324 1313 2389 κλέος,

204 2412 265 2464 Ὀ
298 2418 661 2484 παμμέγιστος
681 2420 776 2463 τῶν
814 2419 1026 2486 [ἰατρῶν
1049 2418 1338 2487 φαεσφόρος
1370 2431 1383 2443 ⁸

206 2505 311 2554 Τόν
346 2506 434 2553 σόν
460 2502 580 2553 λαὸν
609 2500 829 2572 φύλαττε
865 2504 958 2552 σὺν
986 2508 1057 2570 τῷ
1090 2506 1311 2573 ποιμένι.

327 2590 455 2643 ΠΗ¹.
486 2590 691 2649 -Εἰς
728 2593 833 2640 τόν
873 2593 1018 2640 ναόν
1059 2598 1166 2641 τοῦ
1208 2596 1706 2665 Χρυσοστόμου.

208 2687 328 2739 Τοῖς
361 2683 446 2730 τόν
482 2683 571 2731 σόν
598 2677 736 2729 οἷκον
763 2681 1052 2748 παμποθως
1086 2680 1335 2753 ἦγερκόσι

217 2767 603 2843 Πρεσϐευτικὴν
638 2771 914 2840 πρόσνειμε
948 2764 1163 2837 δωρεὰν,
1200 2771 1387 2843 Πάτερ.

350 2856 480 2911 ΠΘ’.
514 2888 578 2896 -
608 2856 711 2916 Εἰς
748 2859 855 2907 τὸν
894 2860 1045 2907 ναόν
1084 2865 1200 2916 τῆς
1243 2862 1682 2930 Πανευφήμου.

212 2950 350 3006 Τοὺς
382 2945 436 2996 ἐκ
466 2947 631 2996 ποθου
662 2965 756 2996 σου
788 2948 872 2996 τὸν
912 2950 1031 2995 ναόν
1064 2940 1421 3016 δειμαμένους,

213 3037 450 3107 Μάρτυς,
482 3033 703 3101 φύλαττε
734 3042 973 3105 πημονῆς
1004 3032 1317 3107 ἐλευθέρους.

544 3122 612 3208 (1’.
648 3122 841 3183 -Εἱς
880 3126 946 3173 τὸ
986 3125 1495 3197 τετρακάμαρον.

214 3213 540 3282 Θαυμαστὸν
569 3212 744 3281 ὤφθης
775 3212 921 3281 ἔργον
953 3213 1140 3283 ὡραῖον
1171 3214 1327 3266 πάνυ.

209 3300 306 3361 Ὠς
334 3298 559 3370 ἐμψύχῳ
593 3295 651 3351 δὲ
680 3298 1058 3370 προσλέλεγμαί
1091 3319 1174 3351 σοι
1195 3306 1335 3361 νεώς,

214 3392 392 3462 Φέρεις
418 3390 515 3460 γὰρ
547 3384 716 3440 ἕνδεον
747 3387 950 3439 εἰκόνων
983 3391 1217 3460 θεωρίαν,

208 3475 482 3551 Ἀρρητον
504 3476 622 3547 ὄψιν
652 3485 751 3527 τῶν
772 3478 875 3527 ἀνω
904 3479 1190 3545 θεσμάτων.

219 3566 389 3619 Αὐτόν
419 3561 623 3636 δέχοιο,
656 3572 754 3615 τῶν
785 3564 1084 3616 ἀποστόλων
1115 3566 1275 3629 κλέος,

218 3654 583 3724 Εὐαγγελιστὰ
602 3656 915 3724 παμμάκαρ,
954 3654 1173 3725 Θεολόγε
1203 3672 1216 3684 ·

218 3748 328 3797 Καὶ
354 3750 454 3802 τοῖς
488 3743 627 3812 πόθῳ
660 3760 744 3793 σοι
765 3750 943 3793 τοῦτον
976 3741 1305 3813 ἐξηγερκόσι,

216 3835 394 3905 Χάριν
424 3832 733 3901 παράσχου,
766 3840 854 3881 καὶ
880 3830 1029 3881 λύσιν
1060 3840 1157 3881 τῶν
1182 3834 1547 3903 πταισμάτων.

214 3919 341 4009 φν.
385 3945 453 3965 :—
493 3919 597 3980 Εἰς
633 3923 738 3970 τὸν
776 3922 925 3970 ναὸν
965 3927 1073 3979 τῆς
1112 3918 1298 3990 ἁγίας
1338 3927 1688 3987 Θεοτόκου,

795 4009 900 4057 τόν
939 4012 1256 4078 Τρίτωνα.

215 4096 281 4148 'H
318 4100 477 4147 πᾶσιν
518 4093 674 4165 ἐγγὺς
703 4092 774 4154 εἰς
809 4091 1051 4166 βοήθειαν
1071 4098 1294 4166 τάχους,

216 4189 327 4238 Τὸν
352 4184 510 4235 πλοῦν
538 4180 873 4237 διευθέτησον
903 4183 971 4233 ὧν
1012 4186 1210 4258 θερμῶς
1240 4188 1402 4257 ἔχεις.

222 4276 623 4347 Προσκειμένων
654 4290 735 4323 σοι
776 4279 892 4333 ταῖς
910 4271 1077 4333 λιταῖς
1112 4293 1226 4343 σου,
1266 4277 1509 4346 Παρθένε.

491 4346 604 4420 SB’.
638 4392 699 4402 -—
730 4360 833 4421 Εἰς
871 4361 1067 4433 ῥάκος
1110 4365 1560 4435 ἱστορημένον.

221 4451 451 4522 Φρικτὸν
479 4452 535 4500 τό
569 4450 764 4521 θαῦμα,
792 4454 1020 4523 Χριστὸν
1042 4449 1089 4502 ἐν
1109 4460 1279 4525 γραφῇ
1311 4451 1537 4524 βλέπειν,

221 4541 510 4614 Δράσαντα
537 4539 707 4589 πάντα
725 4541 855 4609 πρὸς
885 4537 1085 4612 βροτῶν
1114 4559 1399 4613 σωτηριαν.

222 4625 316 4682 Ἐν
345 4635 448 4687 τοῖς
476 4626 591 4677 καθ’
619 4628 752 4696 ἡμᾶς
777 4627 935 4688 αὐτὸς
963 4631 1108 4699 ὤφθη
1137 4632 1238 4702 γὰρ
1273 4630 1431 4697 ξένος,

220 4725 499 4788 ’Ἀσαρκος
526 4715 701 4779 ἐλθὼν,
730 4721 819 4767 καὶ
851 4714 1035 4789 βροτός
1062 4716 1258 4788 βαίνων
1284 4720 1407 4774 ἄνω.

222 4810 460 4876 Μνήμης
490 4807 649 4877 χάριν
671 4800 730 4856 δὲ
758 4810 1034 4879 προσφέρει
1068 4804 1236 4873 δῶρον
1266 4806 1410 4877 τόδε,

221 4904 290 4949 Ὀ
324 4895 518 4953 κλεινὸς
544 4897 694 4954 ὅντως
722 4899 924 4965 Συμεὼν
956 4903 1027 4965 τῷ
1058 4902 1313 4969 Δεσπότῃ.

407 4982 515 5069 LII".
544 5013 613 5022 —-
647 4983 753 5044 Εἰς
790 4987 901 5041 τὴν
941 4984 1156 5037 εἰκόνα
1194 4993 1307 5037 τοῦ
1346 4994 1659 5059 Χριστοῦ.

223 5074 293 5125 '0
327 5076 558 5145 Χριστός
589 5072 716 5143 εἰμι,
745 5080 806 5143 τῇ
834 5081 1007 5144 γραφῇ
1043 5069 1400 5147 δεδὲιγμένος.

229 5166 345 5215 Καὶ
382 5166 467 5211 τόν
493 5163 754 5222 πεποιθὼς
779 5162 1253 5233 εἰκονουργήσαντά
1284 5184 1366 5237 με.

226 5250 326 5308 Ὠς
354 5249 553 5323 αἰρεσιν
583 5257 841 5321 μισοῦντα
865 5259 963 5301 τῶν
986 5252 1250 5320 ἐναντίων,

234 5341 443 5393 Λέοντα
474 5343 776 5411 Πατρίκιον,
800 5338 847 5389 ἐν
880 5346 1013 5391 πᾶσι
1036 5346 1211 5393 σκέπω
1230 5386 1242 5399 ,

656 5426 766 5514 φ’.
797 5458 861 5466 —
892 5429 997 5490 Εἰς
1031 5429 1425 5499 ἕγκλειστον.

252 5515 574 5589 Εγκλειστός
602 5518 767 5586 ἐστιν,
798 5516 848 5577 ὃς
880 5519 1054 5569 παθῶν
1086 5518 1182 5582 ἔξω
1212 5523 1395 5592 μένων,

530 5620 770 5682 ΡΑτειοι..
804 5622 909 5680 Gn.
936 5624 1134 5681 XCIX.

1771 236 1999 300 IAMBI.

1838 373 1882 425 A
1920 370 2080 424 Pacis
2100 374 2404 441 sequester
2428 370 2732 426 maximus
2761 372 2988 427 mundo
3015 371 3197 427 clues.

2139 460 2403 514 LXXXIII.
2435 491 2504 499 —
2534 461 2606 515 In
2637 468 2911 517 sanctum
2944 461 3350 518 Theodosium.

1920 549 2106 618 Super
2130 555 2290 603 astra
2320 553 2526 603 notum
2560 549 2892 604 sanctitatis
2916 550 3129 619 gloria,

1916 638 1990 692 Te
2020 636 2278 691 ﬁliorum
2308 636 2505 702 turba,
2538 654 2646 693 ceu
2687 639 2910 694 claram
2942 639 3155 706 facem,

1918 726 2155 790 Mirata;
2191 731 2369 797 tuque
2396 725 2708 795 fulgurans
2734 728 3059 793 miraculis,

1916 816 2191 870 Tartarea
2222 814 2441 885 ubique
2472 814 2777 885 dissipasti
2804 816 3031 873 nubila.

2240 904 2505 956 LXXXIV.
2534 935 2601 943 —
2632 905 2704 959 In
2742 911 3016 960 sanctum
3050 906 3244 963 Dium.

1922 989 2140 1044 Virtute
2171 988 2385 1055 clarus,
2422 1006 2654 1046 morum
2689 998 2744 1048 et
2774 993 3142 1059 excellentia,

1923 1078 2242 1133 laetiﬁcum
2268 1095 2378 1134 eoo
2412 1079 2578 1133 sidus
2609 1086 2801 1135 ortum
2837 1081 3043 1148 limite,

1923 1168 2136 1221 Lucem
2169 1166 2411 1221 attulisti
2442 1168 2764 1238 plurimam
2792 1171 3111 1241 Byzantiis,

1921 1255 2344 1326 Monachisque
2375 1255 2480 1311 rite
2520 1257 2749 1326 primus
2780 1275 2843 1313 es
2878 1264 3082 1330 pastor
3113 1261 3290 1318 datus

2103 1346 2335 1399 LXXXV.
2368 1375 2431 1387 -
2466 1346 2537 1399 In
2566 1352 2840 1402 sanctum
2871 1348 3393 1420 Christophorum.

1924 1434 2041 1487 Deo
2072 1431 2262 1486 litavit
2295 1432 2585 1501 sanguine
2617 1437 2883 1506 proprio,
2915 1438 3145 1494 assecla

1922 1520 2131 1575 Christi
2158 1526 2336 1592 atque
2350 1528 2578 1592 martyr
2590 1524 2811 1578 Christo
2821 1526 3044 1595 phorus
3059 1542 3070 1581 :
3097 1527 3234 1583 inde
3248 1527 3387 1583 huic
3409 1543 3576 1585 sacer

1924 1611 2072 1663 Fons
2103 1609 2205 1664 dat
2237 1610 2489 1665 salutem
2516 1612 2724 1666 crebra
2752 1628 2855 1683 per
2890 1615 3220 1671 miracula:

1846 1719 1890 1773 Β
1923 1700 1986 1752 Et
2011 1714 2166 1768 quos
2198 1697 2401 1767 fatigat
2431 1700 2605 1753 tussis
2639 1716 2832 1769 aegros
2863 1702 3161 1774 improba,

1920 1788 2186 1843 Morbum
2219 1786 2440 1853 levare,
2472 1804 2580 1842 ceu
2617 1788 2795 1855 sitim,
2824 1790 2938 1846 hac
2971 1792 3161 1848 solent
3192 1809 3353 1866 aqua
3381 1811 3396 1850 :

1918 1877 2077 1930 Tunc
2109 1875 2389 1941 maxime,
2423 1892 2559 1931 cum
2588 1892 2739 1948 pura
2766 1880 3108 1936 venientum
3133 1888 3220 1937 est
3244 1882 3422 1939 ﬁdes.

1995 1965 2257 2020 LXXXVI.
2284 1995 2354 2005 —
2384 1966 2451 2020 In
2485 1968 2769 2033 templum
2795 1972 3017 2025 sanctis
3043 1973 3300 2041 apostoli
3317 1972 3503 2030 Petri.

1923 2053 2023 2108 Cui
2056 2058 2119 2107 tu
2149 2053 2387 2118 dedisti,
2422 2054 2670 2122 Christe,
2704 2055 2898 2111 claves
2926 2059 3183 2124 aetheris,

1922 2143 2039 2211 Ego
2067 2141 2223 2195 hanc
2251 2142 2444 2196 eidem
2472 2143 2709 2197 condidi
2749 2144 2807 2198 in
2844 2146 3008 2200 terris
3047 2148 3327 2203 domum.

1994 2231 2276 2285 LXXXVII.
2309 2261 2378 2270 —
2407 2231 2476 2285 In
2507 2240 2779 2288 sanctum
2810 2233 3109 2291 Andream
3138 2238 3502 2307 apostolum.

1924 2319 1967 2374 0
1998 2320 2099 2389 qui
2130 2325 2375 2373 vocatus
2409 2326 2543 2375 ante
2569 2327 2832 2385 caeteros,
2869 2323 3052 2378 decus

1922 2406 2342 2475 Apostolorum
2374 2423 2436 2462 es
2468 2407 2692 2479 luxque
2723 2410 2959 2466 Patrum
2993 2414 3258 2470 maxima
3287 2431 3301 2470 :

1925 2497 2057 2550 Esto
2086 2496 2201 2549 tuis
2227 2496 2566 2568 horumque
2598 2500 2824 2568 pastori
2853 2500 3040 2555 salus.

2099 2584 2417 2640 LXXXVIII.
2454 2614 2512 2621 --
2544 2585 2617 2640 In
2650 2589 2930 2655 templum
2972 2590 3396 2661 Chrysostomi.

1927 2674 2199 2726 Struxere
2228 2688 2449 2741 magno
2476 2674 2581 2745 qui
2608 2681 2772 2729 tuam
2805 2677 3004 2732 studio
3031 2678 3306 2747 domum,

1923 2761 2131 2815 Divina
2158 2778 2263 2831 per
2294 2768 2345 2817 te
2376 2778 2628 2817 munera
2662 2764 2999 2834 impetrent,
3034 2771 3221 2824 Pater.

2034 2851 2288 2905 LXXXIX.
2316 2882 2385 2890 —
2406 2851 2479 2905 In
2511 2853 2796 2918 templum
2834 2861 3058 2911 sanctae
3097 2858 3469 2927 Euphemiw.

1923 2938 2233 3009 Templum
2265 2939 2371 2993 tibi
2400 2928 2742 2995 construere
2769 2944 2939 3014 queis
2968 2946 3135 3000 cordi
3164 2946 3293 3014 fuit,

1928 3030 2060 3093 Hos,
2098 3033 2343 3098 martyr,
2376 3028 2539 3082 omni
2563 3027 2781 3085 liberos
2812 3047 3010 3087 serves
3042 3034 3224 3091 malo.

2176 3116 2277 3171 XC.
2309 3146 2378 3154 —
2407 3115 2480 3169 In
2505 3117 2685 3171 autem
2712 3126 2973 3188 quatuor
3000 3122 3326 3189 fornicum.

1932 3203 2245 3259 Pulchrum
2280 3203 2536 3272 refulges
2566 3211 2629 3260 ut
2666 3221 2818 3277 opus
2847 3223 2916 3263 ac
2948 3210 3240 3267 mirabile.

1930 3292 2054 3347 Tibi
2086 3308 2219 3345 sum
2250 3292 2504 3357 locutus,
2537 3309 2787 3364 compos
2816 3296 3036 3353 animas
3067 3315 3176 3355 ceu
3204 3300 3396 3359 fores:

1933 3382 2125 3436 Habes
2153 3382 2313 3434 enim
2345 3382 2502 3436 intus
2529 3382 2861 3451 imaginum
2893 3389 3325 3457 spectaculum,

1935 3468 2393 3540 leestiumque
2418 3485 2660 3526 scenam
2691 3471 3173 3533 inenarrabilem.

1932 3557 2138 3612 IEdem
2166 3557 2327 3612 illam
2356 3557 2591 3626 habeto,
2622 3559 2804 3614 decus
2843 3565 3156 3633 apostolici
3183 3567 3367 3635 chori,

1936 3646 2314 3716 Evangelista
2343 3645 2497 3711 dive,
2530 3664 2764 3703 necnon
2800 3650 3095 3723 Theologe
3130 3671 3144 3710 :

1936 3736 2123 3805 thue
2148 3734 2303 3788 hanc
2334 3734 2573 3791 lubente
2601 3738 2929 3794 struximus
2961 3742 3165 3797 animo
3193 3743 3318 3811 tibi,

1936 3823 2027 3877 Sic
2054 3821 2182 3893 ipse
2214 3821 2388 3877 nobis
2421 3825 2674 3890 gratiam
2701 3832 2756 3880 et
2785 3828 3021 3883 veniam
3053 3829 3361 3901 impetres.

3425 240 3564 301 4802

1850 3072 1891 3127 C

1737 3922 1825 3984 είς
1939 3910 2067 3965 XCI.
2098 3942 2162 3950 —
2190 3910 2260 3965 In
2283 3912 2565 3981 templum
2580 3921 2797 3969 sanctae
2813 3917 2919 3971 Dei
2932 3917 3273 3985 Genitricis,
3295 3921 3359 3977 in
3389 3923 3590 3978 Trito—

2689 4017 2841 4058 nem.

1938 4087 2160 4142 Adesse
2190 4088 2363 4143 celeri
2394 4104 2530 4159 quas
2561 4089 2714 4145 soles
2742 4094 2972 4147 cunctis
3006 4110 3142 4164 ope,

1940 4178 2053 4231 Fac
2083 4191 2367 4247 prospere
2401 4176 2479 4230 illi
2514 4179 2795 4247 navigant
2821 4196 2973 4251 quos
3005 4182 3227 4253 diligis,

1942 4265 2049 4329 Qui
2082 4273 2134 4319 te
2164 4272 2508 4337 perurgent,
2540 4266 2733 4335 Virgo,
2758 4269 3011 4340 supplici
3044 4288 3238 4342 prece.

2171 4355 2321 4409 XCII.
2352 4384 2416 4395 -—
2446 4353 2519 4409 In
2543 4355 2952 4424 fragmentum
2982 4359 3361 4421 historicum.

1866 4406 1909 4460 D
1944 4441 2251 4512 Stupenda
2275 4457 2391 4508 res,
2427 4444 2486 4497 in
2512 4443 2828 4514 scriptione
2850 4462 3110 4514 cernere,

1948 4530 2268 4585 Hominum
2298 4531 2377 4586 ad
2404 4529 2657 4586 salutem
2692 4534 2955 4589 Christus
2991 4543 3050 4592 ut
3078 4546 3295 4596 cuncta
3318 4544 3521 4612 egerit.

1949 4621 2217 4689 Namque
2247 4619 2343 4673 hic
2375 4620 2538 4689 apud
2570 4636 2682 4674 nos
2712 4622 2932 4693 hospes
2959 4624 3085 4694 ipse
3123 4629 3284 4682 visus
3310 4635 3420 4695 est,

1948 4706 2108 4762 Caelo
2125 4706 2355 4777 absque
2383 4723 2561 4762 carne
2581 4707 2825 4780 lapsus;
2859 4711 3062 4776 homo,
3095 4730 3233 4769 cum
3261 4715 3398 4773 illuc
3429 4719 3600 4776 redit.

1950 4796 2147 4861 Porro,
2184 4798 2487 4851 memorias
2515 4798 2725 4866 gratia,
2760 4804 3007 4856 Domino
3040 4804 3200 4858 dicat

1952 4885 2184 4940 Donum
2217 4884 2400 4940 hocce
2456 4887 2737 4956 Symeon,
2763 4887 2941 4944 laude
2987 4891 3071 4944 vir
3103 4892 3291 4949 multa
3320 4893 3602 4967 inclytus.

2276 4984 2448 5038 XCIII.
2484 5014 2549 5022 —
2578 4986 2651 5039 In
2680 4985 2996 5055 imaginem
3038 4991 3286 5045 Christi.

1957 5072 2222 5127 Christus
2254 5085 2385 5139 ego,
2418 5087 2600 5142 quem
2629 5073 2857 5143 pictura
2887 5078 3285 5142 spectandum
3312 5080 3494 5137 dedit.

1958 5162 2145 5231 thue
2172 5160 2299 5214 haac
2329 5161 2530 5230 imago
2564 5160 2749 5230 ﬁeret,
2783 5163 2907 5233 ipse
2942 5170 3154 5220 auctor
3184 5166 3288 5223 fui.

1959 5249 2332 5303 Contrarium
2364 5264 2613 5318 perosus
2633 5266 2832 5315 omne,
2871 5259 2929 5306 ut
2957 5252 3263 5321 haeresim,

1958 5340 2041 5393 Me
2072 5352 2280 5408 sospes
2308 5342 2395 5391 est
2424 5338 2669 5392 custode
2701 5339 2981 5395 Patricius
3014 5344 3147 5398 Leo.

2418 5435 2595 5491 XCIV.
2621 5467 2691 5476 —
2718 5437 2790 5491 In
2818 5438 3143 5495 inclusum.

1961 5521 2231 5579 Inclusus
2254 5522 2350 5579 ille
2373 5528 2483 5594 est,
2512 5525 2618 5599 qui
2647 5525 2857 5599 procul
2882 5528 2961 5584 ab
2991 5527 3326 5602 affectibus,

3268 5640 3340 5700 57
