4038 6312
503 234 642 296 1803
1747 237 1808 294 S.
1847 237 2210 295 THEODORI
2251 237 2578 296 STUDITE

499 367 644 422 Toto
673 365 910 422 reclusit
935 366 996 422 in
1028 367 1215 422 Deum
1247 383 1311 423 se
1337 373 1611 439 pectore:

502 455 689 510 Freno
721 469 1001 510 coercens
1033 456 1248 511 mentis
1277 471 1505 512 errores
1535 471 1722 526 vagos

501 544 906 614 Animumque
935 545 1092 598 curis
1122 546 1355 614 erigens
1382 544 1722 600 coelestibus
1748 567 1759 598 :

505 632 778 688 Precibus
809 631 1131 699 inhaerens,
1165 649 1302 704 quae
1323 640 1615 704 perurunt
1643 635 1973 698 daemones,

504 722 588 784 Et,
622 735 744 790 quo
771 725 1011 774 retrusaa
1043 735 1137 774 res
1166 726 1390 791 patent,
1423 721 1679 776 silentio.

505 813 630 864 Non
659 824 766 880 spe
792 807 1092 872 fatiscens,
1127 823 1250 863 non
1279 809 1450 864 inerti
1481 809 1724 878 gaudio,

506 899 732 956 Labore
762 914 980 969 corpus
1013 903 1068 953 et
1093 897 1249 953 fame
1280 914 1562 953 exercens
1587 899 1774 969 gravi,

505 991 768 1058 Hymnos
799 993 1075 1055 gemente
1105 989 1314 1057 spiritu
1350 987 1524 1056 juges
1554 1003 1796 1042 canens.

503 1079 626 1144 Hic,
662 1077 857 1146 angeli
887 1077 1024 1140 ritu,
1055 1091 1158 1130 ore
1187 1077 1514 1147 conspicuo
1545 1077 1760 1142 nitens,

507 1169 608 1224 Dia
637 1167 973 1220 intuentum
1005 1164 1189 1220 corda
1215 1164 1519 1220 collustrat
1541 1165 1689 1221 face.

503 1258 591 1313 Nil
617 1271 882 1327 unquam
912 1257 1091 1309 inane
1119 1259 1320 1308 suetus
1347 1253 1425 1308 ad
1455 1256 1642 1308 risum
1677 1255 1866 1326 loqui,

505 1346 618 1402 Sed
648 1360 770 1416 quo
792 1343 988 1413 juvari
1019 1342 1276 1397 sentiant
1303 1358 1387 1407 se,
1419 1343 1522 1413 qui
1549 1343 1840 1405 audiunt;

504 1438 620 1489 Nec
652 1433 733 1487 sic
760 1431 1020 1504 profusae
1050 1431 1179 1486 vela
1209 1431 1364 1484 dans
1398 1431 1737 1502 loquentiae.

506 1525 636 1578 Haec
663 1523 906 1592 assequi
936 1521 984 1574 si
1017 1519 1171 1590 potis
1199 1533 1282 1573 es.
1316 1521 1376 1574 in
1415 1526 1535 1574 tuto
1558 1527 1643 1575 est
1670 1521 1852 1576 salus.

508 1613 628 1678 Sin,
658 1614 735 1667 ad
767 1609 1068 1681 gregalem
1093 1608 1366 1680 protinus
1399 1611 1576 1663 vitam
1612 1609 1759 1674 redi,

507 1701 614 1756 Ubi
638 1715 876 1755 rursum
905 1713 1128 1766 agones
1159 1696 1396 1752 excolas
1428 1699 1736 1754 asceticos.

895 1787 1049 1842 XCV.
1078 1816 1142 1825 —
1175 1785 1244 1840 In
1272 1791 1428 1841 recte
1455 1790 1762 1842 viventem.

510 1877 691 1949 Sapit-
707 1876 857 1930 inter
880 1889 1112 1937 omnes,
1144 1876 1246 1944 qui
1277 1873 1377 1928 Dei
1415 1875 1555 1928 vivit
1579 1880 1762 1929 metu.

507 1968 794 2035 Purgatus
823 1966 1063 2020 animus
1095 1963 1291 2033 potior
1313 1968 1400 2017 est
1427 1962 1682 2017 cumulis
1714 1978 1920 2034 opum.

509 2057 686 2112 XCVI.
720 2085 789 2095 —
818 2054 890 2108 In
920 2051 1262 2116 monachos,
1295 2066 1535 2107 carmen
1561 2052 1930 2121 dactylicum
1957 2059 2010 2110 et
2042 2055 2155 2110 ele-

1147 2137 1407 2192 gzacum.

512 2217 554 2272 Ο
586 2214 766 2270 fortes
798 2211 1021 2267 salvete
1060 2211 1187 2275 viri,
1220 2211 1394 2282 queis
1422 2211 1596 2266 cedat
1633 2212 1906 2279 Achilles,

581 2307 827 2359 Hectora
855 2300 1316 2370 magnanimum
1345 2301 1614 2355 straverit
1637 2301 1730 2355 ille
1754 2302 1905 2358 licet.

515 2393 691 2448 Vobis
712 2392 887 2446 ﬁrma
915 2388 1022 2444 fuit
1048 2389 1253 2452 lorica,
1283 2389 1615 2444 monastica
1646 2391 1764 2445 vita
1788 2407 1800 2444 :

587 2485 647 2536 Et
672 2479 881 2535 docilis
903 2481 1094 2549 pietas
1119 2478 1385 2549 optimus
1423 2480 1586 2532 ensis
1617 2485 1759 2534 erat.

514 2572 786 2638 Fregistis
815 2567 1022 2631 Beliar,
1049 2569 1428 2620 tenebrarum
1449 2573 1504 2620 et
1534 2581 1719 2635 regna
1753 2567 2050 2640 superba:

584 2662 836 2729 Postque
861 2656 1091 2710 obitum
1119 2656 1272 2710 cmlo
1298 2663 1472 2726 parta
1495 2670 1721 2710 corona
1746 2657 1872 2712 fuit.

517 2751 714 2820 Deque
737 2745 908 2800 vobis
933 2745 1026 2797 hic
1058 2750 1346 2797 remansnt
1382 2744 1512 2798 sola
1542 2743 1709 2814 pellis
1742 2753 1996 2802 mortua.

779 2833 974 2889 XCVII.
997 2863 1066 2871 —
1096 2831 1488 2902 Epigramma
1515 2834 1596 2888 ad
1618 2834 1892 2902 seipsum.

509 2927 728 2984 Anima
750 2923 999 2988 misella,
1031 2938 1214 2994 prOpe
1245 2925 1390 2976 ades
1419 2929 1476 2977 et
1502 2925 1682 2978 verba
1713 2925 1942 2996 excipe.

501 3018 758 3086 Tempus
787 3013 1138 3082 volucripes,
1171 3026 1382 3066 cursor
1417 3017 1480 3065 ut
1510 3012 1700 3077 velox,
1728 3013 1870 3079 abit,

507 3105 848 3176 Propinqua
879 3109 1040 3156 meta
1071 3107 1180 3167 est,
1213 3115 1322 3154 nec
1346 3100 1480 3154 licet
1507 3101 1877 3172 praetervehi.

505 3198 632 3250 Non
660 3207 802 3262 ergo
832 3206 991 3246 curae
1021 3205 1131 3245 nos
1156 3190 1364 3244 inanes
1390 3197 1703 3260 occupent,

510 3286 575 3339 Ut
598 3280 988 3354 perﬂuentem
1015 3282 1118 3350 qui
1147 3277 1376 3349 replent
1401 3293 1562 3348 aqua
1587 3281 1829 3350 cadum,

506 3377 785 3441 lgnemve
815 3368 1072 3432 fodiunt,
1096 3383 1232 3438 quae
1258 3383 1425 3422 mera
1445 3375 1536 3422 est
1566 3367 1820 3424 insania.

511 3461 718 3516 Divina
746 3458 946 3530 potius
972 3473 1042 3512 ac
1065 3456 1243 3511 saluti
1269 3471 1557 3524 congrua,

504 3552 568 3604 Et
597 3549 878 3616 cogitare,
914 3550 970 3600 et
1001 3545 1276 3616 persequi
1309 3547 1461 3599 votis
1487 3545 1684 3614 juvat:

511 3640 578 3693 Ut
598 3637 675 3691 ad
710 3633 966 3691 tribunal
989 3641 1213 3688 stemus
1239 3633 1634 3703 imperterriti,

509 3725 741 3781 Domini
769 3724 1027 3794 potentis
1056 3721 1329 3777 omnium
1356 3728 1534 3792 atque
1559 3722 1778 3792 judicis
1807 3738 1820 3777 :

502 3813 828 3882 Proculque
854 3809 1117 3865 ﬂammis
1143 3811 1448 3864 aestuantis
1481 3812 1708 3877 tartari,

503 3903 592 3956 Ad
624 3901 828 3956 lumen
855 3899 1156 3954 evolemus
1180 3898 1346 3954 haud
1376 3897 1631 3956 effabile.

574 3991 796 4048 XCVIII.
828 4021 896 4030 —
921 3989 1316 4060 Epigramma
1344 3989 1405 4044 in
1450 3990 1737 4046 Chalcitae
1775 3989 2070 4046 custodia.

502 4167 742 4223 Alienus
764 4165 857 4220 ille
885 4169 974 4220 est
998 4181 1033 4220 a
1060 4166 1197 4228 Deo,
1235 4171 1398 4220 terrae
1425 4165 1582 4220 bona

505 4258 616 4322 Qui
646 4272 763 4311 non
788 4262 1021 4325 reputat
1045 4254 1241 4309 aliena
1271 4269 1392 4324 prin
1424 4253 1554 4308 caeli
1578 4255 1750 4309 bonis
1779 4270 1792 4310 :

501 4345 692 4400 Terrte
723 4347 1019 4398 bonorum
1051 4357 1312 4412 namque
1343 4343 1631 4397 Dominus
1658 4342 1742 4398 sic
1766 4343 1896 4398 erit.

860 4433 1026 4486 XCIX.
1050 4459 1119 4470 ——
1162 4430 1234 4484 In
1268 4431 1468 4486 eadem
1501 4431 1792 4487 custodia.

501 4524 702 4593 Spem,
735 4520 900 4584 cella,
929 4526 1160 4589 praeter,
1192 4519 1488 4589 hospitem
1519 4535 1614 4574 me
1645 4520 1910 4576 detines:

500 4616 571 4666 At
603 4618 656 4666 te
686 4609 950 4678 benigna
979 4607 1249 4679 perfruar
1281 4608 1537 4664 colonia.

500 4699 770 4770 Byzantis
793 4699 911 4752 huc
945 4712 1038 4751 me
1064 4696 1270 4751 civitas
1295 4697 1720 4758 exterminans,

503 4789 711 4854 Pravo,
733 4787 894 4858 quod
923 4787 1054 4856 ipsa
1077 4785 1280 4849 nescit,
1309 4784 1523 4839 affectu
1554 4785 1784 4844 eximit.

919 4876 976 4928 C.
1013 4904 1078 4914 —
1108 4871 1180 4927 In
1209 4873 1410 4928 eadem
1446 4873 1736 4929 custodia.

499 4963 632 5021 Mihi
664 4979 804 5019 vera
828 4977 1048 5033 corpus
1079 4967 1134 5016 et
1157 4963 1333 5015 unica
1357 4969 1448 5015 est
1477 4963 1750 5017 custodia
1774 4979 1787 5016 :

504 5055 689 5108 Locus
715 5051 1027 5108 habitandi
1059 5049 1307 5122 quilibet
1332 5049 1550 5120 pariter
1580 5049 1788 5106 datus:

498 5142 582 5199 Me
612 5156 876 5213 namque
908 5138 1106 5195 nullus
1136 5145 1191 5194 et
1225 5141 1339 5192 Deo
1378 5137 1750 5208 disjunxerit.

2183 368 2228 422 Α
2262 365 2423 424 Ὀλην
2447 367 2681 440 καθεῖρξε
2706 370 2836 440 πρὸς
2859 368 2988 419 Θεὸν
3019 369 3112 424 τὴν
3133 361 3359 439 καρδίαν
3391 383 3406 397 ⁸

2270 454 2451 507 κλείων
2479 456 2759 528 λογισμοὺς
2783 461 2902 517 τοὺς
2924 457 3174 529 γνρευτὰς
3201 462 3296 515 τῆς
3325 457 3490 516 πλάνη
3505 477 3545 522 ς,

2265 550 2399 595 Νοῦν
2431 549 2645 616 πέμπων
2679 552 2789 604 ταῖς
2815 546 2920 596 ἄνω
2955 545 3213 616 θεωρίαις,

2266 629 2446 702 Ἐχων
2477 638 2781 704 προσευχὴν
2811 636 3104 689 καυστικὴν
3133 641 3231 682 τῶν
3265 628 3548 704 δαιμόνων,

2264 727 2431 792 φέρων
2456 724 2658 778 σιωπὴν
2684 728 3144 792 μυσταγωγοῦσαν
3172 719 3336 792 βάθη,

2264 814 2448 880 Ψυχὴν
2479 808 2726 861 οῖθλιπτον
2761 808 2808 860 ἐν
2834 814 2983 881 χαρᾲ
3014 817 3114 860 τῶν
3143 806 3388 872 ἐλπίδων,

2265 896 2462 970 Ἔργων
2493 918 2544 950 τε
2573 907 2786 970 χειρῶν,
2818 902 2908 948 καὶ
2937 903 3099 948 κόπου
3131 897 3320 969 λαιμοῦ
3350 905 3478 970 τόνῳ
3506 921 3519 933 ο

2264 983 2428 1057 ’ῼδὴν
2455 988 2744 1051 ἄπαυστον,
2778 995 2980 1056 πνεῦμα
3012 992 3455 1060 συντετριμμένον.

2265 1075 2445 1136 Οὕτως
2477 1078 2693 1145 ἀνοίγων
2726 1075 3094 1147 αγγελοπρεπεί
3121 1077 3230 1146 θέᾳ,

2264 1163 2663 1236 Ἀκτινολαμπεῖ
2687 1168 2804 1223 τοῦς
2832 1164 3061 1236 ὁρῶντας
3085 1165 3286 1224 ἑνθὶως.

2264 1257 2440 1322 Λέγων
2467 1257 2556 1324 μιν
2584 1249 2734 1304 οὐδεν
2763 1261 2859 1304 τῶν
2887 1251 3178 1324 ἀχρήστων
3203 1253 3276 1315 εἰς
3303 1253 3480 1324 γελως,

2264 1340 2398 1392 Ἀλλ’
2428 1342 2563 1414 ᾧπέρ
2595 1339 2735 1392 ἐστιν
2766 1341 3070 1412 ὠφελεῖσθαι
3099 1345 3186 1393 τόν
3213 1342 3370 1404 ξένον.

2265 1434 2363 1482 Καὶ
2389 1439 2555 1481 ταῦτα
2584 1434 2781 1501 φεύγων
2812 1437 3169 1502 μακρορημείν
3201 1431 3274 1493 εἰς
3304 1437 3456 1504 κόρον
3485 1449 3499 1462 ·

2260 1517 2352 1570 Ἀν
2382 1514 2468 1570 οὖν
2500 1515 2630 1589 δύνῃ
2662 1523 2790 1589 πρὸς
2817 1525 3000 1581 ταῦτα,
3032 1528 3302 1580 σωστικῶς
3332 1525 3538 1595 τρέχεις

2265 1607 2321 1659 Εἰ
2350 1614 2420 1678 μὴ
2455 1603 2514 1658 δέ
2541 1624 2552 1635 ⁶
2586 1610 2795 1678 φεύγοις
2815 1607 2885 1666 εἰς
2917 1606 3033 1679 βίον
3058 1608 3264 1668 ζώντων
3292 1609 3420 1680 οἶμα,

2185 1712 2228 1766 Β
2262 1696 2344 1748 Ἐν
2443 1695 2684 1756 πλειόνως
2704 1699 2822 1756 τοῦς
2845 1695 3044 1766 ἀγῶνας
3071 1696 3405 1770 λαμπρύνεις.

2652 1784 2759 1870 SE’.
2795 1816 2863 1825 —
2911 1785 3016 1846 Εἰς
3054 1781 3115 1837 εὖ
3157 1785 3459 1857 βιοῦντα.

2263 1880 2481 1946 Σώφρων
2511 1876 2805 1947 κράτιστος,
2835 1873 2892 1935 ὃς
2921 1882 3054 1926 Θεοῦ
3090 1873 3204 1946 βιοῖ
3233 1875 3392 1947 φόϐῳ.

2265 1969 2455 2034 Ψυχῆς
2485 1966 2738 2038 κάθαρσις
2766 1971 3010 2035 κρεῖσσον
3039 1963 3053 1994 ί
3082 1964 3110 2022 ᾖ
3140 1964 3361 2026 πλοῦτος
3388 1966 3536 2039 ῥέων.

2462 2082 2524 2092 --
2608 2055 2708 2112 Εις
2792 2056 3144 2134 μοναχοῦς,
3246 2050 3650 2113 δακτυλικὸς
3753 2058 3869 2103 καί

2908 2123 3204 2192 ίλεγείος.

2267 2218 2505 2284 Χαίρετε,
2536 2207 2718 2284 ἄνδρες
2744 2209 2972 2285 ἁριστίες
2997 2219 3088 2263 τοῦ
3121 2212 3373 2282 Ἀχιλῆος
3400 2213 3621 2285 ὕπερθεν
3655 2233 3668 2244 ·

2343 2307 2547 2353 κτεῖναι
2577 2303 2665 2371 μὲν
2695 2298 2917 2372 Ἕκτορα
2946 2296 3093 2362 οὖτος
3123 2307 3366 2375 κρατερὸν
3406 2302 3610 2375 ξιφέρη.

2269 2392 2333 2442 Οἱ
2361 2387 2438 2454 δε,
2471 2391 2796 2460 μοναζόντων
2830 2389 3185 2460 θωρηξάμενοι
3219 2391 3502 2456 πολιτείαν,

2341 2485 2489 2548 Χιίρε
2519 2476 2754 2537 λαϐόντες
2775 2478 2869 2550 ἄορ
2902 2477 3164 2538 εὐπειθοῦς
3195 2487 3290 2540 τῆς
3313 2481 3490 2540 ὁσίας.

2268 2567 2496 2638 Σφάξατε
2522 2572 2607 2617 τόν
2635 2565 2842 2639 Βελίαρ,
2878 2575 3082 2626 σκοτεος
3109 2568 3448 2639 μεγαλαύχεα
3476 2575 3606 2620 νοῦα
3633 2586 3646 2596 ·

2341 2655 2512 2708 Ἔνθεν
2540 2655 2806 2726 ἀπήρκατε
2832 2655 2900 2715 εἰς
2926 2655 3141 2729 οὐρανόν
3173 2656 3496 2730 ἀθλοφόρως,

2267 2742 2565 2819 Δερματίδα
2594 2748 2938 2816 προσαφέντες
2968 2742 3194 2797 τάνθάδε
3222 2752 3313 2802 τὴν
3341 2749 3522 2818 νεκρὰν
3553 2750 3749 2817 μόνην,

2513 2831 2623 2918 L'Z"
2679 2863 2730 2872 —
2779 2832 3191 2905 Ἐπίγραμμα
3230 2836 3318 2896 εὶς
3352 2835 3606 2889 ἑαυτόν.

2267 2926 2423 2992 Ψυχὴ
2448 2917 2684 2986 ταπεινὴ,
2719 2917 2873 2992 δεῦρό
2898 2940 3006 2990 μοι,
3053 2919 3200 2984 δέξαι
3225 2922 3396 2992 λόγον.

2207 3067 2225 3085 Ἰ
2260 3002 2320 3062 Ὀ
2351 3014 2532 3082 καιρός
2560 3009 2681 3071 ὀξὺς
2710 3012 2774 3068 ὡς
2801 3006 3025 3080 δρομεὺς
3048 3007 3346 3084 διατρέχων
3380 3028 3392 3040 ·

2207 3102 2226 3118 ⁴
2263 3101 2454 3170 Ἐγγῦς
2484 3103 2539 3149 τό
2566 3103 2744 3171 τέρμα,
2777 3103 2866 3149 καὶ
2894 3099 3161 3170 παρελθεῖν
3191 3099 3284 3150 οὐκ
3305 3101 3397 3152 ἔνι.

2263 3193 2348 3244 Μὴ
2384 3184 2451 3244 δὴ
2481 3191 2731 3258 κάμοιμεν
2761 3193 2878 3246 ταῖς
2902 3192 3149 3256 ματαίαις
3182 3193 3471 3259 φροντίσιν,

2265 3277 2612 3336 Ἀντιλοῦντες
2645 3279 2802 3336 ὅντως
2827 3275 2898 3336 εἰς
2930 3277 3079 3327 πίθον
3112 3280 3465 3347 τετριμμένον,

2263 3369 2523 3423 Ξαίνοντες
2550 3363 2622 3424 εἰς
2652 3371 2778 3434 πῦρ,
2811 3367 2879 3423 ὡς
2906 3361 3202 3434 γελοιωδῶς
3231 3367 3365 3436 ἔχει.

2263 3453 2398 3506 Ἀλλ’
2422 3456 2466 3503 εἰ
2495 3471 2545 3504 τι
2579 3455 2730 3514 θεῖον,
2769 3455 2813 3502 εἰ
2841 3471 2891 3502 τι
2926 3457 3184 3504 σωστικὸν
3215 3454 3378 3519 πέλει,

2262 3549 2440 3595 Ταῦτα
2467 3550 2778 3602 σκοποῦντες
2808 3546 2898 3592 καὶ
2937 3537 3210 3602 διώκοντες
3238 3544 3401 3613 πόθῳ.

2261 3631 2347 3692 Ὠς
2377 3629 2436 3682 ἆν
2467 3634 2865 3700 παρασταίημεν
2892 3630 2940 3679 ἐν
2967 3629 3260 3704 παρρησίᾳ.

2262 3721 2342 3791 Τῷ
2370 3727 2468 3771 τῶν
2499 3718 2735 3770 ἁπάντων
2761 3723 2850 3770 καὶ
2876 3724 3036 3790 Κριτῇ
3065 3725 3156 3771 καὶ
3186 3726 3438 3791 Δεσπότῃ.

2261 3814 2330 3861 Τὸ
2353 3817 2454 3880 πῦρ
2481 3815 2727 3878 φυγόντες
2754 3815 2848 3868 τῆς
2872 3811 3098 3876 γεέννης,
3126 3811 3195 3868 ὡς
3223 3810 3432 3882 γράφει,

2267 3903 2366 3950 Καὶ
2397 3901 2804 3970 προσ-τρέχοντες
2829 3903 2900 3965 τῷ
2923 3893 3174 3970 παῤῥήτῳ
3205 3900 3339 3970 φάει.

2261 3985 2378 4074 ψ’.
2427 4017 2491 4028 -
2539 3984 2956 4057 Ἐπίγραμμα
3010 3983 3068 4035 ἄν
3108 3993 3177 4058 τῇ
3239 3985 3481 4058 φυλακῇ
3552 3995 3670 4050 τῆς
3713 3988 3878 4043 Xa)-

2927 4077 3112 4125 κίτου
3151 4075 3186 4129 ἢ

2260 4168 2411 4225 Ξένος
2449 4169 2583 4215 Θεοῦ
2614 4167 2849 4233 πέφηνεν,
2883 4163 3030 4223 ὅστις
3058 4163 3118 4215 οῦ
3150 4162 3268 4226 ξένα

2261 4251 2417 4323 Ἔχει
2435 4257 2498 4304 τὰ
2525 4247 2630 4323 τῇδ
2633 4270 2656 4303 ε
2677 4260 2846 4302 πάντα
2863 4260 2964 4303 τῶν
2993 4252 3098 4304 ἀνω
3130 4257 3336 4324 σχίσει.

2265 4341 2416 4393 Οὕτω
2440 4343 2538 4414 γὰρ
2569 4342 2714 4412 ὤφθη
2735 4347 2996 4402 Δεσπότης
3025 4346 3114 4392 καί
3143 4337 3166 4371 ¹¹
3192 4351 3290 4393 τῶν
3316 4343 3482 4396 κάτω.

2571 4428 2691 4516 ιβ’.
2724 4459 2793 4470 -
2821 4430 2917 4484 Ἐν
2955 4437 3025 4502 τῇ
3068 4430 3224 4502 αὐτῇ
3267 4431 3554 4504 φυλακῇ.

2261 4517 2462 4590 Ἔσχες
2488 4537 2570 4589 με,
2599 4517 2747 4575 κελλη
2773 4521 2861 4569 τὸν
2899 4517 3038 4579 ξένον
3069 4520 3191 4592 παρ’
3218 4517 3429 4577 ίλπίδα.

2262 4608 2425 4679 Εὗρον
2456 4605 2506 4659 δ’
2536 4609 2637 4678 ἐγώ
2669 4625 2726 4659 σε
2755 4606 3004 4678 φιλτάτην
3036 4613 3336 4680 παροικίαν.

2260 4697 2514 4758 Βυζαντὶς
2543 4697 2571 4754 ἡ
2595 4695 2743 4757 πόλις
2769 4713 2832 4768 με
2859 4694 3037 4767 βάλλει
3061 4693 3265 4750 κὰνθάδ
3269 4715 3312 4750 ε.

2261 4787 2551 4839 Λασθοῦσά
2579 4785 2622 4836 τ’
2644 4785 2777 4842 αὕτη
2808 4786 3167 4858 προσπαθείας
3194 4785 3386 4858 ἑξάγει.

2610 4872 2774 4930 Ρ’.-
2802 4874 2896 4927 Ἐν
2936 4881 3006 4945 τῇ
3047 4872 3205 4946 αὐτῇ
3249 4881 3517 4949 φρουρᾷ.

2258 4962 2408 5034 Ἐμοὶ
2439 4965 2496 5015 τὸ
2528 4971 2681 5034 σῶμα
2709 4965 2907 5036 φρουρὰ
2936 4968 3024 5014 καὶ
3047 4967 3204 5033 μόνον
3232 4963 3370 5016 πέλει
3392 4979 3407 4996 ·

2257 5057 2424 5114 Τόπος
2449 5048 2508 5104 δε
2529 5057 2630 5111 πᾶς
2659 5069 2741 5113 τις
2769 5051 2822 5114 ἐξ
2848 5054 2969 5102 ἶσον
3001 5047 3314 5122 δεδωμίνος.

2259 5143 2482 5214 Πάμπαν
2512 5145 2638 5193 Θεοῦ
2666 5143 2765 5214 γὰρ
2796 5139 2856 5192 οὐ
2886 5142 3130 5216 πάροικος
3153 5141 3432 5212 τυγχάνω,

1847 5325 2074 5381 νΑιυιΕ
2119 5325 2409 5384 LECTION
2420 5326 2520 5383 ES.

565 5475 588 5530 ι
656 5476 799 5559 Cod.
835 5479 974 5548 Reg.
1006 5479 1263 5551 κρείσσων
1333 5473 1372 5530 J'.
1409 5456 1548 5548 Reg.
1582 5474 1724 5532 Cod.
1764 5475 2065 5537 Χαλκήτου.
2140 5476 2168 5520 κ
2218 5480 2358 5551 Reg.
2388 5478 2530 5536 Cod.
2564 5497 2692 5543 πως.

3723 241 3868 299 1804
