4038 6312
212 308 349 373 1803

534 430 655 486 PA’.
698 461 755 472 -—-
796 431 887 481 ἷΕν
918 433 989 501 τῇ
1029 429 1187 500 αὐτῇ
1231 428 1480 502 εἱρκτῇ,

209 519 367 593 ⁴Ωραν
397 522 512 573 καθ’
539 524 675 595 ὥραν
705 528 798 572 τοῦ
829 518 945 593 βίου
977 519 1114 580 τέλος
1149 523 1352 583 σκόπει,

215 616 309 663 Καὶ
340 613 544 684 μακρὰν
575 609 628 661 ἐκ
662 619 756 662 σοῦ
787 614 881 667 τὴν
911 605 1137 665 ἀκηδίαν
1169 603 1398 679 βλέποις.

211 705 316 751 Τῶν
343 695 603 769 δαιμόνων
629 702 730 770 γὰρ
761 702 816 749 τὸ
846 698 1006 768 λέγειν
1034 716 1044 726 ·
1079 696 1190 748 “Eoi
1209 717 1229 756 ς
1267 700 1451 762 non;

217 793 313 841 Καὶ
338 794 409 859 μὴ
438 794 495 839 τὸ
524 785 676 849 δόξαι
705 788 943 839 τεθνάναι
971 788 1291 858 καθημέραν.

423 884 532 937 PB’.
577 916 633 923 —
663 887 1070 956 Ἐπίγραμμα
1110 883 1198 943 εἰς
1235 884 1339 942 τὰς
1379 883 1596 953 φάνας.

213 978 424 1045 Δοχεῐόν
462 974 567 1044 εἰμι
594 980 683 1033 τῆς
711 972 1001 1042 ἀκοιμητου
1034 973 1212 1042 φάνης,

210 1066 502 1135 Ὑπερφαείς
531 1066 620 1123 τὰς
653 1061 819 1131 αὐγὰς
850 1060 896 1112 έν
917 1060 1125 1131 ψυχαῖς
1162 1065 1331 1134 φέρον.

212 1152 280 1204 Ὦ
306 1148 658 1222 λαμπαδοῦχε
684 1159 774 1202 τοῦ
795 1149 1113 1224 τριλαμποῦς
1144 1151 1313 1213 ἡλίου,

210 1239 515 1312 ’Ἄστραψον
547 1242 670 1309 ἡμῖν
702 1244 886 1311 φέγγος
919 1238 1191 1309 ἀστραπῆς
1224 1239 1393 1302 πλέον,

213 1336 385 1391 Φωτος
408 1348 471 1400 με
496 1329 689 1390 τεύξας,
720 1329 746 1379 ὁ
776 1332 1067 1399 προσοίσας
1090 1324 1139 1379 δ’
1172 1324 1390 1397 εὐχάδε.

216 1418 396 1492 Εὐροις
421 1422 475 1489 μ’
506 1417 692 1470 ἐκεῖθεν
719 1415 917 1487 λάμψιν
950 1415 1174 1489 ἀρρήτου
1207 1418 1388 1487 φάους.

214 1514 324 1570 PI”.
361 1547 425 1555 —
463 1520 624 1589 Πρὸς
661 1520 726 1566 τὸ
785 1514 1099 1585 ἐπιμελῶς
1139 1512 1609 1584 ἀναγινώσκειν
1649 1512 1721 1561 τὰ
1756 1512 1816 1560 ἓν

790 1610 924 1664 τοῖς
964 1607 1240 1672 τοίχοις.

216 1694 379 1744 Γνῶθι
404 1697 602 1764 παριὼν
640 1699 738 1743 τῶν
771 1690 1112 1765 ἀναγράπτων
1144 1694 1316 1762 μέρος.

217 1788 364 1835 Θεῖον
404 1783 505 1854 γὰρ
528 1777 677 1832 οὐδὲν
706 1781 850 1853 ῥῆμά
878 1799 961 1831 σοι
990 1784 1301 1853 παροπτέον.

218 1878 323 1932 PA"
374 1910 442 1919 —
494 1878 907 1952 Ἐπίγραμμα
946 1878 1035 1939 εἰς
1076 1875 1251 1929 οἶκον
1290 1883 1613 1947 γυναικῶν
1656 1872 1821 1945 φιλο-

912 1966 1122 2027 ξένων.

218 2056 547 2127 Σπλάγχνοις
578 2054 827 2125 ξενισμῶν
862 2054 1265 2128 εὐρυχωροῦσαι
1294 2054 1428 2119 λίαν,

216 2143 415 2218 ’Ὥσπερ
449 2164 525 2205 τις
557 2144 708 2204 ἄλλος
738 2142 978 2215 Ἀϐρααμ
1008 2146 1406 2217 πατροκράτωρ,

220 2236 290 2287 Αἱ
312 2231 668 2285 δεσποτοῦσαι
696 2230 863 2289 τῆσδε
893 2240 987 2293 τῆς
1020 2237 1319 2303 παροικίας,

222 2324 425 2383 Πλῆθος
454 2330 723 2393 μοναστῶν
752 2318 1045 2383 δεξιοῦνται
1077 2324 1169 2372 σὺν
1200 2323 1343 2392 πόθῳ
1364 2338 1376 2349 ⁸

218 2411 635 2473 Μισοξενοῦντων
667 2414 723 2461 τὸ
757 2409 1082 2480 στενοψυχον
1122 2412 1292 2471 πάθος

222 2502 709 2572 Καταισχῦνουσαι
737 2507 798 2571 τῇ
833 2498 1260 2570 πολυσπλάγχνῳ
1303 2503 1511 2570 σχέσει,

223 2594 323 2643 Καὶ
350 2594 443 2647 τὴν
475 2591 664 2641 ἄνωθεν
696 2594 952 2659 κτώμεναι
982 2593 1371 2659 σκηπτουχίαν,

482 2677 595 2731 ΡΕ¹.
635 2708 696 2718 -
724 2676 1138 2748 Ἐπίγραμμα
1176 2677 1265 2737 εἰς
1304 2675 1543 2739 ξένους.

223 2771 455 2840 Χριστὸν
488 2767 671 2830 ξενίζει
710 2772 811 2827 πᾶς
844 2762 1131 2837 διατρέφων
1154 2765 1349 2827 ξένους,

219 2864 387 2929 Ηνπερ
419 2859 610 2927 μεθῆκε
634 2859 863 2926 Χριστὸς
894 2854 940 2905 ἐν
974 2857 1166 2927 φθορᾶς
1191 2856 1315 2922 οἶνω,

222 2946 366 2999 Αλλά
395 2964 454 3015 γε
486 2944 782 3007 συντάξοιεν
807 2947 856 2995 ἐν
888 2944 1091 3004 ζώντων
1125 2949 1290 3015 μέρει,

219 3033 431 3095 Ταύτης
460 3037 517 3084 τὸ
548 3040 765 3103 πνεῦμα,
795 3041 893 3083 τῶν
925 3032 1050 3083 ὅλων
1082 3034 1106 3083 ὁ
1140 3039 1423 3093 Δεσπότης.

442 3131 581 3212 Ρςῆ
622 3162 682 3169 -
718 3130 816 3189 Εἰς
855 3136 1302 3205 μοναστὴριον
1343 3128 1614 3204 ἀνδρῶν.

226 3227 363 3272 Θεοῦ
394 3220 539 3271 πόλιν
565 3238 644 3280 τις
684 3218 727 3270 εἰ
749 3218 931 3276 καλοίη
966 3222 1051 3270 τὸν
1083 3224 1257 3285 τόπον,

224 3309 336 3362 Οὐκ
362 3307 420 3359 ἆν
446 3305 777 3360 διαπταίσειε
808 3316 896 3368 τῆς
929 3309 1159 3380 θεωρίας.

219 3400 385 3469 Ὀρᾷς
419 3399 520 3468 γὰρ
554 3396 727 3461 αὐτὸν,
756 3396 1017 3458 κυκλικῶς
1056 3394 1367 3464 διαϐλέπων,

221 3490 393 3546 Ναοὺς
420 3489 673 3557 φαεινοὺς,
703 3488 1056 3559 ὡραῐσμένους
1085 3487 1239 3555 ἄγαν,

224 3578 418 3636 Οἰκους
444 3574 520 3626 ἐπ’
552 3577 728 3635 οἴκους
757 3574 1190 3636 καλλισυνθέτους
1221 3576 1354 3641 λίαν,

226 3669 442 3725 Κήπους
473 3668 703 3734 φυτείας,
737 3664 805 3722 ὡς
836 3661 1017 3735 Ἐδὲμ,
1045 3669 1409 3734 κεκασμένους.

224 3759 336 3806 Πᾶν
370 3755 413 3803 εἶ
438 3772 486 3803 τι
519 3754 725 3812 τούτοις
753 3749 1093 3824 τερπνοειδῶς
1116 3751 1375 3823 ἐμϐλέπων
1412 3772 1421 3781 ·

222 3842 468 3911 ,Αγαθῶν
504 3842 654 3911 θεωρὶ
687 3836 910 3901 δοξασον
945 3842 1245 3915 θεοφρόνως,

222 3934 556 4001 Μεμνημένος
590 3932 802 3988 Λέοντος
834 3928 1142 4000 ἁξιοχρέως,

222 4025 330 4072 Τοῦ
368 4024 790 4091 κτισματουργοῦ
824 4020 916 4068 σὺν
949 4025 1062 4089 Θεῷ
1100 4027 1199 4070 τῶν
1230 4015 1432 4074 ἐνθάδε.

338 4104 449 4161 PZ'.
484 4138 552 4147 --
580 4107 680 4166 Εἰς
719 4110 784 4158 τὸ
824 4103 1090 4178 δοχείον
1130 4116 1241 4170 τῆς
1281 4109 1475 4169 αὐτῆς
1515 4115 1726 4181 μονῆς.

228 4204 402 4257 Μονῆς
433 4195 636 4267 ἀγαστὴ
652 4217 690 4261 ς,
724 4204 819 4256 τῆς
849 4196 1166 4268 καλουμένης
1199 4200 1335 4261 νέας,

234 4291 453 4357 Δοχείόν
484 4286 609 4357 εἰμι,
642 4290 731 4337 καὶ
756 4285 1034 4357 προαύλιον
1063 4285 1199 4348 ξένον
1234 4302 1247 4315 ο

234 4375 463 4437 Πολλοὺς
494 4375 690 4437 ξενίζον
720 4373 792 4434 εἰς
822 4374 1037 4445 ἄμειψιν
1069 4373 1248 4425 αἰσίαν

236 4468 456 4526 Λέοντος
485 4464 697 4531 ἐσθλοῦ,
731 4468 988 4515 Δεσπότου
1020 4472 1118 4514 τῶν
1149 4459 1349 4518 ἐνθάδε.

701 4558 817 4613 ΡΗ’.
851 4592 916 4601 -
946 4561 1056 4622 Εἰς
1094 4563 1158 4612 τὸ
1199 4560 1377 4615 αὐτὸ.

237 4648 371 4705 Ὧδε
402 4651 648 4714 ξενισθεὶς
680 4646 830 4720 δεξιᾷ
857 4652 1177 4724 προμηθείᾳ,

234 4739 524 4802 Ἀντίξενον
551 4743 758 4813 φέροιμι
787 4735 954 4813 δῶρον
980 4740 1004 4789 ὁ
1039 4738 1194 4804 ξένος,

235 4828 335 4881 Ὧν
362 4829 635 4901 εὐποροίην
666 4832 723 4880 τὸ
753 4830 1032 4901 κράτιστον
1059 4823 1112 4879 εὖ
1154 4827 1313 4898 μάλα,

242 4917 409 4991 Ὁμοῦ
439 4922 533 4970 σὺν
559 4917 746 4989 εὐχαῖς
774 4912 969 4970 τούσδε
998 4921 1251 4989 τέτταρας
1291 4921 1530 4989 στίχους.

708 5004 832 5059 ΡΘ’.
869 5036 934 5047 -
978 5005 1078 5066 Εἰς
1116 5007 1378 5077 τάφους.

244 5100 316 5150 Τὸ
346 5098 559 5169 τερπνὸν
582 5091 734 5156 εἰδὼς
762 5099 849 5146 καὶ
880 5090 1105 5155 σκιώδις
1133 5101 1224 5146 τοῦ
1258 5093 1401 5166 βίον,

250 5190 394 5240 Λέων
425 5188 585 5255 ἔγωγε
616 5193 705 5245 τῆς
735 5191 891 5255 μονῆς
923 5185 948 5234 ὁ
983 5185 1218 5241 συστάτη
1232 5204 1270 5247 ς,

254 5275 422 5328 Καλὸν
450 5277 670 5344 τέτευχα
691 5280 800 5333 τοῖς
825 5272 1075 5344 φιληλίοις
1096 5276 1261 5344 τέγος,

250 5368 322 5417 Τὸ
361 5358 492 5435 τῇδε
518 5359 671 5433 δῶμα
700 5365 947 5433 τέρματος
978 5365 1185 5432 μνήμην
1217 5365 1363 5433 φέρον
1399 5378 1411 5391 ·

250 5450 423 5511 ’Ἅπας
446 5454 547 5524 γὰρ
578 5450 757 5511 ἐσθλὸς
786 5450 1005 5501 θανάτου
1038 5454 1374 5521 μεμνημένος,

254 5547 363 5601 Φῶς
392 5536 713 5611 εἰσδέχοιτο,
746 5542 836 5590 καὶ
859 5542 1180 5613 παρέρχεται
1208 5544 1450 5600 σκότους.

1778 302 1999 366 ιΑΜΒῐ.

2350 427 2432 481 CI.
2462 458 2529 468 -—
2558 428 2632 483 In
2657 429 2853 485 eodem
2872 444 3145 486 carcere.

1926 517 2002 569 Ex
2030 515 2176 569 hora
2206 515 2263 569 in
2297 515 2509 572 horam
2542 518 2858 572 terminum
2887 518 3021 573 vitae
3053 518 3299 589 inspice,

1923 603 2254 674 Omnisque
2292 604 2469 676 longe
2493 604 2674 674 fugiet
2702 622 2738 661 a
2770 613 2821 661 te
2850 606 3107 675 ignavia.

1926 691 2238 763 Quousque
2266 693 2503 748 tandem
2525 693 2551 746 ‘I
2580 694 2796 761 dicere,
2830 700 2921 750 est
2949 694 3426 763 cacodaemonis;

1923 783 2038 837 Nec
2069 780 2195 835 vitae
2226 782 2285 835 in
2312 782 2491 837 horas
2524 783 2847 852 praestolari
2878 783 3233 840 clausulam.

2211 881 2319 934 Cll.
2350 910 2415 919 —
2442 879 2838 949 Epigramma
2868 882 2931 936 in
2961 881 3287 950 lampades.

1925 966 2204 1023 Perennis
2234 982 2345 1037 ego
2377 984 2509 1024 sum
2542 969 2785 1023 luminis
2811 970 3203 1035 domicilium,

1929 1056 2255 1126 Splendore
2286 1057 2522 1127 penitus
2552 1058 2735 1113 corda
2773 1059 3081 1129 multiplici
3112 1059 3370 1131 replens.

1926 1145 1970 1201 Ο
1998 1145 2009 1199 ι
2041 1144 2285 1215 triplicis
2316 1146 2418 1216 qui
2451 1145 2590 1200 solis
2621 1147 2899 1201 accendis
2932 1146 3147 1213 facem,

1927 1233 2149 1289 Nostris
2182 1234 2239 1287 in
2272 1234 2487 1288 animis
2512 1232 2750 1303 fulgura
2778 1235 3112 1307 ingemines
3141 1244 3265 1303 tua,

1927 1324 2009 1377 Me
2038 1321 2262 1376 lumine
2297 1337 2563 1387 armans,
2597 1329 2775 1395 atque
2816 1324 2893 1378 ad
2921 1326 3223 1381 orandum
3252 1326 3571 1399 instruens,

1931 1411 2021 1467 Sic
2047 1410 2263 1480 jubare
2290 1410 2524 1479 fulgens
2546 1411 2685 1466 ﬁam
2714 1412 3139 1484 inexplicabili.

1929 1508 2058 1562 CIII.
2094 1538 2157 1549 —
2192 1509 2264 1564 Ut
2292 1508 2609 1577 diligenter
2641 1509 2921 1577 legantur
2969 1527 3098 1581 qua
3140 1512 3205 1568 in
3244 1512 3575 1580 parietibus

2515 1598 2811 1666 descripta
2841 1608 2999 1654 sunt.

1933 1687 2084 1740 Dum
2116 1685 2400 1757 praeteris,
2434 1685 2718 1757 inscripta
2744 1688 2960 1757 raptim
2988 1687 3242 1758 perlege.

1856 1782 1899 1837 Β
1930 1775 2143 1829 Divina
2169 1789 2466 1844 nusquam
2500 1775 2681 1829 verba
2714 1775 3014 1831 contemni
3050 1777 3241 1832 decet.

1933 1871 2060 1926 CIV.
2099 1901 2158 1913 -—
2188 1872 2579 1941 Epigramma
2602 1872 2664 1927 in
2696 1873 2935 1929 domum
2965 1873 3284 1930 mulierum
3318 1874 3580 1945 hospites

2538 1962 2987 2028 excipientium.

1934 2050 2076 2104 Lata
2094 2047 2410 2120 hospitalis
2440 2048 2742 2105 charitatis
2769 2053 3015 2117 viscera,

1934 2138 2003 2193 Ut
2030 2138 2340 2208 quondam
2370 2138 2669 2193 Abramus
2695 2138 2790 2194 ille
2823 2140 3183 2211 populorum
3217 2144 3405 2213 pater,

1934 2227 2026 2282 Sic
2056 2232 2109 2281 et
2134 2226 2352 2281 domus
2384 2227 2635 2297 hujusce
2661 2229 2933 2283 rectrices
2962 2235 3193 2300 gerunt.

1933 2314 2047 2370 Illic
2079 2316 2368 2385 recipiunt
2398 2320 2609 2386 sponte
2634 2318 3066 2373 monachorum
3101 2320 3381 2389 agmina:

1936 2410 2201 2473 Angusta
2231 2404 2481 2458 nimium
2510 2405 2713 2470 corda,
2742 2412 2799 2461 et
2827 2408 3071 2463 inimica
3094 2409 3420 2481 hospitum,

1941 2492 2378 2547 Pudefacientes
2403 2492 2635 2547 liberali
2663 2500 2917 2564 pectore,

1939 2581 2183 2652 Sibique
2213 2596 2399 2649 regna
2428 2589 2847 2649 comparantes
2878 2585 3164 2641 caelitum.

2259 2679 2367 2735 CV.
2395 2707 2463 2718 -
2491 2680 2881 2750 Epigramma
2908 2684 2964 2737 in
2997 2683 3268 2752 hospites.

1941 2768 2290 2837 Quicunque
2322 2766 2513 2837 pascit
2539 2766 2827 2839 hospites,
2859 2770 3152 2827 Christum
3182 2773 3416 2843 excipit,

1940 2858 2130 2921 Quam
2151 2857 2164 2869 '
2195 2856 2268 2909 de
2295 2855 2567 2925 sepulcro
2589 2856 2850 2912 Christus
2876 2859 2955 2914 ad
2991 2860 3208 2915 coelum
3237 2861 3462 2917 extulit.

1942 2946 2054 3000 Sed
2082 2949 2137 2999 et
2167 2944 2429 3015 reposuit
2454 2944 2698 2999 sedibus
2731 2947 3078 3017 viventium,

1938 3034 2193 3104 Hujusce
2222 3033 2486 3103 spiritus,
2523 3035 2808 3088 Dominus
2838 3041 2925 3089 est
2953 3037 3248 3093 omnium.

2216 3130 2346 3186 CVI.
2377 3160 2445 3171 —
2469 3130 2539 3185 In
2570 3134 2993 3189 monasterium
3025 3137 3311 3192 virorum.

1942 3220 1996 3276 Si
2027 3220 2162 3291 quis
2192 3218 2290 3272 Dei
2326 3217 2533 3273 urbem
2565 3219 2760 3274 dicere
2796 3222 2954 3276 hunc
2981 3222 3182 3278 locum
3215 3224 3373 3292 velit,

1939 3312 2161 3377 Nempe
2188 3307 2286 3363 ille
2312 3306 2479 3362 vanis
2506 3308 2669 3363 haud
2700 3310 2934 3365 aberret
2967 3312 3265 3367 sensibus.

1941 3399 2309 3468 Quocunque
2340 3395 2525 3451 ﬂexus
2557 3396 2855 3454 luminum
2887 3400 3295 3473 circumferas,

1942 3485 2290 3541 Fabrefacta
2322 3486 2471 3539 miro
2504 3486 2726 3556 templa
2748 3488 2909 3542 cultu
2939 3491 3259 3562 conspicis,

1942 3575 2217 3629 Connexa
2244 3573 2496 3644 pulchro
2526 3579 2680 3629 tecta
2704 3576 2871 3630 tectis
2903 3577 3135 3643 ordine,

1944 3665 2274 3733 Hortosque
2302 3662 2537 3733 plantis,
2572 3663 2730 3718 velut
2758 3665 2959 3732 Edem,
2992 3668 3343 3726 virentibus.

1942 3751 2005 3806 In
2036 3752 2127 3806 his
2154 3768 2396 3807 ammno
2427 3752 2723 3824 quidquid
2754 3754 2966 3810 obtutu
3008 3757 3202 3829 vides;

1944 3841 2200 3895 Primam
2230 3840 2531 3896 bonorum
2563 3842 2813 3913 principi
2843 3844 3085 3901 laudem
3117 3846 3268 3902 refer
3296 3864 3309 3899 :

1943 3929 2091 3983 Tum
2124 3945 2308 4000 quam
2338 3929 2513 3985 Leoni
2541 3930 2673 4000 jure
2700 3931 2885 3988 debes
2908 3935 3190 4001 gratiam,

1945 4018 2127 4087 Cujus
2159 4033 2313 4087 opus
2346 4034 2522 4072 omne
2552 4019 2860 4076 conditum
2888 4027 2975 4076 est
3001 4022 3313 4079 industria.

2054 4106 2211 4161 CVII.
2239 4136 2308 4144 —
2335 4106 2407 4161 In
2441 4106 2755 4177 hospitium
2807 4111 3067 4178 ejusdem
3124 4112 3485 4168 monasterii.

1950 4197 2049 4250 Hic
2078 4194 2365 4258 clarioris,
2398 4210 2584 4265 quam
2619 4203 2832 4251 vocant
2864 4213 3106 4264 novam,
3136 4200 3356 4255 domus

1950 4284 2248 4340 Monachis
2282 4288 2489 4353 parata
2523 4284 2802 4355 hospitia,
2832 4292 2886 4340 et
2916 4286 3073 4343 mdes
3103 4288 3353 4343 advenis

1952 4373 2142 4428 Multis
2175 4377 2529 4442 patescunt;
2561 4373 2804 4444 recipiat
2836 4373 3100 4431 faustam
3136 4383 3195 4432 ut
3228 4379 3439 4442 vicem,

1875 4467 1919 4521 D
1954 4463 2207 4532 Hujusce
2231 4460 2512 4516 dominus
2542 4462 2643 4531 qui
2675 4461 2788 4517 loci
2820 4468 2925 4529 est,
2958 4467 3068 4521 Leo
3097 4466 3389 4537 optimus.

2489 4559 2671 4613 CVIII.
2697 4591 2765 4599 —
2792 4562 2866 4616 In
2890 4561 3070 4618 idem.

1954 4648 2054 4703 Hic
2079 4647 2411 4719 hospitatus
2436 4648 2754 4702 commode
2791 4656 2968 4722 atque
3000 4668 3303 4723 prospere,

1954 4737 2186 4792 Donum
2220 4736 2481 4791 vicissim
2511 4743 2713 4806 gratus
2744 4738 2966 4809 hospes
2994 4740 3266 4805 offeram,

1956 4824 2154 4893 Longe
2182 4824 2477 4888 omnium,
2500 4840 2636 4895 quae
2669 4831 2993 4897 suppetunt
3017 4828 3183 4891 mihi,
3210 4828 3532 4898 optimum,

1960 4914 2105 4968 Cum
2135 4912 2412 4984 precibus
2442 4913 2587 4968 istos
2618 4929 2834 4985 nempe
2862 4930 3063 4970 versus
3085 4921 3369 4987 quatuor.

2462 5010 2588 5066 CIX.
2622 5042 2688 5051 -—
2710 5011 2783 5066 In
2812 5013 3113 5081 sepulcra.

1965 5098 2251 5156 Umbram
2278 5113 2405 5153 esse
2438 5099 2565 5154 vites
2593 5099 2882 5168 gaudium
2912 5116 3134 5169 gnarus
3167 5102 3373 5173 probe,

1967 5186 2268 5244 Fundator
2292 5187 2471 5257 hujus
2501 5202 2612 5256 ego
2640 5190 2975 5243 monasterii
3006 5190 3142 5255 Leo,

1970 5279 2191 5331 Decora
2221 5276 2392 5346 posui
2422 5282 2573 5330 tecto
2606 5276 2792 5331 solem
2825 5278 3191 5343 amantibus,

1971 5366 2153 5429 Hanc,
2186 5380 2320 5435 quin
2355 5365 2704 5419 memoriam
2737 5365 2870 5418 ﬁnis
2898 5366 3132 5434 ingerit,
3156 5367 3405 5423 domum
3436 5384 3449 5429 ς

1971 5454 2119 5508 Nam
2153 5454 2238 5506 vir
2268 5452 2493 5523 probus
2526 5453 2871 5524 quicunque
2904 5456 3113 5508 mortis
3139 5462 3230 5510 est
3262 5471 3511 5523 memor,

1971 5541 2311 5615 Lucemque
2339 5542 2564 5617 recipit,
2596 5557 2666 5597 ac
2693 5541 2967 5599 tenebras
2992 5542 3224 5617 effugit.
