4038 6312
509 263 646 319 18οἹ
1769 258 1806 313 8
1820 301 1832 314 .
1886 253 2254 316 THEODOBI
2295 249 2622 312 STUDITE

1105 383 1212 439 CX.
1240 411 1311 425 —
1337 383 1550 440 Aliud.

509 478 552 534 Ο
584 474 810 533 tumule
839 488 1046 530 amare
1075 472 1438 542 gaudiorum
1467 471 1691 538 saeculi,

509 565 596 621 Nil
625 571 676 621 te
705 569 897 636 potest
923 563 1162 629 satiare,
1190 578 1329 616 cum
1353 568 1603 617 cunctus
1637 559 1860 627 trahas,

505 656 740 725 Inopes,
769 653 1000 719 beatos,
1034 652 1330 707 maximos
1360 657 1418 706 et
1447 651 1708 715 inﬁmos,

507 744 932 813 Pulchrosque,
963 740 1402 812 deformesque,
1435 741 1645 796 doctos
1677 744 1732 794 et
1755 739 1975 794 rudes:

507 833 671 888 Molis
699 831 1008 887 universos
1038 830 1272 900 pariter,
1299 845 1370 884 ac
1395 829 1654 884 cinerem
1685 827 1892 893 efﬁcis,

506 921 657 977 Nihil
681 919 1016 976 auferentes
1040 923 1250 988 praeter
1281 932 1352 972 ea
1375 934 1510 989 quae
1541 918 1848 987 gesserint,

506 1013 605 1066 Dei
631 1010 709 1065 ad
741 1007 1003 1064 tribunal
1033 1007 1373 1062 exhibenda
1397 1007 1654 1076 judicis:

505 1101 648 1164 Quae
678 1103 837 1152 recta
867 1099 917 1151 si
943 1096 1078 1166 sint,
1113 1095 1304 1164 gloria
1332 1094 1425 1150 his
1474 1110 1736 1166 quorum
1789 1095 1916 1150 hac
1941 1099 2153 1150 erunt:

503 1187 560 1242 Si
587 1201 794 1259 prava,
830 1186 1008 1240 miser
1033 1184 1190 1239 heul
1224 1185 1320 1255 qui
1358 1183 1585 1238 nefaria
1609 1183 1813 1252 egerit.

505 1275 752 1332 Proinde
778 1280 1035 1344 reputes,
1064 1287 1100 1327 o
1127 1273 1327 1337 homo,
1363 1285 1499 1342 quae
1532 1276 1588 1326 te
1621 1287 1751 1326 sors
1785 1276 2008 1327 manet.

744 1362 878 1418 CXI.
912 1392 979 1401 —
1007 1361 1403 1431 Epigramma
1433 1362 1497 1415 in
1535 1359 1922 1429 Stephanum.

507 1453 744 1509 Mortale
771 1467 994 1523 corpus
1027 1451 1367 1520 Stephanus
1387 1449 1483 1504 hic
1505 1449 1855 1504 recondidit.

503 1546 610 1598 Ter
634 1543 902 1613 quinque
932 1555 1068 1594 cum
1097 1539 1336 1593 vixisset
1371 1554 1563 1593 annos
1593 1554 1663 1594 ac
1692 1538 1938 1594 decem:

504 1634 756 1688 Germen
783 1632 1126 1701 probatum,
1149 1630 1363 1682 decore
1393 1627 1714 1683 abundans
1743 1626 1883 1682 hinc
1909 1632 1966 1682 et
1993 1626 2155 1690 hinc,

505 1720 831 1792 Splendore
857 1724 1150 1789 praestans
1180 1716 1405 1788 quippe
1438 1715 1579 1770 clari
1605 1716 1941 1785 sanguinis,

506 1812 585 1864 De
613 1811 789 1879 stirpe
815 1822 1024 1875 regum
1057 1805 1320 1877 gloriosa
1359 1805 1656 1860 surculus.

505 1897 796 1953 Probitate
827 1910 968 1950 vero
1001 1910 1238 1949 morum
1265 1893 1542 1949 amabilis
1573 1892 1877 1958 omnibus,

506 1985 795 2043 Connubii
820 1999 1054 2054 expers,
1075 1989 1266 2061 atque
1291 1982 1457 2053 virgo
1491 1985 1807 2053 perpetim.

506 2077 695 2142 Quem
727 2074 1070 2146 providente
1095 2087 1259 2140 cura,
1292 2077 1353 2126 ut
1376 2087 1447 2126 ex
1475 2070 1668 2142 spinis
1696 2087 1920 2137 rosam,

506 2166 825 2235 Postquam
838 2163 1019 2217 hocce
1033 2176 1283 2232 prOpere
1297 2160 1559 2215 Christus
1573 2177 1643 2216 ex
1658 2163 1878 2216 mundo
1891 2158 2151 2225 abstulit,

506 2253 663 2309 Inter
693 2251 843 2309 alios
879 2251 1086 2306 dextra
1111 2250 1416 2304 coronavit
1449 2266 1657 2306 manu.

1010 2338 1161 2394 CXII.
1206 2369 1258 2379 --
1291 2338 1358 2392 In
1398 2337 1659 2394 domum.

510 2433 683 2487 Grata
716 2433 894 2501 atque
925 2427 1117 2482 dulcis
1145 2426 1346 2481 videor
1376 2428 1653 2482 omnibus
1679 2428 1900 2483 domus

510 2521 620 2574 Viri
649 2517 880 2589 optimi,
910 2516 1216 2586 multoque
1241 2515 1658 2582 laudatissimi,

507 2607 805 2664 Mouachis
832 2620 1050 2660 novam
1085 2604 1350 2675 praebere
1379 2606 1482 2674 qui
1511 2604 1708 2658 studet
1731 2604 1999 2667 domum,

508 2696 905 2765 Pretiumque,
941 2709 1132 2747 noxas
1162 2707 1284 2762 quo
1315 2693 1589 2756 redimat,
1621 2691 1790 2747 offert
1825 2696 1960 2748 Deo.

971 2781 1152 2836 CXIII.
1187 2811 1249 2820 -—
1282 2781 1353 2835 In
1379 2783 1694 2848 sepultum.

511 2879 645 2935 Isto,
675 2871 884 2935 viator,
911 2869 1185 2924 conditus
1217 2867 1447 2923 tumulo
1474 2869 1633 2939 jacet

514 2963 606 3016 Vir
641 2967 724 3016 ter
749 2961 958 3015 beatus
987 2957 1470 3029 Theopbylactus
1503 2958 1746 3014 nomine
1771 2975 1784 3014 :

514 3049 835 3106 Eunuchus
862 3047 1163 3119 equidem,
1198 3061 1412 3115 genere
1444 3046 1548 3100 sed
1577 3045 1775 3101 fausto
1808 3051 1994 3110 satus,

515 3139 683 3193 Vultu
715 3137 969 3192 decorus
998 3135 1256 3206 juvenis,
1284 3150 1354 3189 ac
1383 3135 1551 3190 valde
1583 3137 1735 3206 pius.

513 3228 623 3292 Qui
653 3228 881 3298 primus
909 3225 1058 3278 inter
1088 3223 1318 3278 nobiles
1353 3224 1718 3293 Spatharios,

513 3316 729 3384 Longis
754 3314 967 3368 diebus
999 3313 1426 3382 imperatorum
1459 3313 1588 3368 fuit.

513 3404 814 3475 Templum
828 3401 1321 3472 hoc,beatamque
1335 3401 1491 3455 hanc
1508 3402 1895 3456 monasticam
1909 3401 2162 3464 domum,

515 3496 722 3550 Munus
752 3492 869 3546 Deo
897 3490 1269 3559 Dominoque
1301 3497 1562 3558 gratum,
1593 3489 1882 3553 condidit,

517 3583 719 3636 Errata
744 3580 877 3632 vitae.
907 3593 1029 3647 quo
1057 3577 1363 3648 piarentur
1389 3593 1530 3632 suae.

805 3665 979 3721 CXIV.
1017 3695 1080 3705 -
1113 3665 1186 3718 In
1227 3667 1650 3722 monasterium
1677 3667 1879 3737 Ignas.

522 3760 633 3812 Leo
663 3755 858 3811 clarus
889 3757 1040 3808 inter
1061 3760 1324 3818 caeteros,
1357 3755 1566 3824 virque
1595 3759 1882 3826 Optimus,

519 3847 734 3899 Amore
757 3842 987 3907 Christi,
1021 3841 1275 3912 conjuge
1305 3842 1548 3896 avulsus
1577 3860 1706 3909 sua,

521 3935 708 3988 Vitam
741 3939 1027 3987 monastae
1063 3936 1145 3984 ter
1169 3930 1408 3985 beatam
1436 3931 1753 4002 amplexus
1774 3938 1881 3999 est,

2188 387 2233 441 A

2193 1731 2236 1785 Β

2195 3054 2234 3108 C

2861 377 2963 432 PI’.
2991 407 3060 417 —
3080 376 3284 433 Ἀλλο.

2264 467 2334 520 Ὦ.
2361 469 2524 540 τύμϐε
2548 470 2701 542 πικρέ
2730 474 2828 519 τῶν
2855 463 2975 539 βίου
3003 467 3413 538 γλυκασμάτων,

2269 559 2474 619 Πάντας
2499 564 2780 610 κατασπῶν
2809 556 2905 608 οὐκ
2934 561 3144 628 ἰπαρκεί
3168 559 3449 630 χορτάσει,

2267 651 2517 720 Μικροὺς,
2551 651 2843 718 μεγίστους,
2873 644 3096 714 ὀλϐίους,
3125 647 3420 708 ἀνεστίους.

2267 739 2479 808 Σοφοὺς,
2511 733 2800 807 ἀμύστους,
2832 730 3272 806 δυσπροσώπους,
3306 735 3564 797 εὐθέτους,

2265 824 2468 886 Ὅλους,
2496 824 2701 882 ἀληθων
2727 828 2912 895 τέφραν
2939 827 3118 894 ἶσχεις
3142 823 3340 887 ἐξίσου,

2267 909 2446 970 Μηδὲν
2478 917 2739 986 φέροντας,
2771 913 2802 972 ἡ
2835 918 2988 984 μόνον
3018 916 3083 964 τὰ
3115 918 3367 984 πρακτέα,

2263 1001 2426 1074 Ἀπερ
2457 1003 2701 1076 παραστῇ
2735 1009 2806 1071 τῷ
2837 1007 2963 1054 Θεοῦ
2990 1005 3266 1074 κριτηρίῳ.

2267 1090 2332 1146 Εἰ
2359 1095 2448 1162 μεν
2479 1093 2756 1162 κράτιστα,
2791 1087 2826 1142 δ
2829 1089 2922 1152 όξα
2953 1098 3022 1160 τῷ
3051 1094 3346 1162 κεκτημένῳ
3374 1108 3386 1121 ·

2270 1180 2332 1232 Εἰ
2361 1176 2411 1231 δ’
2437 1176 2504 1232 αὖ
2533 1180 2783 1244 κάκιστα,
2812 1186 2902 1251 φεῦ
2932 1198 2984 1230 τε
3022 1187 3095 1249 τῷ
3124 1178 3516 1254 φαυλοπράττη.

2265 1267 2552 1341 Ἄνθρωπε,
2584 1269 2762 1320 λοιπόν
2793 1275 3049 1342 πρόσχες,
3079 1269 3185 1320 οἷον
3215 1287 3302 1320 σοι
3329 1273 3487 1340 μένει.

2480 1357 2620 1411 PIA'.
2653 1387 2718 1397 —-
2750 1355 3164 1428 Ἐπίγραμμα
3202 1358 3286 1418 εἰς
3323 1362 3660 1428 Στέφανον.

2265 1443 2371 1498 Ὠδ
2375 1465 2396 1500 ε
2425 1451 2674 1518 Στέφανος
2703 1445 3054 1516 ἐγκατέκλεισε
3077 1442 3256 1516 δέμας,

2268 1536 2722 1606 Εἰκοστόπεμπτον
2749 1533 2796 1585 ἐν
2828 1532 2930 1606 βίῳ
2963 1536 3133 1595 ζήσας
3161 1541 3352 1608 χρόνον
3385 1553 3398 1565 '

2263 1621 2549 1696 Ῥάδαμνος
2576 1623 2724 1684 εὐθὺς
2757 1622 3079 1695 ἀμφικαλλὴς
3106 1620 3364 1678 διττόθεν.

2267 1713 2355 1776 Ἐξ
2388 1713 2625 1784 εὐγενοῦς
2652 1717 2743 1783 μὲν
2774 1714 2995 1782 αἳματος
3023 1709 3347 1784 διαπρέπων,

2265 1801 2418 1855 Ἑλὼν
2451 1800 2508 1854 δὲ
2530 1797 2729 1876 ῥάϐδον
2760 1800 2812 1863 ἐξ
2839 1801 3132 1874 ἀνακτόρων
3153 1801 3343 1861 κλέους.

2270 1897 2409 1944 Πᾶσι
2430 1893 2652 1950 ποθητός
2681 1895 3019 1962 χρηστότητι
3058 1899 3156 1940 των
3185 1897 3405 1964 τρόπων,

2268 1986 2495 2032 Γυναῖκα
2513 1984 2584 2051 μὴ
2625 1983 2800 2050 γνοὺς,
2831 1977 2961 2030 ἀλλὰ
2992 1981 3244 2052 παρθένος
3267 1984 3449 2052 μένων,

2265 2067 2455 2140 Ὀνπερ
2485 2070 2790 2140 προμηθῶς,
2814 2067 2866 2130 ἐξ
2885 2066 3118 2119 ἀκανθῶν
3144 2070 3212 2129 ὡς
3239 2065 3416 2142 ῥόδον,

2266 2166 2370 2211 Τοῦ
2397 2154 2527 2230 τῇδε
2557 2162 2757 2228 κόσμου
2790 2161 3022 2230 Χριστός
3048 2156 3228 2230 ἐξάρας
3257 2159 3436 2228 τάχει,

2267 2245 2422 2319 Ἔχει
2451 2249 2542 2298 σὺν
2575 2245 2743 2305 ἄλλοις
2771 2242 2921 2314 δεξιᾲ
2948 2251 3095 2316 χειρὶ
3125 2250 3338 2318 στέφων.

2744 2333 2882 2386 ΡΙΒ¹.
2922 2364 2977 2373 -
3010 2334 3119 2394 Εἰς
3158 2334 3390 2389 οἰκίαν.

2269 2422 2425 2486 Οἶκος
2453 2419 2733 2494 δέδηγμαι
2772 2420 3108 2496 τερπνοειδὴς
3137 2420 3191 2475 εὖ
3223 2424 3383 2494 μάλα,

2268 2510 2487 2586 Ἀνδρός
2516 2517 2802 2587 κρατίστου
2833 2517 2918 2562 καὶ
2953 2516 3287 2583 πανευφήμου
3316 2511 3452 2566 λίαν.

2267 2601 2357 2663 *ος
2389 2607 2478 2654 καὶ
2503 2607 2734 2673 νεουργεί
2765 2605 2858 2658 τὴν
2889 2600 3008 2657 ὃλην
3034 2605 3195 2672 μονὴν
3227 2603 3390 2672 πόθῳ,

2271 2700 2384 2762 Θεῷ
2422 2695 2716 2764 προσοίσας
2745 2690 2928 2764 λύτρον
2960 2688 3070 2740 ἀνθ’
3094 2687 3430 2762 ἁμαρτάδων,

2652 2777 2788 2832 PII".
2823 2809 2890 2818 —
2922 2778 3033 2840 Εἰς
3071 2781 3490 2850 κοιμηθέντα.

2269 2865 2402 2920 Ὧδε
2430 2866 2688 2940 προελθὼν
2720 2866 3025 2918 ἐντέθαπται
3055 2875 3126 2936 τῷ
3155 2869 3316 2939 τάφῳ,

2273 2956 2629 3028 Θεοφύλακτος
2661 2957 2686 3007 ό
2726 2955 3022 3028 τρισόλϐιος
3051 2955 3215 3030 μέροψ
3253 2973 3264 2988 ’

2275 3045 2542 3116 Εὑνοῦχος
2568 3049 2657 3116 μὲν
2688 3045 2776 3107 ὢν,
2807 3044 2935 3095 ἀλλὰ
2966 3041 3139 3108 δεξιοὺ
3171 3049 3364 3116 γένους,

2276 3137 2498 3194 Εὗοπτος
2529 3133 2664 3196 ἧλιξ,
2699 3131 2912 3192 εὐσεϐής
2940 3151 2998 3202 γε
3027 3138 3116 3184 καὶ
3141 3133 3300 3204 μάλα.

2272 3219 2362 3282 ⁸ος
2394 3220 2753 3295 πρωτοϐαθρεί
2782 3219 2827 3271 ἐν
2869 3223 3172 3295 Σπαθαρίων
3207 3224 3411 3288 στάσει,

2272 3312 2360 3365 Ἐν
2389 3314 2713 3383 μακρότησιν
2743 3310 2945 3380 ἡμερῶν
2987 3307 3302 3382 ἀνακτόρων.

2274 3404 2372 3451 Τόν
2405 3395 2532 3470 τῇδε
2561 3402 2698 3458 ναὸν,
2733 3404 2821 3448 καὶ
2853 3401 3012 3468 μονὴν
3034 3403 3338 3468 παναισίαν,

2275 3487 2485 3559 Ἦγειρε
2510 3505 2736 3560 τερπνως
2765 3494 2835 3555 τῷ
2863 3493 2975 3554 Θεῷ
2992 3489 3082 3537 καὶ
3112 3493 3366 3560 Δεσπότη,

2278 3577 2365 3637 Εἰς
2387 3575 2570 3647 λύτρον
2595 3574 2756 3626 αὐτοῦ
2786 3575 3126 3644 πταισμάτων
3160 3584 3256 3625 τῶν
3299 3578 3346 3626 εν
3378 3572 3502 3647 βίῳ,

2561 3662 2696 3716 ΡῙΔ’.
2728 3694 2794 3702 —
2824 3663 2928 3722 Εἰς
2967 3661 3173 3732 Ἱγνας
3211 3668 3322 3720 τὴν
3362 3669 3583 3734 μονήν.

2279 3756 2418 3807 Λέων
2449 3753 2474 3804 ό
2507 3752 2701 3812 κλεινός
2727 3757 2815 3804 καὶ
2846 3753 3122 3822 κράτιστος
3153 3749 3428 3825 ἀνδράσιν,

2275 3843 2504 3912 Τμηθεὶς
2534 3843 2776 3892 συνεύνου
2805 3840 3286 3914 Χριστοσυμπλοκῳ
3319 3843 3482 3912 πόθῳ,

2280 3930 2395 3985 Εἶλε
2424 3935 2682 4003 μονηρους
2711 3927 2796 3980 τόν
2824 3926 3119 3999 τρισόλϐιον
3143 3926 3278 4000 βίον,

520 4022 782 4078 Caelestis
814 4021 872 4074 in
904 4035 1025 4090 qua
1051 4019 1365 4074 haereditas
1393 4020 1750 4092 acquiritur:

518 4118 598 4166 Ac
631 4113 970 4166 universam
1003 4109 1290 4164 familiam
1321 4109 1576 4164 adduxit
1602 4113 1738 4175 Deo,

518 4201 692 4255 iEdes
724 4199 1043 4253 mulierum
1069 4213 1311 4267 quoque
1349 4199 1714 4254 monasticas
1745 4204 1996 4254 struens.

519 4292 637 4344 Deo
669 4289 934 4359 probatae
965 4292 1180 4341 nactus
1211 4292 1267 4340 et
1301 4288 1431 4340 vitae
1460 4288 1704 4353 exitum,

518 4378 637 4432 Isto
668 4377 935 4446 sepultus
965 4382 1053 4430 est
1081 4375 1234 4439 loco,
1265 4381 1620 4445 exspectans
1651 4376 1834 4441 diem,

520 4467 651 4530 Qua
676 4465 935 4520 Christus
962 4463 1152 4518 aderit
1207 4463 1506 4518 mundum
1567 4470 1627 4518 ut
1650 4463 2167 4535 omnemjudicet.

903 4553 1054 4608 CXV.
1089 4582 1154 4591 —
1185 4552 1257 4606 In
1289 4553 1475 4622 ipsius
1506 4567 1773 4608 uxorem.

521 4652 704 4700 Annae.
729 4641 1067 4712 sepulcrum
1102 4641 1369 4711 proxime
1400 4641 1494 4696 hic
1528 4642 1707 4695 situm
1740 4641 1928 4708 vides,

523 4735 588 4789 Ut
618 4748 754 4804 quae
789 4734 999 4786 marito
1022 4731 1236 4802 pariter
1267 4745 1516 4784 assensa
1544 4736 1630 4785 est
1655 4747 1784 4796 suo,

525 4820 845 4877 Uivortium
872 4818 1143 4891 perferre,
1187 4818 1392 4872 Christi
1425 4820 1636 4887 gratia,

521 4912 905 4966 Monasticam
932 4913 989 4962 et
1013 4923 1149 4961 cum
1180 4906 1380 4960 liberis
1407 4906 1750 4976 amplectier

521 5001 705 5055 Viiam
736 4999 1043 5069 inclytam,
1075 4997 1169 5050 cui
1203 5001 1374 5066 parta
1403 4995 1535 5049 οωιι
1565 4995 1771 5064 gloria,

517 5097 707 5160 Atque
742 5089 881 5142 hinc
903 5094 958 5140 et
983 5087 1112 5157 ipsa
1135 5100 1303 5155 spem
1331 5084 1464 5137 sinu
1488 5093 1710 5140 certam
1739 5085 1918 5151 fovet,

521 5179 735 5232 Adfore
765 5176 946 5240 diem,
974 5191 1096 5245 qua
1128 5173 1428 5228 Christum
1463 5173 1539 5226 ad
1566 5174 1762 5243 ipsum
1794 5174 2092 5241 convolet,

522 5268 666 5321 Cum
694 5280 910 5335 nempe
939 5264 1135 5318 veniet
1156 5261 1248 5315 ille
1279 5270 1338 5315 ut
1367 5277 1577 5316 omnes
1599 5262 1845 5332 judicet.

984 5349 1161 5404 CXVI.
1191 5379 1257 5388 —
1288 5348 1359 5403 1n
1390 5349 1704 5417 sepultam.

524 5441 678 5498 Fidei
711 5448 887 5512 atque
920 5455 1155 5494 morum
1183 5438 1362 5491 laude
1395 5437 1604 5492 mulier
1632 5439 1916 5510 praestitit,

521 5531 751 5590 lllustre
780 5545 915 5603 quin
938 5529 1202 5601 reposuit
1230 5526 1343 5581 hoc
1368 5541 1589 5598 corpus
1619 5527 1774 5596 loco,

2275 4018 2362 4081 Ὠς
2392 4018 2734 4090 προξενοῦντα
2761 4021 2854 4074 τήν
2879 4016 2984 4067 ἄνω
3015 4016 3339 4089 κληρουχίαν
3374 4034 3386 4047 ·

2276 4107 2437 4166 ’Ὸλην
2464 4105 2728 4181 προσάξας
2758 4113 2830 4175 τῷ
2858 4112 2970 4175 Θεῷ
3001 4110 3093 4162 τὴν
3121 4106 3308 4172 οἰκίαν,

2279 4200 2451 4255 Μονὴν
2479 4203 2737 4267 γυναικῶν
2779 4193 3136 4265 σχηματίζειν
3168 4193 3364 4247 αἰσίαν.

2283 4291 2380 4338 Καὶ
2410 4291 2746 4358 τερματισμῷ
2773 4291 2862 4334 τοῦ
2895 4281 3157 4345 θεοκλεοῦς
3179 4280 3400 4357 δρόμου,

2203 4400 2249 4456 D
2277 4370 2418 4433 Ὧδη
2451 4375 2725 4440 τέθαπται,
2756 4376 3056 4444 προσμένων
3089 4376 3182 4428 τὴν
3210 4373 3426 4446 ἡμέραν,

2279 4463 2364 4516 Ἐν
2391 4462 2520 4535 ᾗπερ
2549 4460 2659 4523 ἣξει
2691 4464 2918 4534 Χριστός
2949 4458 3020 4520 εἰς
3050 4460 3253 4512 πάντων
3291 4467 3488 4535 κρίσιν,

2527 4550 2666 4603 PIE’.
2710 4579 2766 4591 --
2807 4549 2910 4609 Εἰς
2952 4553 3062 4607 τὴν
3103 4549 3296 4601 αὐτοῦ
3340 4549 3643 4624 σύμϐιον.

2277 4639 2464 4701 Ἀννης
2489 4644 2546 4692 τό
2579 4646 2726 4710 σῆμα
2753 4646 3002 4710 συμφυῶς
3023 4634 3126 4690 ὧδε
3157 4635 3380 4710 βλέπεις,

2276 4727 2360 4790 Ὠς
2389 4737 2460 4799 τῷ
2487 4732 2711 4800 συνεύνῳ
2739 4729 3186 4802 συμφρονησάσης
3216 4731 3329 4794 ἶσα,

2283 4819 2466 4870 Παθείν
2498 4818 2970 4889 χωρισμόνλεῖνεκα
3003 4821 3234 4890 Χριστοῦ
3261 4817 3421 4888 μάλα,

2282 4911 2382 4960 Καὶ
2402 4910 2460 4958 τό
2485 4911 2743 4978 μονὴρους
2773 4904 3115 4966 ἀσπάσασθαι
3147 4913 3239 4957 σῦν
3279 4911 3495 4971 τέκνοις,

2281 5000 2394 5048 Βίον
2424 4999 2622 5067 φαεινόν
2651 4995 3033 5066 οὐρανοκτὴτου
3060 4994 3257 5056 κλέους.

2276 5086 2427 5137 *Οθεν
2455 5103 2513 5155 γε
2537 5083 2704 5141 καύτὴ
2738 5087 3016 5155 προσμένει
3047 5087 3139 5141 τὴν
3170 5080 3380 5148 ἐλπίδα,

2283 5178 2417 5243 Ιιρός
2444 5177 2670 5248 Χριστόν
2699 5172 2856 5224 αὐτόν
2887 5168 3299 5245 οὐρανοδραμεῖν
3334 5179 3468 5240 τότε,

2277 5263 2388 5316 ’Ὸτ’
2421 5261 2481 5314 ἆν
2511 5281 2603 5334 περ
2634 5261 2732 5334 ἣξῃ
2766 5269 2857 5314 τοῦ
2883 5273 3056 5334 κρίναι
3081 5259 3298 5336 βροτοὺς
3323 5262 3495 5326 ὅλους.

2620 5350 2788 5432 Ρ1ς’,
2834 5382 2898 5391 -
2931 5350 3039 5411 Εἰς
3077 5369 3269 5423 κοιμη
3289 5355 3541 5405 θεῖσαν.

2279 5441 2471 5500 Ἐσθλὴ
2499 5450 2756 5513 γυναικῶν
2796 5441 2843 5491 ἓν
2868 5458 2920 5492 τι
2949 5444 3125 5492 πίστει
3145 5446 3234 5492 καὶ
3265 5437 3385 5514 βίῳ,

2275 5527 2334 5585 Ἠ
2367 5526 2498 5606 τῇδε
2524 5532 2674 5584 θεῖσα
2709 5533 2767 5583 τὸ
2796 5524 3017 5592 κλεῶδες
3048 5535 3289 5606 σαρκίον,
