4038 6312
261 334 400 392 1809

260 464 360 513 Καὶ
385 467 588 532 πνεῦμα
612 456 785 513 δοῦσα
821 469 893 532 τῷ
921 469 1034 531 Θεῷ
1058 466 1147 514 καὶ
1178 466 1412 534 Δεσπότῃ
1428 507 1441 519 ,

254 546 351 610 *ος
380 545 685 613 εὐδόκησεν,
718 547 977 603 Εύδοκίαν
1003 551 1208 612 εἰκότως

254 639 461 695 Ταύτην
492 636 762 690 καλεῖσθαι
788 647 858 709 τῷ
888 642 1166 711 φιρωνύμῳ
1196 642 1389 712 τρόπῳ,

248 722 347 787 Ὠς
375 724 752 783 σύδοκηθείσάν
790 747 850 798 γε
872 728 1158 799 παγκάλοις
1190 734 1418 800 τρόποις,

254 817 350 867 Σὺν
377 811 531 887 ἀνδρὶ
555 815 733 883 κλεινῷ
761 820 940 887 σεμνόν
971 817 1170 879 ἑξοῖσαι
1202 815 1341 891 βίον.

255 902 362 957 Κᾶν
391 905 462 974 τῷ
484 903 738 970 τελευτὰν,
775 902 1094 958 εύδωθείσαν
1134 906 1304 958 κλίναι

257 995 392 1064 Πρός
424 996 603 1046 πίστιν
634 993 794 1067 ὀρθὴν
814 998 900 1045 τὸν
928 997 1164 1066 φύσαντα
1192 999 1409 1068 πατέρα.

609 1082 763 1137 PIZ'.
796 1114 864 1123 —
902 1084 1000 1144 Εἰς
1038 1087 1488 1154 κοιμηθεῖσαν.

252 1171 565 1243 Εὕχρηστον
594 1175 752 1234 ὄντως
789 1180 971 1234 σκεῦος
1000 1175 1337 1244 ἡγιασμένον,

249 1256 585 1311 Ἰσοστατοῦν
608 1279 665 1331 γε
694 1260 1104 1331 χρυσοκολλήτῳ
1128 1263 1319 1332 στέφει,

247 1353 473 1407 Ῥαντοῐς
498 1347 705 1400 καὶοίσι
735 1352 1028 1423 μαργάροις
1069 1351 1401 1421 ηύγασμένῳ,

245 1432 308 1490 Ἢ
340 1432 470 1508 τῇδε
496 1438 646 1489 θεῖσα
674 1441 732 1488 τό
762 1437 1060 1510 τρισόλϐιον
1093 1434 1275 1508 δέμας.

249 1528 382 1576 Νέου
411 1528 513 1598 γὰρ
548 1522 733 1599 ἀνδρὸς
765 1525 984 1598 ἐκτομὴν
1016 1529 1312 1591 ύποστάσα,

247 1612 447 1687 Ἥρωος
460 1614 616 1666 ἄλλον
642 1624 713 1684 τῷ
741 1617 905 1667 σθένει
931 1622 1020 1668 καὶ
1050 1624 1121 1685 τῷ
1148 1616 1298 1682 κλέει,

252 1708 389 1775 Πρός
412 1703 684 1775 Ἀρμενίας
714 1712 821 1756 τοῖν
854 1702 1001 1756 δυοῖν
1028 1708 1362 1779 ὡρμημένων,

247 1789 494 1862 ’Ἀριστον
515 1790 613 1865 ᾖδε
651 1801 802 1845 τοῦτο
832 1797 1063 1865 κέκρικεν
1092 1795 1250 1864 μάλα,

245 1883 323 1933 Τὰ
359 1884 525 1933 πάντα
555 1877 737 1933 δοῦναι
768 1890 838 1952 τῷ
867 1891 980 1950 Θεῷ
1005 1889 1093 1935 καὶ
1124 1888 1379 1955 Δεσπότῃ,

240 1968 590 2023 Ῥακοστολεῖν
618 1967 677 2023 δὲ
707 1979 777 2040 τῷ
805 1970 1104 2043 μοναστικῷ
1136 1982 1329 2045 τροπῳ.

242 2056 342 2111 Ἵοι
366 2060 629 2131 κράτιστα
658 2066 932 2133 τοιγαροῦν
960 2060 1007 2110 ἐν
1043 2069 1115 2131 τῷ
1149 2058 1269 2133 βίῳ,

242 2150 453 2218 Κόσμον
484 2152 738 2220 φέρουσαν
776 2153 866 2206 τὴν
894 2154 1137 2206 ταπεινὴν
1166 2144 1407 2222 καρδίαν,

240 2233 667 2309 Ἰσοσμάραγδον
698 2241 791 2295 τὴν
820 2238 944 2312 ῥοὴν
976 2246 1073 2288 τῶν
1103 2234 1366 2311 δακρύων,

237 2324 541 2396 Ἀγρυπνον
568 2330 730 2398 ὄμμα,
762 2332 851 2379 καὶ
880 2333 1186 2400 προσευχήν
1227 2331 1294 2385 ὡς
1334 2328 1455 2397 φάος
1492 2343 1503 2356 ’

239 2416 415 2486 Ταύτῃ
445 2414 628 2467 τελειοῑ
649 2421 738 2467 καὶ
768 2435 826 2486 γε
854 2418 1000 2475 θείως
1029 2419 1113 2467 τὸν
1146 2413 1361 2489 δρόμον,

236 2502 699 2573 Ἀπροσπέλαστον
727 2505 1089 2578 αἱρετιζόντων
1117 2504 1305 2577 πλάνῃ.

236 2592 456 2644 Διπλούν
484 2589 541 2644 δὲ
570 2589 734 2667 δῶρον
752 2601 823 2662 τῷ
857 2602 970 2663 Θεῷ
1008 2598 1369 2666 προσηγμένη.

237 2684 390 2751 Ἔχει
417 2683 476 2732 τό
497 2685 704 2755 χαίρειν
729 2685 821 2733 σύν
853 2678 1082 2742 δικαίοις
1112 2682 1182 2742 εἰς
1222 2682 1377 2735 ἅπαν.

746 2769 891 2824 ΡΙΗ’.
920 2801 987 2810 -—
1016 2778 1097 2842 Τῇ
1142 2770 1321 2843 αὐτῇ.

228 2855 291 2909 Ὀ
321 2865 498 2928 χῶρος
532 2855 712 2919 ἕσθλός
745 2860 984 2930 (καὶγὰρ
1020 2859 1245 2931 Εἰρήνης
1286 2858 1465 2930 τάφος)

233 2944 569 3017 Εἰρηνοποιόν
596 2945 723 3018 πρός
754 2950 882 2999 Θεὸν
904 2950 1147 3018 σχούσης
1178 2945 1313 3019 βίον.

623 3035 772 3090 ΡΙΘ’,
809 3067 871 3075 —-
916 3036 1017 3097 Εἰς
1058 3040 1425 3089 Διονύσιον.

226 3125 398 3194 Τάφος
423 3127 622 3194 πέφηνα
652 3129 922 3177 Διονυσίου
954 3126 1112 3196 μάλα,

227 3213 381 3263 Ξένον
407 3220 688 3283 μοναστοῡ,
718 3222 994 3279 πυκτικοῦ,
1030 3218 1311 3279 κατηκόου,

231 3300 455 3362 Πολλοὺς
491 3298 779 3374 δραμοντος
810 3299 1120 3374 ὀρθοδοξίας
1158 3299 1405 3376 δρόμους,

231 3393 332 3441 Καὶ
347 3389 704 3462 μαρτύραθλον
736 3390 1099 3453 ἐξαποίσαντος
1130 3392 1295 3453 τεἏος.

436 3477 564 3531 ΡΚ’.
597 3510 663 3518 -
692 3479 800 3539 Εἰς
839 3477 1095 3532 εἴσοδον
1134 3486 1604 3554 μοναστηρίου.

223 3562 411 3626 Ἀννης
438 3565 656 3637 ἀπαρχὴ
690 3576 760 3637 τῷ
788 3572 914 3637 Θεῲ,
946 3575 1035 3620 καὶ
1068 3576 1320 3641 Δεσπότῃ,

221 3653 278 3706 Ἠ
303 3651 431 3726 τῇδε
460 3652 671 3727 μάνδρα
691 3661 779 3708 καὶ
810 3662 936 3727 μονὴ
975 3656 1255 3729 σεϐασμία,

219 3739 598 3814 Ἐπωνυμοῦσα
628 3752 717 3805 τῆς
740 3747 1001 3815 πανάγνου
1037 3749 1319 3820 Παρθένου,

228 3835 326 3883 Καὶ
354 3835 639 3905 παρθένους
666 3838 894 3908 φέρουσα
921 3835 1289 3907 νυμφιοκλέως,

221 3917 549 3982 ’Δησκητικῶς
580 3922 676 3993 ζῇν
706 3924 880 3983 ὂθέως
912 3920 1235 3995 διαπρέπειν.

216 4001 367 4077 ’Υπέρ
397 4024 451 4057 τε
478 4005 663 4080 λύτρον
690 4015 788 4058 τῶν
816 4007 941 4058 ὅλων
971 4004 1309 4079 ἁμαρτάδων,

220 4093 397 4155 Αύτῆς
420 4114 477 4165 γε
506 4099 717 4159 ταύτης,
748 4100 837 4148 καὶ
865 4101 1075 4157 Λέοντος
1107 4097 1361 4167 συζύγου,

219 4184 346 4235 Μεθ’
376 4184 442 4234 ὧν
464 4184 700 4237 Ἰωάννου
731 4205 802 4249 τε,
847 4185 1093 4257 φιλτάτου
1123 4190 1320 4238 τέκνου.

459 4272 623 4326 PKA'.
673 4305 719 4313 -
751 4275 854 4336 Εἰς
894 4275 1202 4346 Θεόφιλον
1244 4272 1567 4328 διάκονον.

218 4360 385 4419 Πολλὴ
419 4366 698 4436 πρόσεστιν
721 4364 749 4420 ἠ
788 4361 1018 4420 σεϐαστή
1047 4382 1130 4415 σοι
1159 4367 1341 4435 χάρις,

212 4448 335 4502 Ὀτι
362 4455 489 4521 πρὸς
520 4453 664 4521 ἡμῶν
696 4448 845 4503 ούδεν
869 4450 1139 4523 ἐσχηκυῑά
1169 4472 1237 4517 τι,

219 4538 277 4591 Εἰ
305 4544 377 4608 μὴ
410 4548 720 4611 προσευχῶν
752 4549 850 4592 τῶν
883 4540 1197 4614 ἁμαρτωλῶν
1222 4545 1379 4614 γέρας
1402 4563 1414 4574 ·

215 4630 376 4679 Οὔπω
406 4631 665 4680 πέπαυται
691 4634 994 4701 προσφέρειν
1021 4633 1144 4701 ἡμῖν
1173 4627 1368 4692 δόσεις,

211 4714 272 4767 Ἀ
285 4734 411 4788 σπιρ
440 4715 674 4777 λαϐόντες
699 4722 787 4770 καὶ
812 4719 965 4770 πάλιν
999 4719 1339 4790 φιλοφρόνως,

215 4808 587 4876 Προσοὶσωμέν
619 4824 703 4856 σοι
732 4813 804 4874 τῷ
835 4806 962 4877 φίλῳ
994 4809 1057 4857 τὰ
1078 4816 1178 4857 τῶν
1205 4810 1375 4877 φίὶων.

285 4890 543 4947 ΡΚΒ’.-
574 4893 681 4954 Εἰς
723 4895 1051 4966 Πάμφιλον
1090 4899 1191 4947 τὸν
1229 4895 1730 4969 Τριμαλέθοντα.

214 4983 553 5055 Ψυχοφθόρος
582 4983 678 5054 θὴρ
714 4984 973 5054 Πάμφιλος
1006 4980 1241 5054 δειχθιὶς
1269 4989 1397 5049 νέος,

209 5069 642 5144 Ἐξωστρακίσθη
674 5080 763 5131 τῆς
794 5080 956 5141 μονῆς
984 5079 1075 5123 τοῦ
1117 5069 1446 5146 Προδρόμου.

371 5158 523 5212 ΡΚΓ.
567 5190 623 5199 -
655 5160 1001 5218 Ἐπιστολὴ
1040 5160 1128 5223 εἰς
1168 5168 1648 5232 γραμματικόν.

209 5252 283 5318 Τῇ
316 5252 577 5317 τριστίχῳ
601 5267 694 5299 σου
734 5251 1169 5322 χρυσομαργάρῳ
1202 5250 1217 5293 1
1247 5252 1453 5322 φράσει,

208 5331 642 5406 Σμαραγδότιμον
677 5336 997 5407 ἁντεπεξάγω
1028 5358 1097 5408 χρ
1106 5343 1201 5400 ἐος.

213 5422 373 5483 Αὐτός
398 5420 432 5474 δ
437 5424 447 5439 “
474 5421 627 5493 ᾄδοις
654 5444 745 5497 μοι
770 5436 1201 5499 μουσικοπριπῶς
1227 5427 1378 5479 πάλιν
1400 5437 1459 5482 ω.

296 5580 312 5625 ¹
359 5584 444 5642 αι.
477 5588 942 5663 χρυσομαρμάρῳ.
1026 5598 1069 5630 ω
1098 5606 1172 5662 γρ
1211 5585 1398 5648 πάλαι.

1823 337 2050 397 ΙΑΜΒῙ.
3466 342 3606 399 1810

1880 469 1927 522 Α
1957 465 2103 520 Cum
2146 466 2489 523 tradidisset
2530 468 2807 538 spiritum
2851 467 3102 524 Domino
3141 483 3211 524 ac
3238 468 3400 524 Deo:

1959 553 2061 608 Cui
2096 553 2228 623 jure
2268 562 2506 626 gratum
2546 556 2737 613 fuerat
2771 557 3094 612 Eudociam
3135 558 3367 628 optimo

1958 640 2096 706 Dici,
2138 648 2316 713 atque
2358 660 2576 698 nomen
2618 646 2934 700 convenire
2977 646 3291 704 moribus:

1956 731 2116 794 Quos
2143 736 2383 802 propter
2409 732 2507 788 illa
2538 733 2758 804 placuit
2789 736 2961 789 unice
2991 734 3298 797 omnibus,

1954 819 2239 874 Prieclaro
2278 821 2591 877 honestam
2626 839 2764 877 cum
2796 824 2922 878 viro
2953 823 3131 877 vitam
3173 823 3435 892 exigens.

1955 908 2261 979 Cursuque
2296 910 2554 964 moriens
2584 911 2838 966 evolavit
2872 928 3156 982 prospero

1956 996 2097 1051 Hinc
2137 996 2213 1050 ad
2243 1005 2570 1068 parentem,
2602 998 2706 1070 qui
2749 1000 2929 1054 ﬁdem
2961 1006 3182 1055 rectam
3212 999 3446 1055 indidit.

2398 1085 2597 1142 CXVII.
2634 1119 2700 1128 —
2734 1088 2807 1143 In
2845 1091 3162 1159 sepultam.

2030 1173 2161 1241 Vas,
2189 1174 2336 1239 haec,
2372 1182 2674 1231 sacratum
2708 1177 2987 1248 idemque
3020 1179 3345 1249 pretiosum
3381 1176 3509 1243 fuit,

1954 1261 2161 1331 (Quale
2188 1270 2242 1316 et
2274 1279 2506 1319 coronae
2548 1280 2667 1320 non
2702 1264 2776 1321 sit
2804 1266 3000 1336 impar
3032 1281 3250 1331 aureae,

1956 1350 2241 1406 Distincta
2261 1354 2515 1421 gemmis
2542 1370 2677 1424 quas
2706 1354 2781 1408 sit
2812 1354 2991 1410 etiam
3020 1354 3262 1422 lucidis)

1955 1439 2095 1503 Qum
2129 1444 2210 1493 ter
2234 1439 2478 1495 beatum
2519 1457 2737 1512 corpus
2764 1442 2893 1496 istic
2934 1442 3220 1497 condidit.

1951 1528 2195 1582 Juvenis
2228 1529 2420 1585 mariti
2464 1546 2727 1602 namque
2766 1536 3019 1585 mortem
3049 1532 3368 1596 sustinens,

1953 1614 2063 1683 Qui
2094 1616 2307 1672 robore
2346 1618 2521 1673 heros
2551 1618 2698 1674 alter
2722 1635 2791 1674 ac
2822 1619 2985 1674 fama
3013 1619 3249 1683 exstitit,

1952 1707 2112 1759 Tunc
2143 1721 2280 1760 cum
2304 1706 2585 1761 referrent
2612 1706 2793 1762 ambo
2828 1708 2905 1763 ab
2937 1707 3219 1762 Armenia
3252 1707 3467 1778 pedem
3500 1726 3512 1765 :

1879 1810 1921 1865 Β
1954 1793 2072 1849 Sibi
2106 1810 2232 1849 esse
2263 1794 2421 1849 factu
2448 1795 2739 1865 judicavxt
2761 1796 3078 1867 optimum,

1952 1884 2069 1937 Deo
2100 1888 2277 1955 atque
2304 1884 2556 1939 Domino
2586 1889 2802 1940 cuncta
2834 1900 3077 1955 prorsus
3118 1885 3367 1951 tradere,

1952 1973 2017 2026 Et
2046 1978 2205 2026 veste
2236 1971 2352 2037 vili,
2385 1988 2550 2027 more
2582 1973 3041 2037 monachorum,
3084 1972 3274 2027 indui.

1950 2059 2173 2115 Exinde
2200 2060 2333 2115 vitae
2364 2066 2599 2132 tempus
2632 2061 2748 2130 egit
2775 2076 3081 2132 prospere,

1949 2149 2057 2203 Cor
2081 2148 2324 2214 humile,
2359 2149 2552 2204 cultus
2578 2150 2768 2204 instar
2798 2149 3017 2215 eximii,
3048 2164 3259 2220 gerens
3284 2166 3299 2206 :

1950 2238 2181 2295 Similes
2215 2240 2556 2312 smaragdis
2588 2240 3010 2313 lacrymasque
3042 2239 3335 2307 funderet,

1946 2328 2237 2383 Insomnis
2269 2328 2477 2383 oculus
2517 2344 2626 2400 pro
2656 2328 2784 2384 face
2824 2334 2880 2385 et
2921 2345 3124 2399 preces
3157 2328 3391 2385 forent:

1945 2417 2211 2482 Quarum
2243 2432 2356 2489 ope
2383 2423 2687 2473 sacratum
2720 2419 2825 2473 rite
2858 2434 3100 2473 cursum
3131 2418 3492 2489 absolveret,

1943 2506 2169 2560 Intacta
2192 2505 2429 2575 penitus
2454 2506 2751 2561 hmresum
2786 2506 3053 2562 fallaciis.

1944 2595 2208 2664 Cumque
2238 2594 2335 2649 illa
2369 2596 2678 2664 geminum
2712 2612 2933 2650 munus
2963 2595 3240 2651 obtulerit
3266 2599 3405 2665 Deo,

1941 2681 2227 2737 Permista
2254 2684 2493 2753 sanctis,
2527 2684 2750 2754 gaudia
2780 2690 3001 2739 aeterna
3023 2684 3271 2740 obtinet.

2475 2772 2702 2827 CXVIII.
2737 2803 2805 2812 —
2830 2772 3059 2828 Eidem.

1939 2860 2131 2915 Locus
2176 2859 2527 2931 auspicatus
2560 2860 2675 2925 hic,
2712 2860 2816 2915 ubi
2842 2861 3208 2930 Irenejacet,

1939 2949 2081 3014 Quae
2107 2950 2273 3019 pacis
2308 2964 2498 3019 usque
2526 2964 2663 3003 cum
2696 2949 2814 3003 Deo
2847 2950 3058 3004 cultrix
3081 2950 3207 3004 fuit.

2367 3037 2542 3092 CXIX.
2580 3068 2633 3077 -
2670 3039 2750 3093 In
2789 3038 3160 3109 Dionysium.

1860 3164 1903 3221 Ο
1932 3128 2093 3181 Iacet
2122 3126 2235 3181 hoc
2265 3125 2538 3197 sepulcro
2566 3127 2843 3181 conditus
2874 3128 3214 3199 Dionysius,

1935 3215 2044 3280 Qui
2075 3215 2429 3279 monachus,
2462 3214 2704 3286 hospes.
2734 3230 2804 3270 ac
2842 3216 3008 3287 pugil
3050 3216 3259 3271 docilis
3300 3216 3427 3283 fuit,

1934 3304 2111 3359 Multo
2143 3308 2199 3358 et
2224 3302 2427 3358 labore
2458 3319 2565 3375 pro
2598 3302 2713 3358 ﬁde
2740 3308 2831 3359 est
2858 3305 3167 3369 exercitus,

1932 3389 2272 3463 Clausitque
2301 3406 2598 3461 pugnans,
2644 3398 2891 3462 martyr,
2932 3397 3266 3448 extremum
3307 3392 3491 3448 diem.

2229 3480 2378 3534 CXX.
2422 3510 2490 3519 —
2522 3478 2595 3535 In
2650 3480 3001 3536 monasterii
3028 3481 3279 3536 aditum.

1929 3568 2047 3623 Deo
2079 3574 2258 3640 atque
2296 3568 2545 3623 Domino
2577 3569 2687 3625 has
2719 3574 2890 3625 Anna
2925 3570 3213 3641 primitias
3242 3569 3430 3625 dedit.

1929 3656 2225 3711 Mandram
2241 3656 2905 3727 hanc,monasteriisque
2918 3656 3309 3713 venerandam
3328 3658 3581 3724 domum,

1928 3747 2069 3810 Quae
2102 3752 2275 3800 nacta
2304 3760 2524 3799 nomen
2557 3744 2812 3814 Virginis
2841 3746 3262 3809 sanctissimae,

1924 3833 2250 3904 Titulisque
2282 3832 2493 3903 sponsi
2534 3832 2796 3904 virgines
2833 3835 3027 3889 claras
3059 3835 3261 3900 habet,

1926 3921 2184 3976 Caelestis
2216 3921 2331 3975 illic
2364 3922 2560 3976 studia
2598 3938 2751 3993 quas
2779 3923 2916 3977 vitae
2947 3922 3223 3979 excolant
3259 3942 3270 3981 :

1929 4011 2114 4081 thue
2144 4008 2515 4065 redimantur
2548 4026 2791 4066 munere
2830 4010 2945 4066 hoc
2986 4011 3223 4080 piacula

1925 4103 2148 4154 Cuncta
2186 4099 2513 4169 ipsiusmet,
2547 4114 2619 4153 ac
2650 4099 2863 4153 Leonis
2905 4100 3201 4169 conjugis,

1920 4187 2165 4243 Joannis
2198 4187 2397 4251 etiam,
2440 4186 2546 4241 ﬁlii
2586 4187 2945 4242 charissimi.

2169 4276 2339 4330 CXXI.
2370 4306 2423 4315 —-
2448 4273 2520 4330 In
2559 4274 2948 4343 Theophilum
2982 4275 3324 4332 diaconum.

1989 4367 2132 4429 Tua,
2167 4365 2250 4418 vir
2272 4363 2537 4427 colende,
2574 4363 2840 4418 maxima
2878 4369 2965 4418 est
2991 4365 3348 4433 benignitas.

1922 4452 2087 4508 Haud
2130 4452 2247 4507 ulla
2288 4466 2551 4523 namque
2582 4452 2744 4507 dona
2769 4452 3113 4508 dederimus
3149 4453 3299 4522 licet,

1921 4542 2035 4596 Nisi
2065 4556 2215 4613 quas
2249 4540 2455 4596 miselli
2489 4540 2801 4595 fundimus
2833 4557 2941 4611 pro
2970 4547 3020 4596 te
3047 4558 3254 4612 preces
3286 4561 3302 4613 ;

1916 4630 2136 4697 Largiri
2177 4635 2235 4684 at
2260 4630 2387 4699 ipse
2426 4644 2678 4684 munera
2708 4628 2871 4685 haud
2901 4645 3105 4686 cessas
3131 4647 3308 4686 nova.

1918 4718 2059 4784 Quas
2093 4734 2200 4771 nos
2236 4718 2526 4771 benevolo
2566 4733 2772 4772 rursus
2810 4720 3015 4773 animo
3058 4720 3427 4790 accepimus,

1917 4808 2298 4878 Quaecunque
2324 4811 2635 4860 amantum
2666 4810 2826 4867 sunt,
2859 4807 3167 4876 repensuri
3199 4808 3323 4861 tibi.

2023 4896 2220 4952 CXXII.
2251 4926 2318 4934 —
2346 4895 2413 4949 In
2445 4895 2831 4966 Pamphilum
2874 4896 3426 4954 Trimalethontem.

1916 4984 2100 5040 Pestis
2123 4984 2461 5039 animarum
2494 4983 2693 5039 bellua
2718 4999 2892 5048 nova,
2930 4984 3297 5056 Pamphilus,

1918 5073 2140 5144 Magnis
2181 5072 2495 5127 abdicatus
2525 5072 2831 5141 prodromi
2862 5073 2937 5127 ab
2974 5073 3158 5127 domo
3190 5073 3331 5129 fuit.

2109 5160 2332 5217 CXXIII.
2376 5191 2442 5200 —
2475 5160 2746 5231 Epistola
2776 5160 2857 5216 ad
2883 5162 3365 5229 grammaticum.

1912 5238 2240 5306 Gemmatae
2263 5250 2319 5303 in
2352 5265 2500 5304 auro
2534 5247 2810 5304 tristichaa
2838 5250 3041 5320 phrasi
3075 5255 3212 5305 tuae.

1914 5338 2292 5405 Smaragdini
2317 5336 2483 5415 pretii
2514 5351 2741 5415 repono
2763 5336 3030 5392 debitum
3067 5355 3080 5403 ;

1912 5430 1993 5484 Tu
2021 5426 2161 5482 mihi
2193 5412 2414 5483 canere.
2433 5440 2641 5481 rursus
2673 5412 2800 5482 edis
2821 5426 3111 5482 carmina.
