4038 6312
441 313 575 372 1811

1727 313 1786 371 S.
1829 313 2192 373 THEODORI
2232 315 2562 373 STUDITE.

3705 319 3826 375 18112

435 440 672 498 CXXIV.
688 473 754 482 —
769 441 1160 513 Epigramma
1176 442 1239 498 in
1255 446 1525 498 sanctum
1547 443 1787 499 Patrem
1813 447 2030 499 nostra:

2233 442 2854 515 [ΜΖ-Ἐπίγραμμα
2892 441 2980 504 εἰς
3018 446 3121 495 τὸν
3160 444 3340 497 ὅσιον
3371 449 3630 520 Πατέρα
3666 449 3828 519 ἡμῶν

1059 531 1449 588 Theodorum.

429 619 698 676 Numinis
725 620 928 675 aeterni
967 619 1195 674 donum
1222 620 1496 690 regisque
1538 620 1824 691 supremi,

430 708 665 765 Clarum
690 713 745 763 et
771 708 945 763 dulce
979 708 1157 763 simul
1187 724 1406 764 nomen
1437 709 1801 774 Theodorus,
1833 710 1913 764 ob
1944 713 2077 765 acta

431 796 740 853 Prudentis
773 797 907 852 vitae
939 813 953 849 :
989 804 1191 852 custos
1222 805 1570 854 mansuetus
1600 797 1792 863 ovilis,

424 885 678 940 Assidue
705 885 1086 958 fundensque
1117 902 1343 957 preces,
1388 893 1804 958 praeceptaque
1838 886 2076 942 tradens

425 975 693 1043 Egregia,
734 974 1106 1046 hymniferos
1145 975 1348 1030 divino
1391 975 1641 1046 psallere
1683 976 1793 1029 ritu

425 1063 683 1118 Studitas
707 1063 910 1118 docuit
939 1081 952 1118 ε
982 1080 1118 1135 quae
1148 1063 1446 1119 fortunata
1480 1071 1723 1119 vocatur

420 1151 546 1208 Rite
576 1151 819 1217 domus,
846 1153 1172 1223 prodromo
1211 1153 1422 1208 Joanni
1447 1169 1638 1220 sacra,
1671 1153 1867 1208 beavit

427 1241 615 1304 Quem
655 1239 864 1296 Christi
908 1241 1143 1297 uberior
1185 1257 1307 1314 prae
1346 1243 1573 1297 cunctis
1610 1243 1791 1313 gratis
1833 1241 2074 1297 sanctis.

2823 528 3184 606 Θεόδωρον,

2187 627 2355 694 Δῶρον
2388 620 2625 682 ἀειζώοιο
2657 628 2813 685 Θεοῦ,
2844 621 3088 692 μεγάλοιο
3115 623 3356 687 ἄνακτος,

2183 707 2399 782 Ἰμερὸεν
2425 714 2760 780 περίπυστον,
2789 711 2867 761 ἐπ’
2905 708 3114 782 ιῦλοιϐέῃ
3151 709 3374 782 βιότοιο,

2187 801 2397 870 Οὔνομοι
2429 795 2717 869 Θεόδωρος,
2748 804 2973 869 ποίμνης
2998 801 3276 870 ἡγεύμενος
3305 797 3428 864 ἧκα,

2185 886 2465 958 Νωλεμέως
2488 893 2648 960 νυχιῃ
2660 907 2714 939 σι
2741 887 2886 959 λιτῇς
2913 884 2998 940 ἴδε
3027 888 3231 951 τάξεσιν
3263 889 3460 955 ἄλλαις,

2183 975 2504 1048 ’Υμνοπὸλων
2537 979 2827 1028 θεότευκτον
2854 975 3087 1049 ἀγήνορα
3125 975 3286 1047 ὦρσεν
3312 975 3523 1045 ἀοιδὴν,

2188 1062 2436 1118 Στουδίου
2469 1063 2529 1123 ἢν
2559 1065 2866 1125 κληίζουσιν
2898 1064 3145 1137 ἀριπρεπέ
3172 1065 3356 1118 ’ὄλϐιον
3386 1063 3549 1131 οἶκον,

2185 1153 2312 1227 Ἱρὸν
2341 1154 2597 1207 Ἰωάννοιο
2628 1161 2862 1224 Χριστοῦ
2886 1151 3234 1226 προδρόμοιοι
3265 1162 3463 1228 σοφοίο,

2185 1241 2280 1294 ’ον
2309 1261 2393 1295 κεν
2425 1240 2502 1294 ἐπ’
2533 1241 2730 1304 ἐσθλοῖς
2755 1249 2782 1273 ⁵
2813 1242 3006 1302 πλῆσεν
3033 1244 3282 1318 πλείστῃς
3310 1250 3633 1318 χαρίτεσσι.

1792 1363 2025 1420 VARUE
2057 1363 2435 1422 LECTIONES
2448 1408 2462 1422 .

501 1470 546 1506 ιιι
568 1459 829 1518 ἰσθλοῖσι.

1207 1753 1660 1850 SANCTI
1725 1753 2374 1850 THEODORI
2450 1754 3049 1850 STUDIT/E.

1783 1971 2041 2038 SERMO
2085 1970 2325 2032 LXVIII
2353 1970 2468 2050 (ι).

423 2144 687 2188 DOMINICA
725 2144 783 2186 ιν
809 2145 1022 2188 JEJUNII.
1062 2146 1130 2188 DE
1169 2146 1407 2188 ANIMOSE
1447 2146 1658 2189 SANCTA
1697 2147 2051 2189 TRANSBUNDA
2081 2147 2525 2198 QUADRAGESIIA,
2557 2148 2623 2188 ΕΤ
2662 2147 2715 2188 IN
2754 2147 3225 2190 EXEItCITATIONEH
3255 2149 3464 2190 σηοω
3495 2150 3837 2200 SEQUENTE.

497 2418 724 2474 Fratres
756 2417 1096 2490 Patresque,
1131 2419 1322 2474 sancti
1362 2417 1613 2490 Spiritus
1652 2433 1766 2473 nos
1806 2417 2078 2487 benigni-
2114 2416 2157 2471 Β
2186 2417 2663 2489 queangelorum
2681 2433 3022 2484 consessus,
3039 2434 3109 2474 ac
3139 2423 3479 2474 sanctorum
3499 2419 3842 2490 respublica

422 2509 515 2562 tas
540 2507 614 2562 ad
638 2506 997 2562 hodiernum
1011 2507 1168 2562 diem
1185 2507 1464 2573 valentes,
1482 2523 1589 2564 nec
1609 2508 1815 2579 paucis
1837 2507 2079 2579 praecla-

422 2595 505 2650 ris
531 2595 703 2650 editis
735 2595 1104 2652 facinoribus
1123 2595 1388 2662 deduxit,
1411 2598 1512 2670 qui
1535 2602 1591 2652 et
1612 2596 2075 2662 labetur,credo,

424 2689 602 2755 atque
633 2683 710 2740 ad
741 2683 1040 2739 viviﬁcam
1063 2701 1133 2739 ac
1163 2685 1532 2755 praelustrem
1563 2687 2074 2741 Resurrectionem

425 2777 655 2828 mactos
685 2771 1102 2844 pulcherrimis
1130 2773 1430 2844 profectus
1472 2774 1657 2828 nostri
1697 2775 2077 2829 incrementis

421 2860 728 2932 provehet.
748 2861 899 2915 Nam
912 2861 1175 2932 repetite,
1197 2861 1390 2928 sultis,
1415 2867 1702 2917 anteactae
1721 2862 2074 2918 memoriam

426 2948 580 3015 vitae,
611 2954 666 3004 et
691 2948 1006 3004 intuemini
1027 2955 1269 3018 statum,
1291 2950 1398 3022 qui
1429 2949 1601 3006 fuerit
1631 2950 1979 3022 aliquando,
2005 2967 2075 3007 ac

423 3051 546 3109 quo
559 3053 720 3093 nunc
732 3037 990 3092 evaserit
1011 3055 1024 3093 :
1042 3039 1202 3093 anim
1215 3055 1281 3092 us
1302 3040 1462 3093 enim
1478 3044 1651 3110 parta
1669 3040 1878 3094 salutis
1894 3045 2076 3100 semel

420 3125 927 3195 occasione,clam
950 3142 1137 3199 ocyus
1168 3134 1494 3198 grassatus,
1523 3127 1768 3197 fastigiis
1793 3128 2072 3182 virtutum

426 3215 747 3286 superatis,
775 3214 992 3269 caelum
1026 3221 1305 3286 peragrat
1335 3216 1637 3272 sublimis.
1677 3217 1763 3270 Ita
1794 3232 1925 3279 n0s,
1949 3216 2070 3281 ﬁlii,

423 3302 502 3360 ad
535 3303 764 3373 frugem
795 3303 1034 3367 reversi,
1066 3304 1318 3358 remoris
1345 3309 1400 3359 et
1424 3304 1868 3374 impedimentis
1903 3321 2076 3359 amo-

422 3392 514 3459 tis,
543 3383 800 3462 gradum
829 3391 1098 3457 fecimus,
1121 3399 1281 3447 recto
1321 3393 1526 3448 itinere
1556 3392 1823 3464 profecti,
1852 3393 2072 3464 aliique

421 3497 630 3536 sumus
659 3496 732 3536 ex
758 3479 913 3546 aliis,
945 3481 1302 3536 modestiam
1323 3480 1639 3551 complexi,
1667 3497 1736 3536 ac
1763 3482 2072 3552 praeceptis

417 3569 566 3625 serio
586 3569 904 3635 obeundis,
935 3585 1320 3642 nequaquam
1344 3571 1448 3625 rite
1467 3571 1775 3625 amisimus
1797 3572 2068 3642 quaesita.

419 3657 708 3730 Equidem
741 3658 869 3729 cepi
890 3659 1202 3727 gaudium,
1231 3665 1287 3713 et
1317 3659 1520 3714 animo
1552 3659 1877 3731 triumpho,
1911 3665 2074 3732 post-

2186 2513 2458 2574 cernunt,
2498 2512 2554 2562 et
2594 2507 2901 2579 explorant
2934 2508 3199 2563 assidue.
3228 2509 3295 2564 Ut
3328 2509 3457 2578 jam
3497 2525 3686 2578 porro
3716 2526 3841 2565 cur.

2187 2594 2445 2650 sandum
2469 2595 2623 2650 serio
2655 2596 2744 2660 sit,
2789 2595 3014 2656 fratres,
3061 2596 3283 2666 ingenti
3322 2597 3437 2652 hoc
3477 2597 3589 2652 vite
3631 2598 3840 2653 decur-

2186 2682 2374 2738 rendo
2397 2683 2621 2748 diaulo,
2663 2699 2798 2756 quae
2826 2686 2882 2739 in
2924 2685 3139 2740 caelum
3175 2683 3325 2741 ferat
3360 2701 3392 2740 e
3425 2690 3598 2747 terra.
3634 2686 3840 2741 devin-

2185 2773 2410 2827 cendus
2456 2771 2734 2827 inimicus
2773 2789 2842 2829 ac
2898 2773 3264 2840 multandus,
3318 2773 3497 2829 simul
3546 2774 3835 2846 congredi

2186 2866 2392 2926 tentat,
2419 2860 2714 2933 longeque
2755 2862 3130 2917 animositate
3168 2862 3436 2934 quadam
3478 2863 3677 2919 excita
3717 2864 3836 2918 abi-

2186 2950 2680 3018 gendus.Scilicet
2715 2951 2958 3006 timidus
2988 2957 3094 3016 est,
3127 2951 3427 3020 rejiculus,
3455 2951 3749 3019 imbellis;
3774 2968 3835 3007 ea

2187 3043 2428 3109 propter
2471 3039 2566 3094 Dei
2608 3055 2931 3108 germanus
2971 3040 3193 3095 clamat
3228 3040 3489 3094 Jacobus
3521 3055 3535 3068 ’
3571 3041 3839 3096 Resistite

2184 3126 2440 3192 diabolo,
2469 3137 2523 3183 et
2547 3128 2740 3197 fugiet
2769 3144 2804 3182 a
2833 3127 3027 3197 vobis;
3067 3129 3594 3199 appropinquante
3616 3129 3761 3194 Deo,
3786 3136 3834 3186 et

2183 3215 2688 3287 appropinquabit
2727 3216 2886 3272 vobis
2917 3221 2957 3268 ³.
3001 3219 3202 3288 Neque
3245 3232 3382 3271 vero
3431 3217 3490 3271 in
3534 3218 3836 3288 posticum

2183 3302 2446 3359 feramur
2465 3320 2762 3375 prorsum,
2782 3303 2945 3376 quod
2965 3321 3346 3376 nequaquam
3371 3304 3840 3360 acritercurren-

2186 3397 2308 3447 tum
2329 3393 2401 3446 sit
2421 3392 2673 3459 insigne,
2699 3408 2812 3446 neu
2837 3399 3212 3464 tepescamus
3240 3400 3564 3463 postquam
3591 3391 3651 3446 id
3686 3394 3837 3447 indi-

2182 3479 2340 3535 cium
2373 3497 2494 3536 non
2521 3488 2609 3536 est
2639 3482 2871 3536 vincere
2910 3482 3225 3547 nitentum,
3258 3482 3404 3553 quin
3439 3482 3722 3538 nuditum
3765 3481 3842 3537 ab

2181 3569 2362 3624 rebus
2391 3575 2515 3624 tum
2535 3572 2613 3625 ab
2636 3568 2960 3634 voluntate,
2988 3586 3347 3642 sursumque
3374 3570 3533 3625 velut
3559 3571 3619 3625 in
3657 3571 3842 3626 caelos

2181 3657 2493 3723 intuentes,
2536 3674 2777 3713 cursum
2818 3660 3153 3728 exigamus,
3194 3658 3403 3713 dicturi
3445 3665 3499 3713 et
3538 3675 3656 3714 nos
3701 3676 3840 3714 cum

417 3761 602 3818 quam
625 3744 894 3800 divinum
920 3751 1179 3801 vestrum
1210 3747 1456 3802 increvit
1488 3763 1642 3818 opus
1685 3748 2072 3819 studiumque
2106 3757 2146 3812 C
2182 3746 2939 3805 Paulo:Bonumcertamen
2955 3749 3843 3812 certavi,cursumconsumma-

419 3849 682 3897 sacrum,
705 3834 867 3904 quod
899 3834 1137 3904 urgetis,
1159 3835 1468 3905 perspicue
1491 3836 1786 3906 potiorum
1811 3843 1920 3901 est,
1944 3841 2002 3890 et
2023 3837 2070 3891 si

415 3922 478 3978 id
498 3937 808 3978 omnenon
821 3923 1142 3987 currentis,
1169 3938 1354 3995 neque
1375 3925 1644 3990 volentis,
1668 3932 1728 3979 ut
1747 3925 2070 3996 apOstolice

417 4010 640 4077 dicam,
673 4011 776 4067 sed
806 4011 1141 4067 miserantis
1173 4020 1255 4068 est
1283 4013 1392 4068 Dei
1423 4014 1464 4078 ³,
1496 4014 1596 4085 qui
1631 4019 1685 4068 et
1718 4014 1902 4068 victos
1935 4030 2072 4068 con-

415 4099 633 4167 ﬁrmet,
657 4105 712 4156 et
729 4099 996 4156 imbelles
1017 4099 1249 4156 viribus
1264 4101 1552 4172 accingat.
1577 4103 1885 4158 Enimvero
1903 4102 2067 4158 haud

414 4189 674 4245 contenti
697 4189 766 4244 iis
791 4189 1070 4261 quaejam
1105 4191 1530 4261 pepererimus,
1554 4191 1680 4256 ﬁlii,
1713 4192 1887 4262 quasi
1914 4176 2070 4262 quo-

413 4277 819 4349 damjuvenili
839 4277 1034 4333 calore
1061 4277 1234 4334 altius
1263 4279 1543 4341 nitamur,
1573 4281 1915 4334 animorum
1937 4285 2067 4336 tan-

416 4381 601 4438 quam
644 4365 855 4421 subole
896 4367 1082 4421 instar
1122 4366 1339 4438 aquilas
1379 4368 1725 4423 renovanda
1765 4371 2064 4440 progressi

415 4469 673 4526 semper,
693 4453 1014 4526 mactique,
1036 4454 1139 4526 qui
1163 4455 1418 4522 virtutis,
1433 4461 1613 4528 atque
1635 4455 1832 4510 eximii
1856 4472 2062 4511 ascen-

417 4559 519 4599 sus
551 4542 802 4599 modum
842 4542 1196 4598 arbitremur
1222 4543 1472 4613 nullum,
1507 4543 1652 4599 dum
1687 4560 1791 4615 per
1812 4552 2063 4600 mortem

412 4631 738 4688 abierimus
767 4647 799 4687 e
825 4632 1200 4703 temporariis
1226 4632 1303 4687 ad
1335 4638 1574 4688 aeterna.
1615 4635 1766 4689 Sane
1789 4650 1922 4688 cum
1957 4635 2063 4689 eri-

411 4737 548 4777 mus
581 4721 756 4790 beati,
793 4726 917 4776 tum
949 4721 1262 4777 beatorum
1297 4727 1515 4777 sortem
1546 4729 1886 4777 sanctorum
1922 4725 2063 4777 erci-

410 4824 665 4865 scemur.
692 4809 826 4864 Jam
853 4824 988 4880 quae
1009 4809 1068 4864 in
1094 4811 1208 4865 hac
1230 4809 1514 4865 obeunda
1544 4811 1664 4866 vita
1687 4811 1880 4880 posita
1906 4810 2059 4877 laus,

408 4903 464 4954 et
485 4897 707 4955 adorea
731 4896 860 4953 est?
890 4897 1110 4968 gaudet
1135 4914 1242 4953 vos
1261 4905 1548 4953 contuens
1579 4899 1794 4954 arbiter
1820 4905 2063 4955 cuncto-

411 5002 569 5052 rum,
597 4987 834 5058 lsetique
865 4987 1053 5042 sancti
1089 5003 1158 5042 ac
1185 4987 1630 5057 gratulabundi,
1663 4987 1978 5059 plaudunt,
2005 4995 2062 5043 et

412 5074 644 5130 ccelitus
665 5081 991 5165 coronant.
1037 5074 1269 5147 Quippe
1309 5081 1373 5130 ut
1411 5075 1471 5130 in
1511 5075 1703 5131 stadio
1755 5084 2056 5132 currentes
2091 5110 2137 5165 ο

409 5161 714 5235 corporeis
732 5167 1077 5236 spectamus
1099 5163 1306 5231 oculis,
1336 5163 1419 5218 sic
1437 5167 1646 5219 nostra
1666 5167 1836 5229 Deus,
1870 5170 2055 5220 totus-

477 5323 496 5359 ¹
525 5325 694 5380 Rom.
725 5337 806 5392 Ix,
835 5327 918 5390 £6,
995 5326 1018 5360 ³
1047 5323 1170 5379 Jac.
1201 5326 1338 5390 Iv,7.
1417 5325 1438 5358 ⁸
1463 5322 1511 5377 ΙΙ
1548 5322 1695 5380 Tim.
1730 5339 1802 5389 IV,
1824 5323 1878 5378 7.

2184 3835 2258 3900 vi,
2279 3836 2456 3902 ﬁdem
2476 3837 2729 3901 servavi,
2745 3836 2817 3892 de
2829 3836 3050 3907 reliquo
3071 3836 3331 3904 reposita
3348 3837 3593 3893 estmihi
3612 3853 3842 3893 corona

2170 3924 2482 3993 justitim’.
2513 3927 2665 3980 Sane
2696 3925 2794 3980 alii
2824 3925 2941 3980 alia
2975 3940 3032 3979 re
3072 3926 3386 3996 quapiam,
3429 3930 3485 3979 et
3526 3926 3725 3994 aliter,
3751 3927 3838 3985 in:

2181 4017 2302 4067 star
2325 4012 2482 4079 solis,
2522 4012 2835 4082 fulgebunt
2871 4021 3007 4069 ante
3048 4015 3256 4080 Deum,
3285 4029 3395 4068 nos
3427 4013 3711 4070 habitum
3750 4032 3842 4084 ge-

2179 4109 2373 4156 rentes
2388 4101 2782 4173 apostolicum
2801 4102 2956 4157 circa
2987 4103 3400 4172 apostolorum
3434 4103 3840 4159 contubernia

2177 4190 2635 4262 deprendemur,
2679 4190 2802 4256 ﬁlii,
2854 4191 3362 4262 quemadmodum
3416 4191 3729 4257 existimo,
3780 4197 3838 4246 ut

2177 4279 2484 4334 ovandum
2510 4279 2584 4334 sit
2609 4295 2674 4333 ac
2699 4279 3044 4343 lmtandum,
3060 4285 3116 4334 et
3131 4280 3349 4335 animis
3365 4279 3595 4351 oppido
3618 4280 3690 4334 tri
3703 4297 3840 4335 um-

2178 4368 2509 4439 phandum.
2539 4369 2618 4422 Ac
2659 4369 2895 4423 beatam
2929 4384 3060 4422 eam
3107 4376 3388 4428 mentem,
3430 4385 3618 4439 quam
3667 4369 3840 4426 haud

2176 4458 2414 4511 satietas
2440 4457 2637 4526 capiat
2661 4457 2848 4511 divini
2880 4456 3054 4510 studii
3094 4464 3149 4511 et
3175 4455 3511 4511 futurorum
3548 4457 3836 4513 desiderii

2176 4561 2244 4600 ac
2272 4545 2654 4614 praesentium
2693 4544 2947 4615 repudii.
2973 4544 3087 4599 Vos
3118 4547 3422 4598 enimvero
3451 4561 3592 4600 cum
3624 4545 3702 4599 iis
3734 4549 3837 4600 bo-

2175 4633 2266 4688 nis
2293 4633 2593 4698 fruemini,
2621 4638 2745 4688 tum
2783 4649 3049 4688 meorum
3084 4634 3256 4687 nauci
3287 4633 3608 4687 verborum
3627 4649 3833 4688 recor-

2173 4723 2422 4787 damini,
2463 4737 2654 4792 quam
2695 4738 2797 4775 vos
2841 4721 3196 4785 adamarim,
3239 4737 3423 4792 quam
3464 4737 3500 4774 a
3541 4721 3718 4776 vobis
3777 4723 3833 4777 in

2172 4811 2428 4867 Domino
2459 4812 2876 4884 adjumentum
2903 4809 3270 4883 quaesierim,
3297 4827 3484 4882 quam
3518 4827 3624 4865 vos
3670 4811 3833 4865 divi--

2174 4915 2250 4953 na
2299 4899 2486 4969 gloria
2529 4900 2844 4968 sategerim
2895 4906 3178 4969 praestare
3221 4915 3324 4968 per
3371 4899 3675 4954 Christum
3737 4899 3832 4955 Je-

2171 5004 2303 5042 sum
2345 4989 2666 5044 Dominum
2717 4997 3008 5053 nostrum,
3051 4987 3147 5042 cui
3196 4987 3325 5043 laus
3365 5004 3435 5042 ac
3494 4987 3827 5059 imperium

2169 5091 2330 5132 nunc
2387 5082 2445 5132 et
2504 5093 2735 5148 semper
2791 5077 2851 5131 in
2910 5091 3274 5148 omnemque
3335 5078 3823 5148 perpetuitatem.

2169 5167 2382 5220 Amen.

1998 5450 2223 5506 ΝΟΤιΕ.

475 5571 552 5656 (Ι)
585 5571 754 5630 Circa
777 5572 1033 5644 hancl68
1062 5570 1374 5628 homiliam
1409 5571 1541 5629 vide
1561 5571 1708 5658 quid
1737 5571 1893 5629 dicat
1925 5573 2254 5637 Lmvinaus
2281 5573 2342 5630 in
2366 5572 2713 5652 prwlatione
2739 5589 2754 5640 ;
2791 5587 2977 5651 supra
2997 5572 3260 5631 col..507.
3518 5613 3548 5626 ..
