4038 6312
284 295 376 353 lli
389 295 423 351 3
1702 296 1878 353 TEST

2043 296 2252 355 NTUM.
3501 297 3638 355 1814

1171 625 1554 706 SANCTI
1630 624 2181 706 THEODORI
2245 627 2762 709 STUDleE.

1218 822 1967 966 TESTAM
1999 827 2237 965 EN
2248 828 2708 972 TUM.

1312 1087 1678 1177 (Editionis
1717 1087 2217 1156 Sirmondianaa
2248 1112 2405 1180 pag.
2445 1091 2584 1172 63.)

275 1382 400 1456 Top
440 1377 625 1456 ὁσίου
665 1385 772 1432 καὶ
828 1387 1153 1456 Θεοῖόρου
1220 1386 1474 1456 Πατρός
1536 1385 1709 1454 ἡμῶν
1766 1386 1870 1433 καὶ

2040 1384 2196 1438 πησιί
2218 1400 2289 1440 ac
2323 1385 2547 1451 Dei/eri
2560 1386 2751 1453 patris
2780 1386 2966 1441 nostri
2985 1393 3039 1440 et
3062 1387 3415 1455 confessoris
3445 1386 3635 1442 Theo-

351 1448 758 1529 (ἱμολογητοῡ
827 1448 1191 1529 Θεοδώρου,
1236 1448 1623 1529 ,ἡγουμένοξι
1696 1462 1875 1506 Στου.

2054 1456 2189 1509 dori
2209 1448 2540 1513 Studiehsis
2556 1448 2859 1529 ῥνκρυδίίί
2889 1448 3319 1513 Testamentum
3339 1457 3447 1529 (1).
3473 1458 3631 1527 Legi-

357 1516 505 1597 δίου
563 1516 887 1581 *Διαθήκγμ
956 1516 1498 1595 Ἀνάγίνῶακετιαι
1575 1525 1642 1579 δε
1708 1526 1871 1583 αὕτη

1575 1525 1642 1579 δὴ
1708 1526 1823 1577 «ﬁt
1842 1544 1871 1583 η
2056 1533 2157 1581 tur
2186 1536 2380 1584 autem
2410 1516 2983 1584 ante'dor'mitionem
3013 1530 3166 1597 ejus.

356 1595 472 1662 πρὸ
512 1601 625 1653 τῆς
664 1601 1035 1666 κοιμήσεως
1075 1597 1289 1650 αὐτοῦ.

352 1696 581 1749 Ἀκούων
612 1707 702 1751 τοὺ
736 1702 874 1752 θείου
923 1699 1093 1754 Δαϐὶδ
1119 1703 1363 1774 λέγοντος,
1412 1704 1870 1775 Ἠτοιμοίσθην,

2054 1705 2092 1758 l.
2122 1705 2467 1760 Davidicam
2484 1722 2692 1763 vocem
2706 1707 2977 1769 audiens,
2998 1706 3261 1761 Paratus
3274 1722 3422 1775 sum,
3440 1712 3628 1762 etnon

275 1790 390 1837 καὶ
429 1786 540 1837 οὐκ
580 1787 996 1862 έταράχθην’
1030 1795 1869 1865 καὶπά).ινφοίσκοντος,Ἒτοίμη

2031 1811 2108 1848 am
2142 1795 2414 1849 turbatus
2441 1796 2458 1830 ¹
2494 1816 2513 1852 :
2549 1802 2605 1850 et
2636 1797 2870 1861 iterum,
2906 1797 3197 1851 Paratum
3230 1811 3330 1850 cor
3364 1810 3553 1850 meum
3583 1797 3626 1847 ².

273 1875 307 1931 ἡ
350 1872 550 1949 καρδὶ
572 1897 604 1928 α
641 1897 763 1950 μου
794 1898 807 1911 ο
837 1876 1115 1953 ἐπειδήπερ
1146 1890 1213 1941 εἰς
1245 1891 1441 1955 συνεχῆ
1478 1882 1742 1935 ἀσθένειαν
1779 1887 1868 1939 τήν

2030 1899 2115 1936 1m
2132 1884 2374 1938 assidua
2389 1884 2589 1939 miseri
2609 1886 2876 1956 corporis
2898 1884 3241 1939 inﬁrmitate
3255 1889 3489 1954 captus,
3506 1899 3625 1939 non

273 1971 368 2015 τοῦ
425 1961 689 2023 δυστήνου
737 1974 973 2039 σώματος
1026 1968 1391 2040 ἐμπεπτωκὼς,
1442 1974 1546 2044 οὐχ
1577 1974 1676 2031 οἷός
1708 1976 1761 2024 τέ
1807 1972 1868 2023 εὶ-

2032 1972 2206 2026 ossim
2228 1988 2330 2027 vos
2348 1988 2583 2039 omnes,
2610 1973 2708 2027 ﬁlii
2738 1975 2874 2039 mei,
2893 1980 2947 2028 et
2966 1974 3194 2037 fratres,
3223 1979 3403 2043 atque
3430 1977 3627 2043 patres

271 2072 335 2123 μι
387 2056 577 2115 πάντας
628 2058 783 2127 ὑμᾶς,
840 2063 989 2111 τέκνα
1044 2080 1142 2130 μου
1196 2066 1286 2113 καὶ
1340 2058 1551 2133 ἀδελφοὶ
1592 2067 1678 2113 καὶ
1710 2066 1866 2113 Πατέ-

2032 2060 2095 2114 Jb
2115 2076 2390 2115 excessus
2409 2062 2521 2116 mei
2538 2071 2770 2134 tempus
2784 2062 2899 2117 add
2913 2077 3112 2127 ucere;
3135 2069 3446 2132 propterea
3464 2060 3627 2132 quod

272 2160 375 2213 ρες,
431 2146 566 2195 κατὰ
618 2150 895 2217 πρόσωπον
942 2168 1042 2219 μου
1094 2147 1307 2220 ἀγαγεῖν
1348 2150 1394 2201 ἐν
1448 2159 1611 2223 καιρῷ
1664 2147 1865 2214 έξοδου,

2035 2151 2345 2205 ιοῑιαεῑθνὶδ
2373 2152 2485 2206 ista
2514 2151 2574 2205 in
2605 2152 2857 2206 diversis
2886 2150 3033 2206 locis
3076 2150 3184 2206 sita
3225 2155 3386 2213 sunt,
3418 2156 3474 2205 et
3502 2149 3630 2221 qui-

276 2227 373 2282 διὰ
400 2234 458 2283 τὸ
507 2234 555 2284 ἓν
596 2230 868 2308 διαφόροις
914 2242 1089 2299 τόποις
1135 2240 1446 2291 καθιστάναι
1490 2244 1555 2290 τα
1602 2244 1868 2311 μοναστή-

2032 2255 2117 2293 am
2148 2245 2432 2311 praeterea
2455 2256 2698 2311 peregre
2720 2239 3001 2312 profecti:
3028 2239 3188 2294 velut
3216 2239 3472 2294 instante
3500 2239 3627 2309 jam

270 2338 381 2390 ρια,
419 2320 579 2382 ἄλλως
636 2342 686 2375 τε
725 2329 809 2375 καὶ
847 2322 939 2377 διὰ
968 2330 1025 2377 τὸ
1078 2324 1404 2397 ἀποδημίαις
1451 2331 1762 2399 χρήσασθαί
1793 2348 1865 2379 τι-

2042 2328 2347 2397 igrationis
2375 2345 2447 2383 ex
2468 2329 2581 2385 hac
2604 2328 2722 2385 vita
2748 2345 2893 2384 meae
2915 2329 3182 2393 articulo,
3205 2332 3628 2383 testamentum

269 2426 381 2471 νας,
443 2410 510 2472 ὡς
567 2407 675 2469 ἤδη
726 2412 1031 2475 ἱληλυθυίας
1081 2424 1175 2475 τῆς
1227 2417 1361 2489 ὧρας
1410 2417 1505 2477 τῆς
1557 2416 1657 2467 ἀπὸ
1711 2414 1864 2469 τοῦδε

2029 2431 2087 2471 3c
2118 2417 2290 2471 vobis
2332 2417 2499 2487 prius
2540 2419 2798 2473 condere
2830 2416 3093 2482 institui;
3128 2414 3254 2472 rem
3292 2431 3624 2486 congruam

268 2504 362 2548 τοῦ
415 2494 533 2569 βίου
605 2503 969 2571 μεταστάσεως
1045 2523 1168 2575 μου,
1244 2506 1521 2575 προφθάνω
1584 2502 1863 2558 διαθέσθαι

2035 2520 2152 2576 que
2183 2506 2385 2561 utilem
2420 2522 2515 2561 me
2553 2506 2851 2561 facturum
2899 2506 3218 2561 arbitratus
3253 2521 3266 2571 ;
3303 2510 3365 2560 ut
3408 2519 3629 2574 cogno-

265 2586 388 2653 ὑμῖν
435 2589 630 2645 ταύτην
685 2593 777 2647 τήν
832 2587 1095 2649 διαθήκην
1129 2614 1141 2625 ·
1178 2589 1431 2664 ἁρμόδιον
1496 2599 1585 2644 καὶ
1638 2592 1860 2665 ἀσφαλες

2036 2598 2139 2647 ant
2162 2595 2263 2664 qui
2296 2610 2638 2665 supremam
2669 2610 2865 2649 meam
2892 2610 3099 2649 vocem
3124 2594 3390 2661 audient,
3416 2609 3628 2665 quem-

263 2681 420 2726 τοῦτο
485 2677 859 2748 ἡγησάμενος⁸
921 2683 1049 2750 πρὸς
1112 2685 1167 2732 τὸ
1240 2680 1561 2742 ἀκούσαντάς
1617 2701 1718 2753 μου
1768 2691 1858 2744 τῆς

2033 2680 2307 2738 lmodum
2357 2683 2596 2738 credam
2642 2688 2698 2738 et
2745 2684 2997 2738 sentiam
3036 2698 3050 2749 ;
3102 2688 3159 2737 et
3205 2681 3448 2753 qualem
3491 2686 3628 2752 post

263 2762 563 2826 τελευταίας
632 2775 802 2837 φωνῆν
872 2764 1225 2838 διεγνωκέναι,
1298 2773 1437 2833 ὅπως
1492 2791 1545 2824 τε
1630 2776 1858 2824 πιστεύω

2039 2787 2068 2825 e
2096 2770 2363 2826 futurum
2393 2771 2783 2843 praepositum
2816 2770 3152 2842 relinquam
3179 2787 3193 2835 ;
3228 2777 3353 2825 tum
3389 2777 3448 2825 ut
3489 2785 3627 2825 con-

261 2856 352 2903 καὶ
380 2862 564 2924 φρονῶ,
612 2860 700 2907 καὶ
748 2857 851 2908 οἷον
904 2856 1092 2929 ἀφίημι
1137 2864 1223 2910 τὸν
1272 2862 1700 2929 καθηγησὸμενον
1748 2862 1856 2931 μετ’

2029 2859 2238 2914 ιιοόὶιιω
2270 2860 2425 2924 inde,
2456 2874 2788 2931 pacemque
2810 2859 2868 2913 in
2894 2858 3122 2914 Christo
3150 2858 3408 2923 servetis,
3442 2873 3624 2929 quam

262 2938 392 3011 έμέ·
454 2942 536 2994 ἶνα
592 2942 815 2997 έντεύθεν
872 2952 1171 3019 συμφωνίαν
1241 2950 1418 3020 οἶγοιτε
1494 2955 1582 3002 καὶ
1652 2950 1857 3023 εἰρήνην

2030 2963 2326 3002 scensurus
2351 2948 2410 3002 in
2425 2948 2607 3003 cmlos
2626 2948 2913 3003 Dominus
2932 2948 3152 3004 sanctis
3175 2946 3484 3017 discipulis
3504 2946 3625 3000 suis

262 3033 358 3086 τὴν
410 3028 459 3080 έν
492 3037 707 3102 Χριστῷ
742 3054 754 3066 ’
808 3035 869 3093 ἣν
913 3034 985 3097 εἰς
1033 3036 1284 3107 οὐρανοὺς
1329 3037 1519 3108 μέλλων
1555 3038 1855 3111 ἁναφοιτᾴν,

1044 3036 1284 3107 >ὐρανοὺς
1329 3037 1519 3108 μέλλων
1555 3038 1855 3111 ἁναφοιτᾴν,
1968 3039 2027 3091 et.
2065 3036 2355 3107 apostolis
2381 3035 2639 3108 reliquit.

262 3115 453 3189 ἀφίησι
481 3127 587 3180 τοῖς
618 3120 790 3192 ἁγίοις
826 3123 986 3175 αὐτοῦ
1031 3127 1293 3196 μαθηταῖς
1337 3131 1426 3178 καὶ
1479 3126 1785 3188 ἀποστόλοις
1829 3130 1854 3180 ὁ

262 3206 475 3278 Κύριος.

814 3306 968 3374 Περὶ
1007 3306 1300 3364 πίστεως.
1370 3294 1379 3301 ’

1370 3294 1379 3301 ’
2674 3301 2762 3357 De
2784 3300 2921 3370 ﬁde.

334 3387 570 3436 Πιστεύω
598 3396 871 3461 τοιγαροῦν
917 3390 987 3450 εἰς
1042 3396 1243 3465 Πατέρα
1290 3398 1375 3445 καὶ
1406 3396 1524 3445 Υἰὸν
1578 3400 1666 3446 καὶ
1710 3396 1855 3466 ἅγιον

2036 3392 2101 3447 ll.
2138 3391 2322 3447 Credo
2369 3390 2545 3462 igitur
2575 3389 2636 3445 in
2679 3390 2937 3456 Patrem,
2972 3389 3181 3445 Filium
3224 3405 3292 3445 ac
3341 3390 3623 3461 Spiritum

259 3477 489 3544 Πνεῦμα,
568 3480 662 3532 τήν
734 3476 887 3546 ἁγίαν
948 3485 1036 3531 καὶ
1094 3481 1369 3550 ὁμοούσιον
1450 3488 1539 3534 καὶ
1624 3483 1854 3554 ἀρχικήν

2029 3486 2267 3545 ωοιυω,
2283 3486 2556 3535 sanctam
2570 3484 2625 3535 et
2647 3479 3218 3534 consubstantialem
3242 3484 3295 3534 et
3319 3480 3624 3551 sempiter-

255 3558 487 3630 Τριοίδα,
534 3565 705 3625 καθὼς
753 3562 1106 3639 βεϐάπτισμαι
1162 3576 1250 3621 καὶ
1292 3569 1715 3643 ἁναγεγέννημαι,
1768 3579 1850 3625 καὶ

2024 3587 2108 3624 1m
2146 3569 2507 3633 Trinitatem,
2543 3569 2695 3623 sicut
2721 3567 3189 3637 baptizatuszfui,
3215 3574 3619 3637 regeneratus,

257 3648 585 3720 τετελείωμαι
621 3670 631 3680 ·
686 3658 813 3706 Θεὸν
862 3660 946 3707 τὸν
1002 3662 1205 3730 Πατέρα
1248 3659 1531 3731 ὁμολογῶν,
1594 3666 1721 3714 Θεὸν
1772 3667 1852 3715 τὸν

2023 3703 2024 3710 η
2062 3664 2521 3714 consummatus
2552 3674 2562 3713 :
2597 3660 2779 3712 Deum
2813 3658 3047 3713 Patrem
3079 3657 3387 3723 conﬁtens,
3432 3657 3618 3713 Deum

259 3739 399 3803 Υἱὸν,
434 3744 554 3792 Θεὸν
584 3745 641 3793 τὸ
694 3749 900 3814 Πνεῦμα
931 3748 986 3796 τὸ
1040 3746 1206 3817 οἷγιον,
1255 3747 1302 3799 ἓν
1335 3750 1397 3800 τὰ
1451 3754 1570 3821 τρία
1614 3758 1673 3822 τῇ
1730 3753 1854 3803 θειό-

2023 3746 2203 3812 ilium,
2249 3750 2430 3801 Deum
2475 3747 2755 3817 Spiritum
2791 3751 3088 3811 sanctum,
3125 3762 3312 3800 unum
3344 3746 3455 3801 tria
3494 3747 3618 3801 dei-

257 3846 397 3888 τητι,
444 3832 514 3891 ὡς
560 3835 645 3882 καὶ
692 3832 909 3901 ἔμπαλιν
957 3838 1077 3908 τρία
1124 3840 1181 3887 τὸ
1223 3835 1269 3887 ἓν
1319 3845 1432 3898 ταῖς
1476 3839 1850 3894 ὑποστάσεσιν.

2024 3842 2106 3900 te,
2138 3836 2287 3890 sicut
2319 3836 2444 3890 vice
2474 3851 2647 3889 versa
2668 3836 2776 3889 tria
2807 3850 2993 3889 unum
3020 3835 3433 3889 subsistentiis.
3461 3836 3619 3890 Unus

259 3915 350 3978 Εἷς
388 3919 488 3989 γὰρ
544 3922 669 3979 Θεὸς
725 3922 755 3978 ἡ
807 3924 987 3993 Τριὰς,
1041 3919 1133 3975 διὰ
1185 3929 1241 3975 τὸ
1294 3927 1613 3997 ὁμοούσιον·
1666 3928 1707 3979 εἰ
1767 3934 1854 3980 καὶ

2024 3925 2129 3981 lim
2160 3931 2248 3979 est
2275 3924 2430 3978 Deus
2460 3922 2731 3988 Trinitas,
2768 3930 3008 3994 propter
3038 3923 3619 3979 consubstantialita-

257 4000 511 4077 διῄρηται
556 4003 649 4059 διὰ
700 4012 754 4059 τὸ
796 4009 1247 4077 έτερούπόστατον,
1309 4011 1462 4074 Αὖθίς
1518 4035 1569 4066 τε
1620 4016 1852 4087 ὁμολογῶ

2030 4014 2537 4081 m,licetdistincta
2551 4012 2619 4066 sit
2634 4011 3404 4082 proptersubsistentiarum
3420 4011 3617 4068 distin-

256 4098 343 4144 τὸν
376 4095 463 4147 ἕνα
491 4104 580 4157 τῆς
621 4093 852 4167 Τριάδος
900 4102 985 4150 τὸν
1028 4103 1215 4171 Κύριον
1273 4104 1418 4173 ἡμῶν
1461 4103 1664 4161 Ἰησοῦν
1721 4113 1851 4180 Χρι-

2023 4105 2245 4159 .ionem.
2280 4101 2572 4157 Conﬁteor
2598 4100 2812 4155 deinde
2836 4116 3021 4154 unum
3050 4115 3079 4154 e
3110 4100 3385 4155 Trinitate
3419 4102 3618 4156 Domi-

258 4186 380 4234 στὸν
430 4180 523 4237 διὰ
578 4187 933 4258 φιλαθρωπὶαν
986 4193 1205 4265 ἄμετρον
1246 4194 1293 4243 ἓν
1336 4197 1493 4265 σαρκὶ
1534 4192 1850 4259 ἐληλυθέναι,

2021 4209 2112 4247 um
2138 4198 2408 4247 nostrum
2423 4190 2627 4243 Jesum
2648 4188 2943 4244 Christum
2967 4204 3071 4259 per
3092 4187 3449 4243 immensam
3474 4205 3616 4260 erga

256 4270 340 4325 έπὶ
382 4280 615 4347 σωτηρίᾳ
662 4286 753 4329 τοῦ
784 4280 899 4330 καθ’
953 4282 1081 4349 ἡμᾶς
1112 4286 1287 4352 γένους
1334 4278 1595 4347 δηλονότι,
1654 4284 1708 4335 ἐκ
1764 4293 1851 4344 τῆς

2021 4281 2236 4336 )mines
2263 4278 2611 4334 charitatem
2643 4294 2817 4333 suam
2848 4278 2906 4332 in
2934 4292 3112 4332 carne
3144 4277 3381 4332 venisse
3412 4277 3488 4333 ad
3523 4293 3616 4334 sa-

256 4360 406 4431 ἁγίας
462 4368 551 4415 καὶ
598 4373 919 4439 παναμώμου
974 4374 1228 4422 Θεοτο’κου
1282 4376 1372 4427 τήν
1434 4374 1605 4443 σάρκα
1654 4371 1851 4430 ἁνειλη·

2020 4377 2142 4423 .tem
2170 4367 2401 4437 generis
2434 4366 2638 4431 nostri,
2668 4381 2739 4420 ex
2760 4371 2969 4421 sancta
2998 4370 3051 4420 et
3078 4364 3468 4421 immaculata
3489 4366 3615 4422 Dei-

257 4454 401 4521 φένοιι
458 4448 595 4524 δίχα
636 4462 833 4530 σπορᾶς
888 4456 1235 4532 ἀνθρωπίνης,
1277 4467 1364 4511 καὶ
1408 4459 1462 4511 ἔκ
1491 4466 1719 4535 γαστρὸς
1763 4463 1852 4514 αύ-

2017 4474 2115 4513 ara
2136 4458 2260 4513 sine
2279 4457 2548 4511 humano
2563 4455 2791 4509 semine
2812 4470 3050 4510 carnem
3071 4456 3417 4527 sumpsisse,
3435 4460 3612 4527 atque

253 4548 348 4599 τῆς
400 4545 534 4593 κατὰ
591 4546 647 4594 τὸ
699 4546 827 4597 θεῖον
884 4545 1055 4617 λόγιον
1108 4554 1246 4619 νόμῳ
1299 4552 1495 4620 φύσεως
1548 4556 1848 4623 γεγεννημέ-

2015 4564 2033 4602 ῑ
2064 4552 2228 4602 utero
2250 4544 2583 4599 secundum
2602 4542 2873 4599 divinum
2897 4543 3207 4599 oraculum
3231 4549 3457 4598 natum
3482 4544 3610 4613 lege

253 4648 339 4679 vov
368 4651 380 4662 -
416 4626 631 4683 διπλοῦν
670 4652 722 4685 τε
768 4638 890 4686 ὄντα
940 4640 1025 4687 τὸν
1058 4637 1211 4688 αὐτὸν
1264 4638 1375 4689 ὅλον
1421 4639 1605 4691 τέλειον
1645 4648 1705 4711 τῇ
1744 4644 1847 4693 θεό-

2013 4642 2166 4691 1tum
2198 4650 2351 4699 esse,
2398 4631 2699 4704 duplicem
2741 4632 2938 4703 ipsum
2984 4633 3387 4696 ex'sistentem,
3423 4636 3608 4688 totum

252 4734 390 4783 τητι,
419 4720 548 4771 καθὸ
574 4721 668 4772 ούκ
698 4721 971 4796 ἐτέτραπτο
1019 4727 1161 4777 τοῦθ’
1204 4728 1324 4798 ὅπερ
1358 4723 1439 4791 ἦν,
1486 4733 1575 4779 καὶ
1616 4729 1726 4780 ὅλον
1768 4735 1847 4782 τέ-

2015 4725 2289 4779 erfectum
2310 4721 2547 4782 deitate.
2572 4727 2870 4793 quatenus
2892 4735 3010 4775 non
3035 4720 3417 4775 immutatum
3442 4725 3530 4774 est
3551 4720 3610 4775 id

250 4804 381 4858 λειον
419 4815 478 4879 τῇ
536 4810 917 4882 ἀνθρουπότητι,
974 4816 1103 4865 καθὸ
1153 4814 1245 4865 ούκ
1298 4815 1549 4868 ἐλέλειπτο
1596 4836 1665 4881 τι,
1705 4818 1845 4871 τοῦθ’

2014 4814 2123 4867 uod
2155 4818 2316 4876 erat;
2350 4817 2405 4865 et
2444 4816 2633 4865 totum
2664 4809 2993 4881 perfectum
3035 4807 3429 4873 humanitate,
3462 4824 3609 4880 qua-

251 4895 372 4967 ὅπερ
431 4897 764 4970 προσείληφε.
831 4904 929 4953 Τὸν
990 4902 1146 4954 αὐτὸν
1196 4904 1280 4955 ἕνα
1357 4904 1473 4955 καθ’
1531 4906 1844 4973 ὑπόστασιν,

2008 4920 2133 4957 enus
2158 4917 2276 4956 non
2296 4899 2522 4955 dimisit
2539 4898 2873 4971 quidquam
2892 4915 2959 4952 ex
2982 4914 3051 4952 eo
3070 4898 3231 4969 quod
3256 4898 3603 4968 assumpsit.

251 4983 423 5055 ὥσπερ
465 4982 513 5035 έν
575 4982 670 5038 δύο
727 4992 915 5059 φύσεσι
974 4993 1365 5062 γνωριζόμενον,
1426 4993 1559 5044 οὕτω
1602 4994 1846 5052 θελήσεσί

2011 4990 2252 5046 umdem
2286 5004 2471 5044 unum
2494 4989 2663 5057 juxta
2694 4985 3255 5058 hypostasim,sicut
3282 4986 3339 5040 in
3367 4985 3606 5041 duabus

250 5089 303 5123 τε
344 5076 427 5123 καὶ
478 5076 747 5149 ἓνεργείαις
775 5095 787 5107 ’
824 5077 870 5129 έν
931 5080 1008 5139 αἷς
1056 5076 1246 5152 ἔδρασε
1305 5080 1626 5142 καταλλὴλως
1678 5084 1741 5135 τά
1787 5103 1842 5135 τε

2009 5079 2191 5135 aturis
2210 5080 2537 5146 cognitum,
2560 5077 2643 5131 sic
2660 5077 2719 5130 in
2736 5076 2978 5131 totidem
3001 5074 3407 5129 voluntatibus
3428 5082 3604 5146 atque

254 5161 365 5212 θεῖα
390 5167 479 5215 καὶ
508 5166 573 5215 τὰ
606 5162 926 5238 ἀνθρώπινα.

2009 5166 2409 5239 perationibus
2430 5182 2450 5230 ;
2482 5180 2586 5237 per
2631 5180 2785 5237 quas
2824 5164 3028 5219 divina
3066 5167 3121 5217 et
3147 5162 3419 5219 humana
3459 5179 3604 5219 con-

1958 5262 2237 5327 gruenter
2264 5258 2545 5326 operatus
2575 5258 2682 5309 est.
2982 5251 2989 5281 τ

1895 4059 1934 4112 C

322 5378 339 5412 ¹
375 5375 529 5433 Psal.
559 5393 751 5443 cxvm,
780 5383 868 5435 60.
946 5385 965 5417 ²
994 5380 1143 5436 Psal.
1178 5398 1285 5442 va,
1319 5380 1371 5435 8.

1808 5470 2036 5528 ΝΟΤᾸΞ.

318 5572 401 5645 (1)
427 5574 561 5629 Haec
589 5572 897 5648 inscriptio
924 5575 1114 5633 indita
1141 5580 1229 5632 est
1258 5591 1293 5632 a
1325 5575 1592 5643 Studitis,
1623 5577 1774 5634 sicut
1802 5579 2031 5635 notavit
2058 5577 2345 5635 Baronius
2372 5575 2451 5634 ad
2479 5590 2578 5633 an.
2611 5577 2738 5641 826,
2770 5590 2833 5631 Vn.
2866 5574 2959 5631 50.
