4038 6312
475 325 615 382 1815

1727 320 1788 377 S.
1830 318 2198 376 THEODOBI
2240 317 2570 375 STUDITIE

3699 319 3836 378 1816

545 451 632 507 Ad
663 450 794 506 haec
815 464 1059 505 omnem
1078 448 1373 504 haereticte
1403 447 1846 504 communionis
1862 461 2123 502 errorem

2307 445 2446 517 Πρὸς
2499 445 2693 503 τούτοις
2744 440 3103 514 ἀποτρέπομαι
3161 448 3334 496 πᾶσαν
3403 446 3668 518 αἱρετικῆς
3722 464 3839 498 xos-

475 538 1135 605 aversoretabominor,
1159 554 1257 593 sex
1281 537 1464 593 sacris
1485 534 2126 607 (Boumenicissynodis

473 628 770 683 inhaerens
796 643 1061 693 ;necnon
1089 626 1168 681 illi
1192 642 1327 698 qum
1352 627 1407 680 in
1432 626 1628 680 Nicaea
1651 624 1887 679 civitate
1909 623 2124 678 iterum

474 723 681 772 contra
722 715 1191 771 Christianorum
1235 721 1614 770 accusatores
1671 719 1879 768 coacta
1937 727 2127 783 nuper

476 804 599 871 fuit,
629 805 891 861 adorans
918 811 974 860 et
999 804 1364 876 amplectens
1399 803 1767 858 venerandas
1801 816 2126 872 sacrasque

474 893 767 963 imagines
791 893 1025 949 Domini
1049 893 1237 948 nostri
1255 895 1395 948 Jesu
1420 891 1650 955 Christi,
1674 890 1956 962 Deiparaa,
1983 903 2126 959 apo-

475 982 787 1048 stolorum,
837 981 1288 1054 prophetarum,
1341 988 1691 1051 martyrum,
1741 987 1797 1034 et
1853 979 2122 1032 omnium

476 1077 818 1126 sanctorum
847 1075 1025 1141 atque
1044 1071 1366 1139 justorum.
1394 1068 1729 1133 Quinetiam
1751 1082 1953 1121 sacras
1978 1067 2124 1120 isto-

473 1174 608 1214 rum
628 1157 1102 1222 intercessiones,
1129 1173 1263 1229 quze
1289 1157 1609 1228 propitium
1632 1155 1815 1209 Deum
1839 1153 2115 1218 reddunt,

471 1263 732 1319 exposco
761 1264 773 1302 :
807 1247 1214 1302 sanctissimas
1245 1247 1426 1301 etiam
1451 1245 1752 1316 reliquias,
1780 1250 1838 1298 ut
1861 1243 1960 1297 Dei
1994 1259 2124 1312 gra-

473 1337 551 1393 tia
584 1335 848 1397 refertas,
874 1352 1010 1391 cum
1042 1335 1161 1390 ﬁde
1191 1340 1248 1390 et
1281 1335 1489 1389 timore
1521 1334 1653 1388 colo
1679 1341 1732 1387 et
1761 1332 2114 1402 amplector.

545 1515 796 1570 Omnem
830 1529 1073 1585 quoque
1111 1512 1395 1568 divinitus
1428 1512 1782 1584 inspiratam
1821 1510 2040 1564 Veteris
2070 1515 2127 1562 et

473 1603 617 1658 Novi
648 1603 1001 1657 Testamenti
1032 1602 1401 1672 Scripturam
1434 1601 1692 1671 recipio:
1729 1599 2125 1670 omniumque

474 1693 615 1747 item
655 1691 995 1746 divinorum
1043 1693 1304 1756 Patrum,
1337 1690 1675 1751 doctorum,
1707 1696 1763 1742 et
1794 1688 2126 1742 monacho-

2231 537 2417 595 νωνίας
2444 533 2639 590 πλάνην
2673 549 2685 561 ·
2743 531 2986 602 ἑπόμενος
3016 539 3132 595 ταῖς
3185 533 3366 605 ἁγίαις
3412 538 3502 586 καὶ
3541 535 3838 606 οἰκουμενι-

2232 629 2351 682 καῐς
2398 621 2451 684 ἓξ
2496 618 2738 682 συνόδοις
2765 637 2776 650 ·
2812 623 2887 672 ἔτι
2917 640 2970 673 τε
3015 626 3103 673 καὶ
3143 626 3238 680 τὴν
3286 625 3511 695 ἔναγχος
3558 625 3834 697 συναθροι-

2236 712 2449 762 σθεῖσαν
2481 713 2528 762 ἓν
2569 714 2768 780 Νικαίᾳ
2816 713 2872 760 τὸ
2905 705 3146 783 δεύτερον
3192 713 3328 763 κατὰ
3365 721 3463 763 τῶν
3520 717 3833 786 Χριστίανοο

2232 800 2559 870 κατηγόρων,
2613 806 2918 870 προσκυνῶν
2993 803 3080 850 καὶ
3151 797 3544 872 ἀποδεχόμενος
3594 804 3682 861 τὰς
3749 820 3831 853 σε·

2232 890 2362 949 πτὰς
2406 892 2496 939 καὶ
2551 889 2684 959 ἱεράς
2713 888 2913 947 εἰκόνας
2964 895 3060 939 τοῦ
3103 907 3156 940 τε
3207 895 3396 960 Κυρίου
3449 893 3594 960 ἡμῶν
3650 890 3830 946 Ἰησοῦ

2232 977 2485 1048 Χριστοῦ,
2537 984 2632 1037 τῆς
2664 977 2937 1044 Θεοτόκου,
2978 975 3296 1043 ἀποστόλων,
3347 987 3644 1050 προφητῶν,
3703 998 3829 1049 μαρ-

2231 1068 2419 1139 τύρων,
2473 1069 2563 1117 καὶ
2607 1067 2810 1117 πάντων
2854 1073 2952 1116 τῶν
2983 1067 3143 1117 ὁσίων
3200 1086 3254 1119 τε
3305 1072 3394 1120 xui
3455 1064 3698 1122 δικαίων.
3758 1068 3828 1119 Oti

2230 1158 2333 1225 μὴν
2387 1152 2514 1206 ἀλλά
2566 1158 2652 1205 καὶ
2710 1156 2796 1214 τάς
2836 1153 3004 1206 αὐτῶν
3045 1153 3338 1226 ἀχράντους
3377 1155 3657 1230 πρεσϐείας
3699 1155 3828 1219 ἓξαί·

2232 1250 2422 1314 τοῦμαι
2464 1243 2890 1313 ἰλεωποιουμένας
2919 1246 2975 1295 τὸ
3023 1248 3166 1295 Θείον
3196 1261 3207 1272 ·
3249 1248 3702 1316 προσπτύσσομαι
3749 1250 3830 1297 πί-

2234 1350 2344 1384 στει
2391 1351 2444 1383 τε
2494 1337 2582 1383 καὶ
2641 1330 2780 1403 φόϐῳ
2837 1336 2900 1382 τὰ
2954 1335 3185 1404 πανάγια
3242 1334 3412 1385 αὐτῶν
3463 1332 3706 1404 λείψανα,
3763 1335 3830 1395 ὡς

2231 1422 2451 1491 χάριτος
2480 1422 2615 1480 Θείας
2646 1419 2892 1473 ἀνάπλεα.

2306 1513 2529 1574 Προσέτι
2590 1513 2677 1561 καὶ
2735 1515 2909 1561 πᾶσαν
2971 1507 3142 1561 Βίϐλον
3197 1512 3531 1564 θεόπνευστον
3593 1511 3828 1573 Παλαιᾶς

2233 1617 2286 1650 τε
2328 1604 2418 1650 καὶ
2468 1604 2658 1660 Καινῆς
2709 1602 2961 1659 Διαθὴκης
3016 1596 3355 1671 ἀποδέχομαι
3387 1621 3402 1634 ·
3458 1604 3530 1652 ἔτι
3589 1605 3695 1671 μήν
3746 1607 3831 1652 καὶ

2235 1686 2471 1738 ἁπάντων
2537 1695 2636 1738 τῶν
2691 1688 2975 1739 θεσπεσίων
3053 1693 3312 1760 Πατέρων,
3379 1685 3725 1740 διδασκάλων
3785 1708 3833 1740 τε

471 1795 609 1836 rum
649 1780 799 1834 vitas
830 1784 887 1834 et
923 1780 1126 1834 divina
1165 1780 1384 1850 scripta
1415 1779 1514 1849 (2).
1551 1781 1667 1833 Hoc
1697 1793 1835 1832 vero
1874 1777 2122 1831 dixerim

2238 1781 2321 1827 xui
2373 1774 2616 1833 ἀσκητῶν
2668 1779 2792 1837 τοὺς
2840 1773 2988 1848 βίους
3046 1781 3134 1828 καὶ
3185 1779 3250 1828 τὰ
3305 1781 3416 1830 θεῖα
3483 1779 3836 1849 συγγράμμα-

472 1872 716 1942 prepter
740 1883 1033 1924 vesanum
1056 1867 1222 1923 illum
1248 1867 1647 1938 Pamphilum,
1675 1867 1774 1938 qui
1799 1882 1865 1922 ex
1893 1866 2125 1922 Oriente

471 1955 712 2030 prodiit,
735 1960 789 2011 et
813 1955 924 2011 hos
952 1961 1189 2012 sanctos
1217 1955 1496 2022 traduxit,
1527 1955 1813 2018 Marcum,
1848 1954 2121 2024 inquam,

476 2045 712 2110 Isaiam,
737 2043 1247 2116 Barsanuphium,
1263 2042 1645 2108 Dorotheum,
1662 2048 1717 2098 et
1733 2042 2124 2113 Hesychium:

475 2149 597 2190 non
638 2132 886 2206 quidem
931 2133 1438 2204 Barsanuphium,
1489 2137 1546 2194 et
1575 2133 1812 2194 Isaiam,
1857 2138 1910 2185 et
1949 2131 2128 2185 Doro-

476 2223 706 2290 theum,
739 2221 873 2277 illos
904 2222 1006 2294 qui
1031 2237 1168 2276 cum
1197 2221 1512 2293 Acephalis
1534 2222 1555 2255 ³
1576 2219 1921 2292 coacephali
1969 2219 2127 2290 pari-

475 2316 563 2368 ter
600 2310 840 2366 fuerunt
869 2315 926 2366 et
954 2311 1293 2365 Decacerati
1317 2311 1360 2375 ⁸,
1388 2309 1553 2381 quod
1584 2309 1920 2374 dicebatur,
1952 2309 2128 2379 quasi

476 2412 804 2453 concornes
836 2414 852 2464 ;
885 2399 1109 2469 quique
1140 2415 1175 2452 a
1206 2397 1382 2454 beato
1426 2397 1765 2470 Sophronio
1805 2397 1862 2451 in
1905 2396 2030 2466 ejus
2063 2396 2129 2450 li-

477 2484 634 2540 bello
654 2486 676 2520 ⁸
705 2486 1088 2542 anathemate
1112 2487 1478 2541 damnantur
1506 2505 1519 2541 :
1551 2502 1686 2540 cum
1711 2486 1933 2539 diversi
1962 2483 2129 2539 haud

476 2573 659 2628 dubie
687 2573 778 2628 isti
805 2575 1024 2630 fuerint
1049 2591 1085 2630 a
1114 2575 1432 2646 praedictis,
1462 2591 1618 2646 quos
1653 2590 1765 2643 ego
1791 2590 1856 2628 ex
1881 2579 2130 2644 paterna

478 2662 795 2718 traditione
844 2663 1091 2734 recipio,
1137 2669 1273 2734 post
1335 2663 1858 2732 interrogationem
1905 2661 2128 2716 Tarasii

478 2751 833 2821 patriarchae
854 2751 1236 2816 sanctissimi,
1268 2753 1642 2823 aliorumque
1662 2751 1780 2805 ﬁde
1807 2751 2127 2819 dignorum

477 2838 813 2903 hominum,
858 2846 982 2895 tum
1025 2840 1468 2912 indigenarum,
1511 2846 1637 2896 tum
1684 2839 2068 2894 Orientalium
2112 2857 2124 2893 :

478 2942 616 2982 cum
659 2931 716 2982 et
761 2928 1168 2999 Barsanuphii
1207 2929 1532 3000 imaginem
1575 2929 1635 2986 in
1675 2945 1846 2984 sacro
1899 2944 2129 2997 magnae

479 3013 752 3070 Ecclesiae
803 3014 1110 3082 Vestiario,
1145 3032 1267 3072 una
1312 3033 1449 3071 cum
1503 3017 1778 3081 Antonio,
1826 3016 2126 3086 prraim,

479 3103 745 3193 aliisque,
769 3103 989 3159 sanctis
1039 3105 1311 3160 Patribus
1360 3109 1591 3160 exstare
1632 3111 1856 3160 constet
1897 3123 1909 3156 :
1945 3111 2000 3159 et
2042 3106 2130 3158 in-
2162 3137 2202 3193 Ο

479 3208 689 3250 eorum
715 3192 986 3249 doctrina
1007 3193 1238 3249 nullum
1262 3195 1580 3265 impietatis
1603 3195 1912 3264 vestigium
1938 3194 2128 3248 otian-

480 3280 667 3335 derim
705 3299 719 3340 :
755 3280 859 3335 sed
899 3296 930 3336 e
961 3286 1188 3348 contra,
1233 3298 1521 3351 magnum
1553 3281 1874 3353 spiritualls
1910 3283 2127 3336 animae

481 3369 908 3440 compendium
941 3386 954 3424 :
988 3370 1184 3441 quoad
1218 3370 1499 3426 nimirum
1526 3386 1631 3441 per
1659 3370 2012 3442 synodicam
2044 3371 2124 3423 in-

480 3457 862 3528 quisitionem
893 3473 1056 3513 error
1075 3459 1381 3530 quispiam
1399 3459 1457 3513 in
1477 3459 1587 3513 illis
1609 3459 2117 3529 deprehendatur.

480 3548 630 3602 Nam
671 3547 717 3600 si
752 3545 883 3600 illos
925 3547 1089 3617 ipsos
1134 3563 1262 3602 esse
1299 3547 1566 3619 liquebit,
1607 3550 1708 3618 qui
1749 3549 2127 3603 anathemate

480 3635 668 3690 notati
700 3633 956 3699 fuerunt,
989 3640 1094 3691 aut
1131 3636 1209 3691 ab
1246 3636 1314 3690 iis
1353 3635 1570 3691 diversi
1612 3637 1745 3700 sint,
1789 3637 1997 3691 haeresi
2041 3644 2125 3691 ta-

481 3738 620 3779 men
659 3721 760 3777 illa
799 3723 1048 3778 infectos
1081 3740 1096 3790 ;
1139 3724 1460 3779 anathema
1500 3724 1634 3788 illis,
1677 3730 1730 3780 et
1766 3726 2124 3790 catatliema,

480 3815 538 3867 et
563 3811 1033 3882 pantanathema
1053 3828 1088 3867 a
1110 3813 1274 3868 Patre
1300 3817 1356 3867 et
1388 3813 1524 3869 Filio
1555 3819 1608 3868 et
1637 3813 1853 3884 Spiritu
1886 3820 2116 3870 sancto.

553 3897 848 3955 Conﬁteor
873 3900 1116 3971 insuper
1132 3902 1537 3957 monasticum
1561 3909 1780 3958 statum
1807 3901 2123 3956 sublimem

480 4003 638 4054 esse,
658 3995 713 4043 et
733 3988 1054 4054 excelsum,
1081 3996 1137 4044 et
1162 3990 1523 4059 angelicum,
1543 3992 1646 4062 qui
1665 3998 1718 4045 et
1739 3998 1982 4060 peccata
2003 4007 2129 4044 om-

480 4077 582 4133 nia
619 4081 906 4148 expurget
949 4077 1242 4134 absolutaa
1276 4080 1405 4135 vitae
1447 4079 1828 4150 perfectione,
1871 4085 1992 4134 tum
2037 4081 2126 4134 ni-

481 4165 698 4221 mirum
733 4164 781 4219 si
820 4181 893 4220 ex
922 4165 1106 4220 divini
1138 4168 1462 4238 magnique
1502 4166 1694 4222 Basilii
1735 4168 2125 4222 asceticorum

478 4252 712 4322 legibus
741 4252 913 4324 plene
941 4254 1211 4323 exigatur
1241 4261 1297 4310 et
1325 4271 1446 4309 non
1479 4254 1796 4309 dimidiata
1824 4271 1892 4309 ex
1924 4264 2086 4325 parte
2111 4275 2123 4325 ;

481 4348 545 4395 ut
577 4339 767 4395 solent
804 4341 1074 4412 quidam,
1119 4343 1222 4413 qui
1263 4343 1465 4415 aliqua
1499 4343 1843 4411 desumunt,
1886 4344 2021 4409 alia,
2068 4351 2128 4399 ut

478 4427 695 4500 placet,
736 4430 1017 4487 omittunt
1059 4447 1072 4486 :
1107 4432 1186 4487 ita
1216 4438 1277 4486 ut
1318 4436 1485 4488 extra
1525 4437 1640 4486 tres
1671 4431 1893 4500 gradus
1926 4434 2027 4504 qui
2069 4435 2124 4488 in

481 4515 690 4572 divina
713 4517 873 4573 scala
897 4520 1121 4575 ostensi
1153 4524 1318 4590 sunt,
1343 4520 1522 4576 vitam
1546 4520 1700 4574 hanc
1725 4519 1985 4586 legitime
2017 4523 2129 4575 du-

478 4620 609 4661 cere
630 4606 938 4663 nonliceat
961 4622 973 4663 :
1003 4623 1125 4662 non
1156 4623 1396 4663 servum
1421 4608 1745 4679 possidere,
1764 4625 1881 4664 non
1893 4610 2128 4680 jumen-

477 4698 606 4750 tum
657 4710 837 4750 sexus
889 4694 1128 4751 feminei
1176 4711 1432 4767 quorum
1479 4701 1797 4768 utrumque
1842 4697 1919 4753 ab
1957 4698 2127 4754 insti-

477 4785 608 4838 tuto
644 4783 907 4838 alienum
946 4789 1056 4846 est,
1099 4789 1156 4840 et
1201 4784 1418 4840 animm
1462 4786 1885 4855 periculosum.
1939 4791 2126 4857 Atque

475 4868 606 4926 hinc
626 4885 737 4939 ego
754 4873 974 4926 cursim
1003 4873 1209 4942 paucis
1233 4872 1571 4943 perstrinxi,
1589 4890 1782 4945 neque
1806 4875 1961 4929 enim
1982 4884 2126 4930 tem-

473 4975 590 5032 pus
627 4961 868 5032 patitur,
915 4964 976 5014 ut
1016 4959 1290 5030 pluribus
1329 4978 1654 5033 exponam,
1689 4978 1762 5018 ne
1803 4963 1939 5033 quis
1983 4963 2126 5018 forte

475 5048 622 5105 mihi
661 5064 910 5119 pravam
951 5048 1300 5120 opinionem
1344 5050 1647 5116 attribuat,
1689 5059 1897 5107 contra
1940 5068 2124 5123 quam

473 5141 630 5193 recte
663 5137 852 5194 sentio
882 5141 939 5192 et
963 5137 1171 5194 doceo.

2234 1883 2324 1920 τα.
2363 1871 2526 1917 Τοῦτο
2581 1861 2642 1917 δὲ
2681 1867 2776 1937 ἐρῶ
2818 1861 2912 1916 διὰ
2951 1869 3037 1917 τόν
3073 1865 3386 1939 φρενοϐλαϐῆ
3434 1866 3702 1938 Πάμφιλον
3750 1869 3834 1917 τὸν

2238 1951 2338 2005 ἀπὸ
2372 1952 2649 2013 ’Λνατολῆς
2692 1958 3035 2025 φοιτήσαντα,
3089 1959 3177 2006 καὶ
3235 1951 3428 2006 τούσδε
3479 1959 3600 2016 τοὺς
3656 1956 3836 2015 ὁσίους

2238 2039 2605 2107 διαϐάλλοντα,
2651 2041 2783 2114 λέγω
2815 2038 2882 2100 δὴ
2942 2045 3174 2117 Μάρκον,
3227 2042 3469 2107 Ἠσαίαν,
3533 2046 3837 2116 Βαρσανού-

2238 2149 2370 2203 φιον,
2419 2133 2695 2204 Δωρόθεον,
2765 2136 2854 2183 καὶ
2928 2134 3186 2203 Ησύχιον.
3237 2131 3312 2184 Ού
3363 2136 3466 2204 μην
3526 2133 3838 2205 Βαρσανού-

2239 2239 2372 2293 φιον,
2439 2225 2524 2271 xui
2597 2219 2838 2285 Ἠσαίαν,
2897 2225 2987 2272 καὶ
3047 2222 3324 2294 Δωρόθεον,
3379 2225 3496 2282 τούς
3545 2230 3646 2272 τῶν
3699 2223 3840 2274 ’Δκε-

2239 2308 2408 2381 φάλων
2459 2308 2864 2379 συνακεφάλους,
2919 2312 3009 2360 καὶ
3065 2317 3157 2360 τοῦ
3220 2310 3490 2380 λεγομένου
3551 2314 3842 2382 Δεκακερά-

2241 2418 2334 2450 του
2380 2403 2835 2470 συνομοκερώτους
2868 2417 2880 2430 ·
2911 2402 2997 2449 xui
3035 2399 3135 2450 ὑπὸ
3189 2407 3279 2450 τοῦ
3324 2401 3372 2451 ἓν
3423 2398 3591 2466 ἁγίοις
3640 2408 3841 2474 Σωφρο-

2246 2492 2352 2539 νίου
2401 2486 2448 2538 ἐν
2501 2495 2572 2557 τῷ
2622 2485 2832 2558 λιϐελλῳ
2891 2491 3048 2538 αύτοῡ
3102 2486 3639 2558 ἀναθεματιζομένους
3669 2507 3680 2517 ·
3745 2487 3843 2540 ἐτέ-

2238 2595 2340 2649 ρων
2388 2573 2630 2633 δηλονότι
2677 2578 2819 2648 παρά
2863 2573 3058 2628 τούσδε
3096 2579 3250 2628 ὄντων
3295 2584 3393 2627 τῶν
3427 2581 3832 2650 προειρημένων,

2239 2664 2327 2726 οὓς
2357 2663 2457 2735 ἐγὼ
2496 2661 2982 2738 πατροπαραδότως
3025 2661 3363 2736 ἀποδέχομαι
3387 2681 3400 2693 ·
3433 2661 3509 2717 δι’
3540 2664 3841 2738 ἐρωτήσεως

2238 2760 2328 2804 τοῦ
2383 2749 2489 2811 ἤδη
2547 2751 3056 2826 ἀρχιερατεύσαντος
3103 2757 3370 2825 Ταρασίου
3419 2761 3511 2804 τοῦ
3543 2754 3840 2825 ἀγιωτάτου

2237 2844 2596 2916 πατριάρχου,
2665 2841 2846 2915 ἐτέρων
2895 2861 2948 2893 τε
3005 2840 3317 2903 ἀξιοπίστων
3399 2841 3680 2915 ἀνθρώπων
3757 2843 3841 2894 αύ-

2238 2932 2502 3002 τοχθόνων
2529 2949 2581 2982 τε
2616 2936 2704 2981 καὶ
2744 2929 3053 2982 ἀνατολικῶν
3088 2948 3099 2958 ·
3135 2934 3267 2982 κατά
3309 2935 3366 2982 τὸ
3420 2937 3504 2983 xui
3548 2935 3637 2989 τὴν
3668 2933 3840 2984 εἰκόνα

2237 3020 2633 3090 Βαρσανουφίόυ
2675 3018 2722 3069 ἐν
2780 3027 2840 3091 τῇ
2892 3021 3003 3091 θείᾳ
3054 3016 3240 3091 ἐνδντῆ
3297 3027 3392 3080 τῆς
3430 3020 3660 3091 μεγάλης
3721 3021 3834 3075 Ἐκ-

2238 3107 2457 3167 κλησίας
2513 3105 2818 3160 ἐνίστασθαι
2865 3106 3034 3176 ἀγίοις
3083 3111 3370 3179 Πατράσιν,
3414 3108 3702 3179 Ἀντωνίῳ,
3752 3111 3836 3164 'E-

2240 3199 2428 3267 φραῖμ,
2459 3201 2548 3248 καὶ
2604 3195 2794 3269 ἑτέροις
2826 3215 2839 3228 ο
2873 3201 2961 3247 καὶ
2993 3199 3060 3256 ὡς
3100 3200 3172 3268 μῆ
3215 3215 3266 3247 τι
3296 3199 3344 3247 ἐν
3384 3204 3500 3258 ταῖς
3559 3193 3834 3249 διδασκα-

2236 3285 2369 3345 λίαις
2423 3285 2590 3336 αὐτῶν
2641 3285 2872 3358 εὑρηκὼς
2924 3283 3166 3356 ἀσέϐημα
3199 3301 3210 3312 ·
3275 3284 3568 3336 τούναντίον
3623 3282 3686 3338 δὲ
3756 3293 3843 3339 καὶ

2237 3373 2428 3432 πολλὴν
2460 3373 2704 3445 ψυχικὴν
2733 3373 3049 3426 λυσιτέλειαν
3094 3392 3104 3401 ·
3139 3377 3329 3446 μέχρις
3359 3373 3418 3425 ἀν
3461 3379 3550 3426 καὶ
3595 3377 3687 3428 ἐπὶ
3729 3379 3845 3428 τούο

2237 3482 2334 3514 των
2386 3459 2480 3515 διὰ
2519 3459 2807 3524 συνοδικῆς
2857 3465 3216 3526 ἐπιζητήσεως
3274 3460 3624 3534 ἀποδειχθείη
3660 3484 3718 3516 τι
3757 3467 3842 3534 ἔγ-

2236 3550 2430 3622 κλημα.
2487 3550 2546 3603 Εἰ
2582 3553 2682 3623 γὰρ
2726 3551 2874 3602 αὐτοὶ
2919 3549 3098 3602 ἐκεῖνοι
3147 3556 3427 3622 φανείησαν
3479 3553 3528 3604 οἱ
3573 3551 3842 3625 ἀναθεμα-

2235 3641 2514 3711 τιςόμενοι,
2568 3641 2597 3699 ῆ
2643 3640 2807 3713 ἕτεροι
2857 3641 2979 3713 παρ’
3023 3640 3214 3700 αύτούς
3265 3642 3465 3712 αἱρέσει
3516 3640 3844 3700 ὑποϐληθέν-

2234 3749 2335 3796 τες,
2385 3727 2615 3800 ἀνάθεμα
2656 3729 2854 3790 αὐτοῖς,
2904 3733 2993 3780 καὶ
3047 3730 3334 3800 κατάθεμα,
3382 3734 3474 3782 καὶ
3522 3733 3844 3784 παντανάθε-

2240 3838 2313 3890 μα
2344 3816 2443 3869 ἀπὸ
2477 3821 2674 3890 Πατρός
2700 3822 2786 3868 καὶ
2811 3819 2934 3870 Υἱοῦ
2961 3823 3049 3868 καὶ
3079 3817 3231 3888 ἁγίου
3263 3820 3586 3888 Πνεύματος.

2308 3906 2640 3977 Συνομολογῶ
2672 3902 2731 3958 δε
2768 3909 2892 3979 πρὸς
2936 3909 3140 3967 τούτοις
3171 3910 3342 3959 καὶτὸ
3382 3903 3672 3976 μοναδικόν
3708 3917 3846 3979 σχῆ-

2235 4015 2310 4067 μα
2369 3994 2568 4066 ὑψηλόν
2619 4013 2672 4046 τε
2712 3993 2840 4046 εἶναι
2887 4000 2977 4046 καὶ
3035 3997 3340 4068 ἐπηρμένον,
3395 4000 3480 4047 xui
3540 3994 3838 4066 ἀγγελικὸν,

2236 4085 2550 4156 καθαρτικόν
2607 4102 2659 4135 τε
2709 4091 2884 4143 πάσης
2930 4082 3190 4156 ἁμαρτίας
3254 4081 3348 4136 διὰ
3394 4083 3585 4144 τελείας
3630 4085 3843 4138 ἐπιϐιωο

2239 4191 2365 4234 σεως
2392 4188 2404 4201 ⁸
2458 4167 2676 4229 εὔδηλον
2729 4173 2865 4222 κατὰ
2912 4176 3004 4229 τὴν
3049 4173 3359 4243 νομοθεσίαν
3400 4180 3498 4223 τῶν
3536 4172 3842 4231 ἀσκητικῶν

2236 4269 2326 4313 τοῦ
2369 4263 2504 4313 θείου
2558 4269 2646 4312 xui
2693 4260 2924 4330 μεγάλου
2985 4261 3255 4313 Βασιλείου
3308 4257 3706 4332 διεξαγόμενον,
3758 4267 3842 4314 καὶ

2236 4349 2330 4401 ούκ
2361 4348 2412 4411 ἐξ
2466 4351 2709 4419 ἡμισείας
2774 4363 2787 4376 ’
2829 4350 2891 4408 ὦς
2931 4352 3001 4407 πή
3032 4368 3164 4410 τινες
3211 4351 3275 4400 τά
3304 4353 3394 4420 μὲν
3425 4351 3754 4422 αἱρούμενοι,
3782 4355 3841 4402 τὰ

2238 4433 2297 4489 δὲ
2355 4435 2643 4508 ἔπαφιέντες
2677 4454 2688 4465 '
2733 4439 2865 4488 ὥστε
2911 4441 2983 4509 μὴ
3027 4433 3155 4489 εἶναι
3194 4438 3312 4489 ἄνευ
3368 4446 3465 4488 τῶν
3515 4437 3564 4488 ἐν
3614 4447 3680 4511 τῇ
3735 4441 3843 4511 θείᾳ

2235 4525 2452 4596 κλίμακι
2507 4521 2956 4595 ἀποδεδειγμένων
3009 4535 3164 4596 τριῶν
3249 4527 3648 4592 καταστάσεων,
3711 4529 3842 4599 αἰρε-

2236 4617 2322 4664 τὸν
2379 4613 2538 4673 ἄλλως
2603 4633 2707 4683 πῳς
2764 4619 2994 4685 νομίμως
3049 4613 3356 4666 ἐπιϐιῶναι·
3429 4615 3488 4666 ού
3546 4621 3655 4686 μὴν
3731 4621 3841 4668 οὔτε

2238 4697 2421 4753 δοῦλον
2473 4702 2780 4767 κεκτῆσθαι,
2832 4705 2948 4753 οὔτε
2995 4710 3181 4763 κτῆνος
3237 4711 3334 4753 τῶν
3396 4705 3451 4754 ἐκ
3502 4710 3595 4754 τοῦ
3655 4704 3841 4763 θήλεως

2235 4791 2434 4857 γένους,
2469 4784 2563 4840 διὰ
2590 4792 2644 4839 τό
2695 4786 2942 4840 ἀνοίκειον
2994 4797 3085 4840 τοῦ
3117 4789 3500 4860 ἐπαγγέλματος
3534 4807 3546 4818 ”
3589 4798 3687 4843 καὶ
3737 4792 3836 4842 ἐπι·

2236 4872 2475 4928 κίνδυνον
2504 4884 2620 4937 ταῖς
2665 4877 2892 4947 ψυχαῖς.
2944 4883 3044 4930 Καὶ
3082 4884 3245 4929 ταῦτα
3290 4874 3504 4937 διῆλθον
3546 4881 3595 4929 ἓν
3633 4876 3838 4953 ἐπιδρο-

2235 4972 2305 5036 μῇ
2333 4984 2345 4996 ·
2389 4965 2446 5017 ού
2502 4968 2600 5040 γὰρ
2633 4968 2815 5037 καιρὸς
2865 4962 2961 5027 της
3018 4974 3117 5017 τῶν
3163 4969 3409 5018 τοιούτων
3450 4966 3793 5030 ἐξαπλῶσεως
3823 4986 3835 4999 ⁸

2235 5052 2364 5106 ἀλλά
2394 5051 2486 5106 διά
2519 5057 2573 5106 τὸ
2603 5060 2675 5126 μή
2711 5073 2854 5116 τινας
2884 5055 2956 5116 εἰς
3010 5054 3096 5126 ἐμὲ
3133 5059 3225 5112 τὴν
3275 5059 3487 5129 χείρονα
3515 5052 3680 5119 δόξαν
3723 5059 3838 5109 ὑπο·

2235 5141 2531 5214 λαμϐάνειν,
2572 5141 2694 5215 παρ’
2727 5141 2752 5194 ὃ
2783 5151 2950 5216 φρονῶ
2977 5141 3142 5218 ὀρθῶς
3175 5148 3264 5195 καὶ
3290 5139 3521 5205 δοξάζω.

547 5250 570 5286 ⁸
599 5251 736 5308 Sine
763 5252 980 5325 capite.
1055 5252 1079 5291 ⁴
1110 5255 1321 5311 Decem
1355 5269 1650 5312 cornuum
1681 5255 1931 5311 haeresis
1959 5255 2278 5330 principes.
2357 5258 2379 5294 ⁸
2405 5258 2470 5313 In
2500 5257 2755 5314 concilio
2785 5273 2862 5324 vr,
2901 5263 3009 5314 art.
3053 5264 3134 5327 Η,
3168 5274 3305 5330 pag.
3338 5262 3468 5315 990.

2044 5383 2267 5452 Nom.

543 5489 624 5573 (_2)
649 5489 1066 5573 HicTheodori
1093 5493 1260 5573 locus
1281 5495 1560 5573 recitatur
1589 5495 1650 5550 in
1676 5494 2026 5553 Prcefatione
2050 5497 2127 5553 ad
2152 5499 2463 5556 Doctrina:
2497 5500 2554 5554 Β.
2593 5499 2886 5564 Dorothei,
2916 5499 3300 5556 Bibliotheca:
3329 5501 3581 5557 Patrum
3611 5503 3830 5558 Graeco-

474 5561 724 5638 .Latc‘nz,
756 5568 900 5621 tom.
926 5564 966 5642 1,
991 5580 1130 5640 pag.
1165 5566 1290 5624 744.
1323 5565 1384 5624 b.
