4038 6312
268 366 406 425 1817

632 499 783 567 Περὶ
822 501 932 547 τοῦ
980 498 1485 567 καθηγουμένου.

330 584 535 634 Τούτων
582 586 671 653 μεν
718 583 876 644 οὕτως
929 584 1175 656 ἑχόντων,
1219 582 1458 659 δεύτερόν
1501 584 1641 638 ἔστιν
1698 585 1854 637 εἰπεῖν

256 674 347 721 καὶ
401 676 517 741 περὶ
566 680 659 723 τοῦ
711 675 1120 744 καθηγουμένου.
1179 676 1393 748 Ἀφίημι
1434 681 1604 727 τοίνυν
1652 684 1855 747 πρῶτον

255 761 347 829 μὲν
395 763 481 811 τόν
533 764 709 831 κύριον
757 768 846 813 καὶ
900 768 1105 836 Πατέρα
1155 784 1255 835 μου
1312 770 1400 816 καὶ
1451 769 1655 838 Πατέρα
1712 765 1854 834 ὑμῶν

254 850 342 898 τὸν
398 850 681 903 ὁσιώτατον
737 850 1096 921 ’⁷Εγκλειστον,
1160 859 1249 906 καὶ
1317 858 1541 924 Πατέρα,
1610 858 1700 905 καὶ
1753 874 1854 924 φω-

255 945 446 1010 στῆρα,
501 943 590 991 καὶ
627 936 970 994 διδάσκαλον.
1006 942 1164 1003 Αὐτὸς
1206 941 1375 1014 κάμοῦ
1407 948 1491 995 καὶ
1540 944 1681 1014 ὑμῶν
1729 961 1854 1012 προ-

254 1028 572 1083 καθέστηκεν
638 1027 685 1078 ἐν
750 1035 943 1100 Κυρίῳ,
1011 1038 1101 1083 καὶ
1151 1034 1470 1083 καθίσταται
1526 1030 1740 1103 κεφαλὴ,
1810 1030 1853 1082 εἰ

252 1119 344 1166 καὶ
371 1116 687 1187 ὑπεξήγαγεν
730 1117 931 1184 ἑαυτὸν,
980 1117 1073 1172 διὰ
1119 1126 1550 1193 Χριστομίμητον
1604 1125 1853 1172 ταπείνω-

254 1221 338 1254 σιν
367 1203 520 1256 τελῶν
568 1207 615 1256 iv
655 1208 865 1279 ἠσυχίᾳ
894 1229 906 1241 ο
949 1207 1009 1260 οὗ
1038 1217 1153 1270 ταῖς
1191 1206 1435 1279 ὁδηγίαις
1487 1229 1541 1261 τε
1570 1213 1659 1260 καὶ
1689 1228 1853 1281 προσ-

252 1300 436 1362 ευχαῐς
486 1296 715 1346 πιστεύω
772 1296 903 1366 ὑμᾶς
971 1299 1347 1355 σωθήσεσθαι’
1406 1301 1541 1366 εἴπερ
1601 1302 1687 1349 καὶ
1756 1302 1850 1354 τὴν

252 1376 477 1432 δέουσαν
528 1386 659 1455 πρὸς
702 1383 856 1436 αὐτὸν
899 1384 1279 1457 ἀντεισφέροιτε
1316 1387 1602 1438 εὐπείθειαν
1654 1406 1706 1438 τε
1758 1392 1847 1437 καὶ

247 1469 505 1529 ὑπακοήν.
567 1471 786 1526 Ἔπειτα
842 1475 894 1525 ὃν
946 1474 1000 1525 ἐκ
1066 1482 1241 1527 κοινοῦ
1294 1475 1470 1547 ψήφου
1533 1477 1843 1545 θεοπρεπῶς,

246 1564 644 1631 προηγουμένης
706 1570 801 1623 τῆς
864 1565 1120 1634 πατρικῆς
1178 1561 1387 1636 βουλῆς,
1456 1567 1843 1635 προστήσεσθε.

246 1645 361 1718 Ἐφ’
502 1651 602 1722 γὰρ
663 1646 867 1703 εὐδοκεί
927 1657 1076 1703 πᾶσα
1144 1654 1172 1709 ἡ
1246 1649 1553 1725 ἀδελφότης,
1606 1653 1845 1724 ἑπόμενὸν

244 1733 473 1788 ἐστικαὶ
503 1741 561 1789 τὸ
619 1740 738 1808 ἐμὸν
767 1740 978 1811 θέλημα.
1028 1740 1189 1793 Ἀλλά
1219 1738 1393 1812 δεῦρο,
1445 1740 1484 1792 ὦ
1540 1744 1702 1815 Πάτερ
1757 1748 1845 1794 καὶ

1674 368 2239 427 TESTAMENTUM.

3485 361 3630 419 1818

2563 499 2653 554 De
2678 496 3021 566 praeposito.

2034 586 2133 640 His
2161 591 2361 642 autem
2402 588 2484 642 ita
2522 586 2877 649 constitutis,
2909 585 3248 656 proximum
3277 586 3388 647 est,
3430 586 3492 638 ut
3531 582 3618 638 di-

1962 691 2098 731 cam
2137 676 2211 731 de
2272 677 2612 747 praeposito.
2671 676 2935 731 Primum
2976 675 3154 743 igitur
3189 674 3503 728 dominum
3563 675 3620 727 et

1963 770 2192 835 patrem
2222 782 2419 820 meum
2438 782 2506 820 ac
2530 772 2760 835 patrem
2784 773 3045 819 vestrum
3070 762 3344 833 relinquo
3367 760 3617 815 sanctis-

1964 854 2186 908 simum
2220 854 2556 917 Reclusum,
2598 853 2881 909 eumdem
2921 859 2977 907 et
3016 858 3271 923 patrem,
3304 854 3359 904 et
3386 849 3616 917 lumen,

1962 950 2015 998 et
2032 944 2412 1002 magistrum.
2436 942 2533 997 Ille
2558 943 2701 997 mihi
2724 948 2780 998 et
2808 942 2976 997 vobis
2994 940 3226 1011 praefuit
3252 940 3309 993 in
3332 938 3614 1002 Domino,

1960 1039 2260 1105 caputque
2287 1037 2555 1088 nostrum
2586 1036 2694 1095 est,
2721 1031 2995 1104 quamvis
3018 1029 3285 1099 seipsum
3316 1026 3468 1082 subd
3481 1042 3613 1081 uxe-

1961 1122 2051 1185 rit,
2093 1123 2173 1177 ob
2200 1122 2403 1177 Christi
2444 1120 2727 1176 mmulam
2759 1119 3152 1175 humilitatem
3186 1117 3413 1185 degens
3446 1115 3503 1170 in
3538 1114 3615 1169 si-

1960 1210 2139 1266 lentio
2172 1230 2186 1269 :
2218 1211 2389 1279 cujus
2418 1209 2602 1265 ductu
2630 1225 2699 1264 ac
2723 1205 3257 1279 precibusconﬁdo
3280 1220 3383 1260 vos
3409 1203 3609 1258 salvos

1961 1300 2102 1365 fore,
2137 1300 2181 1355 si
2211 1299 2391 1356 modo
2417 1304 2848 1370 congruentem
2876 1312 3019 1365 erga
3050 1295 3214 1350 illum
3257 1294 3440 1349 ﬁdem
3467 1291 3620 1347 obe-

1957 1387 2360 1458 dientiamque
2378 1386 2710 1457 praebeatis.
2731 1385 2956 1441 Deinde
2969 1400 3146 1453 quem
3167 1382 3282 1454 ipsi
3299 1379 3613 1437 communi

1956 1475 2184 1530 calculo
2214 1475 2523 1540 divinitus,
2548 1480 2799 1546 paterno
2830 1473 3081 1529 consilio
3110 1475 3433 1541 praeeunte,
3463 1484 3617 1540 prae-

1956 1564 2253 1618 ﬁcietislu
2270 1581 2390 1633 quo
2404 1565 2563 1619 enim
2578 1563 2941 1619 consenserit
2957 1560 3293 1617 fraternitas
3310 1559 3609 1623 universa,

1954 1659 2011 1707 et
2043 1652 2179 1707 huic
2203 1667 2315 1721 ego
2330 1652 2523 1708 libens
2538 1653 2858 1723 volensque
2874 1650 3189 1719 suffragor.
3210 1651 3426 1703 Verum
3439 1647 3613 1715 ades,

1958 1747 2124 1812 pater
2163 1758 2231 1797 ac
2284 1742 2481 1807 frater,
2515 1742 2861 1813 quicunque
2905 1740 3136 1794 futurus
3180 1755 3242 1793 es
3302 1754 3314 1793 :
3357 1753 3429 1791 en
3471 1735 3611 1790 ﬁdei

245 1820 452 1896 ἀδελφε,
482 1826 622 1886 ὅστις
676 1826 735 1878 ἂν
763 1831 873 1888 εἴης
905 1848 917 1860 ·
970 1825 1088 1880 ἰδοὺ
1140 1832 1471 1901 παρατίθημί
1500 1850 1585 1881 σοι
1633 1829 1836 1883 ἐνώπιον

1958 1837 2071 1901 tuae
2101 1831 2272 1885 trado
2312 1832 2367 1885 in
2402 1831 2589 1886 oculis
2622 1830 2742 1897 Dei,
2776 1829 3219 1900 electorumque
3252 1825 3607 1895 angelorum

240 1920 337 1963 τοῦ
381 1921 514 1966 Θεοῦ
562 1920 652 1967 καὶ
703 1924 801 1967 τῶν
853 1917 1098 1969 ἐκλεκτῶν
1156 1916 1384 1986 ἀγγέλων
1443 1919 1604 1971 αὐτοῦ
1669 1925 1844 1971 πᾶσαν

240 2005 336 2058 τὴν
394 2000 441 2053 ἐν
492 2010 706 2073 Χριστῷ
764 2002 1132 2077 ἀδελφότητα·
1196 2006 1334 2068 ὃπως
1391 2007 1555 2064 αὐτὴν
1608 2003 1840 2079 εἰσδέξη.

243 2096 362 2150 Πῶς
402 2087 460 2143 δὲ
505 2091 855 2165 προσλάϐης;
902 2094 1093 2155 ἡλίκως
1125 2092 1183 2147 δὲ
1230 2092 1545 2165 ὁδηγήσεις;
1589 2092 1842 2156 ποδαπώς

242 2176 303 2231 δὲ
358 2176 727 2251 διαφυλάξεις;
782 2182 869 2244 Ὡς
916 2185 1070 2256 ἄρνας
1117 2192 1351 2257 Χριστοῦ
1388 2206 1399 2218 ο

240 2268 463 2339 φίλτατα
489 2287 501 2298 ’

1456 2188 1524 2247 ὡς
1567 2185 1692 2256 μέλη
1748 2204 1842 2236 σου

578 2270 782 2322 θάλπων
849 2277 937 2324 καὶ
1012 2277 1285 2344 περιέπων,
1360 2278 1448 2325 καὶ
1525 2276 1841 2347 ἱμειρόμενος

239 2356 346 2417 ἐνὸς
393 2357 636 2423 ἑκάστου,
671 2363 801 2411 κατά
833 2364 889 2412 τό
939 2364 1053 2413 ἴσον
1100 2370 1196 2423 τῆς
1245 2360 1453 2433 ἀγάπης
1503 2368 1687 2435 μέτρον
1716 2379 1726 2392 ·
1762 2364 1841 2414 ὅτι

240 2445 428 2507 ἐπίσης
476 2448 505 2505 ἡ
556 2454 747 2519 στοργὴ
807 2458 904 2501 τῶν
938 2450 1099 2520 μελῶν
1152 2460 1242 2502 του
1295 2456 1537 2519 σώματός
1594 2450 1736 2503 ἐστιν
1792 2454 1841 2503 ἓν

240 2534 440 2605 ἑκάστῳ
502 2534 774 2609 ἀνθρώπῳ.
832 2539 1092 2601 Διάνοιξόν
1161 2558 1253 2591 σου
1314 2543 1379 2590 τά
1441 2539 1724 2610 σπλάγχνα
1793 2542 1840 2590 ἐν

242 2626 542 2696 συμπαθείᾳ
570 2642 582 2654 ⁸
644 2626 929 2679 εἰσοίκισαι
960 2632 1077 2689 τοὺς
1132 2630 1327 2687 πάντας
1386 2627 1431 2678 ἐν
1474 2627 1785 2700 ἐλεημοσύνη
1824 2646 1835 2657 ’

238 2713 523 2769 τιθηνησαι
572 2713 757 2775 αὐτούς
791 2732 802 2743 ·
852 2714 1227 2788 ἀναμόρφωσον
1281 2716 1469 2776 αὐτούς
1500 2734 1510 2744 ·
1573 2715 1837 2767 τελείωσον

239 2800 430 2862 αὐτοὺς
461 2800 507 2852 ἐν
566 2807 758 2873 Κυρίῳ.
792 2802 1007 2865 Ὃξυνόν
1062 2824 1154 2856 σου
1212 2809 1303 2862 τὴν
1363 2801 1597 2856 διάνοιαν
1656 2810 1839 2877 φρονὴ-

241 2908 321 2941 σει
353 2906 367 2919 ⁸
419 2886 675 2961 διέγειρόν
718 2911 812 2943 σου
844 2897 901 2944 τὸ
943 2895 1209 2964 πρόθυμον
1239 2894 1286 2944 ἐν
1318 2890 1532 2964 ἀνδρείᾳ
1558 2910 1569 2923 ο
1625 2898 1837 2964 στερέω-

239 2978 330 3029 σόν
362 2996 455 3029 σου
499 2983 592 3037 τὴν
656 2978 881 3053 καρδίαν
942 2984 989 3032 ἐν
1022 2986 1195 3033 πίστει
1244 2986 1332 3031 καὶ
1388 2978 1563 3033 ἐλπίδι
1597 3003 1608 3013 ·
1643 2986 1836 3052 προπό-

235 3085 425 3137 ρευσαι
492 3068 659 3119 αὐτῶν
717 3072 763 3121 ἓν
816 3072 958 3142 πάση
1026 3070 1381 3141 ἀγαθοεργίαο
1438 3070 1834 3141 προπολέμησον

1956 1923 2103 1991 ejus,
2138 1926 2318 1975 totam
2347 1922 2407 1976 in
2435 1920 2663 1975 Christo
2686 1920 3139 1980 fraternitatem,
3166 1922 3227 1971 ut
3252 1932 3387 1973 eam
3419 1914 3609 1970 susci-

1956 2010 2107 2078 pias.
2136 2015 2205 2064 At
2229 2009 2538 2081 quomodo
2567 2008 2824 2078 accipies
2843 2006 2871 2060 ?
2900 2022 3022 2078 quo
3056 2010 3231 2074 pacto
3257 2002 3612 2073 reges‘Iqua

1957 2099 2183 2153 ratione
2197 2097 2847 2168 custodies?Tanquam
2868 2110 3057 2163 agnos
3072 2094 3608 2163 Christi,tanquam

1959 2188 2228 2242 membra
2250 2191 2351 2242 tua
2377 2186 2749 2249 charissima,
2778 2184 2999 2251 fovens,
3025 2197 3378 2253 procurans,
3400 2188 3455 2235 et
3478 2179 3609 2234 dili-

1953 2290 2099 2346 gens
2124 2291 2639 2347 unumquemque,
2656 2276 2826 2343 juxta
2846 2289 3086 2344 sequam
3109 2271 3415 2327 charitatis
3441 2284 3607 2323 men-

1953 2380 2190 2431 suram;
2234 2365 2520 2434 quoniam
2539 2379 2606 2419 ex
2627 2380 2802 2435 aequo
2828 2362 3097 2417 membra
3118 2360 3385 2427 corporis
3410 2357 3605 2427 diligit

1954 2455 2383 2524 unusquisque.
2400 2454 2573 2525 Aperi
2592 2454 2821 2507 viscera
2837 2458 2937 2506 tua
2961 2451 3018 2504 in
3043 2447 3599 2505 commiseratione:

1952 2542 2224 2596 introduc
2254 2558 2464 2597 omnes
2492 2543 2550 2596 in
2594 2540 2998 2595 misericordia
3040 2559 3051 2597 :
3098 2539 3252 2593 lacta
3290 2536 3471 2591 illos:
3514 2549 3603 2589 re-

1953 2630 2145 2685 forma
2170 2630 2300 2684 illos
2329 2629 2579 2699 :perfice
2612 2629 2743 2684 illos
2774 2630 2827 2683 in
2868 2628 3139 2683 Domino.
3166 2630 3321 2681 Acuc
3338 2629 3601 2680 mentem

1953 2725 2114 2773 tuam
2130 2717 3048 2789 prudentia.excitadiligentiam
3064 2714 3433 2770 fortitudine:
3456 2726 3598 2766 con-

1950 2807 2125 2863 ﬁrma
2157 2814 2364 2878 pectus
2398 2808 2514 2862 ﬁde
2546 2823 2615 2861 ac
2647 2822 2751 2877 spe
2793 2822 2806 2860 :
2842 2820 3135 2876 praecurre
3167 2802 3280 2857 illis
3312 2801 3387 2856 ad
3422 2814 3603 2855 omne

1947 2911 2100 2965 Opus
2127 2896 2389 2966 bonum;
2420 2910 2737 2966 propugna
2769 2894 3055 2948 adversus
3082 2890 3375 2962 spiritales
3401 2887 3601 2944 inimi-

1947 3000 2046 3039 cos
2069 3000 2087 3039 :
2102 2985 2375 3049 defende,
2390 2985 2610 3054 dirige;
2633 2982 2857 3053 perduc
2877 2981 3004 3036 illos
3019 2981 3092 3035 ad
3113 2979 3343 3035 virtutis
3358 2978 3596 3032 sedem:

1944 3073 2143 3127 divide
2171 3073 2281 3127 illis
2311 3079 2525 3129 terram
2558 3069 2887 3141 tranquillae
2911 3068 3233 3123 affectuum
3260 3065 3598 3122 vacuitatis.

235 3158 373 3207 κατά
411 3164 510 3207 τῶν
554 3164 752 3218 νοητῶς
795 3162 1139 3230 μαχομένων·
1188 3160 1587 3229 ὑπεράσπισαιο
1632 3156 1833 3210 διευθέ-

1956 3165 2260 3230 Propterea
2303 3162 2592 3216 mandata
2631 3160 2759 3215 haec
2798 3158 2905 3212 tibi
2945 3160 3045 3225 do,
3086 3172 3221 3229 qum
3272 3158 3595 3211 observare

236 3263 436 3301 τησον·
489 3246 737 3316 εἰσάγαγε
787 3246 969 3307 αὐτοὺς
1016 3247 1088 3308 εἰς
1130 3251 1214 3299 τὸν
1264 3256 1359 3308 τῆς
1402 3246 1587 3318 ἀρετῆς
1634 3252 1788 3298 τόπον
1817 3264 1829 3279 ο

1948 3250 2285 3304 necessario
2315 3250 2500 3304 debes
2514 3292 2526 3304 .

234 3330 632 3405 κληροδότησαι
692 3339 784 3393 τὴν
841 3344 940 3407 γῆν
1004 3344 1095 3397 τῆς
1153 3335 1431 3396 ἀπαθείας.
1506 3340 1591 3387 Διὸ
1658 3341 1747 3387 καὶ
1801 3335 2093 3409 ἐντέλλομαί
2147 3358 2231 3390 σοι
2283 3341 2373 3399 τάς
2451 3337 2655 3399 ἐντολὰς
2711 3336 2926 3399 ταύτας,
2985 3333 3150 3408 ἇσπερ
3234 3329 3596 3405 διακρατῆσαι

236 3422 456 3493 ὀφείλεις
480 3427 615 3475 κατὰ
643 3427 701 3475 τὸ
730 3423 1031 3495 ἀναγκαῖον,

567 3547 855 3601 Ἐντολαὶ
895 3557 975 3618 τῷ
1014 3551 1495 3621 καθηγουμένῳ.

309 3633 374 3688 α’.
439 3635 514 3687 Οὐ
568 3632 858 3699 διαλλάξεις
907 3634 993 3688 οὖν
1043 3639 1095 3688 ὃν
1150 3638 1466 3709 προσέλαϐες
1519 3642 1678 3689 τύπον
1744 3642 1834 3689 καὶ

233 3728 425 3775 κανόνα
470 3727 613 3795 παρά
660 3734 755 3787 τῆς
800 3732 1154 3788 ταπεινώσεως
1203 3748 1303 3796 μου
1349 3732 1397 3779 ἓν
1441 3729 1656 3791 οἷπασιν,
1715 3725 1832 3778 ἄνευ

230 3815 613 3882 κατεπειγούση
626 3834 646 3875 ς
677 3813 875 3885 ἀνάγκη
887 3835 927 3875 ς.

307 3898 376 3973 β’.
418 3901 494 3953 Οὐ
542 3907 713 3974 κτήσῃ
748 3910 839 3954 τοῦ
883 3907 1082 3974 κόσμου
1138 3906 1322 3955 τούτου
1363 3923 1434 3968 τι,
1483 3900 1608 3956 οὐδὲ
1637 3903 1833 3960 ἀποθη-

233 3994 503 4063 σαυρίσεις
545 3985 843 4062 ἰδιορίστως
894 3991 965 4053 εἰς
1017 3992 1196 4044 ἑαυτὸν
1247 3997 1409 4065 μέχρι
1460 3999 1546 4044 καὶ
1577 3992 1684 4053 ἑνός
1740 3992 1835 4063 ἀρ-

227 4084 420 4153 γυρίου
436 4121 447 4132 .

299 4165 369 4238 γ’.
412 4167 486 4219 Οὐ
519 4163 847 4241 διαμερίσεις
883 4173 976 4226 τὴν
1007 4169 1191 4240 ψυχὴν
1216 4173 1303 4220 καὶ
1334 4175 1426 4227 την
1465 4166 1690 4241 καρδίαν
1737 4188 1830 4221 σου

226 4254 276 4306 ἓν
310 4259 497 4325 σχέσει
546 4261 635 4308 καὶ
691 4253 949 4327 φροντίδι,
1005 4261 1144 4330 παρά
1176 4262 1296 4317 τοὺς
1352 4260 1450 4309 ὑπὸ
1492 4266 1624 4310 Θεοῦ
1672 4278 1829 4309 πεπι-

227 4348 535 4414 στευμένους
582 4349 671 4395 καὶ
714 4343 797 4395 ὑπ’
844 4343 967 4414 ἐμοῦ
1012 4342 1489 4417 παραδεδομένους,
1550 4351 1637 4397 καὶ
1689 4366 1828 4417 γενο·

224 4435 403 4503 μένους
459 4452 553 4483 σου
604 4436 977 4503 πνευματικοὺς
1033 4436 1178 4493 υἱοὺς
1230 4439 1316 4486 καὶ
1370 4430 1638 4506 ἀδελφούς.
1696 4438 1829 4487 Οὔτε

227 4520 300 4582 εἰς
357 4524 477 4583 τούς
523 4541 645 4573 ποτε
696 4525 830 4574 κατά
884 4524 1056 4594 σάρκα
1114 4520 1302 4585 ἰδίους,
1360 4524 1387 4581 ἦ
1438 4532 1724 4593 συγγενεῖς,
1792 4528 1821 4582 ἦ

226 4610 425 4681 φίλους,
483 4613 513 4667 ἤ
557 4614 910 4681 συνεταίρους,
956 4615 1138 4683 χρήσῃ
1192 4618 1295 4671 τοῖς
1350 4620 1438 4671 τῆς
1496 4613 1688 4673 οἰκείας
1737 4633 1829 4683 μο-

227 4707 339 4761 νῆς,
408 4696 523 4750 οὖτε
583 4702 702 4764 ζῶν,
762 4702 878 4751 οὔτε
943 4702 1073 4769 μετά
1119 4702 1358 4762 θάνατον,
1420 4700 1824 4771 ἐλεημονητικῶς

227 4788 257 4845 ἢ
323 4786 729 4858 κληρονομικῶς,
788 4788 854 4847 εἰς
914 4792 1029 4848 τοὺς
1090 4785 1195 4846 ἤδη
1262 4794 1682 4862 προειρημένους.
1751 4791 1825 4841 Οὐ

226 4878 327 4948 γὰρ
382 4875 437 4926 ἐκ
467 4885 566 4927 τῶν
596 4884 688 4928 τοῦ
718 4881 917 4947 κόσμου
967 4874 1029 4943 εἴ,
1080 4878 1163 4928 ἵνα
1213 4881 1440 4950 μετέχῃς
1491 4887 1589 4929 τῶν
1639 4878 1692 4929 ἐκ
1737 4887 1826 4930 τοῦ

227 4968 448 5034 κόσμου.
493 4964 631 5021 Πλὴν
685 4964 727 5016 εἰ
779 4968 956 5035 μήπου
988 4964 1260 5035 μεταϐαῑέν
1313 4985 1439 5026 τινες
1488 4967 1543 5016 ἐκ
1594 4976 1683 5017 του
1720 4986 1826 5018 xan-

226 5060 441 5104 νωνικοῦ
485 5051 601 5125 βίου
650 5056 774 5125 πρὸς
818 5057 874 5104 τό
932 5054 1048 5105 καθ’
1089 5056 1229 5126 ἡμᾶς
1276 5056 1449 5125 τάγμα
1484 5072 1494 5083 ⁸
1550 5060 1639 5106 καὶ
1693 5055 1825 5107 οὓτω

224 5146 515 5214 φροντίσεις
542 5143 678 5193 κατά
701 5146 926 5213 μίμησιν
953 5151 1052 5194 τῶν
1082 5142 1243 5213 ἁγίων
1279 5148 1535 5215 Πατέρων.

299 5245 366 5301 δ’.
403 5247 477 5299 Οὐ
507 5252 673 5320 κτήσῃ
692 5244 897 5312 δοῦλον,
921 5251 1038 5301 οὔτε
1063 5249 1135 5311 εἰς
1155 5255 1247 5309 τὴν
1270 5251 1460 5303 οἰκείαν
1483 5254 1689 5322 χρείαν,
1706 5252 1822 5304 οὔτε

227 5335 299 5396 εἰς
340 5340 425 5393 τὴν
465 5336 655 5388 οἰκείαν
699 5342 879 5408 μονὴν,
926 5340 1043 5389 οὔτε
1086 5338 1153 5398 εἰς
1209 5338 1421 5411 ἀγροὺς,
1456 5343 1541 5389 τὸν
1592 5339 1710 5390 κατ’
1756 5339 1822 5391 εἱ-

224 5427 350 5474 κόνα
380 5431 513 5477 Θεοῦ
568 5428 815 5495 γεγονότα
847 5425 1115 5498 ἄνθρωπον
1141 5444 1151 5455 ·
1187 5434 1337 5478 τοῦτο
1367 5429 1467 5498 γὰρ
1517 5431 1688 5496 μόνοις
1720 5434 1820 5487 τοῖς

224 5513 272 5563 ἓν
301 5520 370 5583 τῷ
425 5511 527 5584 βίῳ
559 5519 985 5586 συγκεχώρηται,
1020 5516 1086 5576 ὡς
1111 5517 1135 5566 ὁ
1163 5518 1327 5586 γάμος
1362 5532 1373 5544 ⁸
1437 5521 1520 5567 σοι
1552 5512 1610 5567 δὲ
1648 5521 1818 5588 χρεὼν

226 5607 526 5677 παρασχεῖν
558 5605 774 5654 σεαυτὸν
828 5598 1013 5654 δοῦλον
1041 5609 1149 5666 τοῖς
1198 5602 1496 5676 ὁμοψύχοις
1538 5622 1631 5656 σου
1674 5601 1823 5657 ἀδελ-

2299 3553 2590 3607 Mandata
2629 3551 2946 3619 praeposito
2986 3548 3235 3604 tradita.

2018 3640 2072 3695 1.
2102 3641 2229 3694 Non
2263 3642 2438 3710 igitur
2466 3641 3090 3711 immutabis,absque
3116 3639 3360 3705 urgente
3394 3648 3598 3689 neces-

1946 3729 2131 3791 sitate,
2151 3729 2408 3783 fortnam
2423 3730 2757 3797 etregulam
2772 3774 2784 3797 ,
2800 3745 2985 3800 quam
3006 3727 3083 3782 ab
3102 3724 3437 3781 humilitate
3458 3738 3595 3778 mea

1944 3818 2002 3872 in
2035 3818 2323 3872 omnibus
2352 3819 2652 3890 accepisti.

2014 3910 2064 3961 2.
2085 3911 2208 3962 Non
2236 3908 2568 3979 possidebis
2582 3924 2654 3962 ex
2675 3907 2901 3961 mundo
2922 3907 3035 3961 hoc
3062 3904 3397 3976 quidquam
3433 3918 3446 3958 :
3482 3916 3592 3958 nec

1945 3995 2045 4050 tibi
2080 3996 2189 4065 ipsi
2220 3997 2456 4067 proprie
2479 4012 2730 4068 repones
2759 3995 2849 4050 vel
2875 3995 3117 4049 unicum
3146 3998 3516 4063 argenteum.

2015 4177 2063 4228 3.
2099 4176 2224 4229 Non
2252 4174 2481 4228 divides
2515 4172 2784 4228 animum
2816 4177 2872 4227 et
2911 4187 3015 4226 cor
3058 4176 3221 4226 tuum
3250 4168 3380 4224 aliis
3422 4169 3583 4223 curis

1940 4267 1998 4317 et
2027 4262 2545 4325 sollicitudinibus,
2570 4266 2811 4331 propter
2839 4277 2941 4314 eos
2970 4260 3071 4330 qui
3098 4259 3199 4313 tibi
3230 4275 3262 4312 a
3294 4261 3410 4314 Deo
3432 4273 3592 4312 com-

1946 4351 2129 4413 missi,
2155 4356 2209 4403 et
2233 4366 2268 4405 a
2292 4366 2384 4405 me
2408 4350 2604 4405 traditi
2629 4355 2784 4414 sunt,
2812 4348 3103 4420 spiritales
3129 4346 3278 4401 ﬁlios
3296 4352 3353 4401 et
3379 4344 3590 4400 fratres

1942 4444 2101 4493 tuos.
2124 4441 2247 4493 Non
2277 4437 2554 4507 erogabis
2576 4439 2633 4492 in
2655 4443 2785 4491 tuos
2815 4437 2958 4491 olim
2987 4434 3320 4490 secundum
3344 4449 3586 4489 carnem

1940 4533 2043 4582 aut
2066 4529 2457 4599 propinquos,
2483 4532 2586 4580 aut
2606 4527 2853 4591 amicos,
2884 4531 2987 4581 aut
3009 4525 3246 4581 sodales
3273 4540 3341 4579 ex
3365 4521 3591 4593 pr0prii

1941 4616 2281 4670 monasterii
2307 4615 2486 4669 rebus
2518 4615 2876 4686 quidquam,
2902 4630 3012 4669 nec
3039 4614 3266 4677 vivens,
3302 4628 3409 4665 nec
3450 4614 3585 4682 post

1940 4703 2632 4774 mortem,eleemosyme
2658 4703 2746 4756 vel
2769 4702 3133 4757 hiereditatis
3167 4701 3410 4756 nomine
3440 4718 3452 4757 :
3483 4714 3588 4753 ne-

1937 4808 2052 4863 que
2084 4792 2240 4846 enim
2275 4809 2345 4846 ex
2374 4791 2590 4846 saeculo
2621 4809 2703 4855 es,
2728 4791 3171 4846 utconsortium
3196 4788 3423 4842 habeas
3446 4803 3586 4842 cum

1937 4880 2356 4948 saecularibus;
2379 4880 2491 4934 nisi
2523 4881 2625 4951 qui
2658 4880 2804 4935 forte
2826 4896 2896 4935 ex
2916 4878 3190 4934 coenobio
3222 4877 3280 4931 in
3309 4875 3581 4931 ordinem

1935 4976 2204 5024 n0strum
2244 4969 2604 5034 transierint,
2646 4980 2821 5040 atque
2872 4968 2951 5023 ita
2991 4983 3199 5023 eorum
3238 4981 3443 5021 curam
3486 4978 3581 5035 ge-

1932 5076 2030 5115 ras
2057 5058 2133 5113 ad
2161 5058 2498 5129 exemplum
2530 5063 2873 5114 sanctorum
2908 5059 3167 5112 Patrum.

2004 5258 2056 5309 4.
2077 5256 2201 5309 Non
2222 5251 2565 5325 possidebis
2598 5266 2858 5315 servum,
2887 5265 2997 5305 nec
3020 5254 3154 5307 tuos
3185 5249 3247 5305 in
3275 5265 3439 5316 usus,
3464 5265 3575 5307 nec

1932 5343 2155 5413 proprii
2190 5342 2552 5405 monasterii,
2596 5356 2703 5394 nec
2734 5339 2995 5410 denique
3034 5339 3111 5395 ad
3152 5354 3346 5407 agros.
3394 5338 3585 5394 homi-

1931 5445 2068 5484 nem
2103 5430 2205 5502 qui
2238 5430 2315 5485 ad
2360 5431 2457 5485 Dei
2496 5430 2819 5496 imaginem
2859 5426 3048 5482 factus
3084 5432 3173 5481 est
3211 5448 3222 5479 :
3264 5427 3379 5482 hoc
3421 5428 3582 5483 enim

1932 5517 2073 5573 solis
2101 5518 2485 5575 saecularibus
2515 5532 2867 5573 concessum
2894 5521 3005 5580 est,
3036 5516 3185 5571 sicut
3210 5516 3455 5586 nuptim.
3498 5515 3584 5572 Tu

1930 5621 2068 5662 vero
2097 5606 2510 5663 fratribustuis
2535 5604 2836 5662 unanimis
2853 5605 3118 5677 seipsum
3142 5602 3439 5661 famulum
3459 5604 3584 5661 ani-
