4038 6312
496 299 636 357 1819
1745 296 1806 352 S.
1846 297 1938 352 ῙῙἩ
1947 296 2214 352 ΕΟΟΟΒῙ
2254 297 2585 357 ΞΤΠῸΙΤΑΞ
3717 296 3860 352 1820

492 442 591 483 mo
620 432 902 499 praestare
932 414 1140 491 debes;
1166 427 1302 483 licet
1327 433 1571 484 externa
1616 425 1813 498 specie
1846 430 2087 497 tanqual

2262 433 2357 496 poi;
2394 435 2455 497 τῇ
2516 429 2775 499 προθέσει,
2832 427 2927 478 κοῖν
2976 435 3037 500 τῇ
3098 427 3193 489 ἔξω
3224 425 3514 498 ἐπιφανείᾳ,
3562 427 3633 486 ὡς
3660 426 3857 476 Δεσπό-

493 518 781 573 Dominus
811 522 867 572 et
894 519 1177 587 magister
1206 522 1501 588 reputere.

1458 531 1501 572 3.
2251 533 2342 575 της
2366 514 2551 589 λογίζῃ
2585 520 2675 567 καὶ
2703 512 3053 577 διδάσκαλος.

566 610 616 660 5.
650 608 763 661 Nec
802 605 1029 662 habeas
1065 607 1410 677 jumentum
1439 603 1679 659 feminei
1717 618 1895 658 sexus
1931 601 2011 657 ad
2040 600 2141 656 mi-

2320 603 2377 659 ε’.
2411 604 2488 656 Οὔ
2534 610 2725 676 σχοίης
2759 605 2891 665 ζῶον
2922 613 3020 656 τῶν
3078 604 3134 656 ἐκ
3193 610 3284 656 τοῦ
3341 602 3526 663 θήλεως
3553 600 3735 673 γένους
3789 602 3858 662 εἰς

489 693 732 751 nisteria
760 696 1123 758 necessaria,
1161 700 1219 749 tu
1243 694 1346 766 qui
1379 693 1615 749 feminis
1645 691 1895 748 omnino
1926 706 2084 746 renul

2263 696 2435 765 χρείαν
2472 694 2817 764 ὑπουργικήν,
2868 694 2893 745 ὁ
2939 702 3010 764 τῷ
3068 693 3211 751 θήλει
3270 693 3605 744 παντάπασιν
3653 690 3858 742 ἀποτα-

490 781 685 838 tiasti:
721 799 916 854 neque
943 784 1001 838 in
1030 783 1413 848 monasterio,
1440 796 1634 854 neque
1664 781 1723 835 in
1764 780 1923 851 agris
1957 795 1969 833 :
2002 794 2085 833 cui

2265 782 2462 853 Ξάμενος
2495 800 2507 811 ·
2568 784 2682 835 οὔτε
2712 781 2760 834 ἄν
2812 791 2874 855 τῇ
2927 790 3079 855 μονῇ,
3127 785 3241 835 οὔτε
3271 780 3319 834 iv
3366 788 3477 842 τοῖς
3524 779 3726 851 ἀγροῖς.
3760 786 3860 832 Κι-

490 886 601 927 nec
630 870 957 943 quisquam
986 878 1332 927 sanctorum
1367 876 1605 942 patrum
1633 874 1974 925 metrorum
2001 883 2085 922 uSI

2260 871 2349 931 θὼς
2395 866 2568 932 οὐδεὶς
2640 880 2737 923 τῶν
2797 873 2953 924 ὁσίων
3010 877 3100 924 καὶ
3160 870 3319 943 ἀγίων
3399 873 3638 944 Πατέρων
3706 870 3855 939 ἡμῶν

494 958 586 1024 sit,
616 974 726 1013 nec
756 964 973 1015 natura
1004 961 1134 1030 ipsa
1163 960 1488 1031 permittat.

2251 957 2541 1031 ίχρήσατο,
2574 959 2691 1012 οὒτε
2716 962 2745 1018 ἡ
2777 964 2932 1031 φύσις
2960 961 3089 1019 αὐτὴ
3126 960 3405 1033 ἐπιτρέπει.

563 1048 616 1102 6.
648 1050 773 1103 Non
806 1048 1222 1119 superveheris
1255 1047 1428 1119 equis
1460 1050 1565 1102 aut
1591 1046 1769 1101 mulis
1797 1045 2026 1115 absque
2048 1059 2145 1098 ne-

2326 1048 2396 1113 q’.
2450 1049 2562 1101 Οὐκ
2603 1048 2953 1121 ἐποχούμενος
2995 1051 3086 1122 ἔσῃ
3145 1048 3227 1101 ἐπὶ
3281 1050 3461 1108 ἵπποις
3496 1051 3588 1098 καὶ
3624 1048 3858 1117 ἡμιόνοις

487 1135 764 1191 cessitate
798 1152 812 1201 ;
838 1136 943 1191 sed
964 1136 1171 1191 Christi
1197 1135 1494 1205 exemplo,
1516 1134 1768 1204 pedibus
1797 1133 1904 1188 iter
1936 1132 2082 1188 facie

2260 1133 2393 1207 δίχα
2448 1135 2676 1209 ἀνάγκης
2708 1156 2721 1169 ·
2782 1137 2909 1190 ἀλλὰ
2952 1141 3401 1210 Χριστομιμήτως
3449 1136 3855 1209 πεζοπορήσεις.

492 1224 592 1280 Sin
625 1224 844 1289 minus,
873 1224 1074 1296 pullus
1106 1225 1257 1280 asini
1290 1225 1395 1279 erit
1429 1224 1769 1295 jumentum
1806 1225 1997 1276 tuum.

1808 1225 1997 1276 tuum.
2253 1224 2317 1279 Εἰ
2339 1221 2390 1277 δ’
2416 1221 2523 1290 οὖν,
2551 1226 2719 1287 πῶλός
2753 1246 2837 1278 σοι
2860 1230 2918 1279 τὸ
2946 1226 3230 1297 ὑποζύγιον
3250 1228 3403 1277 ἔστω.

558 1318 613 1367 7.
638 1312 886 1368 Curabis
915 1314 1187 1379 omnino,
1219 1318 1279 1368 ut
1301 1313 1450 1368 inter
1472 1312 1679 1367 fratres
1704 1310 2050 1366 communia
2088 1313 2145 1365 et

2328 1312 2392 1375 ζ’.
2441 1314 2831 1388 Παραφυλάξεις
2873 1316 3077 1377 πάντως
3126 1318 3183 1366 τὸ
3232 1314 3401 1366 πάντα
3446 1311 3494 1364 ἓν
3529 1319 3594 1383 τῇ
3649 1308 3862 1382 ἀδελφὸ-

488 1401 745 1457 indivisa
759 1403 872 1456 sint
889 1402 1117 1470 omnia,
1140 1408 1197 1457 et
1219 1401 1362 1456 nihil
1391 1402 1753 1472 cujusquam
1770 1398 1995 1470 proprii
2016 1398 2077 1467 iu

2265 1422 2374 1459 mu
2403 1406 2552 1454 κοινὰ
2604 1400 2751 1472 εἶναι,
2809 1409 2898 1456 καὶ
2933 1403 3210 1474 ἀμέριστα,
3259 1407 3347 1454 καὶ
3392 1398 3558 1473 μηδεν
3608 1404 3750 1452 κατὰ
3779 1404 3860 1471 μέ-

488 1490 759 1558 dominii,
787 1506 977 1563 usque
994 1492 1070 1546 ad
1093 1507 1293 1546 acum.
1308 1491 1431 1545 Tibi
1462 1505 1601 1544 vero
1627 1496 1680 1544 et
1706 1489 1913 1544 anima
1939 1493 1996 1542 et
2017 1502 2083 1541 co

2269 1511 2335 1551 νος
2365 1499 2456 1543 τοῦ
2503 1493 2621 1545 καθ’
2647 1494 2863 1545 ἕκαστον
2922 1493 2993 1554 εἰς
3037 1491 3403 1554 ἐξωθέντησιν
3430 1495 3596 1561 μέχρι
3643 1496 3739 1543 καὶ
3776 1490 3864 1563 ῥα-

488 1594 623 1651 pus,
645 1594 753 1634 nec
774 1587 1061 1651 praeterea
1079 1580 1434 1651 quidquam,
1451 1594 1629 1650 requa
1651 1577 1822 1632 lance
1840 1576 2083 1631 charitat

2264 1577 2423 1652 ρίδος.
2454 1588 2550 1634 Σοῦ
2582 1579 2641 1633 δε
2670 1587 2757 1634 καὶ
2788 1586 2846 1633 τὸ
2872 1590 3025 1653 σῶμα
3061 1586 3151 1633 καὶ
3190 1583 3220 1639 ἡ
3264 1580 3443 1651 ψυχὴ,
3474 1583 3603 1650 μήτι
3627 1597 3691 1649 γε
3720 1577 3859 1639 ἄλλο,

489 1666 680 1723 divisa
709 1675 885 1724 sunto
917 1669 975 1723 in
1007 1683 1218 1723 omnes
1251 1674 1377 1723 tuos
1419 1667 1717 1738 spiritales
1750 1665 1904 1720 ﬁlios
1941 1680 2011 1719 ac
2035 1664 2083 1717 fr

2269 1671 2488 1721 ἴστωσαν
2569 1667 3015 1743 διαμεμερισμένοι
3066 1669 3114 1722 ἓν
3191 1669 3397 1727 ἰσότητι
3452 1668 3667 1739 ἀγάπης
3730 1672 3864 1719 πᾶσι

500 1760 642 1812 tres.
2179 1774 2222 1829 Β
2253 1765 2362 1820 τοῖς
2391 1767 2759 1829 πνευματικοῖς
2793 1779 2887 1811 σου
2917 1764 3109 1819 τέκνοις
3138 1763 3228 1810 καὶ
3268 1754 3529 1829 ἀδιλφοίς.

562 1849 615 1901 8.
647 1844 775 1901 Non
798 1845 1027 1901 habeas
1060 1861 1199 1901 cum
1226 1844 1619 1901 smcularibus
1650 1841 2010 1913 adoptiones
2045 1844 2148 1896 aut

2325 1844 2391 1903 η’.
2439 1846 2512 1897 Οὐ
2561 1853 2757 1919 σχοίης
2804 1850 2934 1919 μετά
2964 1856 3232 1918 κοσμικῶν
3264 1843 3635 1918 ἀδελφοποιίας
3683 1847 3714 1900 ἤ
3748 1862 3867 1894 σνν-

492 1933 963 1999 consiliationes,
1011 1938 1071 1989 tu
1104 1935 1206 2005 qui
1241 1933 1534 1989 mundum
1574 1932 1729 2002 fugis
1770 1948 1841 1987 ac
1880 1929 2087 2002 nuptia

2271 1941 2473 1998 ruviag,
2509 1937 2535 1988 ὁ
2566 1940 2730 2008 φυγὰς
2760 1945 2851 1989 τοῦ
2878 1942 3078 2007 κόσμου
3103 1941 3194 1988 καὶ
3249 1942 3342 1987 τοῦ
3380 1936 3553 2005 γάμου
3585 1950 3598 1962 ·
3664 1932 3724 1984 οὗ
3765 1933 3866 2002 γὰρ

494 2026 623 2080 Non
654 2023 813 2078 enim
853 2024 1145 2094 reperitur
1184 2025 1243 2077 in
1284 2023 1555 2094 patribus
1587 2040 1600 2088 ;
1633 2027 1708 2087 et,
1744 2021 1791 2075 si
1833 2021 2089 2091 reperitu

2271 2024 2471 2096 ιῦρηται
2523 2029 2570 2077 ἓν
2598 2032 2703 2085 τοῖς
2750 2029 3017 2098 Πατράσιν
3049 2041 3065 2057 ⁶
3122 2025 3164 2078 εἰ
3208 2022 3267 2077 δὲ
3296 2029 3385 2076 καὶ
3432 2022 3670 2097 εὕρηται,
3726 2039 3866 2072 σπα-

496 2126 636 2167 raro
670 2128 684 2165 :
717 2126 912 2183 neque
941 2113 999 2166 id
1029 2110 1121 2167 lex
1155 2118 1264 2166 est.

2255 2115 2444 2178 νιάκις,
2476 2118 2566 2166 καὶ
2597 2122 2748 2167 τοῦτο
2778 2115 2836 2166 οὐ
2868 2120 3036 2187 νόμος.

567 2203 619 2255 9.
654 2202 781 2255 Non
810 2200 1053 2271 epulare
1093 2216 1230 2255 cum
1275 2198 1646 2261 mulieribus.
1680 2201 1924 2268 excepta
1963 2200 2149 2250 matre

2330 2200 2388 2254 θ’.
2453 2202 2529 2254 Oti
2586 2206 2974 2275 σύνιστιαθήση
3045 2204 3173 2273 μετά
3220 2208 3502 2271 γυναικῶν,
3566 2197 3703 2256 πλὴν
3774 2204 3864 2256 τῆς

495 2291 599 2343 tua
628 2288 960 2343 secundum
1003 2304 1271 2357 carnem,
1304 2293 1358 2344 et
1400 2302 1605 2342 sorore
1647 2292 1767 2353 tua,
1809 2286 1932 2339 sive
1972 2299 2090 2339 cani

2275 2291 2392 2341 ιατὰ
2444 2292 2614 2362 σάρκα
2661 2296 2858 2365 μητρός
2904 2310 2997 2343 σου
3047 2294 3136 2342 καὶ
3185 2285 3435 2359 ἀδελφῆς,
3478 2288 3575 2340 κᾶν
3621 2305 3678 2339 τε
3718 2305 3870 2337 κανο-

496 2376 645 2430 nicas
671 2376 903 2441 fuerint,
939 2376 1062 2431 sive
1094 2376 1409 2432 saeculares
1445 2376 1593 2432 :nisi
1621 2376 1703 2428 vis
1746 2374 1949 2444 aliqua
1970 2378 2025 2426 et
2054 2387 2090 2425 n

2273 2387 2425 2442 ιικῆς,
2454 2381 2546 2431 xiv
2592 2399 2645 2432 τε
2695 2387 2954 2449 κοσμικῆς
2981 2398 2992 2410 ·
3026 2379 3119 2430 οὐκ
3167 2375 3309 2443 οἶδα,
3354 2377 3394 2429 εἰ
3449 2380 3520 2447 μή
3550 2395 3626 2435 τις
3658 2372 3757 2447 βία
3782 2378 3868 2425 καὶ

487 2465 736 2520 cessitas
760 2464 1045 2535 impellat,
1076 2466 1227 2520 sicut
1270 2466 1600 2521 admonent
1631 2463 1819 2519 sancti
1857 2464 2074 2516 Patres.

2273 2466 2459 2536 ῖινάγκη
2518 2467 2720 2531 καλοίη,
2780 2470 2949 2528 καθὼς
2992 2466 3431 2538 παρακελεύονται
3476 2467 3523 2517 οἱ
3565 2465 3711 2535 ἅγιοι
3767 2469 3868 2515 Ila.

2258 2559 2416 2625 τίρες.

572 2640 658 2695 10.
693 2643 772 2697 Ne
803 2641 1083 2713 frequens
1113 2642 1193 2696 sis
1231 2642 1288 2696 in
1335 2640 1674 2711 egressibus
1708 2644 1763 2694 et
1793 2638 2152 2693 circumcur-

2334 2643 2385 2697 ι’.
2442 2644 2517 2696 Οὐ
2576 2650 2767 2715 σχοίης
2800 2649 2857 2696 τὸ
2902 2639 3261 2716 πολυπρόοδον
3314 2646 3404 2694 καὶ
3456 2640 3864 2712 πολυγύρευτον,

494 2729 1165 2802 sationibus,proprium
1181 2730 1334 2785 ovile
1346 2732 1626 2784 deserens
1640 2728 1768 2783 sine
1779 2727 2089 2782 necessitat

2267 2731 2378 2784 ἄνευ
2422 2732 2653 2803 ἀνάγκης
2719 2733 3178 2804 ἐγκαταλιμπάνων
3242 2735 3299 2783 τὸ
3356 2730 3544 2783 οἰκεῖον
3602 2734 3862 2800 ποίμνιον.

500 2816 714 2872 melius
752 2818 915 2873 enim
959 2824 1043 2874 est
1081 2825 1136 2873 et
1188 2818 1532 2889 optabilius,
1567 2824 1628 2872 ut
1679 2817 1767 2872 vel
1813 2818 2044 2871 otiosus
2094 2832 2095 2865 ;

2270 2822 2557 2891 Ἀγαπητὸν
2586 2825 2688 2894 γὰρ
2740 2826 2827 2872 καὶ
2883 2820 3219 2891 σχολάζοντα
3248 2822 3296 2871 ἓν
3346 2826 3408 2891 τῇ
3460 2823 3653 2890 ποίμνη
3700 2813 3865 2873 δυνη-

501 2906 675 2961 caula
691 2906 935 2975 degens,
954 2923 1189 2963 servare
1207 2908 1399 2979 possis
1413 2906 1729 2963 variabiles
1751 2910 1805 2961 et
1820 2904 1937 2960 late
1949 2918 2096 2958 errai

2268 2911 2415 2967 θῆναί
2464 2928 2521 2961 σε
2578 2907 2848 2961 διασῶσαι
2903 2912 2969 2960 τὰ
3018 2908 3459 2983 πολυτροπώτατα
3499 2912 3594 2959 καὶ
3644 2901 3863 2958 πολυδι-

499 2997 585 3049 tes
612 2994 930 3050 rationales
959 3011 1121 3052 oves.

2262 2994 2506 3060 εξοδευτα
2530 2999 2717 3068 λογικὰ
2744 2996 3000 3069 πρόϐατα.

579 3085 664 3137 11.
692 3082 1051 3140 Observabis
1083 3100 1350 3157 prorsus,
1385 3089 1447 3139 ut
1481 3082 1815 3140 catechesin
1848 3087 1933 3137 ter
1962 3078 2150 3153 quali-

2332 3087 2422 3141 ια’.
2480 3086 2868 3159 Παραφυλάξεις
2910 3088 3114 3147 πάντως
3162 3091 3256 3137 τοῦ
3302 3084 3570 3137 ποιεῖσθαι
3616 3084 3864 3155 τρισάκις

503 3170 604 3226 bet
623 3170 1009 3229 hebdomade
1037 3172 1223 3228 facias
1247 3173 1494 3243 vesperi,
1517 3172 1602 3227 vel
1626 3171 2098 3243 pertemetipsuu

2272 3180 2351 3233 τήν
2381 3180 2687 3247 κατήχησιν
2743 3183 2803 3246 τῇ
2862 3170 3145 3245 ἕϐδομάδι,
3177 3178 3267 3225 καὶ
3291 3173 3409 3225 καθ’
3435 3172 3654 3244 ἑσπέραν
3709 3175 3741 3228 ἤ
3771 3166 3867 3222 δ’ιὰ

502 3258 594 3314 vel
624 3275 731 3330 per
759 3260 941 3317 alium
974 3262 1325 3334 quempiam
1360 3278 1390 3317 e
1423 3261 1556 3316 (iliis
1598 3277 1612 3327 ;
1648 3259 1938 3331 quoniam
1978 3273 2015 3313 a
2046 3257 2097 3312 Pa

2272 3271 2478 3327 εαυτοῦ,
2537 3266 2566 3323 ἣ
2621 3260 2693 3317 δὶ¹
2721 3263 2873 3315 ἄλλου
2918 3272 3016 3315 τῶν
3056 3267 3264 3317 τέκνων.
3320 3258 3537 3319 Ἐπειδὴ
3590 3278 3867 3335 πατροπα-

498 3347 687 3403 tribus
718 3350 998 3404 traditum
1031 3357 1139 3415 est,
1174 3355 1229 3405 et
1256 3351 1533 3405 salutare.

1476 3366 1533 3404 *e.
2256 3349 2479 3426 ράδοτον
2510 3360 2660 3405 τοῦτο
2689 3358 2778 3404 καὶ
2798 3356 3071 3422 σωτήριον.

582 3440 665 3492 12.
705 3438 835 3493 Non
874 3438 1046 3493 dabis
1086 3455 1339 3510 parvum
1379 3439 1663 3500 habitum.
1692 3452 1873 3508 quem
1916 3438 2145 3498 vocant,

2330 3440 2424 3513 ιβ’.
2468 3442 2543 3493 Οὐ
2576 3438 2727 3501 δοίης
2778 3442 2897 3512 ὅπερ
2926 3441 3139 3511 λέγουσι
3183 3442 3368 3511 μικρὸν
3404 3445 3616 3510 σχῆμα,
3683 3440 3868 3489 ἔπειτα

502 3531 715 3596 postea
756 3528 939 3582 veluti
973 3544 1261 3597 magnum
1308 3545 1321 3583 :
1367 3544 1522 3582 unus
1561 3526 1718 3581 enim
1761 3529 1850 3580 est
1880 3524 2087 3579 habitu

2269 3532 2325 3590 ii;
2350 3535 2483 3601 μέγα
2517 3548 2528 3560 ’
2569 3530 2618 3582 ἓν
2656 3533 2754 3601 γὰρ
2786 3534 2843 3580 τὸ
2888 3538 3097 3600 σχῆμα,
3128 3530 3301 3601 ὥσπερ
3342 3531 3431 3579 καὶ
3460 3530 3518 3579 τὸ
3550 3525 3864 3598 βάπτισμα,

501 3613 676 3669 sicuti
716 3619 773 3668 et
811 3616 1137 3686 baptisma,
1179 3615 1697 3689 quemadmodum
1738 3614 1799 3669 in
1841 3629 2003 3668 more
2044 3611 2096 3666 fu

1680 3632 1697 3670 ι
1738 3614 1799 3669 in
1841 3629 2003 3668 more
2044 3611 2152 3666 fuit
2258 3621 2425 3679 καθὼς
2454 3622 2502 3671 οἱ
2531 3619 2675 3690 ἅγιοι
2709 3622 2925 3691 Πατέρες
2956 3618 3275 3692 ἐχρήσαντο.

504 3708 849 3759 sanctorum
882 3705 1143 3760 Patrum.

566 3791 653 3846 13.
719 3791 843 3847 Non
887 3794 1181 3849 transilies
1221 3793 1380 3863 leges
1428 3798 1484 3849 et
1522 3793 1759 3862 regulas
1799 3796 2146 3846 sanctorum

2332 3794 2416 3865 ιγ’.
2469 3794 2543 3846 Οὐ
2598 3792 2895 3866 παραϐαίης
2947 3795 3063 3853 τοὺς
3108 3795 3292 3863 νόμους
3346 3794 3436 3842 καὶ
3484 3795 3705 3850 κανόνας
3765 3798 3862 3842 τῶν

503 3880 762 3941 Patrum,
807 3882 1100 3953 prmeipue
1139 3889 1275 3938 ante
1314 3899 1524 3938 omnes
1578 3881 1763 3936 divini
1821 3878 2098 3948 magniqt

2267 3883 2415 3954 Ξιγίων
2474 3887 2730 3952 Πατίρι-ιν,
2790 3888 2894 3953 Πρὸ
2932 3902 2988 3953 γε
3043 3883 3244 3933 πάντων
3303 3886 3393 3930 τοῦ
3448 3881 3586 3931 θείου
3642 3884 3735 3930 καὶ
3775 3899 3862 3951 με·

507 3967 701 4024 Basilii
749 3986 763 4025 :
808 3972 914 4026 sed
956 3972 1253 4044 quidquid
1288 3972 1471 4028 facies
1503 3976 1605 4027 aut
1642 3970 1824 4035 dices,
1858 3975 2102 4037 tanquai

2261 3973 2415 4042 γάλου
2469 3971 2757 4023 Βασιλείου.
2795 3970 2951 4024 Ἀλλά
3000 3975 3100 4021 πᾶν
3152 3971 3177 4021 ὃ
3227 3969 3363 4019 τιάν
3394 3974 3543 4039 ποιῇς
3597 3971 3627 4025 ἦ
3682 3967 3856 4039 λίγης.

504 4057 913 4115 testimonium
953 4060 1186 4116 habens
1241 4078 1307 4115 ex
1348 4059 1665 4132 Scripturis
1698 4057 1895 4119 facies,
1941 4061 2041 4110 aut
2080 4069 2099 4107 ε

2266 4062 2325 4121 ὣς
2360 4065 2649 4132 μαρτυρίαν
2707 4062 2842 4129 ἔχων
2892 4058 2946 4109 ἐκ
2997 4066 3096 4109 τῶν
3146 4064 3356 4129 Γραφῶν
3415 4055 3653 4128 πράξοις,
3712 4057 3743 4114 ἦ
3809 4055 3861 4107 ἐκ

500 4151 750 4216 paterna
771 4150 1206 4205 consuetudine
1236 4151 1466 4223 absque
1499 4147 1764 4203 mandati
1785 4144 1969 4199 divini
2002 4157 2095 4213 pra

2261 4158 2509 4221 πατρικῆς
2610 4151 2903 4213 συνηθείας,
3003 4146 3119 4199 ἄνευ
3213 4144 3557 4218 παραϐάσεως
3654 4144 3856 4205 ἐντολῆς

502 4235 881 4291 varicatione.

822 4252 881 4291 te.
2260 4246 2417 4292 Θεοῦ.

578 4322 663 4377 14.
696 4326 823 4379 Non
858 4324 1234 4400 derelinquas
1264 4341 1508 4398 gregem
1549 4331 1737 4386 tuum,
1773 4325 1834 4377 ut
1858 4320 1936 4376 ad
1963 4318 2146 4374 alium

2330 4323 2422 4381 ιδ’.
2454 4326 2527 4379 05
2554 4325 2885 4397 καταλείψεις
2909 4329 2964 4377 τὸ
3002 4328 3239 4397 ποίμνιον
3273 4343 3367 4376 σου
3398 4327 3488 4375 καὶ
3535 4325 3665 4394 πρὸς
3696 4324 3863 4394 ἕτερον

503 4414 798 4478 transeas;
834 4420 933 4469 aut
967 4416 1041 4470 ad
1072 4416 1422 4487 dignitatern
1453 4430 1572 4470 non
1604 4416 1914 4475 revertere,
1945 4410 2056 4463 nisi
2079 4424 2098 4462 ε

2255 4413 2545 4487 μεταϐήσῃ,
2595 4415 2623 4473 ἦ
2673 4419 2799 4487 πρὸς
2857 4413 3002 4477 ἀξίαν
3034 4409 3429 4487 ἑπαναδράμης,
3490 4411 3608 4463 ἄνευ
3640 4430 3850 4483 συγκα-

2331 4506 2379 4517 λ,
2580 4511 2601 4517 -
2690 4504 2701 4517 .
2774 4508 2782 4517 .
3006 4500 3109 4517 ..ςΔ
3170 4508 3177 4517 .

503 4514 799 4555 consensu
830 4509 885 4557 et
919 4506 1354 4577 approbatione
1392 4504 1789 4559 fraternitatis.

1766 4536 1789 4553 ι.
2184 4500 2227 4517 ν
2256 4506 2512 4565 ταθίσεως
2542 4511 2629 4563 τῆς
2655 4504 2842 4563 οἰκείας
2875 4523 2967 4555 σου
2996 4500 3361 4573 ἀδελφότητος.

578 4592 662 4643 15.
681 4591 988 4647 Nonineas
1012 4592 1332 4648 amicitiam
1347 4608 1485 4646 cum
1510 4591 1829 4654 canonica;
1850 4601 2042 4658 neque
2063 4586 2148 4639 in-

2331 4592 2409 4646 tr'.
2441 4592 2515 4643 Οὐ
2570 4592 2824 4654 φιλιάσεις
2851 4595 2981 4663 μετὰ.
3009 4598 3284 4652 κανονικῆς
3312 4607 3324 4618 ⁸
3387 4586 3511 4641 οὐδὲ
3539 4586 3861 4659 παραϐαλείς

500 4677 701 4747 gredia
715 4695 774 4733 re
798 4682 1228 4736 monasterium
1250 4682 1630 4744 feminarum,
1648 4694 1755 4734 nec
1778 4677 1943 4732 solus
1964 4674 2095 4729 collc

2260 4684 2303 4733 iv
2360 4685 2635 4751 γυναικείῳ
2696 4685 2907 4751 σεμνείῳ
2958 4696 2971 4709 ·
3036 4676 3161 4731 οὐδὲ
3217 4683 3514 4747 καταμόνας
3579 4676 3855 4747 ὁμιλήσεις

500 4779 685 4836 quare
697 4784 830 4823 cum
848 4769 1145 4825 monacha
1161 4770 1245 4823 vel
1261 4769 1549 4835 saeculari,
1565 4768 1677 4823 nisi
1695 4765 2019 4821 necessitas
2035 4768 2095 4816 tr:

2268 4770 2555 4841 ιιοναζούσῃ
2603 4772 2632 4827 ἧ
2682 4776 2909 4840 κοσμικῇ
2942 4788 2953 4800 '
2999 4768 3041 4820 εἰ
3083 4772 3154 4839 μή
3204 4786 3301 4819 που
3342 4765 3542 4837 ἀνάγκη
3583 4764 3741 4827 ἕλκει,
3773 4770 3863 4815 καὶ

498 4853 601 4910 hat
621 4874 636 4923 ;
660 4855 839 4929 idque
870 4874 1005 4912 cum
1034 4858 1273 4913 duabus
1300 4859 1377 4913 ab
1401 4862 1646 4930 utraque
1679 4863 1843 4927 parte
1876 4867 2091 4925 person

2261 4863 2370 4909 τότε
2424 4854 2520 4909 δύο
2574 4863 2836 4931 παρόντων
2893 4856 2943 4919 ἐξ
2996 4856 3238 4928 ἐκατέρου
3286 4858 3475 4928 μέρους
3518 4859 3856 4925 προσώπων·

500 4945 855 5001 astantibus:
875 4945 1051 5000 unius
1067 4948 1315 5011 enim,ut
1330 4941 2095 5011 aiunt,facilisestcalumni:

1667 4941 2143 5000 isestcalumnia.
2258 4949 2314 4997 τὸ
2336 4951 2434 5017 γὰρ
2475 4947 2543 5011 ἓν,
2578 4948 2835 5016 ὦςφασιν,
2870 4944 3262 5016 εὗεπηρέαστον.

568 5033 653 5087 16.
680 5035 804 5089 Non
819 5034 1281 5105 aperiesostium
1303 5036 1645 5091 monasterii
1663 5036 1736 5090 ad
1754 5030 2147 5088 intromitten-

2330 5033 2422 5098 ις’.
2482 5034 2592 5087 Οὔκ
2633 5033 2849 5095 ἀνοίξεις
2899 5038 2988 5090 τὴν
3037 5035 3195 5104 θύραν
3236 5038 3325 5091 τῆς
3354 5036 3514 5101 μονῆς
3547 5026 3633 5081 ἐπὶ
3665 5027 3857 5099 εἰσόδῳ

500 5118 644 5176 dam
686 5121 973 5179 feminam
1010 5123 1189 5180 ullam
1242 5125 1367 5180 sine
1410 5139 1632 5194 magna
1663 5120 2039 5177 necessitate.
2090 5128 2095 5172 :

2261 5128 2503 5184 παντοίας
2550 5125 2795 5194 γυναικὸς
2826 5120 2943 5173 ἄνευ
2995 5121 3224 5193 μεγάλης
3257 5117 3523 5189 ἀνάγκης·
3572 5117 3619 5170 εἰ
3664 5114 3728 5170 δε
3770 5114 3856 5171 δυ-

501 5222 635 5263 vero
674 5217 843 5280 potes
889 5213 1033 5268 citra
1084 5218 1358 5268 mutuum
1392 5218 1703 5283 aspectum
1750 5211 2044 5281 excipere,
2088 5213 2096 5266 i

2264 5216 2403 5272 νατὸς
2447 5208 2494 5264 εἶ
2535 5210 2846 5283 ἀσυμφανῶς
2903 5208 3180 5281 δέχεσθαι,
3235 5205 3358 5262 οὐδὲ
3414 5215 3566 5260 τοῦτο
3620 5206 3859 5264 ἀπόϐλη-

498 5311 743 5370 quoque
774 5300 1020 5356 minime
1048 5300 1491 5374 negligendum.
2260 5321 2367 5354 τον.

584 5405 675 5463 17.
693 5406 818 5463 Non
833 5412 1053 5465 statues
1072 5409 1173 5464 tibi
1191 5407 1607 5472 diversorium,
1623 5410 1725 5461 aut
1742 5406 2149 5478 spirituaiibus

2334 5406 2417 5468 ιζ’.
2452 5406 2526 5460 Οὐ
2549 5411 2789 5470 ποιήσεις
2818 5413 3018 5477 σεαυτῷ
3048 5410 3397 5477 καταγώγιον,
3429 5405 3460 5462 ἦ
3494 5408 3605 5464 τοῖς
3634 5422 3859 5476 πνευμα-

502 5492 660 5567 filiis,
688 5496 1034 5555 saecularem
1076 5497 1350 5564 domum,
1396 5495 1457 5552 in
1485 5509 1607 5571 qua
1652 5495 1770 5553 sint
1815 5497 1992 5554 etiam
2023 5513 2097 5556 m1

2265 5502 2422 5560 τικοῖς
2481 5514 2575 5547 σου
2624 5498 2814 5559 τίκνοις
2866 5490 3005 5548 οἷκον
3056 5496 3331 5565 κοσμικόν,
3359 5493 3406 5544 ἓν
3445 5487 3484 5565 ᾧ
3542 5490 3649 5543 εἶσι
3686 5497 3860 5566 γυναῖ-
