4038 6312
239 314 369 374 1821

233 460 337 508 κες.

235 528 375 603 δρῶν
426 532 648 585 εὑλαϐῶν
702 535 795 594 τὰς
848 529 1140 606 παροδικὰς
1189 537 1280 585 καὶ
1328 531 1614 603 ἀναγκαίας
1658 531 1841 604 χρείεπις

231 623 527 673 ποιεῖσθαι.

308 708 393 767 ιη’.
428 712 504 762 Οὐ
533 716 629 769 κτη
642 730 705 783 σῃ
735 712 977 782 μαθητὴν
1009 710 1079 771 εἰς
1108 714 1167 762 τὸ
1196 710 1390 763 κελλίον
1432 729 1525 763 σου
1569 711 1836 781 μειράκιον

226 802 546 870 προσπαθῶς
573 817 584 828 ·
621 798 726 851 ἀλλ’
749 798 805 851 ἐκ
826 806 1106 873 προσώπου
1152 797 1471 865 ἀνυπόπτου,
1504 803 1595 851 καὶ
1636 798 1690 851 ἐκ
1717 795 1835 851 δια-

228 892 395 960 φόρων
425 885 657 960 ἀδελφῶν
687 895 779 947 τὴν
801 891 1090 963 ὑπηρεσίαν
1123 909 1217 941 σου
1243 894 1503 951 ποιήσεις.

307 976 393 1032 ιϐ’.
429 978 503 1030 Οὐ
551 983 725 1051 κτήσῃ
780 981 1059 1050 ἱματισμόν
1108 978 1476 1049 ἐξηλλαγμένον
1532 982 1622 1030 καὶ
1676 977 1830 1028 πολύ-

231 1084 402 1137 τιμον,
452 1068 572 1119 ἄνευ
643 1076 734 1119 τοῦ
819 1070 1102 1141 ἱερατικοῦ.
1176 1066 1334 1119 Ἀλλὰ
1398 1074 1502 1128 τοῖς
1576 1072 1831 1126 ταπεινοῖς

231 1160 648 1229 πατρομιμητως
677 1160 766 1208 καὶ
788 1153 995 1209 ἐνδὺσει
1024 1160 1114 1208 καὶ
1147 1154 1424 1209 ὑποδύσει.

301 1243 368 1298 κ’.
403 1245 513 1296 Οὐκ
534 1248 625 1317 ἓση
661 1242 1011 1318 ἁϐροδίαιτος,
1041 1249 1155 1298 οὔτε
1179 1244 1227 1297 ἐν
1248 1254 1309 1317 τῇ
1337 1242 1451 1317 ἰδίᾳ
1472 1264 1565 1297 σου
1595 1241 1826 1317 δαπάνη,

231 1335 349 1384 οὔτε
380 1332 431 1385 ἐν
490 1341 600 1394 ταῖς
648 1331 950 1407 ὑποδοχαῖς
997 1343 1096 1386 τῶν
1140 1334 1289 1398 ξένων
1322 1352 1334 1363 ·
1369 1337 1436 1396 ὡς
1487 1336 1624 1385 κατὰ
1677 1340 1826 1385 τοῦτο

229 1427 620 1494 περισπώμενος
652 1442 665 1455 ·
693 1425 809 1475 ἔστι
853 1425 953 1495 γὰρ
983 1430 1138 1477 τοῦτο
1167 1431 1258 1485 τῆς
1303 1419 1520 1496 μερίδος
1557 1428 1650 1476 τοῦ
1696 1421 1828 1475 ἀπο-

228 1508 521 1563 λαυστικοῦ
552 1508 694 1584 βίου.

301 1596 406 1654 κα’.
442 1600 517 1652 Οὑ
547 1601 886 1673 θησαυρίσεις
932 1605 1160 1676 χρυσίον
1188 1601 1237 1653 ἐν
1275 1608 1337 1673 τῇ
1371 1608 1498 1673 μονῇ
1529 1619 1624 1653 σου
1656 1616 1669 1629 ⁸
1700 1599 1826 1651 ἀλλὰ

231 1691 291 1739 τὸ
325 1690 463 1741 κατὰ
508 1693 816 1763 περισσείαν
857 1692 942 1742 ἐπὶ
970 1693 1161 1751 παντὸς
1194 1686 1383 1754 εἴδους,
1415 1686 1697 1760 μεταδοίης
1723 1695 1827 1749 τοῖς

1658 313 2194 374 TESTAMENTUM
2206 362 2221 377 .

419 441 502 495 ἐπὶ
569 450 752 515 συχνῷ
825 442 1169 519 παραϐάλλων
1202 462 1214 475 ·
1250 442 1355 495 ἀλλ’
1402 442 1574 515 ἐκλέξῃ
1630 442 1701 504 εἰς
1753 439 1819 493 ἂν

1950 440 2147 507 lieres,
2177 443 2389 498 crebro
2422 444 2713 500 accedens
2744 462 2757 511 ;
2795 444 2901 500 sed
2931 445 3097 517 apud
3126 445 3438 515 religiosos
3457 443 3618 503 viro8

3473 316 3615 391 ιεεε

1951 531 2148 601 potius
2179 531 2501 598 diversare,
2525 539 2581 589 et
2606 533 2942 590 transitoria
2968 534 3077 589 vim
3104 534 3375 591 subsidia
3395 550 3611 607 capere

1951 619 2242 676 studebis.

2022 708 2573 765 18.Nonhabebisin
2595 711 2741 767 cella
2756 716 2857 767 tua
2873 711 3237 782 discipulum
3258 711 3607 769 adolescen-

1946 802 2084 861 tem,
2120 812 2243 868 quo
2283 797 2547 855 afﬁciare
2578 818 2590 855 :
2626 800 2729 854 sed
2771 801 3100 858 ministeria
3139 806 3241 858 tua
3266 801 3485 858 obeant
3524 801 3617 858 di-

1943 886 2098 939 versi
2122 884 2414 952 fratres,et
2443 888 2685 944 minime
2713 889 2995 959 suspecti.

2022 976 2103 1029 19.
2137 977 2262 1031 Non
2291 976 2470 1031 uteris
2497 978 2851 1033 vestimento
2889 977 3201 1034 elaborato
3228 983 3284 1035 et
3323 979 3606 1050 pretioso,

1942 1069 2344 1135 prmterquam
2388 1066 2750 1122 sacerdotali
2779 1083 2793 1131 ;
2828 1067 2935 1122 sed
2982 1066 3335 1133 humilibus,
3369 1069 3611 1125 Patrum

1937 1154 2233 1225 exemplo,
2265 1154 2532 1220 induere,
2565 1161 2623 1211 et
2658 1155 3024 1213 calceabere.

2010 1246 2230 1300 20.Non
2258 1244 2373 1298 eris
2402 1244 2691 1299 delicatus
2719 1261 2789 1300 ac
2818 1245 3036 1310 lautus,
3063 1260 3257 1317 neque
3284 1245 3346 1302 in
3372 1246 3610 1316 privato

1938 1338 2181 1404 sumptu
2218 1338 2341 1398 tuo,
2382 1349 2579 1405 neque
2614 1335 2672 1388 in
2710 1334 3019 1407 hospitum
3052 1335 3390 1405 receptione
3423 1351 3436 1391 :
3472 1340 3611 1392 tan-

1936 1436 2121 1491 quam
2149 1436 2220 1476 ea
2247 1438 2391 1478 cura
2417 1422 2766 1480 distraharis
2800 1440 2812 1479 :
2846 1424 2960 1480 hoc
2980 1423 3143 1479 enim
3175 1423 3488 1495 proprium
3517 1429 3607 1483 est

1937 1510 2067 1563 vitae
2098 1510 2469 1581 voluptariae.

2006 1602 2094 1653 2t.
2129 1601 2252 1654 Non
2286 1599 2577 1655 recondas
2607 1615 2824 1656 aurum
2856 1600 2919 1655 in
2949 1601 3317 1657 monasterio
3343 1604 3467 1666 tuo,
3496 1601 3607 1657 sed

1937 1687 2228 1759 quidquid
2245 1687 2305 1742 in
2321 1703 2682 1761 unoquoque
2695 1704 2909 1757 genere
2923 1690 3025 1743 red
3035 1689 3605 1759 undabit,indigenti

226 1774 492 1848 δεομένοις
519 1795 530 1807 ·
562 1778 611 1829 ἐν
660 1778 852 1841 ἀνοίξει
892 1786 986 1840 τῆς
1018 1779 1178 1841 αὐλῆς
1229 1798 1346 1843 σου,
1398 1780 1572 1839 καθὼς
1602 1780 1651 1830 οἱ
1681 1778 1819 1848 ἅγιοι

1941 1775 2052 1832 bus
2074 1776 2307 1848 largire,
2340 1777 2628 1848 adaperto
2654 1777 2805 1833 atrio
2838 1782 2959 1845 tuo,
2988 1778 3140 1833 sicut
3162 1780 3353 1835 sancti
3377 1779 3603 1835 Patres.

230 1869 452 1939 Πατίρες
465 1908 479 1922 .

300 1952 408 2026 κβ.
444 1954 521 2006 Οὐ
568 1960 855 2027 κρατήσεις
881 1960 1038 2009 τόπον
1093 1955 1479 2028 ἠσφαλισμίνον
1510 1960 1599 2008 καὶ
1629 1960 1723 2015 τὴν
1754 1956 1825 2007 οἰ-

227 2048 510 2115 κονομικὴν
539 2042 825 2119 φροντίδα·
857 2045 966 2098 ἀλλ’
1022 2048 1158 2097 ἔστω
1207 2065 1292 2097 σοι
1342 2046 1495 2114 κλεὶς,
1542 2049 1572 2104 ἡ
1601 2050 1826 2118 μεγίστη

229 2140 331 2182 τῶν
361 2131 554 2205 ψυχῶν
608 2138 832 2206 φροντὶς,
875 2142 966 2187 τοῦ
1022 2134 1158 2187 λύειν
1188 2140 1279 2186 καὶ
1335 2131 1571 2207 δεσμεῖν,
1602 2138 1736 2187 κατὰ
1764 2138 1829 2186 τὰ

230 2225 421 2292 Λόγια.
472 2226 541 2275 Τὸ
578 2227 807 2294 χρυσίον
857 2220 916 2276 δε
956 2228 1045 2275 καὶ
1094 2225 1160 2275 τὰ
1189 2226 1324 2275 κατὰ
1353 2228 1560 2295 χρείαν,
1602 2226 1824 2297 ἐγχειρί-

230 2329 341 2371 σεις
392 2317 501 2373 τοῖς
527 2311 840 2382 οἰκονόμοις,
892 2320 997 2372 τοῖς
1048 2312 1395 2385 κελλαρίταις,
1459 2316 1546 2364 καὶ
1590 2316 1658 2374 ὡς
1714 2312 1828 2363 ἔπι-

225 2396 400 2450 ϐάλλει
424 2399 540 2451 καθ’
594 2400 818 2458 ἑκάστην
861 2397 1132 2453 διακονίαν
1164 2420 1258 2453 σου
1302 2397 1567 2473 πρόδηλον
1622 2403 1825 2453 πάντων

224 2490 325 2544 τὴν
368 2486 607 2549 ἐξουσίαν
640 2492 885 2560 ἔχοντος·
920 2494 1011 2541 καὶ
1044 2493 1418 2562 μεταφέροντος
1468 2492 1538 2551 ὡς
1584 2488 1645 2541 ἂν
1694 2490 1825 2561 βου-

225 2574 346 2648 λεύῃ
397 2580 525 2648 μετὰ
570 2585 666 2629 τῶν
698 2582 1028 2651 προεχόντων
1054 2580 1104 2629 ἓν
1144 2586 1215 2647 τῷ
1264 2583 1484 2649 τυχόντι
1534 2584 1819 2653 προσώπῳ,

226 2662 600 2735 ἀπολαμϐάνων
630 2669 716 2718 τὸν
747 2667 896 2737 λόγον
929 2667 1151 2727 ἑκάστης
1180 2664 1516 2728 διοικήσεως.

299 2753 399 2823 κγ’.
438 2755 514 2806 Οὐ
559 2759 905 2829 προτιμήσεις
946 2763 1039 2808 τοῦ
1092 2760 1480 2829 συμμφέροντος
1511 2765 1572 2828 τῇ
1607 2753 1821 2828 ἁδελφό-

224 2861 348 2898 τητι
379 2848 658 2915 πρόσωπον
689 2848 877 2905 παντὸς
923 2844 1096 2916 ἑτέρου
1126 2847 1421 2917 ἀνθρώπου,
1476 2847 1820 2917 ὑπερέχοντος

226 2934 318 2982 καὶ
392 2930 781 2993 ἐξουσιάζοντος
866 2937 1000 2985 κατὰ
1046 2937 1134 2986 τόν
1192 2939 1422 3008 παρόντα
1464 2935 1625 2986 αἰῶνα
1658 2954 1669 2967 ⁸
1704 2938 1820 2986 οὔτε

224 3019 531 3081 ὑποσταλεῖς
579 3026 769 3095 μέχρις
817 3024 1037 3093 αἵματος
1101 3023 1182 3075 ἐπὶ
1248 3023 1447 3095 φυλακῇ
1506 3033 1604 3075 τῶν
1672 3025 1817 3076 θείων

222 3112 409 3179 νόμων,
436 3113 523 3161 καὶ
557 3109 787 3177 ἐντολῶν,
817 3113 1079 3181 προθεῖναι
1112 3116 1204 3169 τὴν
1234 3111 1421 3182 ψυχήν
1456 3131 1570 3164 σου.
1854 3142 1895 3198 C

295 3193 402 3253 κδ’.
430 3197 506 3249 Οὑ
546 3204 780 3259 ποιήσεις
820 3219 870 3250 τι
901 3200 930 3258 ἦ
972 3201 1186 3273 πράξεις
1216 3200 1329 3252 κατ’
1363 3200 1556 3252 οἰκείαν
1582 3205 1811 3271 γνώμην,

224 3287 273 3337 ἓν
321 3289 595 3358 πράγματι
623 3293 779 3340 παντὶ
810 3296 908 3339 τῶν
958 3308 1011 3340 τε
1039 3288 1288 3359 ψυχικῶν
1340 3297 1427 3341 καὶ
1485 3298 1584 3341 τῶν
1642 3309 1818 3361 σωμα-

222 3383 379 3425 τικῶν
410 3392 421 3405 ’
450 3384 654 3449 πρῶτον
713 3381 801 3447 μὲν
853 3379 971 3429 οἶνευ
1003 3375 1198 3450 βουλῆς
1248 3383 1337 3430 καὶ
1378 3383 1540 3449 εὐχῆς
1571 3386 1661 3430 τοῦ
1713 3385 1819 3432 Κυ-

219 3467 335 3537 ρίου
384 3470 473 3517 καὶ
505 3470 704 3539 Πατρός
751 3485 868 3531 σου,
902 3469 1074 3519 ἔπειτα
1104 3476 1202 3519 τῶν
1243 3475 1569 3541 προεχόντων
1595 3472 1643 3520 ἐν
1686 3474 1816 3538 γνω-

225 3570 305 3603 σει
361 3558 450 3605 καὶ
501 3553 739 3625 εὐλαϐείᾳ
800 3558 937 3606 κατὰ
986 3561 1080 3614 τὴν
1129 3557 1466 3628 ὑποκειμένην
1518 3558 1765 3608 ὑπόθεσιν
1801 3574 1813 3585 '

216 3640 324 3701 ἐνὸς
351 3645 452 3713 γὰρ
481 3648 641 3716 χρεία
668 3647 835 3714 τυχόν
865 3645 895 3703 ἦ
948 3642 1067 3708 δύο,
1122 3645 1153 3704 ἣ
1198 3654 1373 3719 τριῶν,
1432 3646 1459 3703 ἣ
1510 3650 1599 3697 καὶ
1648 3645 1816 3696 πλειό-

217 3749 318 3780 νων
401 3733 575 3805 ὧσπερ
662 3731 1001 3805 ὶντετάλμεθα
1086 3742 1368 3805 πατρικῶς,
1449 3738 1539 3785 καὶ
1630 3730 1816 3796 διὴξα-

216 3837 308 3889 μεν
317 3858 329 3870 ο

289 3914 471 3960 Ταῦτα
538 3911 706 3962 πάντα
764 3916 856 3963 καὶ
906 3912 1008 3962 ὅσα
1057 3912 1203 3981 ἔτερα
1256 3910 1512 3974 ἱξελάϐου,
1574 3931 1812 3983 παραφυ-

211 3995 405 4060 λάξεις,
463 4004 553 4050 καὶ
608 4005 915 4072 φρουρήσεις
949 4002 1070 4052 ’ἵνα
1130 4020 1213 4053 σοι
1264 4004 1495 4070 γένηται.
1562 4005 1659 4053 Καὶ
1715 4003 1809 4073 ἔσῃ

211 4083 655 4157 κατευοδοὺμενος
730 4087 778 4139 ἓν
832 4094 1006 4160 Κυρίῳ
1036 4110 1048 4122 ·
1094 4093 1152 4142 τό
1200 4092 1301 4161 γὰρ
1380 4091 1603 4141 ἐναντίον
1655 4088 1808 4147 ἀπείη

211 4180 304 4227 καὶ
332 4175 491 4246 λέγειν
523 4181 613 4228 καὶ
643 4179 847 4231 ἑννοεῖν.

581 4264 877 4318 Ἐντολαὶ
918 4272 1051 4325 τοῖς
1092 4263 1421 4338 ἀδελφοῖς.

286 4358 441 4423 Δεῦρο
488 4358 578 4405 καὶ
630 4355 789 4425 ὑμεῖς,
826 4352 866 4405 ὦ
913 4358 1062 4406 τέκνα
1092 4374 1192 4425 μου
1245 4360 1334 4407 καὶ
1387 4352 1619 4427 ἀδελφοί,
1654 4354 1811 4409 ἁκού-

215 4445 343 4494 σατέ
397 4462 496 4510 μου
541 4451 633 4503 τῆς
681 4443 1023 4515 οἰκτροτάτης
1054 4453 1241 4515 φωνῆς.
1300 4444 1521 4506 Δέξασθε
1577 4449 1662 4497 τόν
1720 4450 1808 4497 κύ·
1841 4487 1886 4541 D

208 4549 323 4601 ριον
389 4534 475 4581 τόν
547 4533 852 4602 ἡγούμενον,
926 4534 1098 4593 καθὼς
1184 4531 1475 4595 ἐξελέξασθε
1547 4534 1702 4586 αὑτὸν
1758 4537 1808 4587 οἱ

209 4620 392 4679 πάντες
425 4636 435 4647 ·
470 4616 644 4672 οὐδενὶ
677 4624 777 4694 γὰρ
821 4620 988 4682 ἔξεστι
1036 4622 1153 4671 κατ’
1202 4619 1391 4674 οὐδένα
1428 4628 1616 4694 τρόπον
1656 4626 1807 4695 αἱρή-

211 4708 411 4759 σασθαι
467 4708 615 4760 ἄλλον
664 4713 779 4761 τινὰ
831 4707 940 4781 βίον
983 4710 1160 4781 παρ’ὃ
1209 4712 1443 4783 ὑπάρχει
1472 4728 1484 4740 ”
1518 4716 1607 4763 καὶ
1655 4712 1805 4774 οὗτος

208 4797 234 4847 ό
265 4792 457 4866 δεσμὸς
503 4798 601 4849 ὑπὸ
653 4802 868 4871 Κυρίου.
905 4800 1257 4851 Ἀσπάσασθε
1306 4800 1460 4850 αὑτὸν
1510 4803 1572 4861 ὡς
1622 4798 1806 4854 διάδο-

206 4891 309 4957 χόν
339 4905 460 4957 μου,
515 4884 588 4939 δι’
620 4883 805 4947 αἰδοῦς
837 4892 925 4939 καὶ
956 4896 1107 4958 τιμῆς
1146 4887 1548 4959 προσϐλέποντες
1605 4890 1758 4942 αὐτόν
1789 4907 1800 4920 ·

206 4980 299 5026 καὶ
348 4978 435 5026 τόν
490 4983 583 5036 τῆς
640 4977 911 5046 ὑποταγῆς
963 4982 1151 5027 κανόνα
1203 4983 1418 5047 νόμιμον
1466 4979 1535 5038 ὠς
1582 4979 1630 5029 ἐν
1693 4981 1804 5050 ἐμοὶ

204 5069 296 5115 καὶ
327 5067 375 5115 ἑν
418 5064 561 5135 αὑτῷ
611 5062 985 5137 διαφυλάξατε,
1019 5071 1090 5136 μὴ
1144 5075 1582 5139 καταφρονοῦντες
1631 5076 1724 5129 τῆς
1755 5071 1803 5119 ἓν

209 5157 381 5225 Κυρίῳ
453 5160 638 5227 νεαρᾶς
712 5153 966 5226 προϐολῆς
1026 5154 1231 5205 αὑτοῦ·
1278 5152 1417 5226 μηδὲ
1469 5155 1802 5219 ἑκζητοῡντες

202 5241 375 5293 πλεῖόν
457 5261 510 5293 τι
569 5244 714 5314 παρὰ
765 5251 864 5294 τῶν
921 5239 1261 5315 δωρηθέντων
1318 5243 1459 5313 αὐτῷ
1541 5245 1641 5295 ὑπὸ
1708 5253 1802 5297 τοῦ

204 5332 508 5402 Πνεὺματος
578 5337 668 5383 τοῦ
738 5331 891 5403 ἁγίου
945 5334 1318 5407 χαρισμάτων.
1374 5332 1618 5405 Ἀρκετὸν
1658 5334 1798 5404 αὐτῷ

204 5416 589 5493 διακρατῆσαι,
640 5420 768 5494 ἅπερ
829 5422 974 5495 παρὰ
1024 5428 1116 5480 τῆς
1176 5426 1533 5483 ταπεινῶσιῶς
1580 5441 1679 5491 μου
1730 5425 1801 5473 ἓν-

201 5508 465 5565 τέταλται.
519 5513 620 5561 Καὶ
678 5508 913 5579 ἀγαπᾶτέ
969 5528 1050 5581 με,
1110 5514 1263 5562 τέκνα
1318 5529 1439 5581 μου,
1522 5513 1611 5570 τὰς
1668 5510 1803 5562 ἐντο-

200 5597 289 5660 λάς
335 5617 439 5670 μου
485 5597 758 5672 φυλάξατε.
796 5602 897 5652 Καὶ
945 5601 1038 5658 τήν
1093 5597 1301 5670 εἰρήνην
1331 5596 1381 5650 ἕν
1424 5597 1623 5660 ἑαυτοῖς
1651 5600 1801 5672 ἔχετε

2008 1956 2231 2010 22.Non
2250 1953 2510 2010 servabis
2524 1954 2724 2009 locum
2741 1954 3175 2019 munitum,nec
3197 1970 3405 2011 curam
3424 1969 3601 2025 geras

1938 2043 2376 2099 mconomicam
2409 2060 2422 2099 :
2460 2043 2571 2099 sed
2617 2042 2799 2099 clavis
2843 2048 2970 2099 esto
3024 2044 3126 2099 tibi
3170 2060 3412 2100 summa
3454 2059 3604 2101 cura

1937 2132 2299 2196 animarum,
2324 2133 2401 2188 ad
2418 2132 2771 2187 solvendum
2801 2137 2858 2187 et
2877 2132 3387 2203 ligandum,juxta
3407 2132 3603 2205 Scrip-

1936 2224 2154 2275 turam.
2186 2224 2408 2275 Aurum
2442 2227 2641 2277 autem
2664 2226 2723 2276 et
2749 2236 2841 2277 res
2867 2221 2999 2275 usui
3022 2220 3403 2276 necessarias
3433 2237 3602 2276 com-

1937 2309 2130 2363 mittes
2189 2311 2541 2373 mconomis,
2598 2309 2856 2365 cellariis
2914 2316 2969 2365 et
3005 2310 3256 2375 caeteris,
3293 2314 3356 2366 ut
3379 2309 3601 2382 cuique

1935 2399 2209 2453 convenit
2235 2413 2303 2452 ex
2323 2398 2521 2453 ofﬁcio
2542 2416 2555 2451 :
2574 2399 2656 2454 ita
2681 2399 2962 2454 nimirum
2995 2398 3337 2454 utomnium
3367 2398 3597 2454 habeas

1937 2492 2333 2556 potestatem;
2368 2493 2421 2542 et
2476 2487 2799 2543 transferas
2860 2492 3036 2558 prout
3097 2487 3469 2558 praeceperis,
3532 2487 3592 2542 in

1935 2576 2092 2630 hunc
2122 2575 2212 2630 vel
2247 2574 2436 2643 illum,
2491 2576 2787 2636 rationem
2825 2575 3072 2645 exigens
3118 2576 3595 2647 uniuscujusque

1933 2665 2489 2721 administrationis.

2000 2757 2137 2810 23.N
2146 2770 2221 2809 on
2237 2762 2568 2827 anteponas
2583 2755 2815 2810 fratrum
2830 2754 3057 2810 utilitati
3072 2769 3379 2825 personam
3394 2754 3490 2826 cuj
3500 2769 3595 2809 us-

1929 2858 2047 2915 que
2085 2843 2324 2898 alterius
2348 2844 2608 2900 hominis
2640 2845 2955 2899 eminentis
2987 2860 3058 2899 ac
3090 2844 3347 2913 potentis
3379 2858 3593 2898 secun-

1928 2931 2072 2986 dum
2102 2931 2410 2987 saeculum.
2445 2935 2558 2988 Nec
2586 2932 2841 3003 refugies
2870 2948 2978 3004 pro
3018 2932 3361 2987 divinarum
3388 2931 3593 3001 legum

1928 3037 1998 3077 ac
2020 3026 2455 3092 praeceptorum
2472 3022 2911 3085 observatione,
2933 3022 3198 3078 animam
3215 3028 3379 3077 tuam
3405 3036 3593 3093 usque

1927 3109 2003 3164 ad
2036 3109 2392 3177 sanguinem
2423 3124 2752 3179 apponere.

1996 3197 2219 3252 24.Non
2240 3196 2386 3252 facie
2404 3197 2495 3253 vel
2526 3213 2667 3266 ages
2693 3197 3025 3269 quidquam
3045 3212 3117 3252 ex
3140 3197 3384 3269 proprio
3410 3214 3589 3255 sensu

1927 3287 1985 3341 in
2012 3302 2074 3341 re
2104 3285 2242 3350 ulla,
2271 3286 2397 3340 sive
2418 3286 2495 3341 ad
2517 3286 2785 3342 animam
2813 3291 3058 3356 spectet,
3086 3286 3210 3342 sive
3230 3286 3546 3358 adcorpus
3573 3304 3589 3355 ;

1926 3375 2186 3447 primum
2209 3376 2336 3429 sine
2368 3375 2615 3431 consilio
2640 3391 2709 3430 ac
2743 3378 2880 3430 voto
2906 3375 3137 3431 domini
3162 3391 3231 3430 ac
3256 3374 3439 3430 Patris
3467 3377 3586 3438 tui:

1925 3463 2140 3518 deinde
2191 3462 2445 3519 aliorum
2476 3464 2706 3534 judicio
2749 3469 2807 3519 et
2835 3464 3064 3535 fpietate
3097 3463 3585 3535 praecellentium,

1925 3561 2101 3623 prout
2150 3551 2420 3623 subjecta
2468 3568 2560 3607 res
2619 3552 2925 3623 postulat:
2957 3568 3078 3607 uno
3131 3552 3290 3608 enim
3331 3551 3580 3610 forsitan

1924 3657 2079 3711 opus
2109 3646 2217 3703 est,
2232 3641 2610 3705 autduolms,
2626 3646 2726 3696 aut
2758 3640 3364 3712 tribus,autpluribus
3377 3641 3558 3699 etiam
3573 3685 3588 3712 ,

1925 3729 2081 3785 sicut
2106 3745 2142 3783 a
2167 3729 2436 3785 Patribus
2466 3729 2639 3785 nobis
2671 3736 3038 3801 praeceptum
3068 3734 3174 3784 est.

1996 3907 2428 3968 Haacomnia.et
2440 3922 2739 3976 quaecunq
2749 3921 2818 3960 ne
2834 3905 2954 3960 alio
2968 3905 3272 3976 accepisti,
3292 3905 3583 3972 servabis,

1922 4003 1978 4051 et
2006 3996 2324 4061 custodies,
2367 4003 2431 4050 ut
2471 3995 2622 4049 bene
2646 3995 2768 4061 tibi,
2796 4001 2850 4048 et
2888 4000 3045 4049 recte
3084 3992 3357 4049 ambules
3382 3994 3442 4048 in
3473 3995 3589 4050 Do-

1922 4085 2095 4139 mins.
2123 4084 2494 4140 Contrarium
2512 4083 2673 4138 enim
2697 4083 2855 4139 absit
2873 4082 2957 4138 vel
2970 4082 3164 4139 dicere
3183 4081 3276 4137 vel
3302 4083 3585 4152 cogitare.

2350 4261 2649 4328 Praecepta
2673 4259 2973 4329 fratribus
3002 4259 3167 4314 data.

1990 4362 2202 4416 Adeste
2227 4364 2279 4414 et
2295 4375 2424 4424 vos,
2446 4358 2546 4413 ﬁlii
2568 4357 2679 4413 mei
2705 4373 2774 4412 ac
2799 4356 3032 4423 fratres,
3067 4362 3121 4412 et
3141 4356 3342 4412 audite
3372 4357 3584 4414 miser-

1916 4450 2133 4505 rimam
2162 4464 2369 4503 vocem
2393 4463 2612 4502 meam.
2640 4448 2929 4517 Suscipite
2955 4446 3269 4502 dominum
3294 4446 3584 4517 praeposi-

1919 4547 2062 4602 tum,
2092 4538 2239 4592 sicut
2270 4535 2490 4603 elegisti
2523 4535 2719 4605 ipsum
2749 4550 2960 4590 omnes
2991 4551 3006 4601 ;
3035 4535 3260 4590 nemini
3296 4534 3458 4589 enim
3490 4534 3581 4590 fas

1916 4631 2026 4691 est,
2063 4626 2180 4680 ullo
2223 4625 2403 4680 modo
2451 4624 2633 4679 aliam
2690 4623 3044 4695 quampiam
3096 4624 3277 4678 vitam
3334 4622 3573 4691 eligere,

1916 4719 2124 4785 praeter
2156 4730 2340 4785 quam
2382 4712 2622 4768 sortitus
2653 4717 2740 4767 est
2772 4728 2783 4766 :
2828 4716 2883 4766 et
2912 4712 3026 4767 hoc
3066 4710 3367 4766 vinculum
3409 4716 3497 4765 est
3534 4726 3573 4768 a

1916 4802 2189 4858 Domino.
2222 4802 2655 4873 Amplectimini
2673 4801 2837 4855 illum
2855 4806 3144 4872 tanquam
3164 4814 3573 4855 successorem

1917 4908 2140 4957 meum,
2159 4907 2299 4945 cum
2320 4890 2647 4945 reverentia
2663 4894 2719 4944 et
2745 4889 2974 4944 honore
2996 4888 3295 4943 intuentes
3316 4890 3375 4941 in
3407 4902 3571 4954 eum,

1913 4984 1970 5035 et
1989 4980 2314 5048 legitimam
2331 4978 2681 5033 obedientiae
2705 4976 2973 5046 regulam
2990 4991 3133 5043 erga
3154 4976 3319 5030 illum
3339 4978 3575 5030 servate

1913 5074 2204 5139 tanquam
2236 5081 2375 5135 erga
2408 5082 2503 5121 me
2531 5067 2752 5137 ipsum,
2784 5081 3008 5120 novam
3048 5064 3177 5135 ejus
3218 5066 3273 5118 in
3317 5062 3573 5119 Domino

1912 5158 2353 5229 promotionem
2376 5155 2622 5210 minime
2649 5160 3015 5224 spernentes,
3070 5168 3180 5208 nec
3210 5150 3345 5223 plus
3393 5150 3574 5222 quid-

1910 5261 2095 5317 quam
2127 5245 2186 5299 in
2227 5259 2297 5299 eo
2323 5244 2715 5316 requirentes,
2747 5257 2932 5313 quam
2961 5242 3011 5297 ei
3044 5258 3078 5296 a
3106 5241 3325 5308 Spiritu
3356 5243 3571 5295 sancto

1911 5348 2268 5390 concessum
2292 5333 2361 5388 sit
2394 5348 2408 5388 :
2440 5331 2937 5405 quandoquidem
2959 5330 3011 5386 ei
3035 5329 3273 5394 sufﬁcit,
3303 5334 3366 5384 ut
3383 5327 3579 5385 eaob-

1912 5427 2101 5477 servet
2124 5437 2258 5494 qua:
2291 5421 2370 5477 ab
2387 5419 2721 5476 humilitate
2751 5434 2887 5475 mea
2908 5424 3206 5491 prmcepta
3228 5416 3571 5483 sunt.0uod

1913 5512 1963 5565 si
1990 5509 2232 5579 diligitis
2261 5526 2377 5573 me,
2404 5508 2509 5565 ﬁlii
2550 5509 2686 5573 mei,
2722 5506 3009 5564 mandata
3036 5522 3172 5562 mea
3219 5510 3473 5573 servate,
3511 5509 3572 5563 et

1909 5615 2121 5674 pacem
2145 5599 2294 5656 inter
2324 5613 2429 5655 vos
2480 5597 2781 5655 habetote.
2806 5596 3154 5668 Angelicum
3195 5593 3568 5667 promissum
