4038 6312
1 1535 16 1560 Ι

7 1571 16 1600 l

517 335 660 395 4823
1553 335 1612 392 S.
1654 332 2024 390 THEODORI
2063 330 2172 389 STI

2292 329 2392 387 ΓιΕ
2427 324 2962 390 TESTAMENTUM
3752 330 3884 388 1824

518 467 786 519 vestrum
847 462 1263 534 incorruptum
1302 461 1613 526 custodite.
1658 461 1719 516 in
1759 459 1923 516 caelis
1961 459 2172 516 ambu-

2292 461 2344 510 τὸ
2392 457 2662 530 ἀγγελικόν
2742 460 2884 530 ὑμῶν
2963 457 3263 530 ἐπάγγελμα
3313 454 3669 528 ἀδιάψευστον
3729 463 3886 530 τηρή·

517 551 736 608 lantes.

590 639 878 695 Mundum
909 639 1048 695 odio
1073 639 1472 705 habentes,ad
1497 639 1704 694 mundi
1723 653 1908 708 opera
1936 652 2008 691 ne
2038 651 2178 692 con~

519 728 857 793 vertamini,
882 729 1096 784 Solutis
1113 729 1366 784 vinculis
1393 728 1728 784 carnalium
1750 725 2178 790 aﬁectuum,ne

517 818 580 873 in
609 817 853 872 eosdem
884 819 1090 873 iterum
1119 817 1490 888 impingatis.

595 995 704 1060 Qui
722 994 1006 1050 omnibus
1027 995 1267 1050 caducis
1291 995 1472 1066 hujus
1496 994 1630 1049 vitae
1657 993 2179 1048 illecebrisrenun~

518 1083 732 1154 tiastis,
764 1100 798 1138 a
829 1087 1153 1156 praaposito
1179 1089 1370 1140 vestro
1390 1084 1586 1138 studio
1611 1089 1664 1138 et
1682 1082 2037 1138 obedientiaa
2059 1096 2181 1135 cer-

524 1173 746 1228 tamine
773 1188 846 1228 ne
871 1173 1145 1229 resiliatis
1177 1188 1282 1244 per
1310 1173 1634 1243 ignaviam,
1675 1173 1860 1227 risum
1893 1171 2180 1226 damoni-

519 1261 634 1317 bus
660 1261 1012 1332 praebentes.

594 1350 682 1406 Ad
707 1367 951 1405 cursum
976 1350 1330 1406 obedientiaa
1365 1365 1554 1421 usque
1581 1350 1658 1405 ad
1685 1350 1866 1404 ﬁnem
1893 1348 2175 1414 insistite;

522 1444 586 1494 ut
609 1439 1168 1495 immarcescibilem
1197 1438 1440 1510 justitim
1469 1455 1754 1496 coronam
1777 1437 2108 1509 reportetis.

595 1615 997 1671 Humilitatem
1059 1607 1372 1683 sectantes,
1440 1616 1807 1672 voluntatem
1869 1614 2174 1684 prOpriam

526 1705 840 1773 abnegate.
875 1707 951 1760 ad
990 1722 1061 1761 ea
1101 1705 1290 1760 solum
1344 1721 1449 1760 vos
1480 1705 1944 1766 conformantes,
1973 1717 2109 1773 quas
2141 1715 2176 1756 a

2289 565 2432 613 σατε,
2463 547 2710 620 ούρανίως
2738 549 3091 621 πορευόμενοι.

2355 639 2452 688 Τόν
2501 636 2697 707 κόσμον
2727 640 3069 707 μισήσαντες,
3104 639 3174 700 μὴ
3235 633 3588 706 έπιστραφῆτε
3641 637 3767 706 πρὸς
3826 635 3890 685 τὰ

2285 731 2381 776 τοῦ
2407 728 2606 796 κόσμου
2638 727 2785 795 ἔργα.
2832 727 3082 784 Λυθέντες
3121 733 3220 776 τῶν
3266 720 3474 793 δεσμῶν
3505 731 3595 782 τῆς
3652 741 3890 794 προσπα-

2288 815 2447 881 θείας,
2510 817 2580 883 μὴ
2639 808 2880 870 ἐνδεθῆτε
2934 809 3084 873 αὖθις
3137 815 3264 884 πρὸς
3315 813 3406 873 τὰς
3457 813 3716 886 σαρκικὰς
3766 814 3890 880 σχί-

2291 919 2414 962 σεις.

2359 989 2808 1062 Ἀπαρνησοίμενοι
2884 991 3053 1042 πάντα
3143 991 3211 1041 τὰ
3257 990 3447 1060 τερπνά
3513 993 3602 1040 καὶ
3669 987 3888 1062 ἐπίκηρα

2287 1087 2378 1130 τοῦ
2431 1085 2680 1151 παρόντος
2737 1075 2877 1151 βίου,
2929 1082 3000 1149 μὴ
3045 1074 3118 1130 δι’
3173 1077 3448 1151 ὀλιγωρίαν
3503 1073 3886 1134 ἀποπηδὴσητε

2287 1176 2383 1230 τῆς
2439 1167 2725 1228 ἀθλητικῆς
2777 1169 2918 1239 ὑμῶν
2966 1168 3256 1236 ὑποταγῆς,
3301 1167 3562 1237 γενόμενοι
3612 1169 3886 1238 ἒπίχαρμα

2290 1253 2550 1328 δαιμόνων
2564 1297 2577 1310 .

2360 1348 2496 1418 Πρὸς
2551 1347 2637 1396 τὸν
2686 1341 2881 1416 δρόμον
2912 1351 3006 1404 τῆς
3059 1345 3331 1414 ὑποταγῆς
3361 1347 3523 1414 μέχρι
3577 1342 3761 1403 τέλους
3812 1341 3886 1412 ἰγ-

2287 1440 2643 1508 καρτερὰσατε
2677 1451 2693 1467 ·
2728 1435 2812 1485 ἶνα
2866 1437 2954 1484 τόν
3010 1440 3101 1493 τῆς
3159 1429 3499 1492 δικαιοσύνης
3545 1431 3886 1506 ἀμαράντινον

2286 1528 2533 1595 στέφανον
2564 1524 2878 1594 κομίσησθε.

2353 1619 2426 1683 Τῇ
2476 1614 2916 1684 ταπεινοφροσύνῃ
2969 1609 3229 1681 ἀγόμενοι,
3282 1608 3500 1680 ἀρνηταὶ
3547 1617 3640 1660 τοῦ
3701 1609 3887 1662 οἰκείου

2286 1700 2568 1771 θελήματος
2633 1701 2870 1770 γένοισθε
2918 1717 2928 1728 ·
2985 1703 3114 1771 πρός
3165 1699 3300 1770 μόνα
3351 1695 3764 1769 διατυπούμενοι
3831 1702 3890 1750 τὰ

522 1794 846 1866 praeposito
861 1800 1056 1849 vestro
1069 1795 1279 1849 fuerint
1294 1793 1721 1866 approbata.Et
1735 1794 1778 1846 si
1792 1792 2034 1862 quidem
2049 1790 2172 1845 haec

2292 1792 2428 1862 παρὰ
2481 1797 2570 1840 τοῦ
2625 1792 3018 1860 καθηγουμένου
3074 1790 3216 1858 ὑμῶν
3268 1787 3625 1861 ἐγκρινόμενα.
3694 1791 3797 1840 Καὶ
3854 1787 3892 1838 εἰ

526 1881 866 1947 scitis,beaii
891 1884 1146 1948 eretis,si
1178 1883 1250 1938 ad
1286 1883 1468 1938 ﬁnem
1502 1897 1691 1951 usque
1717 1881 1816 1936 illa
1846 1879 2176 1935 servabitis.

522 1972 638 2026 Vos
664 1971 822 2026 enim
875 1980 1202 2043 martyrum
1253 1972 1466 2028 choras
1513 1971 1783 2042 excipiet,
1820 1968 2181 2038 coronisque

524 2059 585 2116 in
619 2074 804 2128 regno
822 2061 1110 2116 caelorum
1135 2060 1412 2126 redimitl,
1431 2059 1806 2131 sempiternis
1826 2057 2002 2114 bonis
2031 2057 2182 2111 frue-

524 2148 694 2204 mini.

1196 2238 1506 2309 Epilogus.

597 2328 676 2382 De
727 2329 960 2392 caetero,
1010 2325 1236 2392 fratres,
1264 2327 1474 2382 valete.
1522 2328 1633 2382 Iter
1667 2326 1825 2381 enim
1865 2324 2180 2397 ingredior,

525 2414 686 2469 unde
735 2413 955 2469 reditus
999 2431 1120 2470 non
1151 2421 1309 2487 patet
1339 2431 1351 2469 :
1386 2415 1551 2487 quod
1577 2431 1789 2470 omnes
1817 2413 1894 2469 ab
1935 2429 2063 2468 sevo
2095 2413 2182 2468 in-

524 2503 708 2573 gressi
748 2508 884 2557 sunt
917 2521 930 2558 :
959 2504 1122 2575 quod
1168 2513 1223 2558 et
1263 2521 1370 2558 vos
1423 2505 1839 2575 postmodum,
1889 2503 2002 2557 hac
2058 2502 2181 2558 vita

520 2597 781 2662 peracta,
836 2591 1160 2660 ingressuri
1191 2593 1354 2646 estis.
1410 2593 1620 2661 lgnore
1669 2596 1915 2655 auttam,
1969 2588 2180 2644 fratres

524 2680 660 2743 mei.
703 2695 824 2751 quo
857 2695 1126 2750 pergam,
1159 2687 1215 2735 et
1240 2681 1416 2752 quale
1457 2681 1744 2749 judicium
1789 2697 1881 2734 me
1913 2685 2175 2742 maneat,

523 2773 627 2824 aut
645 2769 926 2838 quisnam
951 2784 1045 2823 me
1067 2768 1232 2823 locus
1257 2769 1510 2841 eycipiet
1543 2785 1555 2833 ;
1589 2783 1737 2839 opus
1757 2767 1915 2822 enim
1947 2768 2174 2822 bonum

523 2857 583 2912 in
612 2862 935 2927 conspectu
967 2857 1062 2911 Dei
1093 2856 1320 2911 nullum
1345 2859 1459 2925 egi,
1487 2872 1557 2911 ne
1586 2872 1768 2910 unum
1800 2856 2043 2928 quidem
2075 2871 2089 2921 ;
2117 2861 2177 2910 at

523 2950 733 3000 contra
763 2959 898 2998 reus
917 2960 1052 2999 sum
1078 2945 1276 2999 omnis
1302 2945 1986 3016 peccati.Verumtameu
2012 2943 2177 2998 la'tor

521 3038 578 3088 et
606 3032 863 3101 gaudeo,
899 3033 1056 3102 quod
1083 3049 1155 3088 ex
1186 3034 1298 3089 hoc
1331 3033 1558 3088 mundo
1599 3034 1654 3088 iu
1684 3032 1902 3088 caelum
1934 3032 2106 3086 abeo.
2140 3047 2176 3086 a

2284 1886 2449 1929 ταῦτα
2507 1874 2706 1943 οἴδατε,
2764 1879 3015 1949 μακάριοί
3067 1875 3212 1939 ἀστε,
3286 1878 3370 1928 ἐὰν
3427 1875 3698 1947 φυλάξοιτε
3761 1875 3891 1927 αύτά

2287 1968 2424 2038 ἄχρι
2449 1967 2644 2028 τέλους.
2703 1966 2762 2018 Ὀ
2792 1969 2890 2040 γὰρ
2921 1969 3086 2038 χορός
3141 1973 3241 2017 τῶν
3287 1968 3562 2038 μαρτύρων
3602 1966 3738 2036 ὑμᾶς
3793 1966 3890 2017 εἰσ-

2289 2051 2511 2117 δέξεται.
2574 2059 2673 2106 Καὶ
2732 2062 3236 2126 στεφανηφοροῦντες
3266 2051 3314 2104 ἐν
3367 2061 3428 2125 τῇ
3483 2052 3735 2126 βασιλείᾳ
3797 2061 3889 2104 τῶν

2288 2143 2536 2216 οὐρανῶν,
2569 2151 2667 2195 τῶν
2685 2143 2903 2195 αἰωνίων
2937 2142 3146 2213 ἀγαθῶν
3178 2142 3542 2194 ἀπολαύσοιτε.

2918 2231 3273 2302 Ἐπίλογος.

2365 2325 2464 2373 Καὶ
2492 2320 2688 2385 λοιπὸν,
2731 2324 2902 2385 τέκνα,
2944 2320 3205 2381 σῶζοισθε
3233 2337 3246 2349 ο
3282 2315 3585 2389 ἀποδημίαν
3611 2320 3717 2392 γὰρ
3753 2318 3892 2371 στελ-

2288 2407 2447 2480 λομαι
2503 2409 2914 2482 ἀνεπίστροφον·
2968 2410 3028 2468 ἣν
3078 2411 3259 2468 πάντες
3311 2410 3360 2460 οἱ
3425 2407 3511 2459 ἀπ’
3568 2407 3758 2466 αἰῶνος
3816 2402 3891 2457 δι-

2289 2494 2527 2550 ώδευσαν
2559 2515 2568 2524 ·
2604 2497 2678 2564 ἐφ’
2739 2497 2799 2555 ἣν
2853 2502 2942 2550 καὶ
2973 2496 3123 2550 αὐτοὶ
3161 2500 3346 2569 μικρὸν
3395 2496 3631 2567 ὕστερον,
3663 2495 3891 2566 λειτουρ-

2286 2591 2353 2656 γὴ
2366 2605 2536 2646 σαντες
2552 2589 2618 2637 τά
2647 2594 2736 2638 τού
2769 2584 2912 2657 βίου,
2948 2585 3308 2641 έπεϐιὼσεσθε.
3333 2585 3444 2638 Ούκ
3470 2581 3596 2637 οἶδα
3625 2582 3706 2649 δι,
3739 2581 3891 2636 ἀδελ-

2287 2679 2372 2746 φοί
2401 2695 2522 2746 μου,
2579 2683 2678 2726 πού
2727 2673 3066 2749 ἀπέρχομαι”
3100 2675 3130 2732 ἦ
3189 2674 3294 2727 οἷον
3348 2672 3638 2731 ἀπαντήσει
3690 2692 3787 2744 μοι
3835 2677 3888 2724 τὸ

2285 2771 2450 2836 κρῖμα
2481 2781 2494 2792 ·
2557 2764 2585 2822 ἡ
2639 2765 2810 2824 ὁποῖος
2868 2760 3178 2825 ὑποδέξεταί
3228 2782 3291 2831 με
3345 2765 3500 2825 τόπος
3535 2780 3546 2792 ·
3579 2765 3729 2836 ἔργον
3788 2764 3886 2834 γὰρ

2287 2851 2481 2923 ἀγαθόν
2537 2852 2631 2904 ούκ
2702 2853 3033 2926 εἰργασάμην
3081 2855 3294 2904 ἐνώπιον
3360 2859 3450 2904 τοῦ
3505 2858 3638 2904 Θεοῦ
3691 2851 3740 2904 ἓν
3803 2856 3888 2901 καὶ

2285 2944 2435 3012 μόνον
2472 2959 2482 2971 ·
2528 2945 2704 3000 πάσης
2750 2937 2808 2992 δε
2838 2939 3100 3014 ἁμαρτίας
3130 2941 3413 2999 ὑπεύθυνος
3464 2941 3712 3010 ύπαρχω.
3754 2938 3884 2995 Πλην

2284 3033 2461 3102 χαίρω
2492 3036 2580 3080 καὶ
2618 3025 2818 3099 ἦδομαι
2850 3034 2932 3082 ότι
2957 3033 3061 3081 ἀπὸ
3092 3030 3292 3100 κόσμου
3321 3028 3393 3090 εἰς
3421 3029 3636 3102 ούρανόν
3667 3031 3882 3098 πορεύο-

522 3121 779 3178 tenebris
809 3121 864 3176 in
907 3121 1124 3187 lucem,
1153 3138 1188 3177 a
1220 3123 1501 3176 servitute
1532 3122 1587 3175 in
1613 3121 1972 3184 libertatem,
2004 3120 2082 3174 ab
2114 3121 2172 3174 in

2292 3137 2378 3170 ααι
2408 3135 2420 3147 ο
2477 3115 2576 3170 ἀπὸ
2610 3122 2826 3175 σκότους
2881 3117 2954 3178 εἰς
3013 3126 3118 3188 φῶς
3150 3134 3160 3146 ⁸
3191 3116 3290 3169 ἀπό
3341 3114 3576 3176 δουλείας
3625 3116 3697 3177 εἰς
3753 3115 3885 3168 ἕλεν·

519 3211 718 3266 colatu
740 3211 799 3265 in
835 3226 1035 3266 veram
1070 3211 1504 3266 habitationem
1528 3217 1583 3266 et
1618 3209 1868 3280 patriam
1906 3225 1920 3275 ;
1953 3225 1988 3263 a
2012 3224 2171 3276 pere-

524 3299 1060 3371 grinis'etalienis.
1124 3300 1314 3356 lncole
1370 3301 1527 3355 enim
1585 3315 1713 3354 sum
1759 3305 1813 3355 et
1842 3299 2174 3368 peregimus

522 3390 676 3444 sicut
705 3403 902 3444 omnes
923 3394 1127 3458 patres
1152 3391 1267 3444 mei
1296 3391 1338 3452 ο,
1381 3388 1454 3444 ad
1483 3403 1616 3443 mea
1640 3394 1696 3442 et
1727 3389 1946 3458 propri.
1979 3385 2170 3442 Conﬁ-

521 3475 758 3532 dentius
797 3476 995 3532 adhuc
1039 3477 1260 3542 dicam,
1291 3477 1453 3548 quod
1487 3477 1564 3532 ad
1618 3477 1936 3532 Dominum
1971 3491 2171 3530 meum

522 3564 697 3630 abeo,
727 3565 802 3619 ad
849 3566 1167 3620 Dominum
1209 3582 1278 3620 ac
1306 3568 1489 3621 Deum
1522 3581 1747 3630 meum,
1780 3579 1961 3636 quem
1993 3563 2170 3618 dilexi

520 3654 727 3709 anima
780 3668 954 3719 mea;
985 3669 1164 3724 quem
1217 3655 1434 3723 agnovi
1495 3657 1744 3717 Patrem.
1781 3655 2015 3708 tametsi
2048 3668 2168 3708 non

519 3741 674 3797 colui
707 3748 769 3796 ut
796 3742 947 3796 ﬁlius
981 3758 994 3806 ;
1026 3758 1209 3814 quem
1262 3744 1500 3815 possedi
1553 3759 1674 3813 prta
1731 3741 2038 3810 omnibus,
2081 3748 2171 3796 ta-

523 3831 696 3885 metsi
731 3835 791 3884 ut
833 3845 1158 3898 germanus
1202 3847 1409 3886 servus
1472 3846 1591 3887 non
1647 3830 1888 3886 servivn.
1949 3832 2080 3884 Haec
2109 3835 2170 3883 ut

519 3918 804 3990 insipiens
824 3918 1098 3985 dixit,sed
1119 3924 1358 3992 propter
1371 3935 1477 3974 vos
1494 3919 1635 3983 dixi,
1671 3925 1732 3973 ut
1749 3918 2171 3989 propensiores

521 4007 669 4062 situs
708 4013 763 4061 et
791 4009 970 4062 oretis
997 4023 1104 4078 pro
1137 4007 1323 4063 salute
1349 4023 1481 4064 mea
1515 4026 1528 4060 :
1561 4023 1746 4079 quam
1792 4006 1890 4061 ubi
1921 4007 2172 4076 odeptus

519 4094 687 4153 fuero
710 4095 871 4166 (ecce
901 4111 973 4152 ea
1001 4097 1272 4166 spondeo
1313 4099 1370 4152 in
1415 4096 1604 4152 oculis
1650 4095 1891 4164 veritis),
1924 4110 2042 4149 non
2067 4095 2170 4150 de-

520 4184 774 4239 siturum
807 4200 901 4240 me
944 4185 1314 4240 conﬁdenter
1339 4201 1510 4241 orare
1540 4187 1722 4240 Deum
1756 4200 1825 4240 ac
1853 4185 2171 4239 Dominum

521 4284 847 4342 meumzpro
865 4274 1148 4328 omnibus
1167 4275 1357 4340 vobis,
1383 4281 1444 4329 ut
1473 4274 1625 4329 bene
1651 4273 1822 4328 vobis
1841 4274 1932 4338 sit,
1969 4279 2031 4328 ut
2054 4273 2172 4327 sal-

518 4360 758 4427 vemini,
780 4367 840 4416 ut
861 4361 1229 4433 impleamini
1261 4380 1274 4418 :
1298 4368 1650 4433 exspectans
1679 4376 2174 4433 unumquemque

2286 3207 2456 3280 θερίαν
2486 3225 2498 3238 ·
2525 3205 2626 3257 ἀπὸ
2681 3210 2962 3279 παροικίας
3006 3207 3076 3266 εἰς
3121 3206 3368 3263 ἀληθινὴν
3418 3209 3709 3258 κατοικίαν.
3758 3204 3885 3258 Ἀπό

2282 3303 2380 3344 τῶν
2421 3295 2570 3356 ξένων
2609 3299 2697 3346 καὶ
2741 3294 3017 3367 ἀλλοτρίων
3078 3295 3424 3368 (Παρθικος
3459 3297 3560 3364 γάρ
3601 3293 3742 3363 εἰμι
3782 3297 3888 3344 καὶ

2280 3379 2761 3455 παρεπίδημος,
2793 3386 3004 3445 καθὼς
3041 3386 3277 3443 πάντες
3315 3385 3375 3434 οἱ
3426 3387 3701 3454 πατέρες
3743 3383 3887 3454 μου)

2281 3471 2346 3532 εἰς
2373 3474 2438 3523 τὰ
2485 3473 2586 3542 έμὰ
2635 3472 2819 3525 οἰκεῖα.
2881 3470 2998 3525 Ἔτι
3045 3471 3420 3545 τολμηρότερον
3459 3470 3776 3542 φθέγξομαι,
3811 3473 3885 3523 ὅτι

2280 3565 2407 3631 πρὸς
2442 3565 2530 3612 τὸν
2563 3567 2826 3620 Δεσπότην
2857 3581 2957 3632 μου
3006 3559 3223 3631 ἀπίημι,
3258 3564 3388 3634 πρὸς
3434 3563 3520 3612 τὸν
3573 3562 3770 3632 Κύριον
3802 3565 3889 3612 καὶ

2279 3654 2399 3702 Θεόν
2439 3669 2560 3720 μου,
2617 3649 2671 3700 ὃν
2723 3651 2994 3719 ὂγάπησεν
3047 3650 3077 3707 ἡ
3133 3648 3286 3720 ψυχή
3343 3668 3441 3720 μου
3472 3665 3485 3677 ·
3517 3648 3572 3700 ὃν
3622 3651 3890 3723 ἐγνώρισα

2281 3743 2503 3811 Πατέρα,
2544 3738 2586 3790 εἰ
2637 3745 2727 3790 καὶ
2781 3739 2873 3792 οὐκ
2903 3738 3229 3809 ἐθεράπευσα
3292 3741 3362 3799 ὡς
3394 3739 3506 3799 υἱός
3540 3755 3553 3768 ⁸
3588 3736 3684 3790 “Ov
3739 3741 3889 3796 ἑκτη-

2279 3829 2451 3898 σάμην
2494 3825 2608 3879 ἀντὶ
2657 3830 2881 3896 πάντων,
2929 3827 2973 3879 εἰ
3002 3832 3092 3879 καὶ
3129 3826 3222 3878 ούκ
3261 3822 3549 3878 ἐδούλευσα
3597 3829 3660 3886 ὡς
3695 3822 3888 3888 δοῦλος

2277 3920 2529 3986 γνήσιος’
2583 3922 2759 3968 Ταῦτα
2811 3923 3155 3988 παραφρονῶν
3206 3918 3389 3988 εἴρηκα
3423 3929 3436 3942 ’
3492 3909 3565 3966 δι’
3625 3915 3772 3984 ὑμᾶς
3831 3911 3887 3966 δε

2277 4003 2503 4074 λέλεχα·
2563 4005 2644 4056 ῖνα
2697 4006 3038 4078 προθυμῆσθε
3089 4008 3180 4056 καὶ
3234 4003 3600 4076 ύπερεύχησθέ
3631 4021 3743 4074 μου
3794 4011 3886 4064 τῆς

2281 4096 2537 4164 σωτηρίας
2571 4110 2582 4121 ⁸
2609 4097 2698 4146 καὶ
2749 4095 2832 4144 ἐάν
2880 4091 3118 4144 ἐπιτύχω
3175 4093 3390 4153 ταύτης,
3442 4087 3560 4143 ἰδοὺ
3607 4089 3769 4160 λόγον
3810 4087 3887 4144 δί-

2282 4177 2420 4252 δωμι
2453 4181 2664 4233 ἐνώπιον
2698 4190 2788 4242 τῆς
2833 4179 3096 4246 ἀληθείας,
3129 4181 3209 4232 ότι
3239 4184 3299 4232 ού
3351 4185 3560 4251 σιγησω
3607 4178 3885 4252 τολμηρῶς

2283 4266 2494 4322 δέεσθαι
2541 4279 2632 4322 τοῦ
2692 4275 2885 4344 Κυρίου
2915 4276 3004 4322 καὶ
3053 4274 3314 4323 Δεσπότου
3353 4288 3453 4342 μου
3485 4269 3612 4342 ὑπὲρ
3674 4272 3884 4320 πάντων

2283 4361 2441 4430 ὑμῶν,
2508 4360 2589 4411 ἶνα
2640 4360 2949 4434 εύπραγῆτε,
3010 4361 3093 4411 ἵνα
3145 4358 3426 4426 σώζοισθε,
3485 4358 3569 4410 ἱνα
3618 4357 3884 4415 πληθύνη-

521 4448 846 4518 sigillatim,
870 4466 1006 4506 cum
1039 4467 1111 4506 ex
1145 4451 1373 4506 mundo
1408 4449 1708 4520 migrabit,
1751 4455 1812 4505 ut
1835 4451 2096 4514 videam,
2121 4455 2172 4503 et

2292 4448 2377 4499 σθε
2402 4464 2413 4476 ·
2447 4444 2873 4521 προσδεχόμενος
2925 4449 3010 4499 ἕνα
3057 4449 3246 4498 καθένα
3277 4443 3370 4498 δ’ιά
3399 4453 3488 4506 τῆς
3543 4443 3646 4496 ἀπὸ
3678 4453 3883 4516 κόσμου

516 4537 810 4608 excipiam
832 4543 889 4594 et
909 4541 1254 4611 amplectar.
1269 4539 1569 4596 Fiduciam
1593 4539 1753 4594 enim
1778 4539 1934 4594 hanc
1953 4539 2171 4603 habeo,

515 4625 682 4698 quod
711 4627 952 4683 bonitas
981 4629 1111 4698 ejus
1140 4630 1198 4683 in
1231 4628 1492 4698 idipsum
1543 4644 1650 4683 nos
1679 4643 1890 4683 omnes
1921 4628 2016 4683 hic
2057 4643 2175 4689 ser-

522 4715 682 4771 vabit
708 4722 761 4771 et
789 4717 846 4770 in
877 4716 1078 4772 futuro
1099 4717 1330 4773 saeculo.
1349 4720 1479 4786 ejus
1504 4717 1808 4773 mandatis
1829 4718 2172 4772 obsecutos.

519 4804 599 4860 ad
635 4802 1059 4861 celebrandam
1091 4806 1221 4875 ejus
1258 4822 1559 4861 summam
1586 4806 1932 4878 potentiam.
1967 4809 2172 4861 Recor-

520 4893 749 4948 damini
772 4893 1090 4949 humilium
1121 4909 1466 4949 sermonum
1499 4911 1790 4960 meorum,
1823 4894 1948 4950 ﬁlii.
1985 4894 2175 4964 Depo-

522 4983 702 5038 situm
733 4982 1025 5038 custodite
1057 4997 1071 5036 :
1106 4984 1166 5037 in
1197 4981 1430 5038 Christo
1463 4983 1603 5038 Jesu
1659 4983 1909 5039 Domino
1945 4989 2170 5047 nostro,

522 5071 617 5126 cui
675 5069 864 5140 gloria
911 5074 970 5126 et
1034 5071 1354 5142 imperium
1402 5073 1461 5127 in
1513 5071 1728 5128 saecula
1790 5070 2170 5128 saculorum.

524 5159 735 5215 Amen.

597 5333 965 5390 Obdormivit
991 5337 1367 5394 sanctisimus
1402 5338 1583 5392 Pater
1608 5343 1806 5392 noster
1834 5340 1888 5391 et
1917 5351 2170 5406 magnus

521 5423 816 5491 confessor
849 5425 1404 5489 Theodorus,annos
1419 5433 1566 5480 natu
1590 5427 1904 5495 sexaginta
1929 5433 2166 5492 septem,

519 5526 717 5568 mense
725 5512 787 5569 N
787 5529 947 5569 ovem
955 5515 1047 5569 bri
1052 5557 1063 5577 .
1073 5514 1383 5570 undecima
1397 5512 1486 5569 die
1500 5513 1814 5579 Dominica,
1824 5514 1968 5571 hora
1979 5519 2168 5582 sexta,

523 5601 772 5660 Indicit.
813 5603 1046 5674 quinta,
1075 5617 1235 5660 anno
1259 5602 1421 5660 6335.

595 5699 622 5740 ⁸
649 5699 805 5761 Paul.
833 5712 1080 5769 xxxvm,
1112 5698 1199 5756 13.

2283 4537 2696 4607 ἀποχωρήσει-ις,
2789 4539 3013 4609 θεωρεῖν,
3109 4540 3194 4588 καὶ
3279 4533 3723 4606 προσλαμϐάνειν,
3800 4540 3886 4586 καὶ

2282 4626 2737 4698 προασπαζεσθαι.
2793 4627 3110 4681 Πεποίθησιν
3157 4628 3256 4698 γὰρ
3303 4626 3550 4681 τοιαύτην
3607 4624 3744 4694 ἔχω,
3808 4625 3885 4675 ὅτι

2281 4716 2310 4772 ἡ
2346 4713 2606 4784 ἀγαθότης
2631 4714 2788 4766 αὐτοῦ
2833 4713 2915 4766 ἐπὶ
2945 4717 3003 4765 τό
3049 4713 3198 4776 αύτό,
3231 4716 3301 4775 ὡς
3332 4711 3557 4765 ένταύθα
3616 4707 3884 4788 διατηρῶ-

2285 4822 2363 4856 σει
2392 4807 2586 4862 πάντας
2617 4806 2746 4874 ὑμᾶς
2802 4809 2890 4856 καὶ
2921 4807 2968 4856 ἓν
3021 4811 3092 4855 τῶ
3140 4803 3376 4874 μέλλοντι
3428 4802 3601 4865 αἰῶνι,
3658 4805 3754 4863 τάς
3814 4806 3886 4854 ἐν·

2282 4892 2432 4954 τολάς
2487 4893 2642 4944 αύτον
2679 4898 3054 4964 τετηρηκότας,
3100 4897 3230 4964 πρὸς
3282 4896 3338 4944 τὸ
3385 4890 3610 4963 ἀνιμνείν
3665 4895 3724 4943 τὸ
3763 4913 3880 4944 παν-

2282 4982 2429 5051 άγιον
2493 4981 2652 5032 αὐτοῦ
2717 4983 2920 5052 κράτος.
2990 4983 3271 5051 Μέμνησθέ
3323 4999 3424 5053 μου
3481 4988 3577 5032 τῶν
3628 4988 3883 5032 ταπεινῶν

2280 5069 2462 5140 λόγων,
2505 5073 2723 5121 τεκνίαο
2776 5074 2868 5127 τὴν
2951 5070 3409 5141 παρακαταθήκην
3483 5066 3785 5140 φυλάξατε·
3839 5069 3880 5120 ἓν

2281 5165 2497 5231 Χριστῷ
2541 5158 2714 5214 Ἰησοῦ
2764 5166 2836 5227 τῷ
2895 5159 3073 5229 Κυρίῳ
3105 5158 3280 5227 ἡμῶν,
3435 5158 3465 5215 ἡ
3525 5152 3659 5219 δόξα
3685 5163 3782 5210 καὶ
3828 5156 3879 5208 τό

2280 5248 2468 5322 κράτος
2493 5247 2558 5307 εἰς
2587 5251 2702 5308 τοὺς
2734 5246 2918 5307 αἰῶνας
2944 5254 3044 5298 τῶν
3077 5245 3297 5302 αἰώνων.
3329 5246 3518 5317 Ἀμην.

2355 5337 2700 5407 Ἐκοιμὴθη
2765 5337 2790 5388 ὁ
2854 5340 3356 5405 παναγιώτατος
3414 5337 3644 5408 Πατὴρ
3705 5336 3874 5406 ἡμῶν

2280 5429 2384 5477 καὶ
2423 5429 2620 5494 μέγας
2660 5425 3062 5494 ὁμολογητὴς
3110 5419 3442 5497 Θεόδωρος
3488 5424 3644 5474 ἑτῶν
3680 5425 3871 5493 ὑπάρ-

2279 5535 2409 5586 χων
2449 5513 2604 5566 έπτὰ
2639 5521 2745 5566 καὶ
2789 5513 3134 5576 ἐξήκονταο
3187 5517 3348 5584 μηνὶ
3386 5509 3757 5586 Νοεμϐρίῳ,
3802 5508 3872 5563 ιε’

2280 5606 2488 5678 ᾑμέρᾳ
2529 5608 2842 5674 κυριακῇ,
2875 5604 3003 5677 ὥρᾳ
3041 5601 3113 5668 ς’.
3143 5597 3286 5668 Ἰνδ,
3315 5599 3373 5656 ε’.
3402 5603 3482 5656 ἔτ.
3519 5599 3710 5668 ςτλέ.
