4038 6312
479 257 618 317 1827
1484 256 1868 317 APPENDIX.
1901 293 1968 303 —
2006 255 2400 319 NAUCRATII
2444 260 2838 321 ENCYCLICA
3699 267 3831 326 18%

471 384 588 457 ipsi
641 385 1142 453 collaborassetis,
1200 403 1270 442 ac
1323 388 1382 442 in
1435 386 1636 442 multis
1696 386 2098 458 omnibusque

2233 393 2321 440 καὶ
2369 387 2417 440 έν
2471 388 2622 442 πάσι.
2674 395 2992 462 Κεκοίμηται
3052 391 3077 443 6
3131 396 3297 453 κοινὸς
3352 397 3530 467 Πατὴρ
3594 395 3762 465 ἡμων,
3811 398 3833 447 ὁ

473 488 795 531 commune
818 491 954 530 cum
983 491 1053 531 eo
1078 475 1441 532 habuissetis
1463 482 1785 531 certamen.
1813 475 2100 531 Dormitio

2230 485 2322 528 τοῦ
2356 485 2585 550 Χριστοῦ
2642 478 2862 543 ἀληθῶς,
2904 485 2993 532 καὶ
3021 483 3280 551 μαθητὴς,
3336 488 3424 534 καὶ
3454 488 3693 553 μιμητής
3727 501 3740 513 ·
3780 489 3832 535 τὸ

471 579 609 619 nem
636 565 870 636 accepit
897 566 1239 620 communis
1273 565 1438 620 Pater
1470 570 1691 628 nos-ter,
1724 564 1818 620 ille
1852 581 2117 636 prorsus,

472 658 528 708 et
547 651 877 724 discipulus
907 653 1114 708 Christi
1137 660 1193 708 et
1218 653 1513 721 imitator;
1538 669 1606 708 os
1631 652 1774 707 illud
1805 653 2077 708 Ecclesia
2101 671 2116 721 ;

473 741 850 798 sacerdotum
877 743 1060 796 decus
1095 758 1109 808 ;
1146 741 1280 798 ﬁdei
1315 741 1592 797 columen
1624 758 1640 806 ;
1677 741 1879 810 regula
1915 758 2121 797 mona-

469 829 720 886 chorum
746 846 760 896 ;
784 830 1161 900 evangelicus
1185 834 1425 902 pastor;
1452 836 1659 902 pectus
1683 828 2116 898 apostolicum;

467 917 727 974 eximius
767 918 1076 974 confessor
1119 936 1132 986 ;
1174 928 1370 990 matyr
1411 920 1750 989 propositus
1791 934 1806 983 ;
1850 919 1938 972 sol
1979 917 2116 972 fidei

466 1008 815 1064 orthodoxa
855 1024 869 1073 ;
901 1007 1063 1063 orbis
1092 1009 1320 1063 doctor.
1365 1010 1576 1079 Atque,
1619 1005 1769 1077 proh
1809 1006 2058 1068 verbum
2100 1007 2112 1062 Ι

466 1096 694 1168 accepit
721 1096 1147 1151 dormitionem
1177 1096 1520 1151 communis
1550 1096 1720 1150 Pater
1750 1112 1763 1161 ;
1811 1094 2118 1150 vocalissi-

469 1201 604 1240 mus
633 1185 726 1240 ille
747 1185 1007 1239 veritatis
1031 1200 1226 1256 praco
1252 1202 1266 1250 ;
1285 1186 1445 1255 jugis
1471 1184 1754 1238 doctrina
1777 1185 2113 1253 scaturigo;

467 1274 560 1329 cui
602 1274 762 1329 velut
808 1273 1263 1328 innumerabilis
1289 1277 1365 1343 (2)
1399 1273 1476 1328 ad
1509 1273 2005 1341 gubernationem
2055 1274 2115 1328 in

462 1363 647 1418 ﬁnem
659 1361 845 1416 divini
865 1364 1153 1433 propositi
1173 1369 1330 1417 esset
1349 1361 1680 1416 intellectus
1712 1360 2116 1426 ;admirabilis

461 1450 558 1506 ille
575 1450 951 1506 consiliarius
970 1469 983 1518 ;
1001 1450 1190 1505 tidelis
1203 1450 1586 1520 dispensator
1598 1456 2113 1505 sacramentorum

467 1541 570 1596 Dei
605 1559 619 1610 ;
651 1540 797 1596 civis
819 1540 1073 1595 calestis
1093 1539 1422 1594 Jerusalem
1451 1557 1465 1604 ;
1499 1553 1670 1593 mens
1702 1543 1960 1610 purgata
1995 1553 2009 1604 ;
2037 1554 2114 1593 au

463 1643 602 1685 reus
623 1629 864 1685 animus
893 1657 907 1694 ,~
943 1630 1301 1699 panitentia
1321 1630 1514 1697 janua
1538 1644 1554 1692 ;
1580 1627 1712 1682 fons
1734 1629 2114 1696 dogmatum,

2233 572 2415 627 σκεῦος
2471 574 2566 628 τῆς
2605 566 2816 639 ἓκλογῆς
2849 587 2861 599 '
2921 572 2979 620 τὸ
3037 589 3209 640 στομα
3253 577 3347 630 τῆς
3378 569 3694 631 Ἐκκλησίας
3722 589 3736 600 ·
3779 577 3831 622 τό

2230 653 2375 714 κλέος
2424 664 2521 706 τῶν
2573 657 2741 728 ἱερέων
2774 674 2786 685 '
2835 662 2894 708 τό
2948 665 3040 719 τῆς
3094 662 3320 719 πίστεως
3365 661 3583 730 ἔρεισμα
3613 676 3631 693 ο
3686 662 3711 710 6
3743 671 3833 712 τῶν

2228 747 2554 812 μοναςόντων
2605 750 2808 796 κανών·
2865 746 2890 796 6
2944 746 3275 816 εύαγγελικός
3325 752 3519 818 ποιμήν
3553 764 3566 776 ⁸
3624 750 3654 805 ἡ
3714 747 3832 800 ἀπο-

2231 830 2441 888 στολικη
2509 829 2709 906 καρδία
2742 851 2754 864 ’
2811 842 2906 885 τῶν
2967 835 3299 906 όμολογητῶν
3362 836 3387 886 6
3441 835 3708 909 ἐξαίρετος
3740 854 3753 866 ·
3808 839 3831 889 6

2227 925 2585 992 προαιρετικός
2623 923 2824 992 μείρτυς
2861 939 2872 950 ·
2916 928 2941 972 ό
2990 931 3085 984 τῆς
3124 919 3437 994 ὁρθοδοξίας
3467 925 3612 986 ἣλιος
3637 944 3650 956 ο
3699 926 3726 975 6
3766 926 3829 976 oi.-

2227 1012 2528 1080 κουμενικός
2567 1006 2909 1072 διδάσκαλος.
2957 1016 3076 1076 Καὶ,
3119 1015 3158 1061 ὦ
3199 1020 3294 1063 τοῦ
3334 1012 3716 1084 ἀκούσματοςὲ
3761 1035 3830 1066 κε-

2225 1102 2473 1168 κοίμηται
2525 1099 2552 1149 6
2599 1103 2764 1159 κοινός
2819 1105 2997 1174 Πατὴρ
3066 1103 3211 1171 ἡμῶν
3272 1103 3297 1152 6
3347 1102 3830 1174 μεγαλοφωνότατος

2223 1193 2316 1246 τῆς
2343 1185 2584 1248 ἀληθείας
2615 1187 2782 1261 κῆρυξ
2814 1207 2826 1219 ο
2871 1189 2896 1239 6
2929 1187 3134 1251 ἁένναος
3173 1197 3263 1249 τῆς
3303 1187 3670 1252 διδασκαλίας
3713 1189 3828 1265 βρυ-

2225 1280 2321 1346 τήρ
2352 1294 2363 1306 ·
2412 1277 2438 1327 6
2467 1283 2740 1349 μυριονους
2770 1285 2829 1349 τῇ
2865 1279 3130 1348 θεοσκόπῳ
3177 1277 3484 1352 κυϐερνήσει
3519 1297 3531 1310 ·
3569 1281 3594 1331 6
3637 1283 3830 1350 θαυμα-

2227 1367 2350 1424 στὸς
2382 1362 2745 1438 βουληφόρος·
2788 1367 2814 1416 6
2858 1370 3043 1426 πιστός
3090 1366 3357 1438 οἰκονόμος
3405 1376 3505 1419 τῶν
3563 1376 3659 1420 τοῦ
3707 1376 3829 1422 Θεοῦ

2223 1459 2527 1527 μυστηρίων
2559 1475 2572 1488 ·
2626 1457 2651 1508 6
2689 1463 2778 1516 τῆς
2829 1456 3138 1529 ἐπουρανίου
3175 1456 3518 1528 Ἰερουσαλὴμ
3559 1459 3783 1520 πολίτης
3813 1477 3824 1488 ·

2224 1545 2250 1595 6
2301 1547 2675 1615 κεκαθαρμένος
2729 1554 2844 1606 νοῦς
2876 1563 2888 1574 °
2942 1548 2971 1604 ἡ
3028 1543 3359 1617 χρυσοειδὴς
3387 1547 3542 1618 ψυχή
3575 1565 3588 1578 ⁸
3655 1549 3686 1605 ἠ
3745 1556 3826 1608 τῆς

2222 1638 2498 1703 μετανοίας
2524 1636 2655 1706 θύρα
2690 1651 2700 1662 ⁸
2760 1636 2790 1692 ἡ
2846 1643 2942 1686 τῶν
2975 1630 3254 1706 δογμάτων
3310 1639 3454 1706 πηγή
3495 1657 3508 1668 ·
3569 1638 3600 1693 η
3641 1640 3829 1707 εύηχος

461 1717 616 1774 bene
655 1718 966 1774 modulata
998 1717 1250 1790 Spiritus
1286 1717 1415 1788 lyra
1446 1735 1462 1784 ;
1495 1718 1686 1772 beata
1724 1733 1794 1771 ac
1828 1717 2100 1787 principis

2221 1729 2313 1774 τοῦ
2369 1726 2656 1793 Πνεύματος
2708 1723 2875 1794 λύρα·
2941 1727 2998 1774 τό
3052 1719 3370 1793 ἐνδιαίτημα
3416 1732 3506 1784 τῆς
3562 1730 3830 1799 μακαρίας

464 1806 761 1865 Trinitatis
788 1807 1162 1861 domicilium
1185 1807 1472 1861 Caterum
1490 1806 1687 1860 dicam
1710 1805 1919 1861 iterum
1953 1821 1965 1860 :
1990 1820 2114 1861 non

466 1900 531 1950 ut
548 1895 1017 1951 consolationem
1041 1894 1367 1950 adhibeam
1390 1911 1404 1961 ;
1424 1897 1567 1960 Qua
1589 1894 1749 1950 enim
1766 1896 1956 1950 oratio
1979 1901 2111 1950 tan-

465 1987 539 2039 ta
569 1983 704 2038 huic
729 1983 1050 2042 calamitati
1073 1984 1297 2038 mederi
1321 1984 1507 2054 possit
1535 1981 1562 2038 ‘l
1590 1983 1698 2038 sed
1727 1990 1788 2039 ut
1813 1999 1953 2039 voce
1975 1984 2110 2048 hac,

460 2071 730 2129 dolorem
747 2072 914 2129 omni
930 2079 1096 2144 parte
1108 2073 1610 2143 constringentem
1631 2088 1754 2138 cor,
1777 2073 2072 2144 explicem
2093 2089 2108 2128 :

461 2163 692 2233 accepit
724 2163 1148 2218 dormitionem
1190 2162 1531 2216 communis
1569 2164 1735 2216 Pater
1765 2180 1782 2231 ;
1821 2161 2112 2217 terrestris

460 2249 556 2306 ille
577 2251 848 2321 angelus,
867 2258 922 2306 et
942 2251 1129 2306 homo
1145 2251 1403 2306 calestis
1431 2266 1446 2315 ;
1472 2250 1940 2306 mundissimum
1963 2249 2110 2308 illud

463 2338 818 2409 virginitatis
836 2339 1124 2411 templum
1144 2355 1158 2406 ;
1177 2339 1482 2410 multiplex
1496 2339 1590 2394 ille
1613 2355 1683 2394 ac
1698 2339 2108 2406 multiformis,

461 2428 708 2484 volubili
723 2429 1022 2502 sapientia
1037 2429 1316 2499 Spiritus;
1332 2428 1764 2483 intentissimus
1778 2427 2103 2498 conjector;

456 2532 630 2573 verus
683 2515 900 2573 Christi
948 2516 1212 2572 famulus
1261 2517 1552 2586 ;corporis
1601 2516 1810 2572 Christi
1859 2516 2108 2587 pulchro

455 2605 775 2677 supercilio
831 2605 1041 2661 oculus
1092 2621 1106 2670 ;
1160 2606 1458 2675 patientia
1507 2604 1690 2675 pugil,
1741 2605 2106 2677 haresisque

454 2694 994 2750 lconomachorum
1027 2692 1212 2748 victor
1241 2711 1258 2763 ;
1284 2693 1529 2762 justitia
1561 2698 1870 2749 armatura
1904 2709 1922 2763 ;
1952 2693 2106 2750 elee-

459 2798 729 2854 mosyna
755 2783 889 2837 fons
917 2800 930 2850 ;
954 2781 1208 2852 diligens
1231 2781 1465 2836 Domini
1499 2781 1700 2851 legum
1724 2791 1961 2848 custos;
1989 2783 2108 2838 the-

457 2873 622 2928 sauri
651 2872 934 2927 virtutum
967 2886 1127 2942 penu
1159 2889 1174 2937 ;
1207 2869 1399 2925 dulcis
1431 2885 1727 2935 sermone,
1761 2877 1817 2926 et
1845 2871 1920 2926 ad
1953 2873 2106 2927 salu-

455 2960 709 3015 tandum
728 2959 920 3015 facilis
947 2961 1047 3032 (3).
1073 2961 1214 3025 Quis
1244 2975 1404 3026 vero,
1433 2965 1516 3014 tot
1544 2965 1815 3015 tantasve
1844 2960 2108 3032 appella-

2221 1815 2310 1863 καὶ
2363 1810 2597 1882 ἀρχικῆς
2645 1807 2892 1883 Τριάδος.
2941 1816 3040 1865 Καί
3085 1831 3145 1882 γε
3197 1807 3346 1874 αὖθις
3395 1811 3510 1887 έρῶ,
3558 1814 3620 1865 ού
3669 1834 3831 1885 παρα-

2219 1898 2453 1960 κλήσεως
2506 1900 2650 1951 ἕνεκα
2682 1917 2694 1928 ”
2751 1904 2828 1960 τίς
2877 1902 2978 1974 γὰρ
3055 1900 3116 1951 ἄν
3181 1905 3270 1952 καὶ
3326 1901 3472 1971 λόγος
3537 1900 3826 1975 έξευρεθείη

2219 1991 2484 2048 τοσαύτης
2547 1994 2818 2060 συμφορᾶς
2879 1988 3093 2061 ἰατρο’ς;
3160 1987 3288 2041 ἀλλά
3341 1995 3432 2048 τὴν
3488 1988 3828 2065 περιοδυνίαν

2219 2083 2310 2137 τῆς
2368 2084 2614 2138 ταπεινῆς
2671 2078 2814 2149 ἡμῶν
2871 2073 3116 2151 καρδίας,
3167 2081 3221 2129 ἐκ
3279 2086 3374 2140 τῆς
3423 2086 3594 2150 φωνῆς
3633 2083 3829 2142 ταύτης

2219 2167 2340 2237 ύμῖν
2394 2163 2831 2238 διασημαίνοντες
2862 2186 2874 2198 ·
2947 2171 3257 2238 κεκοίμηται
3319 2169 3344 2219 6
3404 2173 3574 2230 κοινὸς
3647 2174 3825 2244 Πατὴρ

2219 2256 2383 2324 ἡμῶν,
2431 2256 2456 2305 6
2497 2253 2718 2324 ἐπίγειος
2754 2255 2968 2325 ἄγγελος
3006 2259 3096 2306 καὶ
3143 2255 3379 2328 οὐράνιος
3429 2256 3708 2327 ἄνθρωπος
3739 2275 3751 2286 ’
3801 2261 3824 2310 6

2217 2349 2313 2403 τῆς
2343 2344 2616 2414 παρθενίας
2643 2347 2763 2403 ναὸς
2813 2345 3185 2414 καθαρώτατος
3219 2360 3231 2373 ·
3299 2346 3324 2395 6
3385 2343 3677 2406 πολλοστὸς
3741 2351 3824 2398 καὶ

2217 2427 2499 2490 πολυειδὴς
2529 2439 2589 2502 τῇ
2635 2431 3048 2504 ποικιλοστρόφῳ
3091 2436 3248 2504 σοφίᾳ
3285 2440 3376 2484 τοῦ
3411 2435 3717 2505 Πνεύματος
3753 2452 3765 2463 ⁶
3803 2437 3825 2485 6

2217 2519 2573 2592 έπιτεταμένος
2631 2525 2942 2592 στοχαστής
3022 2522 3047 2572 6
3090 2525 3307 2592 γνήσιος
3340 2529 3574 2595 Χριστοῦ
3628 2523 3826 2596 ὑπηρέ-

2216 2627 2306 2669 της
2339 2625 2355 2642 ο
2401 2610 2426 2660 6
2479 2607 2881 2683 καλλιϐλέφαρος
2936 2608 3201 2681 ὀφθαλμὸς
3237 2618 3328 2662 τοῦ
3371 2618 3605 2684 Χριστοῦ
3649 2618 3824 2683 σώμα-

2217 2715 2302 2759 τος
2335 2717 2346 2729 ·
2395 2699 2421 2750 6
2461 2705 2550 2757 τῆς
2589 2700 2848 2769 ὑπομονῆς
2882 2697 3128 2762 ἀθλητὴς,
3161 2704 3251 2750 καὶ
3280 2707 3370 2760 τῆς
3398 2700 3825 2772 Εἰκονομαχικῆς

2216 2788 2462 2857 αἱρέσεως
2494 2791 2706 2847 νικητης
2735 2803 2746 2815 ·
2801 2791 2858 2838 τό
2911 2796 3004 2849 τῆς
3053 2783 3398 2850 δικαιοσύνης
3427 2789 3581 2840 ὁπλον
3609 2809 3621 2821 ·
3669 2792 3700 2848 η
3737 2798 3826 2849 τῆς

2215 2873 2563 2946 έλεημοσύνης
2609 2879 2800 2948 κρήνη,
2853 2877 2878 2926 6
2932 2876 3151 2948 ἀκριϐὴς
3200 2885 3290 2928 τοῦ
3345 2882 3536 2950 Κυρίου
3595 2881 3825 2950 νομοφύ-

2214 2963 2308 3025 λαξ
2339 2981 2349 2992 ·
2391 2967 2446 3016 τό
2489 2963 2973 3038 θησαυροφυλάκιον
3017 2972 3116 3016 τῶν
3166 2965 3358 3037 ἀρετῶν
3393 2983 3404 2994 ·
3457 2967 3482 3016 6
3531 2969 3622 3016 τόν
3675 2966 3822 3036 λόγον

454 3048 641 3105 tiones
661 3049 856 3120 gratia
880 3063 1216 3114 concessas,
1253 3047 1330 3103 ab
1361 3048 1490 3119 ejus
1522 3049 1970 3118 operationibus
1999 3049 2100 3120 qui

2214 3047 2368 3120 ἡδὺς,
2420 3057 2510 3104 καὶ
2563 3058 2656 3110 τὴν
2697 3058 3054 3126 προσηγορίαν
3093 3054 3417 3127 εὐπρόσιτος.
3465 3059 3565 3106 Καὶ
3605 3059 3684 3115 τίς
3716 3057 3821 3106 ἱκα-

456 3136 788 3209 apostolica
810 3135 1123 3193 affectione
1145 3136 1352 3191 omnia
1368 3136 1648 3190 omnibus
1669 3135 1912 3192 etl'ectus
1929 3142 2101 3204 esset,

450 3226 725 3282 oratione
767 3225 1124 3297 expresserit
1153 3223 1182 3280 7
1213 3228 1256 3281 Ο
1287 3225 1797 3291 desideratissimi,
1839 3226 1984 3296 quid
2023 3226 2102 3282 ad

455 3329 566 3370 nos
593 3315 852 3371 humiles
881 3316 1036 3370 istud
1069 3314 1431 3369 sacramenti
1472 3313 1499 3367 Τ
1528 3315 1668 3378 Qua
1711 3330 1850 3369 vero
1879 3330 2102 3372 arcana

455 3402 560 3460 Dei
589 3406 881 3476 sapientia
911 3405 939 3462 ?
968 3407 1134 3460 Nunc
1167 3404 1310 3458 mihi
1347 3404 1618 3458 Jeremia
1646 3403 1921 3458 lamentis
1946 3419 2100 3476 opus

453 3499 630 3560 esset,
654 3510 724 3550 ac
745 3495 793 3548 si
818 3495 956 3566 quis
982 3493 1133 3548 alius
1161 3493 1374 3548 beatus
1400 3493 1485 3546 vir
1506 3498 1894 3562 sanctusque,
1926 3507 2100 3561 gran-

451 3583 592 3640 dem
623 3583 890 3654 aliquam
921 3581 1322 3638 calamitatem
1354 3580 1702 3651 deploravit.
1733 3581 1958 3636 Corruit
1991 3583 2095 3646 vir,

453 3671 629 3742 plane
685 3671 969 3727 columna
1024 3677 1082 3726 et
1133 3669 1390 3725 fulcrum
1441 3668 1713 3724 Ecclesia
1773 3685 1786 3724 :
1845 3669 1989 3734 imo,
2049 3672 2099 3727 is

452 3760 700 3832 quidem
721 3760 799 3816 ad
825 3760 1066 3815 beatam
1083 3759 1274 3816 elatus
1291 3758 1495 3824 vitam,
1518 3774 1554 3813 a
1571 3757 1744 3813 nobis
1761 3757 2054 3814 abscessit
2081 3775 2094 3814 :

454 3849 786 3921 periculum
810 3863 950 3904 vero
966 3854 1073 3915 est,
1098 3863 1171 3902 ne
1191 3854 1354 3903 tanto
1375 3846 1718 3902 fulcimento
1736 3846 2094 3917 substracto,

451 3945 735 3996 corruant
765 3937 973 4010 aliqui,
1011 3937 1337 4009 palamque
1371 3935 1475 3992 ﬁat
1512 3934 1679 4007 quod
1722 3940 1893 4007 putre
1923 3936 1980 3991 in
2013 3937 2099 3992 eis

450 4034 561 4084 est.
586 4029 938 4085 Obturatum
958 4033 1050 4083 est
1068 4043 1156 4092 os,
1182 4027 1346 4091 Quod
1365 4026 1427 4081 in
1444 4027 1568 4095 lege
1589 4025 1699 4082 Dei
1717 4025 2101 4082 meditaretur

449 4118 544 4174 die
579 4133 648 4174 ac
685 4121 857 4174 nocte
888 4118 930 4184 ³,
961 4117 1249 4189 quodque
1271 4117 1448 4186 justa
1477 4115 1763 4170 libertatis
1798 4116 1980 4170 verba
2019 4115 2099 4170 ad

447 4207 907 4264 adiﬁcationem
929 4208 1257 4262 scaturiret.
1276 4207 1713 4261 Abscesserunt
1728 4204 1777 4274 ej
1791 4221 1858 4258 us
1881 4204 2097 4259 mentis

447 4296 716 4365 consilia,
739 4297 912 4369 cujus
927 4297 988 4351 in
1014 4299 1130 4352 Deo
1152 4304 1351 4350 motus
1367 4300 1552 4350 erant.
1574 4294 1822 4352 Clausus
1846 4299 1932 4349 est
1952 4308 2097 4350 ocu-

449 4401 520 4441 us
532 4391 692 4440 recta
705 4384 1160 4457 videns,quique
1174 4385 1399 4439 bonum
1419 4400 1455 4439 a
1470 4383 1628 4438 malo
1640 4383 1862 4455 optime
1878 4381 2096 4438 discer-

2212 3145 2292 3202 νὸς
2343 3141 2700 3214 λογογραφεῖν,
2753 3143 2950 3204 ὁπόσας
2989 3141 3129 3213 αύτῷ
3180 3147 3270 3195 καὶ
3317 3142 3502 3202 ἡλίκας
3551 3162 3819 3217 προσηγο-

2211 3235 2330 3303 ρίας
2383 3235 2621 3302 παρέσχε
2651 3232 2680 3288 ἡ
2745 3232 2857 3282 θεία
2885 3232 3068 3301 χάρις,
3120 3239 3232 3292 ταῖς
3277 3230 3558 3302 ἐνεργείαις
3590 3239 3690 3284 τοῦ
3722 3239 3822 3292 τοῖς

2213 3324 2345 3371 πᾶσι
2372 3321 2542 3372 πάντα
2588 3319 2905 3392 ἀποστολικῇ
2949 3316 3185 3372 διαθέσει
3235 3325 3552 3392 γενομένους
3608 3317 3648 3371 ὦ
3713 3320 3823 3374 ἀει-

2212 3410 2448 3472 πόθητοι,
2499 3412 2549 3459 τί
2603 3412 2659 3459 τό
2690 3413 2810 3481 περὶ
2858 3409 2998 3479 ἡμᾶς
3055 3413 3178 3472 τούς
3214 3413 3483 3468 ταπεινοὺς
3532 3416 3696 3462 τοῦτο
3727 3429 3820 3481 μυ-

2213 3501 2467 3568 στήριον;
2528 3502 2627 3549 Καὶ
2657 3502 2734 3558 τίς
2779 3499 2807 3554 ἡ
2867 3504 2958 3548 τοῦ
3017 3504 3150 3550 Θεοῦ
3197 3503 3354 3570 σοφία
3402 3496 3676 3572 οἶῤῥητος;
3738 3505 3823 3549 νῦν

2210 3581 2427 3656 έδεόμην
2478 3593 2576 3636 τῶν
2624 3584 2868 3658 Ἰερεμίου
2921 3587 3139 3657 θρήνων,
3171 3593 3262 3640 καὶ
3321 3586 3364 3638 εἰ
3413 3583 3482 3644 δή
3538 3606 3620 3650 τις
3671 3586 3825 3647 ἄλλος

2209 3683 2307 3726 τῶν
2349 3677 2618 3745 μακαρίων
2661 3671 2862 3745 ἀνδρῶν
2903 3680 3176 3748 συμφορᾶς
3221 3677 3432 3747 μέγεθος
3473 3671 3820 3751 ἀπωδύρατο.

2211 3765 2452 3815 Πέπτωκε
2482 3761 2609 3834 ἀνὴρ
2650 3771 2721 3833 τῷ
2755 3765 2864 3816 ὄντι
2895 3763 3077 3823 στύλος
3115 3768 3205 3816 καὶ
3259 3759 3530 3836 έδραίωμα
3560 3771 3663 3826 τῆς
3714 3765 3825 3818 Ἐκ·

2208 3850 2424 3910 κλησίας
2459 3868 2469 3879 ·
2513 3851 2702 3921 μᾶλλον
2743 3848 2821 3916 δὲ,
2871 3851 3028 3913 αύτὸς
3084 3855 3174 3924 μὶν
3219 3856 3348 3925 πρὸς
3399 3856 3492 3910 τὴν
3551 3857 3827 3927 μακαρίαν

2209 3940 2349 4000 ζωὴν
2409 3939 2603 4011 ἀρθεὶς,
2660 3939 2742 4012 ἀφ’
2811 3942 2955 4011 ἡμῶν
3005 3944 3250 4012 οἶχεται’
3321 3937 3435 4003 δέος
3481 3938 3561 4004 δε,
3611 3947 3695 4014 μὴ
3758 3951 3824 4013 τῷ

2209 4029 2478 4100 ἐρείσματι
2534 4031 2698 4100 τούτῳ
2747 4028 3151 4101 ύπεξαιρεθέντι,
3210 4032 3340 4090 τινες
3397 4035 3822 4099 συγκαταπέσω-

2211 4135 2287 4182 σι,
2336 4122 2426 4169 καὶ
2481 4119 2548 4170 τὰ
2601 4121 2795 4170 τούτων
2843 4121 3016 4190 σαθρὰ
3065 4115 3438 4190 διεληχθὼσι.
3509 4120 3825 4172 Κέκλεισται

2210 4206 2718 4278 στόμα,Μελετῶν
2778 4205 2838 4258 έν
2892 4213 3061 4279 νόμῳ
3106 4212 3340 4282 Κυρίου
3403 4208 3653 4280 ἡμέρας
3720 4212 3825 4260 καὶ

2207 4297 2441 4355 νυκτός
2473 4311 2485 4324 ⁸
2510 4292 2808 4369 παρρησίας
2838 4313 2892 4346 τε
2918 4295 2984 4346 αὖ
3016 4292 3243 4358 δικαίας,
3279 4299 3396 4356 τοὺς
3423 4295 3605 4367 λόγους
3637 4294 3719 4348 ἐπ’
3751 4298 3820 4348 οἱ·

2208 4381 2410 4456 κοδομῆ
2473 4387 2698 4445 πίστεως
2755 4381 2937 4457 βρύον.
2985 4386 3213 4454 Οῖχεται
3256 4387 3434 4458 φρενός
3482 4381 3824 4456 βουλεύματα

443 4479 628 4530 neret.
645 4471 1004 4538 Quieverunt
1027 4473 1354 4545 labia,qua
1370 4472 1684 4527 scientiam
1705 4458 2091 4538 custodirent,

2213 4479 2301 4532 τῆς
2365 4475 2522 4532 ὄντως
2577 4474 2627 4524 ἓν
2693 4479 2807 4542 Θεῷ
2860 4477 3186 4542 κινουμένης.
3255 4478 3493 4544 Μέμυκεν
3551 4471 3823 4546 ὀφθαλμὸς

445 4578 518 4620 ac
567 4579 639 4619 ex
683 4563 929 4636 quibus,
972 4568 1258 4633 tanquam
1299 4562 1496 4632 angeli
1542 4561 1776 4617 Domini
1818 4561 2095 4632 omnipo-

447 4653 622 4710 tentis
659 4651 859 4718 labiis,
903 4652 1171 4709 divinam
1207 4651 1402 4723 legem
1434 4651 1836 4723 exquirerent.
1880 4647 2093 4707 Vincta

522 4779 541 4814 ¹
569 4776 720 4835 Paul.
751 4792 795 4849 ι,
821 4780 875 4833 2.

2209 4557 2408 4635 βλέπων
2464 4559 2613 4632 ὀρθὰ,
2677 4565 2766 4612 καὶ
2834 4556 3115 4635 διακρίνων
3177 4565 3234 4612 τὸ
3290 4567 3523 4632 κρεῖττον
3573 4559 3681 4614 ἀπὸ
3734 4568 3822 4614 τοῦ

2207 4654 2437 4722 χείρονος
2528 4649 2802 4705 κάλλιστα.
2890 4654 3159 4703 Πέπαυται
3236 4649 3390 4721 χείλη
3485 4649 3824 4722 φυλάσσοντα

2009 4872 2234 4930 NOTAE.

526 4985 604 5056 (2)
673 4983 784 5040 Cui
833 4983 988 5056 velut
1045 4977 1520 5056 innumerabilis,
1584 4983 1716 5045 etc.,
1775 4997 2070 5056 (septena;

437 5053 618 5113 Plane
649 5055 956 5125 egregium
983 5058 1040 5109 in
1072 5053 1345 5124 pralatos
1375 5056 1738 5125 epithetum;
1763 5053 1987 5125 quibus
2018 5059 2074 5106 to

435 5121 852 5183 debeant'esse
896 5121 1136 5196 ingenia
1175 5130 1322 5196 quot
1350 5121 1573 5196 subditi
1622 5137 1634 5177 :
1685 5121 1797 5178 nec
1836 5122 1898 5177 id
1929 5137 2075 5194 quo-

435 5199 524 5254 vis
567 5198 769 5261 modo,
809 5195 914 5252 sed
953 5193 1013 5268 τῇ
1059 5193 1325 5266 θέοσιὶοπῳ
1368 5193 1669 5265 κυϐερνήσει
1701 5213 1713 5226 ο
1753 5197 1825 5268 ut
1863 5193 2075 5268 guber-

433 5276 577 5326 nent
597 5263 1275 5339 dirigantque'subdttos
1298 5263 1356 5320 in
1381 5263 1631 5335 scopum
1661 5270 1717 5319 et
1744 5263 1926 5320 ﬁnem
1956 5265 2075 5319 cui-

430 5355 550 5413 que
591 5349 956 5412 propositum
987 5357 1024 5394 a
1055 5340 1168 5392 Deo
1204 5353 1377 5413 ;_uon
1413 5344 1474 5390 ut
1504 5351 1710 5413 eorum
1746 5343 2074 5413 sequantur

431 5405 602 5484 vitia,
635 5405 1030 5484 placeantque
1071 5424 1190 5464 non
1230 5409 1605 5484 ingDomtu‘o.
1647 5405 1882 5484 Grande
1920 5413 2074 5484 certe

426 5483 542 5540 hoc
561 5479 952 5555 in’pralatos,’
970 5494 1028 5536 ut
1048 5482 1434 5555 postmolum
1457 5479 1676 5555 colligit
1699 5479 2068 5555 Naucratius:

428 5557 638 5634 paucis
649 5551 790 5614 vere
805 5561 1017 5612 notum
1037 5551 1067 5622 ξ
1081 5567 1274 5626 eoque
1281 5553 1410 5624 jam
1433 5551 1604 5607 multi
1624 5564 1754 5606 rem
1771 5552 2070 5607 ambiunt.

2261 4979 2338 5052 (3)
2375 4977 2485 5052 Ad_
2514 4977 2906 5036 salutandum
2944 4978 3172 5052 facilis.
3220 4978 3486 5052 Passive.
3528 4981 3626 5037 τὴν
3668 4996 3826 5052 προσ-

2187 5049 2404 5125 ηγορίαν
2439 5049 2749 5125 εύπρόσιτος
2785 5051 3164 5125 'Acostacle:
3197 5065 3330 5125 qua
3358 5058 3416 5105 et
3448 5051 3598 5125 ipsa
3621 5049 3822 5125 virtus,

2187 5121 2386 5194 Patres
2412 5121 2776 5194 animorum,
2806 5127 2864 5176 et
2903 5121 3202 5194 spiritales
3220 5121 3412 5194 duces
3440 5123 3711 5194 maxime
3729 5123 3822 5194 de-

2186 5199 2302 5250 cet.
2330 5192 2436 5248 Vix
2465 5193 2806 5265 quidquam
2824 5192 3050 5248 Asceta
3067 5193 3415 5255 constiterit,
3445 5193 3541 5265 cui
3577 5209 3703 5248 non
3727 5193 3824 5247 Pa-

2187 5266 2288 5320 tris
2309 5263 2914 5330 constiterit’animus,
2933 5265 3037 5320 sed
3064 5265 3256 5334 magis
3290 5263 3481 5318 severi
3506 5266 3818 5328 exactoris,

2185 5351 2256 5392 ac
2289 5336 2545 5406 tetricosi
2572 5336 2795 5404 judicis
2829 5352 2842 5389 :
2873 5335 2961 5390 vel
2985 5337 3187 5396 etiam.
3214 5351 3322 5389 sua
3351 5339 3681 5406 quarentis
3708 5349 3819 5390 non

2185 5405 2428 5471 subditi,
2464 5422 2656 5478 eoque
2697 5423 2770 5462 ne
2815 5407 3000 5462 hilum
3041 5407 3254 5462 Patris.
3292 5405 3498 5461 Pareat
3533 5408 3713 5472 Deus,
3755 5419 3820 5478 ne

2183 5477 2331 5552 'quid
2361 5476 2608 5535 monstri
2633 5479 2950 5550 ejusmodi,
2969 5487 3089 5536 tam
3139 5482 3372 5544 sancta,
3403 5484 3598 5534 mater
3621 5485 3682 5534 et
3701 5476 3821 5534 reli-

2183 5551 2281 5624 gio
2310 5551 2630 5624 pepererit.
