4038 6312
225 214 365 275 1829

220 350 435 416 γνῶσιν,
489 348 581 396 xui
648 349 802 417 νόμον
861 346 993 398 θεῖον
1038 349 1416 421 ἐκζητούμενα,
1471 345 1541 405 ὡς
1594 342 1813 415 ἀγγέλου
1847 345 1895 399 Α

224 436 420 507 Κυρίου
486 434 921 507 παντοκράτορος.
977 433 1193 489 Δέδεται
1245 437 1465 507 ’γλῶσσα
1514 429 1818 505 χρυσορῥή-

223 542 355 593 μων,
392 522 536 573 θείων
583 518 861 593 δογμάτων
909 523 1178 594 ἑξηγντής·
1244 526 1454 599 Εἷρκται
1482 526 1603 593 χεὶρ
1635 523 1817 593 ὡραιο-

222 612 441 682 γράφος,
493 609 802 682 ἕπιστοᾲαίς
830 614 914 663 τὸν
962 618 1157 685 κόσμον
1213 612 1702 675 καυαπλουτίσασα,
1730 615 1821 661 καὶ

224 698 444 758 πολλοὺς
522 698 593 759 εἰς
680 698 958 770 ἕπιγνωσίν
1056 701 1301 763 ἀληθείας
1357 698 1817 772 ἐπαναστρέψασα.

223 785 507 844 ’Ἑστησων
548 784 704 848 πόδες
750 791 931 861 ὡραῖοι
976 797 1274 862 παννυγίοις
1331 791 1550 842 στάσεσι
1600 785 1819 859 διηρκη-

221 880 389 945 κότες,
443 880 533 927 xui
575 875 777 937 πολλοῖς
831 877 1285 952 εὐαγγελισάμενοι
1337 876 1562 952 εἰρήνην,
1622 881 1713 927 καὶ
1758 878 1822 926 τὰ

223 964 418 1036 ἀγαθά.
446 966 706 1037 Ἠρέμησε
743 974 857 1027 νοῦς
889 964 1353 1039 διορατικὼτατος,
1410 970 1476 1018 τὰ
1523 974 1614 1016 τοῦ
1668 968 1821 1016 Πνεύ-

225 1073 390 1124 ματος
446 1050 582 1126 βάθη
639 1050 997 1128 ὃιερευνάσας,
1051 1065 1141 1110 καὶ
1189 1061 1256 1109 τὰ
1300 1055 1561 1131 πόρρωθεν
1608 1052 1821 1127 προϐλέ-

222 1142 353 1213 ψας.
403 1149 493 1194 xui
548 1140 781 1217 προϊδὼν
810 1146 1026 1216 ἀρίστα.
1066 1152 1361 1222 Κέκρυπται
1402 1163 1501 1196 υπο
1531 1151 1627 1213 ’γῆν
1670 1152 1822 1213 σῶμα

225 1230 538 1292 ἀσκητικοῖς
589 1238 763 1294 πόνοις
820 1232 1185 1307 ἐγγυμνασθὲν,
1225 1241 1313 1287 καὶ
1343 1233 1553 1291 πολλαῖς
1577 1231 1819 1305 ἐξορίαις,

224 1325 316 1373 καὶ
364 1320 630 1392 φυλακαῖςι
667 1320 893 1392 πληγαῖς
936 1342 988 1375 τε
1031 1330 1120 1376 καὶ
1168 1322 1471 1395 ὰπαγωγαίς
1518 1321 1815 1392 ἐξαρκέσαν.

224 1415 474 1471 Τοιοῦτος
523 1412 648 1482 γὰρ,
706 1407 746 1461 ὦ
774 1418 1188 1485 μακαριώτατοι,
1229 1415 1254 1463 ο
1303 1414 1550 1483 ἡμέτερος
1595 1413 1772 1483 Πατήρ
1804 1424 1816 1436 ⁸

224 1504 417 1550 ταυτὸν
485 1498 663 1563 εἰπεῖν,
742 1499 933 1550 πολλῶν
1004 1507 1184 1559 Πατὴρ
1238 1507 1327 1552 xui
1376 1496 1746 1558 διδάσκαλος·
1796 1498 1820 1547 ὸ

226 1583 471 1659 δεύτερος
526 1586 788 1661 Ἀϐραὰμ,
841 1588 902 1639 οὗ
941 1590 972 1646 ἡ
1020 1592 1163 1664 παρὰ
1215 1597 1348 1641 Θεοῦ
1388 1588 1595 1658 εὐλογία
1625 1586 1823 1659 ἐξαίρε-

225 1696 334 1741 τος,
384 1680 475 1728 xui
504 1675 565 1728 οὗ
614 1680 674 1728 τὸ
729 1681 937 1749 σπέρμα
982 1680 1107 1753 ὑπὲρ
1149 1677 1394 1753 ἀριθμόν.
1452 1675 1511 1728 Ὀ
1550 1684 1638 1727 τοῦ
1694 1682 1824 1748 Ιιρο-
1858 1701 1901 1757 Β

227 1761 433 1837 δρομου
462 1769 700 1837 μιμητής
730 1782 743 1795 ’
775 1767 801 1817 ὀ
831 1774 921 1818 τοῦ
952 1767 1134 1820 Ἡλίου
1167 1768 1404 1828 ζηλωτής
1439 1784 1452 1796 ·
1488 1773 1577 1824 τῆς
1601 1765 1823 1836 χάριτος

229 1858 395 1914 Φινεές
428 1875 441 1888 ·
485 1855 512 1906 ὁ
560 1859 668 1915 νέος
712 1855 981 1926 Σοιμουιῇλ⁸
1011 1855 1069 1907 Ὀ
1101 1856 1636 1926 ἐκλελογισμίνος
1676 1854 1823 1905 ἀπὸ·

229 1960 353 2015 μυρ
376 1938 577 1995 ιάδων
608 1960 618 1970 ·
648 1943 707 1994 οὗ
728 1948 822 2001 τὴν
854 1942 1039 2018 ἀρετὴν
1066 1942 1262 2015 ᾄδουσι
1288 1944 1473 1995 πολλαὶ
1501 1942 1691 2007 πολεις,
1715 1950 1825 2013 χῶ-

226 2035 319 2105 ραί
348 2049 403 2083 τε
457 2036 547 2082 xui
575 2039 744 2095 νῆσοι,
805 2039 895 2085 καὶ
932 2034 992 2085 οὗ
1022 2038 1108 2085 τὸν
1165 2031 1303 2106 βίον,
1333 2038 1422 2084 καὶ
1448 2036 1564 2091 τοὺς
1620 2030 1825 2101 ἀγῶνας

230 2120 441 2181 εἰκότως
484 2120 690 2194 θρυλλεῖ
726 2123 793 2173 τὰ
830 2127 1055 2196 πέρατα.
1101 2128 1188 2183 Τίς
1226 2125 1327 2194 γὰρ
1360 2121 1539 2185 οὕτως,
1572 2120 1601 2178 ἡ
1638 2121 1822 2191 ἀρετὴν

229 2208 527 2280 ἠγάπησεν,
559 2209 589 2267 ἦ
631 2214 816 2262 κακίαν
867 2210 1087 2283 ἐμίσησε
1109 2228 1122 2277 ;
1148 2216 1226 2273 τίς
1260 2212 1424 2271 οὕτως
1450 2210 1820 2283 ὶνέκρωσεν,

230 2297 939 2364 ἀποστολικώςείπεῐν,τά
976 2301 1132 2372 μέλη
1174 2304 1248 2352 τὰ
1286 2299 1389 2352 ἐπὶ
1426 2306 1535 2359 τῆς
1573 2307 1711 2370 γῆς,
1736 2304 1825 2350 xui

229 2385 478 2460 ἐκάθηρεν
509 2386 712 2454 ἑαυτὸν,
748 2394 837 2441 καὶ
866 2393 985 2441 ναὸν
1022 2396 1154 2443 Θεοῦ
1188 2393 1377 2451 ζῶντος
1418 2390 1774 2461 ἀπειργάσατο
1808 2406 1823 2455 ;

229 2475 308 2531 τίς
338 2474 722 2546 ἐστρατηγὴσε,
754 2478 843 2526 xui
884 2474 1209 2546 παρετάξατο
1262 2478 1393 2547 πρὸς
1440 2476 1559 2533 τοὺς
1608 2474 1826 2525 ὑπεναν-

232 2564 400 2626 τίους,
443 2566 533 2613 xui
581 2561 915 2632 προσϐαλοὼν
962 2566 1230 2634 εὖστοχως
1272 2561 1517 2614 κατέϐαλε
1554 2567 1827 2622 νενικηκὼς

232 2650 432 2721 ἄριστα
461 2655 577 2716 ;τίς
631 2649 869 2724 ὀξύτερος
912 2652 1102 2704 ἐκείνου
1152 2649 1466 2725 προϊδέσθαι
1510 2656 1567 2702 τὸ
1598 2651 1777 2723 μέλλον
1811 2668 1825 2717 ;

233 2738 318 2795 τίς
346 2734 479 2786 οὕτω
508 2737 777 2809 σταθηρῷ,
810 2742 898 2788 καὶ
927 2742 1102 2807 παγίῳ
1131 2744 1223 2796 τῆς
1246 2736 1433 2807 ψυχῆς
1462 2738 1598 2803 ἤθει,
1635 2736 1828 2810 ἀστρα-

234 2830 343 2884 πῆς
392 2826 580 2894 τάχιον
648 2831 760 2886 τοῖς
820 2828 1128 2898 πράγμασιν
1186 2824 1409 2877 ἐπελθεῖν
1460 2828 1667 2891 ίκανο’ς;
1731 2830 1829 2877 Καὶ

234 2918 338 2963 ποῦ
387 2930 477 2982 μοι
527 2916 708 2985 καιρὸς
736 2915 800 2965 τὰ
837 2914 1047 2966 πλείονα
1096 2913 1279 2984 λέγειν,
1310 2913 1345 2964 ἅ
1395 2919 1526 2964 πᾶσι
1565 2910 1826 2986 προδηλα,

236 2998 334 3051 κᾶν
364 3002 514 3071 ἡμεῖς
548 3005 617 3072 μὴ
651 3002 896 3073 λέγωμεν,
930 3000 1025 3055 διὰ
1072 3006 1130 3054 τὸ
1182 3010 1280 3063 τῆς
1308 3002 1585 3062 ἐπιστολῆς
1623 3002 1832 3074 ὑπερτε-

236 3090 318 3151 νὶς
342 3052 841 3163 ποίραιῖρὲλοντῖεςέ⁷
881 3052 896 3069 ν
938 3052 948 3055 7
1082 3052 1121 3054 Π
1336 3052 1341 3053 7
1444 3052 1447 3053 ν
1537 3052 1585 3062 Π
1704 3052 1729 3074 Ἰ
1866 3052 1908 3109 C‘

313 3180 470 3249 Οἵμοι
498 3177 511 3231 l
546 3175 951 3251 οἶμοιῙάδελφοί
979 3198 1079 3252 μου
1112 3185 1419 3251 τιμιώτατοι
1444 3195 1460 3212 ο
1492 3178 1697 3239 πολλοῖς
1722 3174 1829 3236 ἤδη

236 3270 640 3339 προειλημμένοι
693 3270 888 3320 πάθεσι
927 3273 1016 3320 καὶ
1063 3268 1319 3339 θλίψεσιν,
1369 3269 1494 3341 ὑπὲρ
1542 3265 1746 3327 οὐδενός
1775 3287 1833 3338 γε

235 3360 343 3429 μὴν
391 3357 553 3418 οὕτως
607 3355 681 3418 εἰς
724 3359 858 3409 αὐτὰ
902 3363 1082 3431 καίρια
1133 3364 1225 3419 τῆς
1263 3356 1445 3428 ψυχῆς
1502 3360 1831 3429 τρωσθέντες.

234 3450 348 3498 Νῦν
386 3442 680 3503 ἀπήνθηκεν
731 3447 854 3519 ἡμῖν
896 3452 1093 3519 κόσμος
1139 3447 1165 3497 ὁ
1213 3446 1518 3506 κάλλιστος·
1549 3444 1835 3503 Ἐκκλησία

241 3531 302 3587 δὲ
353 3535 656 3605 στυσννάζει⁹
693 3542 781 3587 καὶ
813 3536 1259 3607 σκυθρωπάζουσι
1299 3532 1482 3604 δῆμοι,
1535 3536 1615 3587 ὅτι
1642 3534 1834 3597 ἐξέλιπε

238 3628 517 3696 μαχητὴς,
581 3629 673 3676 καὶ
748 3622 949 3683 ἀπέπτη
1010 3629 1335 3696 στοχαστὴς,
1386 3630 1475 3676 καὶ
1534 3626 1832 3695 θαυμαστὸς

244 3710 559 3783 σύμϐουλος.
619 3712 877 3766 Ἐντεῦθεν
952 3713 1187 3773 ἐπιζητεί
1243 3717 1300 3765 τὸ
1362 3715 1493 3785 ἱερὸν
1563 3709 1833 3787 συνέδριον

240 3804 330 3854 τὸν
367 3808 646 3873 κορυφαῖον
671 3820 683 3832 ·
718 3803 766 3852 οἱ
796 3800 1116 3873 ὀμολογηταὶ
1146 3806 1235 3853 τὸν
1272 3802 1523 3853 σύναθλον
1548 3818 1559 3830 ·
1594 3803 1642 3852 οἱ
1674 3800 1725 3852 ἐν
1762 3808 1832 3871 τῷ

244 3889 407 3960 ἀγῶνι
443 3894 530 3941 τὸν
579 3889 824 3949 ἀλείπτην
849 3907 861 3919 ”
896 3892 944 3941 οὶ
971 3890 1236 3951 νοσοῦντες
1286 3893 1370 3941 τὸν
1402 3890 1574 3961 ἰατρόν
1608 3910 1619 3920 ·
1656 3892 1703 3941 οἱ
1730 3889 1832 3941 θλι-

244 3978 472 4051 ϐόμενοι,
534 3984 628 4038 τὴν
703 3981 1038 4053 παραμυθίαν

244 4086 349 4140 παρ
356 4068 485 4125 άκλη
495 4087 576 4119 σιν

1090 3997 1103 4009 ·
1137 3982 1185 4031 οὶ
1250 3978 1297 4030 ἐν
1366 3987 1679 4052 συμφοραῖς,
1742 3983 1835 4038 τήν

634 4085 646 4095 ⁸
684 4070 732 4121 οἱ
776 4067 1006 4140 ὀρφανοὶ,
1040 4072 1126 4120 τὸν
1178 4073 1337 4142 πατέρ
1362 4086 1412 4119 α’
1445 4070 1499 4119 αἱ
1533 4076 1723 4141 χῆραι,
1750 4069 1836 4120 τὸν

244 4157 544 4229 προστάτην
578 4174 591 4187 ·
620 4160 670 4209 οι
721 4161 954 4221 πένητες,
1007 4160 1093 4209 τὸν
1131 4161 1319 4229 τροφέα
1351 4174 1362 4186 ·
1397 4158 1446 4208 οἱ
1477 4152 1835 4228 ἀδικούμενοι,

242 4250 330 4297 τὸν
379 4246 772 4318 ὑπερασπιστὴν
821 4251 911 4297 καὶ
973 4244 1365 4318 ἀντιλήπτορα·
1435 4247 1484 4297 οἱ
1532 4248 1717 4307 πάντες
1782 4247 1839 4297 ἐκ

244 4342 347 4387 τῶν
421 4334 620 4386 οἰκείων
691 4334 951 4406 ὀνομάτων
1026 4334 1428 4406 ἀνακαλούμενοι
1511 4332 1595 4386 ἐπὶ
1668 4334 1840 4405 οἰκείῳ

1249 212 1343 272 DE
1383 212 1598 274 OBITU
1639 215 1699 274 S.
1728 212 2095 274 THEODORI
2139 214 2490 275 STUDITAS.

3443 212 3580 275 1830

1928 349 2014 399 est
2051 342 2257 414 lingua
2308 361 2457 401 auro
2505 345 2723 413 ﬂuens,
2766 342 3095 403 enarratrix
3134 344 3235 401 illa
3271 345 3579 402 celestium

1929 431 2304 501 dogmatum.
2338 436 2539 489 Vincta
2562 440 2654 491 est
2683 451 2753 491 ac
2778 436 3065 506 impedita
3086 446 3304 490 manus
3334 434 3584 506 pulchre

1929 522 2217 589 scribens,
2239 537 2374 593 quae
2388 523 2649 594 epistolis
2665 524 2963 579 mundum
2985 524 3253 593 ditasset,
3277 540 3347 578 ac
3363 524 3584 579 multos

1930 610 2009 665 ad
2047 610 2416 679 agnitionem
2460 613 2716 668 veritatis
2759 619 3152 668 converterat.
3184 613 3586 669 Constiterunt

1933 700 2185 769 speciosi
2218 702 2420 770 pedes,
2456 702 2557 772 qui
2594 709 2795 757 noctes
2824 707 2975 756 totas
3000 702 3323 768 stetissent,
3357 702 3586 758 multis-

1930 803 2047 858 que
2058 788 2572 857 evangelizassent
2586 807 2793 861 pacem
2810 790 3059 845 etboua.
3093 792 3398 862 Requievit
3415 807 3586 846 mens

1932 877 2472 947 perspicacissima,
2515 894 2647 950 quas
2691 878 2944 950 Spiritus
2984 878 3287 950 profunda
3325 884 3587 935 scrutata

1929 971 2101 1029 esset,
2146 981 2217 1020 ac
2264 964 2503 1035 longius
2543 969 2733 1038 posita
2781 969 3206 1038 prospexisset.
3256 967 3379 1023 Sub
3433 974 3588 1023 terra

1929 1052 2204 1108 abditum
2227 1060 2313 1109 est
2333 1071 2551 1125 corpus
2577 1056 2722 1111 illud
2742 1056 3013 1112 asceticis
3035 1054 3341 1111 laboribus
3368 1059 3589 1112 exerci-

1930 1147 2145 1207 tatum,
2167 1144 2452 1215 quodque
2492 1144 2665 1200 exilia
2694 1145 2900 1211 multa,
2941 1160 3323 1217 caceresque,
3365 1151 3422 1200 et
3453 1146 3584 1216 pla-

1930 1246 2065 1301 gas,
2104 1240 2159 1285 et
2210 1231 2604 1288 abductiones
2648 1234 3048 1289 sustinuisset.
3097 1234 3246 1290 Talis
3288 1235 3585 1305 siquidem

1930 1326 2055 1375 erat
2108 1319 2457 1390 beatissimi,
2503 1326 2670 1391 pater
2709 1321 2807 1378 ille
2846 1330 3048 1377 noster
3090 1339 3102 1377 2
3160 1323 3406 1393 perinde
3446 1339 3588 1378 vero

1930 1407 2121 1473 fuerit,
2164 1425 2234 1465 ac
2274 1410 2602 1464 multorum
2640 1410 2834 1465 dicere
2892 1418 3121 1482 patrem
3172 1419 3351 1483 atque
3400 1412 3589 1483 magi-

1933 1501 2126 1551 strum
2158 1512 2172 1562 ;
2202 1497 2294 1552 ille
2324 1498 2468 1553 alter
2493 1500 2819 1567 Abraham,
2844 1500 3015 1570 cujus
3037 1516 3073 1555 a
3096 1501 3215 1555 Deo
3250 1501 3587 1556 benedictio

1934 1586 2173 1649 eximia,
2195 1593 2253 1640 et
2284 1601 2488 1641 semen
2511 1588 2949 1643 innumerabile
2985 1605 2997 1642 :
3030 1590 3289 1643 imitator
3315 1588 3409 1644 ille
3438 1589 3590 1644 Prae-

1933 1677 2195 1729 cursoris
2240 1692 2252 1727 :
2302 1676 2396 1730 ille
2437 1676 2571 1731 Elite
2610 1676 2925 1732 aemulator
2958 1693 2976 1731 7:
3026 1677 3278 1732 Phinees
3321 1679 3520 1747 gratia:
3568 1694 3582 1734 :

1933 1778 2127 1818 novus
2150 1765 2386 1818 Samuel
2416 1765 2661 1820 :electus
2680 1780 2754 1821 ea:
2776 1766 3033 1820 millibus
3049 1767 3094 1833 ³,
3118 1768 3290 1837 cujus
3308 1766 3588 1822 virtutem

1935 1851 2133 1907 multa:
2175 1855 2493 1908 decantant
2531 1855 2730 1920 urbes,
2778 1856 3195 1926 regionesque,
3237 1860 3293 1909 et
3331 1855 3589 1923 insulae;

1932 1948 2105 2011 cujus
2143 1946 2199 1995 et
2237 1940 2424 1996 vitam
2464 1946 2522 1996 et
2558 1946 2905 2007 certamina,
2948 1943 3111 1997 orbis
3170 1943 3321 1998 ﬁnes
3376 1944 3589 2000 merito

1931 2029 2367 2085 concelebrant.
2399 2031 2539 2095 Quis
2579 2032 2738 2085 enim
2774 2036 3070 2103 quantum
3110 2030 3224 2094 ille.
3271 2037 3374 2087 aut
3406 2035 3591 2087 virtu-

1932 2122 2048 2174 tem
2078 2118 2299 2182 dilexit,
2335 2126 2437 2173 aut
2456 2118 2595 2174 odio
2629 2120 2835 2174 vitium
2867 2118 3121 2175 habuit?
3154 2120 3304 2185 Quia
3330 2121 3411 2175 ita
3434 2137 3592 2176 mor-

1933 2208 2202 2274 tiﬁcavit,
2228 2212 2290 2260 ut
2311 2208 2502 2261 verbis
2534 2209 2797 2278 Apostoli
2822 2215 2973 2277 utar,
2994 2208 3257 2265 membra
3284 2225 3417 2281 quae
3450 2217 3590 2267 sunt

1932 2310 2111 2366 super
2136 2296 2415 2364 terrams,
2438 2312 2620 2367 seque
2639 2297 2838 2368 ipsum
2866 2297 3228 2364 emundans,
3256 2298 3358 2354 Dei
3393 2299 3591 2355 viven-

1935 2386 2008 2440 tis
2046 2384 2337 2455 templum
2376 2383 2568 2439 eﬂecit
2606 2384 2633 2440 ‘i
2672 2387 2813 2450 Quis
2859 2386 2940 2440 ita
2978 2387 3185 2441 ducem
3228 2389 3364 2458 egit,
3410 2396 3591 2459 atque

1934 2473 2262 2528 adversum
2292 2472 2495 2528 hostes
2527 2474 2716 2529 aciem
2748 2474 3044 2539 instruxit,
3080 2491 3589 2548 congressusque,

1937 2568 2057 2617 tam
2079 2560 2231 2615 felici
2248 2577 2552 2627 successu,
2576 2563 2953 2618 nobilissima
2974 2571 3143 2635 parta
3171 2567 3439 2629 victoria,
3460 2582 3595 2637 pro-

1937 2651 2144 2705 stravit
2168 2650 2196 2705 ?
2235 2647 2376 2716 Quis
2416 2649 2516 2705 illo
2547 2651 2774 2706 acutior
2804 2651 3071 2707 futurum
3095 2653 3367 2723 praevidit
3395 2652 3422 2708 ‘P
3450 2656 3595 2720 Quis

1936 2740 2016 2795 ita
2046 2740 2303 2793 robustis
2334 2738 2660 2811 solidisque
2689 2742 2975 2805 moribus,
3008 2742 3111 2812 qui
3147 2741 3444 2812 pernicius
3475 2742 3595 2800 ful-

1938 2844 2082 2901 gure
2113 2843 2185 2882 ac
2223 2828 2381 2882 dicto
2410 2829 2579 2882 citius
2620 2843 2712 2881 res
2741 2843 2916 2897 agere
2951 2836 3153 2899 posset
3179 2830 3207 2884 ‘I
3236 2832 3448 2885 Verum
3484 2830 3594 2887 de-

1940 2917 2380 2986 tuerittempus,
2412 2922 2473 2969 ut
2490 2916 2704 2987 loquar
2720 2917 2923 2987 plura;
2943 2924 3082 2971 nota
3102 2918 3276 2988 plane
3290 2920 3596 2990 omnibus,

1938 3019 2289 3076 quanquam
2310 3002 2555 3059 minime
2572 3004 2864 3071 dicamus,
2888 3006 3247 3072 amittentes,
3276 3014 3338 3061 ut
3362 3022 3435 3062 ne
3460 3023 3596 3080 pro-

1939 3092 2111 3148 lixior
2141 3093 2247 3147 ﬁat
2271 3092 2545 3162 epistola.

2015 3184 2134 3236 Heu
2166 3196 2260 3235 me
2291 3179 2451 3235 lHeu
2474 3181 2599 3235 mel
2629 3180 3079 3236 honoratissimi
3104 3181 3313 3238 fratres
3345 3200 3413 3239 ac
3453 3184 3600 3241 cha-

1940 3268 2298 3340 rissimi,qni
2317 3270 2514 3325 multis
2540 3271 2784 3341 quidem
2815 3269 3105 3325 hactenus
3129 3274 3403 3344 occupati
3424 3274 3599 3328 malis

1942 3365 1998 3414 et
2026 3356 2470 3425 afﬂictionibus,
2504 3358 2668 3413 nulla
2698 3375 2757 3412 re
2793 3367 2991 3414 tamen
3020 3358 3104 3413 sic
3133 3376 3309 3429 grave
3348 3377 3417 3416 ac
3449 3363 3602 3432 peri-

1943 3448 2214 3503 culosum
2241 3447 2442 3502 animo
2469 3446 2683 3501 vulnus
2696 3447 3033 3518 accepistis.
3058 3449 3087 3502 J
3095 3464 3193 3503 am
3210 3449 3384 3504 nobis
3408 3466 3601 3506 emar-

1942 3540 2063 3593 cuit
2080 3536 2342 3590 mundus
2370 3535 2805 3605 pulcherrimus
2829 3551 2845 3601 ;
2872 3538 3137 3591 tristatur
3160 3553 3299 3593 vero
3320 3538 3607 3604 Ecclesia,

1944 3640 2014 3682 ac
2038 3629 2287 3679 moerent
2309 3623 2536 3694 papuli,
2564 3624 2730 3696 quod
2743 3623 3024 3679 defecerit
3050 3633 3369 3696 pugnator,
3401 3628 3607 3683 avola-

1941 3715 2134 3786 ritque
2159 3713 2475 3783 conjector,
2492 3729 2561 3768 ac
2591 3713 2971 3768 consiliarius
2986 3714 3372 3771 admirabilis.
3408 3717 3603 3781 Quare

1942 3803 2187 3875 requirit
2199 3808 2441 3857 senatus
2453 3817 2619 3857 sacer
2633 3802 2966 3873 principem
2982 3820 3158 3858 suum
3177 3821 3191 3858 :
3208 3806 3604 3872 confessores,

1943 3890 2285 3949 certaminis
2313 3891 2541 3946 socium
2574 3907 2587 3945 :
2616 3889 2872 3962 pugiles,
2898 3890 3147 3962 aliptem
3175 3909 3351 3947 suum
3377 3909 3447 3948 ac
3474 3891 3606 3948 ludi

1945 3980 2287 4053 praefectum
2310 3981 2813 4049 :aagri,medicum
2833 3977 3085 4044 :aﬂ‘ltcti,
3104 3980 3603 4037 consolationem:

1945 4070 2005 4125 in
2019 4067 2463 4124 calamitatibus
2479 4069 2673 4138 pesiti,
2695 4070 2799 4140 qui
2822 4068 3093 4123 levamen
3119 4068 3326 4124 afferat
3347 4087 3360 4124 :
3380 4071 3607 4141 orpha-

1947 4160 2029 4225 ni,
2064 4162 2295 4229 patrem
2329 4178 2341 4211 :
2376 4164 2720 4229 patronum,
2764 4157 2961 4211 vidua;
3003 4176 3015 4215 :
3058 4173 3375 4229 pauperes,
3421 4160 3608 4213 nutri-

1949 4247 2146 4306 cium:
2176 4248 2279 4319 qui
2298 4246 2922 4318 patiunturinjuriatn,
2947 4246 3488 4318 quipropugnetac
3506 4248 3609 4303 de-

1948 4336 2154 4393 fendat
2185 4351 2457 4400 :omnes,
2477 4352 2551 4391 ex
2577 4336 2701 4390 suis
2732 4335 2952 4405 singuli
2986 4336 3359 4407 nominibus,
3380 4337 3438 4392 in
3470 4353 3604 4407 pro-

246 4425 423 4490 πάθει,
490 4424 677 4476 οἰκεῖον
730 4423 895 4493 ἐαυτῷ
954 4428 1044 4475 καὶ
1100 4428 1438 4496 προσήκοντα
1484 4424 1701 4484 ἕκαστος
1754 4427 1832 4475 τοι

1952 4427 2083 4498 prio
2139 4426 2396 4497 quisque
2449 4425 2610 4480 malo
2648 4425 3017 4489 invocantes,
3066 4425 3311 4497 proprio
3352 4428 3609 4499 quisque

247 4514 433 4585 Θρῆνον
459 4521 729 4565 ποιοῦνται
760 4514 947 4564 τούτου
1013 4520 1103 4565 τοῦ
1155 4518 1438 4584 μακαρίου,
1470 4520 1561 4564 τοῦ
1638 4512 1843 4565 πλείοσι

247 4604 455 4663 τούτοις
526 4606 614 4654 καὶ
672 4600 1043 4676 ἀναριθμήτοις
1096 4607 1427 4675 χαρίσμασι,
1481 4607 1572 4653 xui
1634 4599 1844 4675 ἀρεταῖς

248 4695 683 4762 κατεστεμμένου,
749 4697 840 4743 xui
906 4692 1099 4743 ἄνωθεν
1170 4693 1480 4763 φερωνύμως
1547 4689 1845 4763 ίσχηκότος

246 4785 344 4839 τήν
375 4779 466 4840 κλῆ
476 4799 580 4838 σιν,

322 4872 344 4904 ³
376 4871 544 4925 Cant.
574 4885 633 4935 v,
664 4873 747 4925 10.
826 4872 845 4904 ³
876 4868 1109 4927 Coloss.
1139 4885 1221 4935 ιιι,
1254 4874 1310 4925 5.

1952 4514 2611 4586 congruoque,beatum
2632 4514 3116 4578 virum,lamento
3134 4524 3610 4588 prosequuntur;

1951 4604 2142 4668 illum,
2162 4605 2433 4673 inquam,
2454 4604 2631 4657 etiam
2654 4602 2925 4674 pluribus
2947 4603 3608 4676 innumerabilibusque

1954 4694 2158 4763 gratiae
2169 4691 2343 4746 donis
2355 4697 2809 4757 coronatum,ac
2823 4707 3093 4762 congrua
3109 4691 3611 4766 similitudine(5),

1955 4780 2218 4839 nominis
2249 4780 2709 4852 appellationem
2735 4781 3026 4838 divinitus
3051 4787 3466 4837 consecutum.

1816 4939 2050 4998 ΝΟΤᾸΞ.

323 5029 392 5090 (λι)
425 5030 538 5097 Qui
553 5034 748 5085 noctes
771 5036 923 5086 totas
945 5029 1253 5087 stetissent.
1284 5033 1596 5101 παννυχίοις
1623 5028 1844 5083 στάσεσι

248 5098 615 5170 διηρκηκότες.
658 5101 892 5156 Habent
928 5103 1111 5156 Graeci
1153 5118 1296 5157 suas
1350 5098 1563 5162 στάσεις
1616 5108 1671 5156 et
1710 5103 1843 5153 καθ-

251 5177 383 5234 tau;
410 5176 468 5228 in
502 5174 742 5227 divinus
772 5172 980 5228 ciliciis
1013 5189 1025 5228 :
1056 5175 1423 5245 quandoque
1449 5184 1630 5245 etiam
1658 5174 1844 5245 conti-

251 5253 437 5301 nuata
476 5250 660 5299 totam
700 5252 934 5299 noctem
976 5244 1252 5309 statione,
1296 5244 1358 5299 ut
1393 5245 1455 5299 in
1493 5244 1710 5299 celebri
1745 5244 1847 5300 illa

251 5322 447 5380 nocte,
474 5330 661 5387 quam
688 5322 871 5370 totam
893 5318 1031 5370 recti
1062 5316 1119 5370 in
1152 5316 1334 5387 pedes
1362 5314 1581 5387 divinis
1602 5315 1846 5370 canticis

252 5394 311 5444 et
348 5385 550 5456 gratiis
586 5386 964 5457 impendunt,
989 5389 1125 5442 ideo
1148 5385 1371 5442 dictam
1399 5385 1681 5439 ἀκαθιστον
1713 5404 1727 5417 ·
1757 5402 1848 5442 ve-

252 5474 389 5514 rum
416 5460 587 5529 plura
610 5459 841 5513 addunt
864 5465 1052 5513 sancti
1078 5461 1377 5527 monachi,
1406 5465 1738 5529 spontaneo
1756 5473 1849 5513 sa-

251 5528 496 5595 criﬁcio,
536 5531 831 5601 majorem
874 5529 938 5585 in
975 5530 1188 5586 debitis
1225 5528 1658 5603 praeceptisque
1698 5528 1850 5585 indi-

1952 5035 2155 5112 cantes
2194 5028 2579 5112 voluntatem.
2621 5029 2796 5110 Nobis
2836 5029 3610 5112 geniculatioinpreciblls

1951 5101 2209 5227 erlebrior
2233 5118 2247 5167 ;
2271 5102 2485 5156 Griecis
2519 5117 2669 5173 pene
2701 5104 2921 5173 ignota,
2951 5107 3010 5158 et
3034 5101 3415 5157 insuetudine
3446 5102 3605 5158 difﬂ-

1953 5190 2005 5227 ci
2033 5190 2101 5227 IS.

1953 5190 2101 5230 ClllS.

2024 5245 2101 5315 (5)
2151 5245 2273 5317 Ac”
2298 5242 2685 5317 similitudine
2748 5257 3036 5311 congrua,
3100 5246 3219 5301 etc.
3302 5247 3609 5317 φερωνύμώς

1955 5312 2164 5368 ἆνὼθεν.
2234 5315 2417 5390 Velut_
2444 5319 2581 5378 Deo,
2622 5328 2955 5390 copgruum
3016 5316 3263 5369 omnino
3308 5312 3606 5390 *Θεοδώρου

1955 5402 2177 5458 nomen
2209 5403 2227 5452 ;
2257 5386 2422 5458 quod
2448 5394 2644 5458 sonet,
2669 5384 2778 5440 Dei
2810 5386 3032 5439 donum
3062 5405 3085 5453 ,-
3113 5399 3478 5458 imponente.
3514 5384 3607 5444 Sic

1956 5457 2183 5531 passim
2221 5456 2383 5531 ludit?
2413 5456 2861 5531 Amphilochius
2902 5462 3120 5521 noster,
3153 5457 3215 5511 in
3252 5457 3460 5515 Basilii
3499 5474 3608 5518 no-

1957 5528 2120 5587 inine
2151 5529 2318 5603 quod
2340 5530 2414 5585 sit
2441 5528 2668 5584 dictum
2692 5542 2730 5585 ο,
2750 5540 2965 5598 regno.
