4038 6312
447 262 580 328 1831

442 487 661 544 tiarum
699 487 835 544 facti
875 483 1150 556 orphani,
1180 497 1250 538 ac
1280 496 1529 552 corpore
1567 480 1865 550 disjuncti,
1908 478 2091 533 relicti

444 593 653 632 sumus
690 574 960 631 desolati.
1004 573 1158 628 Facti
1197 585 1406 624 sumus
1447 569 1599 624 sicut
1652 584 1688 623 a
1737 566 2030 638 principio
2070 581 2086 620 :

440 664 712 735 lugentes
751 663 1084 719 incedimus
1122 675 1192 714 ac
1227 657 1387 713 vultu
1429 663 1660 712 moesto.
1693 656 1850 711 Facti
1882 671 2090 710 sumus

443 753 797 809 adversariis
845 749 1261 822 opprobrium,
1317 750 1726 818 gaudiumque
1773 744 2085 800 haereticis.

443 846 836 913 Aperuerunt
849 848 1045 897 contra
1063 853 1166 893 nos
1181 835 1561 891 [conomachi
1578 850 1638 890 os
1651 850 1821 889 suum
1837 833 1858 868 ⁴
1877 852 1896 888 :
1913 832 2090 888 Esti-

441 932 590 988 ηιατὶ
608 947 805 988 sumus
829 945 959 986 cum
993 924 1482 983 descendentibus
1502 927 1563 979 in
1593 924 1789 979 lacum
1811 923 1833 957 ⁵
1867 940 1882 976 :
1915 920 2090 978 Facti

440 1036 643 1077 sumus
655 1022 802 1075 sicut
812 1016 1338 1089 p‘assersolitarius
1360 1015 1422 1068 in
1446 1019 1592 1068 tecto
1607 1014 1628 1046 °
1649 1029 1668 1067 :
1688 1011 2087 1067 Paulominus

442 1109 732 1166 habitavit
747 1109 867 1165 vita
879 1110 1081 1162 nostra
1094 1106 1157 1159 in
1172 1103 1412 1171 inferno
1425 1103 1442 1135 ⁷
1455 1103 1698 1169 ,Sumus
1714 1101 1970 1155 destituti
1986 1100 2084 1171 (6),

439 1214 510 1254 ac
538 1198 673 1253 victi
705 1197 879 1252 taedio
913 1193 1402 1264 :desperavimus
1435 1207 1447 1245 :
1479 1190 1615 1245 facti
1659 1206 1869 1243 sumus
1912 1188 2088 1243 tristis

439 1287 670 1342 mundo
693 1286 954 1341 narratio
979 1300 992 1338 :
1018 1290 1215 1354 atque,
1241 1296 1276 1335 ο
1304 1279 1592 1349 grandem
1617 1293 1824 1333 revera
1840 1279 2088 1331 tristem-

438 1391 556 1447 que
584 1375 962 1431 solitudinem
997 1372 1012 1428 l
1039 1387 1225 1442 quam
1261 1370 1434 1440 plane
1468 1384 1679 1422 sumus
1701 1367 1830 1421 facti
1862 1365 2084 1420 similes

437 1464 725 1536 pelecano
782 1460 1134 1518 solitario“?
1177 1457 1372 1528 lnclyti
1416 1456 1519 1510 viri
1561 1456 1841 1511 transitus
1881 1454 2084 1509 dolore

435 1553 704 1626 implevit
725 1560 995 1608 nostrum
1019 1565 1120 1603 cor
1147 1548 1390 1602 humile.
1418 1545 1853 1601 Obtenebratos
1877 1543 2084 1598 oculos

435 1649 672 1716 nostros
691 1640 958 1712 opplevit
979 1638 1280 1707 lacrymis.
1308 1635 1502 1689 Animi
1527 1649 1740 1688 sensus
1762 1632 2080 1701 gemitibus

1443 251 1826 321 APPENDIX.
1868 295 1935 305 _
1974 251 2365 320 NAUCRATII
2409 255 2802 321 ENCYCLICA

515 399 635 453 Nos
674 396 951 462 humiles,
975 410 1113 450 cum
1141 392 1270 448 aliis
1309 407 1378 447 ac
1418 406 1540 463 prae
1565 391 1694 446 aliis
1731 391 1791 445 in
1833 404 2092 461 prmeen-
2124 391 2168 444 A

3658 263 3798 325 1832

2269 396 2448 461 Ἡμεῖς
2498 393 2545 442 οἱ
2592 396 2840 456 ταπεινοί,
2895 393 2943 443 οἱ
2979 394 3112 462 μετὰ
3156 394 3360 446 πάντων
3401 400 3492 448 καὶ
3520 400 3621 468 πρό
3667 400 3805 450 πάν-

2200 498 2299 530 των
2325 483 2389 531 τὰ
2417 488 2504 532 νῦν
2563 479 3045 553 ἀπορφανισθέντες,
3105 488 3194 534 καὶ
3257 481 3659 557 διαζευχθέντας
3699 506 3803 540 σω-

2199 578 2448 639 ματικῶς,
2507 569 2902 642 κατελείφθημεν
2959 577 3328 643 μεμονωμένοι.
3391 579 3671 646 Γεγόναμεν
3736 579 3801 636 ὡς

2198 661 2254 708 τό
2304 656 2390 709 ἀπ’
2435 657 2652 730 ἀρχῆς·
2686 661 2986 720 πενθοῦντες
3034 665 3123 711 καὶ
3179 663 3647 734 σκυθρωπάζοντες
3705 684 3797 717 πο-

2197 749 2451 818 ρευόμεθα
2480 765 2492 777 ·
2525 753 2806 818 γεγόναμεν
2867 744 3065 808 ὄνειδος
3104 756 3215 808 τοῖς
3263 751 3534 817 ἐναντίοις,
3576 751 3801 826 ἐπίχαρ-

2198 855 2273 906 μα
2299 842 2402 894 τοῖς
2421 831 2744 898 κακοδοξοις.
2777 834 3113 890 Ἰἰνοικται
3153 838 3290 890 καθ’
3331 841 3505 910 ἡμῶν
3537 841 3800 914 Εἰκονομά

2197 944 2310 994 χων
2335 931 2574 995 στόμα’
2609 926 3229 997 Προσελογίσθημεν
3268 931 3423 999 μετὰ
3461 937 3578 980 τῶν
3617 950 3796 983 κοιτα-

2199 1011 2545 1064 ϐαινόντων
2585 1013 2676 1074 εἰς
2714 1013 2970 1080 λάκκον,
3002 1011 3278 1085 ψαλμικῶς
3309 1015 3469 1069 εἰπεῖν
3495 1033 3507 1047 ⁸
3539 1023 3798 1089 Γεγόνα-

2198 1120 2304 1173 μεν
2343 1105 2416 1161 ὡς
2455 1104 2804 1173 στρουθίον
2844 1104 3127 1173 μονάζον
3166 1106 3270 1156 ἐπὶ
3306 1101 3607 1176 δώματος
3635 1126 3646 1138 ·
3682 1115 3796 1160 Πα-

2197 1190 2496 1263 ραϐραχὺ
2537 1198 2880 1264 παρῴκησε
2909 1199 2990 1262 τῷ
3029 1189 3154 1265 ᾅδῃ
3187 1196 3216 1251 ἡ
3247 1193 3373 1253 ζωὴ
3415 1196 3609 1265 ἡμῶν.
3643 1197 3796 1260 Ἐξη-

2198 1282 2469 1350 πορήμεθα
2493 1297 2503 1308 ·
2539 1279 2868 1351 ἀπειπάμεθα
2906 1280 3097 1332 ἑαυτῶν
3132 1296 3146 1310 ·
3185 1287 3466 1354 γεγόναμεν
3498 1292 3569 1354 τῷ
3609 1291 3793 1357 κόσμῳ

2199 1364 2442 1438 διήγημα
2469 1371 2775 1443 σκυθρωπόν
2801 1385 2811 1397 ⁸
2833 1374 2941 1435 καὶ,
2965 1370 3003 1419 ὠ
3028 1378 3116 1430 τῆς
3138 1367 3308 1431 δεινῆς
3334 1375 3486 1433 ὅντως
3517 1379 3604 1426 καὶ
3633 1377 3792 1428 σκυθ-

2195 1464 2375 1529 ρωπῆς
2440 1456 2699 1529 ὶρημίαςί
2751 1467 2857 1520 πῶς
2905 1458 3134 1532 ἀκριϐῶς
3177 1463 3516 1533 ὡμοιώθημεν
3554 1462 3788 1515 πελεκᾶνι

2195 1543 2460 1618 ἐρημικῷ;
2492 1547 2720 1600 Ἐκείνου
2752 1555 2843 1598 τοῦ
2885 1545 3132 1618 ἀοιδίμου
3163 1550 3192 1606 ἡ
3226 1551 3562 1620 μετάστασις,
3599 1550 3793 1614 ὀδύνης

2191 1635 2523 1707 πεπλήρωκεν
2586 1637 2731 1705 ἡμῶν
2788 1641 2875 1692 τὴν
2924 1641 3169 1694 ταπεινὴν
3220 1635 3445 1711 καρδίαν
3476 1656 3488 1668 ·
3542 1637 3786 1714 δακρύων

435 1731 785 1794 cumulavit,
820 1745 891 1783 ac
920 1727 1050 1782 aliis
1075 1726 1328 1796 aliisque
1359 1723 1554 1778 cordis
1587 1722 1855 1776 aastibus.
1894 1721 2078 1775 Vitam

2193 1723 2337 1788 ἡμῶν
2368 1726 2488 1783 τοὺς
2538 1723 2932 1795 ἐσκοτισμίνους
2964 1725 3235 1783 ἐνέπλησεν
3283 1726 3578 1798 ὀφθαλμούς
3618 1744 3632 1756 ⁸
3673 1748 3794 1782 στε-

433 1827 790 1891 praesentem
811 1815 1094 1872 odibilem
1116 1811 1393 1879 reddidit,
1417 1817 1669 1865 mortem
1693 1825 1832 1864 vero
1854 1809 2082 1863 deside-

432 1907 707 1964 rabilem.
771 1906 965 1961 Animi
1007 1919 1107 1958 ver
1147 1903 1205 1956 in
1269 1900 1528 1956 hiemem
1569 1899 1875 1953 convertit.
1938 1899 2080 1962 Quae

435 1997 697 2052 multiim
708 2012 815 2067 pen
827 2010 890 2048 se
903 1997 1206 2056 amaut,ea
1220 1991 1394 2044 nobis
1413 1987 2083 2044 abominatiouihaben-

432 2092 546 2140 tur.
577 2087 668 2143 Sic
698 2101 831 2140 vero
864 2089 1088 2145 nostra,
1116 2096 1151 2134 ο
1179 2078 1689 2141 venerabilissimi,
1715 2078 2081 2131 immensum

430 2175 730 2246 lugubria,
754 2186 1104 2242 amaraque,
1136 2185 1244 2223 nec
1267 2167 1482 2230 amica,
1510 2166 1593 2220 vel
1625 2167 1958 2238 quidquam
1979 2165 2084 2219 ltB-

431 2269 492 2320 ta
523 2280 539 2330 ;
572 2280 644 2320 ac
665 2260 976 2333 ejusmodi,
1017 2266 1077 2314 ut
1108 2257 1330 2312 nullam
1364 2255 1833 2311 consolationem
1867 2255 2081 2310 admit-

430 2358 561 2409 tant
588 2372 601 2422 ;
638 2359 698 2408 ut
726 2367 910 2424 quam
948 2351 1005 2404 iu
1050 2356 1277 2418 partem
1308 2345 1601 2400 discurrat
1632 2343 1876 2398 humilis
1908 2345 2078 2408 ratio,

429 2458 754 2514 nusquam,
800 2440 912 2494 nisi
951 2454 1022 2493 ea
1060 2443 1290 2491 tantum
1327 2435 1572 2497 ratione,
1606 2439 1665 2487 ut
1690 2434 1749 2486 iu
1796 2434 1979 2486 Deum
2011 2446 2081 2486 ac

429 2547 668 2588 sacrum
699 2528 1039 2600 sepulcrum
1067 2524 1308 2579 assidue
1338 2521 1680 2592 respexerit,
1705 2521 1966 2591 quietem
1991 2519 2079 2573 in-

429 2622 652 2676 veniat.
679 2621 962 2674 Caeterum
988 2616 1088 2684 qui
1113 2613 1339 2667 habent
1360 2626 1452 2663 res
1492 2614 1698 2663 vestras
1719 2606 1748 2662 7
1770 2610 1896 2662 Non
1920 2606 2080 2661 velut

428 2710 692 2765 nesciam
735 2708 1053 2773 interrogo.
1099 2704 1412 2754 Percoutor
1453 2697 1863 2760 nihilominus,
1904 2711 1940 2750 o
1979 2696 2078 2748 de-

401 2793 846 2852 ‘sideratissimi
869 2807 882 2846 :
909 2805 1052 2844 sane
1075 2788 1234 2843 enim
1260 2784 1477 2840 similia
1502 2800 1746 2855 prorsus
1771 2783 2034 2838 dixeritis
2059 2799 2072 2847 ;

429 2883 900 2958 siquidem,teste
919 2879 1359 2948 Scriptura,uno
1372 2874 1623 2928 membro
1634 2873 1913 2941 patiente,
1923 2889 2078 2928 com-

425 2968 952 3044 patiunturomm'a
977 2965 1230 3022 membra
1253 2963 1472 3028 °.Quod
1501 2977 1642 3016 vero
1668 2962 1778 3033 ipsi
1807 2960 2079 3016 membra

427 3063 572 3130 sitis,
614 3069 670 3117 et
697 3057 942 3133 quidem
983 3056 1045 3110 in
1078 3053 1362 3109 membris
1399 3050 1790 3114 nobilissima,
1829 3052 2077 3106 omnino

2191 1820 2399 1881 ναγμῶν
2429 1812 2713 1885 ἐπλήρωσε,
2766 1810 3070 1885 καρδιακών
3117 1811 3391 1887 βρασμῶν,
3425 1822 3516 1869 καί
3560 1817 3786 1892 ἀναϐραο

2195 1909 2358 1970 σμῶν,
2388 1903 2453 1951 τὰ
2483 1908 2576 1961 τῆς
2601 1899 2784 1972 ψυχῆς
2817 1901 3165 1975 αἰσθητήρια.
3214 1909 3319 1962 Τὴν
3348 1914 3616 1976 παροῦσαν
3651 1910 3791 1970 ζωὴν

2191 1993 2422 2060 μισητὴν
2479 1994 2749 2054 πεποίηκε,
2783 1996 2868 2042 τόν
2923 1994 3140 2043 θάνατον
3198 1993 3537 2066 ἐπιθυμητὸν,
3573 2000 3642 2047 Τό
3682 1995 3792 2065 ψυ-

2190 2082 2348 2148 χικόν
2401 2081 2485 2151 ἔαρ
2519 2079 2591 2140 εἰς
2630 2090 2870 2151 χειμῶνα
2922 2081 3264 2153 μετέστρεφε.
3304 2087 3380 2135 Td:
3428 2091 3531 2144 τοίς
3587 2085 3792 2145 πολλοῖς

2191 2164 2649 2239 περισπούδαστα,
2699 2169 2824 2239 ἡμῖν
2883 2169 3218 2222 ἀπόπτυστα.
3254 2172 3357 2224 Καὶ
3409 2176 3475 2224 τὰ
3523 2176 3612 2244 μεν
3669 2175 3789 2226 καθ’

2192 2257 2350 2326 inﬂa

2190 2341 2520 2412 πολυὼδυνα,
2567 2346 2724 2416 οἶφιλά
2786 2365 2839 2397 τε
2891 2351 2979 2398 καὶ
3045 2346 3276 2421 ἀνέορτα,
3339 2347 3604 2422 μηδεμίαν
3659 2371 3795 2425 παρ-

2192 2433 2604 2506 ηγορίανέχοντα
2638 2451 2648 2463 ·
2714 2442 2992 2505 πανταχοῦ
3071 2444 3163 2487 τοῦ
3233 2448 3477 2490 ταπεινοῦ
3531 2439 3793 2512 λογισμοῦ

2193 2518 2508 2586 διαθέοντος,
2541 2527 2629 2573 καὶ
2668 2520 2922 2594 μηδαμοῦ
2964 2527 3152 2576 στάσιν
3191 2527 3538 2600 εὑρίσκοντος,
3573 2529 3603 2587 ἦ
3637 2535 3794 2600 μόνον

2434 2253 2473 2306 ὦ
2557 2256 2996 2328 σεϐασμιώτατοι,
3065 2259 3201 2310 οὑτω
3255 2260 3646 2313 πολυστένακτά
3701 2267 3793 2315 καὶ

2191 2609 2234 2660 εἰ
2294 2610 2360 2669 εἰς
2423 2614 2551 2662 Θεὸν
2597 2615 2686 2661 καί
2726 2612 2792 2670 εἰς
2853 2615 2938 2662 τὸν
2990 2614 3124 2686 ἱερὸν
3177 2617 3335 2686 τάφον
3402 2614 3790 2690 παρεδρευτικὴ

2189 2695 2476 2770 ἀποϐλέψῃ.
2521 2697 2708 2749 Ὀποία
2756 2697 2814 2750 δὲ
2846 2703 2909 2750 τά
2951 2700 3068 2752 καθ’
3117 2705 3293 2772 ὕμᾶς;
3325 2705 3422 2755 οὐκ
3474 2706 3670 2775 ἀγνοῶν
3703 2707 3790 2758 ἑπ-

2188 2795 2359 2860 ερωτῶ
2392 2806 2404 2818 ·
2461 2789 2782 2858 πυνθάνομαι
2851 2784 2900 2839 δ’
2961 2785 3049 2840 οὖν
3103 2791 3261 2860 ὅμως,
3331 2793 3370 2842 ὦ
3409 2797 3790 2862 ποθεινότατοι,

2186 2883 2275 2926 καί
2316 2895 2376 2946 γε
2426 2879 2490 2927 τὰ
2521 2878 2676 2947 ὃμοια
2721 2878 2921 2938 πάντως
2950 2882 3166 2948 φήσοιτε
3193 2897 3206 2909 ’
3241 2880 3284 2932 εἰ
3330 2884 3448 2954 γὰρ,
3495 2885 3564 2943 ὦς
3607 2903 3788 2955 φησιν,

2189 2965 2320 3026 ἑνός
2359 2964 2584 3036 μέλους
2620 2966 2998 3036 πάσχοντος
3040 2971 3432 3040 συμπάσχει
3472 2974 3676 3023 πάντα
3714 2976 3791 3024 τά

2189 3053 2365 3125 μέλη.
2413 3053 2534 3106 Ὀτι
2584 3051 2642 3106 δε
2690 3056 2837 3126 ὑμεῖς
2907 3055 3059 3126 μέλη,
3126 3065 3215 3109 καὶ
3279 3067 3377 3110 τῶν
3434 3062 3781 3130 τιμιωτάτων,

430 3116 816 3208 manifestum
860 3147 934 3200 sit
977 3163 990 3212 ;
1032 3158 1221 3215 quare
1263 3141 1472 3196 merito
1527 3139 1874 3194 condoletis.
1937 3140 2077 3204 Quis

2191 3149 2343 3194 παντί
2395 3162 2492 3195 που
2539 3140 2714 3202 δῆλον.
2759 3147 2912 3196 Ὅθεν
2972 3145 3182 3206 εἰκότως
3231 3149 3259 3204 ἡ
3323 3148 3660 3218 συνάλγησις.
3693 3152 3787 3207 Τίς

428 3229 588 3297 enim
612 3240 893 3308 deinceps
917 3231 1287 3288 venientibus
1311 3229 1444 3283 laeto
1460 3227 1622 3282 vultu
1643 3229 1984 3292 occurrerit,
2009 3244 2078 3283 ac

429 3329 710 3387 manibus
736 3323 967 3396 supinis
991 3319 1337 3390 susceperit,
1365 3317 1834 3388 complexusque
1863 3317 2077 3372 charos

429 3419 627 3475 vultus
648 3414 953 3472 osculatus
977 3411 1148 3465 fuerit
1170 3406 1199 3461 ?
1229 3407 1371 3472 Quis
1391 3412 1756 3476 opportuna,
1780 3411 1836 3458 et
1859 3405 2077 3460 animat

425 3503 824 3564 conducibilia
847 3496 1289 3572 percontabitur
1308 3493 1336 3550 ‘l
1359 3494 1500 3559 Quis
1518 3494 1706 3548 tristes
1744 3494 2079 3564 composita

424 3594 835 3652 admonitione
865 3587 1251 3643 laetiticaverit
1285 3581 1313 3638 ‘i
1345 3582 1487 3647 Quis
1519 3597 1641 3652 prae
1682 3582 1952 3637 molestia
1983 3597 2076 3638 co-

424 3682 784 3753 gitationum
806 3684 1070 3738 maestos,
1092 3679 1366 3742 totosque
1387 3684 1705 3725 succensos
1727 3684 1796 3724 ac
1819 3680 2078 3725 aestuan-

427 3777 512 3828 tes
554 3766 921 3836 refrigeravit
962 3763 992 3816 ?
1044 3760 1184 3828 Quis
1229 3759 1528 3814 iuunxerit
1573 3757 1650 3813 ad
1691 3761 2018 3814 certamina
2048 3759 2076 3814 ‘I

425 3859 569 3926 Quis
599 3857 673 3914 ad
698 3841 926 3928 pietatis
949 3866 1192 3907 cursum
1226 3847 1596 3903 intenderit?
1627 3849 1768 3913 Quis
1792 3849 1866 3904 ad
1897 3849 2078 3903 virilis

425 3949 611 4005 animi
642 3946 823 4001 robur
850 3939 1256 4014 provocaverit
1287 3937 1314 3991 7
1344 3939 1482 4002 Quis
1511 3937 1589 3992 ad
1621 3938 1878 3992 veritatis
1899 3944 2079 3992 certa-

428 4053 566 4094 men
582 4033 884 4091 duraverit
901 4033 929 4087 ?
951 4030 1092 4094 Quis
1113 4027 1543 4096 aegrotantibus
1558 4025 1852 4082 medelam
1872 4026 2079 4082 attule-

425 4125 546 4182 rit?
572 4127 715 4192 Quis
744 4120 952 4194 procul
976 4118 1325 4174 absentibus
1351 4131 1455 4186 per
1481 4115 1767 4186 epistolas
1791 4123 2075 4187 opportu-

426 4231 507 4271 na
537 4215 804 4270 elocutus
835 4208 1008 4265 fuerit
1033 4207 1061 4264 ?
1091 4207 1230 4272 Quis
1262 4205 1341 4260 ita
1363 4204 1652 4269 dilexerit,
1686 4205 2078 4277 animamque

426 4305 773 4377 pretiosam,
810 4297 1021 4354 Christi
1077 4293 1373 4364 exemplo,
1417 4293 1940 4365 quemadmodum
1981 4294 2076 4349 ille

425 4382 634 4449 divino
679 4404 925 4445 munere
965 4401 1289 4441 concessus
1332 4390 1536 4454 pastor
1575 4398 1646 4438 ac
1697 4384 1924 4447 doctor,
1968 4399 2076 4454 pro

427 4495 796 4554 unoquoque
820 4474 1136 4549 posuerit?
1159 4473 1311 4539 Quid
1336 4488 1474 4527 vero
1504 4488 1677 4544 opus,
1709 4477 1768 4527 ut
1793 4471 2078 4544 pleraque

421 4572 582 4628 beati
621 4575 799 4641 atque
839 4562 1211 4622 admirabilis
1242 4562 1373 4627 viri,
1415 4561 1691 4616 lamentis
1723 4577 2076 4633 prosequar,

426 4661 505 4718 ob
528 4675 664 4733 quae
687 4657 866 4714 etiam
883 4654 1140 4709 maxime
1152 4652 1386 4722 jactura
1401 4650 2080 4707 videturintolerabilis‘?

417 4747 574 4808 Nam
606 4764 726 4804 non
759 4745 952 4802 tulerit
977 4743 1194 4797 modus
1221 4740 1484 4811 epistolae
1517 4755 1530 4793 :
1559 4755 1911 4811 quanquam
1938 4739 2081 4796 alio-

426 4836 572 4913 qui,’
588 4838 672 4892 sic
695 4833 905 4892 humili
928 4831 1132 4888 anima
1152 4837 1356 4884 nostra
1367 4843 1440 4882 ex
1456 4827 1686 4883 tristitia
1706 4827 2074 4894 coucidente,

2188 3237 2288 3304 γὰρ
2339 3233 2480 3304 ὑμῶν
2540 3235 2616 3284 ἔτι
2683 3238 3104 3305 παραγενομένων
3171 3240 3600 3306 προσυπαντήσε,
3667 3255 3789 3307 φαι-

2191 3318 2301 3394 δρῷ
2350 3330 2420 3391 τῷ
2459 3326 2738 3395 προσώπῳ,
2793 3328 2882 3372 καὶ
2947 3323 3158 3383 ὑπτίαις
3207 3328 3395 3397 χερσὶν
3447 3323 3784 3391 ὑποδέξεται,

2188 3414 2278 3461 καὶ
2365 3409 2710 3483 περιπλακεὶς,
2790 3411 3185 3462 κατασπάσεται
3265 3413 3408 3484 ὑμῶν
3482 3415 3548 3464 τὰ
3633 3417 3790 3486 τίμια

2187 3504 2444 3568 πρόσωπα
2471 3517 2483 3566 ;
2514 3504 2600 3558 Τίς
2647 3500 2955 3570 ἐπερωτήσει
2997 3501 3062 3550 τὰ
3120 3496 3306 3552 δέοντα
3329 3505 3420 3552 καὶ
3444 3501 3734 3573 ψυχωφελῆ
3766 3522 3785 3574 ;

2184 3592 2277 3648 Τίς
2321 3587 2662 3658 λυπουμένους
2715 3593 3093 3659 χαροποιήσειε
3146 3595 3208 3661 τῇ
3265 3590 3472 3661 ἐμμελεί
3517 3593 3783 3664 νουθεσίᾳ,

2185 3681 2276 3737 Τίς
2328 3675 2687 3746 ἀπεγνωκότας
2735 3676 3154 3748 παρακαλέσειε;
3202 3683 3295 3739 Τίς
3346 3678 3674 3750 ἀθυμοῦντας
3729 3681 3788 3732 ἐκ

2185 3765 2467 3836 λογισμῶν,
2539 3769 2628 3815 καὶ
2697 3766 3226 3837 κατεμπρηςομένους
3295 3766 3614 3839 ἀναψύξεως
3691 3775 3786 3831 Τίς

2187 3851 2478 3922 ἀπαλείψειε
2516 3854 2644 3925 πρὸς
2705 3855 2823 3912 τοὺς
2889 3851 3132 3923 ἀγῶναςς
3193 3858 3283 3916 Τίς
3352 3861 3589 3908 τονώσειε
3654 3862 3786 3928 πρὸς

2186 3944 2272 3992 τόν
2324 3947 2414 4000 τῆς
2462 3938 2719 4000 εὐσεϐείας
2762 3937 2999 4014 δρόμον;
3031 3947 3124 4004 Τίς
3169 3940 3422 4017 διιγείροι
3459 3947 3587 4016 πρὸς
3641 3945 3790 3997 εὐαν-

2188 4025 2404 4103 δρείαν,
2441 4034 2530 4089 Τίς
2581 4034 2864 4100 στομώσειε
2915 4034 3039 4102 πρὸς
3089 4034 3334 4083 ἔνστασιν
3381 4031 3620 4094 ἀληθείας
3653 4049 3668 4099 ;
3697 4037 3787 4096 Τίς

2191 4117 2448 4190 ἰατρεύσει
2493 4122 2830 4178 νενοσηκότας
2861 4135 2875 4185 ;
2903 4124 2993 4180 Τίς
3041 4119 3215 4194 πόῤῥω
3246 4117 3366 4172 οὖσι
3411 4117 3504 4173 διὰ
3539 4125 3786 4195 γράμμα-

2189 4225 2270 4266 τος
2325 4206 2736 4279 προσφθέγξεται
2792 4209 2857 4258 τὰ
2913 4206 3186 4279 ὀφείλοντα
3219 4225 3232 4275 ;
3261 4215 3348 4270 Τίς
3388 4210 3552 4271 οὑτως
3581 4209 3786 4282 ἀγαπή-

2189 4314 2312 4360 σειε,
2368 4300 2455 4347 καὶ
2511 4301 2604 4354 τὴν
2681 4300 2858 4367 τιμίαν
2907 4295 3093 4368 ψυχὴν
3146 4299 3272 4372 ὑπὲρ
3331 4298 3552 4351 ἑκάστου
3608 4301 3788 4358 θήσειε

2190 4389 2673 4458 Χριστομιμήτωςς
2725 4387 2789 4445 ὦς
2844 4387 2869 4436 ὁ
2946 4383 3270 4460 θεοδώρητος
3333 4387 3520 4451 ἐκεῖνος
3583 4394 3788 4461 ποιμὴν

2186 4478 2276 4525 καὶ
2304 4469 2627 4533 διδάσκαλος
2659 4491 2672 4541 ;
2705 4479 2806 4526 Καὶ
2851 4479 2901 4526 τί
2932 4471 3014 4526 δεῖ
3043 4477 3109 4527 τὰ
3157 4476 3319 4528 πολλά
3368 4485 3460 4529 τοῦ
3519 4483 3786 4552 μακαρίου

2186 4567 2272 4614 καὶ
2321 4560 2641 4632 ἀξιαγάστου
2694 4559 3063 4635 ἐκτραγῳδείν,
3133 4563 3206 4636 ἐφ’
3271 4565 3345 4624 οἷς
3407 4569 3496 4617 καὶ
3553 4565 3790 4637 μάλιστα

2185 4656 2271 4709 τὴν
2318 4652 2512 4722 ζημίαν
2566 4652 2817 4722 ἀφόρητον
2875 4652 3134 4723 ὑπάρχειν
3194 4652 3476 4724 λοχίζεσθε
3513 4672 3526 4722 ;
3559 4650 3675 4706 οὐδ’
3721 4653 3786 4705 διν

2188 4739 2464 4801 ἐπιστολῆς
2502 4747 2685 4811 μέτρον
2735 4736 3049 4802 ὑποδέξαιτο
3080 4758 3092 4770 ·
3127 4747 3212 4794 καὶ
3243 4743 3429 4807 ἄλλως,
3483 4743 3576 4794 οὐκ
3609 4746 3786 4795 εὔκαι-

2186 4848 2275 4904 ρον
2332 4827 2724 4902 ἀριστευμάτων
2779 4828 2949 4887 πλήθη
3017 4838 3088 4900 τῷ
3144 4833 3419 4907 γράμματι
3473 4835 3790 4906 προσάγειν,

497 4965 520 4999 ⁴
572 4961 720 5018 Psal.
768 4975 892 5024 xxi,
946 4958 1031 5013 14.
1072 4956 1093 4991 ⁸
1125 4952 1274 5010 Psal.
1317 4968 1558 5018 Lxxxvn,
1589 4956 1642 5007 5.
1693 4953 1714 4988 ⁸
1753 4951 1908 5008 Psal.
1951 4969 2019 5018 ω,
2052 4955 2106 5009 8.
2167 4955 2187 4989 ⁷
2215 4953 2364 5010 Psal-
2404 4968 2562 5020 xcm,
2610 4958 2692 5009 17.
2770 4953 2790 4988 ⁸
2818 4953 2970 5010 Psal.
3013 4970 3083 5022 cu,
3127 4961 3179 5009 7.
3258 4959 3278 4990 9
3322 4959 3338 5011 Ι
3378 4941 3508 5012 Cor.
3549 4973 3650 5026 xu,
3691 4963 3788 5015 26.

2001 5064 2046 5118 Ν
2052 5062 2222 5118 ΟΤιΕ.

499 5170 577 5243 (6)
641 5171 860 5226 Sumus
921 5162 1202 5243 destituti.
1267 5159 1633 5243 ἐξηπορήμεθα
1683 5157 2067 5243 :_apostolica

426 5230 621 5300 vox'll
661 5243 786 5296 Cor.
847 5253 924 5302 iv,
981 5237 1209 5292 habens
1255 5230 1611 5302 emphasim,
1671 5236 1731 5285 ut
1778 5230 2068 5300 signiticet

425 5314 587 5370 velut
645 5302 1128 5383 desperationem
1168 5306 1436 5383 vincente
1495 5317 1757 5383 prorsus.
1802 5303 1975 5383 taedio
2013 5309 2069 5358 et

425 5387 722 5442 anxietate
762 5371 1142 5455 ἀπορούμενοι,
1230 5378 1447 5455 inquit,
1496 5371 1623 5455 ’.ἀλλ’
1703 5372 1795 5455 οὐκ
1883 5371 2068 5455 ἑξαπ-οο

422 5461 663 5534 ροὺμενοι
703 5475 716 5534 ;
749 5447 926 5526 quasi
963 5447 1123 5534 dicat
1157 5465 1175 5531 ε
1213 5449 1383 5534 An_xui
1422 5447 1816 5534 quidetnLatj
1833 5447 2067 5534 nouita

427 5515 491 5588 'ut
519 5515 788 5587 anxietas
823 5523 1070 5597 omnino
1117 5521 1332 5587 vincat,
1364 5515 1645 5584 ac'velut,
1691 5516 1754 5572 in
1781 5515 2069 5588 despera-

2178 5159 2352 5216 tionis
2364 5159 2812 5216 barathrumim
2824 5159 3781 5232 pellat.Erasin.Laboramus,sed,

2177 5241 2311 5296 etc.,
2345 5231 2590 5287 velutde
2614 5248 2812 5288 rerum
2847 5233 3094 5306 penuria
3124 5233 3402 5306 loquatur
3436 5231 3783 5306 Apostolus,

2175 5306 2341 5375 quod
2374 5306 2572 5358 minus
2603 5311 2810 5374 aptum
2842 5304 3090 5359 Videtur.
3116 5304 3311 5360 MaIuit
3334 5304 3504 5374 Vulg;
3531 5311 3785 5363 retinere

2177 5390 2387 5438 vocem
2428 5375 2714 5447 Graecam,
2757 5391 2827 5429 ac
2856 5391 2965 5430 ceu
3005 5391 3078 5431 ex
3115 5392 3185 5431 ea
3228 5378 3492 5431 Latinam
3533 5376 3783 5447 ﬁngere,

2177 5460 2298 5517 quo
2312 5461 2419 5518 sua
2432 5445 2514 5500 illi
2529 5447 2866 5518 amplitudo
2879 5449 3242 5503 consisteret.
3259 5445 3786 5518 Aporiamurised,

2175 5516 2286 5573 etc.
2315 5516 2488 5575 Plane
2515 5516 2716 5575 tamen
2735 5517 3052 5576 obscurius
3076 5524 3203 5576 est.
