4038 6312
236 259 375 316 1833

1296 257 1390 314 DE
1429 248 1642 315 OBITU
1683 259 1744 315 S.
1785 257 2150 315 THEODORI
2191 258 2521 315 STUDITAE

3445 260 3579 317 1834

234 386 394 447 οὕτως
444 388 586 457 ἡμῶν
638 393 732 447 τῆς
761 394 1005 449 ταπεινῆς
1048 385 1237 457 ψυχῆς
1290 388 1732 457 συμπεπτωκυίας
1765 391 1820 455 τῇ

1938 385 2351 455 importunum
2378 385 2451 439 sit
2473 384 2646 456 plura
2675 384 2776 438 viri
2797 382 3065 439 facinora
3085 383 3287 440 litteris
3307 384 3596 441 insereret

238 474 396 547 λύπη.
438 478 501 526 Τί
525 476 625 547 γὰρ
666 483 763 526 τῶν
810 477 997 526 ἐκείνον
1042 482 1295 539 τοιοῦτον,
1334 474 1437 525 οἷον
1486 474 1514 532 ή
1568 469 1661 535 si;
1704 476 1832 544 μνή-

238 584 343 636 μης
391 565 535 635 ἡμῶν
567 563 817 631 ἐκπεσεῖν,
861 565 888 622 ἢ
944 566 1244 615 σιωπᾶσθαι
1280 564 1422 626 ἄξιον
1465 564 1826 634 νομισθῆναι;

241 652 381 707 Ἀλλ’
418 657 558 725 οἴμοι
605 661 676 721 τῷ
726 661 948 723 ταπεινῷ
980 652 990 706 Ῑ
1022 650 1223 705 ἔνδοθεν
1255 654 1338 724 ὑφ’
1370 648 1561 712 ἡδονῆς
1608 660 1706 702 τῶν
1753 650 1829 702 λε-

238 744 469 814 χθέντων
547 744 862 813 κινούμενος,
939 742 1126 801 λεληθα
1181 741 1400 813 ἐμαυτόν
1456 740 1828 813 ἐμφιλοχωρῶν

238 838 309 901 τῷ
340 833 515 896 πάθει,
549 836 635 883 καὶ
682 833 1098 903 ὑπομιμνήσκειν
1158 832 1287 903 ὑμᾶς
1332 834 1398 882 τὰ
1425 837 1517 882 τοῦ
1564 834 1824 901 μακαρίου

234 923 360 994 πρὸς
412 922 551 992 ἡμᾶς
611 923 1062 992 πρακτικεύματα,
1128 921 1547 993 παρηγορεῖσθαι
1613 916 1822 970 δοκῶν’

234 1010 529 1062 τούναντίον
578 1009 836 1068 ἐπικνὴθω
892 1011 1034 1081 ὑμῶν
1082 1012 1140 1061 τὸ
1197 1017 1287 1070 τῆς
1351 1009 1539 1080 ψυχῆς
1595 1015 1824 1080 τραῦμα,

234 1104 323 1151 καὶ
354 1098 562 1150 ἁνάπτω
591 1105 685 1156 τήν
717 1106 812 1158 τῆς
858 1096 1085 1173 καρδίας
1120 1098 1304 1170 φλόγα,
1350 1102 1440 1150 καὶ
1470 1097 1609 1160 αὔξω
1639 1100 1696 1149 τὸ
1728 1098 1826 1149 πά-

236 1191 341 1253 θος,
380 1193 469 1240 καὶ
504 1184 744 1262 δακρύων
777 1188 920 1259 ὑμῶν
959 1189 1105 1260 τάχα
1132 1191 1255 1248 τούς
1306 1183 1611 1259 ἁδελφικούς
1640 1185 1825 1258 ὀφθαλ-

231 1281 361 1349 μούς
382 1276 685 1351 ἀποπληρῶ.

300 1365 455 1419 Ἀλλά
500 1384 591 1437 μοι
640 1361 816 1439 δεῦρο,
874 1364 913 1415 ὦ
964 1368 1201 1436 Πατέρων
1249 1366 1479 1436 ἄριστοι,
1534 1367 1622 1415 καὶ
1676 1359 1824 1415 ἁδελ-

230 1462 333 1525 φῶν
386 1459 744 1525 γνησιώτατοι
777 1472 789 1485 ’
852 1458 922 1524 μή
983 1457 1146 1526 μέχρι
1192 1455 1384 1504 τούτων
1436 1455 1522 1503 τὸν
1569 1451 1821 1523 λογισμὸν

232 1549 524 1615 στήσωμεν,
587 1539 726 1615 μηδὲ
783 1543 1320 1613 καταμαλακισθῶμεν
1376 1546 1467 1593 καὶ
1516 1544 1821 1593 καταπέσω-

225 1652 316 1704 μεν
375 1633 443 1703 τῷ
529 1635 702 1695 πάθει,
761 1632 843 1683 ἶνα
902 1636 973 1703 μή
1053 1636 1392 1706 κατηγορήσῃ
1457 1635 1546 1683 καὶ
1599 1631 1743 1701 ἡμῶν
1797 1630 1821 1681 ὁ

1943 473 2095 538 Quid
2122 476 2277 528 enim
2310 490 2403 529 res
2433 474 2559 544 ejus
2608 474 2720 529 tale
2750 473 2993 540 habent,
3029 478 3091 529 ut
3124 475 3211 529 vel
3250 475 3587 530 excisurum

1939 564 2249 626 memoria,
2269 565 2355 617 vel
2390 562 2639 633 dignum
2664 565 2829 634 quod
2855 568 3135 627 taceatur,
3156 563 3368 619 debeat
3400 564 3592 619 existi-

1942 650 2279 707 mari?Sed
2321 652 2437 707 heu
2481 667 2575 707 me
2624 652 2950 707 humilem!
3004 657 3166 707 lntus
3221 652 3585 720 stimulante,

1938 754 2121 810 quam
2148 740 2305 795 dicta
2332 739 2695 811 voluptatem
2726 740 2966 805 habent,
3000 741 3126 811 ipse
3160 741 3391 795 nescius
3436 741 3594 797 velut

1940 827 2091 883 ultro
2119 829 2305 883 dolori
2325 829 2613 885 immoror
2640 847 2652 897 ;
2678 845 2747 884 ac
2769 828 3145 898 suggerendo
3166 835 3226 884 ut
3246 845 3307 883 se
3339 827 3426 884 vir
3446 829 3594 886 bea-

1938 920 2035 971 tus
2086 918 2144 971 in
2179 932 2286 971 nos
2320 916 2582 981 haberet,
2615 917 2775 972 visus
2830 917 3145 983 consolari,
3178 919 3377 989 potius
3410 920 3587 975 vestri

1938 1005 2121 1060 animi
2164 1006 2377 1060 vulnus
2416 1006 2645 1071 refrico,
2701 1007 3085 1078 accendoque
3116 1008 3370 1078 pectoris
3417 1007 3589 1063 ﬂam-

1936 1110 2100 1149 mam
2157 1109 2226 1149 ac
2269 1109 2461 1164 augeo
2491 1095 2781 1163 dolorem,
2813 1094 3056 1167 forsque
3100 1095 3348 1153 fratrum
3378 1097 3585 1153 oculos

1934 1183 2217 1255 lacrymis
2249 1182 2485 1254 oppleo.

2002 1360 2333 1425 Enimvero,
2363 1360 2565 1416 adeste
2592 1360 2760 1425 mihi,
2783 1365 2985 1433 patres
3010 1361 3238 1434 optimi,
3269 1377 3338 1418 ac
3368 1362 3580 1420 fratres

1931 1449 2313 1505 sincerissimi
2339 1467 2351 1501 :
2376 1465 2449 1504 ne
2466 1450 2585 1505 huc
2603 1466 2794 1521 usque
2812 1451 3258 1506 cohibuerimus
3280 1453 3552 1509 animum
3567 1515 3583 1539 ,

1930 1554 2077 1594 neve
2104 1537 2498 1605 emolliamur,
2524 1546 2627 1594 aut
2652 1538 2856 1595 dolore
2878 1540 3267 1596 concidamus
3297 1556 3371 1597 ne
3395 1546 3451 1597 et
3471 1537 3581 1598 nos

1931 1644 2188 1696 magnus
2222 1627 2539 1699 Apostolus
2568 1629 3022 1700 vituperaverit:
3067 1629 3171 1684 sed
3203 1645 3583 1686 recurramus

225 1726 388 1792 μέγας
445 1721 764 1781 Ἀπόστολος
797 1738 808 1749 ·
866 1718 1246 1794 ἀναδράμωμεν
1305 1722 1385 1771 ἐπὶ
1446 1723 1540 1778 τὴν
1600 1717 1820 1793 ἀρχαιο-

1932 1716 2008 1772 ad
2052 1718 2330 1788 antiquas
2380 1718 2816 1787 generationes,
2849 1717 3281 1790 videamusque
3314 1735 3348 1775 a
3384 1720 3581 1791 primo

223 1815 420 1881 γονίαν,
452 1815 542 1862 καὶ
582 1806 778 1879 ἴδωμεν
826 1808 925 1861 ἀπὸ
984 1818 1075 1861 τοῦ
1106 1812 1429 1882 προπάτορος
1480 1811 1625 1880 ἡμῶν
1655 1813 1820 1882 μέχρι

225 1907 315 1951 τοῦ
349 1895 503 1973 δεῦρο
542 1916 552 1928 ⁸
580 1904 669 1950 καί
698 1918 756 1970 γε
787 1902 886 1972 πρὸ
912 1908 1011 1950 τῶν
1037 1899 1200 1949 ἄλλων
1230 1901 1346 1958 τοὺς
1395 1903 1502 1967 Θεῷ
1532 1897 1817 1969 εὐαρεστη-

223 1991 374 2048 κότας
407 1984 501 2039 διὰ
554 1985 671 2060 βίου
720 1992 808 2038 καὶ
842 1986 1104 2048 πολιτείας
1153 1985 1373 2061 ἀρίστης
1402 2003 1413 2014 ’
1445 1985 1576 2057 λέγω
1606 1983 1673 2043 δή
1702 1989 1819 2046 τοὺς

221 2080 322 2149 πρὸ
379 2080 536 2148 νόμου
587 2080 832 2150 πατέρας,
888 2077 1246 2148 πατριάρχας,
1302 2073 1559 2147 Ἀϐραὰμ,
1611 2073 1813 2139 Ἰσαὰκ,

222 2164 409 2219 Ἰακώϐ
466 2182 478 2194 ·
534 2167 652 2224 τοὺς
707 2167 807 2237 πρὸ
864 2168 1056 2227 αὐτῶν,
1111 2169 1199 2215 καὶ
1255 2163 1364 2236 μετ’
1422 2163 1631 2233 αύτούς,
1694 2166 1817 2226 τοὺς

220 2254 268 2305 ἐν
321 2259 484 2326 νόμῳ,
539 2257 734 2306 Μωσέα
775 2258 864 2305 καὶ
907 2254 1149 2327 Ἀαρών·
1206 2256 1325 2314 τούς
1377 2256 1670 2324 μετέπειτα,
1704 2271 1816 2324 κρι-

216 2345 310 2405 τὰς
357 2348 446 2395 καὶ
494 2347 763 2416 προφήτας
798 2356 812 2371 ⁸
850 2346 970 2404 τοὺς
1015 2341 1062 2393 ἐν
1112 2349 1172 2400 τῆ
1224 2345 1433 2414 χάριτι,
1472 2340 1810 2406 ἀποστόλους,

218 2434 508 2505 μάρτυρας,
590 2430 931 2503 ὁμολογητὰς,
1013 2433 1284 2504 ἱεράρχας,
1372 2433 1572 2495 ὁσίους,
1650 2435 1814 2503 μέχρι

218 2530 308 2574 τοῦ
387 2525 834 2595 μνημονευομένου
865 2539 878 2551 ·
932 2526 1023 2583 καὶ
1084 2525 1148 2581 ὡς
1206 2522 1423 2573 ἕκαστον
1499 2522 1693 2572 τούτων
1747 2528 1809 2593 τῇ

220 2607 335 2682 ἰδίᾳ
407 2616 555 2682 γενεᾷ
624 2610 906 2685 ἐπιτρέψας
984 2612 1446 2682 ὑπηρετήσασθαι,
1511 2616 1622 2671 τοίς
1689 2610 1814 2661 καθ-

218 2701 410 2758 ήκουσι
457 2708 675 2772 χρόνοις
704 2704 835 2775 πρὸς
887 2700 1064 2752 ἑαυτὸν
1112 2699 1265 2751 πάλιν
1317 2698 1677 2753 ἀνεκαλέσατο.
1714 2703 1814 2751 Καὶ

1372 2433 1522 2483 ὁσίου
1533 2450 1572 2495 ς,

218 2793 287 2861 μή
344 2789 565 2841 λυπείτω
636 2790 767 2861 ύμᾶς
825 2791 854 2847 ἡ
916 2796 1007 2840 τοῦ
1067 2789 1384 2859 ἀειμνήστου
1442 2790 1763 2859 μετάστασις
1795 2801 1810 2817 ⁸

221 2881 527 2950 εὐφραινέτω
572 2875 630 2929 δὲ
687 2878 893 2949 μᾶλλον,
956 2878 1033 2929 ὅτι
1106 2885 1207 2936 τῷν
1260 2878 1813 2949 προμνημονευθέντων

224 2970 562 3041 συναρίθμιος
616 2971 705 3017 καὶ
748 2969 1104 3036 συμμέτοχος,
1164 2968 1226 3024 ὡς
1273 2967 1338 3015 τὰ
1382 2968 1477 3015 ἶσα
1515 2969 1603 3015 καὶ
1631 2962 1814 3035 ἀγωνι-

1930 1810 2174 1877 parente
2198 1812 2421 1870 nostro,
2451 1805 2528 1861 ad
2549 1806 2662 1861 hoc
2688 1822 2876 1877 usque
2898 1810 3163 1878 tempus;
3182 1812 3361 1879 atque
3387 1823 3490 1865 eos
3519 1810 3579 1865 in

1930 1894 2163 1965 primis,
2186 1894 2287 1965 qui
2317 1895 2433 1950 vita
2460 1910 2530 1949 ac
2555 1895 2784 1966 optima
2800 1896 3272 1963 conversatione,
3314 1900 3431 1953 Deo
3459 1896 3581 1968 pla-

1928 1990 2180 2038 cuerunt
2202 2002 2215 2041 :
2239 1983 2876 2055 Patres,inquam,lege
2889 1984 3574 2057 antiquiores,Ahraam,

1925 2071 2106 2135 Isaac,
2139 2072 2354 2129 Jacob:
2419 2071 2530 2126 illis
2571 2077 2741 2127 aetate
2776 2072 3133 2144 superiores,
3166 2089 3235 2129 ac
3266 2078 3573 2146 posteros:

1925 2174 2027 2215 eos
2057 2160 2160 2233 qui
2193 2160 2464 2215 vixerunt
2502 2160 2615 2217 sub
2650 2163 2800 2231 lege,
2833 2164 3029 2218 Mosen
3061 2168 3117 2218 et
3145 2168 3377 2219 Aaron:
3412 2180 3577 2220 secu-

1924 2253 2135 2322 tosque
2160 2250 2393 2321 judices
2424 2255 2480 2305 et
2535 2250 2878 2322 prophetas.
2913 2253 3024 2307 Eos
3081 2252 3188 2323 qui
3218 2252 3329 2308 sub
3360 2254 3572 2323 gratia,

1914 2338 2251 2409 apostolos,
2288 2344 2599 2411 martyres,
2634 2338 3029 2406 confessores,
3070 2340 3398 2412 pontiﬁces,
3436 2358 3577 2398 san-

1924 2432 2049 2482 ctos
2079 2427 2180 2499 (7),
2215 2427 2291 2482 ad
2320 2428 2481 2483 hunc
2515 2443 2727 2500 usque,
2760 2428 2833 2483 de
2864 2444 2985 2501 quo
3020 2430 3194 2485 nobis
3223 2435 3310 2486 est
3334 2447 3530 2487 sermo
3556 2450 3570 2488 :

1922 2521 2107 2588 utque
2140 2519 2309 2583 Deus,
2350 2518 2452 2572 ubi
2488 2516 2758 2588 singulos
2798 2533 2923 2573 suae
2966 2534 3271 2591 quemque
3302 2520 3455 2576 aetati
3496 2536 3567 2576 ac

1925 2605 2018 2660 sui
2040 2607 2149 2661 aevi
2173 2606 2518 2661 hominibus
2544 2606 2795 2677 obsequi
2821 2607 3206 2678 permisisset,
3236 2608 3315 2664 ad
3350 2624 3411 2664 se
3444 2624 3569 2665 rur-

1926 2710 2060 2749 sum
2083 2696 2362 2764 congruis
2376 2694 2746 2766 temporibus
2764 2696 3145 2752 revocaverit.
3161 2698 3275 2751 Nec
3303 2712 3443 2753 vero
3461 2714 3569 2754 vos

1924 2787 2206 2838 transitus
2222 2784 2300 2839 ab
2311 2782 2595 2838 humanis
2620 2784 2980 2855 sempiterna
2998 2786 3290 2842 memoria
3309 2786 3412 2841 viri
3434 2801 3572 2842 con-

1924 2873 2263 2938 tristaverit,
2283 2872 2484 2944 potius
2508 2888 2646 2927 vero
2669 2873 2931 2928 laetitiam
2958 2874 3125 2930 vobis
3158 2873 3377 2940 fecerit,
3405 2876 3571 2948 quod

1924 2962 1993 3015 iis
2046 2977 2305 3031 quorum
2356 2962 2764 3026 meminimus,
2793 2964 2865 3016 sit
2891 2968 3222 3033 consertus,
3254 2963 3571 3035 factusque

222 3059 441 3129 σάμενος
495 3052 782 3129 ἁριδήλως.
832 3052 953 3105 Ὅτι
1005 3052 1128 3106 οὐδὲ
1184 3052 1511 3106 ἀπολέλοιπεν
1561 3055 1699 3124 ἡμᾶς
1748 3056 1814 3105 εἶ-

1932 3065 2132 3105 eorum
2164 3052 2477 3120 particeps,
2504 3049 2661 3105 velut
2679 3050 3012 3121 quieadem
3036 3052 3237 3122 palam
3264 3054 3573 3108 desudarit

216 3165 312 3218 περ
375 3145 599 3216 θέλομεν,
660 3144 787 3195 ἀλλὰ
811 3143 922 3215 μεθ’
976 3144 1121 3214 ἡμῶν
1167 3144 1327 3205 ἐστιν,
1370 3145 1513 3213 εἴγε,
1549 3144 1611 3201 ὡς
1665 3141 1816 3202 αὐτὸς

218 3236 334 3307 ἔφη,

216 3325 338 3394 ἄρτι
372 3322 575 3391 ἰσχύων
616 3321 919 3394 πρεσϐεύειν
978 3340 1032 3373 τε
1076 3326 1165 3373 καὶ
1224 3319 1470 3392 βοηθεῖν·
1500 3326 1588 3371 καὶ
1636 3327 1818 3372 τοσοῦ-

416 3237 505 3293 τὰς
579 3234 781 3295 ἐντολὰς
868 3232 1026 3284 αύτοῡ
1099 3236 1394 3305 τηρήσομεν
1438 3252 1450 3264 ·
1528 3232 1817 3303 ύπερτέρως

216 3429 327 3474 τον,
359 3410 480 3460 ὅσον
510 3407 557 3458 ἐν
589 3407 980 3480 ύποδείγματος
1010 3411 1132 3481 ὅρῳ,
1163 3413 1411 3482 πρότερον
1459 3404 1534 3460 δι’
1560 3408 1815 3483 ἐσόπτρου

218 3503 311 3550 καὶ
364 3497 691 3567 αἰνίγματος,
742 3505 828 3548 νῦν
879 3495 937 3549 δὲ
1002 3503 1279 3572 πρόσωπον
1336 3500 1466 3572 πρὸς
1516 3502 1815 3567 πρόσωπον,

219 3588 599 3656 καθαρωτέρως
672 3591 761 3635 καὶ
816 3586 1185 3661 λαμπροτέρως
1235 3594 1307 3657 τῷ
1376 3594 1489 3657 Θεῷ
1564 3586 1818 3659 λατρεύων

220 3678 313 3725 καὶ
364 3673 701 3745 λειτουργῶν,
770 3678 872 3725 Καὶ
924 3673 1094 3745 ὀλίγον
1144 3674 1498 3749 προενήρξατο
1554 3682 1648 3734 τῆς
1695 3677 1819 3748 πρὸς

222 3766 352 3817 Θεὸν
401 3757 550 3825 ὁδοῦ,
605 3757 965 3834 προοδοποιῶν
1018 3764 1143 3833 ἡμῖν
1188 3766 1383 3821 ταύτην
1438 3780 1451 3792 ·
1507 3763 1819 3835 εὐτραπέζων

221 3853 348 3924 ἡμῖν
405 3850 638 3903 κάκεῖθεν
694 3849 1032 3911 ἀναπαύσεως
1081 3850 1377 3918 κατάλυμα,
1447 3854 1587 3923 εἴπερ
1648 3851 1822 3924 εὐαρέ-

224 3960 358 4001 στως
414 3944 588 4014 Κυρίῳ
640 3938 1003 4011 βιοτεύσομεν,
1033 3944 1121 3990 καὶ
1151 3942 1215 4000 ὡς
1263 3940 1421 4001 αὐτὸς
1462 3942 1584 4012 ἡμῖν
1623 3939 1822 4013 ἐμαθή-

222 4048 401 4081 τευσεν
484 4030 617 4101 ἔργῳ
702 4034 791 4080 καὶ
870 4030 1026 4100 λόγῳ.
1104 4035 1283 4080 Ταῦτα
1348 4034 1821 4103 παρηγορείτωσαν

226 4119 368 4189 ὑμῶν
397 4122 489 4175 τὴν
538 4123 803 4192 μακαρίαν
848 4118 1056 4190 ψυχήν.
1091 4118 1170 4171 Ἐν
1214 4120 1418 4181 τούτοις
1477 4118 1820 4194 ἀνιστορῶνὸ

225 4208 594 4281 καθαρώτατος
646 4208 789 4279 ὑμῶν
862 4215 1000 4270 νοῦς,
1079 4206 1439 4267 σαϐϐατιζέτω
1524 4213 1614 4261 καὶ
1669 4212 1823 4262 οἱονεὶ

224 4300 587 4350 καταπαυέτω.
638 4300 743 4358 Τὰς
796 4293 854 4349 δὲ
906 4304 999 4348 τοῦ
1034 4296 1331 4371 τρισολϐίου
1383 4302 1587 4371 Πατρός
1624 4298 1823 4360 ἐντολὰς

1924 3139 2269 3202 certamina,
2294 3138 2599 3209 vitamque
2620 3139 2896 3194 eamdem
2923 3139 3171 3195 duxerit.
3206 3144 3353 3197 Nam
3376 3157 3572 3214 neque

1926 3229 1972 3282 si
1986 3228 2285 3293 volumus,
2300 3242 2409 3281 nos
2423 3227 2763 3299 dereliquit:
2780 3228 2925 3300 quin
2941 3235 3206 3285 versatur
3219 3230 3567 3286 nobiscum:

1925 3316 2129 3382 modo,
2166 3322 2227 3370 ut
2265 3316 2411 3371 dixit
2439 3315 2586 3387 ipse,
2614 3317 2743 3386 ejus
2774 3317 3062 3374 mandata
3090 3320 3527 3375 servaverimus
3555 3338 3569 3389 ;

1926 3406 2221 3478 potentior
2245 3405 2372 3476 jam
2404 3406 2481 3460 ad
2513 3406 3001 3462 intercessionem
3030 3412 3209 3480 atque
3239 3408 3529 3464 auxilium
3555 3426 3567 3463 :

1930 3500 2215 3567 tantoque
2240 3494 2520 3566 amplius,
2543 3500 2860 3566 quantum,
2888 3497 3145 3568 exempli
3172 3513 3356 3553 causa
3375 3498 3570 3566 refert,

1930 3591 1992 3639 ut
2020 3584 2183 3655 prius
2212 3599 2319 3656 per
2366 3582 2677 3655 speculum
2710 3585 2767 3639 in
2798 3584 3137 3655 aenigmate,
3180 3602 3341 3643 nunc
3371 3593 3573 3644 autem

1928 3673 2077 3729 facie
2095 3673 2170 3728 ad
2200 3672 2437 3741 faciem,
2457 3672 2663 3744 purius
2694 3673 3182 3747 splendidiusque
3208 3678 3324 3732 Deo
3356 3677 3579 3733 serviat

1928 3768 2106 3835 atque
2148 3763 2455 3817 ministret.
2490 3766 2569 3817 Ac
2618 3761 2777 3833 prior
2819 3762 3259 3834 aliquantulum
3288 3765 3389 3820 Dei
3415 3766 3575 3822 viam

1930 3851 2253 3916 inchoavit,
2274 3850 2448 3905 nobis
2464 3849 2690 3906 faciens
2718 3851 2826 3906 iter
2848 3869 2861 3907 :
2890 3852 3006 3907 illic
3031 3859 3353 3924 paraturus
3382 3854 3575 3911 beatae

1929 3941 2142 4015 quietis
2171 3939 2605 4005 habitaculum,
2633 3940 2968 3997 dummodo
3000 3944 3116 3996 Deo
3147 3942 3375 4013 placitis
3400 3945 3573 4000 mori-

1928 4032 2042 4087 bus
2076 4030 2417 4094 vixerimus,
2461 4045 2581 4102 qua
2629 4030 2755 4101 ipse
2794 4029 3045 4096 ratione,
3074 4031 3259 4087 verbo
3306 4039 3360 4088 et
3396 4049 3577 4104 opere

1931 4119 2151 4175 docuit.
2177 4117 2300 4174 Sint
2330 4118 2458 4172 haec
2489 4119 2679 4174 beatae
2700 4119 2916 4174 animae
2946 4126 3153 4175 vestrae
3185 4121 3414 4177 solatia.
3441 4125 3574 4178 Haec

1930 4208 2196 4264 recolens
2243 4206 2564 4279 purissima
2620 4223 2790 4261 mens
2854 4213 3067 4277 vestra,
3121 4210 3450 4265 Sabbatum
3510 4227 3580 4268 ac

1930 4298 2194 4370 quietem
2230 4301 2387 4368 agat.
2420 4298 2526 4351 Ter
2555 4296 2710 4351 beati
2750 4296 2932 4367 patris
2962 4297 3250 4354 mandata
3292 4304 3348 4355 et
3378 4300 3579 4357 admo-

225 4391 315 4437 καὶ
375 4387 668 4452 νουθεσίας,
724 4390 813 4438 καὶ
872 4387 1011 4458 μάλα
1061 4390 1253 4459 ἡμέρας
1304 4392 1393 4438 καὶ
1458 4392 1636 4448 νυκτὸς
1700 4388 1820 4440 ἁνα-

1933 4388 2187 4443 nitiones
2218 4386 2320 4440 diu
2353 4389 2656 4456 noctuque
2695 4386 2986 4442 memoria
3023 4388 3359 4454 retinentes,
3393 4390 3579 4445 otium

225 4475 662 4548 μιμνησκόμενοι,
720 4480 807 4527 καὶ
866 4484 1140 4549 προσεχῶς
1197 4475 1493 4537 ἐνταύταις
1539 4476 1824 4549 ἐνασχλού-

226 4583 370 4636 μενοι
419 4570 508 4616 καὶ
565 4565 864 4636 μελετῶντες
896 4583 908 4594 ·
939 4566 1073 4617 ούτω
1120 4568 1223 4640 γὰρ
1271 4571 1361 4618 καὶ
1403 4567 1510 4637 Θεῷ
1545 4567 1823 4639 εὐαρεστή-

231 4671 387 4724 σομεν
573 4654 1087 4726 προσκεκολλημεθα,
1165 4658 1252 4706 καὶ
1326 4660 1412 4707 τὸν
1490 4661 1823 4728 προκείμενον

230 4741 407 4813 ἀγῶνα
440 4744 594 4802 ὁσίως
633 4743 974 4815 ἐκτελέσομεν,
1009 4749 1097 4795 καὶ
1150 4741 1539 4806 δοξασθήσεται
1572 4742 1642 4797 δι’
1678 4747 1824 4816 ἡμῶν

227 4836 318 4882 καὶ
365 4827 751 4893 ἀντιδοξάσειεν
799 4834 937 4903 ἡμᾶς
988 4832 1232 4899 ἐντεῦθεν,
1293 4832 1456 4884 καὶέν
1487 4841 1558 4903 τῷ
1592 4834 1825 4904 μέλλοντι

231 4920 498 4992 ἑτοιμάσει
549 4922 674 4993 ἡμῖν
729 4918 999 4994 βασιλείαν
1048 4920 1299 4995 ούρανῳν.
1361 4927 1460 4974 Καὶ
1516 4918 1683 4974 ταῦτα
1734 4924 1825 4994 μὲν

232 5005 470 5074 διῆλθον,
504 5009 548 5060 εἰ
580 5014 667 5061 καὶ
700 5010 825 5080 ὑπὲρ
858 5009 1131 5067 ἐπιστολὴν
1156 5011 1301 5084 παρά
1330 5031 1477 5061 νινων
1504 5010 1773 5082 λογισθείη
1803 5025 1817 5039 ⁸

229 5101 361 5168 πρὸς
396 5096 453 5148 δὲ
502 5099 568 5148 τὰ
626 5096 912 5169 ὀφείλοντα,
951 5095 1074 5149 οὐδὲ
1120 5104 1276 5171 μέρος
1324 5098 1596 5159 ἐπιστολῆς
1629 5117 1641 5129 ·
1697 5102 1828 5171 ὁμοῦ

229 5192 343 5259 μὲν,
398 5188 463 5237 τὰ
510 5190 641 5239 κατὰ
687 5190 773 5238 τόν
829 5189 1084 5261 μακάριον
1141 5187 1326 5240 ἐκεῖνον
1374 5184 1827 5262 ἀνδραγαθήματα

1931 4478 1991 4531 in
2023 4476 2135 4531 illis
2166 4491 2466 4548 ponamus
2511 4491 2583 4530 ac
2627 4475 3015 4531 meditemur:
3052 4477 3136 4531 sic
3159 4479 3339 4542 enim,
3368 4483 3423 4533 et
3454 4479 3583 4549 pla-

1934 4567 2363 4620 cuerimusDeo
2403 4565 2498 4618 cui
2533 4563 2924 4629 adhaesimus,
2958 4570 3280 4637 sancteque
3320 4568 3585 4638 proposi-

1936 4662 2058 4711 tum
2073 4660 2372 4709 certamen
2385 4653 2847 4708 confecerimus:
2872 4653 3042 4725 isque
3061 4670 3095 4709 a
3110 4655 3281 4709 nobis
3295 4655 3587 4725 gloriﬁca-

1933 4744 2191 4806 bitur,ac
2204 4743 2461 4796 vicissim
2478 4741 2856 4810 gloriﬁcabit,
2873 4743 3193 4813 futuroque
3209 4743 3424 4798 saeculo
3440 4759 3586 4814 prae-

1937 4831 2174 4904 parabit
2194 4830 2431 4886 caeleste
2450 4846 2722 4900 regnum.
2739 4834 2929 4903 Atque
2948 4832 3073 4885 haec
3092 4832 3415 4898 hactenus;
3439 4848 3587 4902 quo-

1936 4921 2218 4978 rumdam
2239 4919 2386 4976 forte
2402 4919 2635 4991 judicio
2653 4936 2837 4990 supra
2856 4920 3125 4991 epistolae
3144 4921 3393 4976 modum
3416 4940 3428 4990 ;
3448 4936 3585 4991 quae

1944 5017 2142 5067 tamen
2174 5026 2283 5065 nec
2302 5008 2566 5080 epistolae
2598 5008 2892 5076 attingant
2915 5016 3163 5078 partem,
3195 5014 3256 5064 ut
3291 5015 3587 5079 spectetur

1939 5101 2238 5156 debitum:
2272 5104 2420 5163 tum,
2479 5099 2749 5170 inquam,
2798 5097 2963 5167 quod
2994 5097 3150 5153 beati
3202 5098 3309 5152 viri
3349 5099 3590 5168 egregia

1941 5191 2172 5254 merito,
2202 5187 2565 5260 humilisque
2594 5202 2665 5243 ac
2720 5184 2954 5242 afﬂictae
3005 5187 3223 5243 animae
3279 5195 3495 5243 nostrae
3529 5188 3589 5243 in

1793 5318 1837 5371 N
1845 5314 2021 5373 OTZE.

305 5408 678 5483 (7‘)rSanctos.
718 5411 912 5470 ὁσίους.
947 5411 1090 5466 Eam
1118 5424 1326 5466 vocem
1367 5413 1664 5483 praecipue
1687 5428 1818 5468 mo-

229 5479 798 5554 nachisassi‘gnant,
840 5497 981 5537 suas
1028 5483 1244 5554 cuique
1282 5479 1503 5548 ordini,
1549 5479 1625 5538 ἰιι
1678 5492 1817 5540 sunt

230 5551 415 5607 Graeci
444 5549 830 5623 ἀκριϐέστατοι,
882 5549 1169 5609 habentes
1205 5556 1521 5627 proprias:
1564 5556 1657 5612 Sic
1686 5571 1819 5628 pas-

528 5648 765 5708 Pa'mon.
798 5649 905 5709 Ga.
929 5650 1131 5724 XCIX.

1933 5414 2048 5468 sim
2116 5410 2419 5484 apostolos
2475 5414 2694 5484 vocant
2721 5414 3125 5482 πανευφήμους·
3181 5411 3592 5484 ίερομάρτυρας,

1932 5478 2246 5555 episcopos
2278 5489 2604 5553 martyres:
2639 5478 2902 5548 δικαίους,
2929 5478 3166 5537 sanctos
3202 5478 3594 5552 conjuga'tos,

1934 5571 2041 5611 seu
2060 5570 2170 5611 nec
2191 5556 2447 5625 virgines
2480 5567 2592 5608 nec
2626 5562 2936 5624 martyres,
2970 5558 3083 5609 etc.

3243 5649 3317 5725 58
