4038 6312
474 309 614 365 1835

1465 308 1846 366 APPENDIX.
1890 339 1962 352 —
1995 304 2385 364 NAUCRATII
2424 302 2823 361 ENCYCLICA

3682 307 3825 364 1836

474 449 614 491 eum
654 432 1065 502 necessitudo;
1095 438 1222 491 tum
1259 434 1426 507 quod
1446 434 1719 492 fraternae
1745 439 1953 492 vestrae
1977 433 2111 490 dile-

2227 435 2318 483 καὶ
2366 437 2462 492 τῆς
2514 436 2758 491 ταπεινῆς
2812 432 2958 503 ἡμῶν
3012 435 3102 484 καὶ
3153 427 3461 485 κατωδύνου
3506 431 3695 506 ψυχῆς
3742 453 3826 506 φι-

471 523 653 580 ctioni
699 523 1105 596 impertiendaa
1135 523 1355 581 salutes
1395 523 1494 597 (8),
1528 540 1599 581 ac
1631 524 1789 581 velut
1822 523 2121 580 solamina

470 613 733 685 exigunt.

540 794 720 849 Porro
745 791 1131 864 quaesieritis;
1164 791 1319 847 bene
1370 792 1513 848 novi
1545 808 1558 859 ;
1591 807 1713 864 qua
1750 791 1978 848 ratione
2015 790 2117 847 ha-

467 879 663 938 buerit
681 880 785 935 viri
801 880 957 936 beati
981 879 1293 936 dormitio:
1326 880 1462 951 quis
1484 896 1623 937 vero
1648 879 2115 936 fueritmorbus:

465 971 687 1037 quotve
716 968 841 1022 dies
879 966 1247 1023 decubuerit.
1284 968 1393 1033 Qui
1419 970 1631 1024 iterum
1663 969 1778 1024 sub
1809 983 2118 1038 egressum

466 1070 773 1111 sermones
794 1071 865 1112 ac
885 1056 1254 1112 valedictorii
1274 1073 1286 1111 :
1311 1056 1623 1129 quodnam
1643 1074 1782 1113 vero
1800 1061 2119 1112 testamen-

466 1150 613 1208 tum,
636 1160 848 1217 quaeve
873 1144 1258 1200 ordinaverit.
1308 1151 1391 1199 Ac
1432 1161 1692 1211 rursum,
1724 1146 1973 1218 quinam
2005 1145 2118 1199 sub

463 1234 599 1290 vitae
622 1239 980 1301 extremum,
1004 1237 1061 1288 et
1088 1233 1166 1288 ad
1190 1234 1504 1305 exsequias
1523 1234 1948 1298 concurrerint,
1974 1240 2031 1287 et
2072 1233 2120 1287 si

464 1338 587 1394 qua
612 1321 909 1392 ejusmodi
953 1327 1111 1377 sunt.
1142 1323 1460 1377 Enimvero
1504 1323 1641 1394 quis
1671 1323 1921 1378 idoneus
1953 1321 2116 1386 satis,

463 1416 527 1467 ut
554 1411 682 1467 huic
700 1410 868 1466 vobis
895 1426 1002 1482 per
1018 1410 1245 1467 litteras
1277 1413 1591 1467 annuntiet
1616 1429 1629 1479 ;
1650 1413 1858 1485 quisve
1881 1412 2118 1465 animus

462 1501 588 1556 sine
617 1500 841 1556 doloris
858 1499 1074 1555 affectu
1107 1500 1200 1556 vel
1230 1500 1375 1571 quid
1399 1500 1720 1556 minimum
1742 1501 1964 1572 scripto
1981 1515 2117 1555 con-

461 1591 700 1660 signare
731 1591 951 1661 possit;
988 1595 1265 1645 caeterum
1322 1589 1523 1644 dicam
1567 1590 1724 1645 velut
1760 1604 2021 1654 summa,
2057 1592 2117 1644 ut

461 1679 601 1735 hinc
621 1678 848 1750 aliquid
878 1677 1045 1733 vobis
1073 1678 1264 1734 solatii
1295 1678 1565 1734 accedat.
1586 1679 1821 1735 Morbus
1845 1678 2110 1750 quidem,

458 1768 559 1823 ille
583 1768 869 1840 antiquus
894 1767 1040 1835 fuit;
1069 1783 1287 1838 nempe
1309 1768 1622 1823 stomachi.
1644 1770 1718 1834 Is,
1741 1783 1808 1823 ex
1822 1766 2114 1822 diuturnis

457 1857 797 1913 carceribus
810 1856 1543 1929 exsiliisque,summoque
1557 1856 1695 1912 inde
1710 1856 1977 1926 neglectu
1991 1872 2113 1912 cor-

459 1947 644 2019 poris,
672 1952 884 2000 auctus
907 1950 1086 2017 atque
1108 1946 1167 2000 in
1194 1945 1465 2001 difﬁciles
1480 1945 1861 2014 aegritudines
1878 1961 2115 2017 promo-

459 2052 629 2104 vens,
660 2034 720 2089 in
752 2033 1076 2105 perfectam
1133 2033 1379 2089 demum
1410 2035 1668 2090 deietam
1710 2034 2115 2106 appetentiam

455 2124 666 2193 desiit;
700 2130 761 2178 ut
786 2124 872 2178 vir
900 2122 1133 2189 beatus,
1167 2129 1304 2178 ante
1330 2123 1511 2178 etiam
1543 2123 1986 2188 dormitionem.
2017 2125 2116 2179 vix

458 2230 579 2269 non
610 2218 884 2269 mortuus
914 2212 1237 2268 videretur.
1269 2214 1350 2267 Eo
1396 2212 1632 2279 morbo,
1675 2212 1778 2268 ubi
1828 2212 2112 2272 triduum,

457 2301 807 2360 Novembris
860 2301 1043 2369 initio,
1095 2300 1496 2367 decubuisset,
1543 2301 1754 2357 iterum
1815 2300 2117 2358 convaluit

452 2392 658 2464 divina
685 2390 1011 2447 voluntate.
1046 2391 1180 2456 Sed,
1217 2396 1301 2446 ter
1323 2389 1565 2446 beatam
1595 2390 1780 2446 animi
1819 2390 2119 2461 magnitu-

457 2482 682 2547 dinem,
715 2495 785 2536 ac
834 2477 1211 2551 propositum
1259 2478 1477 2534 invicta
1506 2479 1843 2535 constantia
1870 2478 2108 2535 nobilel

454 2573 602 2626 Nam
647 2584 843 2641 neque
874 2583 944 2623 eo
976 2568 1214 2638 morbo,
1247 2568 1504 2639 quietem
1541 2567 1807 2640 aliquam
1837 2568 1930 2623 vel
1956 2568 2114 2623 sola-

458 2659 638 2715 minis
661 2657 887 2730 aliquid
905 2656 1213 2727 indulgere
1229 2657 1453 2712 voluit:
1486 2656 1635 2712 itain
1663 2657 1844 2711 tinem
1877 2656 1956 2729 (9)
1973 2657 2111 2712 ode-

457 2752 550 2803 rat
578 2747 758 2802 vitam
788 2752 1162 2817 praesentem.
1198 2746 1333 2801 Jam
1362 2745 1524 2800 enim
1549 2745 1925 2814 longmvitate
1954 2745 2111 2801 defe-

459 2843 608 2904 ctus,
659 2835 949 2905 senioque
980 2835 1233 2900 attritus,
1289 2839 1575 2905 praeterea
1617 2850 1777 2900 vero,
1830 2834 2107 2891 dolorum

452 2925 825 2980 immanitate
853 2924 965 2995 (10)
990 2927 1141 2979 lecto
1163 2923 1404 2988 afﬁxus,
1420 2923 1591 2994 juxta
1624 2923 1970 2979 Davidicum
1992 2940 2108 2979 ser-

454 3028 731 3069 monem:
766 3012 903 3067 Non
932 3012 1094 3068 dedit
1119 3027 1389 3068 somnum
1419 3012 1627 3079 oculis,
1672 3026 1863 3083 neque
1898 3014 2108 3083 palpe-

453 3102 572 3158 bris
593 3102 1071 3158 dormitationem
1092 3118 1112 3166 ;
1144 3116 1215 3158 ac
1240 3116 1430 3173 neque
1445 3101 1702 3171 requiem
1724 3103 2103 3171 temporibus,

449 3192 634 3248 donec
655 3191 973 3247 invenisset
993 3192 1185 3246 locum
1214 3192 1462 3245 Domino
1490 3191 1555 3243 1°.
1585 3194 1666 3245 Ac
1693 3205 1836 3245 sane
1858 3191 2101 3247 invenit.
2135 3163 2176 3220 ϐ

450 3284 641 3347 Quem
667 3280 833 3334 illum
858 3279 885 3334 ‘l
921 3278 1351 3350 Utiquejugem
1370 3279 1532 3334 illam
1555 3295 1624 3334 ac
1648 3278 1954 3351 velutjure
1978 3296 2105 3351 per-

449 3376 629 3442 petuo
656 3374 870 3425 statam
903 3368 1038 3439 (ll),
1070 3383 1255 3438 quam
1276 3383 1384 3439 pro
1415 3383 1581 3423 more
1609 3368 1875 3439 quotidie
1905 3384 2105 3441 perso-

449 3464 619 3515 naret
646 3459 966 3513 salutarem
1008 3457 1366 3521 doctrinam,
1397 3472 1584 3529 quam
1616 3463 1669 3511 et
1693 3457 1844 3513 lecto
1868 3459 2103 3530 jacens,

453 3553 514 3603 ut
542 3548 644 3619 qui
675 3562 795 3603 non
819 3550 1019 3617 posset
1047 3546 1327 3601 collectos
1359 3547 1523 3617 apud
1556 3546 1753 3618 ipsum
1784 3545 1994 3603 fratres
2025 3548 2105 3605 al-

453 3637 569 3691 tius
589 3635 832 3707 alloqui,
862 3634 962 3689 uni
984 3634 1312 3690 scribarum
1335 3635 1637 3704 suggessit
1662 3652 1676 3701 ;
1696 3634 1934 3691 alterius
1957 3638 2101 3709 ipse,

450 3741 596 3781 voce
623 3725 934 3796 alloquens
961 3744 973 3788 ;
996 3738 1183 3794 quam
1210 3729 1268 3779 et
1289 3731 1509 3779 nostrae
1526 3724 1665 3779 huic
1687 3725 1951 3795 epistolae
1969 3727 2107 3782 sub-

450 3814 718 3887 iecimus,
747 3818 805 3867 ut
826 3812 915 3867 vel
933 3812 1071 3867 hinc
1091 3813 1347 3885 quisque
1369 3813 1610 3884 sapiens
1636 3815 1885 3882 noverit,
1910 3831 2104 3889 neque

450 3903 695 3959 beatam
727 3917 901 3957 suam
931 3900 1355 3957 dormitionem
1387 3902 1713 3958 nescivisse
1742 3903 1937 3960 virum
1972 3921 2104 3962 san-

451 3996 633 4056 ctum,
665 3990 912 4064 quando
962 3990 1291 4062 symbolice
1338 4006 1471 4048 eam
1499 3991 1790 4063 praedixit.
1847 3996 1992 4051 Nam
2022 3996 2106 4052 ita

449 4079 656 4137 habet.

525 4171 573 4207 ιο
601 4168 754 4226 Psal.
785 4183 901 4240 cxx,
931 4169 984 4225 4.

2224 520 2626 593 λοστοργὴματα
2658 539 2671 552 ·
2725 522 2855 593 ὁμοῦ
2929 517 3008 587 δὲ,
3062 525 3153 574 καὶ
3207 528 3270 595 τῇ
3355 518 3604 597 ἀδελφικῇ
3679 524 3822 596 ὑμῶν

2227 609 2405 682 ἀγάπῃ
2506 610 2993 683 προσφθεγκτήρια,
3059 614 3149 663 καὶ
3219 613 3372 664 οἱονεὶ
3445 617 3826 686 παρηγορητή-

2225 718 2337 774 ρια.

2299 786 2662 848 Ἐπιζητοίητε
2713 784 2792 853 δὲ,
2852 783 2906 840 εὖ
2949 784 3092 857 οἶδα,
3152 796 3257 850 πῶς
3295 809 3350 842 τε
3382 792 3407 849 ὃ
3437 797 3528 843 τοῦ
3559 795 3823 867 μακαρίου

2225 881 2495 948 κοίμησις,
2554 880 2635 938 τίς
2697 895 2752 928 τε
2792 877 2821 934 ἡ
2876 896 3048 945 νόσος,
3076 897 3167 930 και
3220 884 3555 954 ποσαὸμερος
3583 882 3613 939 ἡ
3656 883 3826 933 κατά-

2226 965 2398 1029 κλισις
2438 984 2449 995 ·
2488 971 2622 1028 τίνες
2676 962 2728 1017 δ’
2753 963 2817 1017 αὖ
2856 968 2905 1018 οἱ
2949 966 3198 1040 ἐξιτήριοι
3244 967 3411 1040 λόγοι,
3465 974 3556 1023 καὶ
3586 974 3826 1043 προπόμ-

2226 1074 2339 1107 πιοι
2371 1074 2384 1088 ο
2427 1059 2503 1115 τίς
2530 1074 2585 1107 τε
2609 1056 2638 1113 ἠ
2697 1051 2953 1125 διαθήκη,
2984 1061 3074 1108 καὶ
3123 1054 3368 1120 διάταξις
3396 1075 3409 1088 ·
3440 1063 3530 1111 καὶ
3566 1056 3632 1111 αὖ
3669 1059 3820 1111 πάλιν

2226 1149 2358 1206 τίνες
2406 1146 2456 1196 οἱ
2509 1139 2998 1217 συνδεδραμηκότες
3028 1144 3078 1197 ἐν
3107 1153 3169 1217 τῇ
3203 1144 3435 1219 ἐσχατιᾷ
3483 1150 3671 1220 ταύτῃ,
3704 1152 3818 1206 ἤτοι

2226 1231 2276 1284 ἐν
2332 1240 2395 1304 τῇ
2448 1229 2661 1304 κηδείᾳ,
2715 1237 2806 1285 καὶ
2856 1235 2956 1286 ὅσα
3011 1234 3177 1307 ἕτερα.
3237 1241 3339 1288 Καὶ
3389 1241 3469 1298 τίς
3523 1238 3695 1298 ἱκανὸς
3728 1234 3823 1288 διὰ

2224 1323 2532 1394 γράμματος
2587 1320 2920 1392 ἀπαγγέλλειν
2977 1324 3117 1394 ὑμῖν,
3175 1328 3263 1375 καὶ
3318 1329 3446 1377 ποία
3511 1325 3666 1396 ψυχὴ
3726 1324 3823 1387 ἔξω

2225 1419 2316 1463 του
2367 1412 2567 1470 πάθους
2624 1412 2950 1482 ὑπάρχουσα
3012 1411 3230 1483 ἰσχύσει
3277 1412 3672 1485 λογογραφῆσαι
3722 1413 3822 1465 κᾶν

2223 1504 2282 1552 τὸ
2338 1503 2742 1573 σμικρότατον;
2799 1498 2886 1561 Ὠς
2933 1499 2981 1551 ἐν
3032 1500 3292 1573 κεφαλαίῳ
3347 1499 3406 1554 δὲ
3464 1502 3694 1577 ἐροῦμεν,
3750 1504 3823 1564 ὡς

2222 1590 2495 1641 κάντεῡθέν
2548 1606 2665 1639 τινα
2709 1591 3048 1661 παραμυθίαν
3105 1589 3338 1664 εὑρέσθαι
3398 1592 3554 1663 ὑμᾶς.
3609 1590 3670 1643 Ἠ
3728 1594 3821 1662 μεν

2220 1683 2387 1740 νόσος,
2438 1679 2467 1735 ἡ
2503 1675 2747 1749 ἀρχαία’
2790 1676 2922 1748 λέγω
2981 1674 3049 1735 δὴ
3104 1686 3197 1730 τοῦ
3245 1682 3520 1752 στομάχου
3547 1697 3558 1710 ·
3594 1681 3713 1740 ἣτις
3766 1677 3821 1731 ἐκ

2221 1775 2320 1819 τῶν
2370 1766 2732 1839 πολυχρονίων
2785 1765 3022 1838 φυλακῶν
3070 1772 3161 1819 καὶ
3204 1766 3432 1841 ἐξοριῶν,
3480 1774 3568 1821 καὶ
3612 1776 3710 1829 τῆς
3748 1767 3821 1820 ἐν·

2219 1857 2392 1909 τεῦθεν
2469 1854 2659 1915 τελείας
2738 1853 3137 1927 ἀνεπιμελησίας
3210 1856 3518 1927 αὐξηθεῖσα,
3592 1862 3681 1910 καὶ
3749 1859 3821 1917 εἰς

2220 1951 2403 2005 πόνους
2460 1940 2746 2006 δυσιάτους
2803 1943 3055 2010 ἐλάσασα,
3139 1945 3208 2006 εἰς
3293 1946 3484 1999 τελείαν
3553 1945 3820 2021 ἀνορεξίαν

2221 2032 2488 2099 κατέληξε,
2542 2037 2632 2085 καὶ
2682 2039 2950 2098 τοσοῦτον,
3006 2036 3069 2094 ὡς
3116 2030 3314 2106 σχεδὸν
3360 2038 3534 2108 νεκρὸν
3594 2036 3822 2107 ὁρᾶσθαι

2222 2128 2313 2175 καὶ
2370 2125 2472 2196 πρὸ
2528 2127 2823 2194 κοιμήσεως
2891 2125 2979 2174 τὸν
3031 2128 3310 2195 μακαρίον.
3371 2124 3459 2187 Ἐξ
3535 2124 3598 2187 ἧς
3644 2143 3820 2197 τετρα-

2222 2217 2413 2286 ἠμερον
2444 2209 2528 2263 ἐπὶ
2556 2218 2650 2273 τῆς
2687 2210 2866 2273 κλίνης
2897 2215 3092 2282 πεσὼν,
3142 2213 3191 2264 ἓν
3227 2211 3370 2286 ἀρχῇ
3405 2219 3495 2265 τοῦ
3526 2211 3815 2287 Νοεμϐρίου

2224 2304 2412 2374 μηνὴς,
2449 2300 2604 2353 πάλιν
2635 2296 2851 2372 εὐδοκία
2883 2304 3078 2373 Κυρίου
3110 2299 3433 2376 ἀνεῤῥώσθη.
3473 2301 3608 2355 Ἀλλ’
3651 2302 3692 2352 ὦ
3727 2309 3820 2362 τῆς

2222 2398 2315 2443 τοῦ
2379 2392 2740 2464 τρισμάκαρος
2799 2389 3202 2462 μεγαλοψυχίας
3259 2395 3349 2443 καὶ
3421 2389 3818 2461 γενναιότητοςὶ

2222 2481 2303 2532 ὅτι
2343 2476 2466 2531 οὐδὲ
2518 2477 2566 2530 ἐν
2592 2479 2720 2550 αὐτῇ
2753 2486 2816 2550 τῇ
2850 2485 2997 2551 μόσῳ
3044 2480 3279 2553 ἠρεμίας,
3313 2483 3343 2536 ἤ
3383 2498 3521 2540 τινος
3546 2479 3816 2554 παρακλή-

2224 2588 2352 2630 σεως
2407 2566 2639 2620 ἐϐούλετο
2697 2567 2969 2620 ἀπολαύειν
3014 2584 3027 2598 ·
3072 2569 3232 2628 οὕτως
3288 2568 3357 2629 εἰς
3406 2569 3550 2632 τέλος
3594 2587 3819 2641 μεμιση-

2218 2661 2325 2718 κὼς
2372 2660 2467 2714 τὴν
2519 2663 2791 2729 παροῦσαν
2835 2656 2995 2716 ζωήν.
3056 2655 3392 2719 Ἐκλελοιπώς
3443 2660 3544 2732 γὰρ
3593 2654 3702 2715 ἤδη
3756 2662 3813 2727 τῇ

2217 2747 2688 2818 μακροημερεύσει,
2771 2748 2862 2796 καὶ
2918 2750 3446 2819 κατατετρυχωμένος
3521 2752 3593 2815 τῷ
3653 2750 3815 2818 γήρᾳ,

2217 2834 2381 2895 ἄλλως
2434 2851 2488 2885 τε
2546 2830 2605 2885 δὲ
2662 2837 2752 2885 καὶ
2800 2840 2910 2895 τοῖς
2961 2830 3209 2909 σφοδροῖς
3259 2839 3431 2895 πόνοις
3479 2833 3814 2907 βαλλόμενος,

2216 2925 2428 2975 κατὰτὸ
2450 2922 2906 2975 Δαυῑτικόν·οὖκ
2938 2919 3167 2976 ἐδίδου
3206 2923 3399 2975 ὕπνον
3436 2931 3573 2985 τοῖς
3611 2921 3818 2995 ὀφθαλ-

2214 3019 2376 3084 μοῖς,
2409 3009 2559 3064 οὐδὲ
2590 3019 2723 3073 τοῖς
2755 3008 3093 3086 βλεγάροις
3120 3006 3815 3084 νυσταγμόνοἊλλόὗδε

2214 3109 2353 3163 τοῖς
2390 3102 2745 3173 κροτάφοις
2784 3100 3174 3169 ἀνάπαυσιν,
3207 3101 3319 3159 ἕως
3356 3099 3425 3150 ἂν
3464 3099 3602 3172 εὗρε
3628 3102 3811 3148 τόπον

2215 3198 2296 3261 τῷ
2337 3195 2570 3265 Κυρίῳ.
2598 3194 2695 3242 Καὶ
2728 3185 2796 3247 δὴ
2828 3191 3021 3261 ἐφεῦρε.
3058 3194 3156 3242 Καὶ
3188 3193 3263 3248 τίς
3288 3187 3437 3248 οὗτος
3462 3202 3475 3253 ;
3500 3187 3560 3238 Ἥ
3587 3185 3816 3246 ἅληκτος

2213 3284 2304 3332 καὶ
2356 3281 2508 3331 οἱονεὶ
2564 3276 2899 3353 ἀπαράϐατος
2952 3281 3086 3329 κατὰ
3133 3281 3191 3328 τό
3248 3275 3427 3336 εἰωθὸς
3480 3276 3601 3347 παρ’
3652 3274 3815 3326 αὐτοῦ

2215 3368 2542 3441 ἐξηχουμένη
2598 3368 2839 3419 ἑκάστοτε
2905 3371 3158 3439 σωτήριος
3211 3360 3569 3434 διδασκαλία,
3623 3365 3685 3423 ἣν
3725 3367 3819 3415 καὶ

2213 3459 2463 3531 κλινήρης
2517 3457 2604 3524 ὢν,
2641 3453 2735 3508 διὰ
2784 3459 2843 3507 τὸ
2879 3460 2951 3527 μὴ
3006 3450 3267 3507 δύνασθαι
3313 3458 3655 3527 γεγωνότερον
3711 3460 3819 3512 τοῖς

2215 3545 2457 3620 ἀδελφοῖς
2516 3545 2640 3618 παρ’
2690 3545 2852 3597 αὐτοῦ
2899 3543 3393 3615 ἑκκλησιαζομίνοις
3445 3540 3816 3617 προσφθέγξα-

2216 3640 2359 3703 σθαι,
2435 3636 2788 3707 ὑπηγόρευσεν
2864 3633 2936 3686 ἐνὶ
2995 3642 3096 3685 τῶν
3166 3636 3444 3706 γραφέων·
3504 3628 3577 3684 δι’
3637 3631 3817 3706 ἐτέρου

2214 3734 2379 3801 φωνῆς
2433 3724 2585 3784 αὐτὸς
2642 3724 3134 3795 προσφθεγγόμενος
3185 3741 3198 3754 ·
3259 3723 3323 3780 ἣν
3378 3725 3470 3774 καὶ
3526 3722 3822 3792 ὑπεθέμεθα

2213 3824 2286 3887 τῷ
2331 3815 2625 3889 γράμματι⁴⁹
2677 3813 2817 3873 ὅπως
2859 3816 3006 3883 γνοίη
3068 3815 3171 3871 πᾶς
3224 3829 3296 3870 τις
3352 3818 3452 3862 τῶν
3500 3805 3553 3862 εὖ
3575 3811 3820 3883 φρονούν-

2212 3925 2311 3958 των
2349 3902 2641 3968 κάντεῦθεν,
2695 3903 2764 3964 ὡς
2814 3898 2955 3974 μηδὲ
3010 3904 3097 3958 τὴν
3130 3902 3393 3974 μακαρίαν
3445 3899 3604 3952 αὐτοῦ
3630 3902 3823 3971 κοίμη-

2215 4014 2297 4048 σιν
2335 3994 2666 4065 ἠγνοηκέναι,
2721 3990 2767 4043 εἰ
2815 3994 2907 4043 καὶ
2966 3988 3294 4063 συμϐολικῶς
3345 3990 3542 4048 ταύτην
3592 3992 3824 4064 προίφη-

2216 4103 2321 4139 σεν.
2348 4081 2508 4156 Ἔχει
2536 4084 2638 4157 γὰρ
2666 4075 2746 4133 ὧδ
2750 4098 2773 4132 ε
2795 4096 2809 4113 ι

2018 4249 2063 4304 Ν
2068 4249 2250 4310 ΟΤΑΞ.

524 4330 603 4407 (8)
634 4330 1046 4407 Ιηψενιὶϐηᾴεϐ
1070 4330 1316 4407 salutes.
1348 4333 1857 4407 προσφθεγκτήριαλξ
1892 4336 2104 4395 amicas

456 4402 843 4482 allocutiones
897 4402 1135 4459 solandi
1166 4402 1396 4469 causa,
1423 4402 1771 4476 ut'sequens
1800 4404 1980 4463 dictio
2009 4424 2105 4466 ex-

454 4479 725 4619 ιῗοῶἲιὶίᾳ
770 4544 833 4619 tu
858 4544 1058 4611 ﬁnem.
1091 4544 1188 4619 eis
1215 4544 1377 4619 τελος.
1438 4546 1611 4619 Quod
1652 4549 1910 4603 Joannes
1941 4549 2105 4619 dixit,

2216 4337 2378 4411 quod
2402 4350 2519 4391 non
2539 4331 2841 4411 suosistat,
2869 4335 2924 4387 et
2944 4329 3103 4411 quod
3115 4329 3193 4386 sit
3212 4327 3693 4411 iutolefaoile,
3706 4332 3820 4411 est,

2218 4400 2379 4482 quod
2403 4421 2573 4482 nemo
2598 4406 2763 4475 ferre
2786 4400 3084 4482 queai.Sic
3114 4400 3296 4482 paulo
3325 4400 3573 4482 inferius
3600 4400 3825 4482 dicitur

2217 4472 2420 4537 futura
2443 4478 2542 4534 Dei
2558 4472 2647 4532 ira
2669 4472 2850 4546 super
2860 4472 3228 4546 peccatores,
3248 4472 3633 4533 ἀνυπόστατος’
3650 4472 3826 4544 quod

2221 4566 2498 4624 sequens,
2523 4545 3147 4624 ἀνυποίστουςκολάσεις,
3175 4545 3237 4599 in
3267 4560 3421 4624 quas
3452 4548 3694 4624 sanctus
3724 4559 3830 4624 ve-

455 4613 547 4690 de:
564 4615 795 4690 Domini
824 4617 883 4669 in
931 4631 1070 4690 suos
1091 4616 1446 4690 dilectione.
1480 4618 1571 4690 Sic
1616 4619 1839 4690 ubique
1869 4613 2110 4679 sanctos
2142 4613 2189 4669 D
2219 4613 2558 4681 hefnenti'us
2580 4618 3110 4690 timeretincidere,
3145 4613 3498 4690 memoriam
3527 4614 3829 4690 eacitante

455 4688 676 4743 videris
704 4702 875 4743 sacra
898 4686 1420 4758 verbaloquentes,
1454 4688 1591 4745 utin
1612 4690 1695 4743 eis
1737 4686 2111 4750 ineditatissi—

458 4775 623 4815 mos:
649 4774 833 4829 quam
870 4760 1093 4815 utinam
1150 4759 1599 4816 meditationem
1631 4768 1983 4826 eructarent,
2017 4765 2112 4821 vel

456 4831 600 4903 quia
626 4830 1011 4903 meditatione
1064 4829 1362 4900 ejusmodi
1412 4831 1512 4884 ἀπὸ
1558 4840 1649 4893 τῆς
1681 4832 1975 4903 ἀσκήσεως,
2007 4852 2112 4893 no-

460 4902 598 4958 men
624 4902 868 4957 habent.

531 4973 644 5045 (10)
679 4971 1357 5051 Οοιοναργη-ίιηγηαηίιαζθ
1388 4975 1532 5051 lecto
1561 4974 1812 5051 afﬁxus.
1854 4985 1962 5041 τοῖς
1991 4998 2112 5051 σφο-

462 5039 833 5119 δρὸῑς’πόυοις
888 5039 1215 5122 βαλλόμενος.
1288 5046 1466 5122 Quasi
1516 5039 1818 5117 proiectus
1870 5039 2114 5122 etpro-

460 5116 676 5172 stratus
706 5134 718 5171 :
748 5116 1456 5190 quamipseTheodorus
1489 5116 1695 5172 vhcem
1727 5116 2113 5190 postmodum

457 5192 719 5265 repeat;
768 5184 1027 5265 Ἔλϐἡθῆν
1082 5189 1192 5265 ὑπόᾉ
1239 5184 1493 5265 δρακαοῡς
1538 5184 1760 5265 πυρετοῦ
1814 5192 1932 5250 ὃλην
1985 5195 2115 5265 ἡμέ-

458 5278 573 5332 ραν.
603 5260 803 5334 Totam
821 5259 994 5321 diem,
1020 5263 1224 5334 urente
1248 5260 1415 5334 febre
1444 5259 1697 5315 decubui
1716 5280 1736 5316 :
1770 5271 1906 5334 post
1944 5259 2114 5320 nimi-

461 5329 604 5410 i:th
650 5330 1005 5410 ἀνυπόστατοέ
1057 5330 1231 5410 illum.
1276 5329 1474 5410 κλόνονῑ
1522 5345 1602 5410 ex_
1640 5329 1853 5410 rigore,
1896 5351 1931 5390 a
1991 5352 2114 5410 quo

460 5400 639 5479 febris
687 5399 920 5479 incipit:
957 5400 1400 5479 Quassationem
1451 5399 1931 5479 intolerabilem:
1968 5399 2116 5479 quo-

462 5472 644 5531 modo
714 5469 944 5538 dicitur,
1016 5473 1171 5541 psal.
1240 5473 1454 5528 cxxni:
1523 5469 1665 5541 ὕδωρ
1741 5469 2113 5534 ἁνυπόστᾶτον.

442 5547 635 5623 utun
657 5544 1073 5623 intolerqbzlis.
1103 5543 1205 5599 Ubi
1222 5546 1566 5623 μίξει-σοφαὶ.
1598 5543 1869 5613 Verbum,
1896 5552 2112 5623 inquit,

463 5615 838 5682 ἀνυπόστατον,
870 5615 1089 5671 Graecis
1109 5614 1455 5685 ambiguum
1470 5623 1574 5685 est,
1592 5624 1645 5673 et
1669 5624 1867 5688 potest
1896 5614 2116 5680 soﬁare

2222 4711 2334 4751 sua
2355 4693 2453 4748 illa
2481 4691 2614 4746 dira
2635 4688 3009 4759 aegritudine,
3031 4695 3092 4744 ut
3111 4694 3251 4744 sunt
3274 4688 3464 4759 sancti
3490 4685 3714 4759 ubique
3741 4686 3831 4742 ad

2222 4764 2581 4822 modestiam
2608 4756 2922 4833 compositi
2946 4766 3005 4833 et
3031 4759 3313 4833 humiles,
3355 4757 3512 4833 clare
3539 4756 3828 4829 explicat.

2223 4839 2473 4894 Hebraea
2501 4849 2573 4890 eo
2616 4830 2766 4889 loco'
2790 4831 2940 4902 psal.
2972 4831 3198 4902 habent
3218 4830 3393 4902 quod
3420 4834 3609 4894 sonet,
3645 4844 3831 4902 aqua:

2224 4908 2516 4965 tumidas:
2568 4908 2630 4960 ut
2679 4900 2866 4960 sanct.
2935 4901 3031 4958 vel
3089 4900 3294 4969 utalii,
3340 4916 3500 4973 aqua
3541 4900 3829 4969 superba.

2227 4980 2459 5052 Optime
2484 4977 2582 5032 illo
2614 4976 3145 5052 hxxexpressum.

2296 5046 2342 5123 (l
2360 5054 2408 5119 t)
2435 5051 2531 5123 Ac_
2552 5048 2711 5123 velut
2723 5041 2869 5117 jure
2881 5052 3168 5123 perpetuo
3187 5049 3426 5123 statam.
3438 5045 3595 5123 ρζονεὶ
3614 5041 3832 5123 ἀπαρθε-

2229 5114 2402 5176 ϐατονξ
2438 5120 2605 5176 Velut
2632 5114 3157 5189 impraeteribilem,
3184 5116 3234 5169 si
3268 5121 3325 5170 et
3352 5115 3526 5189 nobis
3557 5114 3829 5189 esseth-

2228 5195 2425 5249 berior
2440 5192 2619 5247 ﬁctio.
2643 5186 2947 5260 Signiﬁcat
2963 5188 3123 5243 velut
3147 5186 3829 5260 perpetuadistrictione

2228 5265 2289 5320 id
2320 5281 2356 5321 a
2378 5280 2442 5320 se
2463 5256 2749 5332 exegisse,
2777 5267 2832 5316 et
2856 5263 2917 5316 in
2948 5275 3113 5315 more
3142 5256 3404 5332 positum
3430 5256 3738 5322 habuisse,
3766 5264 3829 5332 ut

2230 5337 2474 5389 ἑκάστοτε
2502 5353 2514 5366 ·
2539 5330 2800 5406 quotidie
2811 5348 2885 5409 ac
2914 5347 3099 5409 quam
3121 5330 3497 5409 creberrime,
3517 5330 3829 5409 paraeneti-

2232 5425 2371 5464 cum
2391 5402 2728 5463 sermonem
2751 5404 2829 5459 ad
2854 5402 3063 5459 fratres
3076 5402 3340 5473 haberet,
3364 5416 3550 5473 quam
3577 5402 3629 5454 is
3654 5415 3827 5472 regu-

2231 5480 2375 5544 lam,
2406 5494 2514 5535 nec
2535 5479 2593 5532 in
2625 5490 2909 5548 supremo
2941 5474 3167 5546 spiritu,
3192 5472 3460 5548 jamque,
3490 5486 3643 5548 pene
3668 5488 3829 5528 mor-

2232 5543 2393 5617 tuus,
2452 5543 3012 5620 transgrediendam
3060 5544 3283 5617 putarit
3314 5543 3450 5620 {vel
3481 5543 3684 5620 alieno
3723 5558 3825 5620 or_e_

2233 5614 2550 5696 prastans,
2562 5614 2729 5692 quod
2745 5620 2875 5691 jam
2900 5632 3024 5675 non
3040 5614 3389 5690 possetsuo.
3402 5617 3500 5672 Est
3517 5614 3825 5687 ejusmodi

2902 5728 2926 5747 ι
