4038 6312
214 286 239 341 1
251 282 355 341 837

186 498 371 570 εύχαῖς
423 500 565 571 ὑμῶν
611 498 985 570 ἀνακέκλημαι.
1039 498 1172 552 Ἀλλ’
1228 500 1322 560 ἕως
1376 503 1498 550 πότε
1542 497 1786 569 μέλλομεν

190 590 440 662 ἔρχεσθαι
470 589 549 640 ἐπὶ
573 591 631 640 τὸ
652 587 776 641 πάλ
794 607 849 640 ιν
874 604 887 653 ;
939 586 1232 640 Ἐλεύσεται
1260 585 1326 645 δὴ
1363 590 1561 647 πάντως
1605 589 1633 645 ἠ
1676 585 1789 638 ἐπι-

193 679 431 738 θάνατιος
461 679 649 750 ἡμέρα,
691 678 774 729 ὅτε
805 676 910 748 ούχ
939 677 1039 739 ἕξει
1067 682 1248 749 χώραν
1296 680 1354 729 τὸ
1405 676 1621 741 πάλιν,
1671 696 1789 748 χω-

191 767 416 840 ρίζουσα
441 786 504 838 με
554 765 638 838 ἀφ’
672 767 835 837 ύμῶν,
896 770 987 818 καὶ
1011 800 1015 803 ‹
1043 768 1470 838 παραπέμπουσαί
1501 785 1563 837 με
1602 764 1656 817 ἐκ
1688 773 1787 817 τῶν

192 853 407 909 ἐνθένδε.
442 855 519 908 Ού
559 860 660 927 μὴν
703 853 797 907 διὰ
823 862 975 907 τοῦτο
1006 854 1272 925 λογιστέον
1313 854 1554 927 ὀρφανίαν
1581 871 1596 884 ’
1632 852 1790 924 ἀψευ-

195 941 807 1018 δὴςγὰρόεἰπώννούκ
846 943 1070 1016 ἀφήσω
1109 945 1277 1015 ὑμᾶς
1317 942 1788 1015 ὀρφανούς’καὶ,

196 1031 358 1088 Ἰδοὺ
399 1032 520 1105 ἐγὼ
555 1033 687 1105 μεθ’
728 1034 897 1105 ὑμῶν
937 1032 1071 1104 εἰμι
1121 1035 1331 1093 πάσας
1369 1035 1480 1094 τὰς
1521 1034 1786 1104 ἡμέρας,

194 1124 305 1184 ἕως
340 1130 450 1184 τῆς
496 1126 873 1182 συντελείας
908 1130 1020 1174 τοῦ
1059 1122 1285 1183 αἰῶνος
1321 1140 1332 1150 ⁸
1390 1121 1552 1181 ἄλλως
1600 1139 1654 1172 τε
1701 1125 1789 1171 καὶ

196 1212 428 1284 ὀψόμεθα
457 1210 709 1272 ἀλλήλους
734 1214 781 1263 ἐν
812 1219 874 1283 τῇ
918 1212 1088 1285 ἡμέρᾳ
1131 1213 1295 1282 ἐκείνῃ
1334 1228 1345 1239 ·
1382 1209 1490 1261 ἀλλ’
1522 1212 1599 1267 εἴη
1633 1209 1789 1261 εἰπεῖν

196 1304 243 1354 ἰν
273 1307 422 1375 χαρᾴ
463 1299 786 1370 ἀνεκλαλήτῳ
821 1305 911 1352 καὶ¹
942 1300 1047 1371 ζωῇ
1108 1297 1447 1370 ἀτελευτήτῳ,
1488 1297 1553 1350 Ὃ
1612 1295 1669 1350 δὲ
1698 1301 1792 1349 πέ-

193 1392 358 1443 πονθα
408 1389 456 1441 ἐν
508 1397 571 1461 τῇ
636 1388 875 1460 ἀσθενείᾳ
934 1392 1043 1441 ἴστέ
1086 1404 1099 1417 ’

197 1480 423 1550 σχεθεὶς,
506 1476 862 1530 ἀνυπόστατον
941 1478 1115 1529 κλόνον
1176 1478 1405 1534 ὑπέστην
1439 1491 1452 1503 ⁸

198 1570 379 1620 θᾶττον
430 1566 650 1625 ἐϐλήθην
698 1568 798 1618 ὑπὸ
845 1562 1102 1627 διακαοῦς
1150 1573 1372 1639 πυρετοῦ
1402 1565 1521 1622 ὅλην
1560 1566 1779 1636 ἡμέραν,

1158 1397 1269 1450 πῶς
1326 1390 1426 1440 ὑπὸ
1473 1389 1653 1462 ῥίγους
1701 1406 1790 1438 συ-

1517 1473 1628 1527 εἶτα
1682 1484 1791 1536 πῶς

196 1657 547 1728 Ἐνεθυμήθην
575 1651 660 1707 οὖν
700 1655 773 1715 εἰς
800 1654 1018 1727 ἐμαυτὸν
1072 1656 1318 1725 πάσχων,
1362 1656 1442 1706 ὅτι
1473 1657 1671 1725 μήποτε
1700 1659 1787 1705 καὶ

199 1744 246 1797 ἓν
321 1753 382 1816 τῇ
440 1744 693 1816 μελλούσῃ
754 1748 946 1817 κρίσει,
1008 1744 1107 1795 ἀπὸ
1182 1751 1272 1804 τῆς
1341 1752 1439 1795 τῶν

198 1838 471 1907 τιμωρίας,
526 1835 637 1884 ἔστι
684 1838 1022 1904 μεταπίπτειν
1065 1832 1131 1892 εἰς
1162 1837 1255 1890 τὴν
1308 1836 1509 1903 γέενναν
1548 1838 1640 1882 τοῦ
1696 1850 1791 1883 πυ-

200 1928 289 1995 ρὸς
314 1940 326 1951 ’
359 1927 450 1974 καὶ
491 1918 637 1974 δυοῖν
667 1926 835 1992 τυχέν
861 1929 1144 1996 τιμωριῶν,
1188 1922 1215 1979 ἡ
1268 1925 1356 1973 καὶ
1383 1920 1623 1973 πλειόνων
1651 1921 1790 1973 ἐστὶν

200 2013 483 2072 ὑπεύθυνος
501 2012 527 2063 ὁ
542 2010 869 2085 ταλαίπωρος
898 2012 1185 2084 ἄνθρωπος.

271 2188 409 2247 Πλὴν
475 2190 570 2241 εἴτε
617 2194 762 2260 μιᾶς,
826 2191 925 2240 εἴτε
992 2185 1161 2253 δυοῖν,
1219 2188 1592 2261 τεκμαίρεσθαι
1651 2187 1791 2237 ἔστιν

201 2278 252 2330 ἐκ
293 2287 393 2330 τῶν
446 2277 665 2331 ἐνταῦθα
696 2276 961 2349 ἀλγεινῶν,
995 2282 1087 2336 τὴν
1137 2276 1493 2329 ἀνυπόστατον
1543 2275 1627 2328 ἐπὶ
1682 2282 1793 2337 τοίς

201 2367 525 2442 ἁμαρτωλοῖς
574 2366 733 2442 ὀργὴν
788 2374 878 2419 τοῦ
920 2374 1084 2419 Θεοῦ·
1137 2370 1227 2418 καὶ
1276 2365 1414 2437 φόϐῳ
1456 2364 1645 2435 πολλῷ,
1704 2368 1792 2416 καὶ

200 2462 372 2530 τρόμῳ
418 2457 736 2527 συνέχεσθαι
776 2456 1020 2520 εντεῦθεν,
1068 2455 1141 2517 εἰς
1184 2457 1241 2507 τὸ
1299 2460 1369 2525 μὴ
1433 2453 1663 2506 ἐκπεσεῖν
1722 2452 1792 2515 εἰς

198 2548 285 2606 τὰς
313 2544 657 2605 ἀνυποίστους
700 2545 935 2604 κολάσεις
980 2549 1187 2604 ὲκείνας.
1227 2550 1516 2617 Τοιγαροῦν
1551 2544 1577 2593 ὁ
1610 2546 1787 2614 παρὼν

201 2630 433 2705 διωγμὸς
468 2652 479 2664 ·
503 2634 579 2695 οἷς
610 2636 721 2703 μὲν,
757 2633 850 2690 ύλη
886 2631 1071 2706 ἀρετῆς
1102 2633 1304 2703 εύρέθη,
1343 2631 1433 2683 Ἐν
1538 2630 1794 2702 ἐξέλαμ-

197 2722 319 2794 ψαν
359 2725 436 2783 ὡς
475 2730 809 2796 φωστῆρες
847 2720 904 2772 ἐν
944 2725 1185 2794 κόσμῳ,
1225 2721 1412 2791 λόγον
1455 2721 1622 2781 ζωῆς
1662 2722 1795 2771 ἐπε-

199 2829 459 2883 χοντες,
502 2810 588 2870 εἰς
626 2813 950 2881 καύχημα
988 2813 1135 2881 ἐμοὶ
1186 2810 1252 2880 (εἰ
1307 2811 1449 2879 θέμις
1493 2809 1674 2877 εἰπεῖν)
1706 2808 1795 2869 εἰς

200 2904 228 2958 ἠ
248 2902 357 2971 μέρ
374 2918 407 2950 α
424 2921 447 2948 ν
487 2906 527 2951 Χ
544 2918 574 2971 ρ
592 2920 607 2950 ι
624 2916 735 2949 στο
756 2907 784 2948 ῦ
813 2916 824 2926 ’
851 2903 902 2948 τί
924 2899 981 2948 ού
1008 2899 1162 2949 καλὸν
1186 2900 1530 2971 ἐργασάμενοι
1556 2913 1569 2963 ;
1596 2898 1661 2957 εἰς
1683 2898 1795 2949 οἷαν

200 2985 259 3041 δὲ
313 2986 585 3061 βελτίωσιν
624 2986 682 3038 ού
735 2985 1104 3058 προελθόντες;
1159 2987 1239 3037 ὃτι
1286 2990 1375 3037 καὶ
1421 2984 1648 3051 ἑαυτούς,
1704 2990 1794 3037 καὶ

1266 280 1358 340 DE
1397 280 1607 340 OBITU
1647 284 1709 339 S.
1750 275 2118 363 THEODORI
2160 280 2506 343 STUDITIE.

255 428 283 461 ι(
332 406 576 481 Ἀδελφοὶ
631 414 722 462 καὶ
790 414 1008 484 Πατέρες
1042 430 1053 442 ·
1119 410 1409 475 ἠσθένησα,
1466 414 1558 461 καὶ
1634 408 1787 461 πάλιν
1820 408 1869 462 Α

3420 282 3557 344 1838

1975 431 2003 462 ‹‹
2032 411 2283 477 Fratres,
2301 416 2639 483 patresque,
2656 412 2967 481 aegrotavi,
2983 413 3317 484 iterumque
3347 412 3557 467 vestris

1900 500 2174 570 precibus
2207 500 2506 556 convalui.
2530 500 2865 567 Enimvero,
2899 501 3173 573 quandiu
3201 503 3433 557 venturi
3462 518 3555 557 su-

1898 605 2034 642 mus
2072 590 2151 644 ad
2180 589 2345 659 illud,
2380 592 2601 645 Iterum
2643 591 2671 643 ?
2711 592 2861 645 Sane
2900 590 3149 645 omnino
3190 594 3440 646 ventura
3470 595 3556 646 est

1900 678 2109 732 mortis
2135 677 2284 743 dies,
2314 678 2560 750 quando
2594 677 2675 732 illi
2704 678 2917 734 iterum
2947 694 3069 733 non
3104 678 3179 733 sit
3209 678 3444 734 futurus
3474 679 3556 734 lo-

1898 781 2002 821 cus
2037 783 2047 821 :
2095 767 2297 821 mortis
2337 766 2587 837 inquam
2627 766 2774 831 dies,
2807 783 2931 839 qua
2957 766 3184 822 avobis
3225 768 3336 822 sim
3380 783 3556 838 sepa-

1898 856 2145 919 randus,
2189 862 2367 928 atque
2407 855 2485 911 ab
2512 856 2791 911 humanis
2835 856 3217 925 migraturus.
3260 855 3388 911 Non
3419 857 3554 913 ideo

1900 946 2100 998 tamen
2130 944 2467 1011 reputanda
2506 944 2731 999 orbitas
2776 962 2790 1005 ;
2831 946 3056 1015 quippe
3096 961 3275 1000 verax
3304 949 3412 1012 est,
3452 946 3556 1015 qui

1898 1032 2046 1088 dixit
2088 1049 2100 1087 :
2145 1033 2277 1088 Non
2309 1034 2642 1103 relinquam
2677 1048 2775 1089 vos
2806 1035 3108 1102 orphanos
3148 1035 3189 1069 ¹¹
3231 1051 3243 1097 ;
3273 1040 3329 1089 et
3358 1053 3369 1086 :
3406 1035 3556 1089 Ecce

1899 1136 2002 1189 ego
2034 1121 2324 1177 vobiscum
2343 1138 2472 1177 sum
2489 1122 2759 1177 omnibus
2774 1122 2975 1178 diebus
2992 1123 3267 1193 usquead
3295 1138 3556 1179 consum-

1899 1210 2212 1266 mationem
2241 1211 2444 1267 swculi
2474 1212 2520 1245 ¹²
2547 1228 2558 1265 :
2588 1211 2925 1279 «Praeterea
2944 1212 3126 1268 etiam
3154 1212 3422 1267 futurum
3447 1218 3554 1277 est,

1903 1304 1964 1352 ut
1994 1314 2101 1352 nos
2133 1298 2228 1354 illa
2267 1299 2362 1354 die
2405 1303 2615 1355 mutuo
2651 1300 2968 1355 videamus
3008 1316 3018 1353 :
3064 1301 3289 1356 utinam
3322 1317 3464 1356 vero
3495 1301 3557 1357 in

1900 1387 2121 1458 gaudio
2184 1388 2590 1455 inenarrabili,
2630 1393 2687 1443 et
2725 1389 2848 1443 vita
2892 1388 3339 1445 interminabili.
3386 1389 3558 1457 Quod

1901 1492 2079 1547 porro
2120 1476 2265 1531 mihi
2292 1478 2354 1532 in
2389 1476 2732 1533 inﬁrmitate
2782 1477 3016 1541 accidit,
3064 1493 3184 1533 non
3231 1494 3337 1533 vos
3372 1478 3555 1534 latet:

1903 1570 1965 1619 ut
2000 1565 2193 1634 rigore
2222 1565 2691 1634 constringente,
2725 1565 3159 1622 intolerabilem
3193 1582 3408 1636 passus
3439 1567 3555 1622 sim

1899 1654 2350 1724 quassationem
2371 1670 2383 1707 :
2403 1660 2581 1726 utque
2596 1655 2965 1725 postmodum
2983 1655 3060 1710 ab
3075 1655 3287 1711 ardore
3302 1655 3557 1710 febrium

1513 1744 1790 1814 Ταρτάρων
1824 1756 1867 1812 Β
1902 1741 2059 1797 diem
2098 1748 2281 1798 totam
2317 1743 2634 1813 jacuerim.
2667 1742 2761 1798 Sic
2801 1759 2913 1814 ego
2939 1743 3173 1799 habens
3213 1745 3555 1813 cogitabam

1900 1830 2065 1902 apud
2096 1832 2415 1903 meipsum,
2445 1848 2592 1888 num
2619 1837 2675 1888 et
2713 1832 2772 1887 in
2801 1832 2998 1888 futuro
3033 1832 3285 1903 judicio,
3319 1849 3355 1888 a
3376 1837 3558 1889 tarta-

1899 1919 2015 1975 reis
2042 1920 2399 1977 cruciatibus
2413 1922 2484 1975 sit
2513 1921 2770 1977 incidere
2790 1921 2853 1977 in
2872 1922 3505 1993 gehennamignis(12)
3542 1939 3553 1976 :

1900 2024 2123 2065 numve
2152 2011 2331 2065 miser
2358 2010 2543 2067 homo
2573 2010 2797 2081 duplici
2828 2026 3041 2082 poenae,
3072 2011 3152 2067 ait
3177 2011 3355 2068 etiam
3378 2011 3557 2083 pluri-

1898 2098 2035 2163 bus,
2068 2098 2368 2154 obnoxius
2392 2100 2484 2153 sit.

1972 2190 2278 2254 Caeterum,
2313 2188 2438 2243 sive
2485 2204 2605 2244 una
2652 2194 2891 2244 maneat
2924 2203 3127 2260 poena,
3158 2189 3280 2245 sive
3311 2188 3557 2260 duplex,

1899 2282 2057 2333 certo
2085 2278 2405 2347 conjectari
2427 2277 2580 2342 licet,
2614 2293 2687 2333 ex
2719 2279 3029 2348 praesentis
3062 2279 3191 2333 vitae
3223 2278 3554 2344 doloribus,

1900 2366 2022 2422 fore
2062 2366 2162 2422 Dei
2201 2367 2351 2420 iram
2394 2367 2452 2421 in
2500 2373 2840 2437 peccatores
2882 2367 3354 2423 intolerabilem:
3382 2373 3559 2440 atque

1901 2455 2072 2520 adeo,
2116 2455 2299 2509 multo
2330 2456 2540 2510 timore
2572 2471 2642 2510 ac
2688 2461 2940 2511 tremore
2988 2456 3381 2512 habuerimus
3420 2473 3561 2512 con-

1901 2543 2127 2611 stringi,
2166 2548 2323 2598 utne
2363 2544 2421 2598 in
2448 2559 2662 2615 poenas
2696 2543 2829 2599 illas
2858 2544 3262 2601 intolerabiles
3290 2545 3562 2601 incideri-

1902 2648 2055 2687 mus.
2091 2634 2353 2687 Praesens
2381 2647 2525 2701 ergo
2558 2634 2906 2703 persecutio,
2951 2633 3080 2688 aliis
3106 2633 3561 2706 quidem,virtu-

1902 2721 1972 2778 tis
2002 2722 2249 2775 materia
2268 2721 2510 2776 inventa
2535 2728 2642 2786 est,
2671 2722 2797 2788 Qua
2826 2722 2978 2777 sicut
3013 2722 3338 2779 luminaria
3365 2725 3565 2779 eluxe-

1903 2817 2044 2866 runt
2076 2811 2138 2865 in
2163 2811 2404 2876 mundo,
2422 2825 2747 2866 sermonem
2762 2811 2894 2866 vitae
2907 2811 3183 2868 habentes
3201 2812 3282 2868 ad
3301 2812 3558 2882 gloriam

1902 2914 2091 2955 meam
2122 2899 2193 2970 (si
2217 2898 2306 2955 fas
2336 2904 2426 2954 est
2450 2899 2668 2972 dicere)
2709 2901 2767 2954 in
2796 2900 2889 2955 die
2913 2900 3128 2956 Christi
3162 2903 3365 2966 “.Quo
3396 2902 3560 2957 bono

1903 3003 2025 3043 non
2042 2987 2303 3042 defuncti
2333 2988 2361 3040 ‘?
2393 2990 2518 3053 Quo
2551 3004 2670 3043 non
2704 2990 2970 3060 profectu
2994 3006 3064 3045 ac
3096 2990 3454 3061 prolectione
3478 2991 3556 3047 ad

198 3080 424 3142 ἔσωσαν,
480 3080 569 3128 καὶ
630 3075 914 3141 σώζουσιν,
976 3074 1415 3147 ἐγγυμνασθέντες
1466 3080 1569 3133 τοῖς
1612 3092 1793 3146 πειρα-

1907 3076 2343 3132 meliora?Natn
2359 3082 2737 3133 etservarunt
2751 3077 2977 3148 seipsos
3000 3086 3374 3151 servantque,
3391 3095 3555 3134 exer-

200 3172 376 3238 σμοῖς,
434 3166 748 3238 πυρωθέντες
799 3172 912 3225 ταῖς
966 3164 1171 3235 θλίψεσι
1227 3159 1579 3237 χρυσοειδῶς,
1611 3162 1794 3225 ἄλλους

197 3274 255 3308 τε
306 3258 658 3328 προσιέμενοι,
710 3258 796 3305 καὶ
854 3262 1080 3327 σωτῆρες
1131 3252 1328 3305 πολλῶν
1385 3251 1637 3323 ὀφθέντες,
1676 3254 1795 3324 ὀμο-

1015 3340 1125 3414 μεθ’
1175 3342 1242 3392 ὧν
1283 3343 1360 3399 εἴη
1392 3360 1482 3413 μοι
1512 3346 1679 3414 μερὶς,
1706 3346 1795 3394 καὶ

198 3436 243 3486 εἶ
273 3451 378 3485 τινι
416 3431 554 3503 φίλον
607 3435 720 3503 ἐμοὶ
782 3433 1163 3485 συντάττεσθαι
1191 3447 1209 3462 ⁸
1242 3431 1315 3491 οἷς
1347 3427 1425 3497 δὲ,
1458 3434 1548 3482 καὶ
1598 3433 1796 3491 τούτοις

1036 3528 1097 3593 τῇ
1169 3519 1457 3593 αὐθαιρέτῳ
1518 3520 1648 3592 ζωῇ,
1707 3525 1796 3572 καὶ⁵

202 3613 356 3667 οἱονεὶ
414 3609 755 3681 ἁπονοσφίσει
809 3617 902 3672 τῆς
988 3611 1256 3681 ὑποταγῆς
1341 3607 1655 3683 ἐνεργήσασι
1704 3612 1797 3671 τὰς

198 3698 392 3753 ἑαυτῶν
447 3700 729 3771 αἰσχύνας.
789 3698 939 3752 Ὀθεν
984 3705 1255 3773 Γραφικῶς
1308 3702 1545 3771 εὔκαιρον
1604 3698 1792 3751 εἰπεῖν·

195 3351 367 3414 ταγῶν
409 3361 462 3394 τε
488 3347 576 3394 καὶ
607 3342 921 3415 ἐτεροταγῶν
954 3359 967 3372 ·

197 3520 512 3589 ὀλιγόστοῖς,
581 3521 675 3579 ύλη
753 3526 960 3584 κακίας,

198 3788 561 3844 Ἐσκότωσε
621 3792 687 3840 τὸ
749 3785 937 3850 εἶδος
990 3796 1104 3840 τοῦ
1171 3794 1522 3859 προσώπου
1565 3788 1793 3854 αὐτῶν,

199 3881 352 3931 ὡσεὶ
392 3876 658 3935 ἁυϐόλη·
681 3880 814 3949 πρὸς
832 3877 919 3938 οὓς
937 3876 1338 3948 καὶβοήσομαι·
1362 3878 1498 3929 Υἱοὶ
1542 3878 1795 3948 ἄνομοι,

198 3965 665 4038 ἕγκατεγίπετε
702 3969 806 4018 τὸν
849 3968 1115 4039 Κύριον·
1151 3964 1797 4037 ὴλλάξατετὰνὸμιματῆς

196 4053 490 4129 μοναδικῆς
523 4052 844 4117 διαϐιώσεως
871 4075 882 4087 ο
912 4057 1135 4128 τροχιὰς
1165 4053 1323 4127 ὁρθὰς
1370 4055 1463 4105 ούκ
1494 4056 1661 4126 ἔχετε,
1694 4054 1797 4107 cur

197 4148 263 4206 ὡς
319 4144 488 4215 χωλοὶ
529 4144 837 4218 ἒκτρέπεσθε
894 4140 997 4197 ὧδε
1043 4151 1255 4197 κακεῑσε
1285 4162 1553 4218 φερομενοι
1593 4159 1605 4171 ·
1673 4144 1797 4197 ἀπο-

202 4230 488 4288 διίστασθε
547 4243 647 4287 τῶν
699 4230 955 4287 συνοδιῶν
1016 4236 1156 4305 ὑμῶν
1190 4250 1203 4263 ⁶
1253 4233 1679 4306 φιλογυνιάζετε·
1750 4235 1798 4286 οἱ

1904 3165 2065 3221 citati
2124 3165 2564 3230 tentationibus,
2637 3168 2765 3221 auri
2813 3167 3000 3222 instar
3054 3167 3557 3236 tribulationibus,

1903 3254 2063 3310 velut
2105 3254 2241 3323 igne
2282 3254 2519 3325 probati
2570 3256 2930 3327 purgatique
2960 3274 2972 3323 ;
3006 3257 3109 3327 qui
3162 3263 3219 3311 et
3270 3258 3561 3329 recipiant

1904 3343 2072 3408 alios,
2099 3349 2153 3399 et
2179 3343 2502 3399 multorum
2529 3359 2590 3399 se
2613 3350 2945 3400 servatores
2974 3344 3371 3411 exhibuerint,
3407 3347 3561 3416 ejus-

1904 3433 2045 3488 dem
2065 3448 2267 3487 secum
2300 3448 2369 3488 ac
2390 3432 2609 3488 diversi
2638 3433 2902 3488 ordinis:
2928 3433 3295 3505 quibuscum
3327 3440 3559 3505 partem

1905 3521 2051 3577 mihi
2079 3523 2231 3576 Deus
2262 3522 2673 3591 conscesserit,
2694 3538 2763 3576 ac
2785 3522 2829 3575 si
2860 3523 2972 3587 cui,
3002 3527 3062 3577 ut
3088 3523 3231 3579 mihi
3258 3523 3355 3595 adj
3369 3538 3559 3592 unga-

1907 3616 2019 3675 tur,
2076 3609 2359 3681 placitum
2413 3609 2587 3665 fuerit
2629 3626 2640 3665 :
2684 3610 2813 3666 aliis
2851 3616 3051 3666 autem
3084 3611 3274 3683 iisque
3328 3614 3557 3683 paucis,

1907 3699 2155 3754 materia
2185 3697 2292 3753 fuit
2322 3704 2379 3753 et
2411 3699 2644 3754 occasio
2698 3699 2933 3753 sceleris
2965 3714 3035 3754 ac
3064 3699 3262 3769 probri
3297 3717 3309 3755 :
3343 3700 3439 3764 iis,
3473 3700 3558 3755 in-

1905 3804 2109 3860 quam,
2160 3787 2264 3858 qui
2306 3789 2437 3842 vitae
2475 3787 2767 3852 libertate,
2822 3803 2893 3842 ac
2927 3787 3082 3843 velut
3113 3788 3384 3844 suﬂ'urati
3422 3790 3562 3845 obe-

1904 3877 2187 3932 dientiam
2222 3877 2360 3947 (13),
2395 3892 2507 3932 sua
2530 3878 2797 3948 ipsorum
2830 3878 3128 3934 dedecora
3156 3880 3382 3949 operati
3404 3884 3562 3935 sunt.

1907 3967 2099 4030 Quare
2130 3971 2465 4035 opportune
2490 3980 2597 4020 ceu
2627 3966 2941 4036 Scripturae
2970 3966 3165 4020 verbis
3198 3967 3524 4022 dixerimus
3549 3984 3561 4022 :

1908 4054 2300 4110 Obtenebrala
2330 4054 2637 4123 estspecies
2654 4056 3069 4124 vultuseorum
3096 4055 3247 4110 sicut
3269 4056 3466 4125 fuligo
3484 4058 3559 4110 li:

1906 4144 1983 4199 ad
2015 4158 2167 4214 quos
2196 4141 2377 4197 etiam
2406 4142 2715 4198 clamabo:
2736 4142 2879 4197 Filii
2908 4144 3154 4207 scelesti,
3172 4143 3563 4214 dereliquistis

1907 4231 2287 4288 Dominum"
2317 4248 2328 4286 :
2354 4231 2721 4287 immutastis
2744 4230 3010 4300 legitima
3024 4232 3158 4286 vitae
3181 4235 3560 4288 monasticae:

201 4326 311 4395 μὲν,
336 4328 681 4396 μεμονωμένοι
715 4325 1062 4395 τυγχάνοντες
1096 4339 1108 4353 ⁸
1134 4324 1182 4375 οἱ
1228 4320 1309 4389 δὲ,
1359 4318 1579 4384 δούλους
1636 4326 1793 4376 ὠνού-

1909 4324 2036 4378 Non
2063 4320 2295 4376 habetis
2326 4334 2571 4387 gressus
2596 4327 2781 4375 rectos
2812 4320 2858 4355 ¹⁶
2887 4336 2901 4386 ;
2934 4320 3006 4375 ed
3039 4320 3199 4375 velut
3228 4322 3423 4377 claudi
3446 4322 3563 4378 huc

199 4428 373 4484 μενοι·
422 4413 564 4484 ἓνίοι,
623 4410 909 4486 ἐμπορικὴν
954 4412 1086 4473 ζωὴν
1153 4407 1511 4484 ὃιαμείϐοντες
1562 4409 1656 4465 διὰ
1706 4417 1799 4472 τὴν

273 4536 319 4573 ¹¹
346 4535 517 4593 Joan.
541 4550 657 4601 xiv,
692 4536 778 4591 18.
858 4537 899 4578 ιι
928 4524 1123 4593 Matth.
1155 4551 1350 4603 xxvm,
1378 4539 1465 4592 20.

1545 4538 1591 4573 ¹³
1619 4536 1763 4594 Phil.
1795 4554 1851 4603 ιι,
1886 4536 1969 4593 15.

1911 4416 2091 4483 atque
2111 4409 2247 4465 illuc
2277 4407 2653 4464 deﬂectentes
2682 4408 2809 4475 iter,
2842 4408 3120 4465 ferimini.
3144 4410 3562 4480 Abjungimini

2048 4536 2095 4571 ¹⁴
2124 4534 2336 4591 Thren.
2367 4550 2443 4599 IV,
2477 4536 2533 4590 8.
2627 4534 2673 4569 1⁸
2704 4535 2816 4591 Isa.
2844 4553 2881 4601 ι,
2913 4534 2966 4589 4.
3064 4535 3109 4571 ³⁵
3138 4535 3310 4591 Hebr.
3340 4552 3439 4603 xu,
3479 4535 3561 4591 t3.

1770 4644 1995 4701 NOT/E.

198 4732 513 4799 districtio,
552 4732 621 4804 in
662 4731 735 4787 iis
768 4732 1046 4799 maxime,
1089 4747 1226 4804 quae
1257 4736 1395 4790 sunt
1437 4732 1705 4799 canonis,
1739 4738 1796 4789 et

200 4808 409 4860 sancte
439 4803 729 4876 obtinent,
744 4803 1407 4876 corntinendaireligioni
1434 4821 1677 4876 prorsus
1699 4820 1797 4860 nc-

199 4876 482 4949 cessaria.
544 4875 737 4949 Apud
801 4875 1052 4949 Paulum
1117 4874 1451 4949 ἀπαράϐατος
1514 4878 1789 4949 ἱερωσύνη,

202 4947 376 5002 Hebr.
406 4963 502 5008 vn,
534 4946 935 5001 sacerdotium
967 4953 1072 5011 est,
1096 4946 1261 5018 quod
1288 4963 1407 5003 non
1439 4946 1698 5003 transeat
1718 4948 1797 5003 ad

201 5018 408 5081 alium,
424 5032 615 5089 eoque
628 5024 1000 5087 perpetuum,
1018 5023 1193 5089 atque
1207 5019 1473 5089 utreddit
1485 5018 1793 5089 interpres:

198 5088 643 5157 sempiternum.
667 5089 839 5157 Apud
866 5091 1046 5163 Epict.
1076 5088 1406 5163 ἀπαράϐατος
1435 5095 1613 5162 νόμος·
1644 5088 1792 5155 Lex,

200 5175 385 5233 quam
411 5174 577 5233 nemo
608 5161 1107 5233 transgrediatur.

277 5234 357 5301 (1)
386 5232 423 5285 Α
446 5231 723 5286 tartareis
746 5232 1106 5287 cruciatibus
1128 5231 1200 5286 sit
1216 5230 1477 5287 incidere
1490 5230 1554 5286 in
1579 5230 1794 5301 gehen-

200 5316 346 5357 nam
373 5303 546 5372 ignis.
574 5302 764 5356 Multis
788 5303 1005 5358 Pineda
1025 5303 1101 5359 ad
1126 5319 1240 5369 xxx,
1261 5319 1393 5357 wi
1410 5304 1538 5367 Job,
1563 5318 1683 5372 quo
1712 5303 1795 5357 vi-

201 5375 379 5428 detur
407 5378 614 5444 auctor
635 5374 952 5444 respicere;
978 5374 1052 5428 de
1073 5373 1186 5429 illa’
1211 5389 1523 5444 poenarum
1546 5373 1797 5429 alterna-

200 5445 388 5515 tione.
411 5443 650 5499 Videtur
667 5443 832 5515 quod
853 5443 1151 5500 hicinnuit
1168 5443 1533 5515 Theodorus,
1558 5460 1687 5499 esse
1702 5460 1793 5499 res

201 5514 409 5587 minus
425 5520 616 5585 certa;
646 5514 846 5571 minus
869 5521 1022 5572 certe
1046 5514 1590 5579 conﬁcitillelocus,
1609 5531 1791 5587 quem

202 5584 707 5658 varieexponunt.
723 5588 936 5657 Magna
962 5592 1164 5645 tamen
1182 5584 1792 5660 probabilitateﬁelut

1906 4747 2177 4789 consona
2206 4730 2352 4786 satis
2394 4730 2732 4801 Scripturm,
2774 4744 2884 4785 nec
2922 4729 3152 4801 habens
3193 4729 3419 4801 aliquid
3458 4731 3571 4787 ab‘

1908 4804 2091 4869 surdi,
2125 4800 2851 4873 Patribusque'nonnullis
2872 4817 2941 4856 ac
2964 4800 3249 4869 theologis
3272 4800 3404 4856 aliis
3430 4818 3564 4873 pro-

1907 4876 2069 4942 bata,
2100 4874 2330 4929 admitti
2363 4878 2554 4943 potest
2580 4889 2647 4927 ac
2692 4873 2924 4944 timeri:
2958 4874 3313 4943 Quanquam
3345 4889 3561 4944 parum

1908 4946 2101 5010 refert,
2132 4945 2484 5000 timeaturne
2509 4945 2661 5014 ipsa,
2699 4943 2789 4999 vel
2812 4943 2972 4998 solus
3005 4944 3181 5013 ignis.

1980 5017 2093 5088 (13)
2134 5017 2298 5071 Velut
2328 5013 2612 5085 itu/furati
2637 5015 3046 5088 obedientiam.
3079 5017 3246 5088 Qiovsi
3279 5013 3558 5087 ἁπονοσφί-

1912 5086 1998 5140 σει
2028 5096 2122 5147 τῆς
2150 5089 2433 5157 ὑποταγῆς.
2458 5090 2767 5157 Tanquam
2790 5086 3015 5140 alludat
3046 5086 3122 5141 ad
3149 5087 3372 5141 factum
3405 5086 3556 5141 Ana-

1909 5161 2024 5214 niae
2051 5163 2108 5214 et
2137 5158 2400 5230 Saphiraa
2431 5160 2561 5213 Act.
2596 5174 2650 5220 v,
2684 5174 2806 5228 quo
2828 5158 3124 5230 dicuntur,
3147 5160 3503 5230 νοσφίσασθαι
3539 5174 3551 5186 -

1906 5229 2275 5286 subtraxisSe
2317 5245 2387 5285 ac
2417 5230 2812 5299 defraudasse
2849 5229 2921 5283 de
2961 5229 3153 5298 pretio
3188 5230 3325 5298 agri
3352 5250 3372 5295 ,-
3404 5229 3559 5284 velut

1906 5302 2059 5356 dicai
2090 5319 2101 5355 :
2132 5302 2572 5357 Substractione
2609 5299 2949 5354 obedientiae
2986 5315 2996 5353 :
3026 5316 3148 5372 qua
3174 5300 3555 5370 sacrilegium

1906 5374 2170 5428 immane
2212 5377 2460 5444 peccant
2507 5372 2725 5444 devoti
2758 5374 2873 5425 Deo
2925 5371 3215 5435 homines,
3260 5372 3556 5444 siquidem

1902 5444 2074 5515 quasi
2101 5442 2407 5511 peccatum
2421 5442 2726 5515 ariotandi
2745 5449 3048 5515 _est,_repug
3058 5457 3221 5515 nare,
3238 5447 3349 5497 etc.
3373 5442 3403 5497 Ι
3414 5444 3556 5512 Reg.

1902 5511 1997 5587 xv,
2023 5529 2239 5586 nempe
2266 5516 2327 5570 in
2356 5514 2590 5587 debitis,
2617 5511 2820 5587 qualia
2850 5513 2987 5569 facit
3023 5513 3113 5568 vel
3146 5514 3350 5583 ipsum
3380 5511 3560 5587 spon-

1902 5583 2439 5658 demum—sponsio
2467 5583 2768 5656 religiosa.
