4038 6312
490 357 625 414 1839
1480 351 1864 412 APPENDIX.
1907 388 1974 398 —
2003 355 2085 412 NA

2242 353 2399 413 RT-II
2441 357 2530 414 ΕΝ
2536 354 2843 417 CYCLICA
3699 364 3837 421 1840

485 500 522 541 a
551 481 760 538 vestris
789 480 1180 538 conventibus
1209 499 1220 536 :
1251 480 1388 536 estis
1409 480 1710 538 mulierosi
1731 499 1745 548 ;
1767 481 1864 538 alii
1887 481 2080 553 quidel

2245 482 2557 557 φιλαργυρον
2595 489 2825 558 γνώμην.
2871 484 2948 538 Oti
3001 484 3146 557 φοϐεῖ
3191 486 3348 558 ύμας,
3397 493 3516 540 οὔτε
3570 486 3672 561 ἀρὰ
3713 507 3840 563 προ-

484 570 730 627 solitarii
757 569 897 625 estis
932 586 945 635 ;
980 568 1076 625 alii
1103 574 1302 625 autem
1328 569 1552 625 emistis
1574 587 1816 630 servos:
1852 571 1948 626 alii
1971 571 2079 626 den

2249 578 2436 644 φητική
2470 589 2482 601 ’
2546 575 2661 626 οὔτε
2710 572 3031 632 ἁποστολικὴ
3111 573 3294 633 ἀπειλή
3325 595 3338 608 ο
3396 579 3516 628 οὔτε
3571 585 3664 639 τῆς
3713 576 3844 649 ἐμῆς

483 675 620 730 que,
650 674 770 730 prae
801 658 987 714 animi
1026 658 1302 714 sordibus
1333 675 1401 714 ac
1433 659 1702 724 avaritia,
1736 667 2078 716 mercaturai

2246 666 2598 724 ταπεινώσεως
2636 665 2662 721 ἦ
2706 667 3008 736 παραίνεσις
3039 677 3054 692 ·
3089 664 3160 726 ὡς
3197 665 3499 736 μεμάθηκα,
3537 665 3617 717 ὅτι
3643 670 3732 717 καί
3763 685 3841 728 τις

483 749 808 805 assumitis.
835 751 959 804 Non
983 763 1084 803 vos
1125 752 1358 814 terrent,
1404 749 1492 804 vel
1530 747 1675 803 dira:
1716 749 2074 820 prophetica

2247 757 2341 801 τῶν
2370 753 2634 816 τοιούτων,
2690 756 2779 804 καὶ
2818 757 2946 825 κόρῃ
3001 751 3374 823 συμφιλιάσας,
3424 756 3552 828 πρὸς
3605 753 3736 826 αὐτῇ
3778 762 3842 828 τῇ

483 837 576 892 vel
607 837 951 908 apostolica
976 837 1153 892 mium
1183 854 1197 903 ;
1233 837 1320 892 vel
1362 854 1510 894 mea:
1541 837 1729 908 ipsius
1758 838 2075 895 humilitati

2250 837 2474 912 ἁρπαγῇ,
2515 846 2602 894 καὶ
2634 849 2694 913 τῇ
2739 841 2985 900 ἀθετήσει
3021 849 3110 894 τοῦ
3139 849 3293 910 Θεοῦ,
3325 847 3440 903 τοὺς
3469 839 3641 906 πόδας
3675 843 3845 917 εύτρέ·

484 928 566 982 uti
599 927 772 982 etiam
795 927 952 990 novi,
975 927 1322 990 admonitio,
1355 928 1602 999 quando
1628 927 1808 982 etiam
1839 928 2079 997 ejusmoi

2254 947 2382 982 πισε.
2423 934 2486 981 Τί
2514 929 2690 1002 λέγεις,
2721 928 2760 982 ὦ
2786 931 2930 983 ἄθλιε
2946 935 3031 983 καὶ
3060 931 3352 1006 ταλαίπωρε
3391 950 3404 1000 ;
3437 935 3659 993 ποσάκις
3689 932 3849 1004 ἔψαλ-

482 1015 716 1087 aliquis,
749 1016 1070 1071 amicitiam
1110 1016 1297 1070 iniens
1324 1031 1461 1070 cum
1502 1015 1717 1087 puella,
1758 1023 2004 1088 excepto
2043 1033 2077 1071 r.

2246 1015 2357 1076 λες⁸
2408 1024 2530 1070 Ποῦ
2593 1021 2895 1093 πορευθῶ
2935 1020 3055 1073 ἀπὸ
3094 1027 3202 1072 τοῦ
3260 1023 3628 1093 πνεύματός
3684 1041 3841 1092 σονς

481 1109 608 1176 ptu,
639 1105 818 1159 etiam
846 1105 1063 1158 divinae
1094 1105 1498 1176 aspernationi
1531 1104 1713 1176 pedes
1736 1107 1960 1176 aptavit
1983 1106 2073 1177 (14

2244 1111 2344 1158 καὶ
2389 1105 2507 1159 ἀπὸ
2547 1117 2659 1160 τοῦ
2697 1116 3048 1183 προσώπου
3093 1128 3206 1162 σου
3246 1118 3365 1163 ποῦ
3409 1113 3582 1183 φύγω
3618 1130 3631 1180 ;
3664 1111 3839 1164 Φιλιά-

483 1194 634 1259 Quid
667 1195 754 1248 ais
776 1193 978 1248 infelix
1009 1210 1078 1248 ac
1112 1194 1291 1248 miser
1311 1192 1339 1247 ?
1360 1195 1596 1259 Quoties
1615 1195 1868 1248 cantasti
1894 1193 2016 1260 Quo
2040 1196 2078 1250 ii

2249 1193 2349 1254 ζειν
2415 1195 2543 1258 ὅλως
2605 1199 2781 1268 ἤχθης
2834 1200 2970 1250 κατὰ
3040 1205 3132 1250 τοῦ
3196 1202 3356 1270 ὄφεως
3417 1207 3510 1252 τοῦ
3577 1200 3844 1259 ἠπατηκό-

481 1300 518 1342 a
546 1283 762 1352 spiritu
794 1287 912 1347 tuo,
945 1288 998 1338 et
1027 1298 1141 1354 quo
1166 1297 1202 1338 a
1226 1282 1386 1351 facie
1424 1287 1526 1338 tua
1552 1283 1788 1353 fugiam
1819 1284 1867 1318 1⁷
1901 1281 1928 1336 Ῡ
1958 1284 2076 1338 Plat

2249 1302 2331 1344 τος
2359 1288 2452 1340 τὴν
2498 1287 2656 1354 Εὕαν,
2690 1291 2780 1338 καὶ
2840 1284 3240 1350 συνεκϐαλόντος
3271 1286 3326 1339 ἐκ
3372 1295 3464 1340 τοῦ
3515 1285 3844 1363 παραδείσου

480 1372 775 1444 impulsus
802 1388 865 1426 es
894 1371 955 1426 in
983 1388 1272 1436 amorem,
1297 1373 1635 1442 serpentino
1654 1371 1750 1425 illo
1778 1371 2069 1444 aﬂlatu,qi

2254 1367 2419 1443 Ἀδὰμ
2464 1376 2550 1424 τόν
2607 1376 2916 1449 προπάτορα
2995 1375 3156 1446 ἡμῶν,
3219 1375 3444 1449 Ἐνθυμῇ
3498 1376 3626 1437 ὅλως
3683 1375 3849 1452 ἀρνή-

481 1461 724 1517 seducta
758 1463 896 1523 Eva,
924 1475 1044 1515 una
1069 1477 1208 1515 cum
1232 1462 1424 1530 primo
1447 1467 1689 1530 parente
1721 1461 1932 1524 Adam,
1957 1461 2076 1532 puli

2250 1463 2446 1512 σασθαι
2585 1464 2860 1537 ἡρμόσθης
2916 1471 3152 1536 Χριστῷ.
3213 1461 3306 1517 διὰ
3381 1473 3474 1518 τοῦ
3531 1467 3845 1539 παρθενικου

480 1556 568 1606 est
596 1549 906 1623 paradiso.
933 1549 1166 1618 Cogitas
1199 1549 1446 1604 omnino
1480 1549 1776 1604 Christum
1809 1549 2075 1619 abnegar

2252 1545 2648 1620 ἱπαγγελματος,
2696 1557 2785 1604 καὶ
2845 1555 3172 1625 σνναφθῆναι
3228 1561 3291 1626 τῇ
3341 1554 3595 1626 ἁμαρτίᾳ,
3655 1550 3727 1607 δι’
3787 1557 3847 1617 ἧς

481 1641 573 1695 cui
602 1655 822 1694 vovens
853 1639 1249 1708 virginitatem
1288 1637 1691 1709 desponsatus
1717 1653 1798 1700 es,
1844 1645 1904 1692 ut
1935 1639 2076 1694 adha

2251 1639 2459 1699 θάνατος
2490 1639 2565 1701 εἰς
2592 1644 2678 1692 τὸν
2712 1646 2909 1714 κόσμον
2935 1641 3170 1701 εἰσῆλθεν
3193 1660 3206 1710 ;
3233 1642 3327 1694 ούκ
3360 1642 3560 1705 ἀκούεις
3589 1652 3684 1706 τῆς
3715 1651 3846 1719 Γρα-

478 1744 612 1783 reas
627 1733 889 1799 peccato,
913 1743 1034 1798 quo
1064 1742 1222 1781 mors
1250 1727 1307 1780 in
1336 1725 1908 1795 mundumingressa
1930 1731 2020 1782 est
2039 1729 2073 1763 ¹¹

2252 1733 2338 1799 γῆς
2377 1727 2593 1796 βοώσης
2633 1735 2750 1802 περὶ
2789 1739 2889 1782 τῶν
2921 1730 3057 1783 οὕτω
3097 1737 3422 1806 πραττόντων
3453 1750 3464 1762 ·
3497 1731 3558 1785 Ὀ
3589 1733 3847 1798 σκώληξ

477 1817 605 1872 Non
626 1815 798 1872 audis
829 1816 1190 1870 clamantem
1227 1815 1594 1886 Scripturam
1622 1816 1678 1869 in
1711 1831 1833 1883 eas,
1862 1815 1966 1886 qui
1993 1816 2072 1871 tal

2248 1815 2446 1868 αὐτῶν
2486 1817 2553 1870 ού
2615 1819 3020 1886 τελευτήσει,
3061 1824 3170 1872 καὶ
3225 1824 3293 1873 τό
3359 1828 3480 1894 πῦρ
3522 1821 3731 1874 αὐτῶν
3772 1822 3843 1875 ού

477 1912 664 1976 agunt
697 1924 708 1961 :
753 1907 973 1962 Vermis
996 1920 1198 1962 eorum
1218 1920 1336 1960 non
1367 1905 1738 1969 morietur,el
1757 1904 1912 1975 ignis
1929 1921 2071 1961 eoru

2245 1903 2436 1958 σϐεσθ
2451 1911 2481 1964 ἡ
2500 1926 2533 1959 σ
2553 1926 2661 1960 ετα
2676 1928 2720 1974 ις
2751 1908 2863 1961 Ούκ
2885 1907 3077 1970 ἰπαῖεις
3102 1918 3192 1962 τοῦ
3224 1909 3548 1965 Ἀποστόλου
3575 1909 3810 1983 λέγοντος
3828 1930 3840 1942 ⁸

481 2011 599 2050 ηοη
630 1994 1045 2064 exstinguelur
1073 1995 1118 2028 ¹⁹
1149 1994 1178 2049 ?
1205 1996 1329 2049 Non
1346 1993 1521 2048 audis
1538 1993 1833 2049 dicentem
1851 1993 2076 2049 Paulun

2248 1998 2530 2069 Πόρνους
2567 2002 2676 2049 καὶ
2715 2001 2988 2070 μοιχοὺς
3026 2006 3236 2074 κρινεῖ
3274 2000 3300 2051 ὁ
3338 2003 3633 2066 Θεός;καὶ
3659 1996 3843 2063 αὖθις·

477 2084 889 2139 Fornicatores
914 2086 969 2138 et
996 2082 1301 2139 adulteros
1319 2081 1610 2151 iudicabit
1650 2082 1794 2138 Deus
1826 2083 1874 2118 ³ο
1897 2082 1927 2134 ‘2
1950 2084 2013 2138 Et
2033 2083 2072 2138 it

2256 2087 2311 2137 Ei
2348 2104 2443 2147 τις
2499 2089 2604 2138 τὸν
2647 2089 2798 2140 ναὸν
2863 2094 2975 2140 τοῦ
3037 2095 3204 2141 Θεοῦ
3270 2090 3552 2162 φθείρει,
3621 2092 3851 2163 φθερεῖ

477 2188 613 2228 rum
647 2189 659 2228 :
691 2172 756 2228 Si
784 2173 914 2244 quis
940 2173 1223 2240 templum
1255 2171 1361 2227 Dei
1384 2171 1712 2236 violaverit,
1745 2171 2072 2240 disperdat

2250 2180 2467 2226 τοῦτον
2508 2177 2535 2226 ὁ
2575 2179 2692 2229 Θεό
2713 2192 2764 2243 ς;
2816 2180 2879 2229 Τί
2922 2177 3160 2249 εὑρήσεις
3189 2175 3236 2229 ἐν
3297 2184 3367 2248 τῷ
3414 2176 3712 2232 συντελέσαι
3751 2183 3845 2238 τὴν

479 2263 602 2317 lum
629 2263 783 2317 Deus
817 2263 861 2296 ²¹
891 2261 921 2313 ?
949 2260 1104 2324 Quid
1139 2276 1202 2315 es
1260 2261 1635 2324 inventurus,
1665 2275 1802 2314 cum
1847 2275 2074 2315 consun

2247 2261 2455 2335 ἀνομίαν
2490 2280 2504 2330 ;
2541 2265 2670 2337 ούχὶ
2722 2269 2906 2328 σκότος
2946 2270 3036 2318 καὶ
3091 2269 3366 2340 μάχαιραν
3420 2270 3707 2340 τέμνουσαν
3749 2288 3842 2322 σου

478 2351 733 2406 maveris
765 2349 1138 2422 iniquitatem
1159 2347 1188 2402 ἲ
1208 2351 1412 2404 Nonne
1443 2349 1719 2404 tenebras
1743 2348 2073 2420 gladiumqi

2250 2355 2335 2408 τήν
2391 2349 2620 2425 καρδίαν
2651 2368 2667 2420 ;
2700 2353 2829 2426 ούχὶ
2877 2353 3221 2427 ἀπογνώσεως
3267 2352 3455 2431 βόθρον
3499 2372 3513 2422 ;
3548 2355 3644 2408 οὐκ
3686 2356 3845 2411 αὐτόν

475 2440 909 2495 dissecaturum
940 2454 1042 2494 cor
1079 2445 1250 2493 tuum
1272 2443 1298 2492 ?
1323 2440 1528 2493 Nonne
1553 2436 1989 2509 desperationis
2025 2453 2066 2509 p

2254 2440 2550 2500 ᾗπατηκότα
2582 2461 2639 2495 σε
2669 2449 2917 2509 Σατανᾶν,
2965 2447 3060 2503 τὴν
3091 2442 3327 2516 ἀγχόνην
3371 2463 3428 2497 σε
3473 2450 3849 2517 κατεπείγοντα

475 2533 638 2585 teum
669 2528 697 2583 ‘i
727 2531 932 2584 Nonne
961 2527 1160 2599 ipsum
1193 2529 1478 2584 Satanam
1508 2526 1612 2598 qui
1641 2527 1890 2593 seduxit,
1925 2541 2066 2597 urge

2252 2528 2614 2599 Ξισπασασθαι,
2647 2535 2880 2608 καθαπερ
2914 2535 3002 2586 τὸν
3044 2530 3251 2587 Ἰούδαν
3311 2537 3480 2602 «ori;
3527 2533 3847 2606 Ἀνάνηψον,

477 2623 594 2674 tem
627 2635 696 2673 us
721 2617 924 2673 restim
955 2615 1332 2688 amplexeris,
1364 2615 1424 2670 in
1465 2631 1650 2687 quam
1693 2615 1837 2670 olim
1876 2615 2072 2687 impud

2252 2620 2266 2670 5
2330 2619 2699 2693 ἕσκοτισμενος
2734 2639 2747 2651 ·
2807 2624 2936 2692 φύγε
2974 2625 3069 2680 τὴν
3117 2618 3326 2693 παγῖδα
3366 2630 3460 2676 τοῦ
3522 2625 3767 2690 θανάτου,
3821 2627 3847 2678 ό

473 2709 499 2763 J
508 2709 692 2763 udam
719 2707 748 2762 ?
776 2706 1077 2777 Resipisce
1095 2706 1197 2778 qui
1219 2704 1477 2761 tenebris
1497 2705 1838 2760 obcaecatus
1861 2707 1957 2776 es}
1975 2706 2068 2773 Fu]

2252 2709 2597 2782 ἰσκελισμένος
2629 2727 2641 2741 ο
2696 2714 2768 2782 μὴ
2818 2709 2954 2780 ἁλῷς
3006 2710 3080 2771 εἰς
3132 2712 3388 2784 πέταυρόν
3437 2707 3596 2780 ᾅδου,
3649 2713 3736 2786 ὑφ’
3785 2712 3847 2765 οὗ

474 2795 683 2852 mortis
710 2795 974 2866 laquem,
1014 2794 1115 2866 qui
1151 2793 1310 2851 fuisti
1335 2792 1753 2865 supplantatus
1777 2809 1789 2848 :
1813 2808 1887 2848 ne
1916 2792 2066 2849 infer

2254 2796 2502 2851 ιάνταῦθα
2555 2805 2646 2851 τοῦ
2704 2801 2830 2852 Καὶν
2881 2801 2976 2856 τὴν
3023 2798 3157 2858 ζωὴν
3213 2799 3399 2862 ζήσεις
3432 2816 3445 2829 ⁸
3497 2803 3699 2873 τρέμων
3754 2805 3849 2854 καὶ

474 2883 732 2956 capiaris
766 2888 1012 2954 petauro
1041 2882 1176 2954 (t5),
1201 2882 1260 2937 in
1281 2897 1424 2955 quo,
1471 2882 1652 2937 etiam
1692 2882 1969 2953 praesenti
2003 2898 2069 2937 tet

2254 2891 2428 2939 ττένων
2471 2890 2587 2961 ἔσῃ,
2621 2892 2710 2940 καὶ
2742 2885 3041 2960 ἀποφεύγων
3070 2891 3350 2962 πρόσωπον
3378 2893 3642 2963 γνώριμον
3668 2907 3680 2920 ο
3706 2891 3754 2942 ἓν
3790 2909 3849 2944 τε

474 2973 638 3030 Caini
669 2973 881 3028 vixeris
902 2974 1080 3028 vitam
1114 2988 1128 3037 ;
1157 2970 1460 3044 fuerisque
1487 2977 1746 3026 tremens
1764 2987 1834 3027 ac
1860 2987 2069 3042 gemen

2253 2983 2306 3046 τῷ
2337 2975 2569 3048 μελλοντι
2607 2976 2778 3042 αἰῶνι,
2822 2972 3303 3048 καταδικαζομενος
3333 2975 3381 3028 ἐν
3433 2985 3496 3050 τῇ
3543 2982 3717 3052 γεέννῃ
3751 2986 3848 3032 τοῦ

471 3077 803 3133 omnesque
835 3066 1006 3115 notos
1020 3059 1252 3129 fugiens
1269 3075 1281 3114 :
1298 3061 1357 3114 in
1371 3058 1568 3115 futuro
1584 3065 1806 3126 autem,
1824 3059 2066 3114 damnet

2247 3069 2416 3138 πυρός.
2447 3069 2511 3118 Τί
2544 3065 2632 3118 οὖν
2685 3065 2806 3117 ἄλλο
2837 3068 3046 3123 ποιήσω
3077 3066 3103 3117 ὀ
3146 3065 3330 3132 τάλας,
3362 3072 3760 3142 περιωρισμιίνος
3789 3069 3842 3118 ἓν

470 3150 530 3206 in
557 3150 831 3220 gebenna
869 3149 1051 3219 ignis.
1100 3148 1249 3213 Quid
1279 3165 1439 3217 vero,
1469 3150 1650 3204 miser
1675 3164 1809 3218 ego,
1839 3148 1972 3204 loco
2007 3164 2065 3203 ur

2242 3151 2308 3206 ἑνὶ
2341 3159 2500 3226 τόπῳ,
2544 3158 2672 3228 πρὸς
2703 3153 2939 3217 ἅπαντας
2990 3157 3112 3217 τούς
3139 3160 3542 3229 προειρημένους
3572 3172 3585 3221 ;
3632 3159 3695 3208 Τί
3725 3154 3837 3207 ἔτε-

471 3239 747 3294 deﬁnitus
777 3239 834 3294 in
862 3254 1072 3294 omnes
1096 3237 1376 3309 praefatos
1402 3253 1580 3307 agam
1600 3236 1629 3291 ?
1647 3237 1824 3306 Quid,
1856 3238 2066 3309 inquan

2245 3260 2342 3305 οον,
2373 3243 2402 3301 ἣ
2435 3246 2493 3294 τό
2524 3246 2714 3295 στένειν
2761 3247 2852 3295 καὶ
2883 3239 3346 3318 διαμαρτύρασθαι
3375 3247 3461 3295 καὶ
3488 3247 3581 3301 τὴν
3611 3241 3840 3315 ἐρχομέ-

470 3328 655 3393 aliud,
680 3344 864 3399 quam
917 3333 980 3382 ut
1020 3327 1242 3395 gemitu
1285 3326 1549 3398 lugeam,
1586 3332 2065 3398 contesterque,t

2248 3350 2324 3388 om
2350 3331 2611 3404 ῥομφαίαν
2663 3331 2988 3404 ἀναγγέλλειν
3023 3348 3037 3398 ;
3069 3337 3158 3384 καὶ
3186 3331 3228 3384 εἰ
3267 3333 3357 3404 μεν
3398 3332 3692 3397 ἁκούσοιεν,
3743 3336 3843 3385 καὶ

469 3423 784 3472 venturum
806 3415 1071 3486 gladium
1091 3417 1443 3470 annuntiem
1461 3415 1488 3469 ?
1512 3417 1576 3469 Et
1603 3415 1652 3468 si
1672 3416 1969 3471 audierint
1995 3431 2064 3486 qu

2250 3419 2594 3494 Ξπιστρέψαιεν
2620 3418 2721 3473 ἀπὸ
2748 3428 2841 3482 τῆς
2867 3421 3259 3492 πεπλανημένης
3277 3421 3443 3472 αὐτῶν
3469 3417 3620 3489 ὀδοῦ,
3653 3423 3845 3492 φερού-

468 3505 629 3571 dem,
660 3505 996 3576 fuerintque
1028 3503 1297 3558 conversi
1323 3519 1359 3558 a
1390 3504 1486 3559 via
1515 3505 1731 3560 erroris
1773 3504 1883 3568 sui,
1909 3510 1966 3557 et
1987 3520 2063 3574 qu

2248 3527 2332 3571 mg
2360 3509 2432 3571 εἰς
2461 3509 2666 3584 ὄλεθρον
2691 3527 2702 3538 ·
2738 3509 2942 3571 ἑαυτοῖς
2970 3512 3177 3562 ἔσονται
3201 3513 3482 3582 σωτήριον,
3513 3512 3676 3582 καὶτῇ
3709 3508 3843 3582 ἕμῳ-

466 3597 541 3649 ad
575 3594 968 3666 perditionem
1012 3594 1193 3660 ducit,
1222 3593 1336 3648 sibi
1376 3594 1517 3664 ipsis
1564 3608 1831 3664 memque
1885 3591 2061 3648 humi

2250 3615 2540 3650 ἀπεινωσει
2575 3615 2592 3630 ο
2642 3599 2688 3650 εἰ
2747 3595 2806 3650 δὲ
2854 3603 2951 3670 μὴ,
3011 3603 3161 3670 μόνοι
3218 3597 3538 3656 ἁντλήσουσι
3583 3601 3647 3651 τὰ
3703 3601 3845 3651 κακὰ

466 3684 589 3747 tati,
621 3684 791 3739 saluti
825 3683 1040 3737 fuerint
1073 3699 1086 3736 :
1117 3683 1206 3737 sin
1239 3689 1459 3746 autem,
1493 3683 1601 3738 soli
1630 3682 1907 3738 haurient
1936 3682 2054 3737 mal

2250 3691 2376 3738 ιόνοε
2409 3689 2759 3761 πορεύσονται
2790 3695 2852 3758 τῇ
2889 3687 3040 3759 φλογὶ
3135 3687 3444 3757 ἐξέκαυσαν,
3505 3691 3632 3740 Μόν
3655 3705 3718 3739 οι
3757 3692 3845 3739 τί-

466 3773 574 3828 soli
590 3773 758 3827 ibunt
773 3773 832 3826 in
850 3772 1258 3842 ignem,quem
1277 3771 1712 3826 succenderunt
1729 3790 1742 3841 ;
1757 3771 2061 3840 solipwna‘

2246 3795 2469 3828 νουσιν
2511 3775 2782 3848 ὄλεθρον
2851 3775 3124 3828 αἰώνιον
3166 3775 3286 3829 ἀπὸ
3335 3782 3686 3849 προσώπου
3725 3784 3841 3829 τοῦ

465 3863 646 3926 luent,
690 3866 972 3917 aeternum
1004 3861 1307 3915 interitum
1339 3876 1373 3916 a
1406 3860 1568 3930 facie
1600 3860 1723 3928 Dei,
1766 3867 1817 3916 et
1851 3875 1888 3916 a
1915 3861 2060 3929 glori

2244 3873 2410 3934 θεοῦ,
2451 3871 2564 3917 καὶ
2607 3864 2728 3918 ἀπὸ
2770 3872 2879 3926 τῆς
2919 3862 3130 3928 δόξης
3170 3873 3282 3926 τῆς
3323 3867 3560 3938 ἰσχύος
3603 3865 3839 3935 αὐτοῦ,

462 3951 697 4007 virtutis
717 3953 865 4020 ejus,
894 3965 1026 4006 cum
1050 3951 1274 4006 venerit
1290 3949 1625 4020 gloriﬁcari
1642 3950 1702 4005 in
1722 3950 1948 4006 sanctis
1970 3950 2057 4004 sui

2248 3956 2378 4007 ἱταν
2444 3954 2593 4027 ἔλθῃ
2677 3951 3181 4017 ἐνδοξασθῆναι
3243 3956 3301 4007 ἓν
3376 3961 3516 4017 τοῖς
3608 3952 3843 4027 ἁγίοις

461 4046 512 4096 el
545 4040 917 4096 admirabilis
936 4039 1070 4107 ﬁeri
1097 4039 1159 4094 in
1187 4034 1458 4094 omnibus
1473 4042 1540 4105 ”,
1564 4041 1666 4110 qui
1694 4054 1765 4094 ex
1801 4037 2056 4093 mandati

2244 4043 2440 4108 ιύτοῦ,
2509 4047 2616 4096 καὶ
2677 4045 3146 4115 θαυμασθῆναι
3206 4045 3264 4095 ἓν
3328 4049 3498 4096 πᾶσι
3537 4049 3644 4104 τοῖς
3697 4046 3839 4097 κατὰ

458 4145 590 4184 rum
626 4130 810 4200 ipsius
833 4130 1178 4200 praescripto
1209 4127 1460 4183 ﬁdeliter
1490 4128 1928 4185 ambulaverint
1955 4146 1968 4184 :
1998 4125 2053 4180 ill

2233 4135 2316 4196 τὰς
2360 4131 2558 4194 ἐντολὰς
2612 4132 2774 4185 αὐτοῦ
2837 4140 3039 4194 πιστῶς
3089 4133 3418 4206 πορευθεῖσιν
3449 4149 3463 4163 ο
3514 4132 3694 4194 αὐτοῖς
3732 4135 3828 4205 μὶιν

457 4219 702 4290 quidem
746 4219 1070 4274 retribuens
1106 4217 1406 4286 condigna
1437 4218 1719 4288 praemia;
1751 4221 2052 4279 adversari

2243 4218 2513 4282 ιποδιδοὺς
2536 4224 2605 4274 τὰ
2633 4221 2759 4284 ἄξια
2796 4226 2925 4295 γέρα
2956 4239 2969 4251 ’
3012 4228 3122 4281 τοῖς
3150 4217 3208 4274 δι
3257 4221 3529 4290 ἐναντίοις,
3557 4223 3650 4284 τὰς
3677 4222 3772 4280 ἠτο
3787 4241 3838 4274 ιο

458 4313 678 4375 autem,
704 4315 914 4378 parata
937 4315 1156 4362 aeterna
1183 4306 1502 4378 supplicia.
1523 4309 1633 4362 Vos
1649 4315 1872 4379 autem,
1899 4311 2053 4369 fratri

2231 4315 2489 4383 ιιασμίνας
2547 4311 2724 4372 αύτοῖς
2785 4309 3157 4371 ἀτελευτήτους
3213 4309 3474 4371 κολάσεις.
3522 4309 3690 4383 Ὑμεῖς
3745 4305 3826 4375 δε,

457 4399 596 4463 mei,
639 4397 793 4452 bene
822 4413 1027 4469 quaeso
1057 4395 1523 4462 ambulaveritis,
1568 4403 1628 4452 ut
1665 4399 2024 4467 diﬂ‘amalus

2237 4399 2432 4474 ιδελφοί
2475 4421 2598 4473 μου,
2643 4396 2698 4453 εὖ
2750 4401 3082 4473 πορεύοισθε,
3139 4398 3447 4476 παρακαλῶ,
3500 4402 3571 4462 ὡς
3630 4398 3690 4451 ἄν
3731 4398 3832 4472 ἀφ’

526 4541 569 4574 ¹⁷
599 4540 1044 4605 Psal.cxxxv1n,
1072 4544 1124 4595 7.
1205 4540 1249 4575 ³⁸
1273 4539 1318 4594 II
1341 4542 1471 4596 Cor.
1491 4556 1550 4606 ιι,
1581 4544 1633 4595 2.
1713 4542 1760 4578 ¹⁹
1785 4542 1881 4600 Isa
1905 4560 2058 4613 vai,
2087 4549 2121 4602 4

2224 4547 2268 4582 ιο
2293 4544 2466 4601 Hebr.
2491 4559 2614 4612 xm,
2643 4546 2697 4600 4.
2779 4543 2822 4580 ²¹
2851 4543 2872 4598 Ι
2904 4543 3035 4600 Cor.
3069 4558 3148 4608 ui,
3179 4543 3267 4598 Π.
3345 4544 3392 4578 ³³
3418 4543 3461 4598 Il
3485 4541 3655 4599 Thes.
3677 4541 3819 4613 1,10».

2024 4669 2249 4728 ΝΟΤᾸΞ.

521 4792 637 4864 (tt)
680 4792 940 4864 Excepto
982 4793 1183 4864 raptu,
1226 4790 1402 4847 etiam
1437 4790 1655 4848 divinae
1699 4793 2098 4862 afﬁrmationi
2209 4794 2344 4864 lega
2373 4792 2521 4849 inire
2555 4791 2864 4863 conjugis,
2915 4797 2980 4849 ut
3010 4791 3188 4849 docto
3233 4797 3520 4864 συμμυπῇ
3569 4791 3700 4862 ejus
3735 4790 3829 4848 in-

442 4862 625 4934 ρεαδς
646 4863 892 4929 aptavit.
925 4866 1054 4938 πρὸς
1092 4862 1221 4938 αύτῇ
1266 4870 1326 4934 τῇ
1365 4864 1597 4938 ἁρπαγῇ,
1631 4870 1720 4916 καὶ
1749 4873 1810 4938 τῇ
1851 4865 2037 4924 aenea

1132 4862 1221 4938 ύτῇ
1266 4870 1326 4934 τῇ
1365 4864 1597 4938 ἁρπαγῇ,
1631 4870 1720 4916 καὶ
1749 4873 1810 4938 τῇ
1851 4865 2094 4924 ἀθετήσει
2209 4862 2448 4938 terpreti
2474 4862 2727 4938 videtur.

446 4931 538 5009 τοῦ
571 4943 702 4989 Θεοῦ
745 4939 870 5009 τοὺς,
893 4931 1059 4994 πόδας
1098 4931 1662 5009 εὐτρέπισεξ-νὶάὲων
1695 4931 1942 4992 innuere
1989 4954 2041 4993 ni

2229 5007 2235 5009 ἒ
2278 4931 3314 5009 (l5).Neinfernicapiarispetauro.
3341 4933 3514 4988 Plura
3529 4931 3824 5009 Stephani.

445 5007 662 5064 fandas
707 5007 970 5076 nuptias,
1015 5005 1365 5077 quas‘velut
1403 5006 1461 5080 in
1517 5008 1609 5061 Dei
1658 5014 2086 5080 contemptum,
2203 5005 2399 5064 de'illa
2430 5009 2654 5080 voce‘in
2673 5005 3158 5080 appendice.7Hic
3182 5005 3418 5060 videtur
3438 5010 3644 5060 auctor
3666 5007 3825 5061 acci-

445 5086 656 5150 apOsta
685 5095 866 5150 quem
910 5084 1094 5141 notat,
1127 5078 1482 5133 contraxerit
1515 5095 1527 5132 :
1561 5078 1769 5150 quales
1798 5077 1917 5134 fere
1953 5095 2090 5135 con-
2200 5095 2342 5151 pere
2369 5077 2853 5152 protali‘genere
2884 5077 3109 5152 laquei,
3137 5092 3262 5152 quo
3284 5091 3394 5131 ceu
3443 5091 3819 5152 carcereca-

443 5146 750 5206 traxerunt
794 5155 1077 5223 apostatae
1123 5152 1324 5223 nostri,
1367 5164 1524 5205 novo
1572 5146 1700 5205 orto
1747 5152 2085 5220 Evangelio,
2200 5146 2920 5223 ptum'animalteneatur
2949 5146 3081 5223 z'sic
3111 5146 3271 5223 enim
3295 5146 3558 5223 quadrat
3586 5147 3817 5223 optime

441 5223 691 5276 Luthero
716 5219 1076 5290 praedicante
1104 5237 1117 5275 :
1153 5221 1317 5294 quod
1347 5227 1700 5286 monstrum,
1731 5219 2084 5294 quanquam
2198 5219 2536 5294 exemplum
2552 5221 2832 5294 Caini,ab
2846 5220 3133 5294 omnibus
3164 5219 3428 5294 timentis
3456 5224 3513 5294 et
3527 5220 3686 5290 vagi.
3706 5219 3815 5275 Vel

442 5294 538 5366 alii
572 5308 910 5346 assuescere
946 5297 1151 5346 coacta
1177 5290 1363 5366 Callia
1402 5297 1624 5356 nostra,
1659 5290 1818 5366 haud
1860 5290 1942 5366 ita
1971 5295 2088 5366 pri-
2197 5290 2484 5358 etiam—76,
2519 5293 2603 5366 ὑφ’
2636 5293 2726 5366 οὗ.
2763 5295 2973 5366 Fuerit,
3011 5291 3173 5366 velut
3201 5306 3326 5366 quo
3351 5290 3709 5366 destinente,
3734 5305 3817 5366 eo

440 5365 599 5438 dem,
634 5366 908 5418 severiori
944 5366 1244 5438 sanctione
1269 5365 1495 5438 inearn
1523 5379 1648 5417 rem
1673 5360 2084 5438 edita,_depel-
2196 5367 2380 5422 modo
2409 5381 2530 5438 quo
2551 5360 2699 5429 avis,
2733 5364 2883 5435 pede
2903 5364 3120 5438 autala
3141 5360 3438 5438 detinetur
3461 5360 3705 5438 laqueo,
3727 5361 3818 5438 fu.-

437 5435 556 5491 lere
575 5442 784 5490 conata
811 5445 913 5509 est.
942 5437 1275 5509 Potestipse
1302 5435 1643 5509 Theodorus
1663 5436 1897 5509 consuli
1917 5432 2080 5508 apud
2193 5432 2455 5509 gitatqué
2475 5452 2544 5492 ac
2567 5432 2751 5509 pavet
2765 5437 2991 5491 omnia.
3013 5432 3646 5509 Eam_amplitudinem
3665 5434 3815 5509 satis

442 5510 780 5572 Baronium,
809 5508 904 5560 ubi
929 5503 1214 5560 nonnulla
1235 5506 1307 5558 de
1339 5505 1500 5578 falsis
1523 5506 1634 5560 illis
1656 5503 2082 5562 fratribustst
2191 5503 2376 5564 refert
2396 5503 2686 5571 nostrum,
2718 5506 2780 5562 in
2811 5523 2947 5578 quo,
2977 5512 3092 5561 etc.
3127 5503 3316 5560 Utitur
3341 5519 3413 5578 ea
3443 5519 3590 5559 voce
3621 5504 3811 5578 Andr.

438 5579 598 5651 apud
622 5579 1039 5651 Theophanem
1065 5578 1137 5631 de
1163 5577 1495 5651 monachis,
1518 5593 1670 5649 quos
1687 5579 1956 5651 nonnulli
1975 5581 2033 5634 in

2210 5580 2340 5637 iret.
2374 5582 2652 5635 Encomio
2682 5577 2754 5640 εἰς
2778 5572 2874 5637 τῆν
2899 5578 3172 5651 αποτομὴν
3206 5583 3310 5651 Δςιόῦ
3353 5574 3510 5651 ἁγίου
3530 5647 3537 5651 _
3559 5572 3805 5651 Προδρόι-

437 5646 737 5725 peratores
777 5646 1151 5704 iconoclastaa
1181 5649 1477 5718 cogebant
1504 5646 1800 5706 coronari.
1833 5667 1869 5704 ι.
1901 5666 2032 5707 sacr

2216 5670 2310 5716 ιου,
2334 5651 2595 5708 necdum
2613 5651 2824 5708 Griece
2843 5646 3173 5723 θάἱιονίυνη
3187 5648 3366 5724 ἄφρων
3391 5646 3487 5700 οὐκ
3518 5646 3811 5703 ἐπίσταται
