4038 6312
480 367 620 424 1843

1476 369 1853 426 APPENDIX.
1897 402 1962 412 —
2003 367 2397 425 NAUCRATII
2440 368 2832 426 ENCYCLICA

3694 369 3841 424 1844

479 490 638 544 velut
679 489 781 561 qui
839 490 932 545 Dei
983 495 1038 544 et
1064 496 1408 546 sanctorum
1445 496 1601 546 esset
1649 508 1886 560 amans,
1919 492 2126 548 iterum

2241 499 2364 562 ρῶν,
2398 493 2446 544 ἓν
2569 494 2843 564 ἐφέστηκεν
2885 496 2916 552 ἡ
2972 498 3150 566 μνήμη
3210 499 3302 546 τοῦ
3375 490 3602 563 μεγάλου
3661 493 3848 564 ὁμολο-

479 578 737 650 implens
759 579 1155 650 apostolicum
1191 580 1429 646 scitum,
1461 597 1584 636 rem
1622 597 1856 637 sacram
1882 581 2128 654 peragit,

486 668 544 722 in
574 668 759 722 sancti
795 668 1130 739 defungens
1180 670 1536 725 memoriam
1573 671 1705 742 (19).
1749 671 1880 726 Jam
1933 676 2130 726 autem

479 757 635 812 facto
664 773 926 830 vespere,
960 775 1096 813 cum
1146 775 1256 830 pro
1288 775 1452 814 more
1481 776 1682 815 secum
1729 761 2130 826 considentes,

484 846 685 901 multis
717 847 1005 902 allocutus
1036 853 1210 913 esset,
1251 848 1557 920 multaque
1588 850 1857 917 dixisset,
1890 850 2026 904 inde
2047 851 2131 903 in-

481 951 715 1006 gressus
738 937 796 991 in
813 935 1110 1002 cellulam,
1126 944 1532 1009 consuetaque
1553 939 1925 1008 psalmorum
1945 953 2132 1010 penso

480 1041 550 1079 ac
577 1024 854 1096 precibus
895 1024 1203 1089 absolutis,
1241 1042 1302 1080 se
1337 1027 1393 1080 in
1426 1026 1709 1082 lectulum
1751 1027 1930 1082 dedit.
1965 1027 2130 1083 Circa

478 1117 676 1169 autem
704 1114 915 1168 horam
932 1119 1230 1185 quartam,
1249 1115 1650 1170 subiitsolitus
1675 1133 1744 1170 ex
1778 1116 2131 1185 aegritudine

479 1203 669 1268 dolor,
687 1207 1021 1276 vocatoque
1038 1220 1157 1260 uno
1186 1205 1435 1260 fratrum
1452 1205 1877 1260 excubantium
1911 1207 1986 1260 ad
2015 1205 2132 1261 cel-

472 1293 617 1358 lam,
635 1308 814 1347 suum
833 1292 885 1347 ei
901 1293 1190 1357 dolorem,
1211 1294 1530 1364 statimque
1555 1294 1800 1349 fratrum
1819 1310 2131 1350 accurren-

478 1383 623 1437 tium
656 1397 913 1447 coronaa,
948 1381 1276 1437 denuntiat.
1312 1385 1458 1438 Cum
1491 1399 1668 1453 porro
1699 1384 1862 1439 haud
1900 1385 1981 1439 ita
2008 1401 2130 1440 mo-

476 1471 618 1527 leste
649 1487 778 1526 eam
796 1471 956 1526 diem
983 1471 1217 1538 egisset,
1242 1471 1525 1543 postridie
1547 1474 1768 1527 accitos
1799 1488 2006 1528 omnes
2026 1474 2128 1545 qui

479 1560 776 1624 adessent,
815 1561 1109 1630 supremis
1135 1561 1534 1626 sermonibus,
1559 1577 1665 1616 ceu
1694 1563 1818 1632 jam
1843 1564 2129 1630 migratu-

478 1666 600 1713 rus,
634 1649 881 1704 eosdem
915 1648 1132 1704 affatus
1165 1654 1274 1705 est.
1327 1649 1553 1714 Quibus
1586 1650 1697 1704 illis
1730 1650 1757 1704 εἰ
1785 1650 1858 1704 Iis
1904 1652 2127 1722 utique,

480 1754 635 1808 quos
653 1737 918 1810 quotidie
945 1753 1063 1792 non
1096 1738 1372 1792 cessabat
1393 1737 1579 1809 loqui,
1607 1739 1829 1810 diuque
1851 1755 1921 1794 ac
1951 1745 2129 1794 noctu

2238 587 2402 651 γητοῦ
2437 581 2640 634 Παύλου
2675 599 2687 611 ·
2743 586 2814 643 ὡς
2872 583 3122 653 φιλόθεος,
3180 586 3270 634 καὶ
3324 581 3562 653 φιλάγιος
3611 583 3670 632 τὸ
3715 580 3846 634 ἀπο-

2243 669 2480 721 στολικόν
2532 671 2759 745 πληρῶν,
2797 677 2888 724 καὶ
2927 669 3093 732 αὖθις.
3126 671 3316 723 ἓκτελεῖ
3360 674 3455 728 τήν
3497 672 3638 722 θείαν
3668 689 3844 742 μυστ-

2241 763 2492 829 αγωγίαν,
2565 768 2627 832 τῇ
2686 768 2779 813 τοῦ
2827 760 2981 832 ἁγίου
3047 765 3226 833 μνήμη
3280 758 3671 832 ἀφοσιούμενος.
3739 765 3846 813 Καὶ

2241 846 2462 921 ἑσπέρας
2502 844 2609 906 ἤδη
2656 849 3079 915 καταλαϐούσης,
3135 849 3356 900 πλεῖστα
3410 852 3501 899 καί
3552 847 3843 919 ὁμιλήσας,

2239 941 2328 987 καὶ
2395 938 2877 1010 προσφθεγξάμενος
2945 946 3051 1000 τοῖς
3112 938 3585 1011 συγκαθεζομένοις
3671 938 3843 1010 αὐτῷ,

2239 1027 2459 1078 κατὰτὸ
2513 1026 2711 1092 εἰωθός,
2753 1027 2984 1081 κάκεῖθεν
3045 1027 3128 1080 ἐπὶ
3181 1032 3239 1080 τό
3273 1027 3468 1080 κελλίον
3517 1027 3680 1080 αὐτοῦ
3735 1028 3844 1081 εἰσ-

2240 1113 2413 1180 ελθὼν,
2461 1120 2545 1166 καὶ
2590 1121 2683 1173 τήν
2742 1119 2942 1174 συνήθη
3005 1113 3321 1189 ψαλμῳδίαν
3377 1121 3466 1168 καὶ
3523 1118 3618 1178 τὰς
3673 1116 3838 1188 εὐχὰς

2240 1201 2584 1268 ἐκτετελεκὼς,
2659 1203 2898 1257 ἀνέπεσεν
2952 1207 3034 1257 ἐπὶ
3091 1212 3183 1257 τοῦ
3241 1201 3520 1258 κλινιδίου.
3578 1209 3678 1258 Καὶ
3722 1210 3841 1279 περὶ

2239 1291 2373 1363 ὥραν
2417 1293 2685 1364 τετάρτην,
2734 1293 3041 1352 ὑπεισῆλθεν
3099 1293 3241 1364 αύτῷ
3306 1295 3330 1345 ὁ
3375 1297 3510 1346 κατά
3561 1295 3842 1351 συνήθειαν

2242 1382 2392 1439 πόνος
2429 1386 2556 1432 ’καὶ
2605 1377 2673 1438 δή
2730 1387 2973 1453 φωνήσας
3024 1385 3141 1433 τινὰ
3193 1390 3293 1434 τῶν
3351 1384 3452 1455 πρό
3505 1389 3600 1442 τῆς
3656 1382 3844 1445 κέλλης

2240 1467 2398 1520 αὐτοῦ
2461 1466 2820 1522 καθευδόντων
2884 1467 3134 1542 ἀδελφῶν,
3201 1470 3513 1542 ἀπαγγέλλει
3579 1469 3719 1540 αὐτῷ
3777 1473 3840 1522 τὸ

2239 1555 2472 1629 ἄλγημα,
2524 1564 2613 1611 καὶ
2665 1567 2725 1630 τῇ
2783 1559 2913 1632 αὐτῇ
2979 1557 3250 1634 συνδρομῇ
3299 1569 3397 1612 τῶν
3438 1557 3689 1632 ἀδελφῶν.
3736 1563 3840 1612 Καὶ

2240 1641 2589 1719 διημερεύσας
2676 1654 3043 1722 μετριοπόνως,
3111 1657 3174 1721 τῇ
3275 1647 3394 1710 ἑξῆς
3467 1647 3841 1721 προσκαλεῖται

2237 1739 2357 1795 τοὺς
2387 1740 2646 1807 παρόντας
2697 1736 2926 1797 ἅπαντας
2991 1743 3076 1790 καὶ
3129 1741 3243 1798 τοὺς
3293 1736 3575 1811 ἐξιτηρίους
3611 1744 3840 1789 ποιεῖται

477 1827 538 1881 in
571 1826 921 1882 memoriam
953 1826 1275 1881 revocabat
1311 1843 1323 1891 ;
1356 1825 1435 1881 ita
1467 1842 1602 1882 cum
1635 1828 1842 1898 primis
1875 1828 2078 1882 dicens
2113 1843 2124 1882 :

2238 1822 2438 1893 λόγους.
2465 1829 2606 1886 Τίνες
2668 1821 2726 1877 δὲ
2775 1826 2917 1878 οὗτοι
2951 1846 2964 1893 ;
3015 1826 3104 1887 ούς
3145 1826 3388 1879 ἑκάστοτε
3437 1826 3496 1878 ού
3528 1823 3726 1878 διέλιπε
3751 1830 3838 1877 καὶ

479 1934 508 1966 (ι
540 1914 768 1970 Fratres
795 1920 1117 1986 patresque
1153 1936 1165 1968 :
1198 1915 1481 1970 Poculum
1515 1915 1628 1970 hoc
1659 1931 1982 1971 commune
2014 1921 2124 1980 est,

478 2003 641 2074 quod
673 2002 950 2058 biberunt
980 2018 1190 2058 omnes
1214 2008 1410 2075 patres
1442 2005 1647 2058 nostri.
1682 2005 1883 2075 Ipsum
1907 2020 2017 2075 ego
2039 2003 2130 2059 bi-

479 2092 711 2147 biturus
739 2107 892 2158 sum,
927 2090 1202 2163 vadoque
1234 2091 1310 2147 ad
1360 2097 1556 2163 patres
1603 2107 1786 2148 meos.
1823 2093 2019 2147 Videte
2049 2097 2130 2147 te-

481 2185 847 2236 stamentum
864 2181 1028 2252 quod
1043 2180 1467 2236 condidivobis
1486 2197 1499 2247 ;
1517 2179 1713 2236 Fidem
1736 2188 1995 2237 vestram
2013 2197 2128 2237 ser-

479 2270 612 2325 vate
646 2270 1088 2334 inconcussam,
1123 2274 1179 2326 et
1231 2270 1409 2325 vitam
1459 2269 1932 2326 immaculatam.
1981 2270 2128 2326 Nihil

479 2358 640 2413 enim
675 2358 826 2413 ultra
852 2358 1048 2414 habeo
1074 2358 1290 2423 dicere,
1320 2357 1483 2430 quod
1511 2358 1639 2428 jam
1658 2357 1799 2413 olim
1832 2358 2128 2431 quidquid

477 2462 674 2519 operae
704 2448 960 2521 pretium
985 2453 1127 2516 erat,
1159 2449 1637 2504 annuntiaverim
1679 2443 1869 2514 vobis,
1901 2464 2128 2522 vosque

477 2538 686 2594 omnia
715 2538 1167 2610 prmdocuerim.
1206 2558 1230 2590 υ

551 2717 837 2769 Praeterea
868 2714 1024 2768 istud
1068 2713 1306 2784 adjecit,
1340 2729 1474 2769 vere
1503 2714 1658 2769 ﬁlius
1685 2714 1849 2785 pacis
1891 2720 1945 2770 et
1986 2716 2128 2771 dile-

480 2803 720 2860 ctionis:
747 2822 774 2853 «
797 2801 1045 2857 Domino
1063 2807 1268 2857 nostro
1288 2803 1592 2873 episcopo,
1613 2803 1864 2859 salutem
1883 2809 1938 2859 et
1954 2820 2124 2859 oscu-

477 2892 600 2947 lum
630 2907 769 2945 cum
797 2891 1124 2946 reverentia
1152 2898 1207 2945 et
1233 2890 1482 2960 honore,
1521 2908 1558 2947 a
1590 2907 1683 2946 me
1717 2893 2120 2963 impertimini.

477 2980 737 3052 Reliquis
770 2980 908 3034 item
944 2980 1233 3045 Patribus,
1269 2980 1692 3052 episcopisque
1723 2989 1778 3036 et
1810 2982 2128 3036 sacerdoti.

478 3069 588 3124 bus
604 3068 839 3140 Christi;
857 3067 1296 3124 confessoribus
1311 3073 1539 3141 propter
1554 3069 1849 3125 Dominum
1865 3087 2126 3142 persecu-

2237 1912 2422 1979 λαλεῖν,
2514 1919 2603 1966 καὶ
2687 1916 3104 1988 ὑπομιμνήσκειν
3178 1919 3378 1988 νύκτωρ
3442 1935 3496 1968 τε
3565 1919 3654 1967 καὶ
3720 1915 3836 1986 μεθ’

2236 2003 2431 2074 ἡμέραν
2465 2017 2478 2030 ·
2540 2009 2690 2056 τοῦτο
2733 2000 2791 2056 δὲ
2853 2005 2966 2057 κατ’
3020 2003 3277 2076 ἐξαίρετον
3319 2019 3333 2032 ·
3393 2027 3420 2054 ιι
3455 2001 3696 2076 Ἀδελφοὶ
3746 2008 3839 2056 καὶ

2239 2095 2500 2164 Πατέρες·
2563 2096 2620 2144 τὸ
2684 2097 2934 2166 ποτήριον
2983 2101 3135 2146 τοῦτο
3184 2098 3352 2146 κοινόν
3416 2096 3577 2158 ἐστιν,
3628 2094 3655 2145 ὅ
3693 2095 3838 2144 ἔπιον

2235 2183 2422 2240 πάντες
2448 2182 2495 2232 οἱ
2526 2185 2740 2253 πατέρες
2779 2184 2946 2254 ἡμῶν.
2996 2187 3065 2235 Τό
3117 2183 3242 2235 αύτό
3301 2187 3503 2254 πίνοιμι
3546 2180 3714 2254 κάγὼ,
3747 2185 3838 2233 καὶ

2236 2271 2524 2342 πορεύομαι
2579 2274 2707 2344 πρὸς
2762 2275 2885 2332 τοὺς
2960 2275 3187 2346 πατέρας
3268 2291 3392 2343 μου.
3460 2270 3673 2326 Βλέπετε
3739 2274 3834 2328 τὴν

2235 2360 2546 2432 παραθήκην
2609 2361 2671 2418 ἣν
2729 2363 3020 2435 παρεθέμην
3071 2362 3192 2433 ὑμῖν
3226 2380 3238 2393 ·

2237 2447 2491 2519 φυλάξατε
2521 2447 2827 2517 ἀσάλευτον,
2875 2455 2964 2502 καὶ
3013 2453 3098 2502 τόν
3150 2449 3266 2522 βίον
3299 2445 3643 2508 ἀκηλίδωτον.
3679 2447 3839 2500 Πλέον

2234 2538 2334 2611 γάρ
2367 2557 2417 2589 τι
2445 2536 2608 2608 λέγειν
2649 2537 2743 2589 οὐκ
2791 2541 2919 2610 ἔχω,
2982 2535 3075 2590 διὰ
3106 2542 3162 2590 τὸ
3213 2541 3383 2591 πάντα
3437 2540 3504 2590 τὰ
3550 2536 3836 2609 ὀφείλοντα,

3303 2365 3396 2418 τήν
3458 2364 3636 2412 πίστιν
3691 2359 3838 2430 ὑμῶν

2235 2629 2321 2676 καὶ
2349 2626 2756 2698 προαναγγεῖλαι
2785 2628 2925 2699 ύμῖν,
2959 2630 3044 2678 καὶ
3076 2623 3402 2698 προδιδάξαι
3433 2648 3483 2681 n.

2308 2718 2565 2788 Προσθεὶς
2601 2720 2887 2780 καὶτοῦτο,
2939 2717 2965 2766 ό
3022 2722 3117 2775 τῆς
3171 2715 3381 2788 εἰρήνης
3409 2714 3564 2774 ὄντως
3601 2718 3692 2766 καὶ
3741 2732 3840 2775 της

2236 2801 2439 2874 ἀγάπης
2495 2807 2600 2864 υἱός
2629 2823 2639 2833 ·
2697 2826 2725 2854 ιι
2756 2811 2838 2874 Τῷ
2898 2800 3127 2876 δεσπότῃ
3169 2806 3316 2875 ἡμῶν
3363 2812 3434 2874 τῷ
3465 2802 3708 2877 ἀρχιερεῖ
3747 2805 3839 2855 τὸν

2236 2890 2310 2945 δι’
2339 2891 2520 2954 αἰδοῦς
2544 2899 2630 2946 καὶ
2656 2903 2810 2965 τιμῆς
2857 2894 3136 2966 ἀσπασμόν
3183 2893 3235 2956 ἐξ
3291 2895 3416 2966 ἐμοῦ
3468 2891 3782 2964 ἀπονείματε
3812 2907 3829 2922 ⁸

2236 2988 2339 3042 τοῖς
2376 2983 2574 3044 λοιποῖς
2602 2984 2891 3054 Πατράσιν,
2945 2984 3222 3054 ἰεράρχαις
3275 3001 3331 3034 τε
3378 2986 3468 3033 καὶ
3501 2983 3694 3054 ἱερεῦσι
3722 2986 3835 3041 τοῖς

2238 3072 2483 3142 Χριστοῦ,
2517 3071 2860 3143 ὀμολογηταίς
2901 3077 3010 3132 τοῖς
3068 3067 3161 3122 διὰ
3215 3073 3404 3144 Κύριον
3436 3066 3824 3139 δεδιωγμένοις,

475 3159 694 3213 tionem
713 3157 1458 3213 sustinentibuszfratribus
1476 3159 2125 3232 universis,amicisque

2238 3159 2403 3212 ἅπασι
2457 3169 2567 3221 τοῖς
2625 3157 2883 3232 ἀδελφοῖς,
2919 3160 3080 3232 φίλοις
3128 3179 3180 3211 τε
3231 3164 3319 3211 καὶ
3382 3162 3673 3230 γνωρίμοις,
3732 3161 3827 3207 καὶ

471 3255 526 3301 et
547 3249 721 3313 notis,
740 3263 808 3303 ac
835 3248 925 3314 iis,
945 3248 1045 3318 qui
1069 3247 1388 3303 nobiscum
1402 3247 1850 3303 collaborarunt
1871 3250 1928 3304 in
1942 3256 2126 3306 certa-

472 3337 632 3392 mine
664 3337 821 3402 ﬁdei,
858 3343 979 3392 tum
1010 3336 1234 3405 parvis,
1272 3341 1398 3392 tum
1431 3338 1687 3405 magnis.
1733 3359 1752 3387 ι
1789 3339 2122 3402 Enimvero,

473 3425 720 3480 beatum
741 3425 905 3480 illum
923 3441 992 3480 ac
1013 3424 1348 3479 studiosum
1371 3425 1644 3480 animum
1667 3426 1680 3479 t
1711 3434 1770 3480 ut
1792 3442 1986 3499 neque
2013 3429 2124 3482 sub

476 3530 609 3570 eam
639 3515 874 3578 horam,
891 3513 1051 3568 aliud
1069 3514 1215 3584 quid
1230 3518 1331 3570 aut
1355 3514 1754 3579 meditaretur,
1775 3521 2122 3572 autconten-

474 3603 659 3668 deret,
687 3619 874 3674 quam
905 3608 967 3657 ut
994 3602 1188 3657 solum
1212 3603 1470 3673 placeret
1495 3605 1632 3667 Deo,
1671 3607 1975 3676 Deumque
2003 3605 2126 3673 glo-

473 3691 746 3746 riﬁcaret.
766 3691 1046 3762 Denique,
1066 3697 1450 3762 precontante
1467 3708 1600 3747 mea
1613 3692 1964 3761 humilitate,
1979 3694 2125 3764 quid

475 3780 548 3835 de
578 3779 688 3834 illis
713 3779 965 3850 juberet,
1004 3781 1093 3835 vel
1137 3779 1440 3844 fratribus,
1477 3781 1566 3835 vel
1595 3781 1760 3836 laicis
1789 3783 1894 3852 qui
1937 3783 2124 3852 poenis

473 3869 717 3924 obnoxii
757 3874 952 3924 essent
995 3884 1065 3923 ac
1105 3869 1531 3939 paenitentibus
1587 3870 1703 3941 (20)
1739 3887 1751 3925 :
1803 3869 2125 3943 Respondit

478 3973 610 4012 vere
651 3957 1020 4028 compatiens
1052 3957 1320 4012 medicus
1361 3963 1417 4014 et
1455 3958 1664 4013 Christi
1691 3959 1954 4016 imitator
1986 3978 1998 4016 :
2033 3962 2125 4016 In-

475 4047 735 4116 dulgebit
762 4046 1043 4102 Dominus
1055 4047 1347 4103 universis
1363 4049 1438 4114 '7;
1467 4046 1597 4118 subj
1610 4063 1838 4117 ungens
1851 4050 1928 4104 ad
1943 4050 2124 4105 ﬁdem

475 4135 882 4201 astruendam,
924 4151 1062 4190 vere
1105 4135 1154 4189 is
1196 4135 1312 4191 ﬁde
1357 4135 1597 4205 dignus,
1645 4138 1824 4193 etiam
1855 4138 2124 4194 divinam

475 4240 580 4294 per
611 4226 851 4295 Moysen
897 4223 1025 4294 ejus
1063 4223 1383 4288 famulum,
1419 4224 1855 4281 ordinationem
1893 4243 1905 4280 :
1942 4244 2126 4300 seque

476 4314 675 4383 ipsum
705 4312 873 4367 tertio
904 4313 1293 4383 consignans,
1333 4313 1694 4385 adprecatus
1725 4321 1840 4381 est,
1873 4315 2078 4372 dicens
2109 4333 2122 4371 :

549 4439 593 4471 ³⁷
628 4437 744 4493 Isa.
773 4452 931 4503 xxvr,
962 4437 1055 4493 15.

2234 3256 2344 3311 τοῖς
2391 3248 2439 3300 ἐν
2472 3259 2540 3320 τῷ
2579 3250 2706 3324 ὑπὲρ
2748 3257 2842 3311 τῆς
2900 3254 3121 3309 πίστεως
3169 3247 3326 3319 ἀγῶνι
3385 3249 3831 3317 συγκεκοπιακόσι

2234 3340 2377 3410 ἡμῖν⁹
2421 3345 2631 3410 μικροῖς
2661 3357 2712 3388 τε
2751 3344 2838 3390 καὶ
2899 3337 3164 3409 μεγάλοις.
3196 3359 3220 3385 ››
3275 3335 3409 3390 Ἀλλ’
3455 3331 3566 3405 εὖγε
3595 3342 3692 3393 τῆς
3721 3352 3833 3404 μοι-

2234 3431 2419 3501 καρίας
2449 3426 2647 3486 ἐκείνης
2698 3431 2788 3478 καὶ
2847 3425 3120 3498 φιλαρέτου
3161 3425 3364 3497 ψυχῆς,
3422 3427 3534 3483 ἣτις
3587 3419 3713 3474 οὐδὲ
3755 3420 3833 3474 ἐπ’

2235 3516 2396 3577 αὐτῆς
2436 3523 2526 3574 τῆς
2580 3517 2719 3587 ὧρας
2774 3516 2941 3588 ἕτερόν
2999 3535 3050 3566 τι
3109 3515 3137 3574 ἠ
3195 3514 3424 3582 ἐμελέτα,
3459 3511 3489 3570 ἢ
3522 3510 3830 3583 ἠγωνίζετο,

2234 3606 2446 3675 ἢμόνον
2493 3612 2564 3673 τῷ
2623 3611 2736 3674 Θεῷ
2769 3602 2973 3678 ἀρέσαι,
3034 3609 3124 3655 καὶ
3174 3606 3297 3656 Θεὸν
3351 3598 3598 3665 δοξάσαι.
3628 3599 3834 3671 Ἀμέλει

2234 3692 2504 3766 ἐρωτηθεὶς
2569 3694 2714 3766 παρὰ
2794 3700 2886 3754 τῆς
2956 3698 3310 3752 ταπεινώσεως
3369 3693 3517 3763 ήμῶν
3560 3693 3678 3764 περὶ
3733 3696 3834 3740 τῶν

2234 3781 2282 3834 ἐν
2318 3784 2603 3852 ἐπιτιμίοις
2633 3785 2784 3832 ὅντων
2816 3778 3068 3853 ἀδελφῶν,
3125 3785 3156 3840 ἦ
3210 3785 3298 3833 καὶ
3353 3780 3524 3844 ξένων,
3579 3797 3628 3830 τι
3669 3778 3730 3829 ἄν
3757 3795 3836 3830 κε-

2233 3871 2369 3924 λεύοι
2401 3887 2418 3903 ⁶
2459 3869 2712 3940 ἀπεκρίθη
2763 3871 2788 3921 ὁ
2842 3874 2994 3930 ὅντως
3026 3870 3435 3942 φιλοσυμπαθής
3485 3873 3575 3920 καὶ
3608 3875 3836 3939 Χριστο-

2233 3966 2459 4032 μίμητος
2494 3960 2662 4033 ἰατρός
2691 3975 2703 3988 ”
2747 3958 2804 4012 Ὀ
2851 3962 3088 4033 Κύριος
3137 3963 3573 4032 συγχωρήσει
3610 3961 3835 4024 πᾶσιν,

2235 4047 2510 4118 ἐπενεγκὼν
2566 4052 2694 4122 πρὸς
2749 4053 3031 4113 πίστωσιν,
3085 4049 3109 4099 ὀ
3160 4050 3223 4107 ὡς
3260 4046 3466 4108 ἀληθῶς
3506 4043 3832 4108 ἀξιόπιστος,

2235 4143 2323 4189 καὶ
2350 4142 2444 4195 τήν
2475 4144 2565 4188 τοῦ
2593 4144 2727 4190 Θεοῦ
2758 4133 2852 4188 διὰ
2876 4139 2964 4188 τού
3018 4137 3327 4210 θεράποντος
3387 4134 3549 4187 αὐτοῦ
3575 4135 3838 4191 Μωῦσέως

2237 4225 2497 4297 διαταγήν
2529 4244 2541 4256 ’
2570 4232 2659 4278 καὶ
2690 4225 2743 4277 ἐκ
2775 4231 2949 4299 τρίτου
2981 4229 3438 4299 κατασφραγίσας,
3474 4222 3737 4286 ἐπηύξατο
3760 4221 3837 4274 εἰ-

2235 4315 2471 4369 πών-Ὀ
2513 4317 2749 4390 Κύριος
2800 4323 2907 4376 τῆς
2969 4315 3229 4387 εἰρήνης
3281 4317 3469 4367 ἔσται
3515 4315 3673 4386 μετά
3720 4317 3836 4364 τοῦ

2039 4533 2082 4586 Ν
2089 4530 2260 4587 ΟΤιΕ.

550 4623 683 4708 (19).
733 4623 802 4708 Iri
860 4624 1055 4708 sancti
1110 4623 1444 4708 defungens
1485 4626 1849 4708 memorjam,
1907 4636 1966 4700 τῇ
2032 4635 2124 4708 τοῦ
2157 4628 2201 4682 D
2235 4626 2854 4708 venite,.etia‘mMoyse
2877 4626 3381 4708 ascitointestem
3412 4625 3629 4708 divinae
3661 4623 3811 4708 mise

482 4695 631 4764 ἁγίου
672 4699 848 4768 μνήμῃ
908 4695 1298 4767 ἀφοσιούμενος.
1353 4696 1516 4768 velut
1569 4695 1950 4752 calefaciens'
1981 4700 2123 4754 satis

483 4767 784 4823 memOriae
817 4768 1023 4830 sancti,
1073 4784 1255 4838 seque
1287 4767 1565 4838 religione
1596 4769 1672 4823 ad
1700 4770 1897 4837 ipsam
1928 4770 2127 4825 absol-

480 4855 639 4892 vens.
695 4841 862 4893 Piura
913 4838 1057 4892 Bud.
1105 4839 1216 4893 col.
1251 4839 1371 4901 387,
1407 4845 1514 4893 etc.
1571 4841 1747 4894 Porro
1795 4841 1932 4895 dicit
1983 4841 2127 4895 cele-

483 4911 711 4980 brasse,
772 4908 1099 4982 nlnpoﬂvrui
1125 4914 1183 4961 τό
1216 4909 1604 4982 γάποστολικόν.
1667 4911 1828 4965 Velut
1863 4912 2125 4982 Apostoli

484 4982 693 5036 scitum
729 4999 741 5039 :
777 4997 896 5035 non
942 4981 1279 5043 sancientis,
1313 4981 1417 5036 sed
1447 4984 1608 5052 quod
1657 4981 2126 5038 haberet’Domi-

484 5054 618 5107 nica
649 5053 894 5117 sanctio,
915 5052 1372 5123 promulgantis.
1399 5053 1525 5120 Ego
1556 5054 1711 5109 enim
1729 5056 1934 5122 accepi
1957 5070 1993 5110 α
2013 5056 2123 5109 Do-

484 5125 660 5189 mino,
694 5125 878 5195 quod,
909 5129 1020 5179 etc.
1047 5126 1084 5179 Ῑ
1127 5124 1262 5180 Cor.
1299 5139 1354 5178 ll.
1399 5125 1703 5194 Chrysost.
1735 5141 1854 5179 non
1904 5141 2037 5180 raro
2069 5126 2127 5179 id

486 5194 774 5264 privilegii
801 5194 986 5261 effert,
1011 5203 1075 5251 ut
1099 5195 1286 5259 miles,
1314 5210 1517 5250 coram
1545 5195 1900 5264 imperatore
1940 5197 2130 5251 nomi-

484 5273 672 5330 netur,
701 5265 1117 5338 habeaturque
1157 5265 1269 5338 sub
1299 5266 1494 5336 ipsam
1544 5282 1669 5319 rem
1707 5283 1942 5321 sacram
1996 5283 2129 5323 san-

485 5344 716 5392 ctorum
741 5337 1065 5393 memoria:
1098 5337 1317 5409 quibus
1345 5343 1542 5392 tamen
1571 5352 1689 5390 non
1718 5339 1988 5403 facimus,
2025 5339 2128 5393 sed

490 5409 586 5461 uni
620 5411 761 5476 Deo,

559 5480 692 5550 (:20).
737 5480 851 5546 Qui
876 5485 1062 5534 essent
1094 5478 1273 5544 pomis
1321 5478 1564 5534 obnoxii
1592 5493 1662 5533 ac
1690 5478 2126 5546 paenitentibus,

488 5557 602 5622 περὶ
641 5549 739 5602 τῶν
789 5549 836 5602 ἐν
877 5552 1179 5620 ἐπιτιμίοις.
1211 5551 1586 5622 [lasciverant
1619 5551 1783 5604 multi
1816 5566 1851 5605 a
1897 5551 2030 5616 ﬁde,
2067 5559 2129 5606 ut

489 5620 634 5676 solet
665 5622 723 5676 in
758 5623 1054 5692 ejusmodi
1086 5620 1515 5692 tentationibus
1545 5640 1557 5687 ;
1589 5622 1651 5676 in
1690 5637 1808 5691 quo
1841 5637 2126 5692 magnam

485 5691 1050 5750 lenitatem’exhibet
1095 5691 1460 5757 Theodorus,
1508 5692 1786 5748 animans
1839 5693 1915 5749 ad
1954 5691 2128 5769 spem

2234 4699 2536 4753 ricordite:
2557 4699 2722 4752 Forte
2739 4696 2876 4752 vero
2891 4699 3126 4768 respicit
3140 4714 3192 4752 v.
3211 4697 3279 4751 43
3293 4715 3342 4752 c.
3361 4713 3538 4751 xxxn.
3555 4696 3789 4749 Denter.
3818 4705 3832 4753 ς

2235 4786 2356 4840 quo
2372 4770 2550 4823 etiam
2569 4786 2630 4823 se
2649 4769 2960 4824 Machabmi
2990 4784 3127 4824 cum
3157 4773 3344 4823 matre
3375 4768 3745 4840 solabantur,
3778 4773 3834 4821 et

2236 4836 2589 4895 animahant
2616 4841 2691 4895 ad
2721 4841 3116 4896 constantiam
3146 4840 3204 4896 II
3224 4840 3501 4896 Machab.
3529 4854 3620 4892 vn.
3653 4836 3838 4891 Aliter

2236 4911 2518 4974 Meletius,
2551 4918 2609 4966 ut
2631 4912 2891 4982 estapud
2911 4913 3117 4982 Epiph.
3147 4913 3289 4966 haer.
3311 4914 3398 4971 48.
3431 4911 3508 4964 al.
3537 4909 3837 4982 68,_quan-

2235 4999 2421 5053 quam
2439 4983 2638 5037 minus
2655 4980 2983 5037 consonent
3001 4980 3116 5046 alii,
3135 4999 3224 5046 eo,
3249 4989 3302 5037 et
3337 4983 3602 5037 nimiam
3626 4980 3836 5053 lapsos

2237 5051 2566 5118 severitate,
2582 5055 2900 5108 schismate
2926 5053 3150 5107 divisus
3170 5070 3203 5108 a
3226 5054 3392 5108 Pctro
3411 5051 3832 5113 Alexandrino,

2237 5141 2306 5180 ac
2320 5126 2564 5178 demum
2590 5127 2647 5178 in
2666 5125 2810 5184 suis.
2833 5125 3024 5179 factus
3040 5126 3154 5179 Arii
3172 5125 3362 5179 fautor
3393 5129 3834 5194 :ulmartyrum

2237 5196 2495 5251 Ecclesia
2519 5197 2950 5267 promoveritiu
2981 5195 3459 5267 conventiculum
3488 5201 3546 5249 et
3573 5209 3833 5267 synago-

2238 5281 2375 5335 gam
2396 5264 2832 5325 haereticorum:
2853 5267 3174 5338 sicubique
3189 5264 3740 5338 perieulum,scindi
3756 5264 3832 5319 ab

2238 5339 2497 5393 Ecclesia
2527 5338 2837 5401 catholica,
2877 5335 3274 5407 qualis'velut
3308 5337 3550 5407 proprio
3583 5335 3832 5391 charac-

2240 5415 2355 5463 tere
2382 5410 2680 5473 distincta,
2715 5410 2998 5464 audiebat
3041 5409 3140 5464 illa
3190 5410 3339 5463 Petri
3379 5407 3626 5477 legitimi
3659 5408 3831 5476 patri-

2237 5480 2454 5540 archas.
2483 5496 2834 5550 quanquam
2888 5482 3080 5534 minor
3115 5501 3127 5546 ;
3160 5480 3455 5551 plerisque
3488 5479 3690 5550 specie
3725 5477 3825 5533 zeli

2236 5551 2649 5624 deﬁcientibus
2693 5551 3134 5624 adVMeletium,
3190 5557 3579 5624 utnusquam
3612 5551 3832 5606 desunt

2237 5622 2465 5678 colores
2495 5621 2709 5678 volenti
2741 5623 3074 5684 discedere,
