4038 6312
219 276 359 332 1845

1269 279 1362 334 DE
1401 277 1613 334 OBITU
1657 277 1719 333 S.
1758 277 2129 334 THEODORI
2173 279 2521 335 STUDlTAE.

3437 276 3573 332 1846

215 403 576 472 πνεύματος
607 404 771 474 ὑμῶν
809 419 820 429 ·
859 408 947 455 καὶ
1004 403 1370 476 ἀσπασάμενος
1400 407 1520 466 τοὺς
1553 408 1797 478 παρόντας

1923 404 2209 460 Dominus
2228 405 2394 474 pacis
2411 405 2522 460 erit
2534 421 2664 460 cum
2686 404 2904 474 spiritu
2922 410 3112 460 vestro
3137 404 3201 456 η.
3230 404 3571 474 Omnesque

216 489 465 556 ἅπαντας,
500 487 746 562 διέμεινεν
786 493 965 554 οὕτως.
1025 498 1123 546 Καὶ
1161 498 1254 551 τὴν
1296 494 1454 551 αὐτὴν
1499 489 1812 544 διαδίδοται

216 580 246 635 ἡ
294 578 446 648 ἀκοὴ,
502 586 591 632 καὶ
647 587 987 656 παραγίνεται
1045 583 1171 634 λαοῦ
1224 582 1418 644 πλῆθος
1468 583 1561 633 οὐκ
1617 581 1807 652 ὀλίγον.

220 672 318 720 Καὶ
373 669 508 719 οὕτω
584 665 994 744 δισημερευσας,
1071 672 1283 723 ἕκαστον
1345 679 1444 722 τῶν
1495 670 1806 744 ἐρχομένων,

213 761 304 808 καὶ
357 759 819 830 κατασφραγίζων,
885 765 974 812 καὶ
1031 759 1269 831 εὐλογῶν,
1323 765 1412 812 καὶ
1476 759 1810 820 κατασπαζό-

214 864 379 916 μενος,
439 853 528 899 καὶ
596 848 763 920 ἠρέμα
826 851 1332 922 προσφθεγγόμενος,
1384 854 1474 901 καὶ
1527 852 1811 920 ἐπευχόμε-

213 954 294 994 νος
346 937 370 985 ό
446 939 849 1011 τρισμακάριος,
930 937 1140 990 ἀπέλυεν
1218 937 1267 990 ἐν
1345 938 1544 1012 εἰρήνη,
1608 937 1810 1008 ἑκάστῳ

214 1029 425 1096 μνήμης
454 1025 598 1087 ἄξιον
629 1032 718 1078 καὶ
750 1032 1015 1099 σωτηρίας
1052 1024 1258 1098 ἐφόδιον
1306 1027 1730 1098 καταλιμπάνων,

289 1119 389 1165 Καὶ
435 1121 495 1186 τῇ
554 1121 786 1187 Κυριακῇ
830 1115 876 1166 ἐν
989 1119 1017 1173 ἡ
1062 1121 1237 1187 μνήμη
1273 1117 1535 1179 ἐξετελεῖτο
1583 1124 1674 1168 τοῦ
1717 1135 1807 1188 με·

211 1200 374 1273 γάλου
429 1204 693 1277 μάρτυρος
750 1211 922 1270 Μηνᾶ,
995 1204 1227 1274 ἐψαλκὼς
1277 1208 1343 1257 τὰ
1398 1206 1597 1262 συνήθη
1641 1221 1653 1232 ⁸
1716 1202 1808 1256 εἶθ’

213 1291 371 1350 οὕτως
443 1297 727 1364 μετασχὼν
802 1302 901 1344 τῶν
978 1293 1320 1366 ἀγιασμάτων
1377 1303 1475 1346 τῶν
1544 1294 1807 1354 ζωοποιῶν

213 1378 433 1445 ἐκείνων,
512 1387 600 1433 καὶ
673 1384 809 1434 κατά
869 1386 926 1433 τό
1003 1383 1177 1443 εἰωθός
1252 1382 1654 1454 ἐπαλειψάμενος
1720 1386 1808 1434 καὶ

211 1472 790 1541 κατασφραγισάμενος,
873 1471 1008 1542 ὑψοῦ
1084 1474 1176 1532 τάς
1249 1481 1430 1546 χεῖρας
1493 1474 1643 1546 οἷρας,
1720 1476 1809 1524 καὶ

213 1558 628 1632 προσευξάμενος
693 1566 809 1634 περὶ
868 1563 1003 1632 ὥραν
1061 1561 1214 1618 ἕκτην
1271 1562 1579 1631 αἰσθόμενος
1626 1561 1808 1613 ἑαυτοῦ

1094 1651 1263 1722 ἠρέμα
1334 1649 1600 1721 κηραψίαν
1674 1653 1808 1720 γενέ-

211 1648 241 1704 ὴ
253 1649 530 1705 σθενηκοτο
541 1668 580 1712 ς,
675 1651 1002 1722 προστάσσει

215 1737 339 1787 σθαι
373 1758 385 1769 ο
439 1735 705 1789 κάνταῦθα
763 1738 1148 1812 προσϐάλλομεν
1202 1748 1264 1812 τῇ
1314 1736 1603 1811 ψαλμῳδία
1647 1758 1659 1768 ·

212 1823 260 1875 ἐν
313 1835 383 1896 τῲ
443 1832 638 1897 στίχῳ,
694 1827 743 1878 ἐν
772 1829 809 1896 ᾧ
871 1847 1050 1900 φησιν,
1112 1829 1215 1891 Εἰς
1251 1833 1355 1880 τόν
1395 1830 1588 1881 αἰῶνα
1627 1828 1693 1880 οὐ
1723 1833 1802 1900 μὴ

211 1911 617 1986 ἐπιλάθωμαι
655 1925 771 1968 τῶν
813 1914 1270 1989 δικαιωμάτων
1312 1937 1447 1982 σου,
1489 1920 1592 1970 ὄτι
1621 1916 1676 1970 ἐν
1708 1921 1808 1969 αὑ-

211 2011 342 2064 τοῖς
417 2005 651 2066 ἔζησάς
716 2025 809 2076 με,
878 2003 1322 2080 ἐνδιατριϐόντων,
1377 2003 1647 2082 παρέδωκε
1712 2011 1805 2066 τὴν

211 2097 472 2166 μακαρίαν
511 2099 601 2145 καὶ
631 2097 862 2165 καθαρὰν
904 2097 1062 2148 αὑτοῦ
1101 2095 1286 2167 ψυχήν
1313 2103 1420 2158 τοῖς
1461 2095 1628 2167 ἁγίοις
1654 2095 1806 2167 ἀγγέ-

211 2180 342 2241 λοις.
397 2182 547 2233 Οὕτω
578 2186 666 2254 μὲν
715 2179 802 2234 οὖν
843 2185 911 2244 ὡς
954 2181 1001 2234 ἐν
1034 2189 1289 2256 συντομία
1316 2187 1343 2242 ἡ
1378 2192 1468 2236 τοῦ
1512 2186 1806 2258 τρισμάκα-

212 2289 294 2341 ρος
333 2276 602 2342 κοίμησις,
643 2277 731 2324 καὶ
788 2281 880 2324 τοῦ
934 2271 1216 2330 ἀθλητικοῦ
1257 2270 1457 2347 δρόμου
1488 2277 1544 2325 τὸ
1603 2277 1760 2346 πέρας
1787 2293 1801 2306 ο

211 2365 300 2410 καὶ
361 2361 490 2418 αὕτη
546 2363 574 2418 ἡ
641 2370 738 2412 τῶν
797 2361 994 2413 πολλῶν
1053 2361 1284 2432 ἀγώνων,
1343 2368 1432 2415 καὶ
1480 2367 1665 2426 πόνων,
1716 2367 1805 2415 καὶ

215 2445 448 2520 ἱδρώτων
477 2450 547 2512 εἰς
575 2451 738 2502 αἰῶνα
757 2451 941 2511 αἰῶνος
970 2453 1316 2512 κατάπαυσις.

281 2538 416 2589 Ἀλλ’
476 2540 532 2604 ὠ,
593 2550 698 2600 πῶς
755 2542 874 2611 ὑμῖν
938 2537 1200 2615 ἀδακρυτὶ
1257 2545 1322 2592 τά
1378 2539 1489 2602 ἑξῆς
1539 2539 1621 2592 ὑπ’
1688 2540 1806 2611 ὄψιν

213 2625 416 2697 ἀγάγω,
485 2629 904 2700 πυρπολούμενος
971 2638 1078 2692 τοῖς
1136 2630 1431 2701 λογισμοῖς,
1507 2635 1596 2681 καὶ
1654 2631 1807 2682 οἰονεὶ

207 2715 492 2778 ἐξεστηκὼς
521 2726 582 2790 τῇ
633 2715 832 2790 καρδίᾳ
864 2735 876 2785 ;
919 2724 1007 2770 καί
1045 2739 1134 2790 μοι
1170 2716 1290 2770 δότε
1318 2721 1502 2793 μικρὸν
1549 2715 1806 2792 ἐνδιατρί-

204 2805 306 2875 ψαι
350 2813 420 2875 τῷ
467 2803 785 2877 διηγήματι,
837 2806 1037 2860 "Exacto
1083 2804 1169 2858 οὖν
1210 2810 1234 2858 ό
1275 2810 1576 2879 τρισμάκαρ
1626 2808 1806 2876 (καλὸν

203 2897 303 2967 γάρ
379 2891 517 2964 μηδὲ
593 2903 742 2946 τοῦτο
827 2893 1211 2968 παραδραμεῖν,
1289 2898 1463 2969 ὥσπερ
1540 2916 1592 2947 τι
1669 2896 1803 2958 ξένον

209 2983 418 3054 θέαμα),
462 2979 739 3053 αἰδέσιμος
768 2991 828 3054 τῇ
865 2983 998 3053 ὄψει,
1044 2982 1378 3054 ἀγγελοειδὴς
1417 2993 1487 3054 τῷ
1529 2989 1799 3056 σχήματι,

1919 493 2021 564 qui
2044 494 2293 549 aderant
2315 494 2711 565 amplexatus,
2731 493 2813 548 ita
2830 494 3136 548 remansit.
3163 491 3402 546 Interim
3431 506 3572 547 vero

1919 580 2112 650 gliscit
2126 581 2303 649 fama,
2320 583 2607 655 adestque
2622 582 2826 654 populi
2842 581 3159 636 multitudo
3175 597 3294 634 non
3312 580 3570 636 modica.

1922 670 2027 726 Ubi
2055 672 2136 725 sic
2160 672 2246 726 vir
2279 678 2364 727 ter
2391 670 2601 726 beatus
2640 671 2792 726 duos
2819 671 3111 739 exegisset
3132 669 3277 734 dies,
3305 668 3573 738 singulos

1919 761 2269 815 accedentes
2313 760 2698 830 consignans,
2728 775 2797 815 ac
2828 759 3189 814 benedicens
3229 764 3284 812 et
3321 758 3570 812 deoscu-

1918 847 2073 913 lans,
2098 849 2349 920 leneque
2367 866 2435 904 ac
2456 848 2754 904 submisse
2773 847 3086 919 alloquens
3099 852 3152 902 et
3170 845 3530 917 adprecatus
3554 863 3568 912 ;

1919 941 2097 1008 atque
2130 940 2368 1008 signum
2403 938 2712 1005 memoria,
2744 941 2802 991 et
2832 936 3133 992 salubrem
3165 940 3571 991 commeatum

1916 1026 2274 1098 reliquisset,
2310 1026 2539 1082 dimisit
2569 1029 2629 1082 in
2652 1041 2820 1098 pace.

1989 1117 2170 1171 Porro
2197 1116 2290 1170 die
2326 1117 2648 1180 Dominica,
2681 1130 2806 1188 qua
2841 1114 3041 1183 magni
3073 1114 3352 1184 martyris
3385 1114 3568 1167 Menas

1922 1205 2208 1260 memoria
2235 1205 2584 1270 celebratur,
2617 1204 2716 1260 ubi
2747 1209 3036 1259 consueta
3058 1202 3301 1259 Cantica
3331 1211 3385 1256 et
3412 1201 3574 1257 Psal-

1917 1309 2049 1348 mos
2069 1295 2376 1350 recitasset
2410 1311 2423 1359 ;
2460 1300 2705 1365 ttunque
2739 1292 3044 1364 particeps
3085 1307 3395 1346 sacrorum
3437 1289 3574 1344 etfa-

1917 1387 2198 1454 ctus(2l);
2227 1398 2556 1446 sacrorum,
2581 1383 2853 1453 inquam,
2873 1397 3007 1452 quae
3028 1380 3264 1436 vivitica
3291 1386 3466 1444 sunt;
3499 1395 3569 1434 ac

1918 1490 2025 1544 pro
2072 1490 2232 1528 more
2286 1473 2566 1527 inunctus
2597 1472 3151 1542 consignatusque:
3209 1467 3460 1523 sublatis
3509 1468 3571 1522 in

1917 1563 2172 1618 sublime
2189 1562 2491 1624 manibus,
2508 1576 2841 1631 oransque;
2873 1575 3032 1622 cum,
3049 1558 3206 1613 circa
3219 1557 3428 1612 horam
3445 1573 3574 1611 sex-

1917 1656 2061 1715 tam,
2093 1668 2154 1706 se
2185 1651 2406 1706 sensim
2438 1650 2690 1705 deﬁcere
2721 1649 3024 1712 sensisset,
3060 1662 3205 1701 voce
3227 1661 3402 1701 cassa
3424 1646 3569 1700 sub-

1717 1744 1807 1790 xui.
1841 1756 1886 1812 Β
1919 1741 2223 1812 missaque
2247 1755 2446 1795 cereos
2479 1737 2724 1794 accendi
2741 1737 2904 1811 jubet
2935 1753 2946 1791 :
2981 1736 3388 1807 deincepsque
3410 1734 3570 1789 Psal-

1921 1845 2044 1884 mos
2077 1829 2396 1900 incipimus
2427 1845 2438 1880 :
2475 1834 2652 1899 atque
2683 1827 2758 1881 ad
2788 1826 2956 1881 illum
2990 1841 3229 1880 versum
3261 1841 3271 1876 :
3302 1823 3371 1878 In
3403 1831 3568 1879 aeter-

1915 1935 2060 1974 num
2080 1934 2199 1974 non
2212 1918 2528 1973 obliviscar
2533 1916 2994 1986 justiﬁcationes
3014 1921 3168 1979 tuas,
3188 1913 3329 1985 quia
3342 1913 3404 1968 in
3423 1914 3568 1982 ipsis

1917 2008 2230 2076 viviﬁcasti
2253 2022 2341 2062 me
2370 2009 2415 2040 ’9
2452 2025 2464 2064 :
2495 2005 2956 2061 immorantibus
2988 2003 3161 2059 nobis
3189 2001 3563 2067 Psalmodiaa,

1913 2097 2154 2154 beatam
2176 2096 2586 2166 mundamque
2601 2111 2774 2150 suam
2798 2094 3064 2149 animam
3079 2091 3303 2147 sanctis
3329 2091 3561 2160 angelis

1916 2186 2174 2242 tradidit.
2209 2185 2303 2240 Sic
2338 2200 2481 2240 sane
2514 2183 2669 2239 velut
2700 2182 3060 2253 compendio
3093 2185 3334 2238 narrata
3352 2179 3564 2236 habuit

1916 2275 2022 2331 viri
2045 2281 2128 2330 ter
2156 2274 2312 2330 beati
2344 2273 2649 2329 dormitio.
2681 2272 2802 2327 Tali
2830 2271 3083 2327 termino
3124 2269 3343 2326 athleta
3366 2267 3568 2324 absol-

1917 2366 1998 2420 vit
2021 2381 2281 2420 cursum.
2305 2364 2430 2419 Fuit
2452 2364 2578 2418 hrec
2609 2361 2932 2417 multorum
2963 2359 3379 2422 certaminum,
3405 2358 3573 2414 labo-

1914 2469 2170 2524 rumque
2207 2459 2262 2508 et
2291 2452 2604 2514 sudorum,
2647 2450 2932 2505 saeculum
2963 2449 3024 2503 in
3065 2447 3266 2503 saeculi
3305 2447 3566 2520 requies.

1991 2543 2322 2606 Enimvero,
2350 2556 2473 2612 qua
2488 2540 2659 2594 vobis
2673 2539 2922 2603 ratione,
2940 2553 3076 2609 quas
3099 2541 3237 2592 sunt
3258 2536 3568 2608 deinceps,

1919 2633 2045 2687 sine
2075 2629 2357 2701 lacrymis
2411 2629 2491 2684 ob
2545 2628 2754 2684 oculos
2778 2643 3028 2698 ponam,
3068 2641 3249 2697 quem
3278 2641 3384 2680 ceu
3412 2625 3568 2694 ignis

1917 2719 2306 2790 cogitationes
2328 2718 2659 2782 devastent,
2683 2717 2903 2788 quique
2921 2715 3082 2770 velut
3111 2716 3315 2770 animo
3339 2713 3573 2769 defece-

1915 2811 2048 2866 rim.
2105 2811 2318 2862 Verum
2365 2807 2533 2862 liceat
2573 2805 2844 2861 nonnihil
2900 2803 3226 2859 narrationi
3277 2802 3567 2858 insistere.

1915 2898 2163 2953 Jacebat
2191 2898 2368 2964 igitur
2419 2897 2503 2950 vir
2533 2902 2616 2950 ter
2668 2895 2919 2950 beatus:
2955 2895 3194 2948 Praastat
3224 2891 3406 2957 enim,
3459 2907 3570 2948 nec

1918 2986 2061 3040 illud
2089 2986 2246 3040 velut
2274 3000 2501 3040 novum
2534 2983 2921 3053 insolensque
2956 2983 3365 3053 spectaculum
3387 2981 3567 3036 omit-

206 3080 300 3134 τῆς
354 3069 735 3143 ἐνδημησάσης
777 3076 902 3146 πρὸς
956 3075 1143 3142 Κύριον
1201 3072 1383 3143 ψυχῆς
1431 3075 1602 3146 ὥσπερ
1662 3077 1797 3133 τινάς

1916 3081 2036 3130 tere
2069 3094 2081 3133 :
2123 3074 2378 3143 jacebat,
2415 3073 2685 3144 inquam,
2721 3071 2869 3127 facie
2909 3068 3268 3125 venerabilis
3303 3085 3315 3122 :
3351 3069 3564 3138 ﬁgura,

205 3158 505 3232 (protendat;
582 3160 789 3222 ἀκτῖνας
863 3159 1320 3232 ἐναπομαξαμένης
1393 3169 1464 3230 τῷ
1526 3163 1641 3233 ἱερῷ
1696 3166 1802 3212 σώ-

202 3269 353 3321 ματι,
403 3251 516 3318 μεθ’
565 3251 623 3301 οὗ
654 3255 743 3302 καὶ
791 3249 862 3322 ἐφ’
896 3251 933 3320 ᾧ
972 3250 1270 3320 λελάτρευκε
1302 3258 1360 3321 τῇ
1414 3250 1540 3321 ἀγίᾳ
1586 3247 1798 3324 Τριάδι.

205 3341 577 3411 Προστέθειται
629 3337 872 3402 ἐξαπίνης
920 3346 1025 3400 τοῖς
1079 3339 1404 3412 προλαϐουσι
1455 3338 1645 3399 πλῆθος
1696 3340 1803 3392 ἓτε-

203 3447 312 3502 ρον,
348 3429 476 3497 όμοῦ
503 3430 595 3498 μὲν
649 3437 936 3498 μοναστών,
989 3429 1118 3500 ὁμοῦ
1151 3425 1208 3480 δὲ
1248 3434 1337 3480 καὶ
1366 3425 1607 3499 μιγάδων
1637 3450 1648 3460 ·
1682 3428 1801 3480 πολ-

202 3516 284 3568 λοὶ
332 3518 412 3568 ὅτι
463 3516 712 3588 μάλιστα,
760 3522 846 3568 καὶ
885 3525 982 3568 τῶν
1027 3516 1243 3588 ἐξόχων,
1298 3517 1406 3588 μεθ’
1445 3515 1511 3568 ὧν
1563 3522 1651 3569 καὶ
1707 3519 1802 3591 ἱερ-

203 3609 395 3680 άρχαι,
462 3610 550 3657 καὶ
611 3608 776 3678 ἱερεῖς,
853 3605 1211 3678 ἐπιφερόμενος
1285 3608 1502 3666 ἕκαστος
1575 3609 1638 3659 τὰ
1711 3616 1802 3668 τῆς

201 3699 460 3766 μακαρίας
517 3693 711 3755 ἐκείνης
769 3691 982 3755 κηδείας
1035 3701 1123 3746 καὶ
1179 3704 1341 3766 ταφῆς
1398 3692 1629 3768 ἀρμοδια
1680 3712 1691 3725 ’
1753 3701 1801 3749 οἱ

199 3787 289 3855 μὲν
316 3788 511 3856 κηρους
549 3782 837 3855 ἐξάσπρους
885 3789 974 3836 καὶ
1012 3784 1328 3855 πολυτίμους
1362 3803 1373 3814 ·
1409 3786 1433 3835 ό
1474 3781 1552 3846 δὲ,
1586 3781 1802 3837 σινδόνα

200 3873 598 3944 πεποικιλμένην
643 3890 654 3900 ·
716 3873 880 3943 ἔτερος
930 3877 1310 3943 καταπέτασμα
1365 3877 1747 3946 περιπόρφυρον
1782 3894 1794 3905 ·

200 3964 290 4012 καὶ
329 3961 473 4012 ἄλλοι
518 3963 675 4018 σκεύη
720 3959 940 4034 ἀργυρᾶ,
989 3966 1077 4012 xui.
1123 3964 1498 4033 χρυσάργυρα,
1552 3966 1641 4012 καὶ
1688 3962 1795 4020 ὴλε·

200 4046 437 4122 κτριώὸη
471 4066 483 4078 ⁸
539 4055 628 4101 καὶ
660 4052 707 4101 οἱ
759 4053 848 4121 μὲν
881 4048 1152 4121 ἀρώματα,
1203 4054 1292 4100 καὶ
1332 4051 1656 4120 θυμιάματα,
1706 4055 1795 4104 καὶ

201 4138 352 4199 ἄλλος
391 4137 532 4202 ἄλλο,
589 4143 677 4190 καὶ
726 4139 894 4211 ἕτερος
947 4139 1132 4213 ἕτερον,
1184 4139 1266 4190 ἱνα
1321 4144 1391 4210 μὴ
1449 4149 1788 4211 μακρηγορῶ,

201 4229 391 4288 Πάντες
425 4223 472 4278 δ’
511 4227 598 4278 οὖν
642 4229 776 4298 ὅμως
821 4233 997 4279 πίστει
1042 4225 1351 4288 σπεύδοντες
1393 4228 1535 4290 οἴξιον
1583 4233 1794 4300 μνήμης

201 4326 273 4386 τῷ
305 4319 421 4390 ἱερῷ
469 4316 692 4387 λειψάνῳ
731 4325 1037 4389 προσοῖσαι,
1083 4322 1170 4368 καὶ
1199 4325 1270 4385 τῷ
1319 4322 1474 4388 τιμίῳ
1527 4319 1670 4389 τάφῳ
1703 4321 1794 4370 ἐπ-

199 4406 508 4458 αποθέσθαι,
570 4409 747 4474 Γέγονε
804 4400 862 4456 δὲ
913 4410 1112 4475 χειμών
1160 4408 1292 4455 κατά
1343 4408 1400 4454 τὸ
1457 4407 1791 4480 νυχθήμερον

197 4493 356 4545 ἐκεῖνο
407 4489 650 4564 σφοδρός,
707 4495 774 4554 ὡς
826 4493 985 4545 πάλαι
1042 4493 1123 4545 ἐπὶ
1177 4502 1266 4545 του
1317 4494 1540 4564 μεγάλου
1595 4499 1790 4570 Πέτρου

193 4578 602 4656 Ἀλεξανδρείας.
648 4583 751 4636 Καὶ
791 4578 850 4640 ἧν
906 4579 1033 4634 ἰδεῖν
1091 4584 1342 4656 ὑπερφυὲς
1390 4587 1447 4634 τό
1500 4589 1784 4656 γενόμενον.

264 4683 312 4715 ²⁸
345 4683 517 4735 Num.
553 4696 626 4749 Vl,
651 4682 740 4736 26.
819 4683 864 4716 ²⁹
901 4681 1048 4736 Psal.
1086 4697 1281 4746 cxvm,
1319 4682 1412 4736 93.

1914 3164 2071 3219 velut
2119 3162 2451 3231 angelicam
2507 3161 2770 3232 speciem
2817 3159 3096 3221 referens,
3149 3159 3374 3223 anima,
3428 3174 3566 3230 quas

1913 3258 2066 3308 esset
2092 3251 2470 3322 peregrinata
2490 3249 2566 3306 ad
2593 3249 2932 3312 Dominum,
2956 3247 3120 3302 velut
3147 3245 3450 3317 quosdam
3481 3247 3567 3302 lu-

1913 3343 1995 3398 cis
2047 3340 2266 3404 radios,
2316 3355 2487 3395 sacro
2541 3339 2798 3408 corpori,
2859 3352 2998 3392 cum
3046 3351 3188 3406 quo,
3217 3351 3286 3390 ac
3334 3335 3392 3389 in
3435 3350 3558 3406 quo

1914 3437 2135 3486 sancta:
2159 3429 2422 3484 Trinitati
2481 3429 2775 3491 servisset,
2815 3442 2888 3480 ex
2945 3440 3028 3490 se,
3062 3440 3132 3480 ac
3161 3424 3284 3478 suis
3318 3422 3553 3492 fulgori-

1911 3520 2046 3584 bus,
2065 3518 2441 3588 imprimente
2463 3518 2596 3586 (22).
2623 3515 2923 3570 Prioribus
2945 3513 3278 3580 confestim,
3303 3528 3431 3568 sese
3452 3528 3556 3584 po-

1913 3609 2036 3680 puli
2063 3607 2158 3662 alii
2187 3607 2609 3675 adjunxerunt,
2639 3620 2758 3675 qua
2783 3602 3241 3666 monachorum,
3270 3617 3392 3672 qua
3421 3616 3557 3673 pro-

1914 3698 2152 3751 miscuae
2211 3693 2654 3748 multitudinis:
2713 3691 3002 3762 multique
3050 3691 3112 3744 in
3163 3689 3396 3761 primis,
3450 3690 3561 3744 viri

1911 3785 2159 3848 nobiles,
2193 3799 2263 3839 ac
2289 3788 2622 3851 magnates,
2651 3797 2770 3837 una
2797 3795 2932 3835 cum
2961 3779 3258 3851 episcopis
3285 3783 3341 3833 et
3369 3794 3560 3834 sacer-

1907 3874 2185 3941 dotibus;
2246 3871 2493 3940 singulis
2547 3869 2962 3933 inferentibus,
3016 3883 3152 3938 qute
3210 3867 3398 3923 beatis
3442 3867 3557 3923 illis

1905 3962 2203 4033 exsequiis
2235 3977 2304 4016 ac
2335 3960 2525 4015 funeri
2557 3974 2825 4028 congrua
2851 3964 3071 4012 essent.
3096 3954 3437 4012 Aﬂ'erebant
3457 3957 3556 4013 alii

1904 4052 2150 4123 quidem
2199 4050 2370 4105 albos
2423 4065 2492 4104 ac
2546 4048 2748 4116 magni
2799 4045 2967 4116 pretii
3014 4061 3215 4100 cereos
3257 4046 3412 4117 (23);
3461 4047 3559 4101 hic

1904 4141 2158 4211 Phrygio
2180 4155 2359 4210 opere
2388 4138 2604 4209 pictam
2629 4135 2945 4191 sindonem
2971 4152 2983 4200 ;
3019 4135 3116 4191 ille
3145 4138 3558 4205 praztextatum

1903 4230 2100 4284 velum
2130 4245 2143 4294 ;
2178 4227 2274 4283 alii
2305 4234 2504 4282 autem
2535 4241 2678 4280 vasa
2728 4229 3015 4292 argentea
3052 4229 3109 4278 et
3156 4223 3466 4291 deaurata,
3501 4226 3558 4278 et

1901 4317 2178 4373 succinea
2206 4333 2218 4371 :
2248 4333 2317 4372 ac
2349 4315 2444 4370 alii
2477 4313 2724 4386 quidem
2752 4317 3027 4368 aromata
3061 4317 3118 4367 et
3144 4311 3380 4366 sufﬁtus
3412 4327 3425 4376 ;
3461 4310 3560 4366 alii

1901 4407 2086 4470 aliud,
2117 4412 2177 4461 ut
2209 4421 2280 4460 ne
2312 4405 2370 4458 in
2404 4404 2651 4474 longum
2693 4417 3033 4456 sermonem
3075 4399 3442 4472 protraham.
3475 4401 3560 4456 lta

1900 4496 2288 4551 nihilominus
2306 4500 2366 4548 ut
2389 4495 2763 4547 accurrentes
2785 4504 2995 4544 omnes
3008 4489 3194 4544 sacris
3217 4488 3445 4560 aliquid
3465 4504 3556 4543 re-

1901 4585 2099 4656 liquiis
2122 4599 2230 4654 pro
2263 4581 2555 4638 memoria
2584 4579 2994 4644 admoverent,
3015 4593 3084 4633 ac
3114 4576 3438 4634 venerabili
3470 4581 3563 4633 tu.

1761 4773 1982 4829 NOTAE.

264 4860 376 4929 (21)
419 4858 722 4930 Particeps
764 4873 1073 4914 sacrorum
1097 4861 1321 4928 factus,
1371 4863 1653 4930 μετασχὼν
1687 4868 1786 4912 τῶν

194 4929 1318 5002 uyzuauumvﬂelutsacramentorum”
1338 4929 1787 5002 sacrando,quae

193 5002 329 5056 ideo
349 5003 642 5065 dicantur,
663 5002 920 5061 ζωοποιά·
955 5002 1189 5068 Vici/ica
1209 5003 1786 5068 sacramenta,nimi-

195 5089 327 5127 rum
345 5071 535 5126 Eucha
550 5074 742 5126 ristiaa:
756 5080 875 5126 tum
891 5073 1139 5127 additde
1154 5073 1278 5127 solo
1293 5079 1668 5127 sacramento
1687 5089 1789 5127 un-

195 5143 427 5210 ctionis,
450 5160 570 5213 quo
589 5144 712 5213 jam
733 5145 1113 5209 migraturus,
1132 5152 1190 5197 ut
1212 5152 1302 5214 est
1319 5145 1495 5198 moris
1515 5144 1666 5198 velut
1681 5160 1786 5214 pro

194 5231 478 5282 supremo
493 5230 684 5282 agone
701 5217 753 5268 in
767 5224 975 5267 unctus
990 5215 1061 5266 sit
1077 5231 1088 5266 :
1105 5213 1526 5284 ἐπαλειψάμενος.
1547 5213 1786 5270 Michael

195 5287 374 5346 litem,
409 5293 463 5338 ut
488 5291 773 5356 expressit
806 5287 1093 5354 interpres
1116 5287 1365 5350 Bnronii,
1406 5287 1595 5348 magis
1625 5285 1784 5339 vide-

198 5365 288 5411 tur
305 5357 732 5410 Euchartstiam
757 5356 950 5410 dicere
969 5372 980 5409 :
999 5357 1224 5412 Deinde
1235 5357 1528 5425 mysteriis
1544 5357 1782 5422 divinis,

197 5433 261 5482 ut
284 5428 496 5484 anima:
519 5428 797 5483 viaticum
824 5433 876 5480 et
904 5427 1202 5482 munimen
1218 5435 1422 5490 essent,
1436 5428 1780 5496 participat.

199 5503 276 5554 De
311 5500 422 5553 ritu
447 5500 802 5554 sacramenti
828 5498 1142 5566 unctionis,
1168 5498 1437 5553 nonnihil
1463 5499 1674 5553 Grascis
1714 5515 1782 5554 ac

197 5570 415 5626 Latinis
431 5570 691 5634 diverso,
713 5569 982 5640 utrisque
997 5569 1384 5626 nihilominus
1398 5585 1570 5636 sano,
1589 5585 1780 5642 quan-

1895 4875 2081 4931 quam
2124 4857 2184 4912 in
2216 4858 2336 4911 suis
2372 4853 3026 4931 Graecisimprobante,
3059 4855 3222 4931 etut
3250 4851 3549 4908 novellum

1897 4922 2156 4986 errorem
2189 4945 2224 4983 a
2254 4927 2548 4991 sordibus,
2582 4922 2909 4982 damnante
2934 4922 3214 4988 Arcudio,
3245 4939 3365 4978 non
3387 4939 3551 4995 sper-

1898 5001 2099 5057 nenda
2130 5001 2189 5054 in
2222 5001 2340 5054 suis
2369 4996 2784 5066 Euchologicis
2816 5000 3015 5051 noster
3053 4996 3226 5051 Goar.

1967 5074 2100 5145 (22).
2160 5072 2386 5145 Exse,
2421 5085 2517 5145 ac
2557 5065 2677 5145 suis
2721 5066 3084 5145 fulgoriims,
3142 5065 3535 5145 imprimente.

1896 5137 1994 5198 Sid
2042 5137 2574 5212 circumloquimur
2622 5144 2678 5191 τὸ
2719 5137 3209 5210 ἐναπομαξαμένης⁸
3265 5137 3429 5212 quod
3462 5137 3536 5192 sit

1896 5215 2055 5269 velut
2083 5232 2118 5269 a
2150 5230 2209 5266 se
2228 5214 2627 5278 abstergendo
2654 5212 3014 5283 imprimere,
3034 5225 3111 5283 ac
3131 5212 3398 5280 quadam
3417 5225 3453 5283 a
3482 5223 3544 5263 se

1894 5286 2300 5340 derivatione:
2357 5284 2472 5338 alia
2514 5299 2653 5337 voce
2697 5279 2758 5337 et
2795 5281 2992 5345 simili,
3027 5279 3538 5351 ἐναπομόργνυσϐαι·

1896 5357 2070 5427 plane
2104 5356 2618 5423 signantissimum
2652 5353 2710 5407 in
2743 5352 2988 5427 materia
3016 5353 3304 5427 subjecta.

1965 5429 2098 5495 (23).
2157 5427 2337 5482 Albos
2387 5441 2601 5484 cereos,
2653 5428 2850 5494 κηροὺς
2903 5423 3229 5493 ἐξάσπρους.
3283 5425 3404 5477 Vox
3457 5436 3543 5476 se-

1891 5498 2086 5568 quiori
2104 5498 2338 5553 Graeciae
2364 5495 2770 5568 usitatissima,
2795 5501 2856 5551 ut
2871 5497 3039 5552 etiam
3055 5496 3257 5551 numis
3267 5499 3428 5550 mata
3446 5508 3539 5550 ar-

1893 5567 2107 5637 gentea
2131 5585 2164 5626 a
2196 5568 2392 5626 colore
2422 5569 2654 5643 οῖσπρους
2679 5567 2900 5623 dicant.
