4038 6312
460 354 598 409 1847

1939 353 2329 412 APPENDIX.

3665 353 3816 410 1848

455 480 619 537 mulo
641 485 1131 552 superponerent.
1148 483 1328 538 Porro
1349 481 1506 539 facta
1517 486 1604 539 est
1619 481 1716 537 die
1729 481 1830 538 illa
1845 498 1915 538 ac
1927 485 2101 538 nocte

2218 480 2408 540 Πάντες
2459 479 2561 551 γὰρ
2636 485 3026 553 κατεφρόνησαν
3075 483 3164 532 καὶ
3221 477 3509 543 θαλάσσης,
3586 482 3674 530 καὶ
3729 477 3817 531 ὄιέ-

460 572 789 640 tempestas
848 568 1068 638 valida,
1126 570 1324 640 qualis
1383 570 1522 626 olim
1576 571 1635 626 in
1694 571 1896 641 magni
1954 570 2100 625 Petri

458 657 842 715 Alexandrini
872 657 1078 712 funere
1131 658 1265 730 (24).
1313 660 1567 732 Eratque
1595 659 1794 716 videre
1834 675 1960 714 rem
1991 658 2101 714 mi-

451 746 723 804 rabilem.
767 745 996 817 Quippe
1038 753 1384 818 spreverunt
1430 764 1658 814 omnes,
1701 763 2009 820 mareque,
2047 751 2104 802 et

453 852 675 900 aerem,
699 835 1230 892 etinundationem
1259 837 1602 902 ﬂuminum,
1640 838 2100 908 principumque

451 926 858 989 tentationem,
894 940 962 979 ac
995 925 1044 979 si
1073 925 1215 996 quid
1247 926 1407 981 aliud
1435 933 1520 982 est
1550 932 1833 982 terrorem
1849 925 2096 992 habens,

451 1013 875 1086 posthabuere.
893 1013 1042 1078 Quin
1061 1019 1114 1068 et
1129 1015 1688 1082 servi,dominorum
1703 1015 2098 1087 obsequium;

451 1101 819 1172 etagricolaa,
848 1101 1091 1158 culturae
1118 1118 1397 1176 operam;
1427 1109 1850 1176 curatoresque
1873 1109 1928 1159 et
1955 1120 2100 1175 prae-

450 1192 604 1256 fecti,
635 1191 1011 1247 curationem
1040 1207 1111 1246 ac
1151 1192 1563 1262 praefecturam
1600 1211 1613 1260 ;
1655 1199 1850 1250 nauta
1882 1193 2021 1248 item
2045 1198 2100 1249 et

2211 587 2316 643 ρος,
2383 572 2472 620 καὶ
2517 568 2831 630 ἐπικλύσεως
2885 577 3154 640 ποταμῶν,
3210 572 3300 620 καὶ
3357 574 3648 639 πειρασμοῦ
3705 575 3812 619 τῶν

2211 660 2557 732 κρατούντων,
2603 662 2691 710 καὶ
2740 661 2784 710 εἴ
2811 678 2950 719 τινος
2994 657 3171 721 ἄλλου,
3209 653 3429 728 δεύτερα
3455 657 3628 707 πάντά
3677 659 3816 727 ἡγη-

2214 749 2444 818 σάμενοι.
2499 745 2652 800 Ἀλλὰ
2703 751 2792 798 καὶ
2852 743 3031 799 δοῦλοι
3085 744 3349 799 δεσποτῶν
3392 747 3687 818 θεραπείαν,
3727 749 3820 798 καὶ

2209 842 2452 907 γεηπόνοι
2509 841 2601 894 τήν
2657 836 2924 910 ἐργασίαν,
2975 840 3064 889 καὶ
3117 835 3388 910 ἐπίτροποι
3444 839 3537 892 τὴν
3589 835 3816 888 ἐπιστα-

2213 930 2351 990 σίαν,
2410 929 2499 977 καὶ
2551 923 2814 997 πλωτῆρες
2859 929 2949 978 καὶ
2987 927 3208 998 ἔμποροι
3260 928 3353 982 τὴν
3410 927 3683 996 ἐμπορίαν,
3725 928 3818 976 καὶ

2210 1010 2388 1066 ὁδῖται
2437 1013 2625 1066 οἰκείαν
2676 1011 2797 1066 ὁδόν
2828 1033 2841 1046 ο
2875 1019 2964 1066 καὶ
3007 1017 3399 1085 περιεκέχυντο,
3432 1012 3504 1073 εἰς
3534 1012 3690 1064 αὐτόν
3741 1015 3812 1074 ὡς

2210 1103 2281 1165 εἰς
2333 1105 2464 1176 ἱερὸν
2505 1102 2769 1175 κειμήλιον
2836 1102 3227 1167 ἀποϐλέποντες,
3279 1102 3308 1162 ἣ
3371 1101 3560 1172 μᾶλλον
3619 1101 3810 1155 οἰκειό-

2209 1211 2352 1267 τερον
2378 1192 2554 1262 εἰπεῖν,
2588 1193 2658 1254 ὡς
2687 1195 2908 1258 ἔμπνουν
2938 1197 3027 1244 καὶ
3058 1199 3236 1260 φωνεῖν
3263 1188 3566 1263 δυνάμενον.

460 1284 838 1349 mercatores,
896 1285 1336 1351 mercaturam;
1390 1299 1460 1338 ac
1515 1283 1792 1348 viatores,
1830 1285 1980 1339 iter:
2041 1287 2103 1337 ut
2153 1297 2362 1337 omnes
2393 1281 2737 1336 circumfusi
2799 1287 3022 1345 essent,
3063 1281 3250 1336 oculis
3282 1283 3341 1335 in
3399 1297 3558 1344 eum,
3611 1295 3721 1335 ceu
3751 1280 3813 1334 in

454 1371 786 1442 pretiosum
815 1370 1256 1427 mobileintenti
1277 1389 1288 1425 :
1312 1371 1402 1427 vel
1422 1376 1483 1427 ut
1508 1373 1746 1443 proprie
1765 1374 1956 1442 magis
1975 1372 2196 1436 dicam,
2218 1369 2374 1426 velut
2395 1369 2455 1424 in
2483 1369 2813 1440 spirantem
2835 1386 2906 1426 ac
2935 1369 3266 1426 etiamnum
3295 1369 3458 1440 loqui
3479 1368 3801 1424 valentem.

525 1459 796 1527 Proinde,
828 1474 896 1514 ea
951 1460 1324 1516 Psalmorum
1358 1460 1767 1517 modulatione
1797 1477 1868 1516 ac
1920 1460 2100 1516 lumi-

451 1563 598 1603 num
627 1549 979 1604 accensione
1011 1565 1024 1614 ;
1065 1550 1256 1621 iisque
1283 1550 1513 1620 vigiliis,
1546 1566 1616 1605 ac
1642 1551 1826 1605 sacris
1858 1550 2102 1605 inclina-

2284 1463 2383 1512 Καὶ
2430 1457 2564 1511 οὕτω
2624 1461 2718 1510 σὺν
2777 1455 3117 1530 ψαλμῳδίαις
3187 1463 3276 1510 καὶ
3326 1457 3620 1529 φωταψίαις
3695 1465 3811 1518 ταῖς

2209 1549 2592 1616 καθηκούσαις,
2626 1552 2919 1618 παννυχίσι
2962 1567 3016 1600 τε
3045 1551 3135 1598 καὶ
3177 1546 3486 1604 ἐπικλήσεσι
3533 1548 3712 1619 ἱεραῖς,
3746 1553 3810 1618 τῇ

451 1637 714 1694 tionibus
743 1658 757 1705 ;
790 1643 1027 1708 postera
1073 1638 1190 1702 die,
1221 1655 1280 1693 re
1321 1655 1492 1694 sacra
1517 1639 1590 1693 de
1624 1655 1788 1694 more
1839 1645 2097 1710 peracta,

2218 1636 2322 1699 ἑξῆς
2375 1639 2510 1689 κατὰ
2563 1640 2620 1688 τὸ
2681 1639 2900 1696 σύνηθες
2952 1636 3432 1710 λειτουργήσαντες,
3501 1640 3620 1710 περὶ
3676 1638 3817 1708 ὥραν

451 1726 682 1782 circiter
731 1727 881 1782 hora
928 1728 1204 1798 septima,
1242 1728 1494 1782 traditus
1533 1733 1620 1782 est
1664 1728 1937 1799 sepulcro
1978 1728 2100 1782 sive

451 1815 686 1872 tumulo
721 1817 832 1887 (25)
870 1832 884 1870 :
934 1830 1045 1871 nec
1087 1815 1146 1871 id
1181 1816 1356 1887 plane
1397 1831 1515 1872 non
1557 1832 1732 1886 aegre,
1765 1833 1834 1872 ac
1871 1816 2096 1881 labore,

452 1906 710 1960 irruente
749 1903 956 1976 populi
998 1905 1395 1971 multitudine,
1440 1910 1501 1962 ut
1533 1905 1644 1960 sibi
1682 1906 1958 1978 quisque,
2001 1904 2104 1960 ali-

452 1994 596 2066 quid
623 1993 698 2048 de
723 1993 909 2048 sacris
933 1993 1230 2050 demortui
1256 1994 1518 2049 exsuviis
1553 1995 1941 2066 pretiosisque
1972 1993 2103 2050 reli-

453 2083 630 2156 quiis,
661 2082 904 2139 tolleret.
945 2083 1215 2138 Traditus
1241 2083 1632 2138 nihilominus
1671 2089 1777 2147 est,
1818 2100 1888 2139 ac
1914 2085 1972 2138 in
1999 2084 2102 2139 do-

454 2171 740 2227 muncula
769 2187 880 2226 sua
917 2171 1246 2240 depositus,
1288 2188 1404 2244 quo
1435 2171 1566 2228 loco
1599 2173 1688 2227 vir
1719 2172 2100 2228 beatissimus

455 2261 662 2317 solitus
687 2265 838 2317 esset
869 2261 1053 2317 libros
1082 2277 1283 2317 sacros
1309 2261 1584 2329 scribere,
1615 2278 1685 2316 ac
1717 2263 1969 2318 Domino
1999 2262 2102 2316 mi-

454 2353 728 2407 nistrare.
753 2353 871 2406 Hoc
892 2352 1051 2406 enim
1069 2351 1242 2422 juxta
1265 2351 1639 2422 Apostolum,
1664 2352 1840 2408 etiam
1869 2351 1946 2407 ab
1964 2350 2102 2406 affe-

455 2440 563 2495 ctis
585 2439 830 2506 viribus,
854 2443 912 2496 et
939 2442 1103 2495 mala
1128 2439 1486 2508 valetudine,
1519 2457 1554 2496 a
1587 2440 1996 2511 persecutione
2017 2455 2103 2495 se-

454 2529 595 2600 nioq
606 2545 856 2601 ue,opus
874 2545 1164 2584 manuum
1181 2528 1464 2584 habebat.
1475 2531 1626 2586 Sane
1638 2545 1781 2584 vero
1794 2529 2104 2601 appositus

454 2622 562 2684 est,
608 2621 792 2680 Pater,
838 2618 1140 2683 Patribus;
1173 2618 1475 2682 sacerdos,
1519 2617 1920 2683 Pontiﬁcibus,
1965 2622 2103 2672 ante

453 2708 633 2763 etiam
677 2707 1018 2761 unctionem
1060 2707 1218 2777 (26);
1260 2706 1585 2772 confessor,
1620 2706 2100 2772 confessoribus;

451 2795 817 2867 martyribus
846 2795 1154 2867 proposito
1173 2796 1950 2868 martyr;pr&3dicatoribus,
1980 2811 2104 2852 ma-

456 2901 576 2956 gna
602 2883 863 2940 veritatis
891 2885 1055 2940 tuba.
1106 2884 1222 2940 Sed
1251 2890 1308 2940 et
1337 2885 1451 2940 hoc
1490 2885 1823 2940 addiderim
1860 2902 1871 2940 :
1906 2885 2103 2940 Conti-

454 2990 605 3031 nens
628 2973 740 3037 ille,
771 2973 1216 3029 continentibus
1249 2990 1264 3041 ;
1291 2978 1514 3040 castus,
1539 2973 1826 3030 castitatis
1854 2973 2104 3029 amanti-

453 3065 568 3119 bus
597 3078 611 3128 ;
645 3061 977 3133 hospitalis,
1010 3061 1101 3126 iis,
1135 3062 1238 3133 qui
1271 3061 1642 3118 studuissent
1671 3061 2100 3133 hospitalitati;

455 3151 781 3217 modestus,
806 3165 1005 3214 sensu,
1041 3151 1324 3206 modestis
1350 3167 1419 3207 ac
1439 3151 1785 3206 humilibus.
1813 3152 1921 3216 Qui
1952 3150 2105 3206 bene

455 3241 656 3298 omnia
668 3240 937 3296 omnibus
950 3239 1230 3311 3°,quoad
1244 3239 1368 3295 ﬁeri
1383 3239 1820 3311 posset,divina
1833 3240 2104 3312 quadam

453 3329 680 3386 ratione
703 3329 913 3398 fuisset
923 3329 1145 3398 factus,
1176 3333 1238 3383 ut
1257 3344 1473 3394 omnes,
1490 3333 1666 3384 autve
1681 3328 1882 3398 plures
1909 3331 2104 3385 salvos

448 3420 678 3490 faceret
690 3419 758 3485 ³1,
772 3417 1243 3488 apostolicorum
1258 3421 1560 3486 gestorum
1580 3416 2104 3473 informationibus

453 3507 649 3564 nixus.
685 3513 763 3562 Ac
788 3507 1034 3577 quidem
1065 3505 1248 3562 modo
1275 3522 1288 3560 :
1322 3510 1742 3562 consummato
1773 3505 2104 3577 apostolico

454 3613 657 3661 cursu,
680 3596 863 3651 caelos
885 3610 1111 3666 pompa
1135 3595 1484 3664 ingreditur,
1509 3611 1579 3651 ac
1605 3611 1723 3650 una
1758 3611 1896 3650 cum
1927 3611 2106 3665 ange-

454 3685 525 3741 lis
542 3685 722 3740 festos
745 3684 961 3739 choros
983 3683 1168 3748 ducit,
1191 3683 1255 3738 in
1284 3686 1409 3740 loco
1437 3684 1814 3740 tabernaculi
1843 3684 2106 3740 admira-

460 3775 616 3839 bilis,
671 3775 735 3828 in
791 3773 1162 3842 epulantium
1211 3789 1352 3829 sono
1383 3775 1451 3839 ³³,
1484 3774 1720 3828 aeternis
1764 3774 1823 3828 in
1856 3773 2104 3828 Domino

457 3861 662 3920 fruens
692 3862 902 3917 bonis:
936 3877 1170 3935 nosque
1195 3861 1332 3918 inde
1359 3862 1651 3933 propitius
1677 3863 1930 3927 intuens,
1965 3877 2107 3917 suas

458 3968 567 4024 pro
596 3949 926 4006 humilibus
952 3951 1125 4006 nobis
1143 3950 1612 4022 supplicationes
1645 3952 1762 4007 Deo
1787 3951 2106 4006 ferventius

458 4040 648 4097 offert.
681 4041 798 4095 Nos
830 4055 1008 4111 porro
1047 4039 1304 4096 humiles
1333 4039 1688 4113 abjectique,
1723 4055 1829 4111 spe
1858 4039 1917 4095 in
1958 4039 2107 4096 alios

460 4129 690 4196 mutati,
723 4128 1008 4194 feramus,
1032 4129 1252 4197 gratias
1267 4134 1530 4198 agentes,
1552 4130 1599 4183 si
1617 4129 1763 4201 quid
1787 4128 2107 4184 molestum

459 4218 700 4288 ingruit,
725 4220 1028 4288 egregiam
1057 4218 1218 4274 illam
1242 4217 1531 4289 prolocuti
1554 4234 1762 4274 vocem
1785 4233 1798 4270 :
1822 4218 2107 4273 Dominus

460 4307 952 4372 dedit,Dominus
976 4307 1224 4364 abstulit
1253 4327 1272 4364 :
1302 4307 1452 4363 sicut
1475 4308 1722 4363 Domino
1751 4307 2001 4376 placuit,
2020 4308 2109 4363 ita

461 4403 514 4453 et
537 4397 770 4466 factum
797 4404 878 4450 est
907 4397 975 4449 ³³.
1011 4397 1067 4452 Si
1096 4396 1241 4468 quid
1273 4397 1432 4451 enim
1462 4396 1572 4450 fuit
1597 4396 1840 4458 factum,
1877 4395 2106 4450 Domini

463 4487 685 4541 factum
707 4489 794 4540 est
813 4485 1139 4551 voluntate,
1159 4486 1261 4554 qui
1286 4486 1492 4541 omnia
1520 4485 1730 4541 utiliter
1760 4485 2067 4554 dispensat
2092 4500 2104 4538 :

475 4573 981 4629 Voluntatiautem
1001 4576 1150 4644 ejus,
1169 4574 1363 4646 inquit
1383 4574 1753 4630 admirabilis
1770 4573 2106 4644 Apostolus,

538 4683 584 4718 ³ο
614 4681 659 4738 Il
692 4683 825 4739 Cor.
851 4697 932 4748 1x,
963 4682 1052 4736 22.
1129 4682 1172 4717 ³¹
1208 4681 1253 4737 ll
1281 4681 1430 4738 Tim.
1462 4698 1538 4749 1v,
1571 4688 1623 4737 7.

1702 4683 1749 4717 ⁸³
1783 4681 1940 4737 Psal.
1967 4697 2082 4744 xu,
2114 4679 2175 4737 5.

2208 1730 2446 1796 πέμπτην
2496 1722 2761 1797 παρεδόθη
2814 1733 2886 1795 τῷ
2929 1727 3044 1800 ἱερῷ
3075 1727 3241 1796 τάφῳ,
3277 1728 3394 1783 ἤτοι
3427 1724 3813 1796 γλωσσοκόμῳ,

2209 1814 2303 1866 ούκ
2364 1813 2611 1886 ἀκαματὶ,
2672 1810 2788 1866 οὐδ’
2842 1814 2901 1866 ού
2951 1819 3054 1886 μὴν
3099 1814 3340 1878 ἀπονητὶ,
3395 1811 3488 1865 διὰ
3535 1818 3592 1865 τὸ
3641 1816 3817 1866 ἐπιπε-

2208 1906 2466 1955 πτωκέναι
2518 1905 2577 1955 τό
2637 1910 2728 1955 τοῦ
2776 1902 2903 1955 λαοῦ
2959 1903 3173 1967 πλῆθος,
3242 1897 3366 1974 ἆραι
3411 1922 3463 1954 τι
3510 1910 3609 1953 τῶν
3670 1904 3818 1974 ἱερῶν

2209 1990 2473 2064 ἐνταφίων,
2518 1991 2547 2050 ἦ
2607 1999 2697 2043 τοῦ
2746 1997 2918 2064 τιμίου
2969 1991 3235 2062 λειψάνου.
3296 1987 3575 2062 Παροδόθη
3627 1987 3676 2042 δ’
3727 1988 3817 2044 οὖν

2209 2082 2364 2153 ὅμως,
2415 2087 2503 2133 καὶ
2554 2079 2775 2140 ἆπετέθη
2825 2081 2873 2133 ἐν
2926 2089 2998 2152 τῷ
3052 2081 3225 2152 οἰκείῳ
3289 2079 3555 2152 δωματίῳ,
3606 2080 3719 2133 καθ’
3757 2081 3814 2133 ὃν

2207 2175 2361 2222 τόπον
2415 2171 2582 2223 εἰώθει
2632 2171 2657 2221 6
2705 2173 3088 2245 τρισμακάριος
3145 2173 3236 2232 τὰς
3277 2173 3411 2242 ἱερὰς
3465 2173 3678 2241 γράφειν
3733 2174 3815 2222 Βί·

2209 2257 2381 2322 ὅλους,
2438 2263 2528 2311 καὶ
2577 2258 2889 2332 λειτουργεῖν
2943 2264 3138 2333 Κυρίῳ.
3194 2266 3357 2312 Τοῦτο
3409 2261 3507 2333 γὰρ
3559 2255 3619 2317 ἧν
3671 2263 3814 2329 αύτῷ

2211 2347 2588 2412 ἁποστολικῶς,
2642 2354 2732 2401 καὶ
2794 2350 2926 2421 μετὰ
2965 2346 3252 2406 διωκτικὴν
3305 2350 3536 2400 κάκωσιν
3583 2351 3672 2399 καὶ
3719 2356 3815 2419 γῆ-

2208 2458 2320 2509 ρας,
2379 2437 2699 2511 ἐργόχειρον.
2773 2442 2874 2491 Καί
2933 2457 2989 2508 γε
3046 2439 3333 2510 προσετέθη
3394 2439 3420 2489 6
3477 2441 3649 2510 Πατὴρ
3704 2445 3818 2498 τοῖς

2211 2529 2480 2601 Πατράσιν
2536 2544 2549 2557 ”
2605 2528 2631 2578 6
2683 2528 2842 2598 ἱερεὺς
2893 2534 3005 2587 τοῖς
3063 2528 3358 2599 ἱεράρχαις,
3417 2530 3507 2577 καὶ
3565 2529 3665 2598 πρὸ
3719 2534 3819 2589 τῆς

2210 2621 2446 2690 χρίσεως
2478 2633 2490 2645 ·
2534 2617 2559 2667 6
2597 2615 2923 2687 ὁμολογητής
2958 2622 3066 2674 τοῖς
3105 2614 3455 2685 ὁμολογηταῖς
3481 2629 3496 2644 ⁶
3528 2622 3635 2675 τοῖς
3683 2616 3819 2688 μάρ-

2209 2724 2379 2769 τυσιν,
2411 2706 2437 2756 6
2478 2707 2836 2780 προαιρετικὸς
2874 2707 3075 2777 μάρτυς
3105 2720 3118 2733 ·
3163 2705 3188 2755 6
3229 2699 3554 2764 διδάσκαλος
3591 2712 3704 2765 τοῖς
3734 2700 3820 2756 δι-

2212 2791 2497 2857 δασκάλοις
2553 2811 2566 2824 ⁸
2622 2800 2724 2853 τοῖς
2779 2792 3013 2865 κήρυξιν,
3083 2794 3112 2850 ἡ
3159 2792 3358 2864 μεγάλη
3413 2801 3509 2854 τῆς
3561 2791 3819 2855 ἀληθείας

2213 2883 2456 2954 σάλπιγξ.
2507 2883 2792 2954 Προσθείην
2847 2878 2896 2933 δ’
2948 2881 3008 2932 ἂν
3064 2886 3153 2933 καὶ
3205 2888 3374 2932 ταῦτα
3407 2898 3418 2909 ·
3477 2882 3502 2932 6
3553 2879 3820 2956 ἐγκρατής

2210 2980 2318 3034 τοῖς
2382 2973 2704 3044 ἑγκρατέσιν,
2765 2973 2790 3022 6
2855 2969 3011 3042 ἁγνὸς
3071 2977 3180 3030 τοῖς
3246 2969 3527 3041 φιλάγνοις,
3590 2971 3615 3021 6
3673 2970 3818 3042 φιλό-

2213 3061 2350 3125 ξενος
2401 3068 2510 3122 τοῖς
2583 3059 2858 3127 φιλοξένοις
2909 3076 2920 3088 ·
2980 3060 3006 3110 6
3053 3063 3278 3132 μέτριος,
3354 3066 3458 3118 τοῖς
3510 3064 3811 3132 μετριόφρο-

2215 3171 2296 3204 σιν
2331 3170 2344 3183 ο
2373 3149 2656 3203 Ἀπαντα
2708 3157 2844 3210 τοῖς
2884 3155 3080 3200 πᾶσιν
3121 3143 3182 3200 εὖ
3211 3152 3508 3218 γεγονὼς,
3541 3146 3656 3198 καθ’
3685 3147 3810 3197 ὅσον

2213 3241 2317 3293 οἶόν
2371 3258 2424 3292 τε
2489 3241 2797 3312 θεοπρεπῶς,
2868 3237 2969 3288 ἵνα
3031 3240 3177 3296 τοὺς
3237 3237 3494 3304 πάντας,
3557 3235 3586 3293 ἣ
3665 3239 3814 3296 τοὺς

2213 3327 2511 3387 πλείονας
2553 3331 2748 3398 σώσῃ,
2791 3324 3160 3387 ἁποστολικοῖς
3192 3326 3593 3396 κατορθώμασιν
3623 3322 3820 3397 ἐπερει-

2214 3413 2450 3486 δόμενος.
2504 3419 2606 3468 Καὶ
2684 3423 2770 3466 νῦν
2823 3414 2980 3476 αὐτὸς
3039 3417 3148 3486 μεν,
3211 3411 3552 3465 ἁποστολικὸν
3619 3412 3822 3465 ἐκτετε-

2211 3504 2367 3566 λεκὼς
2424 3500 2639 3578 δρόμον,
2697 3506 2839 3556 ἔστιν
2894 3503 3138 3576 ούρανούς
3190 3501 3504 3574 ἐμϐατεύων,
3574 3506 3663 3554 καὶ
3724 3501 3821 3574 ἀγ-

2211 3593 2369 3664 γέλων
2401 3593 2878 3665 συμπανηγυρίζων
2903 3597 3161 3664 χορείαις,
3217 3591 3305 3644 Ἐν
3351 3596 3516 3662 τόπῳ
3572 3599 3814 3652 σκηνῆς

2217 3684 2609 3754 θαυμαστῆς,
2644 3679 2700 3732 ἐν
2727 3684 2868 3751 ἤχῳ
2908 3680 3363 3753 ἑορταζόντων,
3398 3679 3445 3730 ἐν
3476 3685 3649 3752 Κυρίῳ
3680 3680 3813 3731 ἀπο-

2211 3771 2378 3823 λαύων
2454 3779 2552 3822 τῶν
2629 3769 2848 3821 αἰωνίων
2906 3768 3114 3840 ἀγαθῶν
3170 3785 3182 3798 ⁸
3254 3767 3487 3821 κάκεῖθεν
3539 3770 3677 3840 ἡμᾶς
3730 3769 3823 3821 ἐπ-

2212 3863 2438 3913 οπτεύων
2483 3859 2644 3922 ἵλεως,
2698 3861 2788 3918 τὰς
2827 3859 2952 3932 ὑπὲρ
3012 3860 3158 3930 ἡμῶν
3207 3866 3306 3910 τῶν
3367 3866 3616 3910 ταπεινῶν
3673 3858 3823 3920 λιτὰς

2213 3957 2284 4020 τῷ
2344 3953 2518 4020 Κυρίῳ
2573 3952 2846 4020 προσφέρει
2905 3949 3225 4020 θερμότερον.
3280 3945 3456 4017 Ἡμεῖς
3515 3942 3575 3998 δὲ
3622 3947 3671 3998 οἱ
3731 3966 3826 3998 ται

2213 4042 2397 4103 πεινοὶ,
2451 4045 2512 4109 τῇ
2569 4039 2658 4109 μὲν
2715 4032 2892 4088 ἐλπίδι
2942 4034 3398 4108 μεταϐαλλόμενοι,
3458 4039 3685 4107 φέρωμεν
3741 4035 3828 4087 εύ-

2213 4131 2487 4202 χαρίστως
2531 4129 2588 4178 τὸ
2635 4125 2886 4200 λυπηρόν,
2942 4129 3036 4182 τήν
3090 4121 3333 4196 ἀοίδιμον
3383 4123 3576 4182 ἐκείνην
3608 4125 3830 4196 φθεγγὸ-

2215 4235 2356 4288 μενοι
2383 4220 2551 4288 φωνήν
2585 4213 2682 4267 ’Ὀ
2725 4216 2963 4288 Κύριος
3011 4209 3272 4278 ἔδωκεν,
3304 4213 3330 4264 6
3375 4215 3613 4286 Κύριος
3651 4211 3830 4285 ἀφεί-

2215 4305 2352 4357 λετο
2385 4322 2398 4334 '
2433 4307 2510 4367 ὡς
2549 4312 2629 4374 τῷ
2669 4305 2886 4376 Κυρίῳ
2926 4298 3171 4367 ἔδοξεν,
3213 4303 3378 4354 οὕτω
3408 4305 3515 4353 καὶ
3546 4301 3829 4373 ἐγένετο.

2217 4397 2277 4447 Εἴ
2305 4413 2353 4445 τι
2384 4395 2484 4467 γὰρ
2528 4397 2726 4463 γέγονε,
2778 4390 3029 4462 θελήματι
3083 4395 3276 4461 Κυρίου
3322 4394 3518 4460 γέγονε,
3560 4397 3652 4442 τοῦ
3695 4409 3834 4462 συμ-

2218 4487 2469 4554 φερόντως
2496 4483 2667 4534 πάντα
2685 4481 3072 4549 οἰκονομούντος
3102 4498 3114 4510 ο
3176 4486 3215 4532 Τ
3232 4488 3270 4550 ῷ
3328 4476 3395 4531 δὲ
3447 4476 3650 4552 βουλή
3668 4499 3800 4551 ματ
3815 4501 3834 4532 ι

2220 4571 2436 4635 αύτού,
2495 4572 2564 4632 ὦς
2618 4588 2776 4641 φησιν
2825 4570 2850 4620 6
2906 4570 3039 4629 θεῖος
3113 4566 3452 4632 Ἀπόστολος,
3532 4570 3629 4628 τίς
3683 4568 3833 4620 ἀνθ-

2257 4680 2304 4714 ³³
2331 4677 2444 4733 .Iob
2477 4694 2513 4742 ι,
2544 4677 2636 4731 21.

2061 4777 2286 4834 ΝΟΤΛΕ.

540 4868 674 4941 (24).
709 4869 781 4924 In
810 4869 1011 4938 magni
1037 4867 1198 4941 Petri
1216 4868 1630 4941 ⁸Αιεεεαηάνίηίὶ
1648 4869 1884 4938 funere,
1915 4866 1995 4919 ἐπὶ
2020 4874 2112 4919 τοῦ

467 4936 694 5014 μεγάλου
753 4936 945 5021 Πετρορ
991 4936 1401 5021 ’ᾼλεξοινιὸρε-ίοιςἷ
1445 4936 1841 5021 Non_vid_etur
1884 4947 2114 5021 exstare

467 5011 654 5084 quam
675 5011 882 5084 auctor
910 5011 1523 5084 insinuathistoriam,
1544 5011 1768 5084 obortus
1793 5017 2112 5084 tempesta-

468 5081 543 5138 tis
565 5083 644 5138 ad
660 5083 972 5138 elationem
991 5082 1219 5138 funeris
1248 5084 1399 5138 Petri
1429 5099 1443 5149 ;
1473 5083 1803 5152 probandae
1832 5081 2113 5136 nimirum

469 5155 769 5210 devotioni
807 5154 998 5224 plebis
1040 5154 1474 5218 Alexandrina,
1508 5154 1566 5207 in
1599 5169 1959 5208 coronarum
1987 5152 2114 5220 jam

471 5231 771 5305 pastorem
792 5241 988 5305 suum,
1013 5226 1069 5305 in
1093 5241 1274 5305 quem
1294 5225 1367 5280 ad
1386 5239 1671 5305 coronam
1697 5228 2116 5305 properantem

472 5295 554 5350 sic
569 5297 1076 5362 fuissentassidui,
1095 5295 1157 5350 ut
1169 5298 1256 5351 vix
1270 5312 1390 5351 non
1404 5295 1781 5364 impedierint
1795 5309 2114 5359 coronam;

470 5368 603 5436 ipso
635 5367 785 5422 adeo
832 5368 1018 5428 Petro.
1063 5383 1136 5422 ne
1182 5367 1282 5423 illa
1319 5367 1759 5420 desiderantem
1809 5365 2113 5430 effugeret,

473 5438 813 5494 clanculum
841 5444 896 5492 et
917 5437 1260 5509 piafraude,
1295 5437 1716 5509 spiculatorem
1747 5436 2113 5509 admittente,

472 5510 614 5565 dato
627 5509 874 5564 consilio
891 5507 1249 5564 suﬂ'odiendi
1268 5507 1442 5564 noctu
1467 5525 1724 5572 murum,
1747 5524 1868 5578 quo
1900 5507 1946 5560 is
1969 5512 2114 5571 tuto,

469 5581 724 5651 lusoque
759 5581 1005 5652 populo,
1029 5586 1207 5651 caput
1228 5585 1645 5648 amputatnrns
1675 5579 1980 5633 accederet
2020 5579 2118 5635 Mi-

470 5653 674 5709 randas
701 5651 952 5708 omnino
981 5656 1154 5716 artes,
1187 5652 1294 5707 sed
1325 5651 1667 5708 amantibus
1693 5656 1867 5706 notua.

2296 4863 2426 4934 (25).
2461 4865 2577 4919 Seu
2610 4862 2859 4934 tumulo,
2892 4864 3012 4918 ἤτοι
3046 4859 3595 4934 ᾐωσσοκψωῃνοχ
3627 4861 3840 4934 minus

2224 4930 2503 5006 frequens
2535 4951 2604 4988 eo
2655 4931 3228 5006 signiﬁcatOsForte
3278 4930 3585 5006 signiﬁcat
3625 4932 3839 5000 ipsum

2224 5003 2588 5077 phe'retrum,
2619 5005 2780 5076 quod
2804 5003 3289 5077 fueritclausum,
3312 5003 3631 5077 condendo
3657 5010 3838 5060 terrm

2225 5073 2397 5133 sacro
2424 5073 2802 5144 corpus—culo,
2827 5076 2989 5145 quod
3014 5074 3302 5127 hactenus
3322 5073 3607 5127 omnibus
3638 5077 3840 5129 visen-

2223 5149 2368 5203 dum
2397 5147 2753 5218 prostitisset
2787 5163 2800 5211 ;
2846 5151 2907 5199 ut
2937 5146 3284 5218 etiamnum.
3333 5145 3590 5218 maxime
3617 5145 3676 5198 in
3715 5148 3840 5202 Deo

2225 5214 2529 5275 sacrorum
2565 5218 2876 5272 hominum
2911 5216 3226 5286 exsequiis,
3252 5214 3377 5268 ﬁeri
3407 5217 3571 5268 solet.

2295 5290 2726 5362 (26).Sacerdos
2738 5288 3278 5362 pontiﬁcibusgmte
3290 5288 3460 5340 etiam
3476 5286 3835 5362 unctionem,

2225 5364 2250 5415 6
2285 5358 2447 5432 ἱερεύς
2475 5369 2579 5420 τοῖς
2613 5363 2904 5430 ἱεράρχαις,
2939 5363 3028 5409 καὶ
3058 5361 3158 5432 πρὸ
3189 5363 3568 5432 τῆς-χρίσεως.
3613 5358 3834 5432 Simile

2227 5427 2407 5489 habet
2425 5434 2594 5487 Joan.
2615 5427 3264 5501 Hierosolymitanusin
3289 5427 3582 5501 Joannem
3611 5430 3834 5501 Dama-

2226 5521 2494 5568 scenum,
2511 5519 2816 5574 exponens
2840 5499 3022 5555 sancti
3041 5499 3830 5570 Stephanijuniorisdictum

2226 5577 2369 5631 illud
2402 5578 2461 5629 in
2492 5577 2710 5643 ipsum,
2744 5590 2864 5644 quo
2899 5575 3030 5624 θεῖον
3061 5576 3157 5644 καῖ
3190 5574 3410 5644 θεφὸρον-
3431 5577 3605 5644 vocat
3637 5587 3826 5644 ;rquaa

2227 5640 2935 5720 nimirum'propriasunt
2961 5640 3331 5716 pontiﬁcum,
3355 5640 3469 5707 κᾶν,
3503 5640 3727 5715 inquit,
3755 5648 3827 5717 μή
