4038 6312
241 318 380 375 1849

1382 322 1475 377 DE
1515 320 1927 379 SCHISMATE
1966 321 2455 381 STUDITAHUM.

3456 320 3596 376 1850

237 447 512 510 ἐστηκε;
572 443 711 502 Πλὴν
768 445 848 496 ὅτι
913 449 1002 498 καὶ
1056 450 1116 499 τὸ
1204 454 1300 509 τῆς
1369 450 1571 519 φύσεως
1635 450 1828 501 πανθά-

1942 449 2075 520 quis
2118 448 2393 504 restitit“
2417 449 2446 505 ?
2489 451 2801 516 Caeterum,
2831 448 2976 521 quia
3005 446 3184 503 etiam
3214 450 3438 501 naturae
3456 445 3594 516 jura

236 551 406 603 νομεν,
484 536 574 584 καὶ
671 531 962 605 ὀρφανικῶς
1084 532 1484 608 ἀποδυρόμενοι,
1587 540 1674 589 τὸν
1767 540 1835 598 ὡς

242 619 465 685 ἀληθῶς,
535 624 625 673 καὶ
734 622 982 693 φιλόθεον,
1066 628 1157 675 καὶ
1241 624 1532 696 φιλότεκνον
1634 629 1837 697 Πατέρα

241 706 622 783 διεξερχόμεθα
657 727 669 739 ·
703 716 793 764 καί
830 732 886 783 γε
938 712 1172 784 μάλιστα
1219 715 1433 786 ὁρῶντες
1484 715 1831 781 καθεκάστην,

1655 803 1807 857 οἰλλου

241 824 471 872 καθαπερ
560 824 812 861 πετηνους
885 824 1005 863 τους
1089 824 1341 875 αοεΑφους
1408 824 1553 875 ημων
1655 824 1835 865 αΑΑους

241 886 551 959 ἀλλαχόθεν,
605 893 726 951 τοὺς
809 894 900 962 μὲν
956 890 1189 963 ἐγγύθεν,
1268 896 1389 954 τοὺς
1464 888 1522 945 δὲ
1572 892 1834 967 πόρρωθεν

734 622 982 693 φιλόθεον,

1066 628 1157 675 καὶ
1241 624 1532 696 φιλότεκνον

238 801 471 872 καθάπερ
560 804 812 861 πετηνοὺς
885 805 1005 863 τοὺς
1089 800 1341 875 ἀδελφοὺς
1408 805 1553 875 ἡμῶν

241 981 664 1049 προστρέχοντας
746 987 817 1049 τῷ
895 980 1131 1053 πατρικῷ
1203 983 1367 1052 τάφῳ,
1466 979 1699 1052 ἀμειδείς
1761 990 1832 1053 τῷ

239 1070 524 1137 προσώπῳ,
581 1065 963 1139 ἐρικνωμένους,
1035 1069 1370 1141 αὐχμηροὺς,
1449 1066 1830 1145 δακρυρροοῦν-

240 1174 354 1220 τας,
390 1161 857 1228 συστρεφομένους,
913 1164 1002 1210 καὶ
1057 1157 1110 1209 ἐκ
1158 1156 1355 1231 βάθους
1406 1164 1782 1231 ποτνιωμένους
1814 1180 1827 1193 ·

239 1246 309 1305 ὡς
360 1249 449 1295 καὶ
497 1244 550 1307 ἐξ
588 1245 752 1307 αὐτῆς
812 1246 972 1317 ὄψεως
1021 1247 1369 1322 γνωρίζεσθαι
1422 1254 1556 1300 πᾶσι
1600 1252 1685 1300 τόν
1716 1254 1833 1324 τρό-

237 1352 331 1384 πον
366 1350 378 1361 ·
441 1332 568 1385 ἀλλὰ
614 1338 716 1405 μὴν
770 1341 858 1387 καὶ
892 1335 1095 1408 ἐτέρους
1145 1336 1379 1399 πλείονας
1425 1346 1525 1389 τῶν
1566 1347 1832 1413 πατρικῶν

240 1420 661 1475 ἀπολελαυκότων
743 1425 1046 1499 εὐεργεσιῶν
1127 1428 1244 1479 κατ’
1320 1426 1601 1499 ἀμφότερα.
1664 1427 1831 1499 Ὑμεῖς

240 1506 319 1575 δε,
348 1508 387 1561 ὦ
411 1518 822 1583 μακαριώτατοι,
876 1516 942 1565 re
991 1517 1085 1566 ἶσα
1150 1514 1194 1566 εί
1240 1520 1327 1567 καὶ
1379 1516 1587 1568 πλείονα
1616 1519 1827 1583 εἴποιτε,

238 1602 303 1659 ὼς
356 1598 735 1672 ἀπολειφθέντες
792 1608 881 1654 καὶ
948 1612 1039 1663 τῆς
1087 1606 1171 1655 ἐπὶ
1249 1612 1311 1677 τῇ
1367 1607 1685 1677 μεταστάσει
1740 1613 1830 1657 τοῦ

1247 1692 1659 1764 ἀποκλαιόμενοι,
1742 1700 1830 1747 καὶ

238 1691 584 1764 παμμάκαρος
661 1691 938 1762 αὐτοψίας,
1047 1698 1136 1745 καὶ

238 1774 641 1852 ἀποδυρόμενοι.
694 1780 827 1833 Ἀλλ’
868 1778 955 1833 οὖν
1017 1778 1110 1834 διὰ
1160 1791 1258 1834 τῶν
1317 1782 1691 1850 ἀκουσθέντων,
1742 1789 1831 1836 καὶ
1864 1813 1905 1865 Β

238 1865 578 1939 ἔλπιξομένων
657 1873 1065 1942 παρηγορήθητε
1157 1876 1245 1923 καὶ
1333 1871 1647 1943 ἀναψύξατε,
1742 1879 1830 1927 καὶ

238 1959 361 2028 πρὸς
392 1961 449 2009 τό
488 1957 608 2020 ἑξῆς
637 1961 823 2030 ἔχεσθε
875 1968 968 2012 τοῦ
996 1960 1155 2013 καλοῦ
1206 1962 1347 2033 ὐμῶν
1392 1958 1591 2033 δρόμου
1623 1960 1831 2034 ἀνολιγ-

237 2050 377 2119 ώρως
409 2062 421 2075 ⁶
490 2046 764 2119 εὐχόμενοι
821 2054 909 2101 καὶ
958 2050 1084 2122 ὑπὲρ
1128 2058 1225 2111 τῆς
1281 2056 1635 2112 ταπεινώσεως
1684 2054 1828 2123 ἡμῶν

237 2131 601 2204 ἀδιαλείπτως,
658 2140 765 2189 ἐπεὶ
808 2143 898 2189 καὶ
973 2140 1122 2209 ἡμεῖς
1178 2141 1302 2211 ὑπὲρ
1362 2148 1457 2201 τῆς
1527 2146 1830 2212 τιμιότητος

235 2224 397 2293 ὑμῶν,
430 2224 474 2276 εἰ
502 2230 590 2277 καὶ
629 2225 919 2301 τολμηρῶς.
982 2234 1162 2280 Πᾶσαν
1221 2230 1363 2301 ὐμῶν
1428 2234 1522 2288 τὴν
1579 2228 1826 2283 συνοδίαν

232 2315 364 2383 μετά
432 2320 520 2366 καὶ
593 2325 692 2367 τῶν
767 2318 954 2368 λοιπῶν
1026 2315 1315 2390 ἀδελφικώς
1371 2323 1827 2393 προσαγορεύομεν

234 2398 309 2453 δι’
335 2403 495 2474 ὑμῶν.
528 2406 592 2456 Οἱ
650 2409 745 2456 σὺν
774 2407 919 2477 ἡμῖν,
950 2405 1169 2459 πλεῖστα
1228 2411 1682 2481 προσαγορεύουσι
1732 2414 1825 2468 τὴν

233 2494 528 2562 ἁγιωσύνην
555 2494 716 2565 ὑμῶν.

309 2599 357 2633 ⁸¹⁸
389 2601 556 2654 Rom.
594 2617 668 2665 ιχ,
700 2602 787 2657 19.

1943 536 2218 592 subimus
2237 537 2371 609 (27),
2388 538 2753 611 pupillorum
2772 553 2937 593 more
2958 536 3362 607 deplorantes,
3385 549 3520 590 vere
3537 537 3595 591 et

1945 626 2043 681 Dei
2097 630 2153 681 et
2196 625 2455 682 ﬁliorum
2505 627 2763 683 amantis
2814 626 3016 691 Patris,
3064 641 3157 680 res
3214 638 3590 679 enarramus.

1944 716 2095 771 Sane
2124 714 2218 771 vel
2266 716 2546 782 maxime,
2598 732 2738 772 cum
2767 732 2876 771 ceu
2915 714 3202 778 aviculas,
3235 711 3448 769 fratres
3488 726 3594 768 no—

1941 810 2113 871 stros,
2145 805 2294 861 alios
2322 804 2609 877 aliosque,
2634 822 2705 861 ex
2726 805 2854 861 aliis
2881 805 3131 874 aliisque
3154 800 3593 874 propinquiori-

1937 892 2053 949 bus
2075 910 2146 949 ac
2166 894 2588 950 remotioribus
2605 895 2775 961 locis,
2801 894 2877 950 ad
2904 898 3223 966 paternum
3246 889 3589 962 sepulcrum

1939 988 2335 1053 accurrentes,
2370 983 2429 1038 in
2450 984 2579 1038 dies
2609 983 2943 1047 videamus,
2974 980 3137 1036 vultu
3160 979 3454 1044 tetricoso,
3482 979 3593 1034 im-

1940 1072 2195 1127 maniter
2225 1070 2475 1128 afﬂictos
2504 1088 2575 1127 ac
2612 1072 2810 1128 tristes
2851 1071 2988 1143 (28),
3032 1068 3364 1141 squalidos,
3400 1067 3592 1139 lacry-

1940 1160 2054 1215 mis
2097 1159 2454 1228 difﬂuentes,
2504 1176 2637 1217 sese
2689 1164 3170 1232 contorquentes,
3226 1173 3420 1229 exque
3467 1156 3590 1213 imo

1938 1256 2175 1321 pectore
2218 1258 2546 1319 gementes,
2579 1254 2643 1306 ut
2680 1249 2773 1306 vel
2799 1266 2869 1305 ex
2909 1249 3044 1321 ipso
3090 1252 3354 1319 aspectu,
3388 1245 3590 1319 quivis

1940 1340 2137 1394 statim
2186 1344 2476 1408 agnoscat
2521 1338 2820 1395 aﬂ‘ectum.
2868 1338 3022 1404 Quin
3070 1342 3128 1392 et
3173 1336 3322 1392 alios
3364 1334 3587 1406 plures,

1937 1428 2040 1499 qui
2082 1428 2139 1482 in
2188 1438 2439 1499 utroque
2477 1435 2729 1500 paterna
2760 1427 3053 1484 beneﬁcia
3100 1424 3404 1481 consecuti
3451 1423 3589 1479 sint.

1941 1518 2051 1572 Vos
2083 1533 2279 1589 porro,
2312 1517 2663 1584 beatissimi,
2696 1516 2931 1582 eadem,
2966 1532 3035 1572 ac
3064 1516 3134 1571 iis
3172 1514 3344 1586 plura
3373 1512 3588 1569 dixeri-

1939 1607 2032 1672 tis,
2065 1607 2179 1662 hoc
2206 1607 2282 1662 ad
2310 1606 2426 1662 alia
2452 1607 2853 1678 deplorantes,
2886 1605 3051 1678 quod
3082 1604 3156 1659 sit
3186 1609 3492 1672 negatum,
3527 1606 3593 1658 ut

1940 1702 2023 1752 ter
2039 1696 2199 1750 beati
2219 1697 2328 1751 viri
2346 1696 2615 1752 transitui
2641 1701 2968 1768 prmsentes
2992 1692 3225 1749 essetis.
3249 1692 3587 1755 Enimvero,

1939 1785 2352 1851 consulamini,
2383 1802 2485 1856 per
2514 1801 2585 1842 ea
2610 1802 2746 1857 quae
2778 1784 3027 1839 audistis
3053 1790 3110 1839 et
3134 1781 3404 1854 speratis,
3428 1780 3589 1836 refri-

1940 1874 2225 1946 gerioque
2237 1874 2486 1937 alacres,
2510 1874 2807 1946 reliquum
2823 1873 3051 1929 bonum
3064 1887 3309 1927 cursum
3324 1875 3587 1925 vestrum

1938 1963 2193 2034 impigre
2218 1963 2655 2035 prosequimini
2678 1980 2691 2018 :
2711 1963 2892 2018 etiam
2920 1961 3323 2016 indesinenter
3342 1974 3447 2031 pro
3478 1975 3589 2014 no-

1938 2058 2060 2108 stra
2081 2052 2407 2107 humilitate
2426 2058 2754 2122 precantes,
2778 2051 3026 2123 quando
3050 2054 3108 2105 et
3128 2065 3239 2105 nos
3270 2064 3376 2119 pro
3392 2048 3586 2104 hono-

1938 2143 2128 2197 randa
2156 2147 2349 2197 vestra
2378 2141 2659 2196 charitate
2684 2157 2697 2194 :
2731 2156 3083 2212 quanquam
3107 2138 3378 2194 videatur
3404 2136 3465 2193 id
3487 2154 3588 2193 au-

1935 2232 2282 2288 daciuscule
2295 2232 2541 2286 dictum:
2563 2230 2670 2286 Per
2696 2246 2825 2294 vos,
2841 2230 3095 2284 fraterne
3110 2227 3302 2284 saluto
3321 2232 3585 2282 vestrum

1936 2336 2177 2376 omnem
2218 2322 2579 2375 conventum
2623 2335 2759 2374 cum
2805 2318 3067 2389 reliquis.
3110 2317 3218 2382 Qui
3266 2315 3583 2371 nobiscum

1936 2416 2074 2465 sunt
2125 2408 2334 2465 fratres
2387 2408 2714 2480 plurimum
2764 2407 3021 2463 salutant
3071 2406 3447 2461 sanctitatem
3496 2420 3589 2459 ve-

1938 2502 2145 2554 stram.

1060 2850 1138 2906 IN
1181 2848 1795 2920 SUBSEQUENTEM
1837 2849 2402 2910 NARRATIONEM
2443 2850 2819 2910 MONITUM.

302 2986 389 3041 Ad
428 3001 554 3041 rem
585 2988 935 3043 canonicam
951 2990 1119 3043 valde
1142 2992 1390 3061 pertinet
1428 2992 1687 3047 narratio
1718 2992 1995 3064 quaedam
2033 2992 2266 3047 dissidii
2297 2991 2388 3047 vel
2428 2992 2627 3062 potius
2659 2990 2993 3046 schismatis
3022 2987 3309 3045 Theodori
3342 2986 3585 3043 Studitm

231 3091 266 3130 a
296 3075 534 3131 duobus
575 3075 925 3145 patriarchis
967 3079 1205 3133 Tarasio
1232 3085 1287 3133 et
1313 3079 1660 3150 Nicephoro,
1696 3080 1858 3152 quod
1895 3097 1931 3135 a
1964 3080 2148 3136 Studii
2171 3080 2387 3135 deinde
2417 3079 2730 3135 monachis
2760 3077 2941 3149 paulo
2963 3076 3142 3132 ditius
3167 3076 3586 3132 continuatum

229 3163 355 3218 fuit.
389 3166 461 3219 Ea
488 3182 623 3220 cum
660 3165 800 3219 mihi
823 3172 1144 3237 conspecta
1168 3166 1342 3223 fuerit
1371 3168 1426 3223 in
1458 3170 1599 3224 Cod.
1627 3172 1747 3225 Vat.
1774 3170 2024 3241 praecisa
2051 3169 2383 3224 admodum
2413 3174 2469 3223 et
2496 3168 2641 3224 satis
2672 3167 2847 3237 utilis,
2867 3166 3005 3222 nolo
3030 3165 3308 3222 fraudare
3338 3165 3588 3222 lectores

229 3268 395 3307 meos
425 3253 497 3307 de
528 3254 639 3309 hac
670 3254 1081 3310 ecclesiasticas
1112 3256 1369 3313 historiae
1400 3258 1705 3329 particula.
1731 3290 1801 3299 —
1824 3259 1965 3315 Anc.
1995 3260 2103 3313 MAI
2135 3258 2417 3328 Spicileg.
2448 3258 2613 3315 Rom.
2657 3260 2698 3312 t.
2735 3259 2846 3323 Vll,
2878 3272 2938 3327 p.
2969 3271 3129 3311 nix.

342 3454 493 3521 Περὶ
553 3456 886 3532 Ταρῖασμίου
940 3456 1048 3504 καὶ
1092 3458 1468 3526 Νικηφόρου
1510 3462 1630 3507 τῶν
1660 3454 1719 3506 ἓν

675 3527 889 3593 ἁγίοις
928 3544 1089 3596 πατρ
1111 3534 1379 3597 ιαρχῶν.

300 3609 420 3662 Ὅτι
457 3614 719 3683 Ταράσιος
750 3617 839 3663 καὶ
884 3618 1180 3685 Νικηφόρος
1239 3616 1286 3665 οἱ
1348 3611 1586 3687 ἀοίδιμοι
1637 3634 1825 3689 πατρι-

231 3698 398 3771 ἀρχαι
477 3700 771 3771 οἰκονομίας
860 3704 1004 3763 me;
1103 3702 1397 3774 ἀναγκαίως
1490 3703 1823 3772 ἐποιήσαντο,

232 3784 304 3839 δι’
350 3788 410 3851 οἷς
457 3794 546 3840 καὶ
599 3792 890 3861 ἀπέσχισεν
942 3791 1123 3843 ἑαυτὸν
1178 3792 1232 3843 ἐκ
1269 3800 1357 3852 τῆς
1414 3796 1609 3845 τούτων
1647 3813 1825 3846 κοινω-

232 3883 341 3937 νίας
388 3879 413 3928 ό
476 3876 521 3928 ἐν
583 3878 749 3948 ἁγίοις
819 3876 1089 3953 Θεόδωρος
1138 3881 1163 3930 ό
1235 3878 1546 3945 Στουδίτης,
1594 3885 1663 3944 ὡς
1715 3879 1821 3941 ἢδη

228 3963 671 4039 παρεδηλώσαμεν
710 3984 723 3997 ·
778 3966 1025 4039 βούλεται
1078 3966 1163 4020 οὖν
1217 3971 1242 4021 ό
1294 3969 1445 4041 λόγος
1497 3974 1685 4031 ταύτας
1743 3968 1825 4023 διο

228 4058 555 4127 ηγήσασθαι.
614 4056 674 4109 Ὀ
716 4060 817 4132 γὰρ
893 4057 1139 4130 βασιλεὺς
1195 4066 1597 4125 Κωνσταντῐνος,
1654 4063 1679 4113 ό
1736 4068 1825 4121 τῆς

1861 3453 1903 3510 C

2027 3455 2109 3512 De
2134 3455 2353 3512 sanctis
2377 3454 2746 3526 patriarchis
2785 3452 3030 3509 Tarasio
3055 3456 3108 3508 et
3139 3450 3495 3521 Nic-ephoro.

2008 3614 2359 3671 Patriarchaa
2400 3612 2663 3669 celebres
2697 3611 2971 3668 Tarasius
3000 3616 3178 3683 atque
3222 3610 3589 3683 Nicephorus

1937 3704 2411 3775 dispensationes
2454 3701 2752 3775 quasdam
2779 3700 3060 3765 fecerunt,
3094 3716 3351 3773 quarum
3398 3716 3589 3756 causa

1936 3794 2233 3863 separavit
2253 3809 2315 3847 se
2337 3792 2415 3847 ab
2435 3791 2673 3847 illorum
2694 3790 3119 3846 communione
3142 3794 3384 3845 sanctus
3400 3790 3591 3845 Theo-

1934 3883 2118 3937 dorus
2166 3881 2415 3945 Studita,
2460 3885 2521 3936 ut
2554 3880 2682 3951 jam
2726 3878 3218 3948 signiﬁcavimus.
3272 3878 3367 3934 Rei
3410 3878 3590 3949 igitur

1935 3971 2183 4027 historia
2233 3969 2555 4041 pandenda
2602 3973 2709 4025 est.
2764 3971 3090 4039 Imperator
3139 3966 3585 4036 Constantinus,

1938 4061 2231 4131 religiosa:
2254 4059 2448 4113 lrenes
2474 4058 2654 4123 ﬁlius,
2677 4072 2858 4114 uxore
2882 4072 2990 4111 sua
3014 4056 3223 4127 ejecta,
3256 4062 3312 4112 et
3338 4072 3444 4128 per
3464 4056 3586 4112 vim

1797 4168 2019 4225 NOTAE.

228 4266 574 4333 κεχρισμένος
603 4257 663 4336 ἧν
695 4264 1091 4335 ἀρχιερωσύνης
1120 4271 1193 4335 τῷ
1215 4269 1480 4336 χρίσματι
1513 4286 1525 4297 ·
1552 4266 1637 4320 sic
1662 4266 1820 4320 enim

229 4349 339 4404 ego
355 4349 493 4387 cum
508 4334 975 4405 ms.jungerem,
1001 4353 1120 4390 non
1153 4334 1457 4391 utliab‘ent
1479 4337 1659 4400 edita,
1686 4354 1820 4392 cum

228 4404 616 4479 sequentibus
636 4405 709 4458 de
739 4404 1046 4479 martyrio,
1081 4408 1156 4479 ad
1203 4410 1363 4479 quod
1398 4408 1649 4463 chrisma
1678 4408 1822 4462 illud

226 4477 576 4601 pontiﬁcum
592 4477 991 4532 accidentario
1012 4478 1204 4541 habet,
1224 4477 1530 4534 communi
1555 4480 1822 4550 martyrii

249 4547 933 4601 aureaomuibominum
950 4552 1121 4601 statui
1151 4550 1413 4601 etordiui
1452 4569 1463 4601 :
1490 4566 1597 4601 nec
1626 4552 1822 4601 minus

249 4547 933 4603 aureaomuibominum
950 4552 1121 4603 statui
1151 4550 1413 4605 etordini
1452 4569 1463 4615 ;
1490 4566 1597 4604 nec
1626 4547 1823 4605 minus

226 4617 305 4673 ad
326 4632 535 4695 omnes
554 4619 833 4681 habente.
852 4636 1036 4695 quam
1054 4621 1271 4695 habeat
1295 4621 1503 4676 Christi
1537 4621 1820 4695 charitas,
1854 4641 1897 4695 ι)

226 4694 553 4763 a_qua_est,
578 4694 640 4763 ut
669 4692 1020 4760 martyrium
1067 4691 1178 4757 sit;
1210 4699 1493 4763 Operante
1544 4694 1603 4747 in
1635 4709 1726 4758 eo,
1761 4697 1822 4747 ut

226 4759 436 4814 Christi
453 4762 731 4829 passione
746 4759 1265 4833 perimitationem'
1279 4765 1493 4833 operis,
1512 4764 1589 4818 ita
1606 4764 1821 4833 Spiritu

226 4840 431 4885 sancto
446 4847 550 4900 per
563 4834 941 4899 potissimum
956 4834 1280 4889 dilectionis
1297 4835 1507 4889 affectu
1520 4843 1667 4899 m,ut
1682 4837 1822 4890 scite

224 4902 434 4977 doctor
462 4911 659 4957 noster
684 4905 1075 4977 angelicus3.
1113 4923 1169 4977 p.
1199 4924 1257 4976 q.
1295 4911 1385 4962 66.
1420 4906 1562 4961 a12.
1591 4910 1714 4961 Non
1740 4907 1821 4961 sic

225 4977 302 5049 τὸ,
339 4975 621 5049 650969021;
664 4976 768 5029 sed
804 4978 873 5029 iis
927 4976 1085 5031 velut
1115 4975 1429 5047 proprium
1462 4984 1567 5041 est,
1600 4979 1821 5049 quibus

223 5045 541 5119 Apostolus
572 5046 905 5101 doctrinam
932 5054 990 5100 ut
1013 5045 1318 5118 propriam
1342 5049 1545 5101 tribuit
1570 5066 1581 5102 :
1606 5045 1820 5119 nempe

227 5118 568 5189 pastoribus
600 5123 653 5170 et
684 5118 1005 5187 episcOpis:
1025 5135 1177 5189 quos
1199 5120 1703 5188 Oporteatabipsa
1732 5118 1821 5173 ra-

229 5188 385 5240 tione
414 5187 587 5241 ofﬁcii
618 5204 744 5242 esse
768 5189 885 5243 Deo
927 5187 1181 5249 afﬂatos,
1212 5208 1279 5243 ac
1305 5208 1410 5244 ceu
1437 5187 1676 5245 afﬂante
1703 5192 1820 5245 Deo

226 5260 440 5313 docere
454 5277 518 5312 su
531 5258 752 5329 bjectas
768 5260 998 5329 plebes;
1022 5268 1080 5315 ut
1093 5262 1187 5313 alii
1212 5278 1442 5325 omnes,
1471 5262 1592 5315 sive
1608 5262 1821 5317 Dama-

230 5330 1816 5403 scenus,siveTheodorus.siveMaximus,autEphrtem,

228 5406 543 5471 nosterque
562 5402 976 5472 Hieronymus,
1006 5419 1074 5457 ac
1090 5410 1381 5474 quotquot
1399 5419 1515 5458 non
1531 5402 1814 5474 episcopi,

224 5487 361 5545 vere
392 5474 626 5545 θεοφόροι
650 5479 705 5527 et
731 5474 837 5543 ipsi
866 5474 1119 5537 fuerunt,
1152 5475 1308 5528 velut
1339 5476 1605 5545 quadam
1636 5476 1818 5541 parti-

224 5544 519 5616 cipatione
554 5546 869 5613 pastoralis
902 5545 1054 5599 illius
1081 5547 1342 5609 spiritus,
1366 5544 1669 5616 ejusmodi
1695 5546 1813 5599 fue-

224 5614 342 5670 rint
370 5631 383 5667 :
398 5614 559 5670 velut
587 5617 849 5672 seniores
870 5616 1091 5687 quibus
1106 5617 1396 5673 Dominus
1408 5614 1487 5673 de
1500 5618 1675 5674 Mosis
1692 5617 1812 5688 spi-

1934 4266 2069 4328 ritu,
2113 4263 2382 4317 subsidio
2413 4262 2606 4318 eidem
2640 4261 2873 4326 futuris,
2907 4260 3155 4316 dederit.

2008 4336 2117 4405 (27)
2172 4335 2320 4401 Quia
2366 4340 2421 4405 et
2460 4339 2743 4389 naturam
2794 4332 3095 4405 discimus,
3149 4335 3348 4405 τὸτῆς
3383 4336 3586 4405 φύσεως

1932 4404 2634 4477 πανθάνομεν.νθιυωίϐἓὶί,
2652 4404 2888 4477 afﬁcior
2900 4410 3136 4459 natura:
3148 4404 3582 4477 affectionibus,

1932 4494 2001 4533 ac
2025 4474 2255 4548 praesen
2268 4479 2343 4531 tio
2366 4476 2423 4530 in
2437 4476 2530 4530 his
2544 4476 2830 4537 adversis,
2848 4482 2904 4530 et
2921 4476 3226 4531 communi
3242 4474 3582 4542 afﬂictione,

1934 4549 2097 4620 quod
2111 4558 2200 4603 est
2220 4548 2501 4620 hominis,
2522 4562 2876 4620 quanquam
2895 4548 3271 4618 propositum
3285 4548 3583 4620 animisn-

1934 4618 2115 4699 blime
2158 4625 2268 4699 est,
2303 4636 2371 4699 ac
2398 4619 2790 4699 adhsanct‘am
2820 4618 2997 4699 illam.
3032 4620 3284 4699 ἀπᾴᾷιιαν
3312 4618 3581 4699 impellit.

1934 4691 2157 4747 Similia
2189 4690 2307 4745 fere
2334 4690 2539 4760 Sulpit.
2574 4691 2646 4744 de
2678 4689 2957 4760 lacrymis
2985 4690 3042 4743 in
3069 4690 3237 4744 obitu
3263 4689 3419 4744 beati
3442 4692 3584 4745 Mar-

1932 4762 2068 4826 tini;
2094 4778 2202 4815 nec
2226 4778 2364 4816 vero
2382 4761 2697 4831 Apostolus
2716 4776 2817 4816 eas
2838 4760 3138 4831 lacrymas
3168 4760 3457 4830 prohibet,
3477 4761 3582 4815 sed

1932 4835 2310 4904 qualessunt
2336 4848 2541 4887 eorum
2564 4833 2665 4902 qui
2695 4847 2863 4903 spem
2887 4848 3005 4886 non
3030 4831 3272 4904 habent.
3294 4837 3399 4886 aut
3428 4831 3584 4887 velut

1934 4903 2049 4959 non
2060 4903 2351 4962 haberent
2365 4905 2559 4957 minus
2575 4906 2861 4971 castigate
2875 4910 2931 4957 et
2946 4903 3237 4958 modestia
3251 4904 3582 4960 Christiana

1932 4975 2342 5047 lacrymantur
2372 4981 2424 5029 et
2454 4974 2880 5047 lamentantur,
2915 4974 3075 5028 velut
3105 4973 3263 5029 facto
3293 4981 3581 5047 negantes

1932 5045 2420 5102 resurrectionem
2456 5065 2467 5103 :
2500 5046 2558 5117 in
2602 5061 2755 5117 quos
2778 5045 3273 5117 Qhrysostomus,
3317 5045 3479 5117 hom.
3513 5046 3576 5100 2t

1932 5118 1989 5173 in
2019 5124 2179 5183 Acta,
2213 5123 2269 5172 et
2297 5120 2330 5172 4
2372 5118 2427 5171 in
2458 5116 2637 5186 Epist.
2663 5116 2739 5170 ad
2768 5116 2940 5169 Hebr.
2991 5116 3089 5170 ubi
3120 5121 3177 5171 et
3206 5116 3581 5172 divinissime

1930 5195 2186 5253 enarrat,
2228 5187 2394 5258 quod
2430 5187 2686 5243 Ecclesia
2718 5186 2874 5241 velut
2904 5188 3395 5242 resurrectionem
3429 5203 3583 5257 pras-

1930 5261 2139 5316 dicans
2155 5262 2210 5314 iu
2227 5259 2493 5314 ﬁdelium
2507 5258 3261 5329 exsequiis,suavissimum
3275 5264 3577 5329 personat:

1932 5332 2305 5393 Convertere,
2337 5333 2561 5395 anima,
2602 5329 2664 5384 in
2702 5329 2960 5400 requiem
2991 5336 3175 5396 tuam,
3217 5333 3358 5401 quia
3388 5329 3582 5386 Domi-

1929 5419 2042 5457 nus
2075 5403 2357 5470 benefecit
2382 5403 2508 5457 tibi.

2000 5476 2111 5543 ('28)
2152 5474 2500 5528 Immaniter
2537 5471 2795 5541 afﬂictos
2825 5486 2895 5527 ac
2933 5472 3151 5537 tristes,
3192 5470 3575 5543 ἐρικνωμὲνους.

1927 5547 2064 5619 ΟιιοΔ
2096 5561 2275 5599 sensu
2318 5543 2628 5619 Hesychio-
2660 5546 2752 5609 Τό,
2784 5546 3074 5619 κνωμενων,
3109 5548 3196 5600 est
3231 5547 3575 5618 πονουμενων,

1925 5620 1981 5672 et
2010 5614 2091 5680 τό,
2115 5620 2330 5685 κνήσαι,
2371 5616 2628 5676 λυπῆσαι.
