4038 6312
454 373 480 427 ί
493 371 595 430 851
1931 367 2049 423 API

2211 368 2312 424 'IX.
3668 371 3806 427 1852

448 501 645 564 tonsa,
670 497 850 554 aliam
873 497 1339 554 subintroduxit.
1361 500 1427 553 Et
1456 500 1698 554 sanctus
1726 495 1970 568 quidem
1993 497 2043 550 Τί

2216 493 2552 568 φιλοχρίστου
2620 491 2835 564 Εἰρήνης
2887 494 3012 554 υίὸς,
3071 496 3164 550 τήν
3224 491 3410 544 ἑαυτοῦ
3472 493 3690 566 σύμϐιον
3725 496 3811 559 ἓξ-

447 587 662 652 rasius,
697 588 796 658 qui
829 591 967 642 tunc
995 589 1278 658 temporis
1299 585 1976 656 ConstantinOpolitanae
2001 586 2040 638 E

2212 587 2370 645 ώσας,
2404 587 2496 633 καὶ
2528 581 2803 653 ἀποκείρας
2834 582 3064 633 ἄκουσαν
3104 585 3193 633 καὶ
3223 586 3294 652 μή
3329 580 3669 653 βουλομένην,
3702 585 3807 637 ἐτέ-

446 676 643 732 οιθεὶω
657 675 894 730 clavum
912 676 1356 742 moderabatur,
1376 693 1616 748 prorsus
1630 692 1748 730 non
1765 674 2040 730 consensi

2215 691 2302 742 ραν
2351 671 2456 723 ἀντ’
2503 671 2657 731 αὐτῆς
2713 671 2940 741 ἠγάγετο
2974 687 2986 699 ⁸
3044 675 3133 722 καὶ
3181 672 3205 721 6
3245 675 3332 742 μὲν
3364 671 3510 742 οἷγιος
3547 677 3810 746 Ταράσιος

445 765 553 820 sed
583 765 846 820 ecclesiae
867 765 1177 838 presbyter
1201 766 1474 836 quidam,
1507 766 1750 821 nomine
1778 763 2040 834 Josephu

2212 759 2377 832 (οὗτος
2425 762 2526 834 γὰρ
2572 757 2630 817 ἧν
2686 766 2973 818 τηνικαῦτα
3027 763 3146 820 τοὺς
3194 762 3374 821 οἴακας
3410 760 3590 813 ἰθύνων
3623 769 3718 822 τῆς
3757 762 3807 814 ἐν

445 854 577 910 illos
606 855 931 910 coronavit.
963 857 1124 910 Tunc
1155 870 1294 924 ergo
1328 869 1584 924 magnus
1609 854 1956 910 Theodorus
1988 854 2040 907 in

2213 849 2748 902 Κωνσταντινουπόλει
2811 848 3142 913 Ἐκκλησίας,
3199 848 3326 910 ὅλως
3396 849 3469 910 εἰς
3536 858 3688 902 τοῦτο
3747 851 3807 903 ού

444 949 778 1015 peratorem
798 943 1002 998 divino
1025 944 1150 999 zelo
1172 950 1513 1000 commotus
1531 941 2039 1000 excommunicavi

2212 935 2590 996 συνευδόκησεν
2633 956 2644 968 ·
2701 937 2829 989 ἀλλά
2884 936 3194 1012 πρεϐύτερος
3245 958 3326 999 τις
3371 938 3807 1003 τῆςῈκκλησίας

444 1037 500 1088 et
530 1047 640 1088 ceu
671 1032 929 1102 graviter
945 1039 1155 1089 contra
1171 1033 1269 1104 jus
1303 1039 1577 1102 agentem
1607 1031 1934 1101 redarguit,
1968 1030 2039 1086 ali

2210 1028 2368 1100 ὄνομα
2412 1027 2622 1099 Ἰωσήφ,
2679 1027 3024 1098 ἐστεφάνωσεν
3110 1027 3297 1089 αὐτούς
3329 1044 3344 1060 ⁸
3386 1033 3496 1080 τότε
3542 1034 3720 1080 τοίνυν
3779 1031 3805 1081 6

447 1121 649 1176 multis
678 1122 1051 1193 propositum
1079 1125 1207 1193 ejus
1239 1123 1552 1194 zelumque
1583 1121 1950 1178 sectantibus
1982 1137 1994 1174 :
2025 1138 2042 1174 ε

2208 1123 2369 1190 μέγας
2423 1113 2694 1189 Θεόδωρος
2759 1120 2845 1168 τὸν
2905 1115 3128 1187 βασιλέα
3172 1120 3261 1188 μὲν
3312 1116 3629 1190 ἀπεκήρυξεν
3662 1117 3803 1188 ζήλῳ

445 1209 691 1282 mulque
736 1213 1034 1282 separavit
1064 1229 1125 1268 se
1169 1211 1247 1267 ab
1281 1211 1536 1267 Ecclesia
1565 1217 1621 1267 et
1662 1227 1698 1266 a
1728 1211 2040 1282 patriarch:

2211 1209 2326 1278 θείῳ
2357 1209 2667 1277 κινούμενος,
2722 1211 2810 1258 καὶ
2850 1207 2920 1267 ὡς
2981 1205 3038 1257 ού
3096 1211 3318 1279 μετρίως
3357 1211 3806 1278 παρανομήσαντα

444 1300 588 1370 quia
618 1300 856 1356 etiamsi
900 1301 1125 1372 nuptiis
1172 1300 1384 1357 illicitis
1423 1316 1546 1356 non
1576 1308 1962 1356 consenserat
1993 1315 2039 1370 p.

2210 1295 2436 1366 ἤλεγξεν,
2495 1294 2958 1352 ἀκολουθησάντων
3008 1303 3081 1364 τῷ
3133 1295 3293 1346 αὐτοῦ
3368 1305 3546 1366 σκοπῷ
3602 1315 3655 1348 τε
3713 1300 3805 1349 καὶ

444 1389 718 1451 triarcba,
748 1388 909 1444 haud
937 1395 1138 1445 tamen
1157 1396 1365 1446 contra
1385 1391 1586 1455 iverat,
1617 1405 1806 1460 neque
1827 1389 2033 1444 divinu

2211 1386 2348 1456 ζήλῳ
2390 1391 2479 1437 xui
2502 1385 2663 1436 ἄλλων
2692 1385 2933 1436 πλειόνων
2961 1402 2970 1412 ·
3017 1383 3245 1458 ἀφώρισε
3278 1381 3311 1436 δ
3315 1388 3335 1436 ε
3361 1385 3540 1437 ἑαυτόν
3571 1393 3660 1446 τῆς
3693 1385 3806 1438 Ἐκ-

439 1478 630 1535 zelum
651 1477 941 1533 adversus
965 1478 1390 1549 imperatorem
1415 1481 1559 1534 tanti
1583 1478 1790 1547 ﬂagitii
1806 1495 1975 1534 reum
1998 1493 2034 1534 et

2211 1475 2434 1537 κλησίας
2456 1479 2545 1527 καὶ
2585 1481 2674 1526 τοῦ
2713 1475 3048 1547 πατριάρχου
3079 1493 3091 1505 ο
3128 1471 3266 1526 διότι
3303 1474 3347 1526 εἰ
3385 1479 3470 1526 καὶ
3500 1479 3572 1545 μή
3626 1494 3805 1526 συνευ-

443 1572 838 1639 prompserat.
877 1566 988 1622 Sed
1013 1572 1335 1639 postquam
1370 1571 1487 1624 Deo
1516 1569 1742 1624 vindice
1770 1571 2028 1624 Constan

2212 1561 2436 1622 δόκησεν
2486 1563 2557 1624 εἰς
2609 1566 2694 1614 τὸν
2776 1567 3072 1636 παράνομον
3144 1565 3312 1634 γάμον
3359 1565 3384 1614 6
3438 1566 3802 1638 πατριάρχης,

441 1671 557 1712 nus
596 1661 923 1711 excaecatus
967 1655 1092 1721 fuit,
1127 1663 1183 1712 et
1215 1657 1396 1727 hujus
1429 1672 1673 1728 quoque
1716 1663 1903 1712 mater
1933 1659 2036 1714 lrei

2212 1653 2315 1706 ἁλλ’
2339 1650 2453 1706 οὐδ’
2484 1653 2772 1719 ἐπεξῆλθεν,
2806 1650 2928 1705 οὐδὲ
2979 1653 3131 1712 ζῆλον
3164 1655 3295 1704 θεῖον
3335 1650 3626 1715 ἐπεδείξατο
3668 1657 3807 1706 κατὰ

441 1745 696 1816 imperio
731 1743 970 1811 excidit,
1001 1745 1052 1800 is
1084 1745 1187 1817 qui
1219 1746 1374 1801 hanc
1420 1745 1648 1800 insidiis
1691 1754 2036 1802 exauctorat

2207 1750 2297 1795 τοῦ
2351 1741 2654 1800 τηλικοῦτον
2699 1749 2856 1812 μῖσος
2920 1741 3278 1814 ἐργασαμένου
3349 1739 3619 1814 βασιλέως.
3666 1741 3800 1794 Ἀλλ’

443 1833 810 1904 Nicephorus
860 1838 1093 1904 sceptro
1143 1835 1385 1906 potitus,
1432 1836 1576 1890 inter
1622 1835 1735 1890 alia
1778 1851 2038 1906 perperai

2205 1834 2334 1903 μετά
2388 1835 2481 1889 τήν
2552 1833 2607 1882 ἐκ
2675 1832 2814 1891 θείας
2894 1826 3048 1890 δίκης
3105 1838 3176 1900 τῷ
3237 1835 3607 1901 Κωνσταντίνῳ
3661 1834 3800 1883 ἐπεν-

443 1925 805 1994 perpetrata.
844 1937 1092 1993 operam
1137 1923 1296 1978 dedit
1332 1930 1392 1979 ut
1435 1925 1752 1996 praedictus
1784 1924 2038 1995 presbyti

2207 1923 2451 1993 εχθεῖσαν
2481 1919 2761 1991 τύφλωσιν,
2795 1924 2885 1970 καὶ
2915 1923 3008 1976 τὴν
3040 1917 3095 1970 ἐκ
3129 1927 3224 1980 τῆς
3257 1917 3528 1990 βασιλείας
3556 1921 3802 1992 καθαίρε-

439 2011 749 2081 Josephus,
777 2012 903 2082 jam
931 2011 1118 2066 sacris
1135 2012 1434 2076 exclusus,
1457 2029 1661 2069 rursus
1691 2014 1752 2068 in
1778 2014 2034 2069 ecclesia

2208 2031 2287 2064 σιν
2317 2010 2540 2082 Εἰρήνης
2571 2017 2668 2070 τῆς
2718 2011 2904 2061 τούτου
2955 2011 3176 2080 μητρὸς,
3209 2010 3233 2058 6
3259 2010 3451 2065 ταύτην
3511 2008 3564 2070 ἐξ
3593 2007 3803 2060 ἐπιϐου-

443 2101 822 2171 reciperetur.
852 2103 996 2156 Tum
1028 2109 1269 2157 sanctus
1307 2103 1689 2174 Nicephorus,
1721 2104 1936 2158 mortui
1963 2103 2038 2173 ja:

2210 2101 2295 2161 λῆς
2351 2098 2576 2150 καθελὼν
2632 2101 2931 2171 Νικηφόρος
3012 2106 3110 2148 τῶν
3197 2103 3476 2168 σκήπτρων
3553 2097 3805 2171 ἐγκρατής

439 2190 659 2245 Tarasii
689 2205 1020 2255 successor,
1054 2190 1366 2262 Nicephori
1399 2192 1775 2263 imperatoris
1808 2191 2034 2247 volunta

2205 2194 2486 2260 γενόμενος,
2545 2189 2677 2260 μετά
2719 2196 2818 2240 τῶν
2863 2186 3026 2238 ἄλλων
3057 2187 3124 2236 ὧν
3177 2186 3270 2238 ούκ
3311 2187 3507 2257 εὐαγῶς
3565 2187 3800 2259 ἔπραξεν,

439 2278 882 2343 condescendit,
913 2285 968 2334 et
991 2280 1318 2351 Josephum
1338 2280 1600 2336 admisit.
1634 2283 1824 2346 Quam
1858 2283 1937 2336 ob
1967 2298 2026 2337 re

2203 2274 2499 2338 ἐσπούδαζε
2537 2281 2626 2329 καὶ
2687 2279 2771 2328 τὸν
2805 2276 3158 2350 προλεχθέντα
3211 2275 3555 2349 πρεσϐύτερον
3593 2275 3794 2348 Ἰωσὴφ

441 2382 650 2422 rursus
682 2383 940 2437 magnus
972 2369 1315 2424 Theodorus
1347 2369 1424 2425 ab
1453 2370 1632 2441 hujus
1657 2387 1900 2443 quoque
1928 2386 2036 2427 con

2203 2369 2559 2441 καθῃρημένον
2589 2363 2720 2429 ἤδη,
2775 2362 3036 2436 δεχθῆναι
3086 2364 3238 2416 πάλιν
3293 2363 3340 2415 ἐν
3389 2372 3451 2436 τῇ
3502 2363 3798 2437 ἐκκλησίᾳ·

441 2457 731 2511 munione
776 2461 962 2511 semet
991 2457 1257 2512 secrevit.
1305 2460 1371 2513 Et
1397 2459 1792 2530 quidemjam
1837 2460 1975 2514 inde
2015 2476 2036 2514 ε

2208 2453 2320 2509 ὁδε
2367 2455 2415 2507 ἐν
2467 2456 2636 2527 ἁγίοις
2699 2460 3017 2527 Νικηφόρος,
3079 2450 3457 2525 διαδεξάμενος
3495 2450 3602 2511 ἤδη
3635 2455 3803 2506 τελευ-

442 2544 608 2600 initio
657 2550 899 2600 sanctus
946 2545 1290 2602 Theodorus
1333 2547 1708 2619 iniquitatem
1755 2548 1917 2604 illam
1970 2564 2037 2604 nc

2208 2550 2441 2604 τήσαντα
2468 2548 2553 2596 τόν
2609 2547 2892 2616 Ταράσιον,
2936 2542 3230 2614 συγκατέϐη
3277 2551 3338 2614 τῇ
3398 2550 3490 2595 τοῦ
3542 2541 3803 2616 βασιλέως

444 2633 688 2701 tulerat;
725 2649 1080 2705 quanquam
1127 2636 1545 2691 Constantinus
1585 2637 1911 2707 imperator
1957 2655 2039 2693 m1

2205 2640 2505 2707 Νικηφόρον
2539 2630 2773 2705 σπουδῇ,
2813 2638 2898 2684 xui
2951 2629 3244 2694 εἰσεδέξατο
3301 2636 3388 2682 τὸν
3421 2632 3613 2701 Ἰωσήφ
3639 2652 3650 2663 ·
3687 2633 3799 2685 ὃθεν

443 2738 587 2777 nera
617 2738 859 2794 quoque
907 2723 1221 2788 obtulerat,
1263 2741 1522 2796 eumque
1569 2728 1818 2782 omnino
1859 2727 2038 2798 placa:

2207 2723 2358 2775 πάλιν
2385 2725 2409 2774 6
2441 2727 2603 2794 μέγας
2651 2718 2921 2794 Θεόδωρος
2958 2725 3046 2771 καὶ
3091 2719 3145 2770 ἐκ
3198 2729 3287 2780 τῆς
3314 2723 3498 2771 τούτου
3529 2726 3802 2782 κοινωνίας

444 2818 737 2880 sategerat
752 2817 878 2866 tum
892 2813 1015 2882 ipse
1031 2829 1135 2878 per
1151 2829 1233 2881 se,
1255 2821 1376 2869 tum
1403 2830 1508 2884 per
1527 2815 1698 2878 alios,
1711 2821 1768 2870 et
1782 2834 1886 2886 per
1899 2818 2039 2888 ipsa;

2209 2811 2595 2886 ἀπορῥήγνυται
2628 2832 2640 2843 ο
2675 2810 2780 2862 ἀλλ’
2829 2809 2978 2868 αὐτὸς
3009 2810 3098 2880 μὲν
3155 2809 3180 2859 6
3231 2807 3278 2858 ἐν
3305 2807 3477 2879 ἁγίοις
3521 2806 3801 2881 Θεόδωρος

444 2899 701 2972 denique
720 2899 1090 2970 illegitimam
1109 2903 1449 2973 conjugem,
1475 2920 1610 2975 quae
1637 2904 1948 2962 Theodoro
1971 2924 2039 2963 er,

2208 2904 2324 2953 οὔτε
2376 2899 2428 2963 ἐξ
2478 2902 2652 2974 ἀρχῆς
2706 2907 2765 2971 τῇ
2816 2902 3113 2972 παρανομίᾳ
3173 2898 3456 2948 συνθέσθαι
3515 2897 3795 2968 ἠνέσχετο,

443 2985 642 3043 afﬁnis
676 3004 690 3042 :
725 3003 918 3061 neque
949 2989 1108 3055 item,
1141 2992 1493 3062 gravissima
1516 2992 1593 3048 ab
1624 2992 1720 3048 illo
1753 3010 2036 3066 perpessu

2205 2994 2390 3062 καίπερ
2438 2997 2529 3041 τοῦ
2579 2988 2832 3061 βασιλέως
2887 2990 3275 3040 Κωνσταντίνου
3333 2989 3422 3036 καὶ
3481 2982 3628 3060 δῶρα
3675 3005 3798 3057 προ-

441 3075 645 3132 exsilia
702 3077 943 3144 scilicet,
985 3095 1274 3146 carceres,
1317 3079 1558 3150 longam
1609 3081 1853 3150 famem,
1902 3084 2036 3156 plag

2203 3083 2474 3147 τείνοντος,
2519 3083 2607 3130 καὶ
2675 3080 2931 3137 παντοίως
2991 3076 3316 3127 τιθασσεύειν
3375 3074 3528 3126 αὐτόν
3596 3073 3793 3143 ἐπιχει-

440 3165 622 3221 etiam
655 3165 838 3222 dorso
861 3167 1112 3232 inﬂictis,
1148 3170 1580 3226 etomnimodis
1609 3172 1990 3239 cruciatibus,
2016 3192 2035 3228 ε

2201 3177 2414 3242 ροῡντος
2463 3164 2556 3220 διά
2583 3187 2635 3219 τε
2688 3167 2894 3230 ἑαυτοῦ,
2935 3169 3025 3217 καὶ
3080 3161 3151 3216 δι’
3185 3163 3383 3237 ἑτέρων,
3412 3168 3499 3214 καὶ
3527 3159 3597 3214 δι’
3627 3163 3787 3220 αὐτῆς

439 3253 643 3309 divino
671 3253 793 3310 zelo
827 3256 1162 3328 quidquam
1194 3259 1438 3323 remisit,
1469 3275 1661 3331 neque
1690 3263 1931 3332 segnius
1950 3279 2034 3317 res

2202 3255 2268 3316 δή
2320 3265 2414 3318 τῆς
2443 3257 2681 3327 ἀθέσμως
2739 3255 2878 3325 αύτῷ
2934 3254 3345 3315 συνοικησάσης,
3398 3257 3675 3322 συγγενοῦς
3704 3253 3790 3301 οὖ-

441 3347 591 3398 stere
634 3343 796 3398 visus
835 3351 942 3399 est.
987 3345 1248 3402 Profecto
1289 3347 1416 3404 leve
1468 3349 1655 3404 videri
1701 3366 1821 3406 non
1861 3358 2036 3422 poter;

2203 3367 2296 3406 σης
2335 3353 2424 3398 τοῦ
2470 3351 2667 3418 Πατρός
2699 3363 2712 3374 ·
2755 3347 2871 3395 οὔτε
2919 3338 3070 3404 αὖθις
3124 3345 3188 3394 τὰ
3235 3338 3506 3393 δεινότατα
3556 3340 3791 3400 ὑποστὰς

440 3435 616 3487 tanta:
647 3433 878 3488 virtutis
911 3434 1034 3489 viro
1062 3436 1426 3492 Constantini
1457 3436 1769 3506 ﬂagitium,
1801 3441 1966 3511 quod
2011 3457 2035 3496 a

2199 3437 2320 3508 παρ’
2360 3435 2520 3486 αὐτοῦ
2547 3433 2593 3485 ἐν
2625 3432 2869 3507 ἐξορίαις,
2901 3436 2990 3484 καὶ
3023 3434 3266 3502 εἱρκταῖς,
3303 3433 3392 3480 καὶ
3419 3428 3554 3498 λιμῷ
3584 3434 3788 3498 μακρῷ,

436 3519 796 3592 imperatore
839 3521 1142 3594 inceptum
1182 3528 1261 3581 ad
1301 3525 1695 3596 plurimarum
1745 3531 2031 3585 animarui

2199 3524 2424 3594 πληγαῖς
2476 3541 2530 3574 τε
2579 3529 2693 3584 ταῖς
2724 3523 2858 3572 κατὰ
2903 3528 3002 3572 τῶν
3053 3526 3245 3585 νώτων,
3278 3523 3367 3570 καὶ
3397 3520 3661 3575 παντοίαις
3690 3534 3794 3566 κα-

439 3609 888 3667 subversionem
925 3613 1053 3682 jam
1098 3613 1496 3671 redundabat.
1543 3617 1764 3672 Etenim
1807 3621 2034 3674 mortali

2198 3618 2414 3677 κωσεσι,
2464 3612 2732 3682 καθυφῆκέ
2779 3629 2828 3660 τι
2877 3616 2966 3661 τοῦ
3008 3610 3145 3660 θείου
3178 3607 3359 3670 ζήλου,
3394 3607 3422 3664 ἡ
3466 3605 3594 3665 ὅλως
3624 3608 3793 3663 ἥττων

440 3698 630 3763 multi,
659 3701 987 3770 praesertim
1026 3701 1104 3756 ad
1135 3701 1441 3758 libidinem
1478 3707 1670 3776 proni,
1705 3723 1917 3762 ansam
1949 3709 2035 3764 inc'

2199 3700 2343 3772 ὤφθη
2377 3703 2470 3757 τὴν
2515 3701 2779 3750 ἔνστασιν.
2814 3697 2888 3749 Ού
2937 3700 3038 3770 γὰρ
3073 3694 3132 3754 ἦν
3172 3695 3388 3770 ἐλαφρὸν
3435 3691 3605 3746 δοκεῖν
3638 3689 3794 3763 ἀνδρὶ

435 3786 799 3858 abripientes
824 3789 900 3844 ad
923 3807 1061 3845 suas
1087 3791 1414 3862 explendas
1437 3794 1900 3866 intemperantes
1924 3813 2030 3868 cup

2196 3791 2428 3860 τοσούτῳ
2461 3792 2552 3845 τὴν
2574 3786 2761 3862 ἀρετήν
2788 3792 2846 3838 τὸ
2873 3793 2963 3837 τοῦ
2997 3789 3386 3838 Κωνσταντίνου
3417 3784 3754 3854 παράπτωμα
3777 3799 3790 3811 ·

437 3874 674 3942 ditates,
703 3877 828 3948 jam
854 3882 1140 3951 tanquam
1174 3880 1364 3951 legem
1385 3883 1674 3952 ﬂagitium
1707 3885 2032 3955 imperator

2199 3881 2412 3949 καὶγὰρ
2454 3875 2541 3928 ἀπ’
2597 3876 2758 3928 αὐτοῦ
2816 3877 3002 3926 τούτου
3056 3883 3147 3926 τοῦ
3202 3871 3458 3946 βασιλέως
3507 3871 3794 3944 ἀρξάμενον

437 3965 838 4030 sectabantur,
892 3968 1184 4037 legitimas
1234 3970 1505 4042 pellendo
1557 3990 1790 4037 uxores,
1832 3980 1887 4028 et
1938 3975 2032 4030 ali:

2196 3968 2266 4029 εἰς
2328 3971 2696 4038 καταστροφήν
2759 3969 2958 4040 μυρίων
3021 3963 3213 4036 ψυχῶν
3275 3959 3380 4023 ήδη
3433 3961 3791 4034 προέϐαινειν·

437 4056 840 4127 proutcuique
857 4057 1048 4128 magis
1062 4057 1379 4129 placebant
1398 4060 1509 4115 sibi
1526 4062 1894 4132 copulantes.
1921 4065 2032 4118 Har

2200 4059 2243 4109 οἱ
2279 4060 2380 4130 γὰρ
2413 4055 2588 4108 πολλοὶ
2639 4063 2736 4107 τῶν
2797 4053 3098 4128 ἀνθρώπων,
3164 4057 3251 4104 καὶ
3309 4051 3498 4122 μᾶλλον
3550 4053 3598 4102 οἱ
3630 4050 3795 4122 ἐμπα-

438 4148 662 4214 pestem
688 4145 817 4214 jam
839 4145 917 4200 ad
941 4147 1139 4217 plures
1163 4149 1433 4220 regiones
1461 4157 1807 4206 manantem
1835 4169 2033 4207 cernet

2198 4149 2449 4220 θέστεροι,
2483 4143 2720 4217 ἀφορμὴν
2751 4142 2806 4194 ἐκ
2845 4146 3030 4194 τούτου
3086 4141 3432 4213 λαμϐάνοντες
3477 4140 3549 4202 εἰς
3601 4139 3793 4197 ἐκπλή-

435 4247 694 4300 magnus
722 4233 1087 4302 Theodorus,
1113 4239 1438 4294 commovit
1459 4240 1582 4309 ipse
1605 4256 1781 4294 suum
1798 4241 2030 4296 advers:

2201 4255 2360 4308 ρωσιν
2411 4243 2508 4287 τῶν
2568 4233 2867 4285 ἀκολάστων
2931 4233 3094 4284 αὐτῶν
3161 4233 3467 4302 ἐπιθυμιῶν,
3524 4233 3588 4289 ὡς
3651 4234 3796 4301 νόμῳ

435 4320 856 4394 imperatorem
885 4325 1158 4380 divinum
1183 4327 1394 4392 zelum,
1424 4333 1484 4384 ut
1507 4329 1789 4395 diximus,
1825 4335 1881 4384 et
1913 4330 1986 4384 ad
2012 4331 2030 4384 ί

2200 4322 2354 4383 δῆθεν
2382 4332 2442 4397 τῇ
2503 4327 2804 4395 παρανομίᾳ
2858 4329 2948 4374 τοῦ
3001 4320 3258 4392 βασιλέως
3311 4321 3530 4384 εἵποντο,
3581 4321 3671 4381 τάς
3698 4323 3795 4390 μὲν

433 4425 574 4465 nem
614 4429 804 4484 usque
833 4413 1133 4471 dissensit.
1175 4416 1356 4472 Porro
1388 4433 1459 4472 ex
1499 4417 1670 4473 dictis
1709 4419 2026 4490 patriarchi

2202 4417 2330 4466 κατὰ
2353 4420 2505 4486 νόμον
2562 4409 2668 4471 ἤδη
2726 4412 3113 4484 συζευχθείσας
3172 4409 3350 4469 αὐτοῖς
3396 4416 3650 4480 γυναῖκας
3703 4409 3797 4460 ἐκ-

435 4498 611 4555 divus
640 4501 885 4571 quidem
925 4504 1202 4558 Tarasius
1233 4505 1366 4561 ideo
1405 4506 1847 4574 condescendit,
1882 4515 1936 4564 et
1971 4508 2030 4563 h(

2201 4504 2476 4568 ϐάλλοντες,
2534 4502 2699 4576 ἐτέρας
2758 4498 2815 4554 δὲ
2867 4500 3033 4574 ἇσπερ
3091 4497 3235 4572 εἶχον
3279 4500 3634 4570 καταθυμίους
3684 4499 3796 4551 εἰσ-

437 4590 710 4662 iniquum
757 4594 1128 4649 Constantini
1182 4595 1414 4651 facinus
1464 4595 1882 4663 dissimulavit,
1941 4613 2032 4669 qui

2196 4599 2514 4665 οικιςόμενοι
2556 4610 2567 4621 '
2634 4594 2823 4648 ταύτην
2876 4595 2968 4648 τήν
3040 4590 3206 4661 λύμην
3262 4589 3334 4648 εἰς
3407 4588 3598 4649 πολλὰς
3673 4584 3787 4646 ήδη

434 4679 780 4736 minabatur
803 4681 962 4737 idem
991 4684 1412 4739 Constantinus
1440 4685 1784 4756 imperator,
1815 4686 1928 4741 nisi
1961 4703 2026 4740 su

2203 4680 2599 4755 διαδραμοῦσαν
2630 4686 2808 4755 χώρας
2836 4681 2965 4752 ὁρῶν
3013 4681 3038 4730 6
3069 4683 3231 4751 μέγας
3263 4675 3557 4752 Θεόδωρος,
3581 4681 3720 4734 ἒκίνη
3734 4683 3798 4730 σέ

435 4768 718 4826 voluntati
737 4770 970 4826 cederet
989 4773 1344 4844 patriarcha,
1371 4790 1431 4828 se
1449 4776 1812 4847 superiorem
1830 4775 2030 4846 imper;

2198 4793 2244 4826 τε
2273 4775 2408 4824 κατά
2463 4779 2554 4824 τοῦ
2588 4769 2841 4844 βασιλέως
2893 4773 2978 4821 τόν
3033 4770 3164 4820 θεῖον
3217 4767 3394 4830 ςῆλον,
3442 4771 3512 4828 ὡς
3558 4769 3793 4837 εἴπομεν,

435 4861 632 4914 torum
659 4859 930 4917 haeresim
953 4862 1444 4928 instauraturum,
1472 4869 1525 4920 et
1547 4865 1919 4920 venerandas
1947 4881 2030 4920 sai

2203 4866 2282 4914 ιιαὶ
2328 4864 2492 4934 μέχρι
2531 4859 2705 4920 τέλους
2743 4858 2897 4910 αὐτόν
2956 4854 3266 4930 διετήρησεν
3295 4877 3306 4889 ν
3352 4859 3440 4908 καὶ
3488 4855 3638 4916 οὗτος
3697 4859 3798 4926 μὲν

435 4952 681 5021 ctasque
712 4948 1004 5019 imagines
1040 4950 1241 5006 denuo
1270 4951 1733 5008 destructurum.
1769 4956 2083 5025 Propterea
2195 4951 2349 5005 οὕτω.

435 5036 611 5107 igitur
635 5039 829 5094 visum
860 5045 946 5094 est
975 5040 1027 5094 ei
1054 5039 1429 5112 aliquantum
1456 5041 1530 5096 de
1557 5042 1824 5097 districto
1845 5043 1978 5113 jure
1996 5059 2030 5097 rt

2263 5047 2372 5092 Τῶν
2423 5037 2481 5091 δὲ
2523 5039 2972 5109 μνημονευθέντων
3024 5043 3373 5108 πατριαρχῶν
3436 5035 3460 5085 6
3502 5037 3590 5104 μεν
3649 5035 3791 5096 θεῖος

436 5126 684 5194 mittere,
714 5143 788 5183 ne
822 5129 905 5183 rei
939 5145 1239 5186 summam
1273 5131 1701 5202 pessumdaret.
1737 5137 1805 5186 At
1839 5137 2031 5187 sancti

2201 5131 2456 5202 Γαράσιος
2504 5123 2597 5178 δια
2644 5134 2795 5178 τοῦτο
2851 5123 3145 5196 συγκατέϐη
3202 5129 3289 5175 καὶ
3345 5122 3657 5194 ἐφησύχασε
3718 5132 3796 5194 τῷ

433 5215 820 5288 Nicephorus,
862 5234 999 5273 cum
1045 5217 1218 5273 valde
1258 5226 1435 5275 antea
1469 5220 1772 5276 restitisset
1807 5237 2028 5289 regnau

2197 5221 2408 5289 τοιούτῳ
2440 5216 2648 5287 ἁθέσμῳ
2695 5222 2785 5267 τοῦ
2815 5218 3202 5266 Κωνσταντίνου
3245 5209 3792 5284 δραματουργήματι,

433 5311 568 5376 post
595 5307 1052 5362 Constantinum
1081 5308 1440 5379 Nicephoro;
1476 5315 1686 5380 postea
1716 5316 1914 5364 tamen
1943 5325 2028 5364 co:

2198 5305 2369 5364 ἐπειδὴ
2404 5306 2600 5365 ἠπείλει
2657 5307 2681 5356 6
2730 5305 2881 5364 αὐτὸς
2938 5309 3323 5362 Κωνσταντίνος
3364 5303 3388 5352 ό
3423 5299 3700 5370 βασιλεὺς,
3750 5304 3793 5354 εἰ

435 5395 760 5450 tumaciam
807 5395 984 5466 hujus
1034 5397 1372 5468 mentisque
1417 5399 1764 5469 pravitatem
1807 5399 2030 5470 apprim

2193 5400 2278 5469 μὲν
2325 5404 2396 5465 τῷ
2471 5395 2631 5446 αὐτοῦ
2705 5393 2955 5464 θελήματι
3032 5390 3289 5461 axona-tu
3349 5392 3373 5441 6
3415 5391 3788 5463 πατριάρχης,

435 5482 650 5550 sciens,
667 5486 1001 5559 timensque
1020 5501 1092 5541 ne
1105 5486 1434 5558 aliquando
1462 5503 1553 5542 res
1573 5503 1783 5541 omnes
1809 5489 2030 5543 ecclesi:

2196 5494 2287 5536 τῶν
2334 5483 2554 5554 ἔναγχος
2594 5479 3014 5554 βασιλευσάντων
3083 5483 3175 5536 τὴν
3233 5481 3432 5550 αἰρεσιν
3487 5476 3791 5530 ἀνανεωσα·

433 5572 608 5628 sticas
647 5574 907 5632 turbaret
947 5591 1017 5631 ac
1045 5576 1450 5647 permisceret,
1491 5574 1919 5631 condescendit
1950 5578 2028 5649 ips

2193 5575 2336 5638 σθαι,
2363 5578 2453 5625 καὶ
2484 5574 2576 5631 τάς
2606 5573 2792 5630 σεπτάς
2849 5575 2936 5621 καὶ
2995 5569 3147 5640 ἁγίας
3205 5568 3406 5627 εἰκόνας
3452 5565 3604 5619 πάλιν
3655 5569 3788 5619 καθ-

434 5676 699 5737 quoque,
741 5668 796 5721 et
847 5667 1301 5722 exauctoratum
1337 5664 1663 5738 Josephum
1707 5664 1949 5738 recepit,
2000 5681 2029 5721 u

2191 5668 2469 5738 αιρήσειν·
2534 5663 2720 5714 τούτου
2777 5679 2864 5713 ουν
2931 5655 3101 5722 ἔδοξεν
3177 5659 3335 5712 ἕνεκεν
3396 5656 3538 5728 αὐτῷ
3592 5660 3783 5733 μικρὸν
