4038 6312
275 230 412 289 1853
1440 229 1535 286 DE
1574 228 1870 287 SCHISMA

2034 228 2324 288 STUDITA
2333 232 2493 291 RUM
3492 230 3629 288 1854

271 356 511 411 ἐνδοῦναι
546 365 635 418 τῆς
668 356 955 430 ἀκριϐείας,
998 356 1080 409 ἶνα
1117 360 1188 429 μὴ
1220 355 1470 409 ἀπολέσαι
1499 359 1564 409 τὰ
1592 360 1817 430 μέγιστα
1847 375 1861 389 θ

2030 360 2202 413 ictum
2252 364 2354 415 est.
2386 362 2803 417 Verumtamen
2844 365 3039 417 utrum
3070 375 3329 432 magnus
3361 358 3625 416 Theodo-

268 450 295 500 6
332 445 390 500 δὲ
438 447 488 499 ἐν
539 446 704 517 ἁγίοις
748 451 1051 518 Νικηφόρος
1094 446 1258 498 πολλὰ
1298 450 1544 518 πρότερον
1589 446 1863 499 ἀντικατα-

2026 463 2075 502 18
2107 447 2319 503 melius
2367 464 2428 504 se
2458 450 2706 519 gesserit
2738 449 2957 522 ﬂagitio
2988 450 3316 505 adversans
3344 453 3399 503 et
3431 462 3621 519 usque

270 540 397 599 στὰς
435 543 507 607 τῷ
542 538 672 608 μετά
711 543 875 588 ταῦτα
925 534 1297 608 βασιλεύσαντι
1338 540 1639 611 Νικηφόρῳ,
1689 538 1865 589 ἔπειτα

2023 537 2051 591 :l
2085 536 2267 593 ﬁnem
2319 538 2635 604 resistens;
2679 555 2756 594 an
2811 540 3011 611 potius
3068 538 3189 593 duo
3246 536 3618 608 patriarchae,

266 629 325 678 1'6
371 623 668 699 δύστροπον
717 625 878 678 αὐτοῦ
925 631 1014 677 καὶ
1070 628 1127 677 1'6
1183 633 1279 687 τῆς
1331 630 1542 697 γνώμης
1591 625 1861 687 κακοθελες

2029 631 2163 682 .ctas
2190 626 2269 682 ob
2299 642 2513 683 causas
2532 628 3100 692 condescendentes,
3128 626 3259 682 aliis
3288 626 3368 697 dij
3381 625 3624 681 udican~

266 713 492 789 ἀκριϐῶς
546 714 903 786 ἐπιστάμενος,
964 718 1054 766 καὶ
1106 715 1430 788 ὑφορώμενος
1486 719 1556 786 μή
1612 733 1732 767 ποτε
1774 734 1861 767 τα-

2029 731 2119 770 im
2150 716 2581 785 permittemus,
2614 719 2715 789 qui
2766 716 3025 772 scientiae
3064 716 3372 771 lucernam
3402 713 3624 770 habent

263 803 395 878 ράξῃ
451 808 541 856 καὶ
584 806 788 876 συγχέῃ
826 802 996 855 πάντα
1037 804 1101 854 τά
1149 801 1580 868 ἐκκλησιαπικά,
1638 822 1858 875 συγκατ-

2029 804 2134 859 )ud
2157 820 2217 859 se
2239 804 2619 871 relucentem,
2644 805 2938 878 ﬁrmoque
2955 805 3171 861 animae
3194 820 3373 859 sensu
3398 802 3624 875 praediti

266 892 354 951 ἒϐη
414 897 499 944 καὶ
560 893 736 957 αὐτὸς,
792 896 881 944 καὶ
924 888 1136 954 ἐδέξατο
1195 895 1282 944 τὸν
1340 894 1698 965 καθῃρημένον
1753 891 1856 946 Ἰωι

2027 898 2107 948 int
2161 892 2239 948 ad
2289 894 2416 949 haec
2468 894 2884 950 discernenda.
2934 897 3204 967 Namque
3243 898 3300 948 et
3347 898 3622 948 sanctum

266 986 392 1054 σὴφ,
440 984 506 1044 ὡς
560 986 866 1056 προείρηται
901 1000 911 1011 ·
971 981 1103 1039 πλὴν
1153 984 1253 1034 εἴτε
1308 983 1334 1032 6
1382 986 1546 1053 μέγας
1588 978 1861 1056 Θεόδωρος

2027 982 2145 1054 ypri
2199 983 2602 1055 Epiphanium
2657 986 3081 1056 comperimus,
3134 998 3341 1055 parem
3397 996 3622 1051 magno

263 1078 491 1145 κρεῖττον
542 1070 729 1144 ἔπραξε
792 1069 1289 1146 παρρησιασάμενος
1346 1073 1482 1123 κατά
1536 1068 1633 1133 τῆς
1687 1091 1858 1145 παρα-

2025 1072 2278 1129 heodoro
2307 1073 2518 1139 zelum,
2551 1078 2606 1128 et
2661 1073 2951 1129 invictum
3001 1072 3313 1128 resistendi
3355 1071 3620 1140 vigorem

261 1165 440 1232 νομίας
469 1165 558 1213 καὶ¹
606 1165 769 1233 μέχρι
795 1160 970 1223 τέλους
1013 1162 1217 1226 ἐνστὰς,
1258 1163 1301 1213 εἰ
1348 1178 1401 1213 τε
1438 1162 1487 1212 oi
1527 1163 1856 1235 πατριάρχαι

2024 1162 2418 1232 {prompsisse
2474 1167 2682 1219 contra
2712 1161 3042 1218 Eudoxiam
3094 1165 3452 1232 augustam:
3484 1175 3619 1231 quas

265 1248 678 1322 συγκαταϐάντες
743 1246 837 1301 διὰ
903 1253 994 1311 τὰς
1056 1250 1328 1323 εἰρημένας
1394 1249 1587 1316 αἰτίας,
1667 1250 1857 1323 ἑτέροις

2025 1266 2115 1305 um
2138 1250 2463 1323 aliquando
2486 1250 2812 1307 minaretur
2833 1251 3128 1307 idolorum
3156 1249 3379 1321 templa
3409 1264 3470 1304 se
3495 1248 3620 1304 fore

262 1336 568 1412 δοκιμάζειν
597 1339 992 1412 καταλείψομεν,
1027 1347 1138 1401 τοῖς
1175 1342 1366 1411 ἔχουσι
1416 1343 1501 1391 τὸν
1542 1339 1733 1411 λύχνον
1764 1348 1857 1401 τῆς

2023 1345 2388 1409 :seraturam,
2419 1340 2535 1395 nisi
2556 1339 2731 1396 divus
2764 1340 3224 1412 Chrysostomus
3254 1338 3313 1393 in
3344 1337 3618 1393 exsilium

259 1435 497 1501 γνώσεως
560 1428 607 1481 ἒν
675 1429 878 1491 ἑαυτοῖς
943 1433 1201 1502 φαίνοντα,
1272 1434 1361 1481 καὶ
1418 1427 1719 1503 ἐρρωμένοις
1793 1434 1854 1481 τὰ

2025 1428 2300 1495 sileretur,
2317 1429 2477 1485 haud
2493 1431 2694 1485 animo
2708 1426 3620 1500 conciditnequecessitomnino

260 1526 354 1580 τῆς
383 1517 565 1590 ψυχῆς
594 1518 917 1591 αἰσθητήρια
946 1522 1073 1592 πρὸς
1112 1523 1205 1577 τὴν
1245 1526 1343 1569 τῶν
1374 1520 1619 1570 τοιούτων
1652 1514 1855 1591 διάκρι-

2025 1537 2052 1574 ι·
2082 1524 2325 1575 sanctus
2350 1536 2364 1586 ;
2398 1519 2507 1574 sed
2535 1519 2741 1574 dicens
2770 1534 2783 1573 ε
2817 1519 3068 1575 Mundus
3099 1534 3210 1588 ego
3237 1533 3370 1571 sum
3399 1515 3476 1572 ab
3505 1516 3618 1571 hoc

264 1626 346 1659 σιν
376 1625 388 1636 ⁸
422 1607 530 1660 ἐπεὶ
584 1613 673 1660 καὶ
720 1606 804 1660 τὸν
845 1608 994 1678 ἅγιον
1038 1608 1335 1679 Ἐπιφάνιον
1373 1606 1458 1658 τὸν
1512 1609 1721 1680 Κύπρου
1775 1607 1858 1659 εύ-

2021 1609 2208 1674 ιάἱοὶο,
2224 1609 2521 1678 discessit,
2546 1607 3021 1680 plenamirarum
3039 1607 3231 1678 ipsam
3254 1606 3616 1678 relinquens.

259 1700 525 1769 ρίσκομεν,
576 1696 661 1748 τόν
711 1696 865 1748 αύτόν
909 1705 979 1767 τῷ
1023 1696 1229 1768 μεγάλῳ
1273 1692 1531 1771 Θεοδώρῳ
1571 1696 1726 1757 ζῆλον
1766 1699 1854 1747 καὶ

2023 1699 2157 1754 liam
2175 1714 2417 1770 quoque
2435 1698 2514 1754 ob
2533 1713 2780 1753 causam
2799 1697 3035 1765 dicitur,
3068 1696 3145 1752 ab
3163 1695 3492 1751 illustribus
3516 1711 3618 1767 pa-

259 1788 502 1849 ἔνστασιν
551 1784 808 1844 ἀήττητον
864 1782 1215 1858 ἐνδειξάμενον
1282 1783 1410 1859 πρὸς
1458 1789 1552 1844 τὴν
1606 1782 1854 1858 βασίλισ-

2023 1787 2234 1844 iarchis
2254 1786 2569 1843 dissidium
2589 1785 2796 1842 fecisse
2814 1790 3055 1841 sanctus
3071 1784 3445 1850 Theodorus;
3476 1784 3618 1856 quia

262 1894 355 1926 σαν
406 1872 659 1938 Εύδοξίαν
693 1892 706 1905 ·
759 1874 1073 1936 ἀπειλούσης
1111 1877 1212 1948 γὰρ
1265 1873 1503 1934 κάκείνης
1550 1876 1694 1940 ποτε,
1739 1877 1857 1935 τοὺς

2025 1877 2236 1933 delicet
2265 1876 2339 1932 de
2369 1879 2523 1932 coetu
2551 1874 2766 1941 laicali,
2806 1879 2868 1930 ut
2897 1874 3114 1938 aiebat,
3146 1874 3225 1929 ad
3255 1872 3617 1945 patriarcha-

260 1972 356 2015 τῶν
411 1960 635 2016 εἰδώλων
678 1967 831 2023 ναούς
881 1963 1121 2035 ἀνοίγειν,
1172 1962 1217 2016 εἰ
1263 1967 1334 2035 μὴ
1383 1964 1407 2015 6
1466 1964 1597 2024 θεῖος
1646 1968 1855 2038 Χρυσό-

2022 1982 2080 2021 m
2110 1966 2313 2022 sedem
2342 1965 2577 2021 fuerant
2602 1964 2915 2036 assumpti,
2949 1979 3142 2036 neque
3171 1979 3380 2019 eorum
3410 1961 3616 2018 electio

260 2072 453 2125 στομος
480 2052 744 2127 ὲξορισθῇ,
779 2054 837 2105 ού
890 2051 1226 2118 κατέπτηξεν,
1276 2049 1399 2104 οὐδὲ
1454 2048 1696 2104 ἐνέδωκεν
1728 2052 1855 2115 ὅλως

2021 2056 2037 2109 l
2052 2056 2203 2125 juris
2224 2054 2602 2111 ecclesiastici
2625 2054 2925 2109 tramitem
2948 2052 3123 2109 facta.
3142 2054 3276 2108 Jam
3308 2067 3447 2108 vero
3476 2050 3616 2107 huic

258 2144 285 2195 6
336 2145 486 2213 οἶγιος
514 2164 527 2177 ο
576 2142 682 2194 ἀλλ’
732 2142 904 2207 εἰπὼν,
949 2143 1148 2203 Ἀθῶός
1199 2142 1305 2214 εἰμι
1345 2141 1443 2194 ἀπὸ
1492 2149 1582 2201 τῆς
1638 2146 1853 2216 κρίσεως

2021 2151 2315 2216 'gumento
2367 2143 2689 2216 respondet
2746 2141 2839 2197 ille
2889 2143 2992 2214 qui
3048 2142 3266 2197 horum
3297 2157 3390 2196 res
3421 2147 3616 2210 gestas

255 2235 469 2298 ταύτης,
520 2230 715 2295 ἐξῆλθε,
772 2234 938 2303 θυμοῦ
989 2235 1244 2284 πνέουσαν
1299 2230 1613 2300 καταλείψας
1671 2231 1850 2289 αὐτὴν,

2021 2234 2213 2304 ripsit,
2237 2248 2454 2304 nempe
2476 2248 2681 2288 sacros
2704 2246 2965 2287 canones
2987 2231 3151 2285 haud
3172 2230 3435 2286 districte
3459 2230 3616 2285 hanc

256 2324 479 2391 Λέγεται
517 2317 577 2373 δε
633 2322 711 2373 ὃτι
751 2317 827 2373 δι’
875 2320 1049 2393 ἑτέραν
1089 2320 1261 2372 αἰτίαν
1311 2319 1412 2371 ἀπὸ
1449 2327 1549 2370 τῶν
1595 2316 1851 2393 ἀοιδίμων

2019 2338 2085 2376 ιω
2142 2329 2338 2377 vetare
2366 2339 2380 2377 :
2415 2322 2519 2377 sed
2574 2327 2841 2377 verentes
2872 2325 3125 2385 tantum,
3156 2334 3228 2375 ne
3270 2320 3317 2374 si
3343 2319 3489 2374 forte
3521 2335 3614 2376 sa-

256 2418 602 2482 πατριαρχῶν
650 2411 675 2461 6
727 2409 775 2461 ἰν
819 2410 983 2481 ἁγίοις
1031 2406 1306 2483 Θεόδωρος
1354 2407 1620 2483 ἀπερῥάγη
1658 2430 1671 2442 ·
1714 2411 1743 2467 ἡ
1794 2405 1851 2461 δὲ

2017 2410 2277 2466 ιτάοῐᾶιὶε
2298 2409 2480 2467 ofﬁcii
2514 2410 2760 2482 ignarus
2783 2408 3115 2479 eligeretur,
3140 2424 3231 2463 res
3260 2407 3612 2464 ecclesiasti-

256 2495 339 2562 ἦν,
374 2500 474 2564 ὃτι,
516 2503 694 2570 φησιν,
737 2497 838 2550 ἀπὸ
889 2498 1080 2550 λαῖκῶν
1111 2498 1256 2559 εὐθὺς
1293 2497 1359 2560 εἰς
1397 2501 1484 2550 τὸν
1526 2516 1848 2571 πατριαρχι-

2015 2516 2063 2554 ιε
2122 2500 2559 2571 pessumdaret.
2589 2505 2659 2554 At
2689 2498 2848 2554 enim
2905 2498 2987 2564 hi,
3022 2513 3304 2567 magnus,
3336 2498 3610 2569 inquam,

257 2590 345 2638 κόν
399 2587 574 2661 θρόνον
627 2585 1067 2655 ἀνεϐιϐάσθησαν,
1106 2592 1197 2641 καὶ
1244 2587 1302 2640 ού
1350 2590 1486 2639 κατὰ
1534 2586 1721 2659 θεσμὸν
1766 2589 1852 2639 ἑκ-

2017 2590 2235 2645 trasius
2258 2595 2313 2644 et
2333 2588 2507 2643 divus
2536 2588 2921 2659 Nicephorus,
2956 2603 3081 2642 rem
3109 2588 3231 2643 imo
3261 2586 3612 2643 ecclesiasti-

256 2675 632 2733 κλησιαστικόν
670 2675 864 2748 ἐγένετο
921 2679 951 2735 ἡ
1003 2679 1194 2729 τούτων
1232 2680 1570 2750 χειροτονία·
1622 2676 1749 2749 πρὸς
1793 2673 1851 2729 δὴ

2010 2694 2093 2734 un
2112 2678 2173 2733 in
2191 2677 2402 2733 melius
2428 2680 2844 2748 provexerunt,
2878 2681 3055 2747 atque
3077 2675 3283 2731 omnia
3299 2681 3453 2731 recte
3474 2674 3605 2745 legi-

254 2772 401 2818 τοῦτο
441 2764 772 2837 ἀπολογεῖται
823 2767 848 2816 6
886 2768 952 2818 τὰ
984 2765 1099 2817 κατ’
1153 2766 1342 2827 αύτούς
1389 2765 1848 2839 συγγραψάμενος,

2016 2783 2221 2838 meque
2243 2771 2574 2838 gesserunt.
2607 2766 2865 2837 Ideoque
2887 2765 3051 2837 ipsos
3079 2780 3272 2820 canon
3295 2780 3416 2820 non
3439 2764 3611 2819 attin-

256 2855 336 2906 ὅτι
389 2856 437 2905 οἱ
477 2856 603 2905 θεῖοι
645 2854 848 2914 κανὸνες
895 2853 986 2905 οὐκ
1028 2852 1364 2906 ἀποκλείουσι
1411 2856 1578 2912 πάντη
1612 2853 1670 2906 1'6
1719 2860 1851 2926 πρᾶ-

2024 2862 2063 2910 t.
2091 2856 2411 2912 Sciendum
2434 2870 2575 2910 vero
2592 2861 2699 2918 est,
2721 2855 2927 2922 magni
2953 2854 3238 2909 Theodori
3258 2852 3612 2908 obluctatio—

256 2964 367 3015 γμα
398 2961 410 2973 '
436 2941 544 2993 ἀλλ’
564 2944 881 3015 ὑφορώμενοι
910 2947 981 3013 μή
1014 2961 1119 3002 πως
1143 2942 1348 3013 ἄπειρος
1377 2947 1444 2994 ὤν
1472 2944 1497 2994 6
1522 2945 1851 3017 χειροτονού-

2013 2959 2097 2998 em
2114 2944 2672 2999 adversusillustres
2693 2942 3081 3014 patriarchas,
3097 2942 3197 3014 qui
3216 2941 3608 2996 Deiinstinctu

257 3048 405 3098 μενος
450 3036 547 3080 τῶν
596 3035 658 3099 τῇ
722 3027 969 3101 ἱερωσύνῃ
1016 3028 1367 3091 καθηκόντων,
1420 3026 1486 3087 εἰς
1530 3034 1731 3079 πτῶσιν
1779 3028 1851 3078 ἐν.

2023 3033 2337 3104 iquantum
2370 3034 2445 3087 de
2474 3032 2668 3101 rigore
2721 3032 3076 3087 remiserunt
3098 3046 3171 3085 ne
3212 3030 3407 3100 majus
3436 3029 3612 3084 detri-

253 3117 375 3189 ἐγκη
408 3119 473 3169 τὰ
502 3116 916 3175 ἐκκλησιαστικά
947 3132 958 3144 ”
1000 3114 1144 3167 οὗτοι
1176 3111 1255 3184 δὲ,
1288 3116 1313 3167 ὁ
1343 3118 1520 3187 μέγας,
1558 3121 1711 3188 φημὶ,
1744 3121 1848 3171 Τα-

2017 3127 2226 3176 .θηιιιω
2248 3121 2434 3187 ﬁeret,
2455 3126 2633 3192 atque
2656 3119 2929 3191 ejusdem
2964 3118 3040 3174 ab
3054 3118 3315 3174 Ecclesia
3329 3118 3612 3173 secessio-

252 3208 438 3281 ράσιος
489 3211 575 3258 καὶ
628 3207 653 3257 6
688 3207 821 3267 θεῖος
856 3209 1171 3278 Νικηφόρος,
1202 3204 1269 3266 εὶς
1316 3208 1382 3258 τά
1421 3205 1614 3278 ’πρόσω
1654 3204 1847 3280 βαίνείν

2012 3227 2117 3281 sm,
2135 3210 2328 3266 visam
2350 3226 2477 3266 esse
2495 3208 2764 3265 Patribus
2788 3207 2952 3263 haud
2976 3208 3338 3263 mediocrem
3362 3222 3607 3268 noxam.

253 3299 347 3353 τὴν
411 3293 720 3351 Ἐκκλησίαν
762 3299 1104 3365 πεποιήκασι,
1171 3298 1259 3346 καὶ
1313 3297 1483 3347 πάντα
1530 3296 1692 3357 καλῶς
1757 3303 1847 3351 καὶ

2013 3302 2074 3356 ad
2106 3307 2303 3357 tamen
2331 3304 2527 3356 actum
2578 3298 2848 3363 correxit,
2889 3303 2949 3353 ut
3002 3313 3184 3369 supra
3239 3297 3469 3353 dictum
3499 3303 3608 3354 est'

254 3383 512 3455 ἐνθέσμως
558 3386 806 3457 ἔπραττον
840 3400 851 3412 ⁸
906 3388 994 3436 καὶ
1031 3380 1124 3435 διὰ
1161 3390 1314 3435 τοῦτο
1358 3384 1462 3455 οὐχ
1501 3386 1721 3437 ἅπτεται
1756 3387 1847 3438 αύ-

2011 3406 2135 3463 ;que
2164 3396 2227 3445 ut
2281 3390 2497 3445 horum
2544 3388 2793 3444 historia
2827 3386 3219 3442 demonstrat.
3254 3386 3522 3443 Ostendit
3546 3386 3606 3442 id

251 3480 347 3525 τῶν
409 3473 434 3524 6
489 3477 675 3529 κανών,
742 3471 931 3524 ’ἰστέον
986 3476 1161 3543 μέντοι
1221 3470 1299 3524 ὃτι
1361 3472 1417 3525 τό
1482 3483 1845 3547 προσκροῦσαι

2011 3494 2216 3549 ιθεηυε
2242 3494 2485 3550 quoque
2514 3476 2844 3534 Methodius
2875 3477 2934 3531 in
2972 3480 3306 3531 memorato
3332 3491 3606 3531 sermone

252 3567 359 3621 τοῖς
409 3557 673 3633 ἀοιδίμοις
728 3563 1091 3635 πατριάρχαις
1140 3560 1225 3613 τὸν
1272 3565 1433 3633 μέγαν
1471 3558 1742 3638 Θεόδωρον
1789 3566 1846 3616 ἔκ

2013 3584 2065 3623 ιο
2097 3567 2174 3622 ad
2207 3567 2468 3623 Studitas
2497 3582 2509 3621 :
2544 3569 2745 3621 narrat
2776 3564 2937 3620 enim
2964 3563 3342 3620 Theodorum
3369 3569 3608 3620 senten-

253 3653 378 3703 Θεοῦ
404 3653 775 3722 κεκινημένοις,
817 3654 905 3701 καὶ
936 3649 1120 3723 μικρὸν
1152 3647 1364 3703 ἐνδοῦσι
1413 3660 1506 3713 τῆς
1556 3650 1841 3722 ἀκριϐείας,

2013 3673 2099 3713 am
2128 3673 2299 3712 suam
2332 3656 2706 3723 immutasse,
2738 3670 2860 3726 qua
2902 3653 3188 3724 abreptus
3218 3652 3428 3715 fuerat,
3460 3658 3517 3710 et
3547 3668 3608 3709 se

254 3736 345 3792 διὰ
375 3742 431 3791 τὸ
463 3744 531 3811 μὴ
580 3740 819 3810 γενέσθαι
857 3739 1070 3809 μείζονα
1099 3736 1318 3811 βλάϐην,
1365 3744 1454 3792 καὶ
1493 3740 1670 3793 ἑαυτόν
1718 3740 1845 3794 ἀπο-

2012 3761 2093 3799 ιω
2148 3745 2409 3800 Ecclesia
2447 3742 2901 3799 reconciliasse:
2937 3750 2993 3798 et
3044 3742 3201 3797 circa
3254 3743 3389 3798 vitta
3423 3742 3607 3798 ﬁnem

254 3832 451 3900 σχίσαι
496 3835 589 3890 τῆς
634 3826 965 3894 Ἐκκλησίας,
1015 3827 1074 3880 ού
1118 3832 1305 3901 μικρὸν
1359 3838 1545 3901 πτῶμα
1589 3837 1697 3893 τοῖς
1740 3837 1844 3885 Πα-

2012 3834 2209 3889 .ultam
2227 3833 2411 3890 animi
2433 3832 2938 3903 conjunctionem,
2966 3830 3317 3887 charitatem
3334 3847 3402 3886 ac
3432 3831 3607 3887 fami-

250 3918 435 3990 τράσιν
496 3914 667 3979 ἔδοξεν
725 3935 736 3946 ·
799 3916 906 3968 ἀλλ’
952 3918 1091 3988 ὅμως
1147 3916 1299 3969 πάλιν
1358 3915 1720 3990 διωρθώσατο,
1776 3924 1844 3982 ὡς

2011 3924 2267 3979 ιτίῑειιθη]
2296 3926 2648 3994 perpetuam
2688 3937 2824 3975 cum
2852 3918 3058 3974 illustri
3086 3920 3423 3991 patriarcha
3447 3921 3606 3976 Nice-

250 4010 558 4079 προείρηται
590 4024 603 4037 '
660 4010 746 4057 καὶ
775 4002 931 4063 δηλοῖ
981 4008 1071 4078 μεν
1125 4012 1277 4058 τοῦτο
1309 4008 1337 4064 ἠ
1395 4015 1494 4059 τῶν
1528 4008 1643 4059 κατ’
1690 4008 1844 4061 αὐτόν

2007 4014 2147 4067 horo
2178 4012 2415 4066 fovisse.
2447 4010 2627 4078 Igitur
2672 4009 2732 4063 in
2779 4024 2847 4063 eo
2879 4007 3242 4078 completum
3274 4016 3361 4063 est
3386 4009 3602 4079 psalmi

254 4096 458 4168 ἱστορία
489 4113 501 4126 ·
537 4092 692 4154 δηλοῖ
722 4091 780 4147 δι
825 4100 914 4148 καὶ
940 4096 966 4147 6
995 4099 1154 4167 μέγας
1207 4093 1467 4155 Μεθόδιος
1520 4101 1568 4149 ἓν
1619 4106 1691 4169 τῷ
1735 4096 1839 4157 ἢδη

2005 4101 2097 4156 lud
2128 4101 2201 4155 de
2228 4100 2385 4170 justo
2416 4097 2657 4153 homine
2674 4097 2923 4162 dictum,
2955 4096 3119 4168 quod
3145 4112 3276 4152 cum
3304 4097 3600 4154 ceciderit.

250 4185 647 4256 μνημονευθεντι
693 4183 828 4256 λόγῳ
859 4183 1019 4236 αὐτοῦ
1066 4192 1135 4255 τῷ
1192 4187 1322 4257 πρὸς
1358 4189 1477 4248 τοὺς
1507 4185 1795 4250 Στουδίτας
1826 4204 1839 4217 '

2007 4205 2073 4245 on
2114 4188 2449 4254 collidatur,
2506 4187 2647 4259 quia
2692 4185 2980 4241 Dominus
3042 4186 3322 4254 supponit
3357 4200 3602 4242 manum

251 4270 515 4344 διηγεῖται
550 4274 651 4347 γὰρ
683 4272 764 4325 ὅτι
792 4272 946 4325 πάλιν
984 4273 1210 4332 ἠθέτησε
1263 4277 1351 4332 τήν
1389 4280 1597 4346 γνώμην
1629 4277 1690 4335 ἦν
1717 4280 1845 4348 ἔσχε

2001 4296 2122 4336 ιαηι
2153 4281 2219 4333 ³⁸.
2252 4282 2398 4334 Nam
2458 4278 2505 4332 si
2534 4276 2627 4331 vel
2675 4275 2913 4331 cuilibet
2941 4274 3236 4330 sacerdoti
3276 4273 3596 4343 adversari,

247 4365 383 4414 κατὰ
423 4366 781 4436 συναρπαγὴν,
824 4366 915 4414 καὶ
951 4370 1013 4435 τῇ
1072 4362 1359 4436 Ἐκκλησία
1393 4366 1627 4436 συνῆφθη
1680 4380 1692 4393 ⁸
1754 4372 1842 4419 καὶ

2001 4374 2196 4440 ncepta
2224 4367 2505 4423 nimirum
2534 4364 2766 4431 hiet-esi,
2795 4380 3165 4436 magnopera
3195 4363 3596 4435 periculosum

252 4452 334 4505 ὅτι
364 4454 494 4527 πρὸς
540 4460 611 4522 τῷ
663 4452 791 4503 τέλει
820 4451 981 4504 αὐτοῦ
1037 4451 1226 4511 πολλὴν
1269 4454 1448 4505 ἕνωσιν
1495 4458 1583 4506 καὶ
1635 4452 1841 4527 ἀγάπην

2006 4463 2056 4523 st,
2089 4457 2295 4528 quanti
2329 4455 2613 4511 momenti
2636 4454 2880 4509 demum
2895 4453 3003 4509 fuit
3033 4452 3257 4509 talibus
3297 4452 3601 4509 adversari

251 4545 340 4593 καὶ
401 4540 702 4611 συνομιλίαν
754 4539 958 4593 ἀένναον
1001 4543 1131 4613 μετά
1181 4542 1481 4614 Νικηφόρον
1531 4550 1621 4595 τοῦ
1674 4540 1844 4595 ἀοιδί-

2001 4545 2352 4611 ontiﬁcibus,
2389 4543 2763 4614 pontiﬁcum,
2790 4542 3059 4615 inquam,
3076 4540 3478 4613 pontiﬁcibus,
3509 4539 3596 4595 vel

250 4651 350 4703 μου
403 4631 738 4704 πατριάρχου
787 4633 1029 4689 ἒκέκτητο
1063 4648 1074 4659 ·
1124 4629 1394 4703 ἐπληρώθη
1444 4638 1568 4702 γοῦν
1617 4631 1697 4684 ἐπ’
1754 4632 1843 4684 αύ-

1959 4634 2466 4707 potiusapostolis,
2524 4637 2586 4687 ut
2632 4647 2890 4702 magnus
2928 4631 3191 4703 loquitur
3241 4629 3554 4700 Dionysius

249 4729 323 4790 τῷ
366 4723 421 4772 τὸ
480 4717 529 4770 ἐν
586 4719 819 4791 Ψαλμοῖς
868 4720 1132 4791 εἰρημένον
1184 4726 1302 4794 περὶ
1354 4726 1445 4771 τοῦ
1495 4717 1727 4787 δικαίου,
1762 4723 1841 4774 ὅτι

2001 4739 2069 4779 oc
2098 4729 2297 4778 autem
2329 4722 2504 4777 divus
2533 4736 2775 4793 quoque
2805 4719 3130 4777 Methodius
3154 4718 3457 4774 virisancti
3479 4717 3596 4773 dis-

247 4808 436 4862 Ὀταν
484 4812 669 4882 πέσῃ,
730 4809 796 4861 ού
865 4809 1517 4885 καταῤῥαχθήσεται,
1573 4813 1671 4863 ὅτι
1732 4816 1840 4865 Κύ-

1996 4810 2179 4884 pulis,
2204 4811 2261 4865 id
2292 4815 2380 4866 est
2403 4810 2667 4876 Studitis,
2686 4811 2846 4882 juste
2862 4808 3101 4879 objecit,
3135 4808 3221 4862 sic
3236 4807 3440 4863 dicens
3466 4824 3479 4862 :
3508 4809 3591 4862 Tu

248 4919 388 4973 ριος
428 4897 890 4974 ἀντιστηρίζει
928 4905 1126 4973 χεῖρα
1159 4898 1354 4951 αὐτοῦ
1388 4916 1399 4928 ·
1431 4899 1474 4951 εἰ
1502 4902 1602 4971 γὰρ
1629 4903 1683 4951 1'6
1714 4921 1839 4973 προ-

2000 4901 2280 4957 ιοοᾶοὴυε
2301 4915 2384 4965 es,
2408 4915 2603 4970 neque
2623 4898 2725 4954 tibi
2746 4899 2880 4954 licet
2919 4897 3300 4954 sacerdotum
3323 4912 3417 4952 res
3439 4912 3595 4951 scru-

253 4995 510 5060 σκροῡσαι
534 4994 623 5040 καὶ
654 4997 723 5060 τῷ
761 4993 978 5060 τυχόντι
1011 4991 1150 5060 ἱερεῖ,
1175 4989 1293 5040 ἄνευ
1318 4985 1352 5041 δ
1356 4985 1526 5047 ηλαδὴ
1568 4991 1832 5063 αἱρέσεως,

1999 4990 2056 5045 .ri
2082 5006 2097 5055 ;
2129 4988 2232 5044 sed
2248 4995 2300 5044 te
2322 4987 2663 5061 subjectum
2678 5002 2813 5042 esse
2843 4990 3097 5057 oportet,
3125 5001 3247 5042 non
3282 4984 3432 5042 alios
3458 4984 3594 5041 sub-

249 5080 410 5149 μέγαν
441 5080 554 5149 ἔχει
578 5081 663 5129 τὸν
693 5074 954 5143 κίνδυνον,
981 5077 1199 5135 πηλίκον
1231 5074 1291 5135 ἦν
1326 5082 1383 5129 1'6
1414 5081 1545 5150 πρὸς
1568 5080 1833 5142 τοιούτους

1024 5077 1199 5135 ηλίκον
1231 5074 1291 5135 ἦν
1326 5082 1383 5129 1'6
1414 5081 1545 5150 πρὸς
1568 5080 1833 5142 τοιούτους
1940 5079 2121 5149 jicere
2152 5083 2256 5134 aut
2276 5077 2617 5133 eventilare.

250 5164 511 5240 ἀρχιερεῖς
571 5173 724 5219 τοῦτο
781 5168 1040 5238 γενέσθαι,
1089 5170 1180 5217 καὶ
1236 5164 1520 5238 ἀρχιερέων
1568 5165 1853 5240 ἀρχιερεῖς,
1943 5167 2131 5239 μᾶλλον
2209 5162 2268 5219 δὲ
2321 5170 2409 5219 καὶ
2463 5163 2782 5225 ἀποστόλους
2835 5163 3044 5227 αύτούς,
3105 5164 3242 5215 κατὰ
3291 5166 3377 5216 τὸν
3432 5166 3594 5236 μέγαν

248 5258 555 5319 Διονύσιον;
606 5264 759 5309 τοῦτο
814 5258 916 5329 γὰρ
968 5260 1057 5307 καὶ
1110 5256 1135 5306 6
1196 5256 1326 5315 θεῖος
1376 5251 1631 5317 Μεθόδιος
1692 5259 1817 5327 πρὸς
1868 5260 1987 5318 τούς
2056 5263 2146 5309 τοῦ
2200 5255 2353 5327 ἁγίου
2426 5256 2686 5327 μαθητὰς,
2771 5257 2889 5314 τοὺς
2964 5248 3248 5313 Στουδίτας
3299 5258 3452 5325 φημὶ,
3507 5248 3588 5305 δι-

248 5349 404 5405 καίως
456 5349 796 5416 προτείνεται,
850 5345 1007 5417 λέγων
1063 5343 1223 5405 οὕτως
1253 5360 1265 5372 ·
1318 5346 1384 5395 Σὺ
1438 5346 1671 5415 μοναχός
1727 5342 1789 5409 εἰ,
1846 5350 1935 5396 καὶ
1984 5344 2077 5396 οὐκ
2124 5345 2292 5408 ἔξεστί
2359 5363 2444 5397 σοι
2499 5343 2749 5409 ἐξετάζειν
2801 5345 2869 5395 τὰ
2932 5351 3030 5396 τῶν
3085 5344 3251 5415 ἱερῶν,
3298 5341 3405 5395 ἀλλ’
3464 5344 3587 5396 ύπο-

247 5434 541 5486 τάσσεσθαί
571 5452 627 5485 σε
656 5439 791 5507 χρὴ,
821 5439 910 5486 καὶ
949 5433 1055 5505 ούχ
1084 5434 1404 5486 ύποτάσσειν
1435 5428 1557 5485 οὐδὲ
1588 5432 1843 5498 ἓξετάζειν
1872 5432 2074 5497 αύτούς.

321 5531 367 5566 ³⁸
392 5530 547 5590 Psal.
577 5547 779 5599 xxxvr,
810 5531 900 5589 25.
