4038 6312
424 326 562 389 1889
1724 324 1943 385 INDEX
1981 323 2513 385 EPISTOLARUM.
3684 330 3823 393 1860

1237 591 1781 653 EPISTOLARUM
1826 592 2256 653 EARUMDEM
2297 593 2475 653 ALIA
2515 593 3003 657 DISTRIBUTIO

1782 733 1852 772 ex
1883 716 2064 786 Regio
2094 715 2299 772 codice
2321 717 2447 774 709.

484 868 548 923 In
578 866 692 922 hac
723 862 908 919 sancti
939 859 1233 917 Theodori
1263 859 1431 916 Stud.
1465 860 1852 930 epistolarum
1883 859 2142 915 editione
2174 859 2360 916 secuti
2388 861 2632 932 quidem
2660 877 2868 917 sumus
2896 861 3172 919 ordinem
3203 868 3260 920 et
3291 865 3541 922 modum
3571 883 3695 939 quo
3726 870 3827 925 de-

412 957 646 1029 scriptae
677 958 813 1009 sunt
843 953 901 1007 in
948 949 1358 1007 Columnensis
1384 948 1756 1004 bibliothecae
1789 948 2010 1013 codice,
2043 964 2226 1020 quem
2258 949 2485 1019 passim
2528 948 2735 1005 laudat
2761 955 2818 1006 et
2855 956 3145 1022 perpetuo
3186 954 3453 1025 sequitur
3488 956 3823 1013 Cardiualis

418 1045 725 1102 Baronius.
768 1044 1007 1099 Gratum
1044 1044 1242 1095 tamen
1269 1037 1586 1093 lectoribus
1614 1053 1722 1093 nec
1753 1054 2266 1109 supervacaneum
2293 1037 2417 1093 fore
2460 1039 2805 1111 putavimus
2835 1040 3016 1096 aliam
3047 1044 3399 1099 earumdem
3429 1044 3821 1117 epistolarum

414 1133 910 1196 distributionem,
952 1144 1136 1201 quam
1171 1129 1406 1183 Graecus
1446 1127 1638 1195 Hegias
1669 1126 2047 1181 bibliothecas
2079 1126 2268 1182 codex
2293 1127 2553 1191 exhibet,
2587 1127 2684 1184 hic
2716 1129 2892 1184 etiam
2924 1130 3214 1200 conspici.

487 1224 621 1295 Ipso
667 1219 1052 1293 epistolarum
1083 1217 1357 1272 omnium
1402 1216 1568 1271 initio
1599 1215 1785 1270 codex
1816 1216 2034 1285 Regius
2067 1216 2082 1269 l

2265 1215 2445 1270 habet
2487 1217 2978 1288 inscriptionem:
3028 1219 3203 1293 Ἀρχὴ
3244 1227 3333 1272 τοῦ
3370 1227 3576 1293 πρώτου
3615 1221 3824 1296 βιϐλίου

416 1319 507 1365 τοῦ
556 1311 712 1364 αὐτοῦ
761 1308 815 1361 ἐκ
867 1316 966 1361 τῶν
1008 1303 1269 1379 διαφόρων
1318 1304 1479 1356 αὐτοῦ
1523 1304 1807 1355 ἐπιστολῶν
1849 1321 1861 1332 ’
1913 1302 2011 1355 ἐκλι

2227 1324 2244 1365 ς
2286 1308 2468 1376 τρίτης
2516 1304 2734 1377 ἑξορίας.
2785 1312 2865 1362 Ac
2926 1314 3259 1379 sequuntur
3311 1312 3575 1382 epistolas
3612 1314 3822 1371 decem

413 1417 671 1475 quarum
715 1411 1089 1469 unaquaeque
1120 1393 1503 1449 inscribitur:
1547 1397 1839 1465 Δογματικὴ
1891 1397 2005 1467 περὶ

2228 1394 2414 1445 ἱκάνων.
2449 1394 2547 1449 Hie
2579 1400 2717 1449 sunt
2762 1396 2821 1451 in
2852 1396 3111 1452 editione
3150 1404 3377 1467 nostra,
3429 1398 3531 1456 lib.
3578 1402 3645 1469 11,
3696 1405 3823 1475 epi-

417 1490 567 1546 stola
598 1495 645 1554 1,
678 1492 729 1554 4,
765 1494 817 1553 6,
852 1490 903 1550 8,
936 1490 1019 1549 10,
1053 1488 1140 1547 21,
1173 1486 1262 1547 23,
1295 1485 1382 1551 26,
1416 1481 1485 1536 33
1518 1488 1574 1537 et
1595 1486 1683 1537 36.

492 1580 691 1634 Postea
735 1578 793 1631 in
830 1576 1005 1644 Regio
1051 1572 1264 1629 Codice
1307 1571 1518 1640 legitur
1549 1571 1856 1641 inscriptio
1894 1570 2063 1629 haec:

2257 1567 2502 1644 δευτέρου
2534 1569 2758 1645 βιϐλίου.
2800 1573 2947 1628 Tum
2993 1581 3325 1646 sequuntur
3363 1576 3625 1649 epistolas
3676 1597 3827 1652 cqua-

416 1669 712 1738 draginta,
744 1680 1002 1738 quarum
1031 1661 1282 1731 singulae
1315 1660 1719 1715 inscribuntur
1749 1662 1925 1715 etiam
1958 1674 1969 1712 :
2003 1688 2011 1712 λ

2235 1664 2330 1718 χὴν
2356 1666 2474 1735 περὶ
2513 1670 2611 1713 τῶν
2649 1661 2808 1733 ἁγίων
2844 1662 3083 1714 εἰκόνων·
3118 1670 3258 1719 sunt
3285 1670 3483 1721 autem
3518 1668 3577 1722 in
3616 1676 3826 1726 nostra

413 1758 691 1821 editione,
724 1754 855 1809 libri
900 1751 1144 1808 secundi
1188 1750 1437 1821 epistola
1482 1749 1571 1813 41,
1606 1748 1693 1814 42,
1740 1753 1826 1813 65,
1862 1753 1948 1811 72,
1983 1748 2008 1803 8

2248 1748 2363 1812 151,
2403 1752 2522 1813 198,
2556 1753 2680 1816 156,
2721 1749 2837 1814 158,
2898 1752 3169 1815 161,162,
3217 1750 3492 1818 163,166,
3524 1755 3646 1823 167,
3694 1760 3824 1823 169,

411 1847 534 1910 298,
568 1848 690 1914 194,
724 1845 845 1914 199,
879 1842 1149 1910 204,212,
1179 1839 1303 1905 217,
1330 1839 1456 1903 218,
1490 1839 1614 1903 152,
1654 1836 1770 1899 153,
1810 1837 1931 1905 154,
1967 1837 2090 1900 155,
2124 1838 2249 1904 157,
2283 1838 2404 1902 159,
2442 1839 2563 1903 160,
2603 1840 2727 1910 164,
2760 1840 3036 1906 165,168,
3069 1838 3191 1904 170,
3231 1841 3507 1910 171,172,
3543 1846 3663 1911 173,
3696 1846 3824 1912 193,

414 1936 538 2001 215,
566 1936 692 1989 219.

487 2026 629 2090 Quas
658 2021 928 2095 proxime
951 2024 1281 2091 sequuntur
1310 2014 1576 2088 epistolae
1608 2030 1857 2071 numero
1877 2015 2321 2087 quinquaginta
2353 2031 2475 2081 sex,
2508 2016 2731 2072 habent
2756 2016 2913 2072 hanc
2938 2016 3387 2088 inscriptionem
3415 2027 3552 2077 εΤοῦ
3580 2022 3741 2076 αὐτοῦ
3770 2024 3828 2076 ἐκ

413 2122 513 2166 τῶν
565 2110 825 2185 διαφόρων
878 2109 1039 2161 αὐτοῦ
1097 2104 1378 2158 ἐπιστολῶν
1425 2104 1607 2176 ἐκλογὴ
1660 2112 1753 2166 τῆς
1812 2109 2008 2177 πρώτης

2230 2108 2430 2177 ιυτέρας
2479 2104 2699 2180 ἐξορίας.
2739 2106 2820 2161 Ac
2874 2105 3122 2162 easdem
3170 2122 3440 2178 prorsus,
3486 2110 3825 2184 eodemque

411 2202 561 2258 inter
589 2202 754 2272 ipsas
785 2198 1017 2263 ordine,
1052 2197 1109 2251 in
1144 2200 1348 2250 nostra
1377 2193 1635 2248 editione
1666 2198 2057 2264 repraesentat
2084 2192 2233 2249 liber
2261 2194 2513 2263 primus.

485 2292 579 2347 His
605 2289 960 2359 subiunctus
987 2292 1073 2341 est
1100 2286 1156 2338 in
1184 2283 1388 2338 codice
1428 2281 1527 2337 illo
1559 2284 1757 2337 Graeco
1800 2281 1981 2336 Index
2014 2281 2091 2335 ad
2119 2286 2438 2353 sequentes
2468 2280 2751 2353 epistolas
2776 2283 3100 2354 pertinens,
3134 2288 3315 2357 atque
3340 2285 3419 2342 ita
3450 2287 3774 2359 inscriptus
3806 2307 3824 2348 :

412 2387 515 2435 Τοῦ
569 2378 729 2431 αὐτοῦ
776 2379 831 2429 ἐκ
882 2384 980 2427 τῶν
1038 2370 1301 2445 διαφόρων
1353 2371 1516 2423 αὐτοῦ
1568 2370 1852 2422 ἐπιστολῶν
1904 2368 2007 2421 ἐκλς

2230 2388 2233 2426 ;
2285 2375 2467 2444 τρίτης
2533 2369 2752 2443 ἐξοριας.
2803 2372 2950 2425 Tum
3009 2370 3067 2426 in
3126 2373 3323 2427 Indice
3376 2374 3478 2430 illo
3535 2383 3825 2433 notantur

414 2468 698 2526 continua
725 2466 872 2520 serie
902 2464 1295 2519 ducentarum
1324 2465 1378 2515 et
1402 2460 1575 2514 unius
1595 2459 1983 2530 epistolarum
2018 2458 2185 2524 tituli,
2210 2458 2559 2514 exhibentes
2578 2459 2794 2529 singuli
2826 2474 3048 2515 nomen
3080 2459 3236 2515 illius
3262 2462 3339 2517 ad
3362 2478 3541 2534 quem
3575 2466 3825 2536 epistola

413 2558 679 2614 mittitur.

483 2648 621 2702 Post
657 2644 916 2699 lndicem
962 2641 1275 2710 descripta
1315 2644 1451 2692 sunt
1492 2635 1757 2706 epistolas
1798 2636 1911 2691 illas
1951 2636 2223 2692 ducentas
2263 2642 2318 2691 et
2360 2651 2504 2701 una,
2553 2636 2666 2692 sub
2712 2637 2827 2691 hoc
2855 2636 3135 2694 lemmate
3175 2655 3195 2693 :
3246 2638 3460 2711 Ἐκλογὴ
3504 2648 3600 2704 τῆς
3639 2649 3822 2718 τρίτης

416 2736 634 2809 ἕξορίας.
668 2737 814 2789 Tum
841 2733 899 2786 in
930 2735 1190 2802 quatuor
1220 2727 1403 2782 libros
1436 2725 1797 2781 tribuuntur.

486 2826 677 2879 Prima
712 2822 885 2891 igitur
915 2836 986 2873 ex
1036 2819 1105 2871 iis
1157 2815 1439 2886 epistolis,
1484 2819 1695 2885 praeter
1732 2813 1920 2884 ipsius
1971 2813 2422 2884 inscriptionem
2462 2814 2790 2884 propriam,
2836 2812 3016 2869 habet
3040 2813 3201 2869 hunc
3244 2830 3487 2888 quoque
3525 2819 3768 2876 titulum
3810 2838 3827 2879 :

412 2919 591 2967 ΑΡΧΗ
632 2915 897 2964 ΒΙΒΛΙΟΥ
946 2906 1021 2962 A’.
1070 2907 1178 2971 Qui
1223 2904 1422 2958 titulus
1465 2904 1713 2973 pertinet
1756 2902 2042 2956 nimirum
2083 2901 2161 2957 ad
2204 2902 2487 2973 epistolas
2514 2904 2753 2971 triginta
2792 2918 2942 2957 sex:
2976 2918 3109 2974 quae
3160 2903 3611 2978 subsequuntur
3646 2924 3658 2961 :
3706 2911 3827 2966 nisi

414 3002 578 3075 quod
622 3015 742 3054 una
783 2998 975 3063 deest;
1012 2993 1183 3064 cujus
1214 2997 1415 3047 tamen
1467 3005 1691 3047 vacuus
1731 2990 1964 3045 relictus
2004 2996 2097 3045 est
2132 2989 2322 3045 locus.
2359 2992 2471 3047 Has
2512 2997 2733 3057 autem,
2768 2991 3102 3063 eodemque
3140 2991 3372 3059 ordine,
3401 3001 3609 3053 nostra
3640 2998 3820 3055 editio

413 3090 670 3153 exhibet,
703 3088 780 3144 ab
811 3085 978 3140 initio
1006 3097 1218 3152 nempe
1249 3080 1381 3135 libri
1409 3079 1657 3135 secundi
1694 3094 1883 3150 usque
1916 3080 1993 3134 ad
2024 3079 2383 3135 tricesimam
2412 3079 2735 3151 septimam
2756 3080 3072 3151 epiotslam
3106 3097 3119 3147 ;
3153 3088 3399 3153 excepta
3422 3088 3615 3139 tamen
3647 3086 3818 3143 tertia

416 3178 649 3236 numeri
679 3176 864 3241 illius;
899 3179 1076 3245 atque
1108 3172 1237 3226 haec
1278 3176 1369 3224 est
1393 3185 1502 3240 pro
1531 3184 1653 3240 qua
1690 3184 1945 3223 vacuum
1978 3167 2177 3223 locum
2204 3168 2385 3224 habet
2435 3168 2623 3224 codex
2670 3169 2915 3238 Regius;
2963 3171 3065 3241 qui
3092 3169 3477 3226 nihilominus
3520 3173 3577 3227 in
3619 3174 3821 3231 indice

414 3282 597 3340 supra
624 3267 972 3327 memorato,
1005 3260 1159 3315 illius
1186 3257 1449 3330 epistolas
1478 3257 1927 3327 inscriptionem
1958 3257 2195 3311 exhibet
2225 3272 2295 3312 ac
2325 3257 2559 3312 numeri
2592 3263 2813 3322 notam,
2852 3258 3125 3314 videlicet
3155 3264 3209 3312 Γ.
3243 3261 3525 3332 ἡγουμένῳ.

487 3352 702 3413 Deinde
753 3355 810 3409 in
855 3351 1068 3408 Codice
1112 3351 1314 3405 Graeco
1360 3346 1823 3402 notatur'APXH
1867 3349 2135 3399 ΒΙΒΛΙΟΥ
2182 3343 2247 3400 B‘.
2299 3351 2377 3400 Ac
2424 3350 2756 3417 sequuntur
2806 3347 3247 3418 quinquaginta
3292 3349 3554 3420 epistolae
3596 3369 3608 3408 :
3664 3367 3829 3423 quas

409 3452 615 3504 nostra
644 3442 824 3499 editio
855 3440 1031 3495 simili
1072 3452 1316 3510 prorsus
1359 3436 1568 3491 ordine
1597 3435 1852 3506 subjicit,
1886 3450 1922 3490 a
1954 3434 2253 3491 tricesima
2284 3442 2452 3491 sexta
2488 3434 2707 3491 scilicet
2747 3434 2880 3490 libri
2913 3436 3161 3491 secundi
3194 3452 3381 3509 usque
3409 3437 3488 3493 ad
3527 3442 3828 3510 octogesi-

406 3552 581 3606 ,mam
612 3533 954 3605 septimam.

487 3625 627 3680 Inde
676 3624 737 3677 in
768 3620 980 3676 Codice
1019 3619 1219 3673 Grmco
1251 3621 1429 3669 ΑΡΧΗ
1461 3618 1729 3667 ΒῐΒΛΙΟΥ
1772 3611 1841 3668 Γ“.
1873 3618 1929 3668 et
1971 3616 2303 3685 sequuntur
2332 3610 2599 3683 epistolas
2650 3612 2959 3681 sexaginta
2988 3619 3251 3684 quatuor
3287 3630 3422 3687 quae
3466 3616 3525 3671 in
3558 3616 3827 3674 editione

416 3718 642 3776 nostra,
692 3710 905 3767 eodem
949 3708 1127 3763 etiam
1170 3704 1401 3772 ordine,
1442 3703 1520 3760 ab
1563 3702 1930 3777 octogesima
1969 3709 2135 3758 sexta
2178 3701 2399 3756 scilicet
2450 3716 2641 3772 usque
2680 3700 2757 3757 ad
2804 3702 3197 3758 centesimam
3245 3704 3830 3777 quinquagesimum

460 3818 697 3858 rimam.

460 3820 697 3858 rimam.

416 3820 455 3877 Ρ
485 3894 633 3948 Tum
680 3888 940 3959 denique
969 3890 1148 3939 ΑΡΧΗ
1198 3888 1465 3937 ΒΙΒΛΙΟΥ
1491 3881 1557 3936 Δ“.
1601 3883 1664 3937 Et
1705 3884 2038 3952 sequuntur
2076 3878 2341 3952 epistolae
2373 3877 2640 3950 quinque
2685 3882 2743 3933 et
2774 3878 3012 3949 triginta
3054 3896 3191 3953 quas
3223 3881 3283 3936 in
3327 3887 3531 3939 nostra,
3558 3884 3835 3943 editione

418 3986 556 4037 sunt
602 3978 733 4035 libri
778 3975 1025 4033 secundi
1064 3972 1314 4044 epistola
1355 3973 1479 4041 174,
1522 3972 1647 4034 175,
1702 3971 1815 4034 176,
1868 3974 1987 4035 177,

2245 3972 2324 4032 79,
2366 3968 2643 4032 180,181,
2688 3967 2811 4035 182,
2850 3968 2973 4033 183,
3019 3968 3140 4033 184,
3194 3968 3317 4035 185,
3362 3970 3486 4035 186,
3533 3972 3653 4038 187,
3701 3978 3840 4031 1881

418 4070 539 4135 189,
571 4070 657 4135 91,
690 4069 780 4132 92,
808 4066 896 4135 95,
931 4066 1019 4128 96,
1048 4064 1141 4129 97,
1172 4061 1296 4130 200,
1324 4061 1448 4126 201,
1481 4060 1606 4126 202,
1637 4059 1761 4125 201,
1794 4062 1917 4123 205,
1946 4056 2071 4124 206,
2115 4056 2239 4123 207,
2280 4057 2406 4124 208,
2435 4058 2559 4121 209,
2581 4058 2707 4125 210,
2735 4058 2859 4124 212,
2886 4057 3009 4122 213,
3041 4058 3165 4123 214,
3195 4058 3318 4128 215,
3352 4060 3477 4116 216.

412 4186 3812 4220 μ*

1475 4338 1656 4400 ALIA
1699 4338 1878 4398 ITEM
1922 4335 2282 4397 PARTITIO
2326 4334 2760 4397 EARUMDEM

1745 4499 1814 4554 Ut
1841 4500 2062 4554 notata
2083 4500 2221 4554 sunt
2248 4496 2310 4552 in
2342 4511 2501 4552 mss.

1802 4664 2080 4708 εΡιεΤοω
2104 4664 2253 4707 Βοῦιί
2260 4664 2454 4706 ATICB.

494 4809 665 4867 Libro
703 4804 769 4873 ιι,
818 4804 995 4876 Epist.
1031 4802 1083 4868 1,
1129 4798 1183 4863 4,
1224 4795 1277 4863 6,
1320 4797 1408 4861 10,
1457 4793 1671 4863 21,23,
1710 4794 1797 4859 26,
1832 4792 1918 4861 33,
1948 4794 2037 4863 36,
2076 4798 2089 4848 1

2255 4800 2284 4856 ι,
2322 4794 2408 4858 15,
2451 4796 2540 4856 72,
2584 4791 2671 4861 61,
2714 4792 2801 4857 85,
2844 4791 2965 4856 151,
3011 4792 3130 4848 152.
3186 4792 3309 4856 153,
3356 4793 3479 4860 151,
3523 4795 3649 4862 155,
3698 4800 3850 4867 156,

422 4900 694 4971 157,158,
728 4899 850 4960 159,
894 4892 1017 4959 160,
1058 4888 1183 4957 161',
1228 4889 1351 4952 162,
1385 4887 1510 4954 163,
1551 4885 1677 4949 161,
1718 4885 1843 4949 165,
1881 4883 1997 4950 166,

2251 4884 2327 4948 58,
2373 4882 2497 4948 169,
2536 4883 2658 4945 170,
2702 4881 2825 4949 171,
2871 4882 3141 4947 172,173,
3184 4882 3307 4947 190,
3355 4885 3473 4953 193,
3518 4884 3652 4957 194,
3698 4889 3846 4958 198,

419 4990 543 5057 199,
577 4991 700 5053 204,
728 4987 851 5048 212,
881 4984 1005 5048 215,
1038 4981 1163 5047 217,
1197 4976 1321 5043 218,
1350 4977 1474 5033 219.

1923 5074 2302 5117 CATECHBTICB
2315 5103 2329 5119 ο

493 5186 665 5242 Libro
693 5185 735 5249 Ι,
770 5183 951 5255 Epist.
980 5178 1067 5244 31,
1105 5176 1274 5233 Libro
1305 5173 1372 5240 II,
1403 5171 1583 5244 Epist.
1618 5169 1669 5237 8,
1704 5172 1794 5236 21,
1826 5169 1914 5233 37,
1948 5168 2035 5235 38,
2079 5176 2088 5221 t

1750 5172 1794 5236 l,
1826 5169 1914 5233 37,
1948 5168 2035 5235 38,
2079 5171 2165 5233 62,
2199 5170 2286 5233 61-,
2316 5171 2402 5232 90,
2436 5166 2559 5236 112,
2594 5168 2716 5232 124,
2755 5167 2873 5230 131,
2913 5169 3033 5235 135,
3066 5168 3189 5233 140,
3225 5170 3345 5223 142.

1921 5299 2309 5341 ΡΔΒΒΝΕΤΙΟΒ.

495 5390 663 5448 Libro
684 5390 753 5459 11,
782 5388 960 5461 Epist.
997 5384 1233 5450 53,102,
1271 5379 1396 5445 105,
1430 5375 1554 5437 109.

1897 5478 1999 5520 CON
2006 5476 2345 5520 δοιῇ-0111111.

489 5569 664 5627 Libro
689 5572 733 5636 l,
764 5564 948 5639 Epist.
987 5562 1069 5629 12,
1102 5564 1191 5619 39.

1905 5672 2321 5702 ψ
