3868 6170
265 304 366 361 σεδ

1636 305 2105 362 DISSERTATIO.

3403 313 3509 372 OM

266 440 299 497 ¢_
325 418 384 497 In
408 416 602 497 eodem
635 424 928 497 precepr
955 416 1045 497 ait_
1071 432 1236 488 agens
1278 418 1372 497 de_
1396 418 1500 473 hoc
1536 418 1831 497 diplomate
1859 431 1906 485 Α
1934 417 1989 471 in
2045 417 2187 497 notis
2246 415 2466 471 dictum.
2522 414 2742 470 Interim
2804 419 3059 475 nonnulla
3116 422 3291 480 adhuc
3344 437 3511 497 Oppo-

260 489 554 544 Fortunato
581 485 857 557 concesso,
888 485 1336 541 Carolus'annum
1358 489 1568 557 imperii
1591 485 1672 541 sui
1715 495 1827 542 ter-

260 559 391 627 tium
414 556 636 627 apponit
656 569 756 625 pro
772 564 1056 627 caraetere
1080 556 1477 627 chronologico,
1511 566 1568 612 et
1604 558 1659 610 in
1714 557 1830 627 ipso

259 624 840 696 diplomatiscontextu
870 624 1539 696 miseﬁcordiamDomini
1579 640 1685 680 non
1732 624 1832 695 pro

258 694 467 765 imperii
486 694 726 765 usuiksed
753 708 851 763 pro
876 695 1026 764 regni
1056 696 1138 750 sui
1162 695 1457 750 stabilitate
1508 696 1656 765 cupit
1696 694 1830 749 cio—

257 762 385 819 raﬁ.
411 764 576 834 236
599 762 709 834 Cur
741 762 920 834 autem
948 762 1056 834 non
1079 765 1365 832 utrobique
1386 762 1711 819 mentionem
1731 766 1833 819 im-

323 835 396 887 rii
419 832 586 904 faciat
602 833 719 904 haec
739 832 876 904 ratio
893 833 1041 904 reddi
1060 842 1259 903 potest.
1270 834 1486 904 Imperii
1501 849 1693 888 nomen
1708 850 1833 904 per-

323 850 396 887 rn
419 850 586 887 lactat
602 850 719 886 meo
739 850 876 886 rauo
893 850 1041 887 reum
1060 850 1486 904 potesumpern
1501 850 1693 888 nomen
1708 850 1833 904 per-

258 850 634 963 muorilicum,
666 902 796 957 ditio
822 900 982 965 nulla,
1019 918 1087 958 ne
1140 904 1292 958 vicus
1342 904 1579 973 quidem.
1627 904 1833 958 ldcirw

257 973 501 1038 Carolus,
525 979 585 1025 ut
615 979 823 1044 tempus
868 975 1163 1044 consignet,
1190 988 1298 1044 quo
1328 982 1652 1044 praeceptum
1677 974 1834 1044 emit-

258 1044 335 1103 tit,
372 1056 578 1096 annum
604 1049 757 1095 notat
775 1040 986 1112 imperii
1018 1040 1133 1107 siti;
1167 1040 1262 1096 sed
1307 1040 1396 1096 ubi
1448 1040 1517 1097 de
1560 1044 1673 1097 suis
1725 1043 1836 1112 agit

255 1112 575 1174 ditionibus,
612 1123 707 1165 eas
736 1124 841 1164 non
851 1111 1100 1181 imperii,
1133 1112 1227 1166 sed
1263 1112 1414 1181 regni
1439 1113 1702 1166 vocabulo
1749 1111 1833 1166 re-

254 1188 573 1251 praesentat.
599 1199 618 1230 ι
649 1180 819 1251 Igitur
844 1179 1125 1251 Paulinus,
1174 1179 1367 1251 quiin
1412 1182 1614 1236 ditione
1656 1181 1832 1251 Caroli

254 1250 399 1321 regis
421 1250 715 1321 concilium
737 1250 901 1319 cogit,
931 1264 1111 1319 regem
1147 1250 1400 1320 appellat,
1454 1252 1641 1306 eadem
1694 1250 1834 1306 forte

254 1319 465 1374 ratione
492 1328 547 1373 et
572 1319 686 1388 ipse
706 1328 1003 1388 permotus.

321 1409 390 1462 ν.
414 1409 500 1463 Ad
530 1409 822 1478 secundum
847 1407 914 1478 de
929 1407 1306 1465 conformitate
1318 1409 1629 1475 verborum,
1646 1410 1832 1478 quaein

252 1479 545 1533 Anastasio
588 1486 644 1533 et
670 1478 723 1548 in
744 1477 967 1531 Paulino
1015 1480 1376 1548 reperiuntur,
1408 1494 1598 1548 nempe
1630 1477 1836 1532 semivi-

249 1566 366 1615 eas,
398 1548 568 1602 Pater
589 1549 655 1618 de
683 1547 887 1601 Rubeis
913 1563 1041 1618 casu
1072 1547 1161 1613 ne,
1201 1564 1268 1602 an
1290 1551 1415 1618 quia
1429 1547 1710 1603 sententiae
1724 1563 1834 1602 sua:

251 1633 599 1688 nequaquam
623 1617 886 1688 faveretit,
910 1617 1084 1686 aliqua
1112 1619 1277 1672 verba
1309 1617 1554 1688 omisit,
1585 1618 1834 1688 quamvis

251 1686 503 1757 proxima
533 1686 790 1757 tetigerit.
816 1686 1016 1741 Textus
1045 1688 1122 1741 sic
1150 1702 1208 1742 se
1237 1688 1435 1741 habet:
1475 1706 1492 1738 ι
1534 1686 1619 1742 06
1654 1702 1834 1743 sacer-

251 1756 468 1812 dotibus
488 1756 670 1827 autem
697 1756 866 1827 plagis
890 1757 1171 1827 impositis,
1203 1757 1441 1827 sentique
1461 1758 1598 1812 vivis
1611 1758 1832 1822 relictis,
1867 1768 1910 1826 Β

250 1827 336 1881 vel
377 1836 530 1881 certe
558 1825 822 1897 diabolica
846 1825 1179 1881 fervescente
1208 1825 1391 1881 furore
1416 1843 1511 1896 per
1528 1828 1646 1897 ejus
1674 1829 1832 1882 satel-

250 1897 375 1951 lites
404 1896 748 1965 interemptis
771 1910 877 1965 non
908 1911 1108 1960 meum,
1133 1897 1227 1950 sed
1267 1904 1462 1950 vestrae
1508 1896 1835 1951 deﬁnitionis

251 1966 356 2021 erit
377 1964 670 2036 judicium.
705 1985 724 2017 ι
755 1964 948 2020 Omisit
976 1966 1294 2035 interemptis
1323 1981 1673 2036 :Aquanquam
1695 1986 1714 2017 ‹
1736 1983 1833 2036 ve-

253 2034 658 2090 rosimillimum
693 2035 835 2090 dicat
870 2050 976 2089 non
1001 2051 1163 2089 unum
1184 2034 1650 2099 pontificem—sed
1701 2035 1835 2093 alios

251 2120 472 2175 ειηοιιυθ
498 2106 827 2177 δξιοθῐβοῑεδ,
842 2105 933 2173 Qui
964 2119 1082 2159 sese
1104 2105 1224 2177 nefa
1234 2106 1328 2159 riis
1349 2105 1655 2177 hominibus
1666 2120 1834 2177 Oppo—

255 2174 488 2230 suerunt
518 2174 752 2246 fustibus
774 2189 1079 2246 percussos,
1094 2174 1278 2246 plagas
1289 2176 1585 2246 excepisse,
1600 2174 1837 2246 aliosque

257 2253 482 2300 necatos
501 2258 642 2299 esse.
675 2263 694 2296 ι
728 2243 791 2297 In
815 2243 957 2299 facto
977 2243 1157 2299 autem
1186 2243 1382 2300 Leonis
1419 2243 1597 2300 nullus
1652 2243 1838 2302 interi-

256 2316 459 2387 mitur;
496 2322 649 2387 et_an
676 2312 1129 2387 verosimillimuttt
1146 2315 1216 2369 sit
1241 2315 1633 2387 sacerdotesse
1668 2331 1738 2387 op

255 2385 454 2449 suisse,
475 2391 531 2438 et
548 2385 672 2439 ideo
690 2391 929 2449 necatos,
959 2386 1081 2439 audi
1104 2383 1447 2440 Anastasium
1478 2385 1532 2439 in
1555 2383 1833 2449 Leonem,

204 2470 211 2477 '
256 2470 311 2507 n.
340 2455 654 2528 marg._369
709 2469 780 2528 :_r
808 2453 956 2508 Clam
987 2455 1180 2528 armati
1210 2456 1279 2509 ad
1317 2455 1491 2528 ipsum
1538 2455 1837 2528 (beonem)

256 2523 642 2578 trucidandum
699 2524 903 2593 absque
956 2524 1063 2578 ulla
1105 2523 1406 2593 reverentia
1470 2523 1842 2581 conﬂuxerunt

256 2593 541 2666 Paschale
569 2594 635 2666 ad
663 2592 830 2662 caput
850 2600 1026 2648 stante
1052 2634 1067 2658 ,
1096 2602 1157 2666 et
1169 2592 1428 2666 Campulo
1450 2596 1517 2666 ad
1538 2596 1702 2666 pedes
1751 2611 1840 2652 se-

257 2664 494 2718 cundum
528 2664 771 2731 iniquum
797 2678 983 2718 eorum
1012 2663 1318 2719 consilium.
1348 2663 1467 2730 Quo
1491 2663 1633 2719 facto
1666 2668 1843 2721 omnis

257 2742 413 2817 (uota.
438 2733 557 2817 hrec
580 2730 791 2814 verba),
821 2733 1015 2817 omnis,
1043 2734 1311 2817 quincirea
1326 2748 1449 2787 eum
1466 2743 1584 2817 erat
1595 2735 1840 2817 populus,

259 2801 512 2859 videlicet
542 2803 785 2869 inermis,
809 2811 867 2858 et
888 2801 939 2856 in
962 2801 1262 2874 Dei'ofﬁcio
1289 2801 1624 2874 praeparatus
1652 2801 1843 2860 timore

260 2888 540 2946 armorum
564 2874 885 2946 perterritus
909 2874 961 2927 in
987 2871 1167 2946 fugam
1204 2871 1496 2929 conversus
1523 2882 1623 2930 est.
1650 2894 1671 2946 ξ
1701 2874 1844 2946 Lego

260 2944 543 3012 sequentia
573 2944 840 3015 neminem
870 2958 900 2997 a
930 2944 1198 3013 pontificis
1210 2946 1647 3015 persecutoribus
1660 2944 1843 2999 laesum

259 3015 509 3082 verbere,
545 3013 831 3082 minusque
856 3015 975 3069 neci
1001 3015 1187 3068 datum
1215 3013 1267 3069 in
1280 3013 1837 3071 Anastasioinvenies.

262 3081 487 3138 Factum
517 3096 651 3153 ergo
678 3081 874 3138 Leonis
902 3085 969 3137 ab
994 3084 1280 3139 Anastasio
1302 3084 1529 3138 relatum
1569 3100 1673 3139 non
1709 3101 1841 3139 con-

263 3154 548 3207 venitcum
579 3152 911 3222 expositione
935 3152 1139 3208 Paulini
1193 3155 1483 3208 asserentis
1539 3153 1845 3209 Sacerdotes

264 3224 431 3293 plagis
458 3224 721 3295 impositis
750 3224 1015 3295 semiuivos
1043 3222 1267 3287 relictos,
1288 3223 1385 3295 geel
1410 3224 1573 3295 (idem
1605 3239 1723 3279 esse
1750 3224 1843 3289 vel,

264 3292 325 3346 ac
344 3292 393 3345 et
420 3293 623 3360 cuique
649 3292 766 3361 ejus
798 3294 895 3347 aevi
926 3294 1328 3347 consuetudinis
1358 3292 1463 3346 non
1491 3294 1677 3361 ignaro
1714 3295 1846 3349 satis

265 3362 471 3430 notum)
500 3372 639 3433 ετξ-ιε
666 3361 923 3433 diabolica
954 3362 1134 3431 furare
1155 3363 1385 3433 per_ejus
1398 3361 1665 3433 satellites
1687 3364 1848 3416 inter-

265 3442 515 3502 emptos._
540 3430 768 3502 Frustra
808 3430 971 3501 igitur
1016 3448 1082 3485 ex
1136 3430 1513 3502 conformitate
1545 3432 1847 3502 verborum

268 3499 457 3571 quierit
487 3500 551 3555 P.
582 3501 649 3555 de
684 3499 887 3571 Rubeis
914 3502 1237 3555 sententiam
1279 3516 1431 3556 suam
1479 3499 1670 3555 fulcire
1721 3517 1845 3571 cum

269 3569 444 3641 petitis
461 3570 1168 3641 verborumdisercpantia,
1197 3580 1439 3626 nostram
1483 3585 1647 3640 quam
1702 3569 1846 3626 infra

272 3640 609 3710 proferemus
636 3640 940 3710 opinionem
965 3640 1197 3695 tueatur.

338 3750 426 3804 VI.
462 3749 713 3819 Tertium
746 3748 861 3803 sive
882 3756 1258 3817 argumentum
1287 3749 1401 3804 sive
1424 3749 1730 3819 conjectura
1778 3766 1847 3806 ex

273 3820 547 3890 mysteriis
582 3818 843 3889 legalibus
870 3828 1098 3890 petitum,
1123 3818 1684 3890 parumiurget.’Quid
1703 3821 1847 3875 enim

278 3888 339 3941 ad
368 3888 660 3943 numerum
692 3888 974 3951 annorum,
995 3888 1188 3957 quibus
1206 3888 1435 3942 Paulini'
1458 3899 1578 3945 erat
1593 3949 1604 3957 λ
1619 3890 1846 3945 concilia

276 3972 463 4029 cogere
491 3961 549 4013 in
569 3974 668 4013 sua
692 3949 967 4029 provincia
1012 3949 1149 4012 facit
1191 3959 1474 4013 concilium
1527 3949 1849 4015 Fr‘ancofor—

278 4026 480 4093 diénse,
513 4029 602 4082 cui
626 4026 727 4082 etSi
750 4026 1014 4093 interfuit,
1042 4043 1147 4087 non
1174 4037 1351 4082 tamen
1390 4030 1459 4082 ab
1486 4044 1552 4084 eo
1601 4038 1847 4083 coactum

278 4107 370 4158 est,
398 4108 461 4152 ut
475 4109 734 4167 tanquam
764 4098 829 4152 de
854 4098 1010 4151 vinea
1036 4113 1064 4151 a
1092 4112 1150 4152 se
1186 4098 1424 4167 plantata
1437 4098 1644 4154 fruetus
1669 4114 1849 4154 come-

281 4169 399 4221 dere
428 4169 535 4223 sibi
563 4167 783 4222 licerét?
809 4167 1063 4237 quidquid
1101 4167 1173 4221 ibi
1193 4169 1304 4237 egit
1327 4167 1583 4223 Paulinus
1604 4183 1709 4222 non
1722 4169 1844 4236 sibi,

282 4238 399 4306 quia
428 4238 614 4309 planta
644 4238 777 4309 cedit
805 4235 938 4301 sola,
961 4235 1590 4309 pote_rat_imputare,ac
1625 4240 1863 4308 proinde,

282 4305 379 4361 non
402 4305 622 4377 poterat
642 4307 801 4377 inter
812 4322 908 4361 sua
925 4306 1149 4377 concilia
1163 4305 1643 4363 Francofordiensé
1660 4322 1848 4364 accen~

283 4376 419 4443 sere,
432 4386 493 4431 ut
519 4392 549 4430 a
571 4376 933 4431 celebratione
953 4376 1071 4446 ejus
1092 4391 1376 4446 numerum
1414 4377 1846 4432 intermissorum

283 4436 542 4501 annorum
572 4448 642 4500 ad
684 4436 1001 4516 exemplum'
1031 4445 1279 4501 mosaieze
1315 4446 1447 4570 legis
1473 4455 1843 4517 eomputaret;
1877 4436 1926 4495 ι)

283 4517 417 4570 auod
442 4517 489 4570 si
524 4517 589 4570 ad
616 4517 759 4570 hunc
783 4515 1066 4570 mvsticum
1085 4531 1364 4569 numerum
1421 4517 1633 4570 aulinus
1647 4518 1849 4570 allusit.

1348 4532 1364 4569 l

282 4517 417 4587 quod
442 4517 489 4571 si
524 4517 589 4570 ad
616 4517 759 4587 hunc
783 4515 1066 4587 mysticum
1085 4531 1364 4587 numerum
1375 4515 1633 4571 Paulinus
1647 4518 1849 4582 allusit,

282 4594 333 4639 et
352 4586 418 4640 ad
453 4586 767 4656 intermissa
790 4584 1015 4656 concilia
1043 4585 1298 4655 reSpexit,
1331 4587 1665 4656 probabilius
1701 4589 1851 4642 vide-

285 4662 367 4707 tur
408 4669 536 4708 eum
584 4655 767 4724 pingui
797 4653 1051 4726 Minerva,
1087 4653 1182 4726 ut_
1200 4653 1417 4726 dicitur,
1466 4656 1855 4726 compoctando

284 4732 494 4798 tempus
515 4723 784 4798 «annos,
824 4723 1512 4798 concilium_Forojuliense
1550 4723 1851 4798 designare.

283 4793 361 4847 Ab
388 4793 533 4849 anno
564 4795 668 4849 796
698 4795 764 4848 ad
780 4810 867 4847 an.
898 4808 1067 4861 usque
1109 4796 1234 4859 805,
1282 4793 1390 4863 quo
1441 4810 1541 4849 nos
1588 4793 1859 4852 credimus

286 4864 568 4919 concilium
598 4864 872 4918 Altinense
885 4863 1236 4929 celebratum,
1252 4878 1379 4918 vere
1403 4866 1740 4933 septennium
1765 4882 1860 4919 ex-

285 4935 470 5004 currit,
504 4932 650 5004 quod
679 4949 961 4988 numerum
994 4935 1275 5004 mysticum
1308 4932 1570 4987 annorum
1584 4934 1860 5004 dequihus

287 5002 338 5056 in
368 5004 485 5076 lege
516 5002 1034 5076 saepiusmemorata
1052 5002 1260 5076 dictum
1283 5011 1389 5070 est,
1412 5019 1518 5057 non
1540 5002 1698 5076 modo
1723 5005 1863 5076 adae-

288 5072 626 5142 quatVerum
659 5074 825 5127 etiam
857 5082 1096 5142 superat.
1128 5072 1234 5127 Sed
1268 5088 1356 5127 res
1378 5089 1484 5127 non
1522 5082 1606 5129 est
1631 5073 1699 5128 ad
1738 5074 1865 5128 ulti-

290 5157 425 5211 mam
470 5144 831 5199 differentiam
887 5144 939 5196 in
986 5144 1474 5211 comparationibus
1531 5145 1860 5200 deducenda.

294 5209 432 5267 Satis
447 5216 595 5267 enim
610 5223 751 5277 erat,
765 5213 1046 5283 mysticum
1063 5209 1410 5281 quinquennii
1424 5230 1705 5269 numerum
1718 5231 1866 5269 eom-

293 5284 544 5404 grehendi
581 5292 876 5366 utcunque,
904 5291 963 5335 ut
988 5283 1040 5335 in
1066 5285 1343 5365 septennio
1369 5285 1861 5366 comprehenditur.

336 5368 349 5403 ι
380 5353 494 5404 hare
518 5368 625 5404 non
658 5354 921 5404 arrident.
954 5362 1008 5404 et
1056 5353 1202 5404 dices
1227 5368 1651 5404 aummlcnmum
1705 5369 1861 5404 mmls

336 5352 349 5403 i
380 5353 494 5407 haec
518 5368 625 5407 non
658 5354 921 5415 arrident,
954 5362 1008 5406 et
1056 5353 1202 5407 dices
1227 5352 1651 5423 quinquennium
1705 5354 1867 5409 nimis

296 5420 398 5494 late
421 5425 595 5494 accipi
620 5440 651 5478 a
680 5424 856 5486 nobis,
885 5430 940 5475 et
966 5437 1063 5475 nos
1086 5420 1331 5494 dicimus
1367 5420 1653 5478 concilium
1698 5423 1869 5478 Fran-

297 5492 627 5547 col‘ordiense
653 5503 905 5548 constare
936 5507 1039 5545 non
1064 5506 1185 5546 esse
1208 5492 1437 5558 Paulini,
1474 5501 1534 5547 ut
1570 5494 1638 5546 ah
1686 5508 1751 5548 eo
1804 5495 1869 5549 de

299 5562 679 5633 suiseonciliis
708 5578 892 5633 agens,
921 5562 1160 5633 sistendo
1180 5562 1234 5616 in
1256 5563 1511 5633 allegoria
1540 5564 1795 5633 arborum
1838 5579 1869 5617 a

300 5644 354 5683 se
386 5631 770 5700 plantatarnm,
798 5632 1059 5701 epoeham
1077 5631 1424 5701 quinquennii
1440 5641 1718 5687 statueret.
1735 5632 1872 5698 Quid

302 5716 472 5757 autem
498 5705 564 5759 de
596 5705 699 5760 hoc
732 5703 961 5775 mystico
988 5715 1211 5757 numero
1234 5703 1574 5758 sentiendum
1591 5703 1873 5759 credamus

1933 486 2128 540 nenda.

2000 554 2107 610 VII.
2136 553 2198 608 P.
2223 553 2300 609 De
2326 553 2528 609 Rubeis
2544 554 2619 624 de
2640 556 2749 620 die,
2780 568 2886 624 quo
2919 557 3057 613 male
3077 558 3512 624 habitusestLeo

1929 624 2114 679 Romae
2152 625 2229 694 sic
2255 624 2452 694 habet:
2486 643 2503 675 ι
2526 623 2691 694 Ρίθηι
2722 623 2969 694 designat
2985 627 3327 686 Anastasius.
3355 670 3369 685 .
3398 674 3413 689 .
3447 623 3493 693 ζ.

1930 695 2140 772 scilicet
2163 693 2233 746 ‘25
2268 692 2496 772 Aprilis.
2520 692 2617 749 His
2641 692 3021 765 diebus—(nota
3049 697 3163 752 haec
3190 704 3401 772 verba),
3426 692 3514 761 his

1933 764 2121 840 diebus
2140 762 2385 840 paschali
2416 771 2660 840 tempore
2697 762 3000 840 suamppro
3053 781 3203 821 more
3243 762 3510 840 synoihm

1929 832 2095 905 Altini
2124 832 2413 905 celebravit
2456 832 2710 905 Paulinus
2742 847 2755 905 ς
2782 832 3165 905 vulgatumque
3188 832 3509 895 sceleratum

1933 902 2143 956 facinus
2170 900 2364 955 Carolo
2400 902 2513 970 regi
2536 900 2899 957 denuntiatad
2914 900 3188 959 ultionem.
3215 926 3234 959 ι
3270 908 3385 963 Non
3417 926 3510 966 ne-

1932 985 2120 1042 gamus
2143 986 2236 1039 pro
2260 985 2402 1042 mare
2424 971 2532 1023 imo
2569 982 2623 1025 et
2669 981 2910 1042 tempore
2956 989 2987 1027 a
3031 976 3328 1032 canonibus

1935 1039 2136 1112 Scripto
2153 1039 2413 1112 sypodum
2430 1048 2693 1112 coactam.
2713 1040 2823 1112 Hoc
2835 1043 2977 1095 enim
2994 1051 3095 1107 est,
3118 1046 3260 1112 quod
3274 1048 3349 1100 ait
3371 1039 3508 1103 Pau—

1933 1110 2073 1162 linus
2105 1126 2117 1160 :
2154 1108 2484 1161 ('Canonum
2517 1110 2866 1163 incitantihus
2881 1108 3506 1172 documen—tisconcilium

1931 1179 2096 1255 Altini
2116 1178 2378 1255 habitum.
2401 1196 2419 1227 ι
2450 1177 2653 1255 Quippe
2681 1194 2785 1255 nou
2806 1182 3107 1248 praeciseoh
3123 1181 3511 1255 facinusquod—

1932 1248 2076 1327 piam
2104 1247 2171 1300 ad
2195 1246 2698 1327 ulciscendumysed
2719 1251 2788 1327 ob
2807 1246 3075 1327 consueta
3102 1256 3312 1327 negotia
3337 1246 3390 1309 in
3420 1272 3511 1327 sy-

1933 1316 2090 1391 nodis
2135 1316 2361 1391 agenda,
2410 1316 2660 1391 videlicet
2702 1319 2767 1391 de
2812 1319 2937 1382 fide,
2966 1320 3079 1391 “de
3106 1316 3407 1391 disciplina,
3449 1316 3513 1380 'et

1934 1386 2241 1465 hujusruodi
2268 1387 2428 1438 rebus
2458 1401 2580 1465 eam_
2606 1386 2870 1465 Paulinus
2895 1388 3217 1465 _collegit_,_ut
3240 1386 3513 1465 infra'pa-

1938 1456 2089 1509 tebit.
2121 1456 2395 1523 Eratergo
2415 1456 2648 1524 synodus
2668 1459 2965 1523 ordinaria,
2994 1456 3058 1512 ut
3065 1460 3276 1515 videtur
3290 1456 3513 1518 innuere

1936 1525 2049 1594 ipse
2082 1524 2240 1603 Pt‘de
2262 1524 2793 1603 lluheisillisverhis
2822 1544 2834 1579 :
2862 1527 3112 1603 Paschaii
3143 1540 3370 1603 tempore
3416 1550 3511 1603 pro

1935 1610 2097 1672 more.
2127 1594 2375 1648 Canones
2397 1595 2538 1672 enim
2564 1595 2718 1649 binas
2742 1596 2794 1672 in_
2817 1612 2959 1672 anno
2978 1594 3333 1672 collectiones
3357 1594 3515 1672 syno—

1936 1662 2127 1717 dorum
2149 1672 2448 1718 statuentes
2474 1664 2701 1719 alteram
2731 1667 2797 1719 ad
2823 1666 2944 1721 ldus
2969 1666 3238 1732 Octobris,
3285 1662 3515 1725 alteram

1939 1733 1992 1786 in
2004 1733 2356 1805 Ahebdomada
2382 1733 2673 1805 Dominieze
2693 1737 2875 1805 tertia:
2891 1746 3014 1805 post
3036 1737 3244 1793 Pascha
3258 1741 3517 1795 mandant

1939 1802 2223 1877 celebrari.
2256 1801 2332 1855 Ita
2362 1803 2645 1877 concilium
2692 1801 2968 1877 Nieaunim
2992 1822 3007 1859 I
3035 1821 3155 1877 cap.
3181 1808 3306 1873 5,et
3326 1809 3516 1865 Antio-

1937 1873 2180 1949 chzenum
2208 1888 2226 1926 ι
2254 1887 2376 1926 can.
2413 1872 2501 1949 βο.
2527 1872 2607 1925 Ad
2638 1889 2873 1949 mensem
2887 1872 3229 1949 -Octobi'em’
3253 1882 3517 1949 synodum

1936 1942 2266 2017 Altinenseiu
2295 1942 2568 2017 remittere
2578 1957 2688 2017 nec
2702 1942 2764 1997 P.
2796 1944 2861 1998 de
2886 1942 3088 2017 Rubeis
3110 1942 3399 2013 consentit,
3416 1949 3509 2017 qui

1938 2021 2165 2083 tempore
2189 2011 2442 2083 Paschali
2462 2011 2790 2083 celebratam
2813 2020 2912 2083 ait.
2944 2012 3102 2068 Anno
3146 2025 3328 2071 autem
3386 2011 3512 2083 799,

1940 2080 2049 2153 quo
2061 2080 2271 2153 Pascha
2287 2082 2340 2135 in
2364 2080 2503 2153 prid.
2528 2080 2645 2134 Kal.
2676 2082 2897 2153 Aprilis,
2928 2098 3022 2137 seu
3046 2084 3110 2139 51
3150 2084 3342 2153 Martii
3382 2080 3518 2142 incil-

1940 2150 2338 2225 dit,_Dominica
2370 2150 2528 2225 tertia
2565 2160 2688 2225 post
2709 2150 2921 2225 Pascha
2943 2153 3010 2225 ad
3035 2153 3098 2225 21
3130 2152 3332 2225 Aprilis
3369 2156 3513 2210 diem

1940 2228 2024 2275 est
2044 2218 2297 2296 locanda.
2311 2218 2368 2273 In
2395 2218 3091 2296 hujuslhebdomadmferia
3131 2218 3338 2293 quinta,
3368 2239 3515 2296 qua:

1939 2298 2023 2345 est
2045 2284 2115 2344 25
2132 2284 2543 2363 Aprilis,_cas'_us
2568 2289 2765 2363 Leonis
2793 2292 2988 2363 evenit.
3022 2284 3166 2347 Non'
3196 2284 3333 2363 ergo
3364 2284 3519 2349 in'no-

1945 2367 2149 2414 tescere
2169 2360 2343 2429 potuit
2362 2359 2588 2414 Paulino
2608 2360 2901 2415 celebranti
2944 2360 3100 2431 juxta
3133 2359 3517 2484 praescriptum

1945 2443 2208 2483 canonum
2235 2428 2302 2482 de
2324 2444 2473 2484 more
2507 2444 2572 2484 ea
2597 2430 2931 2484 hebdomada
2953 2446 3108 2484 suum
3182 2431 3299 2484 ltini
3333 2431 3517 2484 conci-

1942 2428 2208 2483 canonum
2235 2428 2302 2482 de
2324 2444 2473 2484 more
2507 2444 2572 2484 ea
2597 2430 2931 2485 hebdomada
2945 2428 3108 2485 suum
3133 2428 3299 2485 Altini
3333 2428 3519 2491 conci-

1942 2498 2095 2563 lium,
2124 2506 2184 2571 ut
2202 2513 2270 2553 ex
2290 2514 2355 2553 eo
2372 2500 2910 2571 comprovincialium
2934 2501 3308 2571 episcoporum
3347 2502 3521 2556 nomi-

1941 2583 2011 2624 ne
2032 2568 2295 2623 seriberet
2320 2570 2385 2623 ad
2410 2567 2664 2622 Carolum
2690 2577 2747 2623 et
2770 2571 2838 2623 ad
2848 2567 3106 2626 ultionem
3118 2567 3357 2625 'sceleris
3394 2585 3517 2626 eum

1943 2638 2209 2710 incitaret.
2241 2636 2298 2692 Si
2317 2639 2465 2693 dices
2486 2638 2774 2693 concilium
2796 2654 2896 2710 per
2914 2640 3279 2696 hebdomadas
3293 2654 3521 2710 sequen-

1945 2716 2027 2777 tes
2050 2707 2399 2777 celebratum,
2426 2722 2611 2777 quaero
2631 2723 2699 2761 an
2713 2707 3009 2773 ordinario,
3024 2727 3090 2764 an
3108 2720 3263 2765 extra
3278 2707 3524 2766 ordinem

1943 2776 2145 2851 factum
2163 2777 2339 2851 dicas.
2372 2776 2430 2851 Si
2448 2776 2761 2832 ordinario:
2787 2787 2998 2851 nonest
3025 2780 3253 2851 amplius
3270 2780 3334 2851 de
3355 2796 3519 2833 more.

1947 2845 2062 2921 gos
2085 2846 2232 2921 enim
2254 2846 2545 2921 eratjuxta
2569 2861 2805 2921 canones
2828 2845 3164 2921 hebdomada
3191 2850 3351 2904 tertia
3394 2855 3520 2921 post

1944 2914 2155 2969 Pascha
2177 2914 2404 2971 concilia
2436 2917 2645 2972 haberi.
2676 2916 2735 2972 Si
2761 2925 2919 2972 extra
2957 2918 3201 2974 ordinem
3231 2936 3243 2971 :
3269 2914 3526 2972 cum'nul-

1946 2984 1995 3038 la
2014 2993 2211 3054 praeter
2236 3000 2550 3040 communes
2572 2987 2626 3039 in
2648 3001 2969 3055 quocunque
2997 2988 3226 3042 concilio
3266 2988 3521 3055 actitatas

1947 3069 2108 3128 causa
2141 3063 2414 3128 appareat
2465 3070 2564 3109 cur
2619 3054 3092 3128 estraordinarim
3117 3058 3359 3128 cogenda
3412 3054 3518 3128 fuit

1872 3103 1918 3164 (ἶ
1950 3103 2517 3180 ᾗῖἔᾌῦἐῖιὶωόοιθε
2567 3103 2709 3180 male
2745 3103 2968 3180 invehi-tos
2993 3103 3045 3180 iv
3060 3103 3215 3181 sui;
3222 3103 3361 3180 313i;
3414 3103 3523 3181 erit

1949 3195 2172 3249 dicenda
2196 3194 2311 3264 [nec
2332 3195 2634 3248 coadunata
2662 3203 2950 3264 antequam
2982 3210 3141 3249 casus
3159 3195 3524 3251 Leo:.isinno-

1947 3272 2218 3334 tesceret.‘
2251 3263 2594 3334 Innotescere
2652 3263 2832 3317 autem
2871 3279 2978 3317 non
3003 3265 3193 3334 potuit,
3237 3265 3339 3319 nisi
3374 3280 3525 3320 men-

1948 3347 2006 3387 se
2050 3332 2173 3385 Maii
2200 3330 2313 3399 jam
2346 3333 2620 3396 inchoato,
2640 3341 2768 3401 puta
2785 3333 2871 3386 die
2906 3330 3128 3388 circiter
3182 3335 3213 3387 7
3240 3335 3325 3387 vel
3352 3335 3404 3389 8.
3439 3334 3524 3389 Ab

1949 3402 2052 3483 hac
2075 3416 2205 3483 ergo
2247 3402 2335 3483 die
2364 3404 2429 3483 ad
2463 3402 3137 3483 summumsynoduspogi
3174 3402 3366 3472 potuit.
3383 3401 3524 3483 Pen-

1949 3480 2179 3525 tecostes
2205 3479 2381 3525 autem
2403 3471 2598 3525 festum
2622 3472 2676 3525 in
2710 3471 2853 3525 diem
2884 3473 2951 3526 l9
2986 3471 3131 3541 Maii,
3182 3486 3290 3541 quo
3334 3473 3529 3540 proba-

1946 3541 2269 3611 bilissimum
2305 3548 2390 3611 est
2417 3542 2667 3611 dimissos
2702 3540 3182 3611 comprovinciales
3202 3540 3305 3611 pro
3326 3556 3391 3595 ea
3422 3555 3530 3611 so-

1947 3609 2226 3665 lemnitate
2276 3610 2341 3662 ad
2391 3625 2518 3665 suas
2550 3609 2839 3674 Eeclesias,
2881 3611 3088 3664 incidit.
3115 3609 3264 3664 Intra
3292 3610 3528 3679 spatium

1946 3695 2077 3750 ergo
2132 3681 2187 3733 ll
2234 3678 2456 3750 circiter
2482 3681 2688 3735 dierum
2721 3694 2884 3735 causa
2933 3678 3240 3743 innotescit,
3292 3678 3531 3750 synodus

1948 3749 2295 3821 convocatur,
2326 3749 2614 3821 adunatur,
2639 3750 2943 3821 peragitur?
2970 3750 3026 3803 Id
3047 3765 3175 3821 vero
3189 3749 3532 3821 concoquere

1949 3821 2070 3890 quis
2113 3820 2300 3890 possit.
2334 3818 2399 3890 Si
2427 3820 2604 3875 adhuc
2641 3818 2852 3889 tempus
2878 3820 3201 3890 protrahis,
3222 3818 3335 3888 jam
3376 3818 3529 3890 extra

1949 3887 2164 3960 tempus
2183 3888 2437 3960 paschale
2474 3887 2914 3960 procedirnus,et
2948 3899 3134 3960 tamen
3156 3887 3393 3943 dieitur:
3424 3887 3529 3942 His

1947 3958 2128 4012 diebus
2154 3958 2387 4029 paschali
2411 3967 2639 4029 tempore
2694 3958 2979 4029 concilium
3010 3958 3359 4029 celebratum.

2020 4026 2163 4083 VIII.
2182 4029 2288 4083 Sed
2307 4028 2421 4097 jam
2437 4026 2803 4098 componenda
2820 4028 2885 4083 lis
2910 4038 2995 4089 est
3008 4043 3130 4084 cum
3144 4027 3203 4082 P.
3223 4030 3288 4081 de
3304 4026 3526 4098 Rubeis,

1949 4102 2167 4170 quicum
2194 4100 2294 4153 etsi
2312 4096 2650 4170 inquirendae
2673 4100 2919 4170 veritatis
2940 4099 3118 4170 gratia
3147 4097 3413 4170 opinionis
3429 4096 3533 4170 dis-

1947 4166 2129 4223 sensio
2154 4183 2273 4222 esse
2322 4177 2527 4236 potest,
2564 4167 2812 4222 simultas
2860 4166 3063 4232 tamen,
3127 4167 3212 4219 vel
3256 4166 3533 4236 contentio

1949 4239 2285 4364 idntercedere
2322 4234 2678 4308 nequaquam
2704 4239 2922 4306 poterit.
2946 4237 3106 4301 Nam,
3131 4241 3192 4288 ut
3219 4234 3533 4303 aiebatqui-

1984 4323 2073 4362 em
2102 4325 2115 4360 :

1984 4323 2115 4362 em:

2072 4418 2331 4470 Diversum
2352 4418 2539 4467 sentire
2563 4417 2684 4465 duos
2707 4417 2769 4466 de
2794 4416 2943 4466 rebus
2964 4415 3149 4466 eisdem

2129 4478 2360 4529 Incolumi
2379 4480 2511 4528 licuit
2533 4491 2731 4540 semper
2753 4479 2981 4527 amicitia.

1954 4587 2123 4640 Igitur
2156 4584 2415 4639 Paulinus
2448 4599 2572 4638 cum
2604 4583 2795 4637 scribit
2833 4581 3025 4637 Carolo
3068 4580 3136 4636 de
3179 4578 3540 4636 sacerdotibus

1956 4603 1975 4640 ι
2015 4603 2123 4640 itur
2157 4603 2415 4639 rauunus
2448 4603 2572 4638 cum
2604 4603 2795 4637 senuit
2833 4603 3025 4637 ωτοιο
3068 4603 3136 4636 ue
3179 4603 3537 4636 saccraouaus

1955 4603 2121 4727 pgagis
2143 4655 2421 4725 impositis,
2441 4654 2696 4727 semivivis
2711 4651 2921 4727 relictis,
2940 4662 2989 4705 et
3000 4668 3093 4722 per
3111 4650 3355 4727 satellites
3376 4651 3537 4702 inter-

1957 4719 2141 4792 mea.
2193 4719 2482 4792 utrumque
2508 4721 2718 4777 facinus
2738 4719 3009 4791 respicere
3037 4721 3212 4792 potuit
3237 4719 3540 4773 Romanum

1959 4791 2166 4851 scilicet
2186 4802 2240 4848 et
2262 4791 2558 4848 Gradense.
2583 4793 2783 4847 Videns
2831 4792 2979 4846 enim
3029 4791 3319 4851 feritatem,
3370 4801 3534 4857 quam

1959 4865 2205 4936 perversi
2228 4863 2472 4936 homines
2503 4871 2865 4936 exercuerunt
2894 4862 2948 4916 in
2980 4854 3402 4936 Leonemlllan.
3415 4854 3539 4936 7.89;,

1964 4924 2212 5005 renovari
2236 4933 2290 4986 in
2315 4930 2578 4986 Joannem
2605 4931 2935 5005 Cradensem
2950 4929 3314 5005 patriarcham
3323 4943 3420 5005 an.
3435 4924 3543 5005 802.

1961 5003 2048 5058 vel
2070 5002 2175 5058 805
2202 5003 2440 5062 ineunte,
2476 5002 2859 5071 qumrimonias
2877 4996 2963 5055 ex'
2993 5001 3245 5071 concilio“
3274 4996 3541 5071 Altiuensi

1965 5072 2275 5146 imperatori
2307 5066 2512 5146 Carolo
2530 5071 2837 5146 direxitLut
2857 5086 3063 5146 manus
3085 5068 3375 5146 auxiliares
3390 5066 3540 5146 labo-

1965 5138 2107 5216 rapti
2122 5141 2389 5216 Ecclesia:
2414 5142 2700 5216 prveheret,
2733 5140 2841 5216 illic
2879 5138 3250 5216 sacerdotibus.
3286 5138 3542 5216 semicuris

1966 5212 2159 5267 relictis
2184 5199 3052 5265 innitens-Leonem'vulneratum
3095 5223 3126 5261 a
3156 5204 3374 5260 nefariis
3436 5199 3543 5254 Ro-

1967 5296 2251 5351 manorum
2278 5282 2365 5334 hic
2384 5282 2741 5335 sacerdotibus
2767 5276 3321 5351 peremptis,_innuens_
3380 5269 3544 5351 Joan-

1967 5368 2092 5407 nem
2118 5350 2448 5423 Gradensem
2477 5368 2508 5405 e
2535 5352 2670 5423 turri
2698 5346 3028 5423 praecipitem
3052 5346 3260 5423 datum,
3275 5349 3380 5423 et‘e
3406 5346 3544 5393 vivis

1970 5421 2261 5477 crudeliter
2287 5421 2580 5475 sullatum.
2615 5411 2727 5472 Hoc
2765 5411 2970 5472 desitmi
3014 5427 3172 5483 posse
3210 5411 3422 5483 videtur
3475 5423 3545 5464 ex

1968 5493 2151 5546 verbis
2178 5490 2440 5560 epistolae,
2466 5489 2591 5543 dum
2616 5480 3159 5560 hortatnr__Carolum
3198 5480 3266 5560 ad
3327 5487 3547 5560 senten-

1972 5563 2102 5616 tiam
2131 5549 2435 5624 ferendam,
2459 5574 2577 5627 quze
2613 5554 2912 5626 hujusmodi
2959 5550 3298 5617 temerarios,
3326 5549 3548 5627 impios-

1973 5646 2079 5702 que.
2104 5629 2366 5702 effrenes
2392 5626 2638 5683 homines
2674 5628 3427 5702 imposterum__coerceat_e.t
3486 5626 3546 5702 ut

1976 5689 2307 5770 amplissima
2356 5712 2643 5770 regnorum
2709 5689 2929 5748 suorum
2983 5692 3187 5747 ditione
3244 5689 3545 5761 prohibeat.

3410 996 3509 1035 ηε.
3592 969 3598 981 .
