  <div class='ocr_page' id='page_1' title='image "/cluster/home/n/w/nwhite01/storage/ocr_20150623/99/hvd.32044023429921/349.png"; bbox 0 0 3868 6170; ppageno 0'>
   <div class='ocr_carea' id='block_1_1' title="bbox 441 316 555 371">
    <p class='ocr_par' dir='ltr' id='par_1_1' title="bbox 441 316 555 371">
     <span class='ocr_line' id='line_1_1' title="bbox 441 316 555 371; baseline -0.026 1"><span class='ocrx_word' id='word_1_1' title='bbox 441 316 555 371; x_wconf 78' lang='grc'><strong>’687</strong></span> 
     </span>
    </p>
   </div>
   <div class='ocr_carea' id='block_1_2' title="bbox 439 390 1808 481">
    <p class='ocr_par' dir='ltr' id='par_1_2' title="bbox 439 390 1808 481">
     <span class='ocr_line' id='line_1_2' title="bbox 439 390 1808 481; baseline -0.028 -3"><span class='ocrx_word' id='word_1_2' title='bbox 439 424 506 481; x_wconf 84' lang='lat' dir='ltr'><strong>Et</strong></span> <span class='ocrx_word' id='word_1_3' title='bbox 538 435 632 473; x_wconf 88' lang='lat' dir='ltr'><strong>rex</strong></span> <span class='ocrx_word' id='word_1_4' title='bbox 660 410 1015 471; x_wconf 83' lang='lat' dir='ltr'><strong>Wormatiam</strong></span> <span class='ocrx_word' id='word_1_5' title='bbox 1040 400 1263 459; x_wconf 84' lang='lat' dir='ltr'><strong>Carolus</strong></span> <span class='ocrx_word' id='word_1_6' title='bbox 1288 394 1504 466; x_wconf 84' lang='lat' dir='ltr'><strong>collegit</strong></span> <span class='ocrx_word' id='word_1_7' title='bbox 1531 394 1583 447; x_wconf 89' lang='lat' dir='ltr'><strong>in</strong></span> <span class='ocrx_word' id='word_1_8' title='bbox 1615 390 1808 481; x_wconf 80' lang='lat' dir='ltr'><strong>urbem</strong></span> 
     </span>
    </p>
   </div>
   <div class='ocr_carea' id='block_1_3' title="bbox 437 479 1734 569">
    <p class='ocr_par' dir='ltr' id='par_1_3' title="bbox 437 479 1734 569">
     <span class='ocr_line' id='line_1_3' title="bbox 437 479 1734 569; baseline -0.027 -2"><span class='ocrx_word' id='word_1_9' title='bbox 437 490 764 567; x_wconf 79' lang='lat' dir='ltr'><strong>Francorum</strong></span> <span class='ocrx_word' id='word_1_10' title='bbox 788 510 1040 569; x_wconf 82' lang='lat' dir='ltr'><strong>proceres</strong></span> <span class='ocrx_word' id='word_1_11' title='bbox 1064 490 1133 548; x_wconf 86' lang='lat' dir='ltr'><strong>ad</strong></span> <span class='ocrx_word' id='word_1_12' title='bbox 1154 488 1440 546; x_wconf 80' lang='lat' dir='ltr'><strong>concilium</strong></span> <span class='ocrx_word' id='word_1_13' title='bbox 1464 479 1734 557; x_wconf 74' lang='lat' dir='ltr'><strong>generale,</strong></span> 
     </span>
    </p>
   </div>
   <div class='ocr_carea' id='block_1_4' title="bbox 436 574 1727 668">
    <p class='ocr_par' dir='ltr' id='par_1_4' title="bbox 436 574 1727 668">
     <span class='ocr_line' id='line_1_4' title="bbox 436 574 1727 668; baseline -0.029 -9"><span class='ocrx_word' id='word_1_14' title='bbox 436 605 571 659; x_wconf 85' lang='lat' dir='ltr'><strong>Cum</strong></span> <span class='ocrx_word' id='word_1_15' title='bbox 601 596 797 668; x_wconf 79' lang='lat' dir='ltr'><strong>quibus</strong></span> <span class='ocrx_word' id='word_1_16' title='bbox 827 597 888 668; x_wconf 82' lang='lat' dir='ltr'><strong>ut</strong></span> <span class='ocrx_word' id='word_1_17' title='bbox 911 586 1052 644; x_wconf 90' lang='lat' dir='ltr'><strong>bello</strong></span> <span class='ocrx_word' id='word_1_18' title='bbox 1080 582 1324 640; x_wconf 75' lang='lat' dir='ltr'><strong>Saxones</strong></span> <span class='ocrx_word' id='word_1_19' title='bbox 1343 574 1727 668; x_wconf 64' lang='lat' dir='ltr'><strong>aggrederetur</strong></span> 
     </span>
    </p>
   </div>
   <div class='ocr_carea' id='block_1_5' title="bbox 437 657 1893 752">
    <p class='ocr_par' dir='ltr' id='par_1_5' title="bbox 437 657 1893 752">
     <span class='ocr_line' id='line_1_5' title="bbox 437 657 1893 752; baseline -0.027 -3"><span class='ocrx_word' id='word_1_20' title='bbox 437 657 715 750; x_wconf 65' lang='lat' dir='ltr'><strong>Decrevit;</strong></span> <span class='ocrx_word' id='word_1_21' title='bbox 745 696 771 725; x_wconf 81' lang='grc' dir='ltr'>ι</span> <span class='ocrx_word' id='word_1_22' title='bbox 800 662 1053 752; x_wconf 71' lang='lat' dir='ltr'><strong>quoniam</strong></span> <span class='ocrx_word' id='word_1_23' title='bbox 1085 674 1360 731; x_wconf 80' lang='lat' dir='ltr'><strong>Saxonum</strong></span> <span class='ocrx_word' id='word_1_24' title='bbox 1386 665 1629 739; x_wconf 72' lang='lat' dir='ltr'><strong>proxima</strong></span> <span class='ocrx_word' id='word_1_25' title='bbox 1667 657 1893 715; x_wconf 79' lang='lat' dir='ltr'><strong>Francis</strong></span> 
     </span>
    </p>
   </div>
   <div class='ocr_carea' id='block_1_6' title="bbox 434 758 1707 838">
    <p class='ocr_par' dir='ltr' id='par_1_6' title="bbox 434 758 1707 838">
     <span class='ocr_line' id='line_1_6' title="bbox 434 758 1707 838; baseline -0.027 1"><span class='ocrx_word' id='word_1_26' title='bbox 434 783 656 838; x_wconf 87' lang='lat' dir='ltr'><strong>Adiacet</strong></span> <span class='ocrx_word' id='word_1_27' title='bbox 685 776 754 832; x_wconf 91' lang='lat' dir='ltr'><strong>ad</strong></span> <span class='ocrx_word' id='word_1_28' title='bbox 772 774 999 836; x_wconf 85' lang='lat' dir='ltr'><strong>Boream</strong></span> <span class='ocrx_word' id='word_1_29' title='bbox 1028 766 1202 827; x_wconf 87' lang='lat' dir='ltr'><strong>tellus,</strong></span> <span class='ocrx_word' id='word_1_30' title='bbox 1233 762 1323 817; x_wconf 88' lang='lat' dir='ltr'><strong>vix</strong></span> <span class='ocrx_word' id='word_1_31' title='bbox 1348 758 1520 815; x_wconf 90' lang='lat' dir='ltr'><strong>limite</strong></span> <span class='ocrx_word' id='word_1_32' title='bbox 1554 761 1707 811; x_wconf 89' lang='lat' dir='ltr'><strong>certo</strong></span> 
     </span>
    </p>
   </div>
   <div class='ocr_carea' id='block_1_7' title="bbox 441 849 1612 937">
    <p class='ocr_par' dir='ltr' id='par_1_7' title="bbox 441 849 1612 937">
     <span class='ocr_line' id='line_1_7' title="bbox 441 849 1612 937; baseline -0.023 -12"><span class='ocrx_word' id='word_1_33' title='bbox 441 868 607 924; x_wconf 85' lang='lat' dir='ltr'><strong>Divisi</strong></span> <span class='ocrx_word' id='word_1_34' title='bbox 630 864 807 937; x_wconf 89' lang='lat' dir='ltr'><strong>gentis</strong></span> <span class='ocrx_word' id='word_1_35' title='bbox 827 860 964 916; x_wconf 87' lang='lat' dir='ltr'><strong>fines</strong></span> <span class='ocrx_word' id='word_1_36' title='bbox 990 856 1269 924; x_wconf 90' lang='lat' dir='ltr'><strong>utriusque</strong></span> <span class='ocrx_word' id='word_1_37' title='bbox 1297 849 1612 906; x_wconf 75' lang='lat' dir='ltr'><strong>cohaerent.</strong></span> 
     </span>
    </p>
   </div>
   <div class='ocr_carea' id='block_1_8' title="bbox 438 938 1659 1032">
    <p class='ocr_par' dir='ltr' id='par_1_8' title="bbox 438 938 1659 1032">
     <span class='ocr_line' id='line_1_8' title="bbox 438 938 1659 1032; baseline -0.025 -12"><span class='ocrx_word' id='word_1_38' title='bbox 438 966 552 1032; x_wconf 82' lang='lat' dir='ltr'><strong>Que</strong></span> <span class='ocrx_word' id='word_1_39' title='bbox 578 970 694 1016; x_wconf 91' lang='lat' dir='ltr'><strong>tum</strong></span> <span class='ocrx_word' id='word_1_40' title='bbox 722 955 932 1012; x_wconf 84' lang='lat' dir='ltr'><strong>vicinae</strong></span> <span class='ocrx_word' id='word_1_41' title='bbox 957 966 1064 1021; x_wconf 91' lang='lat' dir='ltr'><strong>quo</strong></span> <span class='ocrx_word' id='word_1_42' title='bbox 1091 948 1214 1019; x_wconf 86' lang='lat' dir='ltr'><strong>plus</strong></span> <span class='ocrx_word' id='word_1_43' title='bbox 1242 943 1463 1032; x_wconf 83' lang='lat' dir='ltr'><strong>regione</strong></span> <span class='ocrx_word' id='word_1_44' title='bbox 1489 938 1659 1032; x_wconf 78' lang='lat' dir='ltr'><strong>fuere,</strong></span> 
     </span>
    </p>
   </div>
   <div class='ocr_carea' id='block_1_9' title="bbox 437 1028 1586 1111">
    <p class='ocr_par' dir='ltr' id='par_1_9' title="bbox 437 1028 1586 1111">
     <span class='ocr_line' id='line_1_9' title="bbox 437 1028 1586 1111; baseline -0.026 1"><span class='ocrx_word' id='word_1_45' title='bbox 437 1028 612 1111; x_wconf 37' lang='lat' dir='ltr'><strong>&#39;lzanto</strong></span> <span class='ocrx_word' id='word_1_46' title='bbox 636 1050 904 1106; x_wconf 88' lang='lat' dir='ltr'><strong>seiunctas</strong></span> <span class='ocrx_word' id='word_1_47' title='bbox 926 1040 1122 1098; x_wconf 89' lang='lat' dir='ltr'><strong>animis</strong></span> <span class='ocrx_word' id='word_1_48' title='bbox 1145 1034 1413 1093; x_wconf 89' lang='lat' dir='ltr'><strong>discordia</strong></span> <span class='ocrx_word' id='word_1_49' title='bbox 1438 1028 1586 1086; x_wconf 87' lang='lat' dir='ltr'><strong>fecit.</strong></span> 
     </span>
    </p>
   </div>
   <div class='ocr_carea' id='block_1_10' title="bbox 440 1115 1885 1202">
    <p class='ocr_par' dir='ltr' id='par_1_10' title="bbox 440 1115 1885 1202">
     <span class='ocr_line' id='line_1_10' title="bbox 440 1115 1885 1202; baseline -0.024 -1"><span class='ocrx_word' id='word_1_50' title='bbox 440 1143 724 1200; x_wconf 89' lang='lat' dir='ltr'><strong>Finitimos</strong></span> <span class='ocrx_word' id='word_1_51' title='bbox 747 1136 843 1193; x_wconf 89' lang='lat' dir='ltr'><strong>sed</strong></span> <span class='ocrx_word' id='word_1_52' title='bbox 872 1134 1015 1190; x_wconf 91' lang='lat' dir='ltr'><strong>enim</strong></span> <span class='ocrx_word' id='word_1_53' title='bbox 1034 1145 1134 1202; x_wconf 89' lang='lat' dir='ltr'><strong>per</strong></span> <span class='ocrx_word' id='word_1_54' title='bbox 1157 1141 1318 1199; x_wconf 89' lang='lat' dir='ltr'><strong>agros</strong></span> <span class='ocrx_word' id='word_1_55' title='bbox 1346 1122 1614 1190; x_wconf 89' lang='lat' dir='ltr'><strong>utrimque</strong></span> <span class='ocrx_word' id='word_1_56' title='bbox 1638 1115 1885 1173; x_wconf 87' lang='lat' dir='ltr'><strong>solebant</strong></span> 
     </span>
    </p>
   </div>
   <div class='ocr_carea' id='block_1_11' title="bbox 442 1213 1571 1291">
    <p class='ocr_par' dir='ltr' id='par_1_11' title="bbox 442 1213 1571 1291">
     <span class='ocr_line' id='line_1_11' title="bbox 442 1213 1571 1291; baseline -0.023 1"><span class='ocrx_word' id='word_1_57' title='bbox 442 1235 667 1291; x_wconf 80' lang='lat' dir='ltr'><strong>Assidue</strong></span> <span class='ocrx_word' id='word_1_58' title='bbox 698 1228 812 1285; x_wconf 74' lang='lat' dir='ltr'><strong>ﬁeri</strong></span> <span class='ocrx_word' id='word_1_59' title='bbox 841 1226 1024 1287; x_wconf 85' lang='lat' dir='ltr'><strong>cedes,</strong></span> <span class='ocrx_word' id='word_1_60' title='bbox 1054 1218 1323 1282; x_wconf 89' lang='lat' dir='ltr'><strong>incendia,</strong></span> <span class='ocrx_word' id='word_1_61' title='bbox 1352 1213 1571 1286; x_wconf 85' lang='lat' dir='ltr'><strong>praede.</strong></span> 
     </span>
    </p>
   </div>
   <div class='ocr_carea' id='block_1_12' title="bbox 440 1302 1649 1381">
    <p class='ocr_par' dir='ltr' id='par_1_12' title="bbox 440 1302 1649 1381">
     <span class='ocr_line' id='line_1_12' title="bbox 440 1302 1649 1381; baseline -0.022 -1"><span class='ocrx_word' id='word_1_62' title='bbox 440 1326 716 1381; x_wconf 78' lang='lat' dir='ltr'><strong>Saxonum</strong></span> <span class='ocrx_word' id='word_1_63' title='bbox 745 1326 935 1371; x_wconf 90' lang='lat' dir='ltr'><strong>natura</strong></span> <span class='ocrx_word' id='word_1_64' title='bbox 977 1311 1126 1367; x_wconf 89' lang='lat' dir='ltr'><strong>ferox</strong></span> <span class='ocrx_word' id='word_1_65' title='bbox 1156 1315 1212 1363; x_wconf 89' lang='lat' dir='ltr'><strong>et</strong></span> <span class='ocrx_word' id='word_1_66' title='bbox 1246 1312 1464 1378; x_wconf 80' lang='lat' dir='ltr'><strong>pectora</strong></span> <span class='ocrx_word' id='word_1_67' title='bbox 1491 1302 1649 1365; x_wconf 89' lang='lat' dir='ltr'><strong>dura,</strong></span> 
     </span>
    </p>
   </div>
   <div class='ocr_carea' id='block_1_13' title="bbox 444 1397 1804 1483">
    <p class='ocr_par' dir='ltr' id='par_1_13' title="bbox 444 1397 1804 1483">
     <span class='ocr_line' id='line_1_13' title="bbox 444 1397 1804 1483; baseline -0.021 -10"><span class='ocrx_word' id='word_1_68' title='bbox 444 1418 608 1472; x_wconf 86' lang='lat' dir='ltr'><strong>Ferre</strong></span> <span class='ocrx_word' id='word_1_69' title='bbox 638 1415 820 1483; x_wconf 90' lang='lat' dir='ltr'><strong>iugum</strong></span> <span class='ocrx_word' id='word_1_70' title='bbox 856 1404 1057 1463; x_wconf 85' lang='lat' dir='ltr'><strong>Christi</strong></span> <span class='ocrx_word' id='word_1_71' title='bbox 1083 1417 1186 1458; x_wconf 91' lang='lat' dir='ltr'><strong>nec</strong></span> <span class='ocrx_word' id='word_1_72' title='bbox 1216 1401 1342 1456; x_wconf 92' lang='lat' dir='ltr'><strong>dum</strong></span> <span class='ocrx_word' id='word_1_73' title='bbox 1379 1397 1598 1468; x_wconf 80' lang='lat' dir='ltr'><strong>dignata</strong></span> <span class='ocrx_word' id='word_1_74' title='bbox 1620 1405 1804 1455; x_wconf 89' lang='lat' dir='ltr'><strong>suave,</strong></span> 
     </span>
    </p>
   </div>
   <div class='ocr_carea' id='block_1_14' title="bbox 446 1482 1708 1561">
    <p class='ocr_par' dir='ltr' id='par_1_14' title="bbox 446 1482 1708 1561">
     <span class='ocr_line' id='line_1_14' title="bbox 446 1482 1708 1561; baseline -0.021 1"><span class='ocrx_word' id='word_1_75' title='bbox 446 1504 737 1561; x_wconf 90' lang='lat' dir='ltr'><strong>Demonico</strong></span> <span class='ocrx_word' id='word_1_76' title='bbox 759 1498 986 1555; x_wconf 88' lang='lat' dir='ltr'><strong>nimium</strong></span> <span class='ocrx_word' id='word_1_77' title='bbox 1013 1494 1228 1550; x_wconf 86' lang='lat' dir='ltr'><strong>fuerant</strong></span> <span class='ocrx_word' id='word_1_78' title='bbox 1250 1501 1438 1546; x_wconf 88' lang='lat' dir='ltr'><strong>errore</strong></span> <span class='ocrx_word' id='word_1_79' title='bbox 1463 1482 1708 1541; x_wconf 88' lang='lat' dir='ltr'><strong>subacta.</strong></span> 
     </span>
    </p>
   </div>
   <div class='ocr_carea' id='block_1_15' title="bbox 446 1568 1771 1654">
    <p class='ocr_par' dir='ltr' id='par_1_15' title="bbox 446 1568 1771 1654">
     <span class='ocr_line' id='line_1_15' title="bbox 446 1568 1771 1654; baseline -0.023 0"><span class='ocrx_word' id='word_1_80' title='bbox 446 1592 796 1654; x_wconf 76' lang='lat' dir='ltr'><strong>Christicolae</strong></span> <span class='ocrx_word' id='word_1_81' title='bbox 823 1604 952 1644; x_wconf 88' lang='lat' dir='ltr'><strong>vero</strong></span> <span class='ocrx_word' id='word_1_82' title='bbox 980 1587 1088 1643; x_wconf 90' lang='lat' dir='ltr'><strong>iam</strong></span> <span class='ocrx_word' id='word_1_83' title='bbox 1112 1584 1274 1654; x_wconf 92' lang='lat' dir='ltr'><strong>longo</strong></span> <span class='ocrx_word' id='word_1_84' title='bbox 1311 1588 1553 1647; x_wconf 88' lang='lat' dir='ltr'><strong>tempore</strong></span> <span class='ocrx_word' id='word_1_85' title='bbox 1575 1568 1771 1627; x_wconf 83' lang='lat' dir='ltr'><strong>Franci</strong></span> 
     </span>
    </p>
   </div>
   <div class='ocr_carea' id='block_1_16' title="bbox 446 1658 1889 1746">
    <p class='ocr_par' dir='ltr' id='par_1_16' title="bbox 446 1658 1889 1746">
     <span class='ocr_line' id='line_1_16' title="bbox 446 1658 1889 1746; baseline -0.024 0"><span class='ocrx_word' id='word_1_86' title='bbox 446 1685 775 1746; x_wconf 86' lang='lat' dir='ltr'><strong>Catholicam</strong></span> <span class='ocrx_word' id='word_1_87' title='bbox 803 1688 1027 1736; x_wconf 86' lang='lat' dir='ltr'><strong>tenuere</strong></span> <span class='ocrx_word' id='word_1_88' title='bbox 1055 1674 1237 1739; x_wconf 81' lang='lat' dir='ltr'><strong>fidem,</strong></span> <span class='ocrx_word' id='word_1_89' title='bbox 1271 1667 1559 1735; x_wconf 82' lang='lat' dir='ltr'><strong>multisque</strong></span> <span class='ocrx_word' id='word_1_90' title='bbox 1583 1676 1682 1735; x_wconf 90' lang='lat' dir='ltr'><strong>per</strong></span> <span class='ocrx_word' id='word_1_91' title='bbox 1700 1658 1889 1717; x_wconf 89' lang='lat' dir='ltr'><strong>orbem</strong></span> 
     </span>
    </p>
   </div>
   <div class='ocr_carea' id='block_1_17' title="bbox 445 1749 1885 1838">
    <p class='ocr_par' dir='ltr' id='par_1_17' title="bbox 445 1749 1885 1838">
     <span class='ocr_line' id='line_1_17' title="bbox 445 1749 1885 1838; baseline -0.021 -5"><span class='ocrx_word' id='word_1_92' title='bbox 445 1781 556 1835; x_wconf 90' lang='lat' dir='ltr'><strong>lam</strong></span> <span class='ocrx_word' id='word_1_93' title='bbox 582 1773 996 1832; x_wconf 86' lang='lat' dir='ltr'><strong>dominabantur</strong></span> <span class='ocrx_word' id='word_1_94' title='bbox 1018 1763 1251 1838; x_wconf 85' lang='lat' dir='ltr'><strong>populis,</strong></span> <span class='ocrx_word' id='word_1_95' title='bbox 1271 1760 1467 1832; x_wconf 86' lang='lat' dir='ltr'><strong>quibus</strong></span> <span class='ocrx_word' id='word_1_96' title='bbox 1489 1755 1723 1825; x_wconf 91' lang='lat' dir='ltr'><strong>undique</strong></span> <span class='ocrx_word' id='word_1_97' title='bbox 1746 1749 1885 1815; x_wconf 89' lang='lat' dir='ltr'><strong>fulti,</strong></span> 
     </span>
    </p>
   </div>
   <div class='ocr_carea' id='block_1_18' title="bbox 448 1847 1701 1936">
    <p class='ocr_par' dir='ltr' id='par_1_18' title="bbox 448 1847 1701 1936">
     <span class='ocr_line' id='line_1_18' title="bbox 448 1847 1701 1936; baseline -0.022 -11"><span class='ocrx_word' id='word_1_98' title='bbox 448 1869 705 1936; x_wconf 85' lang='lat' dir='ltr'><strong>Precipue</strong></span> <span class='ocrx_word' id='word_1_99' title='bbox 728 1864 930 1918; x_wconf 87' lang='lat' dir='ltr'><strong>virtute</strong></span> <span class='ocrx_word' id='word_1_100' title='bbox 956 1859 1074 1923; x_wconf 90' lang='lat' dir='ltr'><strong>Dei,</strong></span> <span class='ocrx_word' id='word_1_101' title='bbox 1106 1868 1268 1926; x_wconf 90' lang='lat' dir='ltr'><strong>quem</strong></span> <span class='ocrx_word' id='word_1_102' title='bbox 1294 1851 1397 1906; x_wconf 90' lang='lat' dir='ltr'><strong>rite</strong></span> <span class='ocrx_word' id='word_1_103' title='bbox 1432 1847 1701 1911; x_wconf 80' lang='lat' dir='ltr'><strong>colebant,</strong></span> 
     </span>
    </p>
   </div>
   <div class='ocr_carea' id='block_1_19' title="bbox 449 1938 1853 2022">
    <p class='ocr_par' dir='ltr' id='par_1_19' title="bbox 449 1938 1853 2022">
     <span class='ocr_line' id='line_1_19' title="bbox 449 1938 1853 2022; baseline -0.02 -8"><span class='ocrx_word' id='word_1_104' title='bbox 449 1958 599 2013; x_wconf 82' lang='lat' dir='ltr'><strong>Hanc</strong></span> <span class='ocrx_word' id='word_1_105' title='bbox 623 1967 784 2010; x_wconf 88' lang='lat' dir='ltr'><strong>unam</strong></span> <span class='ocrx_word' id='word_1_106' title='bbox 814 1954 1064 2022; x_wconf 82' lang='lat' dir='ltr'><strong>poterant</strong></span> <span class='ocrx_word' id='word_1_107' title='bbox 1091 1943 1347 2000; x_wconf 88' lang='lat' dir='ltr'><strong>nimirum</strong></span> <span class='ocrx_word' id='word_1_108' title='bbox 1374 1938 1594 1994; x_wconf 88' lang='lat' dir='ltr'><strong>vincere</strong></span> <span class='ocrx_word' id='word_1_109' title='bbox 1620 1941 1853 2006; x_wconf 78' lang='lat' dir='ltr'><strong>gentem.</strong></span> 
     </span>
    </p>
   </div>
   <div class='ocr_carea' id='block_1_20' title="bbox 450 2028 1677 2115">
    <p class='ocr_par' dir='ltr' id='par_1_20' title="bbox 450 2028 1677 2115">
     <span class='ocr_line' id='line_1_20' title="bbox 450 2028 1677 2115; baseline -0.02 -11"><span class='ocrx_word' id='word_1_110' title='bbox 450 2047 566 2115; x_wconf 83' lang='lat' dir='ltr'><strong>Que</strong></span> <span class='ocrx_word' id='word_1_111' title='bbox 589 2060 688 2101; x_wconf 90' lang='lat' dir='ltr'><strong>nec</strong></span> <span class='ocrx_word' id='word_1_112' title='bbox 714 2056 839 2113; x_wconf 90' lang='lat' dir='ltr'><strong>rege</strong></span> <span class='ocrx_word' id='word_1_113' title='bbox 865 2039 967 2094; x_wconf 91' lang='lat' dir='ltr'><strong>fuit</strong></span> <span class='ocrx_word' id='word_1_114' title='bbox 986 2036 1179 2093; x_wconf 88' lang='lat' dir='ltr'><strong>saltem</strong></span> <span class='ocrx_word' id='word_1_115' title='bbox 1205 2031 1407 2089; x_wconf 89' lang='lat' dir='ltr'><strong>sociata</strong></span> <span class='ocrx_word' id='word_1_116' title='bbox 1428 2028 1529 2084; x_wconf 87' lang='lat' dir='ltr'><strong>sub</strong></span> <span class='ocrx_word' id='word_1_117' title='bbox 1549 2040 1677 2093; x_wconf 90' lang='lat' dir='ltr'><strong>uno,</strong></span> 
     </span>
    </p>
   </div>
   <div class='ocr_carea' id='block_1_21' title="bbox 452 2121 1570 2200">
    <p class='ocr_par' dir='ltr' id='par_1_21' title="bbox 452 2121 1570 2200">
     <span class='ocr_line' id='line_1_21' title="bbox 452 2121 1570 2200; baseline -0.021 -6"><span class='ocrx_word' id='word_1_118' title='bbox 452 2138 522 2195; x_wconf 88' lang='lat' dir='ltr'><strong>Ut</strong></span> <span class='ocrx_word' id='word_1_119' title='bbox 551 2151 609 2192; x_wconf 91' lang='lat' dir='ltr'><strong>se</strong></span> <span class='ocrx_word' id='word_1_120' title='bbox 638 2134 863 2190; x_wconf 86' lang='lat' dir='ltr'><strong>militiae</strong></span> <span class='ocrx_word' id='word_1_121' title='bbox 886 2127 1090 2200; x_wconf 88' lang='lat' dir='ltr'><strong>pariter</strong></span> <span class='ocrx_word' id='word_1_122' title='bbox 1110 2121 1424 2180; x_wconf 79' lang='lat' dir='ltr'><strong>defenderet</strong></span> <span class='ocrx_word' id='word_1_123' title='bbox 1448 2132 1570 2181; x_wconf 88' lang='lat' dir='ltr'><strong>usu,</strong></span> 
     </span>
    </p>
   </div>
   <div class='ocr_carea' id='block_1_22' title="bbox 453 2205 1801 2287">
    <p class='ocr_par' dir='ltr' id='par_1_22' title="bbox 453 2205 1801 2287">
     <span class='ocr_line' id='line_1_22' title="bbox 453 2205 1801 2287; baseline -0.022 0"><span class='ocrx_word' id='word_1_124' title='bbox 453 2231 560 2287; x_wconf 86' lang='lat' dir='ltr'><strong>Sed</strong></span> <span class='ocrx_word' id='word_1_125' title='bbox 584 2228 748 2283; x_wconf 89' lang='lat' dir='ltr'><strong>variis</strong></span> <span class='ocrx_word' id='word_1_126' title='bbox 774 2224 945 2281; x_wconf 90' lang='lat' dir='ltr'><strong>divisa</strong></span> <span class='ocrx_word' id='word_1_127' title='bbox 972 2218 1146 2276; x_wconf 89' lang='lat' dir='ltr'><strong>modis</strong></span> <span class='ocrx_word' id='word_1_128' title='bbox 1163 2214 1317 2286; x_wconf 89' lang='lat' dir='ltr'><strong>plebs</strong></span> <span class='ocrx_word' id='word_1_129' title='bbox 1342 2211 1539 2276; x_wconf 89' lang='lat' dir='ltr'><strong>omnis,</strong></span> <span class='ocrx_word' id='word_1_130' title='bbox 1568 2205 1801 2263; x_wconf 84' lang='lat' dir='ltr'><strong>habebat</strong></span> 
     </span>
    </p>
   </div>
   <div class='ocr_carea' id='block_1_23' title="bbox 454 2300 1825 2390">
    <p class='ocr_par' dir='ltr' id='par_1_23' title="bbox 454 2300 1825 2390">
     <span class='ocr_line' id='line_1_23' title="bbox 454 2300 1825 2390; baseline -0.022 -12"><span class='ocrx_word' id='word_1_131' title='bbox 454 2322 595 2390; x_wconf 87' lang='lat' dir='ltr'><strong>Quot</strong></span> <span class='ocrx_word' id='word_1_132' title='bbox 614 2334 782 2390; x_wconf 89' lang='lat' dir='ltr'><strong>pagos</strong></span> <span class='ocrx_word' id='word_1_133' title='bbox 810 2322 892 2370; x_wconf 90' lang='lat' dir='ltr'><strong>tot</strong></span> <span class='ocrx_word' id='word_1_134' title='bbox 912 2322 1084 2384; x_wconf 89' lang='lat' dir='ltr'><strong>paene</strong></span> <span class='ocrx_word' id='word_1_135' title='bbox 1107 2310 1292 2370; x_wconf 89' lang='lat' dir='ltr'><strong>duces,</strong></span> <span class='ocrx_word' id='word_1_136' title='bbox 1318 2303 1467 2360; x_wconf 91' lang='lat' dir='ltr'><strong>velut</strong></span> <span class='ocrx_word' id='word_1_137' title='bbox 1492 2300 1653 2356; x_wconf 89' lang='lat' dir='ltr'><strong>unius</strong></span> <span class='ocrx_word' id='word_1_138' title='bbox 1675 2303 1825 2352; x_wconf 88' lang='lat' dir='ltr'><strong>artus</strong></span> 
     </span>
    </p>
   </div>
   <div class='ocr_carea' id='block_1_24' title="bbox 454 2386 1774 2479">
    <p class='ocr_par' dir='ltr' id='par_1_24' title="bbox 454 2386 1774 2479">
     <span class='ocr_line' id='line_1_24' title="bbox 454 2386 1774 2479; baseline -0.02 -13"><span class='ocrx_word' id='word_1_139' title='bbox 454 2386 710 2479; x_wconf 76' lang='lat' dir='ltr'><strong>Corporis</strong></span> <span class='ocrx_word' id='word_1_140' title='bbox 734 2407 789 2461; x_wconf 90' lang='lat' dir='ltr'><strong>in</strong></span> <span class='ocrx_word' id='word_1_141' title='bbox 813 2404 1028 2459; x_wconf 89' lang='lat' dir='ltr'><strong>diversa</strong></span> <span class='ocrx_word' id='word_1_142' title='bbox 1051 2399 1230 2455; x_wconf 80' lang='lat' dir='ltr'><strong>forent</strong></span> <span class='ocrx_word' id='word_1_143' title='bbox 1253 2395 1380 2451; x_wconf 87' lang='lat' dir='ltr'><strong>hinc</strong></span> <span class='ocrx_word' id='word_1_144' title='bbox 1400 2391 1526 2448; x_wconf 87' lang='lat' dir='ltr'><strong>inde</strong></span> <span class='ocrx_word' id='word_1_145' title='bbox 1556 2386 1774 2443; x_wconf 86' lang='lat' dir='ltr'><strong>revulsi.</strong></span> 
     </span>
    </p>
   </div>
   <div class='ocr_carea' id='block_1_25' title="bbox 459 2476 1741 2571">
    <p class='ocr_par' dir='ltr' id='par_1_25' title="bbox 459 2476 1741 2571">
     <span class='ocr_line' id='line_1_25' title="bbox 459 2476 1741 2571; baseline -0.02 -13"><span class='ocrx_word' id='word_1_146' title='bbox 459 2476 579 2558; x_wconf 76' lang='lat' dir='ltr'><strong>Sed</strong></span> <span class='ocrx_word' id='word_1_147' title='bbox 591 2496 860 2571; x_wconf 90' lang='lat' dir='ltr'><strong>generalis</strong></span> <span class='ocrx_word' id='word_1_148' title='bbox 883 2494 1045 2548; x_wconf 88' lang='lat' dir='ltr'><strong>habet</strong></span> <span class='ocrx_word' id='word_1_149' title='bbox 1068 2487 1294 2562; x_wconf 85' lang='lat' dir='ltr'><strong>populos</strong></span> <span class='ocrx_word' id='word_1_150' title='bbox 1318 2482 1512 2541; x_wconf 91' lang='lat' dir='ltr'><strong>divisio</strong></span> <span class='ocrx_word' id='word_1_151' title='bbox 1536 2476 1741 2543; x_wconf 80' lang='lat' dir='ltr'><strong>ternos,</strong></span> 
     </span>
    </p>
   </div>
   <div class='ocr_carea' id='block_1_26' title="bbox 459 2574 1579 2667">
    <p class='ocr_par' dir='ltr' id='par_1_26' title="bbox 459 2574 1579 2667">
     <span class='ocr_line' id='line_1_26' title="bbox 459 2574 1579 2667; baseline -0.022 -16"><span class='ocrx_word' id='word_1_152' title='bbox 459 2594 715 2667; x_wconf 83' lang='lat' dir='ltr'><strong>lnsignita</strong></span> <span class='ocrx_word' id='word_1_153' title='bbox 744 2588 940 2661; x_wconf 87' lang='lat' dir='ltr'><strong>quibus</strong></span> <span class='ocrx_word' id='word_1_154' title='bbox 966 2580 1200 2640; x_wconf 84' lang='lat' dir='ltr'><strong>Saxonia</strong></span> <span class='ocrx_word' id='word_1_155' title='bbox 1222 2575 1405 2633; x_wconf 79' lang='lat' dir='ltr'><strong>floruit</strong></span> <span class='ocrx_word' id='word_1_156' title='bbox 1430 2574 1579 2630; x_wconf 91' lang='lat' dir='ltr'><strong>olim.</strong></span> 
     </span>
    </p>
   </div>
   <div class='ocr_carea' id='block_1_27' title="bbox 461 2657 1895 2741">
    <p class='ocr_par' dir='ltr' id='par_1_27' title="bbox 461 2657 1895 2741">
     <span class='ocr_line' id='line_1_27' title="bbox 461 2657 1895 2741; baseline -0.02 -2"><span class='ocrx_word' id='word_1_157' title='bbox 461 2657 686 2741; x_wconf 75' lang='lat' dir='ltr'><strong>Nomina</strong></span> <span class='ocrx_word' id='word_1_158' title='bbox 710 2657 856 2736; x_wconf 82' lang='lat' dir='ltr'><strong>nunc</strong></span> <span class='ocrx_word' id='word_1_159' title='bbox 878 2679 1178 2737; x_wconf 86' lang='lat' dir='ltr'><strong>remanent,</strong></span> <span class='ocrx_word' id='word_1_160' title='bbox 1205 2668 1380 2725; x_wconf 83' lang='lat' dir='ltr'><strong>virtus</strong></span> <span class='ocrx_word' id='word_1_161' title='bbox 1407 2663 1629 2732; x_wconf 83' lang='lat' dir='ltr'><strong>antiqua</strong></span> <span class='ocrx_word' id='word_1_162' title='bbox 1655 2657 1895 2715; x_wconf 78' lang='lat' dir='ltr'><strong>recessit.</strong></span> 
     </span>
    </p>
   </div>
   <div class='ocr_carea' id='block_1_28' title="bbox 462 2742 1834 2845">
    <p class='ocr_par' dir='ltr' id='par_1_28' title="bbox 462 2742 1834 2845">
     <span class='ocr_line' id='line_1_28' title="bbox 462 2742 1834 2845; baseline -0.022 -12"><span class='ocrx_word' id='word_1_163' title='bbox 462 2776 699 2845; x_wconf 79' lang='lat' dir='ltr'><strong>Denique</strong></span> <span class='ocrx_word' id='word_1_164' title='bbox 722 2768 1012 2827; x_wconf 85' lang='lat' dir='ltr'><strong>Wcstfalos</strong></span> <span class='ocrx_word' id='word_1_165' title='bbox 1033 2764 1272 2822; x_wconf 89' lang='lat' dir='ltr'><strong>vocitant</strong></span> <span class='ocrx_word' id='word_1_166' title='bbox 1289 2761 1344 2815; x_wconf 90' lang='lat' dir='ltr'><strong>in</strong></span> <span class='ocrx_word' id='word_1_167' title='bbox 1377 2764 1534 2829; x_wconf 88' lang='lat' dir='ltr'><strong>parte</strong></span> <span class='ocrx_word' id='word_1_168' title='bbox 1555 2742 1834 2811; x_wconf 74' lang='lat' dir='ltr'><strong>manen&#39;tes</strong></span> 
     </span>
    </p>
   </div>
   <div class='ocr_carea' id='block_1_29' title="bbox 461 2847 1762 2932">
    <p class='ocr_par' dir='ltr' id='par_1_29' title="bbox 461 2847 1762 2932">
     <span class='ocr_line' id='line_1_29' title="bbox 461 2847 1762 2932; baseline -0.021 -8"><span class='ocrx_word' id='word_1_169' title='bbox 461 2867 711 2931; x_wconf 87' lang='lat' dir='ltr'><strong>Occidua,</strong></span> <span class='ocrx_word' id='word_1_170' title='bbox 747 2873 977 2932; x_wconf 91' lang='lat' dir='ltr'><strong>quorum</strong></span> <span class='ocrx_word' id='word_1_171' title='bbox 1000 2870 1107 2911; x_wconf 90' lang='lat' dir='ltr'><strong>non</strong></span> <span class='ocrx_word' id='word_1_172' title='bbox 1129 2854 1286 2922; x_wconf 89' lang='lat' dir='ltr'><strong>longe</strong></span> <span class='ocrx_word' id='word_1_173' title='bbox 1314 2847 1577 2906; x_wconf 85' lang='lat' dir='ltr'><strong>terminus</strong></span> <span class='ocrx_word' id='word_1_174' title='bbox 1603 2858 1762 2900; x_wconf 88' lang='lat' dir='ltr'><strong>amne</strong></span> 
     </span>
    </p>
   </div>
   <div class='ocr_carea' id='block_1_30' title="bbox 462 2935 1747 3020">
    <p class='ocr_par' dir='ltr' id='par_1_30' title="bbox 462 2935 1747 3020">
     <span class='ocr_line' id='line_1_30' title="bbox 462 2935 1747 3020; baseline -0.019 -4"><span class='ocrx_word' id='word_1_175' title='bbox 462 2961 507 3014; x_wconf 74' lang='grc' dir='ltr'><strong>Α</strong></span> <span class='ocrx_word' id='word_1_176' title='bbox 532 2959 720 3013; x_wconf 81' lang='lat' dir='ltr'><strong>Rheno</strong></span> <span class='ocrx_word' id='word_1_177' title='bbox 743 2935 906 3011; x_wconf 82' lang='lat' dir='ltr'><strong>distat</strong></span> <span class='ocrx_word' id='word_1_178' title='bbox 931 2967 947 3015; x_wconf 87' lang='lat'><strong>;</strong></span> <span class='ocrx_word' id='word_1_179' title='bbox 976 2947 1251 3020; x_wconf 83' lang='lat' dir='ltr'><strong>regionem</strong></span> <span class='ocrx_word' id='word_1_180' title='bbox 1274 2941 1403 3000; x_wconf 90' lang='lat' dir='ltr'><strong>solis</strong></span> <span class='ocrx_word' id='word_1_181' title='bbox 1420 2939 1491 2996; x_wconf 89' lang='lat' dir='ltr'><strong>ad</strong></span> <span class='ocrx_word' id='word_1_182' title='bbox 1513 2945 1691 2996; x_wconf 83' lang='lat' dir='ltr'><strong>ortum</strong></span> <span class='ocrx_word' id='word_1_183' title='bbox 1742 2968 1747 2975; x_wconf 90' lang='lat'><strong>-</strong></span> 
     </span>
    </p>
   </div>
   <div class='ocr_carea' id='block_1_31' title="bbox 466 3026 1892 3105">
    <p class='ocr_par' dir='ltr' id='par_1_31' title="bbox 466 3026 1892 3105">
     <span class='ocr_line' id='line_1_31' title="bbox 466 3026 1892 3105; baseline -0.018 1"><span class='ocrx_word' id='word_1_184' title='bbox 466 3053 491 3091; x_wconf 71' lang='grc' dir='ltr'><strong>ιι</strong></span> <span class='ocrx_word' id='word_1_185' title='bbox 520 3047 897 3105; x_wconf 75' lang='lat' dir='ltr'><strong>inhabitabant</strong></span> <span class='ocrx_word' id='word_1_186' title='bbox 924 3037 1232 3101; x_wconf 89' lang='lat' dir='ltr'><strong>Osterliudi,</strong></span> <span class='ocrx_word' id='word_1_187' title='bbox 1266 3047 1405 3105; x_wconf 90' lang='lat' dir='ltr'><strong>quos</strong></span> <span class='ocrx_word' id='word_1_188' title='bbox 1430 3029 1649 3088; x_wconf 82' lang='lat' dir='ltr'><strong>nomine</strong></span> <span class='ocrx_word' id='word_1_189' title='bbox 1674 3026 1892 3099; x_wconf 85' lang='lat' dir='ltr'><strong>quidam</strong></span> 
     </span>
    </p>
   </div>
   <div class='ocr_carea' id='block_1_32' title="bbox 460 3126 1639 3200">
    <p class='ocr_par' dir='ltr' id='par_1_32' title="bbox 460 3126 1639 3200">
     <span class='ocr_line' id='line_1_32' title="bbox 460 3126 1639 3200; baseline -0.02 0"><span class='ocrx_word' id='word_1_190' title='bbox 460 3139 706 3200; x_wconf 88' lang='lat' dir='ltr'><strong>Ostvalos</strong></span> <span class='ocrx_word' id='word_1_191' title='bbox 731 3136 836 3191; x_wconf 91' lang='lat' dir='ltr'><strong>alio</strong></span> <span class='ocrx_word' id='word_1_192' title='bbox 855 3134 1117 3199; x_wconf 89' lang='lat' dir='ltr'><strong>vocitant,</strong></span> <span class='ocrx_word' id='word_1_193' title='bbox 1143 3126 1375 3186; x_wconf 82' lang='lat' dir='ltr'><strong>confinia</strong></span> <span class='ocrx_word' id='word_1_194' title='bbox 1403 3136 1639 3194; x_wconf 87' lang='lat' dir='ltr'><strong>quorum</strong></span> 
     </span>
    </p>
   </div>
   <div class='ocr_carea' id='block_1_33' title="bbox 462 3209 1785 3292">
    <p class='ocr_par' dir='ltr' id='par_1_33' title="bbox 462 3209 1785 3292">
     <span class='ocr_line' id='line_1_33' title="bbox 462 3209 1785 3292; baseline -0.017 -4"><span class='ocrx_word' id='word_1_195' title='bbox 462 3232 721 3288; x_wconf 85' lang='lat' dir='ltr'><strong>infestant</strong></span> <span class='ocrx_word' id='word_1_196' title='bbox 745 3226 1033 3284; x_wconf 90' lang='lat' dir='ltr'><strong>coniuncta</strong></span> <span class='ocrx_word' id='word_1_197' title='bbox 1056 3222 1170 3279; x_wconf 85' lang='lat' dir='ltr'><strong>suis</strong></span> <span class='ocrx_word' id='word_1_198' title='bbox 1194 3234 1326 3292; x_wconf 88' lang='lat' dir='ltr'><strong>gens</strong></span> <span class='ocrx_word' id='word_1_199' title='bbox 1350 3214 1557 3288; x_wconf 83' lang='lat' dir='ltr'><strong>perﬁda</strong></span> <span class='ocrx_word' id='word_1_200' title='bbox 1583 3209 1785 3270; x_wconf 90' lang='lat' dir='ltr'><strong>Sclavi.</strong></span> 
     </span>
    </p>
   </div>
   <div class='ocr_carea' id='block_1_34' title="bbox 463 3312 1682 3391">
    <p class='ocr_par' dir='ltr' id='par_1_34' title="bbox 463 3312 1682 3391">
     <span class='ocr_line' id='line_1_34' title="bbox 463 3312 1682 3391; baseline -0.015 -13"><span class='ocrx_word' id='word_1_201' title='bbox 463 3324 606 3379; x_wconf 84' lang='lat' dir='ltr'><strong>inter</strong></span> <span class='ocrx_word' id='word_1_202' title='bbox 626 3319 934 3391; x_wconf 87' lang='lat' dir='ltr'><strong>praedictos</strong></span> <span class='ocrx_word' id='word_1_203' title='bbox 956 3315 1133 3370; x_wconf 85' lang='lat' dir='ltr'><strong>media</strong></span> <span class='ocrx_word' id='word_1_204' title='bbox 1155 3312 1372 3381; x_wconf 87' lang='lat' dir='ltr'><strong>regione</strong></span> <span class='ocrx_word' id='word_1_205' title='bbox 1402 3315 1682 3364; x_wconf 85' lang='lat' dir='ltr'><strong>morantur</strong></span> 
     </span>
    </p>
   </div>
   <div class='ocr_carea' id='block_1_35' title="bbox 461 3398 1750 3483">
    <p class='ocr_par' dir='ltr' id='par_1_35' title="bbox 461 3398 1750 3483">
     <span class='ocr_line' id='line_1_35' title="bbox 461 3398 1750 3483; baseline -0.014 -16"><span class='ocrx_word' id='word_1_206' title='bbox 461 3410 702 3483; x_wconf 87' lang='lat' dir='ltr'><strong>Angarii,</strong></span> <span class='ocrx_word' id='word_1_207' title='bbox 728 3407 958 3478; x_wconf 89' lang='lat' dir='ltr'><strong>populus</strong></span> <span class='ocrx_word' id='word_1_208' title='bbox 989 3404 1263 3459; x_wconf 86' lang='lat' dir='ltr'><strong>Saxonum</strong></span> <span class='ocrx_word' id='word_1_209' title='bbox 1288 3400 1515 3466; x_wconf 87' lang='lat' dir='ltr'><strong>tertius;</strong></span> <span class='ocrx_word' id='word_1_210' title='bbox 1557 3398 1750 3452; x_wconf 91' lang='lat' dir='ltr'><strong>horum</strong></span> 
     </span>
    </p>
   </div>
   <div class='ocr_carea' id='block_1_36' title="bbox 462 3487 1781 3559">
    <p class='ocr_par' dir='ltr' id='par_1_36' title="bbox 462 3487 1781 3559">
     <span class='ocr_line' id='line_1_36' title="bbox 462 3487 1781 3559; baseline -0.013 -2"><span class='ocrx_word' id='word_1_211' title='bbox 462 3502 646 3559; x_wconf 88' lang='lat' dir='ltr'><strong>Patria</strong></span> <span class='ocrx_word' id='word_1_212' title='bbox 671 3499 1002 3553; x_wconf 86' lang='lat' dir='ltr'><strong>Francorum</strong></span> <span class='ocrx_word' id='word_1_213' title='bbox 1041 3493 1200 3548; x_wconf 89' lang='lat' dir='ltr'><strong>terris</strong></span> <span class='ocrx_word' id='word_1_214' title='bbox 1225 3491 1454 3548; x_wconf 79' lang='lat' dir='ltr'><strong>satiatur</strong></span> <span class='ocrx_word' id='word_1_215' title='bbox 1483 3487 1551 3543; x_wconf 90' lang='lat' dir='ltr'><strong>ab</strong></span> <span class='ocrx_word' id='word_1_216' title='bbox 1575 3493 1781 3549; x_wconf 86' lang='lat' dir='ltr'><strong>austro,</strong></span> 
     </span>
    </p>
   </div>
   <div class='ocr_carea' id='block_1_37' title="bbox 462 3575 1759 3656">
    <p class='ocr_par' dir='ltr' id='par_1_37' title="bbox 462 3575 1759 3656">
     <span class='ocr_line' id='line_1_37' title="bbox 462 3575 1759 3656; baseline -0.013 -11"><span class='ocrx_word' id='word_1_217' title='bbox 462 3591 783 3656; x_wconf 79' lang='lat' dir='ltr'><strong>Oceanoque</strong></span> <span class='ocrx_word' id='word_1_218' title='bbox 813 3586 1000 3641; x_wconf 88' lang='lat' dir='ltr'><strong>eadem</strong></span> <span class='ocrx_word' id='word_1_219' title='bbox 1031 3580 1373 3650; x_wconf 74' lang='lat' dir='ltr'><strong>coniungitur</strong></span> <span class='ocrx_word' id='word_1_220' title='bbox 1398 3593 1467 3635; x_wconf 88' lang='lat' dir='ltr'><strong>ex</strong></span> <span class='ocrx_word' id='word_1_221' title='bbox 1492 3575 1759 3646; x_wconf 88' lang='lat' dir='ltr'><strong>aquilone.</strong></span> 
     </span>
    </p>
   </div>
   <div class='ocr_carea' id='block_1_38' title="bbox 467 3667 1898 3746">
    <p class='ocr_par' dir='ltr' id='par_1_38' title="bbox 467 3667 1898 3746">
     <span class='ocr_line' id='line_1_38' title="bbox 467 3667 1898 3746; baseline -0.012 -13"><span class='ocrx_word' id='word_1_222' title='bbox 467 3680 615 3732; x_wconf 78' lang='lat' dir='ltr'><strong>[lane</strong></span> <span class='ocrx_word' id='word_1_223' title='bbox 638 3678 798 3746; x_wconf 87' lang='lat' dir='ltr'><strong>igitur</strong></span> <span class='ocrx_word' id='word_1_224' title='bbox 821 3674 1046 3729; x_wconf 82' lang='lat' dir='ltr'><strong>Carolus</strong></span> <span class='ocrx_word' id='word_1_225' title='bbox 1072 3669 1261 3725; x_wconf 86' lang='lat' dir='ltr'><strong>statuit</strong></span> <span class='ocrx_word' id='word_1_226' title='bbox 1286 3669 1387 3724; x_wconf 88' lang='lat' dir='ltr'><strong>sibi</strong></span> <span class='ocrx_word' id='word_1_227' title='bbox 1412 3667 1642 3723; x_wconf 84' lang='lat' dir='ltr'><strong>subdere</strong></span> <span class='ocrx_word' id='word_1_228' title='bbox 1668 3669 1898 3736; x_wconf 79' lang='lat' dir='ltr'><strong>gentem.</strong></span> 
     </span>
    </p>
   </div>
   <div class='ocr_carea' id='block_1_39' title="bbox 466 3755 1859 3828">
    <p class='ocr_par' dir='ltr' id='par_1_39' title="bbox 466 3755 1859 3828">
     <span class='ocr_line' id='line_1_39' title="bbox 466 3755 1859 3828; baseline -0.011 -6"><span class='ocrx_word' id='word_1_229' title='bbox 466 3769 575 3823; x_wconf 67' lang='lat' dir='ltr'><strong>Nec</strong></span> <span class='ocrx_word' id='word_1_230' title='bbox 602 3781 772 3828; x_wconf 86' lang='lat' dir='ltr'><strong>mora,</strong></span> <span class='ocrx_word' id='word_1_231' title='bbox 804 3780 926 3818; x_wconf 91' lang='lat' dir='ltr'><strong>cum</strong></span> <span class='ocrx_word' id='word_1_232' title='bbox 951 3763 1079 3817; x_wconf 89' lang='lat' dir='ltr'><strong>totis</strong></span> <span class='ocrx_word' id='word_1_233' title='bbox 1102 3759 1433 3815; x_wconf 85' lang='lat' dir='ltr'><strong>Francorum</strong></span> <span class='ocrx_word' id='word_1_234' title='bbox 1460 3755 1667 3811; x_wconf 91' lang='lat' dir='ltr'><strong>viribus</strong></span> <span class='ocrx_word' id='word_1_235' title='bbox 1688 3755 1859 3824; x_wconf 89' lang='lat' dir='ltr'><strong>ipsam</strong></span> 
     </span>
    </p>
   </div>
   <div class='ocr_carea' id='block_1_40' title="bbox 462 3843 1571 3925">
    <p class='ocr_par' dir='ltr' id='par_1_40' title="bbox 462 3843 1571 3925">
     <span class='ocr_line' id='line_1_40' title="bbox 462 3843 1571 3925; baseline -0.012 -16"><span class='ocrx_word' id='word_1_236' title='bbox 462 3856 783 3925; x_wconf 82' lang='lat' dir='ltr'><strong>Aggressus,</strong></span> <span class='ocrx_word' id='word_1_237' title='bbox 808 3851 915 3905; x_wconf 84' lang='lat' dir='ltr'><strong>late</strong></span> <span class='ocrx_word' id='word_1_238' title='bbox 944 3847 1088 3904; x_wconf 88' lang='lat' dir='ltr'><strong>ferro</strong></span> <span class='ocrx_word' id='word_1_239' title='bbox 1111 3846 1344 3903; x_wconf 84' lang='lat' dir='ltr'><strong>vastavit</strong></span> <span class='ocrx_word' id='word_1_240' title='bbox 1362 3851 1417 3900; x_wconf 91' lang='lat' dir='ltr'><strong>et</strong></span> <span class='ocrx_word' id='word_1_241' title='bbox 1443 3843 1571 3915; x_wconf 90' lang='lat' dir='ltr'><strong>igni.</strong></span> 
     </span>
    </p>
   </div>
   <div class='ocr_carea' id='block_1_41' title="bbox 464 3931 1517 3998">
    <p class='ocr_par' dir='ltr' id='par_1_41' title="bbox 464 3931 1517 3998">
     <span class='ocr_line' id='line_1_41' title="bbox 464 3931 1517 3998; baseline -0.013 0"><span class='ocrx_word' id='word_1_242' title='bbox 464 3942 755 3998; x_wconf 84' lang='lat' dir='ltr'><strong>Castellum</strong></span> <span class='ocrx_word' id='word_1_243' title='bbox 783 3938 1012 3993; x_wconf 88' lang='lat' dir='ltr'><strong>naturali</strong></span> <span class='ocrx_word' id='word_1_244' title='bbox 1056 3934 1352 3991; x_wconf 88' lang='lat' dir='ltr'><strong>munimine</strong></span> <span class='ocrx_word' id='word_1_245' title='bbox 1376 3931 1517 3988; x_wconf 92' lang='lat' dir='ltr'><strong>forte</strong></span> 
     </span>
    </p>
   </div>
   <div class='ocr_carea' id='block_1_42' title="bbox 468 4014 2045 4098">
    <p class='ocr_par' dir='ltr' id='par_1_42' title="bbox 468 4014 2045 4098">
     <span class='ocr_line' id='line_1_42' title="bbox 468 4014 2045 4098; baseline -0.013 -10"><span class='ocrx_word' id='word_1_246' title='bbox 468 4033 653 4097; x_wconf 73' lang='lat' dir='ltr'><strong>Valde,</strong></span> <span class='ocrx_word' id='word_1_247' title='bbox 680 4046 838 4085; x_wconf 86' lang='lat' dir='ltr'><strong>manu</strong></span> <span class='ocrx_word' id='word_1_248' title='bbox 864 4041 1077 4098; x_wconf 90' lang='lat' dir='ltr'><strong>quoque</strong></span> <span class='ocrx_word' id='word_1_249' title='bbox 1105 4025 1399 4089; x_wconf 82' lang='lat' dir='ltr'><strong>firmatum,</strong></span> <span class='ocrx_word' id='word_1_250' title='bbox 1427 4019 1567 4092; x_wconf 88' lang='lat' dir='ltr'><strong>quod</strong></span> <span class='ocrx_word' id='word_1_251' title='bbox 1601 4018 1831 4075; x_wconf 87' lang='lat' dir='ltr'><strong>barbara</strong></span> <span class='ocrx_word' id='word_1_252' title='bbox 1866 4014 2045 4086; x_wconf 89' lang='lat' dir='ltr'><strong>lingua</strong></span> 
     </span>
    </p>
   </div>
   <div class='ocr_carea' id='block_1_43' title="bbox 464 4110 1792 4188">
    <p class='ocr_par' dir='ltr' id='par_1_43' title="bbox 464 4110 1792 4188">
     <span class='ocr_line' id='line_1_43' title="bbox 464 4110 1792 4188; baseline -0.012 -11"><span class='ocrx_word' id='word_1_253' title='bbox 464 4123 718 4177; x_wconf 77' lang='lat' dir='ltr'><strong>Nominat</strong></span> <span class='ocrx_word' id='word_1_254' title='bbox 742 4119 1027 4188; x_wconf 88' lang='lat' dir='ltr'><strong>Eresburg,</strong></span> <span class='ocrx_word' id='word_1_255' title='bbox 1054 4114 1231 4171; x_wconf 89' lang='lat' dir='ltr'><strong>valido</strong></span> <span class='ocrx_word' id='word_1_256' title='bbox 1256 4127 1379 4169; x_wconf 88' lang='lat' dir='ltr'><strong>cum</strong></span> <span class='ocrx_word' id='word_1_257' title='bbox 1417 4113 1609 4167; x_wconf 89' lang='lat' dir='ltr'><strong>robore</strong></span> <span class='ocrx_word' id='word_1_258' title='bbox 1634 4110 1792 4179; x_wconf 89' lang='lat' dir='ltr'><strong>cepit.</strong></span> 
     </span>
    </p>
   </div>
   <div class='ocr_carea' id='block_1_44' title="bbox 465 4198 1906 4270">
    <p class='ocr_par' dir='ltr' id='par_1_44' title="bbox 465 4198 1906 4270">
     <span class='ocr_line' id='line_1_44' title="bbox 465 4198 1906 4270; baseline -0.012 -2"><span class='ocrx_word' id='word_1_259' title='bbox 465 4210 611 4268; x_wconf 81' lang='lat' dir='ltr'><strong>Gens</strong></span> <span class='ocrx_word' id='word_1_260' title='bbox 639 4210 827 4266; x_wconf 88' lang='lat' dir='ltr'><strong>eadem</strong></span> <span class='ocrx_word' id='word_1_261' title='bbox 852 4205 1018 4262; x_wconf 92' lang='lat' dir='ltr'><strong>coluit</strong></span> <span class='ocrx_word' id='word_1_262' title='bbox 1041 4202 1407 4267; x_wconf 90' lang='lat' dir='ltr'><strong>simulacrum,</strong></span> <span class='ocrx_word' id='word_1_263' title='bbox 1435 4199 1577 4270; x_wconf 92' lang='lat' dir='ltr'><strong>quod</strong></span> <span class='ocrx_word' id='word_1_264' title='bbox 1601 4198 1906 4255; x_wconf 88' lang='lat' dir='ltr'><strong>vocitabant</strong></span> 
     </span>
    </p>
   </div>
   <div class='ocr_carea' id='block_1_45' title="bbox 442 4290 1693 4386">
    <p class='ocr_par' dir='ltr' id='par_1_45' title="bbox 442 4290 1693 4386">
     <span class='ocr_line' id='line_1_45' title="bbox 442 4290 1693 4386; baseline -0.011 -28"><span class='ocrx_word' id='word_1_265' title='bbox 442 4301 736 4386; x_wconf 39' lang='lat' dir='ltr'><strong>‘lratinsul,</strong></span> <span class='ocrx_word' id='word_1_266' title='bbox 761 4298 915 4354; x_wconf 91' lang='lat' dir='ltr'><strong>cuius</strong></span> <span class='ocrx_word' id='word_1_267' title='bbox 937 4294 1128 4351; x_wconf 90' lang='lat' dir='ltr'><strong>similis</strong></span> <span class='ocrx_word' id='word_1_268' title='bbox 1152 4293 1359 4349; x_wconf 89' lang='lat' dir='ltr'><strong>factura</strong></span> <span class='ocrx_word' id='word_1_269' title='bbox 1391 4304 1414 4332; x_wconf 74' lang='grc' dir='ltr'>ε</span> <span class='ocrx_word' id='word_1_270' title='bbox 1447 4290 1693 4348; x_wconf 90' lang='lat' dir='ltr'><strong>columne</strong></span> 
     </span>
    </p>
   </div>
   <div class='ocr_carea' id='block_1_46' title="bbox 469 4382 1757 4464">
    <p class='ocr_par' dir='ltr' id='par_1_46' title="bbox 469 4382 1757 4464">
     <span class='ocr_line' id='line_1_46' title="bbox 469 4382 1757 4464; baseline -0.011 -15"><span class='ocrx_word' id='word_1_271' title='bbox 469 4395 583 4449; x_wconf 75' lang='lat' dir='ltr'><strong>Non</strong></span> <span class='ocrx_word' id='word_1_272' title='bbox 610 4392 789 4464; x_wconf 89' lang='lat' dir='ltr'><strong>operis</strong></span> <span class='ocrx_word' id='word_1_273' title='bbox 812 4388 963 4460; x_wconf 91' lang='lat' dir='ltr'><strong>parvi</strong></span> <span class='ocrx_word' id='word_1_274' title='bbox 994 4386 1169 4442; x_wconf 81' lang='lat' dir='ltr'><strong>fuerat</strong></span> <span class='ocrx_word' id='word_1_275' title='bbox 1192 4385 1500 4455; x_wconf 90' lang='lat' dir='ltr'><strong>pariterque</strong></span> <span class='ocrx_word' id='word_1_276' title='bbox 1530 4382 1757 4437; x_wconf 88' lang='lat' dir='ltr'><strong>decoris.</strong></span> 
     </span>
    </p>
   </div>
   <div class='ocr_carea' id='block_1_47' title="bbox 471 4472 1762 4543">
    <p class='ocr_par' dir='ltr' id='par_1_47' title="bbox 471 4472 1762 4543">
     <span class='ocr_line' id='line_1_47' title="bbox 471 4472 1762 4543; baseline -0.009 -6"><span class='ocrx_word' id='word_1_277' title='bbox 471 4486 581 4539; x_wconf 78' lang='lat' dir='ltr'><strong>ilnc</strong></span> <span class='ocrx_word' id='word_1_278' title='bbox 608 4498 699 4538; x_wconf 77' lang='lat' dir='ltr'><strong>rex</strong></span> <span class='ocrx_word' id='word_1_279' title='bbox 721 4489 989 4543; x_wconf 88' lang='lat' dir='ltr'><strong>evertens,</strong></span> <span class='ocrx_word' id='word_1_280' title='bbox 1016 4476 1214 4531; x_wconf 90' lang='lat' dir='ltr'><strong>mansit</strong></span> <span class='ocrx_word' id='word_1_281' title='bbox 1240 4476 1414 4531; x_wconf 89' lang='lat' dir='ltr'><strong>tribus</strong></span> <span class='ocrx_word' id='word_1_282' title='bbox 1439 4475 1554 4543; x_wconf 84' lang='lat' dir='ltr'><strong>ipse</strong></span> <span class='ocrx_word' id='word_1_283' title='bbox 1575 4472 1762 4527; x_wconf 89' lang='lat' dir='ltr'><strong>diebus</strong></span> 
     </span>
    </p>
   </div>
   <div class='ocr_carea' id='block_1_48' title="bbox 470 4566 1620 4639">
    <p class='ocr_par' dir='ltr' id='par_1_48' title="bbox 470 4566 1620 4639">
     <span class='ocr_line' id='line_1_48' title="bbox 470 4566 1620 4639; baseline -0.011 -8"><span class='ocrx_word' id='word_1_284' title='bbox 470 4577 524 4630; x_wconf 84' lang='lat' dir='ltr'><strong>In</strong></span> <span class='ocrx_word' id='word_1_285' title='bbox 552 4574 744 4631; x_wconf 85' lang='lat' dir='ltr'><strong>castris</strong></span> <span class='ocrx_word' id='word_1_286' title='bbox 768 4573 913 4627; x_wconf 81' lang='lat' dir='ltr'><strong>iuxta</strong></span> <span class='ocrx_word' id='word_1_287' title='bbox 937 4569 1147 4639; x_wconf 89' lang='lat' dir='ltr'><strong>positis,</strong></span> <span class='ocrx_word' id='word_1_288' title='bbox 1176 4576 1289 4623; x_wconf 92' lang='lat' dir='ltr'><strong>tum</strong></span> <span class='ocrx_word' id='word_1_289' title='bbox 1309 4566 1620 4622; x_wconf 77' lang='lat' dir='ltr'><strong>continuato</strong></span> 
     </span>
    </p>
   </div>
   <div class='ocr_carea' id='block_1_49' title="bbox 472 4657 1569 4727">
    <p class='ocr_par' dir='ltr' id='par_1_49' title="bbox 472 4657 1569 4727">
     <span class='ocr_line' id='line_1_49' title="bbox 472 4657 1569 4727; baseline -0.01 -7"><span class='ocrx_word' id='word_1_290' title='bbox 472 4665 702 4720; x_wconf 78' lang='lat' dir='ltr'><strong>Aestatis</strong></span> <span class='ocrx_word' id='word_1_291' title='bbox 726 4660 936 4718; x_wconf 83' lang='lat' dir='ltr'><strong>fervore</strong></span> <span class='ocrx_word' id='word_1_292' title='bbox 957 4659 1066 4723; x_wconf 89' lang='lat' dir='ltr'><strong>diu,</strong></span> <span class='ocrx_word' id='word_1_293' title='bbox 1094 4657 1349 4727; x_wconf 89' lang='lat' dir='ltr'><strong>caeloque</strong></span> <span class='ocrx_word' id='word_1_294' title='bbox 1379 4669 1569 4711; x_wconf 87' lang='lat' dir='ltr'><strong>sereno</strong></span> 
     </span>
    </p>
   </div>
   <div class='ocr_carea' id='block_1_50' title="bbox 475 4745 1751 4822">
    <p class='ocr_par' dir='ltr' id='par_1_50' title="bbox 475 4745 1751 4822">
     <span class='ocr_line' id='line_1_50' title="bbox 475 4745 1751 4822; baseline -0.009 -15"><span class='ocrx_word' id='word_1_295' title='bbox 475 4755 745 4809; x_wconf 81' lang='lat' dir='ltr'><strong>Ardebant</strong></span> <span class='ocrx_word' id='word_1_296' title='bbox 768 4751 902 4822; x_wconf 87' lang='lat' dir='ltr'><strong>agri,</strong></span> <span class='ocrx_word' id='word_1_297' title='bbox 931 4764 1031 4804; x_wconf 88' lang='lat' dir='ltr'><strong>nec</strong></span> <span class='ocrx_word' id='word_1_298' title='bbox 1060 4749 1112 4803; x_wconf 91' lang='lat' dir='ltr'><strong>in</strong></span> <span class='ocrx_word' id='word_1_299' title='bbox 1140 4748 1271 4817; x_wconf 89' lang='lat' dir='ltr'><strong>ipsis</strong></span> <span class='ocrx_word' id='word_1_300' title='bbox 1295 4746 1531 4802; x_wconf 89' lang='lat' dir='ltr'><strong>fontibus</strong></span> <span class='ocrx_word' id='word_1_301' title='bbox 1559 4745 1751 4799; x_wconf 90' lang='lat' dir='ltr'><strong>humor</strong></span> 
     </span>
    </p>
   </div>
   <div class='ocr_carea' id='block_1_51' title="bbox 478 4832 1762 4906">
    <p class='ocr_par' dir='ltr' id='par_1_51' title="bbox 478 4832 1762 4906">
     <span class='ocr_line' id='line_1_51' title="bbox 478 4832 1762 4906; baseline -0.009 -9"><span class='ocrx_word' id='word_1_302' title='bbox 478 4839 626 4897; x_wconf 63' lang='lat' dir='ltr'><strong>lkllus</strong></span> <span class='ocrx_word' id='word_1_303' title='bbox 644 4848 780 4903; x_wconf 82' lang='lat' dir='ltr'><strong>erat,</strong></span> <span class='ocrx_word' id='word_1_304' title='bbox 808 4838 977 4892; x_wconf 90' lang='lat' dir='ltr'><strong>multo</strong></span> <span class='ocrx_word' id='word_1_305' title='bbox 1004 4836 1317 4906; x_wconf 87' lang='lat' dir='ltr'><strong>squalebant</strong></span> <span class='ocrx_word' id='word_1_306' title='bbox 1341 4834 1368 4874; x_wconf 73' lang='grc' dir='ltr'><em>ά</em></span> <span class='ocrx_word' id='word_1_307' title='bbox 1398 4834 1614 4905; x_wconf 90' lang='lat' dir='ltr'><strong>pulvere</strong></span> <span class='ocrx_word' id='word_1_308' title='bbox 1641 4832 1762 4887; x_wconf 86' lang='lat' dir='ltr'><strong>rivi.</strong></span> 
     </span>
    </p>
   </div>
   <div class='ocr_carea' id='block_1_52' title="bbox 472 4923 1647 5000">
    <p class='ocr_par' dir='ltr' id='par_1_52' title="bbox 472 4923 1647 5000">
     <span class='ocr_line' id='line_1_52' title="bbox 472 4923 1647 5000; baseline -0.006 -14"><span class='ocrx_word' id='word_1_309' title='bbox 472 4932 691 5000; x_wconf 78' lang='lat' dir='ltr'><strong>Iamque</strong></span> <span class='ocrx_word' id='word_1_310' title='bbox 719 4928 971 4997; x_wconf 78' lang='lat' dir='ltr'><strong>fatigabat</strong></span> <span class='ocrx_word' id='word_1_311' title='bbox 996 4923 1232 4996; x_wconf 76' lang='lat' dir='ltr'><strong>graviter</strong></span> <span class='ocrx_word' id='word_1_312' title='bbox 1250 4925 1449 4996; x_wconf 87' lang='lat' dir='ltr'><strong>regalia</strong></span> <span class='ocrx_word' id='word_1_313' title='bbox 1473 4932 1647 4993; x_wconf 82' lang='lat' dir='ltr'><strong>castra</strong></span> 
     </span>
    </p>
   </div>
   <div class='ocr_carea' id='block_1_53' title="bbox 472 5015 1830 5085">
    <p class='ocr_par' dir='ltr' id='par_1_53' title="bbox 472 5015 1830 5085">
     <span class='ocr_line' id='line_1_53' title="bbox 472 5015 1830 5085; baseline -0.006 -8"><span class='ocrx_word' id='word_1_314' title='bbox 472 5027 641 5078; x_wconf 83' lang='lat' dir='ltr'><strong>Aucta</strong></span> <span class='ocrx_word' id='word_1_315' title='bbox 671 5019 849 5076; x_wconf 86' lang='lat' dir='ltr'><strong>calore</strong></span> <span class='ocrx_word' id='word_1_316' title='bbox 869 5019 1007 5084; x_wconf 89' lang='lat' dir='ltr'><strong>sitis,</strong></span> <span class='ocrx_word' id='word_1_317' title='bbox 1039 5018 1134 5073; x_wconf 89' lang='lat' dir='ltr'><strong>sed</strong></span> <span class='ocrx_word' id='word_1_318' title='bbox 1158 5019 1240 5072; x_wconf 90' lang='lat' dir='ltr'><strong>vis</strong></span> <span class='ocrx_word' id='word_1_319' title='bbox 1268 5017 1414 5072; x_wconf 89' lang='lat' dir='ltr'><strong>dedit</strong></span> <span class='ocrx_word' id='word_1_320' title='bbox 1433 5015 1830 5085; x_wconf 88' lang='lat' dir='ltr'><strong>omnipotentis,</strong></span> 
     </span>
    </p>
   </div>
   <div class='ocr_carea' id='block_1_54' title="bbox 472 5106 1705 5185">
    <p class='ocr_par' dir='ltr' id='par_1_54' title="bbox 472 5106 1705 5185">
     <span class='ocr_line' id='line_1_54' title="bbox 472 5106 1705 5185; baseline -0.007 -13"><span class='ocrx_word' id='word_1_321' title='bbox 472 5116 568 5172; x_wconf 67' lang='lat' dir='ltr'><strong>(Ini</strong></span> <span class='ocrx_word' id='word_1_322' title='bbox 592 5114 791 5185; x_wconf 90' lang='lat' dir='ltr'><strong>placuit</strong></span> <span class='ocrx_word' id='word_1_323' title='bbox 823 5125 845 5152; x_wconf 73' lang='grc' dir='ltr'>θ</span> <span class='ocrx_word' id='word_1_324' title='bbox 872 5110 980 5167; x_wconf 85' lang='lat' dir='ltr'><strong>fani</strong></span> <span class='ocrx_word' id='word_1_325' title='bbox 1005 5109 1283 5164; x_wconf 87' lang='lat' dir='ltr'><strong>subversio</strong></span> <span class='ocrx_word' id='word_1_326' title='bbox 1309 5109 1447 5163; x_wconf 88' lang='lat' dir='ltr'><strong>iusta</strong></span> <span class='ocrx_word' id='word_1_327' title='bbox 1474 5106 1705 5178; x_wconf 85' lang='lat' dir='ltr'><strong>profani,</strong></span> 
     </span>
    </p>
   </div>
   <div class='ocr_carea' id='block_1_55' title="bbox 476 5196 1694 5268">
    <p class='ocr_par' dir='ltr' id='par_1_55' title="bbox 476 5196 1694 5268">
     <span class='ocr_line' id='line_1_55' title="bbox 476 5196 1694 5268; baseline -0.01 -7"><span class='ocrx_word' id='word_1_328' title='bbox 476 5206 543 5262; x_wconf 89' lang='lat' dir='ltr'><strong>Ut</strong></span> <span class='ocrx_word' id='word_1_329' title='bbox 578 5204 843 5260; x_wconf 86' lang='lat' dir='ltr'><strong>mediante</strong></span> <span class='ocrx_word' id='word_1_330' title='bbox 869 5200 954 5256; x_wconf 89' lang='lat' dir='ltr'><strong>die</strong></span> <span class='ocrx_word' id='word_1_331' title='bbox 977 5199 1152 5257; x_wconf 88' lang='lat' dir='ltr'><strong>subito</strong></span> <span class='ocrx_word' id='word_1_332' title='bbox 1177 5212 1274 5268; x_wconf 90' lang='lat' dir='ltr'><strong>per</strong></span> <span class='ocrx_word' id='word_1_333' title='bbox 1306 5212 1538 5252; x_wconf 88' lang='lat' dir='ltr'><strong>concava</strong></span> <span class='ocrx_word' id='word_1_334' title='bbox 1563 5196 1694 5252; x_wconf 87' lang='lat' dir='ltr'><strong>sicci</strong></span> 
     </span>
    </p>
   </div>
   <div class='ocr_carea' id='block_1_56' title="bbox 543 5369 1566 5442">
    <p class='ocr_par' dir='ltr' id='par_1_56' title="bbox 543 5369 1566 5442">
     <span class='ocr_line' id='line_1_56' title="bbox 543 5369 1566 5442; baseline -0.008 -10"><span class='ocrx_word' id='word_1_335' title='bbox 543 5391 567 5420; x_wconf 76' lang='grc' dir='ltr'><strong><em>ο</em></strong></span> <span class='ocrx_word' id='word_1_336' title='bbox 598 5377 671 5432; x_wconf 79' lang='lat' dir='ltr'><strong>Ex</strong></span> <span class='ocrx_word' id='word_1_337' title='bbox 702 5374 957 5431; x_wconf 84' lang='lat' dir='ltr'><strong>Embardi</strong></span> <span class='ocrx_word' id='word_1_338' title='bbox 986 5372 1108 5427; x_wconf 84' lang='lat' dir='ltr'><strong>Vita</strong></span> <span class='ocrx_word' id='word_1_339' title='bbox 1134 5369 1332 5437; x_wconf 89' lang='lat' dir='ltr'><strong>Caroli,</strong></span> <span class='ocrx_word' id='word_1_340' title='bbox 1365 5385 1483 5442; x_wconf 88' lang='lat' dir='ltr'><strong>cap.</strong></span> <span class='ocrx_word' id='word_1_341' title='bbox 1513 5371 1566 5425; x_wconf 87' lang='lat'><strong>7.</strong></span> 
     </span>
    </p>
   </div>
   <div class='ocr_carea' id='block_1_57' title="bbox 543 5440 1935 5521">
    <p class='ocr_par' dir='ltr' id='par_1_57' title="bbox 543 5440 1935 5521">
     <span class='ocr_line' id='line_1_57' title="bbox 543 5440 1935 5521; baseline -0.005 -18"><span class='ocrx_word' id='word_1_342' title='bbox 543 5448 571 5486; x_wconf 73' lang='grc' dir='ltr'><strong>ι’</strong></span> <span class='ocrx_word' id='word_1_343' title='bbox 595 5445 910 5521; x_wconf 59' lang='lat' dir='ltr'><strong>[leincccius</strong></span> <span class='ocrx_word' id='word_1_344' title='bbox 936 5441 1299 5521; x_wconf 61' lang='lat' dir='ltr'><strong>et_Leibnit§.,_</strong></span> <span class='ocrx_word' id='word_1_345' title='bbox 1321 5440 1613 5521; x_wconf 50' lang='lat' dir='ltr'><strong>inhabitant</strong></span> <span class='ocrx_word' id='word_1_346' title='bbox 1637 5440 1935 5521; x_wconf 52' lang='lat' dir='ltr'><strong>Osterlirtgi,</strong></span> 
     </span>
    </p>
   </div>
   <div class='ocr_carea' id='block_1_58' title="bbox 547 5509 2047 5581">
    <p class='ocr_par' dir='ltr' id='par_1_58' title="bbox 547 5509 2047 5581">
     <span class='ocr_line' id='line_1_58' title="bbox 547 5509 2047 5581; baseline -0.001 -13"><span class='ocrx_word' id='word_1_347' title='bbox 547 5529 569 5554; x_wconf 71' lang='grc' dir='ltr'><strong><em>ο</em></strong></span> <span class='ocrx_word' id='word_1_348' title='bbox 594 5515 827 5571; x_wconf 78' lang='lat' dir='ltr'><strong>Factum</strong></span> <span class='ocrx_word' id='word_1_349' title='bbox 852 5514 1038 5569; x_wconf 79' lang='lat' dir='ltr'><strong>similis</strong></span> <span class='ocrx_word' id='word_1_350' title='bbox 1058 5513 1176 5569; x_wconf 92' lang='lat' dir='ltr'><strong>cod.</strong></span> <span class='ocrx_word' id='word_1_351' title='bbox 1201 5511 1473 5567; x_wconf 82' lang='lat' dir='ltr'><strong>Reineccii</strong></span> <span class='ocrx_word' id='word_1_352' title='bbox 1489 5509 1815 5581; x_wconf 83' lang='lat' dir='ltr'><strong>conjectura,</strong></span> <span class='ocrx_word' id='word_1_353' title='bbox 1839 5509 2047 5581; x_wconf 64' lang='lat' dir='ltr'><strong>factum</strong></span> 
     </span>
    </p>
   </div>
   <div class='ocr_carea' id='block_1_59' title="bbox 475 5581 2047 5654">
    <p class='ocr_par' dir='ltr' id='par_1_59' title="bbox 475 5581 2047 5654">
     <span class='ocr_line' id='line_1_59' title="bbox 475 5581 2047 5654; baseline 0.001 -19"><span class='ocrx_word' id='word_1_354' title='bbox 475 5586 726 5654; x_wconf 79' lang='lat' dir='ltr'><strong>simulque</strong></span> <span class='ocrx_word' id='word_1_355' title='bbox 754 5584 1014 5650; x_wconf 81' lang='lat' dir='ltr'><strong>columna,</strong></span> <span class='ocrx_word' id='word_1_356' title='bbox 1065 5581 1284 5652; x_wconf 75' lang='lat' dir='ltr'><strong>reiecta,</strong></span> <span class='ocrx_word' id='word_1_357' title='bbox 1320 5581 1618 5654; x_wconf 85' lang='lat' dir='ltr'><strong>Leibnitius</strong></span> <span class='ocrx_word' id='word_1_358' title='bbox 1661 5582 1773 5639; x_wconf 87' lang='lat' dir='ltr'><strong>sola</strong></span> <span class='ocrx_word' id='word_1_359' title='bbox 1816 5583 2047 5639; x_wconf 83' lang='lat' dir='ltr'><strong>vocabu-</strong></span> 
     </span>
    </p>
   </div>
   <div class='ocr_carea' id='block_1_60' title="bbox 477 5652 1533 5725">
    <p class='ocr_par' dir='ltr' id='par_1_60' title="bbox 477 5652 1533 5725">
     <span class='ocr_line' id='line_1_60' title="bbox 477 5652 1533 5725; baseline 0 -18"><span class='ocrx_word' id='word_1_360' title='bbox 477 5652 646 5709; x_wconf 78' lang='lat' dir='ltr'><strong>lorum</strong></span> <span class='ocrx_word' id='word_1_361' title='bbox 673 5655 1083 5725; x_wconf 80' lang='lat' dir='ltr'><strong>transpositionc</strong></span> <span class='ocrx_word' id='word_1_362' title='bbox 1108 5654 1285 5710; x_wconf 88' lang='lat' dir='ltr'><strong>locum</strong></span> <span class='ocrx_word' id='word_1_363' title='bbox 1308 5652 1533 5709; x_wconf 81' lang='lat' dir='ltr'><strong>sanavit.</strong></span> 
     </span>
    </p>
   </div>
   <div class='ocr_carea' id='block_1_61' title="bbox 1791 264 2375 332">
    <p class='ocr_par' dir='ltr' id='par_1_61' title="bbox 1791 264 2375 332">
     <span class='ocr_line' id='line_1_61' title="bbox 1791 264 2375 332; baseline -0.022 1"><span class='ocrx_word' id='word_1_364' title='bbox 1791 268 2040 332; x_wconf 70' lang='grc' dir='ltr'><strong>ΡΟΕΤᾸΞ</strong></span> <span class='ocrx_word' id='word_1_365' title='bbox 2080 264 2375 324; x_wconf 79' lang='lat' dir='ltr'><strong>SAXONIS</strong></span> 
     </span>
    </p>
   </div>
   <div class='ocr_carea' id='block_1_62' title="bbox 2048 368 3444 445">
    <p class='ocr_par' dir='ltr' id='par_1_62' title="bbox 2048 368 3444 445">
     <span class='ocr_line' id='line_1_62' title="bbox 2048 368 3444 445; baseline -0.01 -11"><span class='ocrx_word' id='word_1_366' title='bbox 2048 384 2095 442; x_wconf 75' lang='grc' dir='ltr'><strong>Α</strong></span> <span class='ocrx_word' id='word_1_367' title='bbox 2123 378 2413 434; x_wconf 86' lang='lat' dir='ltr'><strong>Cuiusdam</strong></span> <span class='ocrx_word' id='word_1_368' title='bbox 2440 377 2716 441; x_wconf 69' lang='lat' dir='ltr'><strong>torrentis,</strong></span> <span class='ocrx_word' id='word_1_369' title='bbox 2744 385 2863 432; x_wconf 89' lang='lat' dir='ltr'><strong>erat</strong></span> <span class='ocrx_word' id='word_1_370' title='bbox 2887 373 2982 445; x_wconf 92' lang='lat' dir='ltr'><strong>qui</strong></span> <span class='ocrx_word' id='word_1_371' title='bbox 3014 371 3291 444; x_wconf 68' lang='lat' dir='ltr'><strong>proximus</strong></span> <span class='ocrx_word' id='word_1_372' title='bbox 3317 368 3444 432; x_wconf 86' lang='lat' dir='ltr'><strong>illis,</strong></span> 
     </span>
    </p>
   </div>
   <div class='ocr_carea' id='block_1_63' title="bbox 3602 249 3703 305">
    <p class='ocr_par' dir='ltr' id='par_1_63' title="bbox 3602 249 3703 305">
     <span class='ocr_line' id='line_1_63' title="bbox 3602 249 3703 305; baseline 0 0"><span class='ocrx_word' id='word_1_373' title='bbox 3602 249 3703 305; x_wconf 76' lang='lat'><strong>688</strong></span> 
     </span>
    </p>
   </div>
   <div class='ocr_carea' id='block_1_64' title="bbox 2121 461 3280 536">
    <p class='ocr_par' dir='ltr' id='par_1_64' title="bbox 2121 461 3280 536">
     <span class='ocr_line' id='line_1_64' title="bbox 2121 461 3280 536; baseline -0.008 -14"><span class='ocrx_word' id='word_1_374' title='bbox 2121 466 2406 523; x_wconf 77' lang='lat' dir='ltr'><strong>Sufficiens</strong></span> <span class='ocrx_word' id='word_1_375' title='bbox 2431 465 2692 521; x_wconf 84' lang='lat' dir='ltr'><strong>exercitui</strong></span> <span class='ocrx_word' id='word_1_376' title='bbox 2717 471 3093 536; x_wconf 86' lang='lat' dir='ltr'><strong>prorumperet</strong></span> <span class='ocrx_word' id='word_1_377' title='bbox 3119 461 3280 516; x_wconf 88' lang='lat' dir='ltr'><strong>unda.</strong></span> 
     </span>
    </p>
   </div>
   <div class='ocr_carea' id='block_1_65' title="bbox 2122 546 3617 629">
    <p class='ocr_par' dir='ltr' id='par_1_65' title="bbox 2122 546 3617 629">
     <span class='ocr_line' id='line_1_65' title="bbox 2122 546 3617 629; baseline -0.011 -17"><span class='ocrx_word' id='word_1_378' title='bbox 2122 557 2217 612; x_wconf 83' lang='lat' dir='ltr'><strong>His</strong></span> <span class='ocrx_word' id='word_1_379' title='bbox 2242 554 2407 629; x_wconf 88' lang='lat' dir='ltr'><strong>gestis</strong></span> <span class='ocrx_word' id='word_1_380' title='bbox 2435 571 2559 611; x_wconf 91' lang='lat' dir='ltr'><strong>cum</strong></span> <span class='ocrx_word' id='word_1_381' title='bbox 2588 571 2682 609; x_wconf 83' lang='lat' dir='ltr'><strong>rex</strong></span> <span class='ocrx_word' id='word_1_382' title='bbox 2717 554 2995 610; x_wconf 85' lang='lat' dir='ltr'><strong>Wisuram</strong></span> <span class='ocrx_word' id='word_1_383' title='bbox 3022 551 3259 605; x_wconf 88' lang='lat' dir='ltr'><strong>venisset</strong></span> <span class='ocrx_word' id='word_1_384' title='bbox 3287 546 3356 601; x_wconf 87' lang='lat' dir='ltr'><strong>ad</strong></span> <span class='ocrx_word' id='word_1_385' title='bbox 3382 558 3617 609; x_wconf 80' lang='lat' dir='ltr'><strong>amnem,</strong></span> 
     </span>
    </p>
   </div>
   <div class='ocr_carea' id='block_1_66' title="bbox 2120 638 3325 714">
    <p class='ocr_par' dir='ltr' id='par_1_66' title="bbox 2120 638 3325 714">
     <span class='ocr_line' id='line_1_66' title="bbox 2120 638 3325 714; baseline -0.011 -10"><span class='ocrx_word' id='word_1_386' title='bbox 2120 646 2410 704; x_wconf 88' lang='lat' dir='ltr'><strong>Obsidibus</strong></span> <span class='ocrx_word' id='word_1_387' title='bbox 2434 646 2518 701; x_wconf 90' lang='lat' dir='ltr'><strong>bis</strong></span> <span class='ocrx_word' id='word_1_388' title='bbox 2537 659 2630 701; x_wconf 86' lang='lat' dir='ltr'><strong>sex</strong></span> <span class='ocrx_word' id='word_1_389' title='bbox 2650 645 2767 714; x_wconf 87' lang='lat' dir='ltr'><strong>ipsa</strong></span> <span class='ocrx_word' id='word_1_390' title='bbox 2796 644 2863 699; x_wconf 88' lang='lat' dir='ltr'><strong>de</strong></span> <span class='ocrx_word' id='word_1_391' title='bbox 2885 649 3046 714; x_wconf 85' lang='lat' dir='ltr'><strong>gente</strong></span> <span class='ocrx_word' id='word_1_392' title='bbox 3071 638 3325 709; x_wconf 85' lang='lat' dir='ltr'><strong>receptis,</strong></span> 
     </span>
    </p>
   </div>
   <div class='ocr_carea' id='block_1_67' title="bbox 2120 735 3414 809">
    <p class='ocr_par' dir='ltr' id='par_1_67' title="bbox 2120 735 3414 809">
     <span class='ocr_line' id='line_1_67' title="bbox 2120 735 3414 809; baseline -0.013 -15"><span class='ocrx_word' id='word_1_393' title='bbox 2120 738 2203 793; x_wconf 88' lang='lat' dir='ltr'><strong>Ad</strong></span> <span class='ocrx_word' id='word_1_394' title='bbox 2228 737 2460 809; x_wconf 89' lang='lat' dir='ltr'><strong>patriam</strong></span> <span class='ocrx_word' id='word_1_395' title='bbox 2484 736 2651 791; x_wconf 56' lang='lat' dir='ltr'><strong>rediit</strong></span> <span class='ocrx_word' id='word_1_396' title='bbox 2672 748 2867 804; x_wconf 88' lang='lat' dir='ltr'><strong>magna</strong></span> <span class='ocrx_word' id='word_1_397' title='bbox 2888 746 3010 788; x_wconf 85' lang='lat' dir='ltr'><strong>cum</strong></span> <span class='ocrx_word' id='word_1_398' title='bbox 3036 735 3414 799; x_wconf 73' lang='lat' dir='ltr'><strong>prosperitate.</strong></span> 
     </span>
    </p>
   </div>
   <div class='ocr_carea' id='block_1_68' title="bbox 2590 817 3250 879">
    <p class='ocr_par' dir='ltr' id='par_1_68' title="bbox 2590 817 3250 879">
     <span class='ocr_line' id='line_1_68' title="bbox 2590 817 3250 879; baseline -0.014 0"><span class='ocrx_word' id='word_1_399' title='bbox 2590 825 2743 879; x_wconf 83' lang='lat' dir='ltr'><strong>Anno</strong></span> <span class='ocrx_word' id='word_1_400' title='bbox 2776 822 2900 879; x_wconf 75' lang='lat'><strong>775.</strong></span> <span class='ocrx_word' id='word_1_401' title='bbox 2934 820 3130 875; x_wconf 81' lang='lat' dir='ltr'><strong>Indict.</strong></span> <span class='ocrx_word' id='word_1_402' title='bbox 3164 817 3250 872; x_wconf 77' lang='grc'><strong>10.</strong></span> 
     </span>
    </p>
   </div>
   <div class='ocr_carea' id='block_1_69' title="bbox 2124 915 3281 989">
    <p class='ocr_par' dir='ltr' id='par_1_69' title="bbox 2124 915 3281 989">
     <span class='ocr_line' id='line_1_69' title="bbox 2124 915 3281 989; baseline -0.012 -13"><span class='ocrx_word' id='word_1_403' title='bbox 2124 919 2303 976; x_wconf 76' lang='lat' dir='ltr'><strong>Missis</strong></span> <span class='ocrx_word' id='word_1_404' title='bbox 2330 919 2542 989; x_wconf 87' lang='lat' dir='ltr'><strong>legatis,</strong></span> <span class='ocrx_word' id='word_1_405' title='bbox 2568 915 2839 971; x_wconf 81' lang='lat' dir='ltr'><strong>Adrianus</strong></span> <span class='ocrx_word' id='word_1_406' title='bbox 2865 926 3007 985; x_wconf 86' lang='lat' dir='ltr'><strong>papa</strong></span> <span class='ocrx_word' id='word_1_407' title='bbox 3034 917 3281 966; x_wconf 89' lang='lat' dir='ltr'><strong>sacratus</strong></span> 
     </span>
    </p>
   </div>
   <div class='ocr_carea' id='block_1_70' title="bbox 2122 998 3373 1074">
    <p class='ocr_par' dir='ltr' id='par_1_70' title="bbox 2122 998 3373 1074">
     <span class='ocr_line' id='line_1_70' title="bbox 2122 998 3373 1074; baseline -0.013 -6"><span class='ocrx_word' id='word_1_408' title='bbox 2122 1013 2398 1070; x_wconf 80' lang='lat' dir='ltr'><strong>Auxilium</strong></span> <span class='ocrx_word' id='word_1_409' title='bbox 2421 1010 2603 1068; x_wconf 88' lang='lat' dir='ltr'><strong>Caroli</strong></span> <span class='ocrx_word' id='word_1_410' title='bbox 2632 1007 2839 1066; x_wconf 88' lang='lat' dir='ltr'><strong>studuit</strong></span> <span class='ocrx_word' id='word_1_411' title='bbox 2864 1004 3161 1074; x_wconf 86' lang='lat' dir='ltr'><strong>deposcere</strong></span> <span class='ocrx_word' id='word_1_412' title='bbox 3189 998 3373 1070; x_wconf 83' lang='lat' dir='ltr'><strong>magni</strong></span> 
     </span>
    </p>
   </div>
   <div class='ocr_carea' id='block_1_71' title="bbox 2123 1090 3346 1174">
    <p class='ocr_par' dir='ltr' id='par_1_71' title="bbox 2123 1090 3346 1174">
     <span class='ocr_line' id='line_1_71' title="bbox 2123 1090 3346 1174; baseline -0.017 -10"><span class='ocrx_word' id='word_1_413' title='bbox 2123 1107 2402 1163; x_wconf 86' lang='lat' dir='ltr'><strong>Adversus</strong></span> <span class='ocrx_word' id='word_1_414' title='bbox 2422 1099 2835 1174; x_wconf 85' lang='lat' dir='ltr'><strong>Langobardos,</strong></span> <span class='ocrx_word' id='word_1_415' title='bbox 2862 1108 3096 1167; x_wconf 89' lang='lat' dir='ltr'><strong>quorum</strong></span> <span class='ocrx_word' id='word_1_416' title='bbox 3123 1090 3226 1146; x_wconf 87' lang='lat' dir='ltr'><strong>fuit</strong></span> <span class='ocrx_word' id='word_1_417' title='bbox 3254 1090 3346 1145; x_wconf 89' lang='lat' dir='ltr'><strong>illo</strong></span> 
     </span>
    </p>
   </div>
   <div class='ocr_carea' id='block_1_72' title="bbox 2126 1181 3527 1269">
    <p class='ocr_par' dir='ltr' id='par_1_72' title="bbox 2126 1181 3527 1269">
     <span class='ocr_line' id='line_1_72' title="bbox 2126 1181 3527 1269; baseline -0.016 -13"><span class='ocrx_word' id='word_1_418' title='bbox 2126 1200 2392 1269; x_wconf 87' lang='lat' dir='ltr'><strong>Tempore</strong></span> <span class='ocrx_word' id='word_1_419' title='bbox 2415 1210 2511 1251; x_wconf 85' lang='lat' dir='ltr'><strong>rex</strong></span> <span class='ocrx_word' id='word_1_420' title='bbox 2537 1191 2879 1255; x_wconf 87' lang='lat' dir='ltr'><strong>Desiderius;</strong></span> <span class='ocrx_word' id='word_1_421' title='bbox 2910 1202 3037 1243; x_wconf 91' lang='lat' dir='ltr'><strong>nam</strong></span> <span class='ocrx_word' id='word_1_422' title='bbox 3066 1183 3220 1240; x_wconf 87' lang='lat' dir='ltr'><strong>valde</strong></span> <span class='ocrx_word' id='word_1_423' title='bbox 3245 1181 3527 1252; x_wconf 76' lang='lat' dir='ltr'><strong>premebat</strong></span> 
     </span>
    </p>
   </div>
   <div class='ocr_carea' id='block_1_73' title="bbox 2126 1273 3367 1358">
    <p class='ocr_par' dir='ltr' id='par_1_73' title="bbox 2126 1273 3367 1358">
     <span class='ocr_line' id='line_1_73' title="bbox 2126 1273 3367 1358; baseline -0.015 -15"><span class='ocrx_word' id='word_1_424' title='bbox 2126 1288 2371 1358; x_wconf 90' lang='lat' dir='ltr'><strong>lmproba</strong></span> <span class='ocrx_word' id='word_1_425' title='bbox 2399 1284 2672 1340; x_wconf 76' lang='lat' dir='ltr'><strong>Romanos</strong></span> <span class='ocrx_word' id='word_1_426' title='bbox 2700 1280 2860 1335; x_wconf 90' lang='lat' dir='ltr'><strong>huius</strong></span> <span class='ocrx_word' id='word_1_427' title='bbox 2886 1275 3145 1332; x_wconf 86' lang='lat' dir='ltr'><strong>violentia</strong></span> <span class='ocrx_word' id='word_1_428' title='bbox 3170 1273 3367 1345; x_wconf 88' lang='lat' dir='ltr'><strong>gentis.</strong></span> 
     </span>
    </p>
   </div>
   <div class='ocr_carea' id='block_1_74' title="bbox 2128 1364 3453 1448">
    <p class='ocr_par' dir='ltr' id='par_1_74' title="bbox 2128 1364 3453 1448">
     <span class='ocr_line' id='line_1_74' title="bbox 2128 1364 3453 1448; baseline -0.014 -14"><span class='ocrx_word' id='word_1_429' title='bbox 2128 1377 2349 1448; x_wconf 85' lang='lat' dir='ltr'><strong>Et&#39;quia</strong></span> <span class='ocrx_word' id='word_1_430' title='bbox 2388 1385 2514 1432; x_wconf 89' lang='lat' dir='ltr'><strong>tunc</strong></span> <span class='ocrx_word' id='word_1_431' title='bbox 2538 1374 2610 1429; x_wconf 92' lang='lat' dir='ltr'><strong>illi</strong></span> <span class='ocrx_word' id='word_1_432' title='bbox 2640 1387 2769 1445; x_wconf 89' lang='lat' dir='ltr'><strong>pars</strong></span> <span class='ocrx_word' id='word_1_433' title='bbox 2795 1370 3032 1426; x_wconf 82' lang='lat' dir='ltr'><strong>maxima</strong></span> <span class='ocrx_word' id='word_1_434' title='bbox 3058 1366 3273 1422; x_wconf 89' lang='lat' dir='ltr'><strong>subdita</strong></span> <span class='ocrx_word' id='word_1_435' title='bbox 3302 1364 3453 1433; x_wconf 85' lang='lat' dir='ltr'><strong>regni</strong></span> 
     </span>
    </p>
   </div>
   <div class='ocr_carea' id='block_1_75' title="bbox 2127 1456 3289 1531">
    <p class='ocr_par' dir='ltr' id='par_1_75' title="bbox 2127 1456 3289 1531">
     <span class='ocr_line' id='line_1_75' title="bbox 2127 1456 3289 1531; baseline -0.015 -6"><span class='ocrx_word' id='word_1_436' title='bbox 2127 1470 2313 1525; x_wconf 84' lang='lat' dir='ltr'><strong>Italiae</strong></span> <span class='ocrx_word' id='word_1_437' title='bbox 2342 1467 2506 1523; x_wconf 90' lang='lat' dir='ltr'><strong>totius</strong></span> <span class='ocrx_word' id='word_1_438' title='bbox 2530 1474 2669 1530; x_wconf 90' lang='lat' dir='ltr'><strong>erat,</strong></span> <span class='ocrx_word' id='word_1_439' title='bbox 2704 1473 2983 1531; x_wconf 84' lang='lat' dir='ltr'><strong>terrasque</strong></span> <span class='ocrx_word' id='word_1_440' title='bbox 3007 1473 3107 1530; x_wconf 87' lang='lat' dir='ltr'><strong>per</strong></span> <span class='ocrx_word' id='word_1_441' title='bbox 3134 1456 3253 1511; x_wconf 86' lang='lat' dir='ltr'><strong>illas</strong></span> <span class='ocrx_word' id='word_1_442' title='bbox 3273 1495 3289 1520; x_wconf 88' lang='lat'><strong>,</strong></span> 
     </span>
    </p>
   </div>
   <div class='ocr_carea' id='block_1_76' title="bbox 2130 1542 3551 1621">
    <p class='ocr_par' dir='ltr' id='par_1_76' title="bbox 2130 1542 3551 1621">
     <span class='ocr_line' id='line_1_76' title="bbox 2130 1542 3551 1621; baseline -0.017 -2"><span class='ocrx_word' id='word_1_443' title='bbox 2130 1562 2351 1619; x_wconf 87' lang='lat' dir='ltr'><strong>Scilicet</strong></span> <span class='ocrx_word' id='word_1_444' title='bbox 2374 1557 2627 1621; x_wconf 88' lang='lat' dir='ltr'><strong>hostiles,</strong></span> <span class='ocrx_word' id='word_1_445' title='bbox 2657 1570 2765 1609; x_wconf 93' lang='lat' dir='ltr'><strong>non</strong></span> <span class='ocrx_word' id='word_1_446' title='bbox 2793 1564 3102 1621; x_wconf 90' lang='lat' dir='ltr'><strong>quenquam</strong></span> <span class='ocrx_word' id='word_1_447' title='bbox 3129 1546 3345 1601; x_wconf 88' lang='lat' dir='ltr'><strong>mittere</strong></span> <span class='ocrx_word' id='word_1_448' title='bbox 3380 1542 3398 1581; x_wconf 70' lang='grc' dir='ltr'><em>τ</em></span> <span class='ocrx_word' id='word_1_449' title='bbox 3433 1550 3551 1597; x_wconf 91' lang='lat' dir='ltr'><strong>tute</strong></span> 
     </span>
    </p>
   </div>
   <div class='ocr_carea' id='block_1_77' title="bbox 2130 1639 3417 1720">
    <p class='ocr_par' dir='ltr' id='par_1_77' title="bbox 2130 1639 3417 1720">
     <span class='ocr_line' id='line_1_77' title="bbox 2130 1639 3417 1720; baseline -0.013 -12"><span class='ocrx_word' id='word_1_450' title='bbox 2130 1652 2406 1709; x_wconf 84' lang='lat' dir='ltr'><strong>Romanus</strong></span> <span class='ocrx_word' id='word_1_451' title='bbox 2432 1646 2647 1720; x_wconf 89' lang='lat' dir='ltr'><strong>pracsul</strong></span> <span class='ocrx_word' id='word_1_452' title='bbox 2674 1644 2866 1715; x_wconf 90' lang='lat' dir='ltr'><strong>potuit,</strong></span> <span class='ocrx_word' id='word_1_453' title='bbox 2896 1641 2989 1711; x_wconf 89' lang='lat' dir='ltr'><strong>qui</strong></span> <span class='ocrx_word' id='word_1_454' title='bbox 3020 1639 3238 1695; x_wconf 81' lang='lat' dir='ltr'><strong>tramite</strong></span> <span class='ocrx_word' id='word_1_455' title='bbox 3268 1644 3417 1692; x_wconf 83' lang='lat' dir='ltr'><strong>recto</strong></span> 
     </span>
    </p>
   </div>
   <div class='ocr_carea' id='block_1_78' title="bbox 2056 1727 3543 1803">
    <p class='ocr_par' dir='ltr' id='par_1_78' title="bbox 2056 1727 3543 1803">
     <span class='ocr_line' id='line_1_78' title="bbox 2056 1727 3543 1803; baseline -0.011 -10"><span class='ocrx_word' id='word_1_456' title='bbox 2056 1730 2105 1793; x_wconf 82' lang='grc' dir='ltr'><strong>Β</strong></span> <span class='ocrx_word' id='word_1_457' title='bbox 2132 1741 2465 1798; x_wconf 84' lang='lat' dir='ltr'><strong>Francorum</strong></span> <span class='ocrx_word' id='word_1_458' title='bbox 2495 1745 2670 1791; x_wconf 90' lang='lat' dir='ltr'><strong>terras</strong></span> <span class='ocrx_word' id='word_1_459' title='bbox 2698 1739 2922 1803; x_wconf 87' lang='lat' dir='ltr'><strong>peteret,</strong></span> <span class='ocrx_word' id='word_1_460' title='bbox 2952 1727 3320 1786; x_wconf 88' lang='lat' dir='ltr'><strong>conscendere</strong></span> <span class='ocrx_word' id='word_1_461' title='bbox 3354 1739 3543 1779; x_wconf 89' lang='lat' dir='ltr'><strong>navem</strong></span> 
     </span>
    </p>
   </div>
   <div class='ocr_carea' id='block_1_79' title="bbox 2132 1817 3479 1901">
    <p class='ocr_par' dir='ltr' id='par_1_79' title="bbox 2132 1817 3479 1901">
     <span class='ocr_line' id='line_1_79' title="bbox 2132 1817 3479 1901; baseline -0.012 -13"><span class='ocrx_word' id='word_1_462' title='bbox 2132 1832 2284 1888; x_wconf 85' lang='lat' dir='ltr'><strong>Fecit</strong></span> <span class='ocrx_word' id='word_1_463' title='bbox 2305 1829 2447 1901; x_wconf 85' lang='lat' dir='ltr'><strong>apud</strong></span> <span class='ocrx_word' id='word_1_464' title='bbox 2476 1828 2703 1882; x_wconf 76' lang='lat' dir='ltr'><strong>Romam</strong></span> <span class='ocrx_word' id='word_1_465' title='bbox 2731 1823 2969 1894; x_wconf 88' lang='lat' dir='ltr'><strong>legatum</strong></span> <span class='ocrx_word' id='word_1_466' title='bbox 2994 1820 3212 1876; x_wconf 89' lang='lat' dir='ltr'><strong>nomine</strong></span> <span class='ocrx_word' id='word_1_467' title='bbox 3241 1817 3479 1880; x_wconf 88' lang='lat' dir='ltr'><strong>Petrum,</strong></span> 
     </span>
    </p>
   </div>
   <div class='ocr_carea' id='block_1_80' title="bbox 2135 1911 3456 1986">
    <p class='ocr_par' dir='ltr' id='par_1_80' title="bbox 2135 1911 3456 1986">
     <span class='ocr_line' id='line_1_80' title="bbox 2135 1911 3456 1986; baseline -0.012 -8"><span class='ocrx_word' id='word_1_468' title='bbox 2135 1922 2207 1979; x_wconf 88' lang='lat' dir='ltr'><strong>Ut</strong></span> <span class='ocrx_word' id='word_1_469' title='bbox 2228 1934 2377 1976; x_wconf 89' lang='lat' dir='ltr'><strong>mare</strong></span> <span class='ocrx_word' id='word_1_470' title='bbox 2398 1918 2627 1974; x_wconf 91' lang='lat' dir='ltr'><strong>circuitu</strong></span> <span class='ocrx_word' id='word_1_471' title='bbox 2655 1916 2816 1986; x_wconf 82' lang='lat' dir='ltr'><strong>longo</strong></span> <span class='ocrx_word' id='word_1_472' title='bbox 2841 1911 3143 1982; x_wconf 82' lang='lat' dir='ltr'><strong>fluctusque</strong></span> <span class='ocrx_word' id='word_1_473' title='bbox 3170 1924 3456 1980; x_wconf 85' lang='lat' dir='ltr'><strong>pererrans</strong></span> 
     </span>
    </p>
   </div>
   <div class='ocr_carea' id='block_1_81' title="bbox 2136 2001 3422 2082">
    <p class='ocr_par' dir='ltr' id='par_1_81' title="bbox 2136 2001 3422 2082">
     <span class='ocr_line' id='line_1_81' title="bbox 2136 2001 3422 2082; baseline -0.009 -14"><span class='ocrx_word' id='word_1_474' title='bbox 2136 2012 2486 2082; x_wconf 89' lang='lat' dir='ltr'><strong>Susspectum</strong></span> <span class='ocrx_word' id='word_1_475' title='bbox 2512 2009 2710 2064; x_wconf 89' lang='lat' dir='ltr'><strong>vitaret</strong></span> <span class='ocrx_word' id='word_1_476' title='bbox 2737 2006 2876 2061; x_wconf 90' lang='lat' dir='ltr'><strong>itaer</strong></span> <span class='ocrx_word' id='word_1_477' title='bbox 2902 2018 2918 2058; x_wconf 91' lang='lat'><strong>:</strong></span> <span class='ocrx_word' id='word_1_478' title='bbox 2944 2003 3025 2059; x_wconf 92' lang='lat' dir='ltr'><strong>sic</strong></span> <span class='ocrx_word' id='word_1_479' title='bbox 3051 2017 3178 2074; x_wconf 86' lang='lat' dir='ltr'><strong>sepe</strong></span> <span class='ocrx_word' id='word_1_480' title='bbox 3205 2001 3422 2057; x_wconf 88' lang='lat' dir='ltr'><strong>videtur</strong></span> 
     </span>
    </p>
   </div>
   <div class='ocr_carea' id='block_1_82' title="bbox 2137 2090 3371 2180">
    <p class='ocr_par' dir='ltr' id='par_1_82' title="bbox 2137 2090 3371 2180">
     <span class='ocr_line' id='line_1_82' title="bbox 2137 2090 3371 2180; baseline -0.01 -23"><span class='ocrx_word' id='word_1_481' title='bbox 2137 2101 2336 2180; x_wconf 74' lang='lat' dir='ltr'><strong>&#39;l‘ucior</strong></span> <span class='ocrx_word' id='word_1_482' title='bbox 2358 2100 2544 2156; x_wconf 86' lang='lat' dir='ltr'><strong>oceani</strong></span> <span class='ocrx_word' id='word_1_483' title='bbox 2573 2096 2754 2154; x_wconf 85' lang='lat' dir='ltr'><strong>fervor</strong></span> <span class='ocrx_word' id='word_1_484' title='bbox 2780 2094 3064 2167; x_wconf 86' lang='lat' dir='ltr'><strong>pelagique</strong></span> <span class='ocrx_word' id='word_1_485' title='bbox 3099 2090 3338 2163; x_wconf 87' lang='lat' dir='ltr'><strong>procella</strong></span> <span class='ocrx_word' id='word_1_486' title='bbox 3356 2130 3371 2155; x_wconf 93' lang='lat'><strong>,</strong></span> 
     </span>
    </p>
   </div>
   <div class='ocr_carea' id='block_1_83' title="bbox 2136 2177 3703 2261">
    <p class='ocr_par' dir='ltr' id='par_1_83' title="bbox 2136 2177 3703 2261">
     <span class='ocr_line' id='line_1_83' title="bbox 2136 2177 3703 2261; baseline -0.011 -13"><span class='ocrx_word' id='word_1_487' title='bbox 2136 2177 2309 2261; x_wconf 81' lang='lat' dir='ltr'><strong>Quam</strong></span> <span class='ocrx_word' id='word_1_488' title='bbox 2331 2199 2539 2246; x_wconf 89' lang='lat' dir='ltr'><strong>mentes</strong></span> <span class='ocrx_word' id='word_1_489' title='bbox 2554 2187 2830 2243; x_wconf 88' lang='lat' dir='ltr'><strong>hominum</strong></span> <span class='ocrx_word' id='word_1_490' title='bbox 2847 2226 2861 2250; x_wconf 93' lang='lat'><strong>,</strong></span> <span class='ocrx_word' id='word_1_491' title='bbox 2887 2199 3025 2255; x_wconf 89' lang='lat' dir='ltr'><strong>quas</strong></span> <span class='ocrx_word' id='word_1_492' title='bbox 3046 2181 3260 2237; x_wconf 88' lang='lat' dir='ltr'><strong>turbida</strong></span> <span class='ocrx_word' id='word_1_493' title='bbox 3285 2185 3583 2236; x_wconf 84' lang='lat' dir='ltr'><strong>commovet</strong></span> <span class='ocrx_word' id='word_1_494' title='bbox 3611 2177 3703 2237; x_wconf 83' lang='lat' dir='ltr'><strong>ira.</strong></span> 
     </span>
    </p>
   </div>
   <div class='ocr_carea' id='block_1_84' title="bbox 2137 2272 3386 2355">
    <p class='ocr_par' dir='ltr' id='par_1_84' title="bbox 2137 2272 3386 2355">
     <span class='ocr_line' id='line_1_84' title="bbox 2137 2272 3386 2355; baseline -0.013 -16"><span class='ocrx_word' id='word_1_495' title='bbox 2137 2283 2236 2339; x_wconf 84' lang='lat' dir='ltr'><strong>Hic</strong></span> <span class='ocrx_word' id='word_1_496' title='bbox 2265 2282 2431 2355; x_wconf 89' lang='lat' dir='ltr'><strong>igitur</strong></span> <span class='ocrx_word' id='word_1_497' title='bbox 2452 2280 2645 2335; x_wconf 85' lang='lat' dir='ltr'><strong>Petrus</strong></span> <span class='ocrx_word' id='word_1_498' title='bbox 2675 2278 2844 2333; x_wconf 77' lang='lat' dir='ltr'><strong>Roma</strong></span> <span class='ocrx_word' id='word_1_499' title='bbox 2870 2275 3109 2331; x_wconf 90' lang='lat' dir='ltr'><strong>directus</strong></span> <span class='ocrx_word' id='word_1_500' title='bbox 3134 2273 3201 2327; x_wconf 89' lang='lat' dir='ltr'><strong>ab</strong></span> <span class='ocrx_word' id='word_1_501' title='bbox 3230 2272 3386 2335; x_wconf 88' lang='lat' dir='ltr'><strong>urbe,</strong></span> 
     </span>
    </p>
   </div>
   <div class='ocr_carea' id='block_1_85' title="bbox 2137 2360 3497 2439">
    <p class='ocr_par' dir='ltr' id='par_1_85' title="bbox 2137 2360 3497 2439">
     <span class='ocr_line' id='line_1_85' title="bbox 2137 2360 3497 2439; baseline -0.012 -8"><span class='ocrx_word' id='word_1_502' title='bbox 2137 2374 2244 2433; x_wconf 89' lang='lat' dir='ltr'><strong>Per</strong></span> <span class='ocrx_word' id='word_1_503' title='bbox 2267 2388 2419 2429; x_wconf 89' lang='lat' dir='ltr'><strong>mare</strong></span> <span class='ocrx_word' id='word_1_504' title='bbox 2446 2371 2737 2427; x_wconf 80' lang='lat' dir='ltr'><strong>Massiliam</strong></span> <span class='ocrx_word' id='word_1_505' title='bbox 2760 2367 2940 2439; x_wconf 87' lang='lat' dir='ltr'><strong>petiit,</strong></span> <span class='ocrx_word' id='word_1_506' title='bbox 2964 2367 3291 2438; x_wconf 88' lang='lat' dir='ltr'><strong>longumque</strong></span> <span class='ocrx_word' id='word_1_507' title='bbox 3311 2360 3497 2418; x_wconf 88' lang='lat' dir='ltr'><strong>deinde</strong></span> 
     </span>
    </p>
   </div>
   <div class='ocr_carea' id='block_1_86' title="bbox 2141 2458 3364 2526">
    <p class='ocr_par' dir='ltr' id='par_1_86' title="bbox 2141 2458 3364 2526">
     <span class='ocr_line' id='line_1_86' title="bbox 2141 2458 3364 2526; baseline -0.011 -4"><span class='ocrx_word' id='word_1_508' title='bbox 2141 2464 2446 2522; x_wconf 84' lang='lat' dir='ltr'><strong>Preteriens</strong></span> <span class='ocrx_word' id='word_1_509' title='bbox 2468 2464 2587 2526; x_wconf 90' lang='lat' dir='ltr'><strong>iter,</strong></span> <span class='ocrx_word' id='word_1_510' title='bbox 2621 2462 2676 2516; x_wconf 92' lang='lat' dir='ltr'><strong>in</strong></span> <span class='ocrx_word' id='word_1_511' title='bbox 2704 2459 2829 2514; x_wconf 91' lang='lat' dir='ltr'><strong>villa</strong></span> <span class='ocrx_word' id='word_1_512' title='bbox 2858 2458 3150 2513; x_wconf 80' lang='lat' dir='ltr'><strong>Theodoae</strong></span> <span class='ocrx_word' id='word_1_513' title='bbox 3171 2461 3364 2510; x_wconf 83' lang='lat' dir='ltr'><strong>vocata</strong></span> 
     </span>
    </p>
   </div>
   <div class='ocr_carea' id='block_1_87' title="bbox 2140 2547 3267 2631">
    <p class='ocr_par' dir='ltr' id='par_1_87' title="bbox 2140 2547 3267 2631">
     <span class='ocr_line' id='line_1_87' title="bbox 2140 2547 3267 2631; baseline -0.012 -16"><span class='ocrx_word' id='word_1_514' title='bbox 2140 2557 2372 2631; x_wconf 81' lang='lat' dir='ltr'><strong>Insignis</strong></span> <span class='ocrx_word' id='word_1_515' title='bbox 2398 2554 2577 2612; x_wconf 88' lang='lat' dir='ltr'><strong>Caroli</strong></span> <span class='ocrx_word' id='word_1_516' title='bbox 2605 2554 2862 2625; x_wconf 85' lang='lat' dir='ltr'><strong>pietatem</strong></span> <span class='ocrx_word' id='word_1_517' title='bbox 2893 2549 3035 2621; x_wconf 79' lang='lat' dir='ltr'><strong>regis</strong></span> <span class='ocrx_word' id='word_1_518' title='bbox 3064 2547 3267 2611; x_wconf 91' lang='lat' dir='ltr'><strong>adivit,</strong></span> 
     </span>
    </p>
   </div>
   <div class='ocr_carea' id='block_1_88' title="bbox 2142 2639 3307 2711">
    <p class='ocr_par' dir='ltr' id='par_1_88' title="bbox 2142 2639 3307 2711">
     <span class='ocr_line' id='line_1_88' title="bbox 2142 2639 3307 2711; baseline -0.01 -5"><span class='ocrx_word' id='word_1_519' title='bbox 2142 2649 2320 2707; x_wconf 81' lang='lat' dir='ltr'><strong>Orans</strong></span> <span class='ocrx_word' id='word_1_520' title='bbox 2341 2648 2534 2704; x_wconf 90' lang='lat' dir='ltr'><strong>devote</strong></span> <span class='ocrx_word' id='word_1_521' title='bbox 2561 2645 2713 2711; x_wconf 85' lang='lat' dir='ltr'><strong>satis,</strong></span> <span class='ocrx_word' id='word_1_522' title='bbox 2743 2651 2804 2698; x_wconf 91' lang='lat' dir='ltr'><strong>ut</strong></span> <span class='ocrx_word' id='word_1_523' title='bbox 2830 2641 3118 2699; x_wconf 89' lang='lat' dir='ltr'><strong>defendere</strong></span> <span class='ocrx_word' id='word_1_524' title='bbox 3145 2639 3307 2696; x_wconf 87' lang='lat' dir='ltr'><strong>vellet</strong></span> 
     </span>
    </p>
   </div>
   <div class='ocr_carea' id='block_1_89' title="bbox 2142 2728 3466 2803">
    <p class='ocr_par' dir='ltr' id='par_1_89' title="bbox 2142 2728 3466 2803">
     <span class='ocr_line' id='line_1_89' title="bbox 2142 2728 3466 2803; baseline -0.01 -7"><span class='ocrx_word' id='word_1_525' title='bbox 2142 2739 2440 2796; x_wconf 80' lang='lat' dir='ltr'><strong>Ecclesium</strong></span> <span class='ocrx_word' id='word_1_526' title='bbox 2465 2735 2635 2801; x_wconf 87' lang='lat' dir='ltr'><strong>Petri,</strong></span> <span class='ocrx_word' id='word_1_527' title='bbox 2660 2748 2903 2790; x_wconf 90' lang='lat' dir='ltr'><strong>summus</strong></span> <span class='ocrx_word' id='word_1_528' title='bbox 2931 2732 3023 2803; x_wconf 92' lang='lat' dir='ltr'><strong>qui</strong></span> <span class='ocrx_word' id='word_1_529' title='bbox 3052 2730 3289 2799; x_wconf 84' lang='lat' dir='ltr'><strong>claviger</strong></span> <span class='ocrx_word' id='word_1_530' title='bbox 3317 2728 3466 2784; x_wconf 80' lang='lat' dir='ltr'><strong>aulae</strong></span> 
     </span>
    </p>
   </div>
   <div class='ocr_carea' id='block_1_90' title="bbox 2142 2821 3388 2895">
    <p class='ocr_par' dir='ltr' id='par_1_90' title="bbox 2142 2821 3388 2895">
     <span class='ocr_line' id='line_1_90' title="bbox 2142 2821 3388 2895; baseline -0.008 -11"><span class='ocrx_word' id='word_1_531' title='bbox 2142 2828 2222 2884; x_wconf 82' lang='lat' dir='ltr'><strong>illi</strong></span> <span class='ocrx_word' id='word_1_532' title='bbox 2250 2827 2468 2884; x_wconf 88' lang='lat' dir='ltr'><strong>celestis</strong></span> <span class='ocrx_word' id='word_1_533' title='bbox 2496 2825 2626 2880; x_wconf 89' lang='lat' dir='ltr'><strong>dare</strong></span> <span class='ocrx_word' id='word_1_534' title='bbox 2651 2822 2893 2895; x_wconf 89' lang='lat' dir='ltr'><strong>praemia</strong></span> <span class='ocrx_word' id='word_1_535' title='bbox 2921 2821 3157 2877; x_wconf 85' lang='lat' dir='ltr'><strong>maxima</strong></span> <span class='ocrx_word' id='word_1_536' title='bbox 3184 2830 3388 2891; x_wconf 89' lang='lat' dir='ltr'><strong>posset.</strong></span> 
     </span>
    </p>
   </div>
   <div class='ocr_carea' id='block_1_91' title="bbox 2143 2912 3360 2991">
    <p class='ocr_par' dir='ltr' id='par_1_91' title="bbox 2143 2912 3360 2991">
     <span class='ocr_line' id='line_1_91' title="bbox 2143 2912 3360 2991; baseline -0.011 -13"><span class='ocrx_word' id='word_1_537' title='bbox 2143 2919 2257 2978; x_wconf 91' lang='lat' dir='ltr'><strong>Nec</strong></span> <span class='ocrx_word' id='word_1_538' title='bbox 2285 2935 2391 2976; x_wconf 90' lang='lat' dir='ltr'><strong>non</strong></span> <span class='ocrx_word' id='word_1_539' title='bbox 2418 2916 2690 2991; x_wconf 78' lang='lat' dir='ltr'><strong>pontificis</strong></span> <span class='ocrx_word' id='word_1_540' title='bbox 2713 2920 3051 2971; x_wconf 65' lang='lat' dir='ltr'><strong>succurreret</strong></span> <span class='ocrx_word' id='word_1_541' title='bbox 3074 2912 3360 2979; x_wconf 88' lang='lat' dir='ltr'><strong>anxietati,</strong></span> 
     </span>
    </p>
   </div>
   <div class='ocr_carea' id='block_1_92' title="bbox 2148 3001 3488 3079">
    <p class='ocr_par' dir='ltr' id='par_1_92' title="bbox 2148 3001 3488 3079">
     <span class='ocr_line' id='line_1_92' title="bbox 2148 3001 3488 3079; baseline -0.008 -11"><span class='ocrx_word' id='word_1_542' title='bbox 2148 3010 2485 3079; x_wconf 82' lang='lat' dir='ltr'><strong>Romanique</strong></span> <span class='ocrx_word' id='word_1_543' title='bbox 2509 3006 2669 3064; x_wconf 90' lang='lat' dir='ltr'><strong>simul</strong></span> <span class='ocrx_word' id='word_1_544' title='bbox 2698 3005 2879 3078; x_wconf 91' lang='lat' dir='ltr'><strong>populi</strong></span> <span class='ocrx_word' id='word_1_545' title='bbox 2906 3004 3043 3060; x_wconf 88' lang='lat' dir='ltr'><strong>mala</strong></span> <span class='ocrx_word' id='word_1_546' title='bbox 3071 3004 3304 3075; x_wconf 86' lang='lat' dir='ltr'><strong>plurima</strong></span> <span class='ocrx_word' id='word_1_547' title='bbox 3326 3001 3488 3073; x_wconf 88' lang='lat' dir='ltr'><strong>passi,</strong></span> 
     </span>
    </p>
   </div>
   <div class='ocr_carea' id='block_1_93' title="bbox 2070 3071 3425 3170">
    <p class='ocr_par' dir='ltr' id='par_1_93' title="bbox 2070 3071 3425 3170">
     <span class='ocr_line' id='line_1_93' title="bbox 2070 3071 3425 3170; baseline -0.009 -9"><span class='ocrx_word' id='word_1_548' title='bbox 2070 3071 2118 3136; x_wconf 63' lang='grc' dir='ltr'><strong>δ</strong></span> <span class='ocrx_word' id='word_1_549' title='bbox 2149 3099 2249 3160; x_wconf 87' lang='lat' dir='ltr'><strong>Cui</strong></span> <span class='ocrx_word' id='word_1_550' title='bbox 2275 3071 2547 3158; x_wconf 74' lang='lat' dir='ltr'><strong>libertatis</strong></span> <span class='ocrx_word' id='word_1_551' title='bbox 2576 3102 2683 3156; x_wconf 90' lang='lat' dir='ltr'><strong>iam</strong></span> <span class='ocrx_word' id='word_1_552' title='bbox 2698 3071 2860 3170; x_wconf 62' lang='lat' dir='ltr'><strong>spes,</strong></span> <span class='ocrx_word' id='word_1_553' title='bbox 2891 3071 3142 3166; x_wconf 76' lang='lat' dir='ltr'><strong>vitaeque</strong></span> <span class='ocrx_word' id='word_1_554' title='bbox 3165 3071 3425 3150; x_wconf 81' lang='lat' dir='ltr'><strong>tenendae</strong></span> 
     </span>
    </p>
   </div>
   <div class='ocr_carea' id='block_1_94' title="bbox 2148 3183 3511 3264">
    <p class='ocr_par' dir='ltr' id='par_1_94' title="bbox 2148 3183 3511 3264">
     <span class='ocr_line' id='line_1_94' title="bbox 2148 3183 3511 3264; baseline -0.01 -14"><span class='ocrx_word' id='word_1_555' title='bbox 2148 3193 2318 3250; x_wconf 90' lang='lat' dir='ltr'><strong>Unica</strong></span> <span class='ocrx_word' id='word_1_556' title='bbox 2340 3199 2463 3264; x_wconf 90' lang='lat' dir='ltr'><strong>post</strong></span> <span class='ocrx_word' id='word_1_557' title='bbox 2490 3191 2797 3257; x_wconf 90' lang='lat' dir='ltr'><strong>Dominum,</strong></span> <span class='ocrx_word' id='word_1_558' title='bbox 2825 3196 3032 3243; x_wconf 90' lang='lat' dir='ltr'><strong>tantum</strong></span> <span class='ocrx_word' id='word_1_559' title='bbox 3063 3194 3292 3242; x_wconf 89' lang='lat' dir='ltr'><strong>restaret</strong></span> <span class='ocrx_word' id='word_1_560' title='bbox 3327 3186 3379 3239; x_wconf 90' lang='lat' dir='ltr'><strong>in</strong></span> <span class='ocrx_word' id='word_1_561' title='bbox 3407 3183 3511 3239; x_wconf 78' lang='lat' dir='ltr'><strong>illo.</strong></span> 
     </span>
    </p>
   </div>
   <div class='ocr_carea' id='block_1_95' title="bbox 2147 3280 3497 3352">
    <p class='ocr_par' dir='ltr' id='par_1_95' title="bbox 2147 3280 3497 3352">
     <span class='ocr_line' id='line_1_95' title="bbox 2147 3280 3497 3352; baseline -0.007 -10"><span class='ocrx_word' id='word_1_562' title='bbox 2147 3287 2367 3343; x_wconf 87' lang='lat' dir='ltr'><strong>Talibus</strong></span> <span class='ocrx_word' id='word_1_563' title='bbox 2394 3285 2613 3351; x_wconf 88' lang='lat' dir='ltr'><strong>auditis,</strong></span> <span class='ocrx_word' id='word_1_564' title='bbox 2641 3298 2859 3340; x_wconf 87' lang='lat' dir='ltr'><strong>causam</strong></span> <span class='ocrx_word' id='word_1_565' title='bbox 2888 3297 2984 3338; x_wconf 89' lang='lat' dir='ltr'><strong>rex</strong></span> <span class='ocrx_word' id='word_1_566' title='bbox 3009 3280 3257 3352; x_wconf 89' lang='lat' dir='ltr'><strong>protinus</strong></span> <span class='ocrx_word' id='word_1_567' title='bbox 3284 3292 3497 3335; x_wconf 85' lang='lat' dir='ltr'><strong>omnem</strong></span> 
     </span>
    </p>
   </div>
   <div class='ocr_carea' id='block_1_96' title="bbox 2147 3369 3451 3439">
    <p class='ocr_par' dir='ltr' id='par_1_96' title="bbox 2147 3369 3451 3439">
     <span class='ocr_line' id='line_1_96' title="bbox 2147 3369 3451 3439; baseline -0.007 -7"><span class='ocrx_word' id='word_1_568' title='bbox 2147 3376 2392 3433; x_wconf 87' lang='lat' dir='ltr'><strong>Sollicito</strong></span> <span class='ocrx_word' id='word_1_569' title='bbox 2414 3375 2637 3432; x_wconf 88' lang='lat' dir='ltr'><strong>volvens</strong></span> <span class='ocrx_word' id='word_1_570' title='bbox 2662 3374 2868 3439; x_wconf 90' lang='lat' dir='ltr'><strong>animo,</strong></span> <span class='ocrx_word' id='word_1_571' title='bbox 2894 3372 3028 3427; x_wconf 83' lang='lat' dir='ltr'><strong>satis</strong></span> <span class='ocrx_word' id='word_1_572' title='bbox 3057 3369 3224 3425; x_wconf 83' lang='lat' dir='ltr'><strong>affore</strong></span> <span class='ocrx_word' id='word_1_573' title='bbox 3250 3370 3451 3424; x_wconf 87' lang='lat' dir='ltr'><strong>iustum</strong></span> 
     </span>
    </p>
   </div>
   <div class='ocr_carea' id='block_1_97' title="bbox 2113 3463 3472 3542">
    <p class='ocr_par' dir='ltr' id='par_1_97' title="bbox 2113 3463 3472 3542">
     <span class='ocr_line' id='line_1_97' title="bbox 2113 3463 3472 3542; baseline -0.009 -14"><span class='ocrx_word' id='word_1_574' title='bbox 2113 3504 2120 3511; x_wconf 90' lang='lat'><strong><em>-</em></strong></span> <span class='ocrx_word' id='word_1_575' title='bbox 2144 3471 2455 3542; x_wconf 87' lang='lat' dir='ltr'><strong>Perpendit,</strong></span> <span class='ocrx_word' id='word_1_576' title='bbox 2485 3477 2805 3541; x_wconf 90' lang='lat' dir='ltr'><strong>gratumque</strong></span> <span class='ocrx_word' id='word_1_577' title='bbox 2829 3468 2958 3530; x_wconf 91' lang='lat' dir='ltr'><strong>Deo,</strong></span> <span class='ocrx_word' id='word_1_578' title='bbox 2988 3463 3241 3521; x_wconf 91' lang='lat' dir='ltr'><strong>defensor</strong></span> <span class='ocrx_word' id='word_1_579' title='bbox 3266 3472 3327 3518; x_wconf 92' lang='lat' dir='ltr'><strong>ut</strong></span> <span class='ocrx_word' id='word_1_580' title='bbox 3357 3463 3472 3534; x_wconf 89' lang='lat' dir='ltr'><strong>ipse</strong></span> 
     </span>
    </p>
   </div>
   <div class='ocr_carea' id='block_1_98' title="bbox 2147 3558 3363 3636">
    <p class='ocr_par' dir='ltr' id='par_1_98' title="bbox 2147 3558 3363 3636">
     <span class='ocr_line' id='line_1_98' title="bbox 2147 3558 3363 3636; baseline -0.012 -14"><span class='ocrx_word' id='word_1_581' title='bbox 2147 3566 2303 3622; x_wconf 90' lang='lat' dir='ltr'><strong>Sedis</strong></span> <span class='ocrx_word' id='word_1_582' title='bbox 2329 3563 2655 3636; x_wconf 90' lang='lat' dir='ltr'><strong>apostolicae</strong></span> <span class='ocrx_word' id='word_1_583' title='bbox 2685 3561 2814 3617; x_wconf 90' lang='lat' dir='ltr'><strong>totis</strong></span> <span class='ocrx_word' id='word_1_584' title='bbox 2839 3574 2938 3630; x_wconf 91' lang='lat' dir='ltr'><strong>pro</strong></span> <span class='ocrx_word' id='word_1_585' title='bbox 2966 3558 3175 3613; x_wconf 86' lang='lat' dir='ltr'><strong>viribus</strong></span> <span class='ocrx_word' id='word_1_586' title='bbox 3200 3562 3363 3612; x_wconf 85' lang='lat' dir='ltr'><strong>esset.</strong></span> 
     </span>
    </p>
   </div>
   <div class='ocr_carea' id='block_1_99' title="bbox 2143 3643 3376 3727">
    <p class='ocr_par' dir='ltr' id='par_1_99' title="bbox 2143 3643 3376 3727">
     <span class='ocr_line' id='line_1_99' title="bbox 2143 3643 3376 3727; baseline -0.012 -15"><span class='ocrx_word' id='word_1_587' title='bbox 2143 3657 2323 3727; x_wconf 80' lang='lat' dir='ltr'><strong>Atque</strong></span> <span class='ocrx_word' id='word_1_588' title='bbox 2345 3671 2444 3711; x_wconf 92' lang='lat' dir='ltr'><strong>suo</strong></span> <span class='ocrx_word' id='word_1_589' title='bbox 2473 3653 2658 3709; x_wconf 85' lang='lat' dir='ltr'><strong>statim</strong></span> <span class='ocrx_word' id='word_1_590' title='bbox 2698 3666 2862 3722; x_wconf 89' lang='lat' dir='ltr'><strong>regno</strong></span> <span class='ocrx_word' id='word_1_591' title='bbox 2890 3647 3106 3719; x_wconf 87' lang='lat' dir='ltr'><strong>collegit</strong></span> <span class='ocrx_word' id='word_1_592' title='bbox 3134 3647 3202 3700; x_wconf 87' lang='lat' dir='ltr'><strong>ab</strong></span> <span class='ocrx_word' id='word_1_593' title='bbox 3226 3643 3376 3700; x_wconf 91' lang='lat' dir='ltr'><strong>omni</strong></span> 
     </span>
    </p>
   </div>
   <div class='ocr_carea' id='block_1_100' title="bbox 2148 3738 3449 3810">
    <p class='ocr_par' dir='ltr' id='par_1_100' title="bbox 2148 3738 3449 3810">
     <span class='ocr_line' id='line_1_100' title="bbox 2148 3738 3449 3810; baseline -0.015 -6"><span class='ocrx_word' id='word_1_594' title='bbox 2148 3747 2378 3804; x_wconf 75' lang='lat' dir='ltr'><strong>Roboris</strong></span> <span class='ocrx_word' id='word_1_595' title='bbox 2407 3743 2638 3800; x_wconf 89' lang='lat' dir='ltr'><strong>inmensi</strong></span> <span class='ocrx_word' id='word_1_596' title='bbox 2667 3740 2832 3796; x_wconf 87' lang='lat' dir='ltr'><strong>variis</strong></span> <span class='ocrx_word' id='word_1_597' title='bbox 2860 3755 2927 3795; x_wconf 86' lang='lat' dir='ltr'><strong>ex</strong></span> <span class='ocrx_word' id='word_1_598' title='bbox 2959 3738 3210 3810; x_wconf 87' lang='lat' dir='ltr'><strong>gentibus</strong></span> <span class='ocrx_word' id='word_1_599' title='bbox 3238 3749 3449 3806; x_wconf 84' lang='lat' dir='ltr'><strong>agmen.</strong></span> 
     </span>
    </p>
   </div>
   <div class='ocr_carea' id='block_1_101' title="bbox 2147 3817 3659 3906">
    <p class='ocr_par' dir='ltr' id='par_1_101' title="bbox 2147 3817 3659 3906">
     <span class='ocr_line' id='line_1_101' title="bbox 2147 3817 3659 3906; baseline -0.013 -12"><span class='ocrx_word' id='word_1_600' title='bbox 2147 3838 2299 3906; x_wconf 87' lang='lat' dir='ltr'><strong>Quod</strong></span> <span class='ocrx_word' id='word_1_601' title='bbox 2325 3853 2509 3894; x_wconf 89' lang='lat' dir='ltr'><strong>secum</strong></span> <span class='ocrx_word' id='word_1_602' title='bbox 2532 3836 2749 3898; x_wconf 90' lang='lat' dir='ltr'><strong>ducens,</strong></span> <span class='ocrx_word' id='word_1_603' title='bbox 2779 3832 3022 3889; x_wconf 87' lang='lat' dir='ltr'><strong>Genuam</strong></span> <span class='ocrx_word' id='word_1_604' title='bbox 3046 3817 3291 3899; x_wconf 74' lang='lat' dir='ltr'><strong>pervenit</strong></span> <span class='ocrx_word' id='word_1_605' title='bbox 3318 3826 3373 3880; x_wconf 89' lang='lat' dir='ltr'><strong>in</strong></span> <span class='ocrx_word' id='word_1_606' title='bbox 3400 3824 3597 3885; x_wconf 86' lang='lat' dir='ltr'><strong>urbem,</strong></span> <span class='ocrx_word' id='word_1_607' title='bbox 3650 3868 3659 3873; x_wconf 41' lang='grc' dir='ltr'><strong>ι</strong></span> 
     </span>
    </p>
   </div>
   <div class='ocr_carea' id='block_1_102' title="bbox 2146 3915 3601 3999">
    <p class='ocr_par' dir='ltr' id='par_1_102' title="bbox 2146 3915 3601 3999">
     <span class='ocr_line' id='line_1_102' title="bbox 2146 3915 3601 3999; baseline -0.014 -11"><span class='ocrx_word' id='word_1_608' title='bbox 2146 3933 2318 3998; x_wconf 85' lang='lat' dir='ltr'><strong>Quam</strong></span> <span class='ocrx_word' id='word_1_609' title='bbox 2345 3929 2533 3999; x_wconf 89' lang='lat' dir='ltr'><strong>rapido</strong></span> <span class='ocrx_word' id='word_1_610' title='bbox 2561 3942 2723 3983; x_wconf 89' lang='lat' dir='ltr'><strong>cursu</strong></span> <span class='ocrx_word' id='word_1_611' title='bbox 2748 3925 3041 3980; x_wconf 81' lang='lat' dir='ltr'><strong>Rhodanus</strong></span> <span class='ocrx_word' id='word_1_612' title='bbox 3061 3918 3396 3991; x_wconf 82' lang='lat' dir='ltr'><strong>praeterﬂuit</strong></span> <span class='ocrx_word' id='word_1_613' title='bbox 3418 3915 3601 3978; x_wconf 87' lang='lat' dir='ltr'><strong>amnis;</strong></span> 
     </span>
    </p>
   </div>
   <div class='ocr_carea' id='block_1_103' title="bbox 2147 4009 3390 4093">
    <p class='ocr_par' dir='ltr' id='par_1_103' title="bbox 2147 4009 3390 4093">
     <span class='ocr_line' id='line_1_103' title="bbox 2147 4009 3390 4093; baseline -0.012 -16"><span class='ocrx_word' id='word_1_614' title='bbox 2147 4022 2286 4077; x_wconf 89' lang='lat' dir='ltr'><strong>Tum</strong></span> <span class='ocrx_word' id='word_1_615' title='bbox 2319 4021 2532 4093; x_wconf 89' lang='lat' dir='ltr'><strong>gemino</strong></span> <span class='ocrx_word' id='word_1_616' title='bbox 2557 4016 2940 4088; x_wconf 86' lang='lat' dir='ltr'><strong>Langobardos</strong></span> <span class='ocrx_word' id='word_1_617' title='bbox 2967 4012 3219 4067; x_wconf 88' lang='lat' dir='ltr'><strong>invadere</strong></span> <span class='ocrx_word' id='word_1_618' title='bbox 3248 4009 3390 4065; x_wconf 84' lang='lat' dir='ltr'><strong>bello</strong></span> 
     </span>
    </p>
   </div>
   <div class='ocr_carea' id='block_1_104' title="bbox 2147 4103 3483 4181">
    <p class='ocr_par' dir='ltr' id='par_1_104' title="bbox 2147 4103 3483 4181">
     <span class='ocr_line' id='line_1_104' title="bbox 2147 4103 3483 4181; baseline -0.011 -12"><span class='ocrx_word' id='word_1_619' title='bbox 2147 4111 2418 4177; x_wconf 89' lang='lat' dir='ltr'><strong>Decrevit,</strong></span> <span class='ocrx_word' id='word_1_620' title='bbox 2449 4108 2807 4181; x_wconf 91' lang='lat' dir='ltr'><strong>populumque</strong></span> <span class='ocrx_word' id='word_1_621' title='bbox 2828 4120 2982 4161; x_wconf 90' lang='lat' dir='ltr'><strong>suum</strong></span> <span class='ocrx_word' id='word_1_622' title='bbox 3007 4103 3211 4167; x_wconf 90' lang='lat' dir='ltr'><strong>divisit,</strong></span> <span class='ocrx_word' id='word_1_623' title='bbox 3241 4111 3298 4157; x_wconf 89' lang='lat' dir='ltr'><strong>et</strong></span> <span class='ocrx_word' id='word_1_624' title='bbox 3326 4114 3483 4155; x_wconf 88' lang='lat' dir='ltr'><strong>unam</strong></span> 
     </span>
    </p>
   </div>
   <div class='ocr_carea' id='block_1_105' title="bbox 2146 4192 3513 4267">
    <p class='ocr_par' dir='ltr' id='par_1_105' title="bbox 2146 4192 3513 4267">
     <span class='ocr_line' id='line_1_105' title="bbox 2146 4192 3513 4267; baseline -0.012 -7"><span class='ocrx_word' id='word_1_625' title='bbox 2146 4205 2281 4260; x_wconf 90' lang='lat' dir='ltr'><strong>Cum</strong></span> <span class='ocrx_word' id='word_1_626' title='bbox 2312 4203 2447 4259; x_wconf 90' lang='lat' dir='ltr'><strong>duce</strong></span> <span class='ocrx_word' id='word_1_627' title='bbox 2471 4199 2784 4256; x_wconf 87' lang='lat' dir='ltr'><strong>Bernbardo</strong></span> <span class='ocrx_word' id='word_1_628' title='bbox 2810 4205 3017 4267; x_wconf 88' lang='lat' dir='ltr'><strong>partem</strong></span> <span class='ocrx_word' id='word_1_629' title='bbox 3050 4201 3407 4265; x_wconf 87' lang='lat' dir='ltr'><strong>praeceperat</strong></span> <span class='ocrx_word' id='word_1_630' title='bbox 3440 4192 3513 4245; x_wconf 87' lang='lat' dir='ltr'><strong>ire</strong></span> 
     </span>
    </p>
   </div>
   <div class='ocr_carea' id='block_1_106' title="bbox 2146 4283 3672 4351">
    <p class='ocr_par' dir='ltr' id='par_1_106' title="bbox 2146 4283 3672 4351">
     <span class='ocr_line' id='line_1_106' title="bbox 2146 4283 3672 4351; baseline -0.013 -1"><span class='ocrx_word' id='word_1_631' title='bbox 2146 4296 2251 4351; x_wconf 89' lang='lat' dir='ltr'><strong>Per</strong></span> <span class='ocrx_word' id='word_1_632' title='bbox 2277 4302 2511 4350; x_wconf 89' lang='lat' dir='ltr'><strong>montem</strong></span> <span class='ocrx_word' id='word_1_633' title='bbox 2537 4290 2676 4346; x_wconf 89' lang='lat' dir='ltr'><strong>Iovis</strong></span> <span class='ocrx_word' id='word_1_634' title='bbox 2696 4321 2767 4331; x_wconf 92' lang='lat'><strong>—</strong></span> <span class='ocrx_word' id='word_1_635' title='bbox 2788 4289 2841 4343; x_wconf 93' lang='lat' dir='ltr'><strong>id</strong></span> <span class='ocrx_word' id='word_1_636' title='bbox 2867 4302 3061 4342; x_wconf 90' lang='lat' dir='ltr'><strong>nomen</strong></span> <span class='ocrx_word' id='word_1_637' title='bbox 3082 4294 3237 4340; x_wconf 87' lang='lat' dir='ltr'><strong>vetus</strong></span> <span class='ocrx_word' id='word_1_638' title='bbox 3267 4283 3456 4338; x_wconf 83' lang='lat' dir='ltr'><strong>indidit</strong></span> <span class='ocrx_word' id='word_1_639' title='bbox 3477 4293 3607 4335; x_wconf 85' lang='lat' dir='ltr'><strong>error</strong></span> <span class='ocrx_word' id='word_1_640' title='bbox 3626 4301 3672 4314; x_wconf 87' lang='lat'><strong>—-</strong></span> 
     </span>
    </p>
   </div>
   <div class='ocr_carea' id='block_1_107' title="bbox 2067 4377 3458 4464">
    <p class='ocr_par' dir='ltr' id='par_1_107' title="bbox 2067 4377 3458 4464">
     <span class='ocr_line' id='line_1_107' title="bbox 2067 4377 3458 4464; baseline -0.01 -21"><span class='ocrx_word' id='word_1_641' title='bbox 2067 4401 2123 4464; x_wconf 74' lang='grc' dir='ltr'><strong>ι)</strong></span> <span class='ocrx_word' id='word_1_642' title='bbox 2147 4387 2217 4442; x_wconf 80' lang='lat' dir='ltr'><strong>At</strong></span> <span class='ocrx_word' id='word_1_643' title='bbox 2245 4386 2504 4455; x_wconf 90' lang='lat' dir='ltr'><strong>reliquam</strong></span> <span class='ocrx_word' id='word_1_644' title='bbox 2532 4400 2631 4454; x_wconf 89' lang='lat' dir='ltr'><strong>per</strong></span> <span class='ocrx_word' id='word_1_645' title='bbox 2654 4382 2915 4439; x_wconf 90' lang='lat' dir='ltr'><strong>Cinisium</strong></span> <span class='ocrx_word' id='word_1_646' title='bbox 2944 4395 3036 4434; x_wconf 87' lang='lat' dir='ltr'><strong>rex</strong></span> <span class='ocrx_word' id='word_1_647' title='bbox 3074 4378 3307 4432; x_wconf 78' lang='lat' dir='ltr'><strong>duxerat</strong></span> <span class='ocrx_word' id='word_1_648' title='bbox 3328 4377 3458 4446; x_wconf 84' lang='lat' dir='ltr'><strong>ipse.</strong></span> 
     </span>
    </p>
   </div>
   <div class='ocr_carea' id='block_1_108' title="bbox 2150 4467 3487 4544">
    <p class='ocr_par' dir='ltr' id='par_1_108' title="bbox 2150 4467 3487 4544">
     <span class='ocr_line' id='line_1_108' title="bbox 2150 4467 3487 4544; baseline -0.008 -14"><span class='ocrx_word' id='word_1_649' title='bbox 2150 4474 2504 4530; x_wconf 89' lang='lat' dir='ltr'><strong>Transcensis</strong></span> <span class='ocrx_word' id='word_1_650' title='bbox 2533 4473 2695 4544; x_wconf 86' lang='lat' dir='ltr'><strong>igitur</strong></span> <span class='ocrx_word' id='word_1_651' title='bbox 2721 4470 3007 4527; x_wconf 86' lang='lat' dir='ltr'><strong>horrendis</strong></span> <span class='ocrx_word' id='word_1_652' title='bbox 3040 4467 3288 4537; x_wconf 81' lang='lat' dir='ltr'><strong>Alpibus,</strong></span> <span class='ocrx_word' id='word_1_653' title='bbox 3321 4468 3487 4521; x_wconf 80' lang='lat' dir='ltr'><strong>instar</strong></span> 
     </span>
    </p>
   </div>
   <div class='ocr_carea' id='block_1_109' title="bbox 2148 4557 3360 4628">
    <p class='ocr_par' dir='ltr' id='par_1_109' title="bbox 2148 4557 3360 4628">
     <span class='ocr_line' id='line_1_109' title="bbox 2148 4557 3360 4628; baseline -0.009 -9"><span class='ocrx_word' id='word_1_654' title='bbox 2148 4563 2402 4619; x_wconf 90' lang='lat' dir='ltr'><strong>Turbinis</strong></span> <span class='ocrx_word' id='word_1_655' title='bbox 2422 4561 2692 4617; x_wconf 87' lang='lat' dir='ltr'><strong>Ausoniae</strong></span> <span class='ocrx_word' id='word_1_656' title='bbox 2718 4560 2910 4628; x_wconf 84' lang='lat' dir='ltr'><strong>duplex</strong></span> <span class='ocrx_word' id='word_1_657' title='bbox 2937 4557 3208 4612; x_wconf 82' lang='lat' dir='ltr'><strong>exercitus</strong></span> <span class='ocrx_word' id='word_1_658' title='bbox 3231 4570 3360 4608; x_wconf 81' lang='lat' dir='ltr'><strong>arva</strong></span> 
     </span>
    </p>
   </div>
   <div class='ocr_carea' id='block_1_110' title="bbox 2146 4646 3392 4721">
    <p class='ocr_par' dir='ltr' id='par_1_110' title="bbox 2146 4646 3392 4721">
     <span class='ocr_line' id='line_1_110' title="bbox 2146 4646 3392 4721; baseline -0.011 -10"><span class='ocrx_word' id='word_1_659' title='bbox 2146 4658 2400 4719; x_wconf 90' lang='lat' dir='ltr'><strong>lrruerat,</strong></span> <span class='ocrx_word' id='word_1_660' title='bbox 2432 4653 2538 4706; x_wconf 90' lang='lat' dir='ltr'><strong>late</strong></span> <span class='ocrx_word' id='word_1_661' title='bbox 2564 4666 2790 4721; x_wconf 86' lang='lat' dir='ltr'><strong>regnum</strong></span> <span class='ocrx_word' id='word_1_662' title='bbox 2815 4657 3033 4703; x_wconf 82' lang='lat' dir='ltr'><strong>vastans</strong></span> <span class='ocrx_word' id='word_1_663' title='bbox 3058 4646 3392 4716; x_wconf 88' lang='lat' dir='ltr'><strong>opulentum.</strong></span> 
     </span>
    </p>
   </div>
   <div class='ocr_carea' id='block_1_111' title="bbox 2146 4735 3617 4814">
    <p class='ocr_par' dir='ltr' id='par_1_111' title="bbox 2146 4735 3617 4814">
     <span class='ocr_line' id='line_1_111' title="bbox 2146 4735 3617 4814; baseline -0.012 -13"><span class='ocrx_word' id='word_1_664' title='bbox 2146 4747 2364 4814; x_wconf 63' lang='lat' dir='ltr'><strong>Iamque</strong></span> <span class='ocrx_word' id='word_1_665' title='bbox 2391 4752 2567 4799; x_wconf 89' lang='lat' dir='ltr'><strong>metus</strong></span> <span class='ocrx_word' id='word_1_666' title='bbox 2595 4749 2819 4797; x_wconf 90' lang='lat' dir='ltr'><strong>cunctos</strong></span> <span class='ocrx_word' id='word_1_667' title='bbox 2842 4739 3171 4793; x_wconf 84' lang='lat' dir='ltr'><strong>Francorum</strong></span> <span class='ocrx_word' id='word_1_668' title='bbox 3196 4736 3423 4806; x_wconf 88' lang='lat' dir='ltr'><strong>perculit</strong></span> <span class='ocrx_word' id='word_1_669' title='bbox 3445 4735 3617 4805; x_wconf 82' lang='lat' dir='ltr'><strong>ingens.</strong></span> 
     </span>
    </p>
   </div>
   <div class='ocr_carea' id='block_1_112' title="bbox 2147 4833 3408 4904">
    <p class='ocr_par' dir='ltr' id='par_1_112' title="bbox 2147 4833 3408 4904">
     <span class='ocr_line' id='line_1_112' title="bbox 2147 4833 3408 4904; baseline -0.003 -14"><span class='ocrx_word' id='word_1_670' title='bbox 2147 4835 2281 4890; x_wconf 85' lang='lat' dir='ltr'><strong>Nam</strong></span> <span class='ocrx_word' id='word_1_671' title='bbox 2304 4834 2663 4898; x_wconf 88' lang='lat' dir='ltr'><strong>Desiderium,</strong></span> <span class='ocrx_word' id='word_1_672' title='bbox 2684 4835 2860 4904; x_wconf 91' lang='lat' dir='ltr'><strong>primo</strong></span> <span class='ocrx_word' id='word_1_673' title='bbox 2885 4835 2977 4903; x_wconf 91' lang='lat' dir='ltr'><strong>qui</strong></span> <span class='ocrx_word' id='word_1_674' title='bbox 2999 4833 3137 4888; x_wconf 91' lang='lat' dir='ltr'><strong>bella</strong></span> <span class='ocrx_word' id='word_1_675' title='bbox 3162 4833 3408 4902; x_wconf 87' lang='lat' dir='ltr'><strong>parabat,</strong></span> 
     </span>
    </p>
   </div>
   <div class='ocr_carea' id='block_1_113' title="bbox 2148 4922 3412 4993">
    <p class='ocr_par' dir='ltr' id='par_1_113' title="bbox 2148 4922 3412 4993">
     <span class='ocr_line' id='line_1_113' title="bbox 2148 4922 3412 4993; baseline -0.003 -13"><span class='ocrx_word' id='word_1_676' title='bbox 2148 4926 2219 4981; x_wconf 86' lang='lat' dir='ltr'><strong>Se</strong></span> <span class='ocrx_word' id='word_1_677' title='bbox 2248 4924 2448 4980; x_wconf 89' lang='lat' dir='ltr'><strong>frustra</strong></span> <span class='ocrx_word' id='word_1_678' title='bbox 2473 4924 2668 4980; x_wconf 86' lang='lat' dir='ltr'><strong>Carolo</strong></span> <span class='ocrx_word' id='word_1_679' title='bbox 2696 4938 2921 4993; x_wconf 90' lang='lat' dir='ltr'><strong>sperans</strong></span> <span class='ocrx_word' id='word_1_680' title='bbox 2946 4922 3208 4976; x_wconf 89' lang='lat' dir='ltr'><strong>obsistere</strong></span> <span class='ocrx_word' id='word_1_681' title='bbox 3232 4936 3412 4991; x_wconf 85' lang='lat' dir='ltr'><strong>posse,</strong></span> 
     </span>
    </p>
   </div>
   <div class='ocr_carea' id='block_1_114' title="bbox 2058 5011 3379 5091">
    <p class='ocr_par' dir='ltr' id='par_1_114' title="bbox 2058 5011 3379 5091">
     <span class='ocr_line' id='line_1_114' title="bbox 2058 5011 3379 5091; baseline -0.006 -19"><span class='ocrx_word' id='word_1_682' title='bbox 2058 5082 2067 5091; x_wconf 29' lang='grc' dir='ltr'>θ</span> <span class='ocrx_word' id='word_1_683' title='bbox 2147 5016 2449 5085; x_wconf 86' lang='lat' dir='ltr'><strong>Congressu</strong></span> <span class='ocrx_word' id='word_1_684' title='bbox 2482 5015 2705 5070; x_wconf 91' lang='lat' dir='ltr'><strong>necdum</strong></span> <span class='ocrx_word' id='word_1_685' title='bbox 2734 5012 2902 5079; x_wconf 91' lang='lat' dir='ltr'><strong>facto,</strong></span> <span class='ocrx_word' id='word_1_686' title='bbox 2925 5021 3131 5068; x_wconf 87' lang='lat' dir='ltr'><strong>terrore</strong></span> <span class='ocrx_word' id='word_1_687' title='bbox 3154 5011 3379 5082; x_wconf 85' lang='lat' dir='ltr'><strong>fugavit,</strong></span> 
     </span>
    </p>
   </div>
   <div class='ocr_carea' id='block_1_115' title="bbox 2147 5103 3539 5173">
    <p class='ocr_par' dir='ltr' id='par_1_115' title="bbox 2147 5103 3539 5173">
     <span class='ocr_line' id='line_1_115' title="bbox 2147 5103 3539 5173; baseline -0.004 -10"><span class='ocrx_word' id='word_1_688' title='bbox 2147 5108 2217 5163; x_wconf 82' lang='lat' dir='ltr'><strong>Et</strong></span> <span class='ocrx_word' id='word_1_689' title='bbox 2239 5109 2480 5164; x_wconf 89' lang='lat' dir='ltr'><strong>clausum</strong></span> <span class='ocrx_word' id='word_1_690' title='bbox 2508 5107 2718 5170; x_wconf 86' lang='lat' dir='ltr'><strong>Ticino,</strong></span> <span class='ocrx_word' id='word_1_691' title='bbox 2749 5107 2834 5161; x_wconf 93' lang='lat' dir='ltr'><strong>cui</strong></span> <span class='ocrx_word' id='word_1_692' title='bbox 2864 5120 3007 5159; x_wconf 90' lang='lat' dir='ltr'><strong>nunc</strong></span> <span class='ocrx_word' id='word_1_693' title='bbox 3036 5113 3119 5159; x_wconf 88' lang='lat' dir='ltr'><strong>est</strong></span> <span class='ocrx_word' id='word_1_694' title='bbox 3147 5103 3310 5173; x_wconf 85' lang='lat' dir='ltr'><strong>Papia</strong></span> <span class='ocrx_word' id='word_1_695' title='bbox 3336 5118 3539 5165; x_wconf 85' lang='lat' dir='ltr'><strong>nomen,</strong></span> 
     </span>
    </p>
   </div>
   <div class='ocr_carea' id='block_1_116' title="bbox 2147 5196 3378 5274">
    <p class='ocr_par' dir='ltr' id='par_1_116' title="bbox 2147 5196 3378 5274">
     <span class='ocr_line' id='line_1_116' title="bbox 2147 5196 3378 5274; baseline -0.008 -15"><span class='ocrx_word' id='word_1_696' title='bbox 2147 5203 2351 5274; x_wconf 78' lang='lat' dir='ltr'><strong>Regius</strong></span> <span class='ocrx_word' id='word_1_697' title='bbox 2378 5200 2608 5257; x_wconf 88' lang='lat' dir='ltr'><strong>admotis</strong></span> <span class='ocrx_word' id='word_1_698' title='bbox 2632 5199 2903 5254; x_wconf 83' lang='lat' dir='ltr'><strong>exercitus</strong></span> <span class='ocrx_word' id='word_1_699' title='bbox 2926 5197 3163 5265; x_wconf 88' lang='lat' dir='ltr'><strong>undique</strong></span> <span class='ocrx_word' id='word_1_700' title='bbox 3182 5196 3378 5250; x_wconf 81' lang='lat' dir='ltr'><strong>castris</strong></span> 
     </span>
    </p>
   </div>
   <div class='ocr_carea' id='block_1_117' title="bbox 2216 5381 3410 5453">
    <p class='ocr_par' dir='ltr' id='par_1_117' title="bbox 2216 5381 3410 5453">
     <span class='ocr_line' id='line_1_117' title="bbox 2216 5381 3410 5453; baseline 0 0"><span class='ocrx_word' id='word_1_701' title='bbox 2216 5383 2244 5423; x_wconf 71' lang='grc' dir='ltr'><strong><em>ἀ</em></strong></span> <span class='ocrx_word' id='word_1_702' title='bbox 2276 5382 2469 5453; x_wconf 55' lang='lat' dir='ltr'><strong>Han&quot;!</strong></span> <span class='ocrx_word' id='word_1_703' title='bbox 2488 5381 2840 5453; x_wconf 62' lang='grc' dir='ltr'><strong>σκαιφαηιίτ</strong></span> <span class='ocrx_word' id='word_1_704' title='bbox 3035 5449 3052 5453; x_wconf 83' lang='grc'><strong>-</strong></span> <span class='ocrx_word' id='word_1_705' title='bbox 3148 5449 3158 5453; x_wconf 85' lang='grc'><strong>-</strong></span> <span class='ocrx_word' id='word_1_706' title='bbox 3267 5416 3287 5431; x_wconf 61' lang='grc' dir='ltr'><strong>ε·</strong></span> <span class='ocrx_word' id='word_1_707' title='bbox 3368 5419 3410 5453; x_wconf 65' lang='grc' dir='ltr'><em>,ρ</em></span> 
     </span>
    </p>
   </div>
   <div class='ocr_carea' id='block_1_118' title="bbox 2225 5443 3668 5521">
    <p class='ocr_par' dir='ltr' id='par_1_118' title="bbox 2225 5443 3668 5521">
     <span class='ocr_line' id='line_1_118' title="bbox 2225 5443 3668 5521; baseline -0.013 -13"><span class='ocrx_word' id='word_1_708' title='bbox 2225 5466 2248 5494; x_wconf 71' lang='grc' dir='ltr'>ε</span> <span class='ocrx_word' id='word_1_709' title='bbox 2277 5452 2374 5507; x_wconf 84' lang='lat' dir='ltr'><strong>Cui</strong></span> <span class='ocrx_word' id='word_1_710' title='bbox 2396 5443 2592 5521; x_wconf 68' lang='lat' dir='ltr'><strong>plaéuit</strong></span> <span class='ocrx_word' id='word_1_711' title='bbox 2623 5451 2677 5506; x_wconf 74' lang='grc'>2.</span> <span class='ocrx_word' id='word_1_712' title='bbox 2720 5451 3010 5521; x_wconf 85' lang='lat' dir='ltr'><strong>Antiquam</strong></span> <span class='ocrx_word' id='word_1_713' title='bbox 3035 5449 3324 5504; x_wconf 86' lang='lat' dir='ltr'><strong>lectionem</strong></span> <span class='ocrx_word' id='word_1_714' title='bbox 3352 5443 3573 5501; x_wconf 85' lang='lat' dir='ltr'><strong>divinare</strong></span> <span class='ocrx_word' id='word_1_715' title='bbox 3592 5447 3668 5490; x_wconf 76' lang='lat' dir='ltr'><strong>non</strong></span> 
     </span>
    </p>
   </div>
   <div class='ocr_carea' id='block_1_119' title="bbox 2149 5523 2544 5594">
    <p class='ocr_par' dir='ltr' id='par_1_119' title="bbox 2149 5523 2544 5594">
     <span class='ocr_line' id='line_1_119' title="bbox 2149 5523 2544 5594; baseline -0.01 -15"><span class='ocrx_word' id='word_1_716' title='bbox 2149 5523 2378 5594; x_wconf 67' lang='lat' dir='ltr'><strong>amplius</strong></span> <span class='ocrx_word' id='word_1_717' title='bbox 2401 5523 2544 5578; x_wconf 90' lang='lat' dir='ltr'><strong>licet.</strong></span> 
     </span>
    </p>
   </div>
   <div class='ocr_carea' id='block_1_120' title="bbox 2229 5593 2524 5661">
    <p class='ocr_par' dir='ltr' id='par_1_120' title="bbox 2229 5593 2524 5661">
     <span class='ocr_line' id='line_1_120' title="bbox 2229 5593 2524 5661; baseline -0.014 -14"><span class='ocrx_word' id='word_1_718' title='bbox 2229 5593 2249 5635; x_wconf 66' lang='grc' dir='ltr'><strong>ί</strong></span> <span class='ocrx_word' id='word_1_719' title='bbox 2278 5593 2368 5661; x_wconf 80' lang='lat' dir='ltr'><strong>R.,</strong></span> <span class='ocrx_word' id='word_1_720' title='bbox 2392 5603 2524 5647; x_wconf 74' lang='lat' dir='ltr'><strong>tuto.</strong></span> 
     </span>
    </p>
   </div>
  </div>
