3868 6170
130 328 233 384 689
470 324 723 380 ANNAL.
764 325 853 381 DE
888 324 1135 381 GESTlS
1174 325 1234 381 Β.
1273 322 1523 381 CAROLI
1564 322 1626 379 Μ.

1816 324 1996 381 LIBRI
2038 302 2102 382 v.
2141 310 2212 366 -'—
2247 278 2957 384 νιτᾹεΑιιοιιΓ-έ-ιηι.
2999 327 3039 382 ι.

128 438 367 500 Obsedit,
396 437 666 506 variisque
693 436 863 491 modis
890 452 989 506 per
1011 436 1240 507 plurima
1269 445 1540 507 temptans

129 526 411 598 Temporis
434 526 648 585 hiberni
674 526 850 596 spatio
887 527 1161 581 molimina
1191 535 1325 589 toto,

128 621 241 677 Non
267 620 418 675 urbis
444 626 660 688 poterat
689 633 874 672 muros
902 618 1204 688 irrumpere
1231 616 1392 673 ferro.

588 709 741 764 Anno
769 709 895 764 774.
929 707 1127 763 Indict.
1163 710 1247 764 ll.

126 804 284 860 Tales
311 802 512 861 italicis
532 803 661 857 dum
686 817 775 857 res
802 811 1092 871 agerentur
1112 802 1165 856 in
1188 802 1340 859 horis
1356 816 1409 868 ﬂ,

127 894 369 950 Saxones
397 891 501 947 sibi
531 892 813 962 contiguos
837 891 1091 946 invadere
1122 890 1256 946 lines

123 984 250 1039 Ausi
279 982 640 1048 Francorum,
661 997 858 1052 pagum
879 982 972 1052 qui
999 982 1200 1038 dicitur
1220 983 1377 1038 llassi

126 1076 477 1139 Praedantur,
500 1073 839 1145 ﬂammisque
869 1074 1031 1129 simul
1067 1076 1392 1147 populantur
1432 1086 1488 1131 et
1523 1078 1709 1131 armis.

126 1165 263 1231 Quos
288 1164 555 1219 animavit
585 1163 652 1218 ad
680 1164 784 1219 hoc
812 1163 1107 1236 longinqua
1134 1166 1402 1236 profectio
1432 1169 1574 1237 regis
1591 1208 1605 1229 ,

125 1254 737 1313 Credentesulciscendi
768 1255 869 1311 sibi
901 1264 1030 1313 tunc
1059 1255 1175 1312 fore
1203 1266 1415 1329 tempus

127 1349 341 1411 Damna,
375 1346 527 1416 prius
553 1360 651 1415 per
677 1361 805 1401 eum
833 1361 940 1417 que
968 1347 1204 1401 maxima
1237 1347 1563 1403 sustinuere.

125 1436 214 1502 Qui
243 1444 429 1489 tamen
459 1449 632 1505 usque
660 1434 839 1490 locum
869 1435 963 1506 qui
989 1434 1302 1491 Frideshlar
1332 1436 1599 1490 vocitatur

126 1526 424 1598 Progressi,
455 1525 728 1596 quandam
756 1525 1043 1595 cupierunt
1068 1525 1283 1581 tradere
1313 1524 1543 1580 ﬂammis

126 1617 434 1684 Ecclesiam,
463 1632 627 1687 quam
655 1618 891 1672 sacravit
914 1617 1222 1673 Bonifacius
1251 1619 1358 1674 illic

124 1709 299 1763 Martir
327 1716 386 1764 et
414 1708 645 1763 antistes
672 1708 893 1765 Christo
922 1708 1151 1767 dilectus
1180 1711 1235 1765 in
1258 1727 1470 1767 aevum.

124 1799 224 1855 Hoc
251 1799 457 1855 frustra
487 1800 635 1854 uisos
664 1798 876 1854 facinus
904 1801 1174 1871 complere
1203 1801 1515 1869 nefandum,

124 1890 306 1947 Invasit
334 1890 519 1945 subito
555 1896 734 1945 terror
759 1891 1018 1947 divinitus
1046 1891 1256 1964 ingens,

124 1983 280 2063 Atque
312 1981 441 2052 fuga
470 1982 617 2051 turpi
648 1982 888 2053 trepidos
917 1983 1180 2053 repedare
1211 1983 1388 2056 coégit

125 2074 191 2129 Ad
218 2073 474 2144 patriam,
505 2088 644 2143 quos
673 2088 782 2129 non
811 2074 1017 2141 hostes,
1044 2090 1151 2130 non
1181 2091 1332 2130 arma
1359 2075 1631 2147 fugarunt.

124 2166 180 2219 At
201 2181 320 2232 rex,
347 2166 627 2236 dispositis
652 2164 955 2236 legionibus
980 2164 1048 2221 ad
1075 2165 1421 2233 Ticincnsum
1445 2167 1474 2207 ι’

123 2256 399 2311 Obsidione
424 2255 536 2328 iugi
560 2255 815 2326 populum
843 2253 1091 2326 belloque
1116 2256 1490 2325 premendum,

124 2346 309 2401 Orandi
341 2361 509 2401 causa
532 2344 703 2401 Rome
734 2344 855 2401 loca
883 2356 1067 2401 sancta
1094 2346 1305 2416 petivit.

124 2438 220 2493 Illic
244 2436 583 2509 supplicibus
604 2436 746 2493 votis
775 2454 844 2493 ex
868 2437 1032 2493 corde
1062 2439 1319 2507 peractis,

124 2531 192 2585 Ad
222 2530 478 2585 Ticinum
507 2528 689 2595 rediit,
720 2543 826 2599 que
853 2528 960 2583 iam
987 2528 1283 2584 certamine
1314 2527 1475 2600 longo

124 2620 269 2677 Fessa
298 2618 641 2691 repugnandi
666 2619 813 2675 vires
841 2619 1100 2674 amiserat
1126 2633 1334 2674 omnes.

126 2712 298 2768 Dedita
330 2720 446 2767 tum
474 2710 702 2767 Francis
728 2712 863 2768 haec
889 2713 1019 2767 urbs
1041 2712 1361 2778 clarissima,
1393 2714 1602 2768 cunctis

125 2803 369 2874 Exemplo
397 2800 577 2858 fuerat
604 2802 853 2873 reliquis;
888 2818 1011 2858 nam
1042 2804 1287 2873 protinus
1314 2820 1505 2860 omnes

126 2896 469 2953 Tradiderant
491 2894 687 2952 Carolo
716 2911 835 2952 sese
861 2897 1202 2953 concorditer
1226 2897 1386 2953 urbes

125 2983 368 3043 Eiusdem
400 2987 575 3059 regni,
600 2987 745 3059 quod
769 2987 878 3042 iam
900 2988 1002 3044 sibi
1035 2988 1152 3045 iure
1181 2988 1464 3044 subactum

127 3072 409 3145 Disposuit,
439 3085 704 3148 quantum
730 3078 905 3148 potuit
929 3093 1029 3148 pro
1052 3087 1294 3147 tempore
1317 3077 1438 3135 tali.

125 3167 196 3221 Ad
216 3170 370 3226 sedes
395 3171 598 3225 etenim
622 3170 848 3240 cupiens
875 3184 1117 3225 remeare
1144 3178 1413 3241 paternas,

125 3259 464 3319 Accelerahat
492 3263 615 3328 iter,
646 3278 834 3319 secum
860 3262 1061 3319 ducens
1087 3272 1448 3318 memoratum

125 3350 289 3409 Italiae
317 3369 525 3425 negem,
550 3353 763 3409 naviter
786 3367 947 3424 quem
977 3361 1230 3433 coeperat
1254 3353 1437 3408 armis.

126 3442 213 3500 llic
237 3446 605 3503 humanarum
632 3445 817 3504 videas
845 3445 1074 3501 ludibria
1103 3461 1306 3511 rerum,

123 3539 280 3605 Quam
304 3542 459 3598 vario
481 3556 648 3598 cursu
674 3541 816 3596 vitae
839 3548 957 3596 rota
982 3539 1219 3596 volvitur
1251 3539 1411 3596 huius
1435 3557 1447 3592 :

126 3631 377 3691 Hesterno
400 3632 718 3689 Desiderius
752 3631 1055 3688 diademate
1085 3632 1237 3704 regni

126 3722 337 3789 Flaruit,
367 3739 436 3780 en
466 3723 627 3780 hodie
651 3732 736 3780 est
762 3737 988 3794 pauper,
1017 3723 1263 3794 captivus
1291 3731 1346 3779 ct
1373 3723 1519 3779 exul.

127 3814 279 3887 Filius
309 3815 479 3879 illius,
511 3813 836 3886 cognomine
860 3814 1037 3870 dictus
1063 3813 1305 3886 Adalgis,

128 3907 241 3961 Cum
259 3905 637 3977 Langobardis
664 3905 719 3960 in
748 3920 815 3961 eo
843 3919 967 3975 spes
999 3904 1175 3975 ampla
1205 3913 1466 3969 maneret,

129 3994 366 4053 Diﬂiilens
394 3996 557 4052 rebus
583 3994 815 4066 patriae,
845 4011 906 4051 se
931 3994 1161 4051 contulit
1190 3995 1313 4050 inde

129 4087 199 4141 Ad
222 4086 657 4152 Constantinum,
686 4085 984 4142 Grecorum
1011 4092 1224 4155 sceptra
1260 4094 1533 4158 regentem
1552 4104 1625 4171 ;,,

127 4182 163 4235 Δ
187 4199 287 4253 quo
315 4182 585 4254 patricius
612 4179 897 4253 praeclaro
925 4195 1151 4235 munere
1179 4177 1379 4244 factus,

129 4271 227 4327 lloe
253 4274 305 4328 in
332 4262 542 4328 honore
567 4286 698 4327 suae
726 4269 1030 4342 permansit
1053 4270 1120 4325 ad
1143 4269 1332 4325 ultima
1357 4270 1519 4325 vitae.

128 4360 229 4417 Rex
255 4352 435 4418 autem
460 4362 689 4419 Carolus
718 4361 961 4426 veniens,
998 4359 1128 4415 dum
1160 4360 1407 4431 cognitus
1440 4361 1558 4416 eius

129 4453 277 4510 Velox
304 4455 576 4511 adventus
602 4468 703 4510 nec
730 4453 856 4509 dum
883 4451 1187 4508 Saxonibus
1210 4460 1382 4515 esset,

126 4543 357 4611 Fecerat,
382 4553 444 4601 ut
471 4544 667 4616 triplex
695 4543 969 4600 exercitus
993 4543 1048 4597 in
1079 4541 1325 4613 regiones

126 4636 327 4695 Illorum
353 4639 580 4704 missus,
608 4636 792 4692 multis
824 4635 1089 4706 afﬂigeret
1120 4636 1265 4708 ipsos

126 4728 344 4787 Cedihus
370 4745 438 4785 ac
461 4729 700 4801 praedis,
731 4728 850 4784 loca
880 4726 1115 4796 denique
1140 4725 1371 4796 plurima
1400 4733 1616 4780 vastans

128 4817 249 4877 Hinc
271 4829 359 4878 est
385 4836 513 4878 cum
541 4819 726 4893 spoliis
753 4819 928 4875 victor
953 4833 1233 4889 regressus
1252 4817 1448 4888 opimis

574 4911 725 4966 Anno
764 4910 888 4966 775.
922 4909 1120 4965 India.
1149 4910 1235 4966 12.

129 4999 226 5058 Rex
250 5004 449 5060 hiemis
481 5012 697 5074 tempus
721 5002 928 5059 ducens
951 5003 1005 5058 in
1031 4992 1330 5068 Carisiaco,

130 5094 341 5154 Nomine
360 5114 471 5169 quo
494 5098 728 5168 quedam
755 5098 955 5170 regalis
984 5096 1108 5152 villa
1138 5105 1382 5160 vocatur,
1488 5099 1509 5143 β

130 5185 243 5244 illuc
259 5189 593 5246 Francon
617 5203 877 5259 proceres
904 5194 1186 5257 totumque
1213 5195 1462 5242 senatum

128 5278 406 5348 Convocat,
433 5295 501 5336 ac
527 5278 755 5336 multum
783 5286 1027 5334 tractans
1054 5277 1121 5333 de
1148 5278 1312 5332 rebus
1333 5276 1575 5349 agendis,

132 5371 189 5427 Et
216 5376 397 5442 variis,
426 5374 626 5446 quibus
648 5371 879 5445 indiguit
912 5386 1001 5427 res
1026 5369 1263 5440 publica,
1290 5368 1455 5441 curis,

131 5467 366 5540 Inprimis
391 5444 813 5527 hoc‘consilium
848 5466 1165 5537 perhibetur
1187 5464 1373 5530 inisse,

135 5558 194 5614 lit
217 5563 411 5633 iugiter
434 5561 633 5618 bellum
657 5558 963 5614 Saxonibus
990 5558 1348 5629 ingereretur,

197 5707 218 5733 ³
243 5696 294 5751 il
319 5708 404 5752 est
430 5701 559 5752 oris.

197 5715 218 5733 -
244 5715 260 5749 ι
284 5715 293 5751 l
319 5715 404 5753 ρει
430 5716 559 5753 om.

197 5765 221 5805 δ
251 5767 575 5825 Ticinensum
608 5768 771 5841 genit.
805 5766 968 5838 plur.;
1000 5766 1218 5822 Rcincc.
1257 5763 1599 5819 Tirincnsem.

1739 442 1784 500 Α
1813 437 1960 505 Quos
1986 448 2246 509 expertus
2274 448 2393 496 erat
2419 441 2544 496 fidei
2570 442 2653 497 vel
2680 442 2915 500 foederis
2943 444 3121 499 omnis

1823 527 2186 596 Immemores,
2218 547 2494 602 nunquam
2523 534 2625 588 sub
2651 547 2786 602 pace
2814 535 3095 603 quiescere
3128 534 3282 591 vele.

1821 620 1958 677 Hinc
1984 623 2195 687 statuit,
2220 624 2438 693 requies
2462 624 2569 680 illis
2598 633 2659 679 ut
2688 626 2832 681 nulla
2857 626 3103 692 daretur,

1819 710 2000 767 Donec
2027 713 2213 782 gentili
2248 712 2356 769 ritu
2385 715 2644 785 cultuque
2670 717 2880 782 relicto,

1817 802 2139 860 Christicole
2168 805 2382 872 fierent,
2411 815 2506 862 aut
2534 807 2853 864 delerentur
2875 810 2929 864 in
2955 824 3147 866 aevum

1817 892 1862 948 Ο
1888 893 2063 964 pietas
2094 896 2376 953 benedicta
2398 897 2514 965 Dei,
2539 914 2680 968 quae
2700 898 2813 954 vult
2844 916 3013 972 genus
3034 918 3198 959 omne

1816 981 2122 1039 Humanum
2154 984 2270 1040 fieri
2293 986 2522 1055 salvum,
2550 989 2677 1059 quia
2705 1001 2933 1046 noverat
2959 993 3117 1051 huius

1815 1073 1932 1129 Non
1964 1075 2121 1132 aliter
2148 1078 2325 1148 gentis
2352 1079 2549 1135 molliri
2579 1089 2803 1150 pectora
2833 1097 3011 1152 posse,

1814 1163 2059 1221 Disceret
2086 1174 2144 1221 ut
2173 1168 2359 1223 cervix
2396 1169 2678 1227 reﬂectere
2703 1170 2836 1227 dura
2862 1172 3095 1242 rigorem

1813 1255 2131 1329 lngenitum,
2162 1260 2387 1331 mitique
2414 1262 2541 1334 iugo
2570 1278 2630 1319 se
2657 1264 2891 1345 subdere
2915 1263 3136 1321 Christi.

1813 1346 1894 1401 Ob
1919 1347 2021 1403 hoc
2049 1348 2324 1406 doctorem
2350 1352 2512 1407 talem
2543 1352 2773 1423 fideique
2800 1354 3139 1425 magistrum,

1815 1435 2037 1493 Scilicet
2060 1439 2325 1511 insignem
2350 1440 2600 1498 Carolum
2628 1445 2844 1499 donavit
2868 1446 3096 1511 eisdem,

1813 1528 1913 1596 Qui
1939 1530 2080 1586 bello
2101 1542 2390 1601 premeret,
2414 1550 2551 1604 quos
2584 1552 2689 1591 non
2723 1539 2932 1594 ratione
2964 1539 3231 1604 domaret,

1814 1615 2011 1688 Sicque
2043 1621 2125 1674 vel
2154 1620 2354 1679 invitos
2376 1624 2569 1679 salvari
2598 1637 2816 1696 cogeret
2846 1628 3022 1699 ipsos.

1816 1708 1929 1765 Hoc
1954 1711 2272 1781 inspiratum
2305 1716 2455 1771 cordi
2483 1716 2742 1774 divinitus
2769 1721 2888 1776 eius

1741 1789 1784 1851 Β
1815 1801 1959 1858 Utile
1984 1805 2268 1861 consilium
2293 1808 2622 1875 comitantur
2647 1818 2868 1867 strenua
2896 1813 3059 1870 facta.

1810 1892 2018 1963 Quippe
2039 1895 2204 1952 duces
2234 1898 2520 1968 omnisque
2543 1900 2704 1956 simul
2733 1902 2940 1958 delecta
2972 1904 3223 1959 iuventus

1808 1983 1889 2038 Ad
1915 1984 2136 2041 Duriam
2166 1987 2342 2043 vicum
2370 1998 2664 2059 properant
2689 2006 2703 2045 :
2734 2008 2861 2047 nam
2894 2008 3018 2064 rege
3051 1995 3267 2050 iubente

1807 2074 1920 2130 Illic
1939 2087 2246 2150 conventus
2272 2080 2450 2149 populi
2477 2081 2745 2153 generalis
2772 2084 3022 2139 habetur.
3094 2108 3108 2121 -

1806 2164 1984 2236 Atque
2006 2167 2202 2223 dehinc
2225 2171 2414 2241 grandi
2449 2173 2769 2228 transmisso
2797 2171 3018 2230 ﬂumine
3039 2174 3249 2238 Rheno,

1810 2257 2083 2315 Saxonum
2110 2259 2337 2317 Carolus
2372 2263 2506 2319 lines
2535 2265 2805 2319 hostiliter
2826 2264 2992 2320 intrat

1807 2351 1885 2405 Ac
1906 2351 2080 2421 primo
2103 2350 2358 2425 Sigiburg
2380 2354 2661 2411 castellum
2691 2356 2888 2426 coepit,
2913 2364 2967 2412 et
2997 2357 3122 2413 inde

1809 2440 2079 2513 Ereshurg
2103 2442 2276 2513 petiit,
2311 2459 2473 2514 quam
2494 2453 2709 2514 captam
2735 2444 2974 2501 diximus
2998 2447 3206 2501 urbem.

1810 2529 1919 2587 Sed
1945 2548 2013 2589 ne
2037 2534 2307 2604 praesidio
2328 2534 2554 2591 Francis
2580 2535 2697 2592 fore
2723 2545 2927 2607 posset,
2956 2537 3185 2592 eandem

1808 2619 2060 2691 lndigene
2087 2623 2511 2678 destruxerunt:
2541 2623 2681 2680 hanc
2710 2625 2941 2696 denique
2971 2640 3162 2681 rursus

1810 2710 2057 2780 Munivit,
2084 2714 2373 2785 posuitque
2399 2730 2527 2772 suas
2558 2715 2669 2772 illic
2695 2716 2970 2789 legiones;

1807 2799 1934 2855 Inde
1961 2801 2129 2870 gradu
2155 2802 2319 2858 celeri
2348 2802 2621 2860 Wisuram
2651 2805 2899 2877 pervenit
2921 2806 2989 2862 ad
3014 2822 3251 2861 amnem.

1807 2894 1906 2950 Cui
1937 2895 2085 2951 iuxta
2114 2906 2350 2953 montem
2380 2898 2471 2968 qui
2496 2898 2868 2973 Brunes-herg
2890 2900 3187 2967 vocitatur,

1808 2984 1975 3041 Obvia
2007 3002 2197 3058 magna
2228 2987 2331 3044 fuit
2356 2991 2579 3060 cupiens
2601 2992 2865 3048 obsistere
2895 2994 3068 3057 turba,

1811 3077 1886 3132 Ne
1908 3075 2125 3132 ﬂuvium
2153 3078 2428 3146 transiret,
2458 3088 2513 3136 et
2542 3079 2647 3137 hoc
2680 3081 2964 3137 conamine
2993 3097 3164 3137 casso.

1730 3139 1777 3202 θ
1808 3165 1967 3237 Fugit
1995 3166 2138 3221 enim
2162 3168 2340 3236 primo
2368 3139 2550 3224 statim
2580 3171 2878 3226 certamine
2908 3171 3078 3240 pulsa,

1804 3253 2228 3324 lunumerosque
2259 3255 2346 3311 die
2381 3255 2583 3312 ferrum
2617 3248 2985 3328 prostraverat
3013 3258 3123 3313 illo.

1806 3346 1934 3401 lude
1963 3360 2187 3402 movens
2212 3347 2437 3404 Carolus
2466 3348 2716 3420 regiones
2742 3350 2890 3407 venit
2913 3352 2979 3404 ad
3006 3351 3147 3416 illas,

1805 3434 1952 3502 Quas
1977 3434 2267 3492 Osterliudi
2294 3449 2316 3476 ε
2344 3438 2595 3504 retinent,
2627 3438 2873 3508 seditque
2901 3438 3091 3494 locatis

1804 3524 1885 3580 Ad
1911 3523 2132 3582 ﬂuvium
2158 3527 2375 3594 castris,
2400 3527 2494 3598 qui
2523 3543 2668 3584 nunc
2692 3526 2931 3585 Ovaecra
2958 3537 3200 3585 vocatur.

1806 3618 1958 3675 Tunc
1981 3619 2057 3675 illi
2088 3620 2325 3691 quidam,
2358 3620 2451 3691 qui
2477 3620 2543 3677 de
2567 3620 2898 3705 primoribus
2925 3620 3042 3676 eius

1805 3710 1996 3768 Gentis
2020 3720 2159 3779 erat,
2191 3712 2417 3782 supplex
2444 3713 2685 3768 occurrit
2714 3712 2933 3768 nomine
2966 3710 3145 3779 Hessi,

1804 3804 1983 3862 Partis
2012 3814 2066 3861 et
2094 3804 2237 3860 illius
2265 3804 2471 3876 pariter
2502 3803 2656 3876 plebs
2688 3805 2849 3862 obvia
2881 3812 2992 3861 tota

1807 3899 2057 3961 Venerat,
2097 3898 2484 3971 obsidibusque
2510 3899 2653 3956 datis
2678 3915 2817 3971 quos
2848 3901 3083 3957 iusserat
3114 3902 3253 3971 ipse,

1807 3990 1877 4046 Sc
1899 4006 2118 4046 servare
2144 3992 2302 4047 fidem
2332 3993 2441 4065 regi
2468 4008 2566 4064 per
2590 3993 2826 4050 maxima
2853 3995 3120 4065 spondent

1804 4082 2129 4138 luramenta.
2162 4083 2367 4150 Quibus
2394 4085 2603 4139 cunctis
2632 4085 2737 4140 hoc
2763 4086 2956 4141 ordine
2990 4087 3176 4157 gestis,

1803 4172 1860 4226 ln
1887 4188 2081 4244 pagum
2103 4175 2281 4241 rediit,
2308 4191 2466 4246 quem
2499 4173 2685 4232 dicunt
2709 4176 2926 4231 nomine
2949 4175 3140 4230 Bukki.

1803 4263 1919 4321 lllic
1947 4280 2237 4322 occurrere
2265 4268 2429 4323 duces
2457 4266 2614 4322 simul
2644 4246 3039 4338 Angariorum'

1804 4357 1938 4412 Cum
1968 4358 2183 4429 populo,
2217 4358 2487 4429 similique
2515 4358 2674 4413 modo
2699 4357 2974 4429 regalibus
3001 4372 3191 4411 onmcs

1726 4484 1780 4544 Ι)
1807 4450 1944 4504 Dum
1968 4457 2161 4520 parent
2190 4450 2372 4516 iussis,
2404 4449 2828 4519 iuramentisque
2855 4446 3038 4503 ﬁdeles

1808 4540 1881 4597 Se
1908 4540 2024 4597 fore
2051 4539 2399 4606 conﬁrmant,
2431 4540 2661 4595 reditum
2693 4547 2851 4610 parat
2877 4539 3002 4593 ilico
3033 4537 3224 4593 victor.

1805 4630 2014 4686 Interea
2037 4631 2188 4686 iuxta
2214 4629 2740 4689 Wisuram,dimissa
2770 4631 3023 4686 manebat

1806 4723 1940 4780 Pars
1960 4725 2295 4780 exercituum
2323 4725 2485 4796 regis,
2516 4723 2668 4780 locus
2698 4723 2812 4796 ipse
2841 4732 3065 4780 vocatur

1807 4815 2077 4884 Hlidbeki,
2108 4833 2216 4889 quo
2242 4819 2438 4875 castris
2466 4816 2605 4874 idem
2634 4818 2825 4875 sedere
2853 4818 3063 4874 locatis.

1809 4909 1914 4966 Sed
1945 4910 2085 4968 male
2115 4926 2335 4968 securos
2366 4927 2453 4967 res
2478 4926 2737 4982 prospera
2764 4910 2968 4967 fecerat
3000 4910 3140 4978 illos,

1806 5004 1921 5072 Qua
1952 5016 2044 5058 rex
2079 5019 2210 5058 usus
2233 5011 2368 5069 erat,
2393 5019 2516 5058 cum
2538 5004 2749 5060 cunctis
2771 5003 3017 5059 hostibus
3043 5010 3185 5060 esset

1808 5098 2049 5164 Tcrrori,
2080 5098 2189 5152 iam
2221 5106 2348 5153 tunc
2377 5099 2611 5154 audente
2642 5100 2897 5156 resistere
2921 5101 3088 5154 nullo.

1806 5189 1946 5246 Hinc
1964 5199 2084 5262 erat
2108 5190 2162 5245 in
2186 5190 2383 5247 castris
2406 5191 2616 5247 cautela
2647 5192 2928 5249 remissior
2954 5193 3078 5256 illis,

1810 5283 1879 5340 Ut
1909 5291 2127 5353 possent
2153 5282 2320 5339 nimia
2352 5282 2626 5340 Saxonum
2655 5283 2844 5342 fraude
2870 5285 3073 5340 noceri.
3169 5342 3177 5352 ι

1808 5376 1902 5430 Sol
1936 5390 2147 5431 summo
2169 5375 2304 5431 coeli
2336 5391 2539 5446 pronus
2563 5376 2821 5448 vergebat
2854 5375 2922 5428 ab
2952 5389 3075 5435 axe,

1808 5468 1875 5522 Et
1904 5468 2238 5537 vespertinas
2269 5468 2374 5522 iam
2405 5469 2626 5525 tendere
2647 5466 2826 5536 coepit
2853 5465 2919 5519 ad
2953 5466 3142 5526 horas;

1808 5557 1959 5612 Tunc
1983 5566 2040 5610 ut
2065 5557 2221 5627 equis
2247 5557 2467 5627 quidam
2495 5555 2771 5614 deferrent
2796 5551 2987 5624 pabula
3019 5551 3198 5621 longe,

1880 5705 1900 5729 υ
1938 5690 2028 5755 3.,
2058 5688 2362 5759 Osterlingi.
2437 5710 2441 5715 υ

3302 330 3407 386 690
