3880 6170
413 328 517 385 691

418 443 499 499 De
525 439 719 497 castris
746 439 903 510 prius
923 438 1132 511 egressi
1155 438 1359 508 pariter
1383 439 1681 494 redierunt.

423 530 521 586 His
548 544 607 587 se
632 528 905 585 Saxonum
932 528 1203 597 quoddam
1230 529 1549 598 permiscuit
1572 543 1788 600 agmen,

419 620 744 693 Fingentum
775 627 947 675 semet
967 619 1145 675 socios
1170 619 1463 689 animoque
1492 619 1700 675 fideles.

421 711 558 766 Tum
587 726 646 767 se
670 711 898 781 quisque
926 725 1067 767 novo
1094 711 1291 767 blande
1316 711 1561 767 sociabat
1588 710 1787 776 amico,

417 802 601 857 Hostis
629 815 736 871 quo
764 817 958 857 saevus
983 802 1143 857 latuit
1167 804 1268 859 sub
1296 802 1516 857 nomine
1546 810 1742 857 tectus.

416 890 843 961 Adhibitumque
871 890 1037 947 fidem
1060 892 1249 947 verbis
1269 891 1553 947 fallacibus
1578 898 1740 961 auget

416 979 788 1050 Obsequium;
811 981 993 1037 cuncti
1018 982 1178 1038 simul
1208 982 1263 1036 in
1291 997 1577 1038 commune
1603 981 1877 1047 laborant,

417 1069 555 1128 Pars
577 1072 862 1128 subvectat
887 1086 1026 1137 onus
1052 1072 1244 1128 viridis
1273 1072 1435 1128 simul
1460 1081 1694 1142 utraque
1717 1071 1882 1128 foeni.

422 1162 516 1219 Sc
540 1163 860 1235 introgressi
888 1163 1221 1219 Francorum
1250 1171 1430 1220 castra
1460 1162 1658 1231 dolosi,

422 1254 576 1323 Quod
601 1255 658 1310 vi
685 1271 792 1311 non
824 1264 1099 1326 poterant,
1120 1264 1349 1328 egerunt
1378 1264 1524 1323 arte;
1551 1257 1646 1313 sed
1665 1256 1794 1313 olim

421 1347 521 1402 Est
539 1347 751 1403 dictum
764 1366 786 1399 ι
803 1348 977 1425 Dolus
989 1363 1059 1403 an
1077 1349 1272 1414 virtus,
1297 1349 1421 1425 quis
1444 1350 1496 1404 in
1510 1351 1668 1405 hoste
1689 1349 1968 1421 requirat?
1988 1370 2008 1399 ι

422 1439 720 1510 Dcpressos
744 1423 935 1496 somno
952 1439 1195 1496 Francos
1217 1423 1483 1496 instanter
1503 1441 1679 1499 adorti

426 1529 698 1597 Saxones,
722 1531 943 1586 caedem
970 1530 1193 1584 nimiam
1225 1529 1405 1587 fecere
1429 1530 1660 1597 feroces,

425 1622 609 1677 Donec
628 1620 873 1678 discusso
904 1622 1119 1678 tandem
1148 1628 1365 1692 torpore
1392 1622 1624 1693 soporis,

426 1713 658 1781 Quidam
682 1713 947 1783 correptis
974 1711 1192 1768 obstare
1214 1712 1447 1767 viriliter
1473 1713 1646 1767 armis

426 1805 759 1876 Coeperunt,
784 1818 1069 1876 pugnaque
1090 1803 1156 1859 de
1177 1803 1306 1858 hinc
1330 1810 1606 1872 utcunque
1633 1810 1871 1868 remota,

428 1895 652 1952 Scilicet
677 1911 745 1952 ex
773 1902 953 1965 pacto,
983 1894 1128 1966 quod
1152 1901 1283 1950 tunc
1304 1894 1553 1967 angustia
1577 1892 1705 1950 talis

427 1987 692 2053 Dictabat,
727 1989 912 2043 hostes
940 1985 1103 2042 ceibri
1131 1986 1343 2042 rediere
1371 2001 1620 2042 recursu.

428 2079 527 2136 IIis
553 2096 649 2156 rex
676 2079 878 2135 auditis
902 2077 1030 2134 illuc
1056 2092 1352 2148 properare
1378 2078 1602 2149 sategit,

425 2171 607 2243 Atque
631 2171 764 2227 satis
787 2169 944 2225 velox
974 2167 1275 2240 fugientum
1302 2176 1454 2239 terga
1476 2176 1717 2234 secutus,

426 2262 731 2318 Prostravit
760 2262 959 2318 multos
986 2268 1241 2317 auctores
1267 2259 1514 2316 criminis
1539 2260 1720 2316 huius.

426 2351 570 2408 Hinc
585 2352 655 2407 ad
673 2350 1009 2408 Westfalbos
1030 2351 1201 2417 venit,
1230 2350 1524 2420 statimque
1551 2349 1788 2421 receptis

427 2441 739 2508 Obsidibus,
770 2457 907 2512 quos
935 2441 1292 2508 tradiderant,
1323 2441 1669 2497 abscesserat
1685 2441 1847 2496 inde:

427 2531 509 2589 Ac
535 2530 776 2602 suscepit
797 2546 968 2587 ovans
999 2530 1313 2587 redeuntem
1340 2530 1575 2586 Francia
1599 2543 1806 2602 regem.

906 2624 1059 2679 Anno
1089 2623 1212 2680 776.
1244 2622 1442 2679 Indict.
1475 2624 1561 2681 15.

427 2716 677 2787 Cumque
704 2715 926 2771 domum
952 2715 1169 2771 rediens
1195 2714 1449 2787 princeps
1473 2714 1581 2771 iter
1607 2715 1955 2782 acceleraret,

428 2805 707 2877 Comperit
730 2806 992 2863 Ausoniis
1013 2806 1069 2861 in
1093 2806 1339 2877 partibus
1366 2821 1489 2862 esse
1518 2807 1818 2873 tirannum,

429 2894 661 2952 Nomine
687 2895 1072 2967 Hrozlgaudum
1091 2937 1113 2964 ,
1138 2911 1278 2952 nova
1305 2897 1397 2966 qui
1427 2897 1708 2952 molimina
1738 2904 2027 2970 temptans,

429 2987 569 3055 Nec,
595 3004 760 3060 quem
783 3004 878 3045 rex
907 2988 987 3044 illi
1015 2989 1260 3056 dederat,
1289 2997 1579 3046 contentus
1602 2991 1832 3059 honore,

430 3078 621 3135 Italiae
644 3079 818 3134 latum
845 3079 1014 3135 voluit
1042 3080 1146 3136 sibi
1171 3074 1403 3137 subdere
1433 3096 1681 3153 regnum.

434 3167 645 3240 Quippe
670 3170 860 3225 ducem
888 3170 1251 3241 comitemque
1276 3170 1721 3227 Foroiulensibus
1746 3171 1921 3243 ipsum

434 3259 728 3316 Constituit
754 3260 1000 3327 Carolus,
1026 3262 1206 3334 primo
1234 3279 1358 3319 cum
1383 3264 1532 3319 clara
1561 3265 1837 3336 triumpho

435 3352 515 3408 De
538 3352 909 3424 Langobardis
934 3354 1112 3412 victor
1138 3354 1338 3411 vexilla
1365 3348 1593 3412 revexit.

435 3441 571 3499 Huic
599 3443 763 3500 nimis
788 3443 1041 3517 ingratus
1059 3445 1201 3502 dono
1230 3446 1372 3502 male
1402 3448 1730 3504 sollicitabat

434 3532 672 3591 Urbibus
700 3549 770 3590 ex
799 3535 989 3591 multis
1017 3536 1265 3607 populos,
1296 3552 1362 3592 ac
1383 3536 1513 3593 fecit
1540 3547 1600 3594 ut
1627 3540 1694 3595 ad
1721 3555 1783 3596 se

432 3623 761 3692 Deficerent,
794 3625 937 3680 iusto
959 3624 1142 3681 Caroli
1172 3633 1355 3696 spreto
1382 3627 1683 3683 dominatu.

436 3715 546 3775 ﬂos
574 3724 636 3772 ut
660 3716 1045 3787 comprimeret
1066 3725 1264 3784 motus,
1289 3718 1364 3773 nil
1393 3719 1509 3788 ipse
1534 3727 1800 3786 moratus,
1889 3756 1894 3760 -

436 3803 670 3860 Strenua
699 3819 865 3875 quam
888 3805 1050 3861 celeri
1082 3807 1277 3875 raptim
1305 3816 1463 3863 vocat
1486 3809 1701 3881 agmina
1736 3810 1907 3876 iussu,

443 3896 579 3953 Cum
604 3898 802 3969 quibus
827 3896 1037 3954 Italiam
1065 3912 1380 3970 properans,
1412 3901 1715 3973 meritoque
1745 3911 2032 3976 tyrannum

439 3993 667 4049 luteritu
695 3994 961 4065 plectens,
994 3994 1159 4050 urbes
1184 4009 1405 4051 servare
1432 4005 1681 4064 receptas

436 4083 772 4143 Francorum
793 4089 1038 4155 comites,
1067 4104 1202 4161 quos
1225 4091 1339 4163 ipse
1367 4092 1581 4151 locabat
1607 4095 1660 4149 in
1688 4095 1819 4162 illis,

434 4177 618 4246 Iussit,
647 4188 704 4236 et
729 4188 790 4236 ut
818 4181 983 4247 venit,
1016 4183 1174 4239 velox
1201 4185 1283 4243 sic
1310 4185 1436 4244 inde
1466 4189 1712 4244 recessit.

509 4272 614 4330 Vix
639 4273 960 4345 Alpinarum
981 4275 1188 4333 nivium
1212 4278 1335 4351 iuga
1365 4282 1614 4353 proxima
1636 4284 1787 4340 caelo

435 4362 516 4417 Illi
540 4371 881 4434 transgresso
909 4364 1083 4424 tristis
1104 4368 1208 4426 fuit
1231 4370 1390 4427 obvia
1422 4371 1590 4440 fama,

434 4451 710 4526 Eresburg
738 4453 982 4513 referens
1002 4459 1216 4528 urbem,
1239 4476 1403 4532 quam
1423 4472 1673 4534 coeperat
1703 4465 1834 4523 olim

437 4540 802 4616 Militibusque
830 4548 946 4605 suis
969 4551 1324 4609 mandaverat
1352 4554 1466 4624 ipse
1496 4557 1774 4624 tuendam,

439 4627 687 4691 Saxones
708 4648 1073 4711 expugnatam
1103 4644 1369 4714 coepisse,
1393 4661 1657 4718 suumque

438 4723 735 4795 Expulsuin
761 4728 877 4785 fore
896 4733 1229 4800 praesidium
1260 4734 1528 4794 violenter
1549 4740 1763 4797 abillis.

441 4813 580 4871 Tum
604 4816 858 4893 Sigiburg
886 4834 913 4863 ι
943 4823 1085 4880 aliud
1114 4826 1282 4883 multo
1302 4831 1589 4888 conamine
1618 4843 1859 4890 castrum

440 4907 766 4982 Oppugnare
787 4915 1006 4984 quidem
1035 4919 1262 4987 studuit,
1290 4937 1391 4979 nec
1416 4924 1635 4982 vincere
1669 4928 1843 4997 quivit

440 4997 589 5057 Ceus
609 5000 822 5070 eadem,
847 5006 1070 5074 cupiens
1102 5006 1171 5063 ab
1198 5025 1263 5066 ea
1293 5014 1438 5085 regis
1462 5013 1704 5087 legiones

439 5089 681 5159 Pellere;
710 5095 804 5151 sed
836 5111 1047 5169 pugnae
1073 5102 1304 5174 populus
1330 5103 1632 5164 Saxonicus
1658 5110 1886 5179 instans,

440 5185 486 5242 Α
517 5194 668 5259 tergo
690 5187 1091 5250 circumventus
1122 5193 1223 5251 fuit
1252 5206 1413 5268 atque
1442 5198 1675 5271 fugatus,

440 5273 676 5334 Interius
700 5279 728 5320 δ
753 5282 945 5351 positis
971 5283 1131 5341 simul
1156 5291 1582 5359 erumpentibus,
1614 5303 1780 5366 atque

442 5366 696 5427 Incautos
721 5371 879 5446 plaga
902 5372 1062 5431 facile
1090 5379 1457 5437 sternentibus
1482 5384 1680 5454 au‘pla.

514 5545 770 5631 ﬂ_Sibu_rg
797 5551 943 5631 (δορί,
968 5550 1233 5631 _Sigeburg
1270 5554 1755 5631 Reinaltynendavi
1795 5558 2046 5631 Sigiburg

450 5615 842 5752 gi'ngttl‘libus
862 5617 1021 5678 Eiuh.
1040 5615 1093 5679 Et
1120 5615 1267 5682 versu
1291 5628 1421 5683 anni
1442 5628 1570 5695 775,
1595 5628 1670 5684 Ac
1694 5615 1884 5700 primo"
1896 5615 2044 5703 Sigi:

525 5746 573 5794 ῘῘ
594 5746 685 5821 Β..
716 5755 953 5814 internis.

1769 320 2019 381 ΡΟΕΤίΕ
2061 320 2356 382 SAXONIS

2029 439 2075 496 Α
2109 437 2207 493 llic
2236 453 2422 494 rumor
2445 436 2621 494 Caroli
2653 454 2774 494 cum
2802 443 3035 508 primum
3061 440 3210 495 venit
3236 439 3304 495 ad
3331 456 3511 509 aures,

3581 323 3691 383 692

2106 530 2441 586 Conventum
2469 546 2755 600 procerum
2788 531 2905 585 ﬁeri
2933 533 3241 602 praccoepit
3272 533 3326 586 in
3359 534 3494 590 urbe

2109 622 2439 688 Wormacia,
2470 623 2766 692 statuitque
2793 638 2975 678 moras
3002 622 3279 678 innectere
3311 623 3511 690 nullas,

2109 712 2250 779 Quin
2274 713 2445 768 lueret
2473 714 2605 768 tanti
2632 714 2852 769 sceleris
2879 727 3012 786 gens
3036 715 3240 785 perfida
3269 731 3497 785 poenas.

2110 802 2252 873 Ergo
2281 802 2394 858 suis
2422 802 2752 859 exercitibus
2782 818 2877 858 rex
2909 804 3147 873 undique
3179 804 3355 869 lectis,
3420 790 3431 799 ’

2109 891 2348 947 Conatus
2377 893 2521 948 celer
2548 893 2773 948 hostiles
2799 895 3165 964 praevertitur
3191 910 3405 961 omnes,

2112 983 2469 1054 Temptavere
2498 974 2695 1054 quibus
2724 985 2902 1054 primo
2928 984 3221 1039 defendere
3250 1001 3389 1041 sese.

2112 1073 2248 1129 Nam
2274 1073 2450 1130 fontes
2479 1075 2685 1139 adiens,
2714 1075 2807 1129 ubi
2838 1074 3039 1145 Lyppia
3068 1075 3310 1130 nascitur
3336 1075 3547 1141 amnis,

2113 1162 2369 1234 Repperit
2395 1180 2458 1219 ex
2490 1165 2603 1234 ipsa
2630 1178 2948 1219 numerosas
2973 1173 3131 1235 gente
3157 1173 3402 1221 catervas

2112 1255 2228 1311 Illic
2255 1255 2529 1321 collectas,
2558 1254 2790 1310 humiles
2817 1255 3137 1325 veniamque
3165 1267 3473 1325 precantes,

2116 1349 2271 1418 Quod
2297 1367 2403 1406 non
2432 1355 2738 1405 servassent
2763 1363 2908 1403 anno
2933 1348 3196 1419 promissa
3222 1349 3414 1420 priori.

2116 1445 2253 1502 Cum
2280 1460 2410 1499 vero
2439 1443 2665 1499 Carolus
2694 1445 2934 1499 clemens
2965 1444 3268 1514 ignosceret
3294 1445 3424 1511 illis,

2118 1534 2457 1606 Complures,
2485 1534 2706 1589 domino
2737 1548 2796 1589 se
2824 1532 3045 1589 Christo
3073 1535 3297 1589 credere
3325 1534 3463 1590 velle

2121 1624 2462 1696 Spondentcs
2493 1623 3014 1694 simulacrorumque
3042 1624 3351 1695 relinquere
3378 1625 3591 1693 cultus,

2120 1715 2349 1786 Purgari
2381 1714 2538 1769 iussit
2568 1713 2709 1769 sacri
2739 1713 3083 1785 baptismatis
3110 1714 3276 1780 unda,

2051 1803 2096 1863 Β
2116 1803 2513 1891 ,ὃθτγδηάθίιαθ
2540 1804 2736 1859 iterum
2769 1804 2893 1860 lidei
2923 1806 3191 1874 promissa
3219 1807 3424 1876 recepit

2124 1895 2413 1952 Obsidibus
2438 1896 2652 1950 ﬁrmata
2677 1895 2839 1961 datis,
2866 1897 3063 1967 quibus
3087 1897 3202 1967 ipse
3227 1897 3461 1952 volebat.

2124 1987 2397 2058 Eresburg
2427 1987 2623 2041 iterum
2653 1986 2834 2058 firmat
2858 1987 3155 2042 munimine
3180 1986 3332 2053 forti,

2124 2078 2194 2133 Et
2222 2078 2373 2133 iuxta
2402 2077 2624 2133 ﬂuvium
2652 2094 2813 2149 quem
2839 2079 3044 2150 Lyppia
3071 2079 3307 2134 diximus
3334 2087 3460 2135 ante

2125 2169 2421 2226 Castellum
2448 2170 2685 2226 condens
2712 2170 2874 2234 aliud,
2903 2171 3192 2241 complevit
3216 2179 3511 2242 utrumque

2127 2258 2387 2313 Militibus
2412 2258 2595 2324 lectis;
2630 2265 2742 2313 tum
2769 2257 2976 2314 Gallica
3001 2274 3191 2314 rursus
3216 2258 3283 2313 ad
3311 2272 3445 2314 arva

2128 2349 2485 2422 Regrediens,
2513 2350 2710 2405 hiemis
2738 2357 2951 2419 tempus
2977 2352 3241 2422 transegit
3265 2352 3317 2405 in
3343 2350 3489 2417 aula,

2127 2440 2336 2499 Nomen
2360 2440 2636 2497 Heristalli
2662 2442 2883 2498 dederat
2905 2443 2992 2498 cui
3022 2443 3254 2498 barbara
3281 2443 3485 2515 lingua.

2605 2533 2758 2587 Anno
2785 2532 2909 2586 777.
2947 2531 3146 2586 Indict.
3180 2532 3267 2586 14.

2128 2624 2418 2696 Aspirante
2444 2623 2569 2680 novi
2599 2623 2811 2693 placido
2841 2638 2963 2679 cum
2995 2631 3239 2693 tempore
3267 2625 3411 2681 veris

2130 2715 2360 2772 Horrida
2388 2715 2495 2771 iam
2521 2715 2803 2770 transisset
2829 2714 3022 2777 hiems,
3051 2730 3146 2770 rex
3175 2715 3562 2787 Noviomagum
3588 2728 3615 2756 ε

2128 2807 2453 2872 Adveniens,
2488 2806 2783 2862 celebravit
2813 2806 2887 2862 ibi
2916 2805 3231 2877 sollempuia
3260 2809 3513 2877 paschae.

2132 2899 2268 2954 Tum
2294 2898 2422 2969 quia
2453 2897 2697 2952 Saxones
2724 2905 3005 2967 suspectos
3026 2896 3053 2936 ά
3082 2911 3296 2968 semper
3323 2898 3575 2962 habebat,

2131 2988 2287 3044 Haud
2316 2988 2590 3053 dubitans,
2619 2987 2740 3043 illos
2766 3002 2866 3058 pro
2896 2987 3147 3043 libertate
3175 2988 3405 3044 tenenda

2135 3079 2356 3134 Artibus
2384 3087 2605 3135 acturos
2633 3078 2798 3134 variis
2827 3079 3203 3150 quodcumque
3229 3081 3492 3145 valerent,

2057 3158 2102 3221 C
2135 3170 2203 3225 Et
2230 3170 2334 3225 nisi
2362 3170 2602 3225 continui
2630 3179 3004 3240 premerentur
3030 3171 3269 3239 pondere
3298 3172 3445 3235 belli,

2130 3260 2374 3316 Foedera
2404 3270 2674 3331 rupturos,
2703 3276 2888 3317 secum
2916 3262 3165 3318 condicta
3193 3263 3529 3334 frequenter,

2133 3350 2342 3407 Rursus
2373 3350 2428 3404 in
2454 3350 2667 3406 illorum
2698 3351 2929 3421 patriam
2961 3350 3256 3406 fortissima
3287 3353 3440 3409 ducit

2130 3441 2363 3514 Agmina
2394 3460 2408 3497 :
2442 3452 2763 3498 conventum
2791 3442 2975 3512 placiti
3003 3443 3272 3513 generalis
3301 3444 3508 3499 habere

2132 3537 2269 3593 Cum
2300 3537 2525 3593 ducibus
2553 3550 2614 3591 se
2641 3534 2778 3590 velle
2809 3536 2921 3591 suis
2947 3536 3239 3591 denuuciat
3269 3535 3401 3592 illic.

2134 3630 2310 3686 Tanto
2337 3629 2565 3685 concilio
2593 3628 2749 3685 locus
2769 3636 2853 3684 est
2878 3628 3084 3684 electus
3109 3631 3334 3699 agendo,

2135 3717 2306 3786 Quem
2330 3718 2773 3774 Patlialbruunou
2802 3719 3063 3795 vocitant,
3097 3735 3204 3790 quo
3232 3736 3339 3776 non
3372 3721 3535 3777 habet
3558 3723 3668 3794 ipsa

2134 3807 2281 3864 Gens
2308 3808 2471 3863 alium
2503 3809 2734 3863 naturali
2766 3809 2886 3879 plus
2910 3810 3195 3866 nobilitate

2132 3898 2423 3971 Insignem,
2452 3899 2543 3969 qui
2575 3899 2898 3970 praecipuae
2923 3900 3208 3956 redimitus
3234 3902 3474 3958 abundat

2133 3990 2399 4047 Fontibus
2422 4000 2477 4045 et
2506 3991 2692 4046 nitidis
2721 3999 2775 4045 et
2802 3990 3070 4061 pluribus,
3100 4000 3156 4048 et
3182 3994 3351 4048 trahit
3378 3996 3505 4051 inde

2133 4079 2459 4138 Barbaricae
2484 4098 2679 4137 nomen
2710 4082 2925 4153 linguae
2950 4097 3200 4140 sermone
3226 4096 3520 4144 vetustum.

2137 4172 2291 4229 Tunc
2314 4174 2389 4230 ibi
2415 4174 2540 4229 villa
2568 4173 2667 4229 fuit
2693 4183 2926 4241 tantum,
2956 4192 3101 4232 nunc
3126 4168 3455 4247 pontiﬁcalis

2135 4262 2410 4321 Ecclesiae
2435 4273 2745 4321 constructa
2769 4265 2907 4322 nitet
2933 4266 3230 4324 clarissima
3260 4271 3437 4327 sedes.

2136 4355 2254 4424 Quo
2280 4356 2507 4412 Carolus
2532 4357 2773 4424 veniens,
2803 4358 3057 4414 collectos
3082 4362 3321 4430 repperit
3344 4377 3538 4418 omnes

2137 4444 2314 4503 Paene
2344 4448 2537 4512 duces,
2566 4448 2929 4518 populumque
2957 4449 3145 4516 simul,
3177 4456 3460 4524 totumque
3487 4461 3714 4510 senatum

2054 4509 2111 4571 D
2140 4538 2437 4605 Saxonum,
2465 4509 2737 4610 uisi-quod
2766 4509 2982 4610 quidam
3011 4509 3591 4601 Widokindus‘alinde

2136 4627 2375 4701 Aufugit,
2409 4644 2592 4701 regem
2620 4632 2852 4699 veritus;
2886 4648 3011 4688 nam
3039 4636 3290 4690 conscius
3316 4637 3464 4692 idem

2136 4724 2374 4780 Audacis
2404 4725 2621 4780 sibimet
2648 4724 2777 4781 facti
2804 4726 3065 4796 multique
3091 4735 3294 4792 reatus,

2139 4814 2401 4871 Sifridum
2424 4816 2582 4885 petiit
2608 4816 2883 4871 Danorum
2910 4825 3123 4887 sceptra
3152 4827 3456 4890 regentem.

2138 4909 2311 4967 Porro
2336 4910 2502 4966 duces
2526 4910 2638 4966 illic
2664 4910 2755 4965 alii
2783 4926 2906 4966 cum
2936 4911 3093 4980 plebe
3117 4914 3325 4983 gregali
3352 4925 3378 4953 ο

2141 5003 2472 5073 Suppliciter
2495 5002 2675 5059 cuncti
2704 5003 2918 5059 veniam
2938 5019 3234 5074 pacemque
3260 5014 3524 5078 petentes,

2142 5096 2441 5153 Paruerant
2472 5095 2585 5166 regi
2615 5095 2716 5150 sub
2746 5095 2838 5150 tali
2869 5096 3194 5161 conditione,

2143 5187 2216 5244 Ut
2241 5195 2434 5243 cuncta
2466 5186 2730 5242 scelerum
2760 5187 2982 5243 dimissa
3013 5188 3153 5243 mole
3168 5190 3447 5260 'priorum,

2145 5280 2204 5336 Si
2235 5289 2357 5350 post
2390 5281 2652 5336 auderent
2683 5281 2800 5337 eius
2830 5281 3034 5337 violare
3063 5291 3286 5350 statuta,

2144 5374 2420 5430 Libertate
2444 5374 2605 5429 simul
2629 5375 2806 5446 prisca
2833 5376 3116 5447 patriaque
3142 5384 3408 5435 carerent.

2221 5586 2242 5613 ε
2288 5573 2498 5633 Clossa,
2536 5572 2589 5644 Ν
2592 5573 2860 5644 ἰρινηιασαη.

2219 5644 2245 5683 ά
2285 5644 2495 5705 Glossa,
2528 5642 2733 5698 dubios.

2227 5725 2249 5754 θ
2291 5715 2381 5781 IL,
2412 5721 2645 5785 grcgata.
