3868 6170
202 369 316 423 635

200 484 453 549 Quorqu
481 489 596 534 tum
621 477 838 534 Christo
866 490 925 531 se
949 474 1168 530 credere
1194 470 1329 527 velle
1356 466 1594 540 professa

201 573 399 641 Magna
430 567 768 624 salutiferum
795 564 1030 633 suscepit
1058 561 1212 617 turba
1238 560 1531 614 lavacrum.

200 662 316 716 Sed
346 659 606 715 simulata
637 657 769 711 ﬁdes
795 661 1011 710 versuto
1038 650 1233 722 prodiit
1258 662 1375 713 ore,

199 753 361 822 Quod
390 761 579 807 notum
605 750 789 805 multis
815 747 991 802 fecere
1014 742 1290 814 sequentia
1313 750 1481 812 gesta.

199 848 361 901 Tunc
389 844 728 901 Sarracenos
750 837 967 910 quidam
989 842 1304 906 pervenerat
1328 832 1470 896 illuc,

197 940 438 997 Nomine
469 938 562 1008 qui
591 934 769 1006 patrio
795 932 972 989 dictus
999 929 1102 983 fuit
1130 925 1435 982 lbinalarbi.

198 1032 303 1088 llic
327 1046 460 1088 cum
493 1044 599 1083 non
626 1024 812 1097 paucis
834 1022 1000 1078 sociis
1026 1035 1091 1075 ac
1118 1018 1343 1083 civibus,
1376 1016 1548 1085 ipsum

198 1122 304 1190 Qui
334 1120 763 1181 comitabantur,
794 1115 931 1168 lines
956 1110 1191 1181 regionis
1218 1108 1445 1163 Hiberae

197 1215 590 1284 Linquentem,
616 1207 809 1265 Carolo
833 1220 890 1261 se
915 1202 1137 1266 dedidit,
1167 1215 1232 1255 ac
1256 1196 1416 1255 simul
1439 1197 1620 1260 urbes,

196 1307 317 1360 Rex
349 1304 693 1361 Sarracenus
717 1300 914 1370 quibus
938 1297 1084 1351 hunc
1106 1292 1440 1363 praefecerat
1462 1287 1609 1343 olim.

196 1396 279 1452 0b
306 1397 420 1450 hoc
447 1393 724 1448 Saxonum
753 1387 966 1443 tandem
996 1383 1211 1455 regione
1238 1381 1440 1445 relicta,

197 1489 412 1544 Gallica
442 1500 605 1557 regna
630 1482 792 1553 petit;
819 1486 941 1551 post
965 1479 1099 1534 haec
1123 1473 1406 1543 Aquitania
1440 1485 1618 1540 regem

198 1579 485 1650 Insignem
506 1573 756 1632 Carolum
785 1578 930 1626 tenet
953 1569 1020 1624 ad
1043 1564 1315 1638 paschalia
1345 1562 1499 1619 festa.

676 1664 828 1718 Anno
857 1660 980 1716 778.
1018 1658 1215 1713 Indict.
1248 1655 1333 1710 I5.

199 1759 441 1815 Ilortatu
473 1752 756 1810 Sarraceni
783 1766 905 1807 eum
934 1764 994 1805 se
1018 1745 1297 1803 memorati

197 1853 484 1924 Hispanas
506 1852 668 1906 urbes
693 1847 950 1919 quasdam
976 1843 1078 1900 sibi
1104 1841 1335 1899 subdere
1359 1854 1515 1910 posse

197 1945 362 2000 Haud
395 1942 600 1999 frustm
629 1946 897 2010 speraret,
930 1952 996 1993 eo
1022 1950 1117 1991 sua
1150 1933 1382 1988 maxima
1412 1931 1589 2001 coepit

196 2033 445 2106 Agmina
473 2046 570 2102 per
596 2030 771 2086 celsos
799 2027 1127 2083 Wasconum
1156 2023 1355 2079 ducere
1382 2029 1611 2078 montes.

197 2127 299 2194 Qui
333 2140 467 2180 eum
491 2122 662 2192 prima
689 2120 915 2193 Pyrenei
941 2119 1065 2190 iuga
1089 2118 1194 2173 iam
1220 2120 1555 2185 superasset.

196 2218 279 2271 Ad
307 2213 727 2286 Pompeloncm,
750 2211 893 2282 quod
917 2209 1089 2265 fertur
1115 2206 1299 2263 nobile
1317 2212 1557 2262 castrum

198 2307 350 2362 Esse
372 2305 761 2367 Navarrorum,
792 2299 1011 2356 veniens
1036 2298 1090 2353 id
1115 2303 1368 2366 coeperat
1391 2295 1586 2358 armis;

197 2396 601 2464 Traiciensqne
629 2393 765 2448 vado
790 2391 1054 2445 Famosum
1081 2386 1280 2443 ﬁumen
1305 2386 1583 2448 Hiberum,

196 2488 434 2544 Cesaris
456 2484 683 2556 Augusti
707 2482 977 2554 quandam
1005 2480 1071 2535 de
1098 2479 1315 2535 nomine
1339 2477 1536 2533 dictam

204 2580 419 2635 Urbem
450 2577 794 2647 praecipuam
821 2572 984 2628 terris
1002 2570 1306 2642 penetravit
1330 2569 1384 2623 in
1408 2568 1535 2624 illis.

201 2665 471 2741 Acceptis
496 2677 673 2724 tamen
701 2665 998 2729 obsidibus,
1025 2678 1162 2734 quos
1186 2660 1475 2718 Ibinalarbi

200 2763 311 2817 Iam
341 2761 532 2815 dictus
557 2758 863 2828 pariterque
889 2770 983 2809 sua
1013 2754 1078 2810 de
1104 2758 1263 2824 gente
1288 2750 1472 2807 ﬁdeles

200 2852 563 2917 Illustresque
586 2846 690 2900 viri
714 2846 994 2909 dederant,
1022 2843 1101 2897 sic
1127 2842 1252 2897 inde
1275 2839 1517 2896 recessit.

201 2946 278 2999 Ac
308 2940 704 3010 Pompeloncm
736 2935 969 3001 rediens,
999 2934 1269 2989 deiecerat
1297 2932 1415 2987 eius

202 3039 285 3094 Ad
309 3047 525 3093 terram
551 3044 754 3095 muros,
784 3030 937 3084 ﬁeret
960 3041 1028 3081 ne
1051 3025 1188 3081 forte
1211 3023 1446 3079 rebellis.

201 3131 458 3197 Cumque
485 3122 714 3195 Pyrenei
740 3131 1017 3190 regressus
1039 3117 1107 3172 ad
1136 3116 1324 3170 intima
1351 3113 1542 3177 saltus,

208 3220 383 3274 Milite
412 3231 541 3272 cum
570 3214 714 3268 lasso
739 3209 901 3266 calles
926 3207 1334 3264 transcenderet
1360 3212 1508 3260 artos

204 3310 446 3367 Insidias
468 3306 590 3364 eius
614 3317 826 3360 summo
850 3301 952 3357 sub
979 3299 1184 3354 vertice
1206 3297 1406 3354 montis

199 3400 464 3456 Tendere
497 3395 794 3450 Wascones
819 3378 962 3457 ausi,
989 3405 1125 3446 nova
1153 3387 1357 3458 praelia
1383 3392 1666 3456 temptant.

204 3493 459 3561 Denique
484 3496 789 3561 postremos
812 3483 994 3555 populi
1021 3481 1216 3553 regalis
1240 3479 1436 3543 adorti,

209 3581 516 3637 Missilibus
544 3578 720 3649 primo
752 3582 1004 3649 sternunt
1030 3588 1100 3628 ex
1128 3570 1355 3628 collibus
1385 3568 1528 3632 altis,

207 3674 277 3729 Et
305 3672 577 3732 Francos,
604 3666 852 3738 quamvis
881 3664 1049 3720 armis
1074 3662 1378 3730 animisque
1403 3659 1629 3732 priores,

206 3768 395 3838 Impar
422 3762 555 3820 fecit
581 3769 637 3817 et
660 3766 917 3831 angustus
944 3756 1095 3814 locus
1121 3753 1424 3811 inferiores.

210 3858 329 3912 [lex
355 3856 469 3910 iam
494 3865 718 3923 praeces
738 3853 812 3915 .it,
842 3849 1163 3916 tardmnque
1186 3851 1524 3901 remanserat
1546 3856 1759 3910 agmen.

208 3950 359 4005 Cura
391 3945 768 4003 vehendarum
795 3942 941 4012 quod
967 3954 1148 3996 rerum
1174 3936 1574 4008 praepediebat.

209 4040 299 4094 Fit
329 4052 511 4108 pavor
537 4035 665 4090 hinc
688 4033 1037 4098 exercitibus,
1065 4030 1352 4099 subitoque
1378 4026 1611 4083 tumultu

212 4132 559 4192 Turbantur,
588 4126 786 4181 victrix
812 4126 1085 4181 latronum
1109 4123 1264 4178 turba
1291 4119 1521 4176 nefanda

211 4222 504 4290 Ingentem
530 4216 708 4287 rapuit
730 4217 1009 4287 praedam,
1035 4214 1324 4287 pluresque
1347 4211 1573 4267 necavit.

211 4315 472 4383 Namque
502 4310 724 4381 palatini
753 4308 973 4379 quidam
1002 4306 1246 4364 cecidere
1271 4304 1527 4369 ministri,

213 4401 618 4460 Commendata
644 4400 842 4470 quibus
862 4398 1059 4469 regalis
1080 4398 1236 4467 copia
1258 4411 1445 4466 gazae,

216 4496 511 4552 Predones
541 4493 660 4549 illos
688 4493 877 4563 spoliis
906 4491 1097 4548 ditavit
1126 4489 1339 4561 opimis.

214 4586 319 4641 His
347 4584 548 4656 gestis,
575 4583 760 4639 hostes
782 4581 919 4638 vasti
944 4595 1045 4651 per
1064 4579 1221 4637 devia
1245 4578 1414 4634 saltus

212 4676 530 4748 Fugerunt,
561 4673 802 4729 celerant
825 4684 876 4736 α,
909 4671 1125 4727 fuerant
1149 4670 1347 4741 quibus
1374 4668 1541 4724 ardua
1573 4666 1771 4723 montis

213 4767 426 4823 Abdita
455 4764 713 4820 silvarum
737 4762 894 4820 vallis
922 4763 1036 4820 loca
1064 4769 1191 4818 uota
1219 4758 1482 4831 profunde

212 4860 377 4926 Quos
403 4855 531 4927 fuga
562 4853 801 4924 dilapsos
827 4852 1215 4925 investigabilis
1244 4861 1300 4907 et
1329 4866 1436 4905 nox

211 4950 444 5005 lustans
469 4946 687 5017 eripuit,
713 4953 1032 5015 sequeretur
1057 4951 1117 5000 ut
1144 4943 1278 4999 ultio
1306 4942 1468 4997 nulla.

213 5042 303 5098 Ae
329 5039 546 5094 facinus
573 5045 780 5093 tantum
802 5037 1058 5107 quoniam
1080 5036 1380 5106 permansit
1407 5031 1653 5092 inultum,

218 5131 436 5186 Tristia
463 5128 628 5200 regali
653 5127 908 5185 subduxit
936 5127 1121 5187 nubila
1145 5126 1333 5186 menti,

217 5221 501 5290 Prospera
524 5234 684 5290 quam
714 5217 889 5274 fecere
912 5217 1063 5288 prius
1087 5216 1365 5287 complura
1388 5229 1654 5270 serenam.

236 5340 243 5357 ι
298 5310 504 5381 Αριιιω
530 5317 811 5380 praeterea
841 5323 899 5364 se
930 5315 1141 5377 tempus
1168 5306 1369 5362 habere
1399 5313 1651 5375 putantes

222 5405 484 5459 Saxones
506 5399 802 5456 ulciscendi
826 5413 989 5468 quam
1015 5396 1244 5467 plurima
1270 5397 1502 5465 dampna

223 5496 267 5548 Α
294 5484 539 5548 Francis
567 5492 715 5547 illata
745 5487 869 5555 sibi,
899 5489 1025 5560 quia
1056 5503 1148 5543 rex
1179 5494 1296 5542 erat
1322 5486 1532 5548 absens,

308 5642 337 5669 ⁸
384 5629 538 5682 Rcin.
567 5628 877 5682 emendavit
903 5622 1202 5680 Acceleranl
1231 5622 1430 5691 fugam.

256 5726 261 5731 ι
312 5701 345 5739 l'
388 5698 494 5769 Lf'ei
523 5699 626 5753 sive
654 5698 813 5769 lynci,
856 5697 910 5750 id
950 5705 1053 5761 est,
1081 5686 1311 5758 Bacchi;
1337 5692 1459 5745 riui.
1494 5689 1672 5753 Iicin.,
1711 5686 1830 5740 Μο-

212 5772 375 5829 sella
407 5768 571 5823 Liuci.

557 362 807 419 ANNAL.
850 358 937 414 DE
974 355 1217 414 GESTIS
1255 355 1313 410 Β.
1349 350 1601 411 CAROLI
1637 346 1850 404 MAGNI
1890 343 2073 402 LIBRI
2110 347 2171 402 V.
2200 376 2270 387 -—
2308 345 2466 401 VITA
2504 343 2772 400 CAROLI.
2812 373 2884 383 —
2921 341 3046 396 LIB.
3088 341 3128 394 I.

1816 464 1866 521 Α
1892 459 2088 514 Infesta
2116 459 2286 513 Rheni
2317 457 2582 525 petierunt
2607 456 2820 526 agmine
2847 456 2994 509 litus.

3366 336 3470 391 695

1896 553 2064 618 Quem
2096 552 2327 605 transire
2355 558 2534 603 tamen
2560 547 2705 602 nulla
2732 547 2939 600 ratione
2964 542 3219 609 valentes,

1894 642 2225 697 Francorum
2255 649 2430 696 terras
2455 640 2509 695 in
2538 641 2722 695 eadem
2754 647 2905 708 parte
2936 638 3170 692 iacentes

1895 734 2010 802 Qua
2039 748 2234 789 venere
2265 734 2425 790 nimis
2454 741 2669 788 vastare
2696 732 2950 787 ferociter
2974 732 3111 794 ausi,

1893 828 1939 881 A
1965 826 2134 882 muris
2156 825 2327 891 urbis,
2353 841 2493 896 quae
2519 825 2659 882 dicta
2690 824 2866 879 Dialia
2893 840 3035 878 nunc
3058 830 3160 887 est,

1897 916 2079 972 Donec
2097 916 2380 986 pervenias
2403 915 2495 969 ubi
2521 915 2742 969 Rhenus
2766 912 2984 969 conﬂuit
3010 914 3169 975 idem,

1895 1007 2273 1075 Litoribusque
2299 1004 2477 1061 ferens
2501 1003 2676 1059 fontes
2698 1003 2918 1058 Mosella
2943 1001 3054 1055 Liei
3081 1001 3129 1063 ι),

1895 1097 2131 1153 Cunctas
2158 1111 2293 1167 quas
2317 1101 2567 1167 poterant
2595 1094 2750 1149 villas
2781 1092 3051 1157 invadere,
3078 1090 3306 1145 ﬂammis

1897 1188 2271 1253 Tradialerant,
2300 1187 2430 1256 ipsis
2454 1185 2619 1241 etiam
2645 1201 2751 1240 non
2777 1186 2857 1239 ira
2884 1182 3122 1255 pepercit

1897 1277 2210 1342 Aecclesiis,
2237 1290 2335 1332 nec
2355 1285 2473 1331 erat
2496 1275 2773 1330 hominum
2795 1274 2977 1329 caedis
2997 1272 3189 1329 modus
3212 1271 3368 1326 ullus.

1897 1368 2017 1424 Non
2040 1368 2256 1439 aliquod
2282 1381 2463 1439 sexus,
2490 1366 2705 1432 aetatis,
2730 1365 3060 1423 condicionis

1900 1460 2073 1516 Ullius
2098 1460 2246 1514 furor
2272 1457 2493 1514 immitis
2518 1457 2806 1514 discrimen
2831 1457 3047 1527 agebat,

1898 1552 2088 1608 Omnia
2111 1551 2205 1607 sed
2231 1550 2434 1605 ferrum
2462 1548 2546 1605 vel
2571 1549 2709 1604 edax
2731 1554 3103 1603 consumserat
3127 1544 3284 1616 ignis.

1900 1641 2036 1697 Ilinc
2061 1656 2166 1696 non
2190 1638 2482 1709 praedandi
2508 1637 2706 1703 studio,
2733 1637 2827 1692 sed
2852 1646 2911 1691 ut
2932 1635 3066 1691 ultio
3088 1634 3351 1704 quaedam

1900 1730 1957 1786 In
1982 1729 2220 1786 Francos
2242 1728 2413 1793 ﬁeret,
2438 1728 2543 1783 hoc
2564 1742 2659 1783 eos
2683 1727 2915 1798 gessisse
2936 1726 3212 1797 probatur.

1829 1805 1874 1866 Β
1904 1819 2016 1875 Hoc
2044 1834 2137 1875 rex
2169 1819 2419 1890 Hispanis
2447 1818 2633 1873 didicit
2663 1832 2942 1889 regressus
2970 1817 3038 1871 ab
3063 1815 3228 1870 horis.

1902 1912 2053 1968 Tunc
2076 1912 2367 1968 orientales
2390 1910 2629 1966 Francos
2654 1924 2754 1965 nec
2780 1924 2888 1967 non
2915 1908 3245 1963 Alamannos

1901 2004 2070 2059 Obvia
2092 2002 2235 2059 ferre
2256 2002 2406 2058 iubet
2424 2000 2609 2057 statim
2635 1999 2939 2056 Saxonibus
2962 2012 3131 2054 arma.

1903 2097 2049 2164 Quos
2074 2109 2197 2151 cum
2224 2095 2335 2149 iam
2357 2093 2593 2165 patriam
2620 2093 2905 2148 redeuntes
2930 2091 3360 2159 insequerentur,

1903 2190 1960 2244 In
1984 2186 2384 2245 Baddanfeldun
2407 2215 2475 2226 -
2501 2184 2580 2240 sic
2601 2190 2684 2240 est
2706 2183 2855 2239 locus
2878 2181 2965 2237 ille
2988 2188 3210 2237 vocatus
3230 2208 3299 2218 ——

1904 2276 2175 2335 Adernam
2199 2278 2346 2333 iuxta
2372 2275 2590 2330 fluvium
2615 2281 2925 2331 constanter
2947 2273 2999 2327 in
3029 2271 3173 2341 ipsos

1876 2369 2197 2432 'Irruerant,
2228 2375 2468 2436 nutuque
2496 2364 2590 2419 Dei
2616 2378 2776 2435 quem
2803 2362 3027 2420 erimina
3060 2368 3206 2414 tanta

1905 2459 1963 2515 In
1991 2458 2186 2530 populo
2216 2456 2502 2512 commissa
2532 2470 2630 2510 suo
2658 2454 2950 2522 dampnare
2979 2451 3217 2512 decebat,

1908 2548 2151 2604 Saxones
2179 2554 2325 2603 tanta
2354 2544 2667 2610 ceciderunt
2693 2552 2871 2613 strage
2898 2540 3190 2613 perempti,

1910 2637 1979 2694 Ut
2005 2637 2071 2693 de
2097 2634 2416 2708 praegrandi
2444 2641 2788 2705 superessent
2811 2631 3023 2705 agmine
3047 2629 3222 2701 pauci.

2389 2766 2540 2821 Anno
2575 2765 2702 2822 779.
2737 2762 2933 2819 India.
2969 2765 3018 2819 l.

1909 2884 2048 2941 Vere
2077 2896 2215 2938 novo
2244 2879 2469 2937 Carolus
2498 2893 2659 2934 causa
2685 2884 2940 2948 poscente
2970 2891 3263 2947 peragrans

1910 2972 2183 3029 Gallorum
2213 2970 2480 3041 quondam
2514 2977 2704 3031 terras,
2737 2967 2804 3021 ad
2830 2965 3214 3021 Wirciniarum
3243 2977 3264 3004 α

1910 3062 2154 3118 Accessit
2179 3062 2377 3125 vicum,
2407 3073 2515 3128 quo
2545 3065 2675 3112 tunc
2702 3056 2942 3112 occurrit
2966 3055 3138 3110 eidem

1836 3146 1881 3209 C
1915 3160 2031 3213 Dux
2061 3156 2402 3226 Spoletanus,
2434 3152 2817 3208 IIildibrandus
2844 3150 3127 3205 vocitatus.

1911 3250 2013 3318 Qui
2042 3249 2283 3319 preciosa
2315 3245 2493 3300 ferens
2522 3243 2716 3314 insigni
2734 3257 2969 3297 munera
2999 3240 3132 3309 regi,

1911 3341 1992 3395 Ad
2020 3355 2118 3395 sua
2140 3352 2262 3392 cum
2293 3349 2488 3405 magno
2514 3333 2648 3389 satis
2676 3331 2930 3386 dimissus
2956 3329 3180 3384 honore.

1912 3432 1982 3486 At
2011 3444 2104 3485 rex
2133 3428 2336 3485 intente
2366 3425 2631 3480 meditans
2660 3421 2913 3478 invadere
2942 3429 3122 3475 terras,

1915 3522 2208 3586 Saxonum,
2239 3519 2399 3576 citius
2425 3516 2675 3571 Rhenum
2706 3512 2994 3587 traiecerat
3017 3524 3250 3565 amnem.

1914 3614 2014 3671 Cui
2040 3627 2100 3669 se
2127 3627 2222 3683 spe
2247 3625 2384 3667 vana
2415 3624 2548 3681 gens
2575 3607 2691 3678 ipsa
2720 3605 2981 3661 resistere
3002 3616 3161 3673 posse

1915 3704 2222 3769 Conﬁdens,
2250 3701 2453 3773 pariter
2481 3696 2711 3768 sumptis
2737 3701 3047 3752 occurrerat
3074 3692 3261 3756 armis,

1919 3799 1973 3853 In
2002 3797 2234 3868 quodam
2262 3793 2484 3850 collecta
2512 3791 2630 3846 l'oco
2653 3788 2880 3846 Bocbolt
2902 3785 3155 3841 vocitato.

1919 3891 2025 3946 Sed
2051 3904 2177 3945 cum
2202 3884 2508 3957 coepissent
2536 3882 2651 3937 acie
2679 3877 2984 3951 conﬂigere,
3015 3876 3197 3933 statim

1919 3980 2091 4049 Terga
2120 3976 2287 4041 dedit,
2318 3988 2542 4029 numero
2572 3970 2903 4026 Francorum
2934 3966 3118 4022 territa
3148 3964 3357 4037 grandi.

1919 4069 2140 4139 Accepit
2168 4075 2299 4123 tunc
2326 4063 2616 4121 Westfalos
2643 4062 2697 4117 in
2727 4061 3071 4117 deditionem.

1922 4160 2354 4231 Progressusque
2375 4155 2590 4219 dehinc,
2613 4152 2888 4207 Wisuram
2918 4146 3162 4218 pervenit
3183 4146 3248 4201 ad
3271 4157 3502 4209 amnem,

1918 4253 2093 4321 Atque
2117 4251 2234 4307 dies
2261 4249 2464 4317 aliquot
2494 4245 2692 4301 mansit
2717 4243 2955 4298 stacione
2983 4239 3175 4293 locata.

1920 4342 2186 4412 Angarios
2211 4339 2305 4395 sed
2328 4346 2385 4395 et
2408 4335 2682 4393 Ostfalhos
2711 4333 2777 4388 ad
2804 4348 2864 4388 se
2890 4330 3165 4385 venientes

1921 4433 2248 4490 Promissam
2278 4431 2494 4485 ﬁrmare
2522 4427 2698 4490 ﬁdem,
2730 4439 2836 4495 qua
2866 4430 3037 4478 semet
3061 4420 3235 4477 eidem

1852 4497 1899 4556 θ
1927 4526 2210 4583 Subiectos
2235 4522 2350 4578 fore
2376 4519 2729 4591 spondebant,
2758 4514 3044 4582 animoque
3072 4510 3273 4574 ﬁdeles,

1924 4617 2320 4685 Obsidibusque
2348 4612 2488 4668 datis
2516 4607 2977 4675 sacramentisque
3004 4603 3196 4675 coegit.

1924 4713 1949 4752 ἀ
1983 4710 2078 4766 Ilis
2108 4707 2276 4780 gestis
2304 4720 2399 4760 rex
2428 4701 2794 4759 Wormaciam
2821 4696 3084 4753 remeavit
3109 4695 3176 4749 ad
3202 4692 3412 4747 urbem.

2412 4819 2561 4875 Anno
2592 4815 2717 4871 780.
2750 4812 2944 4869 Indict.
2975 4810 3042 4884 2.

1926 4935 2053 4989 Inde
2082 4933 2992 4999 moveusopportunosuatemporc
3021 4931 3215 4983 castra.

1929 5024 2206 5079 Saxonum
2233 5034 2423 5076 rursus
2447 5022 2827 5090 properaverat
2858 5014 2910 5069 in
2938 5013 3229 5082 regionem.

1930 5113 2201 5182 Eresburg
2229 5111 2406 5181 primo
2434 5108 2608 5181 petiit,
2637 5114 2757 5178 post
2785 5105 2920 5160 haec
2949 5103 3036 5161 ubi
3062 5103 3238 5159 funtes

1930 5207 2128 5279 Lyppia
2159 5205 2356 5259 ﬁumen
2386 5203 2568 5266 habet,
2599 5198 2925 5271 perplurima
2956 5195 3308 5266 disposituras

1928 5300 1984 5354 In
2012 5297 2207 5354 castris
2231 5296 2427 5365 aliquot
2461 5292 2630 5350 fertur
2658 5290 2919 5346 mansisse
2946 5287 3151 5342 diebus.

1931 5390 2068 5445 Ilinc
2095 5388 2326 5444 orientis
2350 5387 2454 5442 iter
2481 5398 2720 5445 sumens,
2749 5380 2816 5435 ad
2846 5377 3039 5433 ﬁumen
3069 5374 3365 5428 Ovaccrum

1934 5480 2112 5546 Venit,
2138 5488 2194 5535 et
2219 5478 2458 5534 eiusdem
2485 5475 2659 5547 gentis
2684 5484 2846 5541 quant
2874 5466 3105 5522 innxium
3132 5462 3287 5517 turba

2006 5627 2025 5653 τ
2070 5614 2158 5675 ιι,
2192 5609 2596 5664 Werciniacum.

2002 5684 2027 5724 ιι
2070 5659 2544 5738 ᾗίιήεξνῖιῖέῶὶῖῐζ.
2571 5675 2805 5744 primum
2831 5665 3102 5740 sequentis
3127 5661 3247 5719 anni
3274 5659 3422 5732 legit.
