3880 6170
491 299 596 354 695

485 405 614 462 Illuc
643 419 927 480 praecepto
956 427 1148 480 parcns
1174 425 1506 481 occurrerat,
1537 426 1698 487 atque

485 499 718 556 Credere
745 517 804 558 se
831 502 1046 559 Christo
1073 505 1332 561 simulans
1360 508 1622 578 baptisma
1656 514 1874 580 recepit.

483 588 716 662 [mleque
744 592 969 648 festinus
995 611 1245 666 pergens,
1278 599 1348 653 ibi
1377 610 1556 654 castra
1585 601 1799 664 locavit,

480 680 635 735 Ali-ia
664 699 767 752 qua
795 685 1010 752 grandis
1034 685 1227 741 ﬂuvius
1253 689 1508 743 m'scetur
1535 699 1588 744 et
1614 689 1717 745 Ora
1747 706 1794 746 ιι.

479 771 612 825 Nam
642 789 728 828 res
758 775 785 814 δ
817 775 1089 832 Saxonum
1122 779 1287 833 voluit
1313 796 1654 850 componere,
1688 800 1788 839 nec
1819 801 1926 840 non

479 861 814 932 Sclavorum,
841 869 1048 923 medius
1073 885 1208 938 quos
1231 870 1385 925 Albia
1411 872 1603 927 dividit
1632 875 1827 932 amnis.

474 952 622 1006 Citra
657 953 900 1011 Saxones
929 957 1148 1027 degunt,
1178 960 1231 1012 in
1262 959 1420 1015 litore
1448 977 1578 1016 vero

475 1041 788 1098 Sclavorum
817 1032 1025 1118 pagana
1056 1058 1238 1102 manet
1266 1065 1398 1119 gens
1425 1051 1688 1106 ulteriori.

474 1134 757 1203 Dispositis
779 1129 915 1193 'sane
947 1140 1106 1194 rebus
1135 1155 1233 1210 pro
1265 1149 1503 1212 tempore
1534 1145 1762 1209 cunctis,

470 1223 512 1275 A
537 1226 546 1277 l
575 1227 730 1282 sedes
758 1229 971 1283 tandem
1004 1231 1206 1285 studuit
1235 1247 1477 1287 remeare
1505 1243 1778 1303 paternas.

468 1315 604 1370 Tum
633 1319 756 1387 quia
784 1321 1074 1391 praecipuo
1103 1338 1316 1392 semper
1341 1322 1601 1394 ﬂagrabat
1627 1341 1811 1380 amore

539 1457 564 1485 ι
605 1447 656 1513 1,
685 1463 809 1514 ora;
836 1449 889 1515 ‘2,
918 1451 1106 1517 horas;
1140 1453 1228 1517 R.,
1258 1452 1429 1506 "ora.

1834 310 2031 367 POET.

2125 314 2422 373 SAXONIS
3611 343 3692 397 6%.

2101 432 2144 486 Δ
2176 427 2338 491 Petri,
2373 433 2462 500 qui
2495 448 2702 488 summe
2732 435 3041 502 praeclarus
3068 440 3335 506 apostolus
3361 456 3512 514 extat,

2179 520 2348 587 Ipsius
2376 523 2579 579 Romae
2609 526 2846 581 decrevit
2871 527 3055 582 limina
3082 539 3267 584 sancta

2177 614 2436 678 Querere,
2467 621 2588 668 vota
2619 630 2914 686 precesque
2943 618 3054 673 Deo
3081 620 3376 687 persolvere
3401 640 3593 684 curans.

2174 705 2348 774 Atque
2377 705 2517 760 citus
2544 723 2860 777 properans,
2889 721 3164 780 assumpta
3193 715 3408 785 coniuge
3433 732 3593 775 secum

2175 797 2242 851 Et
2269 799 2430 864 natis,
2461 801 2648 854 urbem
2676 810 2995 870 pervenerat
3019 803 3085 856 ad
3114 803 3462 874 Ticinensem,

2169 889 2226 944 ln
2257 906 2362 960 qua
2392 891 2585 946 natalis
2613 892 2825 946 Domini
2853 891 3052 946 festum
3079 893 3384 950 celebravit.

2311 1047 2410 1102 llic
2437 1047 2599 1118 igitur
2624 1047 2784 1100 statui
2814 1048 3022 1117 primae
3047 1064 3167 1103 cum
3198 1048 3303 1103 ﬂne
3326 1049 3527 1107 decadis

2167 1140 2442 1194 Annorum
2472 1139 2670 1206 Caroli,
2700 1150 2984 1210 postquam
3015 1157 3106 1195 rex
3137 1152 3382 1212 coeperat
3410 1159 3518 1198 esse

2169 1229 2496 1284 Francorum
2529 1230 2695 1294 solus,
2726 1231 2961 1300 primum
2992 1229 3145 1285 ﬂnire
3173 1231 3426 1295 libellum,

2167 1323 2384 1376 Viribus
2414 1332 2472 1376 ut
2501 1325 2681 1393 parvis
2711 1323 2924 1392 requies
2953 1323 3142 1378 solatia
3171 1334 3424 1395 praestet.

2238 1457 2263 1494 ι)
2300 1453 2455 1518 Cod.,
2483 1471 2592 1508 rex.
2623 1454 2687 1508 ll.
2714 1454 3019 1509 emendavit
3045 1472 3145 1510 res.

473 1592 3685 1626 _._._______.___________________.__________________________

1077 1697 1624 1777 ANNALIUM
1692 1703 1824 1778 DE
1883 1702 2252 1792 GESTIS
2332 1704 2698 1781 CAROLI
2770 1706 3099 1784 MAGNI

1370 1875 1555 1917 LIBER
1599 1874 1834 1918 PRIMUS
1880 1875 2196 1918 EXPLICIT.
2245 1875 2481 1918 INCIPIT
2523 1877 2867 1921 SECUNDUS.

451 2089 677 2147 Octonis
699 2088 878 2145 decies
906 2089 1368 2159 septingentisque
1395 2090 1632 2158 peractis

447 2181 638 2245 Annis,
667 2188 752 2236 est
777 2180 991 2251 genitus
1015 2188 1303 2248 postquam
1331 2181 1397 2235 de
1418 2179 1628 2250 virgine
1653 2179 1918 2242 Christus,

449 2271 550 2326 llic
575 2271 782 2342 primus
805 2272 1066 2340 sequitur,
1092 2269 1319 2326 Carolus
1339 2286 1447 2342 quo
1471 2287 1564 2326 rex
1590 2270 1713 2341 pius
1737 2284 1891 2326 arces

448 2368 720 2422 Romanas
747 2367 899 2432 adiit,
926 2367 1157 2421 Domino
1183 2368 1413 2422 ducente
1439 2366 1694 2421 secundo.

445 2458 599 2516 Tunc
623 2458 895 2514 Adrianus
918 2472 1065 2522 eum,
1093 2457 1403 2512 iamdudum
1430 2465 1890 2514 commemoratus

447 2547 641 2603 Presul
665 2547 1014 2618 apostolicus,
1043 2564 1165 2603 cum
1192 2563 1388 2618 magno
1415 2548 1589 2603 laetus
1616 2548 1822 2604 honore

445 2639 714 2712 Suscepit,
741 2641 1078 2712 populusque
1104 2641 1265 2695 simul
1293 2640 1573 2695 Romanus
1598 2640 1665 2695 ad
1691 2640 1887 2710 ipsum,

446 2731 518 2788 Ut
543 2729 880 2787 defensorem
906 2730 1278 2800 libertatisque
1301 2729 1571 2797 datorem,

450 2821 734 2879 Unanimis
757 2821 1032 2878 concurrit
1056 2836 1245 2886 ovans,
1274 2828 1564 2892 gratesque
1587 2821 1906 2892 rependens.

440 2913 556 2970 Illic
575 2930 696 2970 cum
717 2929 974 2984 praesens
998 2911 1140 2968 foret
1163 2913 1232 2967 ad
1253 2911 1568 2983 sollempnia
1597 2913 1851 2982 paschae,

445 3002 620 3062 Fonte
642 2997 930 3062 salutifero
948 3004 1233 3077 Pippinum
1265 3005 1485 3061 nomine
1514 3012 1702 3059 natum

444 3097 634 3154 Abluit
662 3097 834 3168 ipsius
857 3096 1073 3169 praesul
1100 3095 1426 3153 venerabilis
1451 3095 1593 3150 idem
1628 3105 1676 3147 α.

624 3277 847 3352 (Desunt
869 3278 955 3334 hic
979 3295 1158 3335 venus
1177 3278 1392 3351 triginta
1421 3286 1513 3332 aut
1538 3278 1858 3352 sexaginta.)

921 3370 1075 3425 Anno
1103 3368 1228 3426 782.
1269 3367 1466 3424 Indict.
1498 3367 1554 3422 4.

436 3462 703 3521 Exoriens
733 3471 916 3519 aestas
944 3461 1037 3516 ubi
1059 3460 1296 3530 primum
1323 3459 1570 3531 gramine
1598 3459 1788 3530 pulcro

435 3555 711 3611 Vestierat
734 3563 933 3618 terras,
962 3559 1286 3623 poteratque
1307 3551 1580 3606 exercitus
1599 3560 1724 3621 apte

434 3647 630 3712 Educi,
657 3646 914 3716 quoniam
943 3643 1132 3700 molles
1161 3642 1488 3698 animalibus
1510 3643 1712 3699 herbae

435 3739 622 3796 Dulcia
644 3741 1011 3809 praebuerant
1037 3736 1279 3793 ﬂorentis
1305 3737 1502 3808 pabula
1526 3735 1692 3805 foeni,

431 3830 738 3885 lnnumeris
766 3827 934 3884 fultus
967 3826 1181 3899 pOpulis
1203 3834 1258 3881 et
1283 3826 1454 3882 milite
1479 3826 1646 3893 claro,

431 3921 709 3978 Saxonum
733 3935 923 3975 rursus
955 3933 1053 3973 rex
1090 3917 1306 3973 inclitus
1336 3917 1391 3972 in
1424 3917 1699 3988 regionem

429 4012 612 4078 Venit,
642 4019 696 4066 et
719 4011 787 4066 ad
812 4010 990 4066 fontes
1018 4008 1163 4064 ﬂuvii
1186 4010 1272 4064 cui
1295 4009 1501 4080 Lyppia
1531 4024 1750 4076 nomen,

427 4103 766 4160 Conventum
797 4101 916 4159 ﬂeri
944 4117 1231 4173 procerum
1259 4101 1418 4158 iussit
1451 4101 1780 4172 generalem.

423 4195 541 4251 lllic
563 4195 860 4264 disponens
879 4194 1158 4265 complura
1188 4192 1411 4261 negocia
1441 4192 1620 4264 regni,

426 4290 701 4343 Danorum
725 4287 872 4356 regis
897 4285 1140 4358 Sigifridi
1172 4285 1390 4342 nomine
1411 4285 1628 4351 missos,

419 4380 490 4435 Et
513 4394 652 4449 quos
675 4377 942 4451 lugurgus
965 4379 1282 4450 pariterque
1304 4377 1554 4450 Caganus
1581 4375 1651 4432 ad
1677 4376 1873 4447 ipsum,

422 4470 703 4526 llunorum
730 4471 930 4526 misere
958 4471 1142 4536 duces,
1163 4483 1260 4539 pro
1283 4484 1417 4539 pace
1441 4468 1695 4540 petenda,

422 4561 608 4617 Audiit
634 4561 687 4627 ιι,
719 4561 1063 4631 absolvitque
1085 4561 1227 4616 datis
1247 4560 1544 4630 prudenter
1569 4559 1777 4616 eisdem

421 4652 739 4723 Responsis.
760 4652 1031 4708 Posthaec
1058 4651 1304 4707 Rhenum
1338 4651 1877 4717 traieceratamnem,

418 4743 624 4798 Gallica
651 4758 818 4813 seque
835 4743 1033 4798 dehinc
1052 4757 1146 4796 rex
1173 4756 1401 4811 magnus
1428 4741 1482 4795 in
1512 4755 1642 4796 arva
1670 4742 1893 4812 recepit.

418 4835 628 4892 interea
642 4835 852 4904 patriae
876 4834 1148 4904 quondam
1169 4831 1529 4887 Widukindus
1551 4832 1619 4887 ab
1646 4832 1760 4888 oris

416 4927 518 4993 Qui
540 4925 718 4980 fuerat
735 4923 994 4995 profugus
1020 4923 1519 4992 Normanorumque
1543 4923 1735 4991 petivit

412 5018 716 5083 Auxilium,
740 5015 953 5072 rediens
987 5032 1126 5070 vana
1150 5031 1244 5086 spe
1267 5015 1592 5070 sollicitabat

411 5110 680 5175 Saxones,
711 5107 908 5163 initum
935 5123 1056 5164 cum
1080 5107 1304 5162 Francis
1331 5121 1580 5178 rumpere
1599 5105 1791 5162 foedus

483 5255 510 5284 ι
541 5239 641 5297 llic
668 5241 721 5296 in
757 5241 942 5296 codice
971 5240 1279 5310 immediate
1302 5248 1603 5310 sequuntur
1646 5255 1766 5309 quae
1795 5239 2000 5298 baben-

411 5322 502 5367 tur
532 5311 671 5367 infra
701 5313 803 5368 sub
826 5327 968 5366 anno
989 5311 1092 5367 783
1125 5329 1136 5364 :
1171 5309 1354 5365 Gloria
1381 5309 1641 5382 ’certabat,
1671 5319 1802 5374 etc.,
1826 5327 1996 5382 usque

410 5384 479 5436 ad
531 5382 658 5436 illa:
693 5382 925 5438 Salvam‘t
975 5383 1252 5444 mundum,
1300 5389 1414 5433 voto
1453 5379 1798 5433 celebraverat
1829 5379 1992 5435 almo.

409 5450 538 5506 Post
562 5454 678 5508 hrec
723 5461 1023 5521 sequuntur
1053 5452 1158 5506 ista
1200 5449 1514 5521 :VExogriens
1563 5459 1718 5504 testas
1772 5450 1859 5504 ubi
1886 5453 1997 5521 pri-

407 5537 576 5592 mum,
618 5531 725 5578 etc.
778 5519 887 5578 Sed
929 5520 1280 5592 descriptoris
1327 5519 1460 5575 vitio
1500 5519 1603 5574 hac
1636 5519 1992 5592 ‘transpos'itio

410 5591 573 5654 facta,
618 5593 705 5646 cui
755 5593 1076 5647 Reineccius
1108 5587 1336 5646 'medica
1381 5605 1542 5644 manu
1586 5587 1775 5652 adfuit,
1799 5587 1860 5643 et
1903 5607 1992 5646 res

429 5667 594 5727 gestas
618 5659 685 5712 ad
713 5676 960 5716 normam
983 5662 1255 5715 annalium
1298 5674 1398 5715 suo
1421 5659 1596 5713 ordini
1630 5660 1885 5723 restituit,
1913 5664 1991 5716 uti

429 5677 594 5727 ‘13st
618 5677 685 5712 au
713 5677 960 5716 normam
983 5677 1255 5715 annauum
1298 5677 1398 5715 suo
1421 5677 1596 5713 ortum
1630 5677 1885 5723 resututt,
1913 5677 1991 5716 1111

411 5677 503 5785 llic
520 5728 790 5798 impressa:
818 5739 960 5785 sunt.
975 5729 1153 5786 Poetx
1174 5739 1352 5788 tamen
1375 5737 1559 5787 nostro
1583 5729 1685 5785 hoc
1710 5729 1826 5784 loco
1847 5745 1992 5800 qua:-

2085 2090 2126 2148 Β
2159 2086 2229 2142 Ut
2260 2100 2610 2154 conarentur,
2633 2091 2937 2160 multosque
2967 2097 3179 2150 vocavit
3201 2098 3256 2152 in
3289 2114 3434 2154 arma

2155 2179 2196 2232 E
2222 2179 2437 2248 populo,
2470 2181 2704 2252 fecitque
2726 2198 2924 2237 novum
2950 2200 3286 2257 consurgere
3315 2191 3518 2248 bellum.

2150 2269 2295 2323 Gens
2323 2285 2536 2340 quoque
2567 2270 2883 2327 Sclavorum
2913 2273 3107 2330 Sorabi
3132 2281 3454 2348 cognomine
3478 2284 3600 2340 dicta

2149 2357 2419 2414 Audacter
2442 2361 2636 2416 sumtis
2656 2361 2836 2418 subito
2861 2376 3217 2435 praeruperat
3243 2372 3416 2426 armis

2150 2450 2365 2506 Vicinas
2386 2451 2487 2505 sibi
2517 2449 2792 2506 Saxonum
2824 2462 2999 2510 terras
3020 2457 3334 2526 populando

2146 2541 2322 2611 Atque
2351 2542 2752 2614 Thuringorum
2774 2544 3034 2603 fecundos
3057 2547 3316 2620 frugibus
3346 2569 3516 2625 agros,
3535 2583 3560 2610 ι

2146 2634 2249 2701 Qui
2277 2635 2482 2690 medias
2509 2634 2700 2691 Sorabi
2733 2645 2906 2693 terras
2933 2654 3267 2711 camposque
3295 2646 3521 2702 iacentes

2144 2723 2455 2781 lnhabitant
2480 2727 2621 2782 inter
2639 2726 2830 2784 ﬂuvios
2862 2744 2876 2782 :
2903 2731 3030 2786 hinc
3050 2733 3298 2790 volvitur
3316 2739 3500 2802 amnis,

2143 2816 2244 2883 Qui
2275 2815 2400 2872 Sala
2428 2833 2625 2874 nomen
2654 2821 2835 2885 habet,
2867 2820 2983 2876 ﬂuit
3007 2822 3161 2878 Albia
3195 2825 3366 2882 latior
3391 2829 3522 2884 inde.

2140 2909 2240 2964 Ast
2260 2911 2352 2965 ubi
2383 2908 2699 2966 Sclavorum
2721 2911 2915 2967 Carolo
2941 2922 3067 2969 sunt
3085 2919 3313 2987 cognita
3341 2931 3506 2989 gesta,

2141 2999 2396 3058 Protinus
2423 3003 2638 3058 illorum
2663 3005 3034 3075 reprimendas
3059 3011 3282 3066 censuit
3309 3027 3466 3069 ausus

2138 3093 2524 3165 Arcendosque
2544 3097 2627 3152 sui
2654 3099 2803 3168 regni
2825 3099 2891 3154 de
2916 3099 3114 3156 finibus
3136 3103 3348 3160 hostes.

2140 3188 2295 3245 Unde
2315 3189 2572 3260 palatinis
2609 3191 2674 3246 ad
2701 3206 2760 3246 se
2786 3192 2962 3248 tribus
2999 3193 3112 3264 ipse
3136 3200 3356 3254 vocatis

2136 3283 2500 3354 Principibus,
2530 3300 2759 3356 quorum
2780 3285 2958 3342 fuerat
2982 3293 3330 3349 camerarius
3351 3311 3488 3350 unus

2139 3374 2302 3445 Regis
2321 3374 2630 3447 Adalgisus,
2650 3377 2804 3434 Geilo
2836 3389 2859 3418 θ
2890 3379 3087 3435 stabuli
3114 3396 3310 3440 comes
3333 3385 3472 3440 alter

2056 3435 2152 3520 ο.
2221 3435 2249 3520 ἶ
2326 3505 2341 3520 .
2609 3435 2627 3522 .'
2705 3508 2719 3522 .
2800 3508 2814 3521 .
2893 3509 2907 3523 .
2987 3510 3000 3522 .
3079 3435 3543 3532 ..Ϊῗίι

2135 3558 2398 3614 Ductores
2421 3558 2758 3614 exercituum
2784 3558 2902 3616 fore
2927 3560 3082 3617 iussit
3109 3565 3362 3634 eosdem,

2132 3647 2278 3716 Quos
2297 3650 2548 3705 orientali
2580 3649 2917 3706 Francorum
2944 3652 3011 3708 de
3039 3655 3271 3725 regione

2130 3738 2394 3796 Collectos
2414 3748 2601 3796 contra
2625 3739 2846 3797 Sclavos
2867 3753 3222 3814 praeceperat
3259 3747 3360 3811 ire,

2129 3828 2240 3886 Nec
2264 3846 2371 3885 non
2397 3829 2661 3898 Saxones,
2684 3831 2785 3887 sibi
2813 3846 2949 3902 quos
2974 3849 3168 3904 parere
3196 3835 3451 3904 iubebat,

2126 3919 2342 3976 Auxilio
2363 3920 2480 3975 ﬂeri
2507 3921 2736 3976 ducibus
2763 3920 3116 3977 mandaverat
3133 3923 3295 3994 ipsis.

2127 4011 2234 4067 Sed
2259 4027 2382 4066 cum
2409 4011 2570 4082 legati
2597 4025 2696 4080 per
2723 4025 2911 4066 eorum
2941 4012 3141 4069 ducere
3165 4021 3352 4071 terras

2123 4100 2353 4173 Agmina
2377 4101 2682 4171 coepissent
2700 4116 2908 4156 —uam
2930 4102 3009 4158 sic
3040 4103 3303 4162 invadere
3325 4105 3544 4162 Sclavos

2123 4193 2363 4248 Tramite
2383 4193 2682 4248 debuerant
2697 4201 2845 4248 recto
2856 4223 2924 4233 —-
2938 4192 2999 4248 ﬂt
3025 4195 3280 4264 protinus
3311 4198 3445 4267 ipsis

2121 4282 2348 4354 Cognita
2371 4283 2476 4339 iam
2497 4283 2674 4338 dictae
2696 4283 2917 4354 grandis
2941 4284 3177 4340 defectio
3199 4287 3404 4358 gentis.

2119 4375 2202 4432 0b
2224 4377 2327 4431 hoc
2356 4375 2460 4430 iter
2489 4382 2738 4444 coeptum
2760 4373 3005 4440 ﬂectunt,
3031 4375 3211 4445 primo
3229 4378 3512 4448 cupientes

2119 4464 2386 4531 Saxones,
2409 4479 2635 4520 numero
2654 4464 2800 4530 freti,
2833 4473 3178 4536 prosternere
3205 4467 3374 4524 bello.

2115 4555 2270 4624 Quod
2300 4556 2462 4611 nimis
2482 4557 2694 4611 incaute
2717 4565 2968 4627 coeptum
2996 4557 3316 4628 pariterque
3350 4559 3596 4633 superbe,

2113 4646 2448 4701 Francorum
2474 4645 2674 4700 misera
2703 4644 2883 4700 fuerat
2900 4661 3026 4701 cum
3055 4645 3206 4704 clade
3230 4657 3540 4718 peractum.

2113 4739 2360 4809 Namque
2382 4738 2545 4793 duces
2565 4738 2657 4792 ubi
2679 4746 3077 4806 compererant,
3095 4740 3240 4808 quod
3262 4755 3327 4795 se
3349 4735 3683 4796 Widukindus

2113 4830 2195 4885 Ad
2219 4845 2454 4902 pugnam
2479 4828 2648 4884 multa
2677 4829 2908 4898 stipatus
2926 4829 3082 4899 plebe
3111 4839 3386 4900 parasset,

2112 4921 2180 4976 Et
2203 4921 2352 4976 iuxta
2381 4928 2620 4976 montem
2650 4917 2842 4975 Suntal
2867 4935 2967 4975 sua
2987 4929 3168 4977 castra
3193 4921 3456 4988 locasset,

2107 5011 2237 5066 Illuc
2263 5009 2475 5066 infestis
2493 5017 2854 5081 properarunt
2877 5009 3000 5065 ilieo
3037 5010 3226 5081 signis,

2107 5103 2189 5158 Ad
2214 5103 2472 5176 praedam
2497 5102 2683 5172 pocius
2711 5117 2873 5174 quam
2893 5117 3127 5174 pugnam
3151 5109 3331 5158 semet
3361 5101 3532 5156 ituros

2104 5244 2227 5298 dam
2256 5241 2444 5296 deesse
2470 5239 2737 5295 videntur.
2766 5237 2953 5295 Lemn.

2177 5315 2204 5353 δ
2234 5312 2447 5374 Leil)n.,
2469 5310 2621 5364 adiit.

2101 5452 2145 5509 ϐ
2177 5371 2551 5506 fICYd..,tCilo.
2579 5379 2916 5437 Auctoritate
2959 5379 3153 5436 Annal.
3181 5378 3446 5435 Einhardi
3477 5375 3583 5447 jam
3605 5371 3664 5429 ll.

2150 5471 2194 5508 et
2220 5471 2249 5507 0
2299 5468 2382 5509 θαι
2414 5491 2428 5505 .

2150 5453 2249 5508 eilo
2279 5453 2428 5508 legit.

2171 5469 2249 5507 ’πο
2280 5469 2328 5507 te
2368 5469 2428 5506 ιι.

2171 5469 2585 5597 filicgversum,
2603 5521 2693 5591 qui
2717 5518 2961 5597 Woradi,
2977 5522 3186 5597 comitis
3209 5517 3466 5597 palatini,
3487 5526 3662 5597 nomen

2099 5594 2409 5664 exhiberet,
2422 5585 2733 5664 _t.leesse_,uex
2762 5591 2936 5647 tribus
2951 5585 3198 5664 proxime
3211 5585 3662 5664 antecedentibus

2100 5672 2154 5719 et
2177 5653 2434 5719 Einhardi
2459 5661 2752 5718 Annalibus
2778 5669 2926 5732 patet
2941 5653 2974 5731 ;’
3003 5663 3055 5718 in
3085 5663 3265 5719 codice
3297 5660 3487 5715 lacuna
3512 5653 3655 5711 nulla.
