3868 6170
220 360 325 420 θειἹ
538 356 791 414 ANNAL.
833 356 923 412 DE
958 355 1204 449 GESTIS
1240 357 1301 411 Β.
1343 354 1593 413 CAROLI
1630 352 1846 412 MAGNI
1880 353 2060 410 LIBRI
2097 354 2162 409 ν.
2200 384 2271 395 -
2308 353 2467 409 V'ITA
2507 350 2780 410 CAROLI.
2818 382 2890 393 —
2925 351 3055 407 LIB.
3097 351 3160 406 ll.
3382 347 3484 405 698

218 474 542 545 Sperantes,
568 469 741 542 ipsam
764 467 995 539 patriam
1019 482 1116 523 rex
1148 468 1261 539 ipse
1286 466 1576 537 quotannis

216 564 353 619 Cum
380 563 535 633 prius
555 560 858 631 inpugnans
880 558 1025 615 vires
1046 558 1362 615 exhauserit
1381 569 1406 599 α
1432 557 1571 613 eius.

213 652 571 707 Immemores
593 663 806 705 morum
831 648 1006 719 gentis
1033 648 1193 703 simul
1221 648 1547 719 ingeniique,

213 741 374 808 Quod
404 748 561 795 tanto
586 739 736 794 varia
756 737 878 809 plus
898 739 1086 794 nititur
1110 748 1227 795 arte
1252 739 1499 808 doloque,

213 831 337 897 Quo
371 830 641 900 premitur
660 828 834 895 bellis,
861 836 918 884 et
936 830 1077 883 victa
1105 829 1387 899 quiescere
1410 828 1604 892 nescit,

211 921 505 977 Vindictae
533 920 769 976 rediviva
792 934 989 991 parans
1011 921 1295 976 conamina
1323 934 1553 990 semper.

210 1010 360 1080 Ergo
388 1010 647 1080 palatinis
666 1010 891 1066 ducibus
911 1010 1328 1080 properantibus
1355 1011 1423 1065 ad
1444 1024 1523 1076 se,

214 1099 488 1163 Saxones,
513 1099 621 1155 alie
648 1099 808 1171 longo
832 1100 966 1155 satis
990 1100 1181 1156 ordine
1209 1110 1438 1167 structa,

210 1190 320 1247 Pro
343 1192 547 1247 castris
571 1202 953 1258 occurrerunt;
984 1193 1057 1249 ibi
1088 1186 1335 1265 pretinus
1366 1203 1519 1250 atrox

211 1281 538 1337 Conseritur
556 1281 785 1338 fundens
806 1283 1075 1353 ingentem
1096 1300 1272 1355 pugna
1301 1299 1572 1350 cruorem,

208 1373 664 1444 Francorumque
692 1376 829 1431 truci
857 1391 1111 1447 proceres
1132 1385 1260 1433 sunt
1283 1378 1415 1434 cede
1438 1377 1637 1441 necati,

207 1464 541 1523 Interfectus
555 1466 837 1538 Adalgisus
861 1469 1066 1539 pariter
1091 1484 1303 1539 quoque
1324 1468 1517 1533 Geillo,

208 1552 381 1626 Regis
411 1554 597 1626 legati,
625 1557 889 1627 praeclari
920 1567 1177 1629 quattuor
1198 1560 1310 1615 illic

206 1642 458 1700 Extincti
482 1646 727 1712 comites,
753 1663 879 1703 cum
911 1648 1103 1718 viginti
1128 1651 1449 1705 venerandis

205 1734 605 1806 Nobilibusque
623 1737 758 1793 viris
778 1738 901 1794 aliis
924 1755 989 1795 ac
1018 1739 1170 1796 clade
1189 1741 1504 1811 peremptis.

202 1829 273 1885 At
292 1829 546 1901 reliquus
563 1830 705 1886 bello
725 1832 956 1903 populus
976 1841 1330 1903 consumptus
1358 1834 1411 1888 in
1437 1833 1549 1898 illo,

203 1922 437 1980 Censeri
474 1939 701 1981 numero
729 1926 950 1995 nequid,
972 1926 1137 1981 altum
1167 1926 1398 1997 denique
1428 1934 1669 1980 montem

202 2013 307 2081 Qui
342 2015 560 2071 vicinus
582 2022 699 2071 erat
729 2014 939 2087 fugiens
963 2016 1287 2087 paucissima
1312 2024 1488 2071 turma

108 2158 115 2167 .
200 2105 476 2178 Expetiit,
500 2107 760 2179 silvisque
781 2107 954 2163 latens
978 2117 1227 2163 evaserat
1253 2109 1482 2163 hostem.

200 2195 459 2252 Nuncius
482 2196 618 2252 haec
645 2197 816 2252 tristis
834 2204 1154 2252 narraverat
1178 2197 1360 2252 omnia
1383 2197 1528 2267 regi;

196 2285 290 2342 Ille
326 2287 448 2342 suis
468 2286 803 2343 exercitibus
828 2286 1056 2343 festinus
1079 2286 1133 2341 in
1154 2301 1320 2341 unum

198 2375 490 2440 Collectis,
513 2376 700 2432 statim
727 2374 995 2432 Saxonica
1015 2376 1165 2431 venit
1188 2376 1410 2431 harena.

196 2468 387 2537 Quem
415 2484 540 2524 cum
561 2469 834 2540 primores
854 2466 1097 2523 eiusdem
1123 2466 1298 2538 gentis
1326 2466 1585 2531 adissent,

194 2558 347 2616 Illud
365 2574 427 2615 se
448 2568 602 2617 certo
624 2573 731 2614 non
754 2558 1091 2615 commisisse
1114 2557 1427 2629 probantes,

196 2652 264 2707 Et
284 2667 398 2706 rex
428 2659 682 2707 auctores
706 2648 835 2707 facti
860 2651 1221 2722 perquireret,
1247 2665 1358 2706 una

196 2741 341 2797 Esse
370 2755 532 2796 reum
559 2740 796 2796 clamant
818 2738 1206 2797 Widukindum
1235 2739 1482 2796 criminis
1506 2740 1689 2804 huius,

197 2832 267 2889 Et
289 2848 444 2905 quos
470 2833 690 2888 hortatu
713 2832 934 2903 proprio
953 2832 1055 2887 sibi
1082 2832 1422 2888 consotiavit.

198 2922 310 2980 Nec
332 2923 523 2995 potuit
550 2922 709 2987 tradi,
735 2922 860 2994 quia
884 2937 1075 2977 rursus
1093 2922 1395 2979 contulerat
1421 2937 1479 2977 se

198 3016 280 3071 Ad
302 3015 817 3072 Northmannorum
843 3016 1074 3086 patriam
1102 3024 1226 3085 post
1243 3015 1447 3086 praelia
1469 3023 1639 3087 gesta.

200 3108 434 3165 Tradita
450 3116 581 3164 sunt
602 3122 733 3163 sane
759 3107 1087 3179 reliquorum
1111 3108 1197 3165 bis
1221 3108 1327 3164 duo
1347 3108 1455 3165 leto

200 3201 350 3257 Milia
380 3199 775 3271 quingentique
793 3199 920 3265 viri,
941 3198 1036 3270 qui
1065 3207 1177 3256 tam
1204 3213 1367 3270 grave
1385 3198 1583 3256 bellum

196 3291 350 3348 Illius
376 3298 574 3348 contra
595 3289 837 3347 Francos
860 3305 1078 3362 gessere
1101 3306 1283 3347 suasu.

198 3382 428 3454 Ilusque
446 3382 540 3438 die
568 3392 792 3438 cunctos
810 3396 909 3438 rex
932 3382 1292 3438 decollaverat
1314 3396 1421 3437 una

196 3473 357 3530 quta
380 3472 610 3530 Alaram
632 3472 873 3540 ﬂuvium,
899 3472 1052 3529 locus
1079 3472 1221 3528 idem
1243 3467 1404 3528 Ferdi
1422 3480 1664 3528 vocatur.

202 3564 315 3622 Bac
340 3564 421 3621 ibi
440 3563 680 3621 vindicta
705 3579 893 3635 regum
912 3563 1248 3620 clarissimus
1268 3571 1410 3629 acta,

195 3656 280 3713 Ad
299 3655 591 3729 propriam
618 3654 780 3710 rediit
798 3653 981 3709 villam
1002 3653 1293 3710 Theodone
1315 3660 1565 3710 vocatam
1591 3653 1641 3708 ιι.

200 3879 220 3898 ο
300 3881 317 3896 0
405 3878 424 3895 0
506 3876 524 3893 ο
597 3876 616 3894 0
694 3877 710 3893 0
788 3876 805 3893 0
883 3876 898 3892 ο
977 3875 993 3892 0
1071 3876 1087 3891 ο
1166 3876 1182 3891 0
1259 3873 1276 3890 0
1352 3875 1369 3891 ο
1446 3874 1462 3890 ο
1541 3874 1554 3887 0

374 4108 602 4183 (Desunt
626 4110 711 4165 hic
734 4126 913 4165 versus
944 4110 1126 4180 uiginti
1154 4126 1244 4166 sea:
1271 4118 1363 4164 aut
1389 4108 1628 4180 septem.)

196 4200 415 4268 Gloria,
448 4200 715 4267 certabat,
744 4201 847 4257 sibi
873 4215 941 4257 ne
965 4208 1222 4257 consueta
1243 4200 1461 4272 periret.

193 4293 362 4349 Alter
389 4292 503 4346 iam
522 4291 722 4348 nullam
750 4299 995 4348 statuens
1015 4306 1237 4363 sperare
1262 4291 1510 4356 salutem,

193 4382 255 4439 In
282 4383 508 4440 ferrum
530 4384 708 4454 prisca
731 4398 831 4454 pro
859 4381 1108 4439 libertate
1137 4382 1362 4452 ruebat;

196 4475 310 4533 Sed
335 4475 566 4531 tandem
590 4473 816 4532 Carolus
840 4475 1022 4531 divino
1048 4488 1271 4530 munere
1287 4474 1486 4541 victor,
1568 4496 1571 4501 ί

193 4567 401 4625 Caesis
428 4567 729 4623 innumeris
748 4565 984 4636 reliquos
1007 4565 1205 4621 exinde
1230 4563 1449 4638 fugavit.

193 4658 670 4727 Transierantque
688 4657 805 4714 dies
829 4656 1007 4727 pauci,
1033 4672 1157 4713 cum
1180 4672 1371 4712 rursus
1394 4657 1582 4712 eodem

194 4751 491 4823 Comperit
517 4749 571 4805 in
593 4749 788 4821 populo
818 4750 1102 4821 repetitum
1123 4763 1349 4821 surgere
1394 4749 1615 4805 bellum.

194 4842 434 4900 Scilicet
463 4841 517 4896 in
553 4840 978 4897 Westfalhorum
1005 4842 1222 4914 regione
1241 4841 1483 4913 gregatis

189 4931 468 4990 Pluribus
494 4932 547 4987 in
579 4932 695 5002 ripa
724 4930 893 4998 ﬂuvii,
922 4930 1063 4987 llasa
1088 4930 1326 4997 nomine,
1357 4946 1547 4988 rursus

189 5022 497 5079 Audebant
513 5021 678 5077 animi
697 5021 819 5093 plus
838 5037 1003 5092 quam
1026 5022 1244 5078 virtutis
1268 5022 1554 5084 habentes.

191 5113 301 5179 Qui
331 5111 468 5168 victi
496 5112 713 5177 totiens,
737 5113 843 5169 atie
866 5111 1153 5185 conﬂigere
1181 5121 1369 5184 aperta
1400 5124 1446 5167 ο.

190 5199 443 5272 Pergere
462 5216 557 5255 rex
580 5201 646 5255 ad
667 5216 804 5272 quos
828 5202 1094 5258 meditans
1118 5203 1403 5273 sociosque
1428 5219 1737 5285 recensens,

190 5291 471 5364 Repperit
494 5292 550 5347 in
578 5307 757 5363 pugna
783 5291 966 5363 plures
990 5294 1250 5349 cecidisse
1277 5294 1467 5364 priori,

266 5438 298 5469 ι
326 5424 401 5481 R.
430 5434 487 5483 et
510 5425 600 5493 L.,
629 5427 960 5483 exhauserat.

1833 467 1883 527 Α
1908 464 2116 536 Aegros
2143 464 2456 521 vulneribus
2482 464 2681 520 multos
2708 465 2782 520 ibi
2811 464 2951 521 forte
2980 475 3246 536 receptos.

1909 556 2017 613 Sed
2042 558 2223 613 subito
2249 572 2423 612 novus
2447 573 2512 612 ex
2542 556 2770 612 Francis
2793 557 3067 612 exercitus
3101 556 3177 611 illi

1905 647 2157 714 Advenit,
2180 648 2497 718 cunctisque
2520 648 2633 703 suis
2661 646 2961 719 legionibus
2988 648 3182 711 auctis,

1908 738 1988 794 Ad
2008 739 2353 794 debellandos
2380 738 2586 794 studuit
2614 754 2903 810 properare
2932 738 3179 794 rebelles.

1906 828 2023 896 Qua
2053 831 2160 885 dux
2181 830 2397 901 egregie
2425 829 2660 899 prudens
2684 830 2810 884 dum
2831 838 3026 884 cuncta
3060 837 3329 900 parasset,

1909 922 2200 987 Virtutem,
2220 923 2361 976 sicut
2390 921 2545 986 solet,
2569 930 2653 976 est
2680 920 2896 976 fortuna
2921 932 3127 977 secuta.

1910 1009 2155 1065 Saxones
2176 1011 2373 1065 iterum
2394 1012 2540 1066 caesi
2566 1012 2831 1081 longeque
2860 1011 3048 1082 fugati,

1905 1099 2185 1154 Abductus
2206 1100 2543 1170 captivorum
2567 1115 2827 1155 numerus
2848 1099 2948 1155 fuit
2979 1101 3187 1171 ingens.

1906 1190 2035 1245 Inde
2059 1190 2244 1261 plagas
2269 1191 2562 1246 orientales
2582 1206 2678 1245 rex
2701 1193 2877 1248 victor
2901 1191 3090 1257 adivit,

1907 1279 2100 1336 Omnia
2126 1295 2289 1350 quam
2317 1280 2422 1336 late
2449 1280 2592 1336 ferro
2618 1282 2902 1353 populatus
2927 1291 2985 1337 et
3003 1283 3136 1353 igni,

1905 1366 2087 1427 Donec
2114 1372 2178 1427 ad
2207 1372 2426 1427 fluvium
2446 1374 2537 1444 qui
2564 1373 2762 1429 dicitur
2779 1373 2937 1428 Albia
2965 1375 3136 1429 venit.

1906 1463 2036 1518 Post
2058 1463 2192 1518 haec
2212 1462 2277 1517 ad
2300 1465 2531 1533 patriam
2555 1465 2742 1530 rediit;
2776 1474 2904 1521 tunc
2925 1474 3008 1521 est
3030 1466 3238 1522 sociata

1905 1552 2095 1624 Regali
2123 1546 2625 1611 thalamo'coniunx
2651 1557 2917 1613 Fastrada
2938 1566 3155 1622 vocata,

1905 1643 2041 1700 Filia
2070 1644 2333 1716 Radolpbi
2355 1646 2594 1713 comitis,
2625 1656 2741 1703 sata
2765 1648 3008 1719 germine
3035 1647 3205 1703 claro.

1905 1734 2172 1791 Hibernas
2196 1736 2249 1790 in
2270 1735 2504 1790 Eristalli
2529 1744 2642 1790 tum
2667 1735 2896 1791 duxerat
2918 1737 3106 1803 horas,

1828 1825 1876 1885 Β
1901 1826 2080 1897 Atque
2121 1828 2267 1894 dies,
2320 1828 2517 1897 quibus
2566 1827 2711 1882 hunc
2757 1842 2988 1883 nascens
3026 1826 3371 1896 moriensque
3408 1840 3491 1880 re.

3150 1918 3421 1991 [demptor

1904 2010 2145 2068 Salvavit
2165 2014 2449 2081 mundum,
2470 2021 2597 2072 voto
2619 2013 2994 2070 celebraverat
3021 2012 3181 2068 almo.

2373 2106 2523 2161 Anno
2565 2106 2690 2163 784.
2733 2105 2931 2160 Indiet.
2965 2104 3018 2161 6.

1902 2198 2195 2268 Relliquias
2223 2197 2351 2253 belli
2378 2198 2596 2255 tandem
2626 2198 2957 2254 fortissimus
2984 2198 3148 2253 heros

1902 2288 2294 2344 Consummare
2316 2288 2523 2355 volens,
2546 2296 2699 2345 tanto
2721 2288 2865 2358 quod
2890 2296 3133 2359 tempore
3156 2295 3369 2358 gestum

1904 2379 2181 2435 Saxonum
2208 2394 2331 2436 cum
2362 2388 2522 2452 gente
2552 2379 2676 2444 fuit,
2717 2393 3007 2434 numerosa
3036 2377 3281 2433 virorum

1903 2471 2046 2527 Milia
2075 2471 2338 2526 lectorum
2367 2470 2530 2527 terris
2556 2468 2767 2524 induxit
2788 2484 2999 2526 eorum.

1902 2564 1980 2619 Ac
1999 2563 2234 2634 primum
2257 2562 2434 2618 Rheni
2462 2569 2835 2633 transgressus
2864 2557 2891 2598 ά
2922 2558 3163 2615 fluminis
3200 2557 3418 2621 undam,

1905 2655 2165 2712 Vastabat
2188 2670 2356 2725 pagos
2385 2653 2786 2711 Westvalorum
2810 2651 3068 2724 regionis,

1902 2748 2065 2803 Venit
2085 2755 2140 2801 et
2168 2747 2238 2802 ad
2262 2746 2562 2811 Wisuram,
2592 2744 2743 2801 locus
2769 2751 2855 2800 est
2882 2743 2974 2798 ubi
2997 2742 3177 2797 dictus
3202 2736 3417 2796 Uculbi.

1901 2836 2033 2893 Inde
2059 2836 2458 2907 Thuringorum
2487 2848 2586 2905 per
2612 2850 2774 2907 agros
2802 2834 2906 2889 iter
2927 2838 3145 2904 aegerat
3170 2836 3335 2899 atque

1904 2926 2180 2982 Saxonum
2208 2939 2452 2996 campos,
2480 2938 2618 2995 quos
2636 2924 2793 2980 Albia
2822 2923 2907 2980 vel
2935 2922 3061 2978 Sala
3085 2928 3315 2993 tangunt

1900 3018 2102 3074 Amnes
2120 3016 2308 3082 vicini,
2329 3016 2568 3073 lustrans
2594 3014 2753 3070 villas
2780 3014 2854 3070 ibi
2881 3013 3064 3085 plures

1904 3111 2223 3167 Tradiderat
2255 3110 2509 3175 flammis,
2537 3110 2709 3166 donec
2732 3108 2981 3179 pervenit
3007 3107 3073 3162 ad
3102 3106 3269 3174 illum,

1824 3178 1871 3244 θ
1902 3204 2005 3273 Qui
2031 3203 2201 3259 veteri
2234 3202 2387 3258 locus
2405 3210 2487 3257 est
2508 3178 2768 3272 Scannigi
2795 3201 3012 3255 nomine
3037 3199 3233 3254 dictus.

1902 3295 2040 3351 Hinc
2063 3294 2116 3349 in
2145 3293 2502 3350 Wormatiam
2530 3291 2748 3347 rediens
2772 3304 2832 3345 se
2855 3287 3086 3345 contulit
3112 3288 3324 3343 urbem.

1900 3386 2071 3441 Filius
2090 3385 2293 3457 interea
2317 3383 2478 3453 regis,
2508 3381 2603 3452 qui
2629 3396 2729 3452 par
2755 3379 2989 3452 genitori

1900 3475 2082 3531 Indole
2107 3474 2305 3529 mentis
2324 3482 2465 3539 erat,
2496 3480 2610 3527 tum
2637 3471 2856 3532 nomine
2883 3470 3064 3525 dictus
3087 3467 3303 3533 eodem,

1901 3566 2037 3622 Cum
2059 3564 2254 3635 patriis
2278 3561 2610 3619 exercitibus
2637 3576 2776 3632 quos
2801 3561 2918 3631 ipse
2946 3558 3167 3631 regebat

1900 3654 1959 3711 In
1985 3653 2386 3712 Westvalorum
2412 3666 2549 3724 pago
2570 3650 2891 3722 cognomine
2921 3648 3130 3715 Dreini,

1899 3746 2154 3803 Eiusdem
2173 3744 2354 3817 populi
2384 3743 2573 3799 turbas
2592 3742 2661 3798 ad
2682 3742 2824 3798 bella
2845 3749 3068 3813 paratas

1823 3881 1829 3887 .
1900 3837 2209 3902 Oti'endens,
2237 3836 2423 3892 statim
2443 3835 2745 3892 certamine
2771 3835 2904 3891 vicit
2926 3833 3189 3905 equestri,

1901 3931 2088 3986 Victor
2115 3936 2170 3985 et
2200 3929 2267 3985 ad
2294 3935 2505 4000 patrem
2526 3930 2632 3984 iam
2659 3928 2803 3984 dicta
2828 3928 2978 3984 venit
3004 3928 3058 3983 in
3083 3927 3238 3983 urbe.

1900 4022 2002 4089 Qui
2029 4021 2205 4076 valida
2233 4020 2528 4076 comitante
2552 4036 2714 4077 manu
2742 4019 3014 4075 Saxonica
3039 4019 3225 4075 statim

1897 4113 2042 4168 Arva
2061 4121 2269 4183 petens,
2311 4112 2460 4168 iuxta
2485 4111 2709 4167 fluvium
2739 4109 3058 4166 consederat
3083 4119 3107 4148 ο
3135 4106 3417 4174 Ambram,

1899 4202 1994 4258 Est
2012 4203 2101 4257 ubi
2128 4202 2410 4259 castellum
2435 4202 2580 4273 quod
2617 4199 3024 4269 Skideronburg
3047 4198 3344 4254 vocitatur.

1897 4294 1957 4349 In
1986 4294 2180 4350 castris
2202 4293 2570 4349 ibidemvotis
2593 4291 2980 4361 sollempnihus
3000 4289 3135 4344 actis
3168 4336 3175 4341 .

1898 4383 2104 4439 Natalis
2128 4383 2359 4447 Domini,
2392 4381 2658 4453 processit
2683 4380 2751 4434 ad
2777 4379 2954 4435 hostia
2982 4377 3239 4443 Warnae,

1898 4474 2016 4543 Qua
2041 4473 2161 4530 fluit
2184 4475 2237 4529 in
2266 4474 2562 4530 Wisuram.
2586 4471 2700 4528 Nec
2722 4472 2830 4528 iam
2850 4470 2956 4527 fuit
2978 4470 3086 4526 ulla
3114 4468 3349 4527 facultas

1820 4528 1873 4589 Β
1898 4528 2231 4639 Congiusvad
2249 4528 2470 4621 boream
2496 4564 2637 4621 sicut
2657 4565 2907 4635 cupiebat
2935 4563 3117 4618 eundi.

1899 4658 2183 4729 Temporis
2209 4657 2459 4713 obstabat
2483 4654 2643 4712 simul
2668 4654 2935 4725 asperitas
2970 4652 3241 4719 hiemalis,

1896 4751 2074 4820 Atque
2097 4750 2234 4822 iugis
2260 4749 2474 4821 pluviae
2493 4742 2685 4803 cursus
2699 4747 3049 4802 vehementer
3078 4744 3378 4813 inundans;

1897 4839 1981 4898 0b
2002 4842 2108 4898 hoc
2133 4841 2188 4897 in
2211 4840 2484 4911 Eresburg
2509 4838 2754 4894 residens
2773 4852 2832 4893 se
2849 4835 3083 4893 contulit
3108 4836 3322 4891 urbem.

2364 4931 2512 4986 Anno
2552 4930 2676 4987 785.
2714 4929 2913 4985 Indict.
2961 4929 3016 4985 7.

1899 5024 2143 5097 Cumque
2167 5023 2284 5080 dies
2306 5022 2546 5092 reliquos
2562 5022 2826 5078 brumalis
2848 5021 3070 5094 frigoris
3094 5021 3207 5077 illic

1895 5117 2015 5189 Ipse
2042 5131 2265 5172 manere
2283 5131 2439 5171 suum
2461 5114 2791 5170 decrevisset
2808 5115 3147 5179 comitatum,

1897 5207 2202 5263 Accersivit
2226 5221 2292 5262 eo
2319 5205 2595 5277 propriam
2624 5220 2748 5261 cum
2770 5206 2999 5277 coniuge
3019 5203 3246 5274 prolem.

1896 5297 2031 5354 Cum
2052 5298 2271 5369 quibus,
2296 5304 2358 5352 ut
2384 5296 2586 5363 decuit,
2612 5296 2721 5353 fido
2746 5295 3011 5366 firmoque
3045 5293 3237 5350 relicto

1894 5446 1954 5487 se
1981 5429 2146 5485 habet
2177 5446 2190 5484 :
2224 5427 2419 5500 scilicet
2449 5426 2755 5500 pluribus...
2783 5426 3078 5500 gregatis...
3101 5494 3111 5500 Δ
3134 5439 3318 5500 rursus
3369 5422 3484 5500 acie

265 5497 300 5571 13
334 5495 469 5571 Post
487 5499 630 5571 hunc
654 5512 873 5571 versum
897 5499 1094 5571 desunt
1115 5497 1221 5552 duo
1245 5505 1430 5571 tresve
1457 5499 1568 5562 alii,
1600 5498 1796 5567 quibus
1897 5501 2175 5571 conﬂigere
2216 5494 2514 5571 audebant,
2553 5501 2643 5571 qui
2695 5494 2891 5571 totiens
2926 5496 3044 5571 picti
3092 5494 3287 5566 (erant)
3332 5494 3438 5549 αιίε
3462 5508 3482 5548 -’

191 5566 396 5639 ultima
423 5566 714 5625 Annalium
738 5567 998 5639 Einhardi
1020 5568 1294 5639 sententia
1313 5566 1729 5639 exprimeretur.

271 5649 296 5708 ἐ
338 5635 634 5708 Conﬂigere
654 5638 899 5693 habentes
928 5639 948 5692 Ι
982 5638 1061 5706 (2,
1084 5638 1343 5708 habentis)
1366 5635 1431 5693 ex
1460 5655 1618 5695 versu
1645 5648 1796 5694 ante-

192 5722 260 5759 (e
281 5707 423 5779 lenti
454 5706 740 5779 repetitum
759 5725 775 5774 ;
794 5708 1044 5765 Leibuitii
1069 5706 1437 5779 cordecturam
1468 5709 1650 5764 vellent
1673 5726 1796 5763 con-

193 5778 529 5834 structionis
569 5793 732 5835 causa
762 5794 868 5836 non
915 5778 1125 5836 admitti
1165 5793 1326 5850 posse
1353 5779 1535 5848 credo,
1569 5795 1691 5849 qua:
1721 5780 1794 5834 ita

1892 5565 2075 5642 aperta
2102 5571 2265 5642 igitur
2292 5565 2723 5642 supplevi;'aliud
2741 5567 2835 5642 alii
2844 5565 3106 5642 judicent.

1962 5640 1989 5680 ά
2016 5635 2182 5694 Trans
2208 5635 2376 5702 cod.,'
2396 5635 2773 5694 transcenderis
2799 5635 3096 5706 Reincccii,
3125 5645 3484 5706 transgressus

1895 5709 2203 5779 conjectura
2231 5724 2371 5763 mea.

1971 5793 1993 5819 ε
2028 5780 2077 5846 l,
2105 5779 2417 5834 considerat.
