3868 6170
273 427 569 487 Praesidio,
601 425 819 479 iuvenes
846 415 1038 472 animis
1065 428 1127 469 ac
1150 410 1359 470 viribus
1389 424 1543 465 acres

172 556 177 561 ~
272 519 579 591 Assumpsit
600 529 805 577 secum,
836 512 1081 579 lataeque
1110 513 1337 575 vagatus
1363 505 1415 559 in
1439 516 1629 558 omnes

273 615 421 669 Illius
442 610 676 682 regionis
704 621 882 677 agros,
908 603 1002 658 sed
1031 608 1085 656 et
1100 599 1294 671 oppida
1315 611 1579 668 quaeque,

273 706 479 759 Cuncta
505 699 663 756 simul
691 697 946 760 ﬂammis,
972 693 1159 764 spoliis
1181 708 1245 747 ac
1271 691 1402 746 cede
1426 688 1590 743 feroci

275 798 584 857 Miscuerat,
612 792 835 863 cupiens
855 789 1065 843 animos
1087 800 1226 856 quos
1251 799 1378 854 sepe
1398 780 1628 837 rebelles

277 888 547 957 Expertus
569 883 767 945 fuerat,
796 880 885 934 tali
916 885 1264 949 prosternere
1294 874 1469 929 clade.

276 982 418 1036 llaec
441 977 684 1050 lugubris
710 975 887 1030 hiems
917 972 991 1026 illi
1023 971 1346 1038 funestaque
1365 965 1513 1035 genti

276 1070 410 1125 Cum
441 1068 657 1123 tandem
686 1064 837 1118 ﬁnita
861 1061 1028 1126 foret,
1056 1057 1296 1114 vernalis
1323 1064 1381 1110 ct
1405 1068 1537 1107 aura

275 1160 569 1216 Iucundum
594 1158 809 1226 spirans
834 1161 1057 1208 ornaret
1084 1149 1305 1204 ﬁoribus
1332 1161 1483 1209 arva,

276 1250 529 1306 Publicus
552 1250 603 1304 in
623 1246 1048 1302 Padarbrunnon
1070 1247 1367 1295 conventus
1394 1235 1645 1292 habetur.

278 1343 397 1409 Quo
427 1356 523 1396 rex
552 1338 778 1410 insignis
800 1333 1081 1404 sollempni
1103 1344 1253 1386 more
1280 1336 1520 1401 peracto,

278 1432 335 1487 In
359 1447 558 1504 pagum
585 1429 875 1500 quendam,
903 1426 1110 1481 voeitat
1129 1437 1154 1465 δ
1182 1437 1343 1493 quem
1362 1420 1596 1475 barbara
1620 1418 1800 1488 lingua

280 1523 589 1594 Berdango,
616 1520 779 1576 celeri
801 1518 1006 1574 studuit
1033 1532 1091 1571 se
1120 1515 1337 1570 tramite
1362 1512 1525 1568 ferre.

285 1615 438 1670 Tunc
458 1616 531 1670 ibi
553 1618 891 1683 compererat
913 1608 1296 1665 Widokindum
1319 1607 1424 1661 iam
1446 1611 1805 1660 memoratum

284 1708 673 1776 Abbonemque
696 1703 878 1768 simul,
905 1702 998 1772 qui
1028 1702 1096 1756 de
1125 1698 1420 1755 maioribus
1447 1697 1566 1753 eius

283 1797 475 1854 Gentis
496 1804 669 1859 erant,
703 1809 974 1850 memores
1001 1791 1267 1847 scelerum
1297 1780 1513 1843 latitare
1546 1801 1768 1842 suorum

283 1888 510 1944 Finibus
537 1888 590 1941 in
613 1886 824 1956 patriis,
849 1898 986 1954 quos
1011 1888 1254 1952 sepserat
1276 1879 1343 1935 ad
1362 1876 1637 1934 borealem

282 1981 439 2035 Albia
466 1980 574 2035 lata
600 1979 812 2051 plagam
844 1977 994 2032 iuxta
1018 1974 1255 2030 conﬁnia
1280 1982 1461 2027 terrae

285 2073 584 2138 Danorum,
613 2072 790 2142 primo
819 2070 1041 2124 mittens
1059 2068 1126 2124 de
1146 2065 1355 2122 civibus
1376 2064 1507 2135 ipsis

286 2164 540 2236 Legatos,
560 2170 776 2218 ortatur
798 2176 915 2227 eos,
944 2175 1052 2231 quo
1080 2158 1301 2215 ﬂectere
1329 2156 1547 2211 tandem

287 2254 435 2310 Colla
461 2255 588 2321 sibi,
617 2252 850 2323 ﬁdeique
875 2268 1007 2307 suae
1036 2267 1096 2307 se
1117 2249 1342 2306 credere
1372 2245 1597 2310 vellent,

286 2344 573 2400 Commissi
595 2344 830 2409 veniam,
858 2356 1065 2397 necnon
1088 2349 1146 2397 et
1181 2338 1422 2410 praemia
1445 2336 1738 2407 spondens.

288 2434 517 2490 Conscia
539 2436 633 2490 sed
658 2434 839 2504 magni
869 2433 1188 2488 dubitarunt
1209 2431 1374 2487 corda
1404 2435 1590 2483 reatus

289 2527 388 2582 IIis
408 2527 476 2582 de
503 2527 811 2598 promissis,
834 2527 1007 2581 donec
1032 2524 1246 2579 ﬁrmata
1278 2522 1473 2578 salutis

294 2618 434 2690 Spes
453 2627 537 2674 est
562 2618 842 2674 obsidibus
869 2617 1048 2673 missis
1068 2630 1205 2687 quos
1229 2615 1592 2686 expeticrunt.

293 2709 442 2777 Quos
469 2717 533 2764 ut
552 2707 889 2763 Amulwinus
907 2706 1128 2778 quidam
1156 2706 1477 2762 vernaculus
1503 2705 1658 2763 aulae

292 2798 467 2870 Ipsius
488 2799 731 2864 adduxit,
759 2805 1120 2868 properarunt
1150 2797 1401 2867 protinus
1428 2797 1586 2852 ambo

298 2890 382 2945 Ad
413 2904 619 2960 regem,
645 2890 751 2944 iam
781 2898 910 2943 tunc
934 2888 1111 2942 fuerat
1134 2889 1226 2958 qui
1255 2886 1394 2965 forte
1424 2903 1678 2944 reversus

297 2982 380 3037 Ad
410 2981 593 3036 villam
620 2981 896 3051 propriam
927 2995 1034 3050 que
1057 2979 1255 3034 dicitur
1278 2978 1605 3034 Attiniacus.

297 3071 398 3127 Ilic
424 3072 567 3127 idem
586 3086 843 3142 proceres
871 3071 1013 3125 sacri
1040 3069 1379 3140 laptismatis
1403 3070 1545 3125 unda

299 3161 534 3227 Perfusi,
559 3162 774 3216 tandem
810 3162 923 3233 regi
954 3176 1205 3217 mansere
1232 3160 1438 3226 ﬁdeles,

296 3255 524 3326 Ipsaque
557 3270 689 3325 gens
719 3255 926 3324 aliquot
955 3257 1298 3325 requieverat
1323 3254 1447 3309 inde
1475 3269 1572 3325 per
1595 3269 1781 3310 annos.

299 3348 511 3404 Inierea
541 3348 759 3417 quidam
785 3347 1141 3401 coniuravere
1169 3346 1412 3418 maligni,

302 3439 373 3496 Ut
398 3439 574 3495 dirum
597 3438 807 3495 facinus
833 3439 1099 3495 scelerato
1119 3439 1281 3494 corde
1304 3447 1603 3509 patrarent,

300 3531 397 3586 Vel
422 3530 566 3586 ferro
594 3546 800 3602 regem,
829 3531 913 3584 vel
940 3531 1181 3600 qualibet
1208 3540 1325 3585 arte
1348 3531 1610 3586 necando.

300 3617 554 3674 Criminis
588 3619 835 3674 incentor
864 3619 1181 3674 Ilardradus
1209 3628 1336 3676 tunc
1359 3636 1543 3677 comes
1570 3621 1730 3678 huius

304 3708 593 3772 Extiterat,
624 3710 719 3763 sed
751 3718 810 3762 ut
840 3708 1039 3764 indicio
1063 3708 1239 3763 delata
1270 3710 1412 3764 ﬁdeli

305 3797 490 3853 Factio
519 3812 647 3852 seva
672 3796 790 3862 fuit,
818 3797 1002 3851 statim
1033 3798 1216 3853 sedata
1246 3799 1471 3868 quievit,

306 3888 502 3959 Ingens
532 3887 686 3943 valde
711 3886 852 3943 foret
881 3885 1006 3942 licet
1033 3895 1089 3943 et
1116 3888 1278 3943 nimis
1299 3889 1502 3944 acriter
1525 3898 1666 3946 orta.

304 3979 570 4035 Auctores
594 3979 712 4035 eius
740 3978 943 4050 privari
967 3979 1168 4034 lumine
1187 3981 1469 4048 quosdam,

307 4069 483 4126 Exilio
508 4069 746 4140 reliquos
780 4070 1061 4141 dampnari
1094 4068 1324 4125 iusserat
1349 4072 1464 4141 ipse

307 4163 424 4219 Rex
447 4176 655 4219 summe
679 4162 943 4233 prudens,
977 4162 1131 4218 cuius
1158 4160 1444 4218 clementia
1469 4164 1600 4219 nulli

311 4256 643 4313 Reddiderat
668 4257 887 4328 dignam
913 4264 1064 4312 tanto
1091 4272 1192 4327 pro
1229 4256 1459 4313 crimine
1497 4273 1753 4329 poenam.

766 4438 915 4494 Anno
943 4438 1066 4497 786.
1097 4438 1294 4496 Indict.
1327 4442 1383 4498 8.

314 4610 491 4682 Magni
523 4610 742 4667 decreto
764 4610 944 4667 Caroli
972 4613 1223 4682 sacrique
1247 4621 1473 4670 senatus

314 4701 512 4756 Missus
540 4701 595 4755 in
622 4701 874 4757 occiduas
894 4703 1165 4759 exercitus
1189 4698 1322 4760 exiit
1344 4705 1524 4771 horas,

316 4792 561 4847 Subdere
584 4792 883 4858 Brettones,
910 4802 1123 4864 gentem
1154 4802 1282 4851 tunc
1311 4794 1452 4851 forte
1484 4796 1764 4853 rebellem.

322 4881 501 4936 Insula
525 4880 680 4935 cuius
704 4889 822 4935 erat
846 4881 1073 4938 fecunda
1094 4883 1372 4940 Britannia
1398 4886 1599 4942 dudum

322 4974 537 5041 Patria;
571 4988 802 5043 namque
830 4973 940 5031 illic
968 4976 1247 5032 habitabat
1274 4986 1519 5048 tempore
1547 4979 1738 5045 multo,

322 5068 567 5139 Cumque
586 5081 756 5123 novas
776 5067 934 5138 Angli
959 5068 1114 5123 sedes
1140 5069 1245 5124 sibi
1270 5086 1535 5141 quaerere
1556 5071 1775 5137 vellent,

320 5162 672 5232 Saxonesque
698 5160 857 5216 simul
885 5161 1025 5217 hanc
1046 5162 1291 5217 invasere
1318 5161 1548 5229 feroces,

278 5244 283 5245 ί
322 5252 540 5324 Expulsi
565 5252 749 5307 statim
770 5259 980 5306 veteres
1008 5265 1223 5306 cessere
1246 5251 1422 5307 coloni
1450 5271 1462 5307 :

323 5342 554 5399 Maxima
584 5358 710 5414 pars
734 5358 963 5413 quorum
992 5340 1204 5413 fugiens
1230 5359 1381 5398 mare
1410 5346 1644 5407 transiit,
1679 5354 1838 5415 atque

323 5432 496 5488 Callia
519 5450 624 5504 qua
646 5433 780 5490 ﬁnes
803 5434 966 5490 habet
985 5442 1281 5500 extremos,
1310 5435 1383 5489 ibi
1413 5436 1627 5490 tandem

328 5522 603 5580 Fluctibus
625 5526 815 5582 oceani
837 5540 944 5595 que
971 5524 1219 5595 proxima
1252 5524 1461 5579 viderat
1487 5541 1610 5581 arva

403 5713 426 5738 τι
466 5701 575 5755 Vox
607 5701 828 5766 olitissa,
870 5700 1099 5757 secunda
1134 5717 1295 5756 manu
1348 5700 1400 5756 in
1434 5699 1549 5777 .line
1583 5716 1768 5755 versus
1823 5698 1914 5755 ad-

334 5768 466 5824 dita.

1620 289 1869 352 POETA:
1912 289 2209 347 SAXONIS

1892 404 1940 462 Α
1966 398 2229 465 Detinuit,
2255 399 2454 469 quibus
2483 398 2536 452 in
2560 397 2720 452 terris
2744 396 2850 453 huc
2873 411 3043 466 usque
3069 405 3335 463 moratur,

3446 283 3551 341 700

1966 490 2227 544 Indicium
2251 489 2462 559 patriae
2483 488 2598 543 solo
2626 487 2761 543 dans
2780 487 3000 543 nomine
3022 488 3255 557 priscae.

1969 581 2112 635 Haec
2132 597 2162 635 a
2187 580 2524 650 principibus
2550 578 2882 633 Francorum
2905 594 3047 649 gens.
3065 588 3347 651 superata.»

1890 741 1895 746 _
1969 672 2190 726 Solvere
2213 671 2444 742 vectigal
2467 671 2717 740 quamvis
2743 670 2913 730 invita
2941 671 3162 726 solebat.

1968 763 2102 818 Cum
2129 771 2417 835 temptaret
2443 778 2511 818 eo
2538 762 2882 817 dominorum
2912 770 3154 832 tempore
3181 763 3326 819 iussa

1969 854 2259 924 Spernere,
2288 855 2528 910 directus
2551 854 2738 909 multis
2760 869 2884 909 eum
2910 854 3126 910 milibus
3154 855 3279 913 illuc

1970 941 2086 996 Dux
2117 943 2384 998 Audnlfus
2403 960 2526 999 eam
2554 942 2718 999 celeri
2744 945 2948 1000 virtute
2971 946 3252 1015 repressit,

1972 1034 2039 1089 Et
2066 1035 2199 1091 satis
2226 1035 2467 1090 edomuit
2492 1035 2673 1106 populi
2706 1033 2820 1090 fera
2846 1036 3010 1090 corda
3038 1037 3254 1092 rebellis

1972 1123 2106 1178 Tum
2133 1124 2273 1193 regis
2295 1139 2479 1193 regum
2507 1122 2708 1179 Christi
2734 1124 2934 1193 pietate
2962 1124 3201 1191 iuvante,

1972 1214 2241 1284 Disposito
2266 1214 2491 1269 Carolus
2520 1229 2706 1284 regno,
2735 1215 3058 1286 placidaque
3087 1231 3185 1286 per
3210 1219 3407 1275 orbem

1975 1304 2225 1375 Undique
2246 1320 2379 1375 pace
2401 1305 2547 1370 data,
2579 1306 2768 1359 statuit
2789 1306 3015 1360 Romam
3040 1306 3330 1375 proﬁcisci,

1974 1396 2084 1452 Nec
2109 1411 2215 1451 non
2245 1396 2431 1453 Italiae
2453 1397 2716 1467 reliquam
2741 1399 2843 1453 sibi
2868 1395 3111 1454 subdere
3122 1408 3350 1469 partem,

1975 1487 2143 1543 Cuius
2170 1498 2291 1544 erat
2315 1489 2518 1544 victum
2542 1496 2704 1559 caput
2726 1499 2779 1544 et
2808 1505 2936 1559 pars
2967 1490 3222 1555 maxima,
3248 1499 3404 1561 capto

1976 1579 2087 1634 Iam
2119 1580 2417 1646 Desiderio,
2444 1580 2921 1651 Langobardisque
2949 1581 3210 1637 subactis.

1978 1671 2216 1726 Ducatus
2247 1670 2663 1727 Beneventanae
2681 1681 2888 1727 tantum:
2922 1672 3158 1743 regionis

1906 1778 1955 1838 Β
1982 1761 2097 1816 Νοιι
2126 1762 2201 1817 illi
2224 1763 2509 1818 subiectus
2525 1771 2665 1829 erat,
2698 1764 2784 1818 cui
2814 1763 3051 1833 praefuit
3073 1764 3167 1819 illo

1981 1855 2249 1925 Tempore
2277 1856 2385 1911 dux
2414 1855 2695 1926 Aragisus.
2723 1856 2859 1911 Eum
2897 1865 3026 1913 tunc
3057 1855 3405 1928 aggrediendi.

1979 1948 2254 2009 Accensus
2287 1948 2803 2018 studio,'partesque
2823 1951 3096 2021 prolectus
3120 1950 3175 2005 in
3201 1950 3337 2014 illas,

1981 2037 2337 2095 Accelerabat
2363 2040 2486 2104 iter,
2511 2056 2675 2110 quem
2704 2055 2808 2095 non
2834 2041 3053 2096 tardare
3076 2041 3293 2097 valebat

1986 2127 2082 2184 Vel
2110 2128 2350 2199 glacialis
2374 2129 2547 2185 hiems
2572 2130 2745 2184 solitis
2768 2130 2876 2184 iam
2899 2131 3176 2187 mensibus
3201 2132 3431 2197 instans,

1987 2220 2083 2277 Vel
2108 2221 2193 2275 via
2223 2221 2496 2276 terribiles
2524 2222 2642 2276 visu
2667 2222 2972 2277 scandenda
2996 2237 3091 2292 per
3115 2224 3279 2292 Alpes

1989 2312 2260 2368 Montibus
2284 2313 2336 2366 in
2358 2313 2603 2376 summis,
2631 2313 2722 2368 ubi
2750 2322 2926 2369 tectae
2953 2316 3190 2371 nubibus
3211 2317 3353 2372 atris.

1986 2403 2066 2458 Ac
2093 2404 2213 2459 nive
2239 2412 2496 2474 perpetua
2525 2419 2686 2473 rupes
2711 2404 2779 2458 ad
2803 2404 2982 2460 sidera
3010 2415 3265 2475 surgunt,

1990 2494 2347 2551 Transcensis
2372 2495 2578 2566 quibus
2609 2494 2823 2551 halicae
2849 2497 3154 2551 intraverat
3180 2498 3368 2553 urbes.

1991 2587 2071 2641 Ex
2098 2587 2295 2656 quibus
2320 2595 2404 2641 est
2435 2587 2667 2656 quedam
2694 2585 2968 2653 Florentia
2996 2589 3218 2643 nomine
3244 2590 3411 2654 dicta,

1990 2676 2049 2730 In
2076 2691 2183 2746 qua
2211 2676 2441 2745 virginei
2473 2684 2661 2745 partus
2685 2675 2871 2731 ﬂorem
2904 2686 3216 2743 veneratus,

1992 2770 2192 2826 Cbristi
2222 2769 2561 2826 sanctiﬁcum
2586 2770 2809 2841 supplex
2830 2770 3203 2827 celebraverat
3228 2772 3455 2827 hortum.

1993 2865 2120 2920 Inde
2149 2865 2257 2921 cito
2282 2863 2510 2920 Romam
2532 2879 2695 2919 cursu
2716 2871 3004 2933 penetrare
3024 2864 3243 2936 sategit.

1996 2956 2113 3023 Quo
2139 2972 2262 3012 cum
2293 2956 2527 3027 suscepti
2553 2964 2796 3012 tractans
2820 2955 3096 3010 molimina
3127 2956 3250 3011 belli

1998 3050 2229 3104 Parvum
2257 3049 2579 3117 transigeret
2607 3056 2838 3117 tempus,
2866 3047 3095 3117 cupiens
3114 3046 3379 3118 Aragisus

1920 3146 1969 3209 ο
2002 3142 2155 3197 Hunc
2182 3158 2316 3197 auro
2343 3155 2503 3212 quem
2533 3158 2638 3196 non
2680 3142 2854 3212 potuit
2883 3141 3151 3211 depellere
3174 3140 3335 3205 ferro,

1996 3239 2100 3293 Per
2130 3244 2316 3291 natum
2340 3235 2488 3291 misit
2515 3235 2795 3305 proprium
2819 3249 2982 3304 quam
3012 3234 3247 3288 maxima
3268 3234 3424 3298 dona,

1997 3330 2326 3400 Supplicitcr
2347 3344 2536 3400 pacem
2576 3329 2836 3399 rogitans.
2869 3326 2975 3382 Sed
3004 3343 3100 3382 rex
3131 3327 3233 3382 sibi
3260 3326 3415 3393 longe

1995 3421 2072 3476 De
2102 3421 2263 3475 rebus
2286 3419 2457 3490 ceptis
2478 3419 2635 3474 aliter
2661 3426 2812 3474 ratus
2836 3434 2957 3474 esse
2983 3419 3299 3490 gerendum,

1995 3512 2111 3578 Qua
2140 3512 2331 3582 prebet
2356 3510 2493 3564 latos
2512 3509 2805 3580 Campania
2841 3509 3034 3564 fertilis
3061 3523 3245 3579 agros,

1996 3604 2126 3658 Illuc
2154 3614 2493 3674 progressus,
2520 3600 2705 3670 Capua
2732 3601 2977 3655 consedit
3008 3600 3062 3653 in
3086 3600 3246 3664 urbe,

1926 3746 1932 3761 ,
1995 3691 2259 3746 Gesturus
2284 3691 2469 3746 statim
2498 3691 2719 3755 bellum,
2753 3690 2857 3745 nisi
2885 3690 2993 3745 dux
3019 3698 3350 3745 memoratus

1996 3784 2253 3839 Prudenti
2283 3783 2500 3839 sibimet
2525 3782 2668 3837 facto
2692 3783 2830 3837 bene
2853 3781 3238 3837 consuluisset.

1997 3876 2132 3931 Nam
2160 3875 2337 3945 primo
2364 3873 2521 3929 ﬁrma
2547 3888 2608 3928 se
2632 3873 2826 3929 clausit
2850 3873 2905 3927 in
2930 3873 3065 3927 urbe
3089 3870 3319 3927 Salerno

1998 3968 2134 4023 Tum
2160 3975 2316 4021 natos
2335 3972 2596 4035 utrosque
2622 3980 2771 4030 suos,
2802 3979 3036 4035 quorum
3062 3964 3332 4018 vocitatus

2000 4054 2295 4111 Rumoldus
2324 4055 2497 4110 maior
2521 4053 2718 4119 fuerat,
2749 4053 3063 4110 Grimoldus
3083 4064 3139 4110 et
3168 4053 3325 4118 alter,

2001 4149 2177 4205 Missis
2205 4148 2399 4220 legatis
2430 4148 2543 4218 regi
2572 4148 2918 4213 contradidit,
2954 4163 3021 4204 ac
3045 4164 3106 4203 se

1997 4238 2168 4309 Ipsius
2194 4237 2442 4308 imperiis
2461 4237 2767 4292 subiectum
2801 4247 2985 4293 mente
3011 4236 3156 4293 ﬁdeli

1999 4331 2306 4386 Mansurum
2334 4329 2700 4400 pepulumque
2726 4344 2883 4384 suum
2912 4331 3241 4401 promiserat
3266 4342 3505 4385 omnem.

2000 4425 2220 4480 Talibus
2247 4423 2463 4488 oblatis,
2496 4422 2675 4478 Caroli
2704 4424 3045 4493 requieverat
3070 4423 3255 4488 ardor,

1933 4509 1979 4568 ἰ)
2005 4515 2405 4587 Precipuaeque
2435 4514 2606 4571 Deum
2632 4523 2898 4581 metuens,
2936 4530 3004 4569 ne
3031 4512 3474 4570 christicolaruu)

2005 4606 2294 4678 Sanguinis
2318 4605 2474 4662 eﬁ‘usi
2503 4608 2762 4677 posthaec
2789 4621 2915 4661 reus
2945 4606 3057 4676 ipse
3096 4614 3360 4663 maneret.

2003 4699 2278 4756 Abstinuit
2300 4699 2460 4763 bello,
2485 4714 2592 4754 non
2619 4700 2726 4754 iam
2759 4714 2956 4754 curans
2982 4698 3292 4751 latitantem

2004 4791 2331 4862 Expugnare
2361 4790 2576 4856 ducem,
2610 4804 2711 4845 nec
2734 4804 2840 4844 non
2868 4796 2924 4843 et
2948 4786 3095 4841 ﬁlius
3122 4785 3224 4855 ipsi

2006 4884 2309 4940 Concessus
2338 4881 2535 4947 maior,
2567 4880 2746 4934 minor
2770 4887 2855 4934 est
2883 4878 3157 4940 detentus,
3198 4883 3256 4929 nt
3280 4874 3440 4928 obses

2007 4975 2164 5030 Esset
2191 4974 2331 5044 apud
2356 4986 2568 5042 regem;
2600 4970 3008 5026 Beneventanus
3032 4981 3249 5038 quoque
3274 4974 3498 5019 cunctus

2009 5068 2215 5123 Dedere
2241 5082 2300 5122 se
2327 5064 2557 5135 populus
2587 5080 2693 5120 non
2723 5063 2949 5126 distulit,
2979 5046 3368 5128 obsidibusque

2012 5160 2251 5217 Undenis
2277 5173 2377 5229 pro
2400 5171 2536 5227 pace
2559 5155 2720 5217 datis,
2746 5156 2850 5210 hoc
2874 5153 3162 5209 deditionis

2009 5250 2348 5308 Conﬁrmans
2377 5246 2585 5311 foedus,
2615 5260 2715 5315 per
2740 5251 3077 5301 sacramenta
3110 5238 3418 5311 spopondit,

2013 5345 2084 5400 Ut
2112 5342 2356 5404 Francis,
2388 5354 2571 5394 rerum
2601 5337 2835 5393 dominis
2859 5337 2910 5401 ι’,
2940 5336 3170 5390 serviret
3190 5334 3245 5387 in
3277 5344 3482 5386 aevum.

2014 5436 2164 5489 Tunc
2190 5433 2415 5486 Romani
2441 5444 2721 5499 regressus
2742 5444 2928 5491 ovans,
2952 5427 3023 5482 ibi
3049 5434 3266 5496 pectore
3292 5423 3430 5478 Iacto

2019 5526 2247 5580 Maxima
2276 5522 2507 5593 pascalis
2529 5520 2823 5575 celebravit
2854 5518 3047 5588 gaudia
3078 5516 3220 5572 festi.

2091 5702 2116 5741 ι)
2143 5700 2219 5755 lix
2250 5696 2459 5769 Virgilii
2490 5693 2619 5750 ίΕιι.
2646 5711 2681 5759 t,
2727 5692 2850 5747 9.82.
