3868 6170
226 289 316 346 70l
535 283 788 341 ANNAL.
831 282 920 337 DE
959 266 1204 337 CESTIS
1237 277 1298 332 B.
1341 275 1588 333 CAROLI
1632 269 1846 328 MAGNI
1885 268 2064 324 LIBRI
2102 268 2166 324 ν.
2207 297 2277 308 -
2315 266 2476 323 VITA
2515 264 2783 322 CAROLI.
2819 295 2890 307 —
2926 265 3054 320 LIB.
3083 265 3146 319 II.
3383 262 3486 319 709

688 399 839 451 Anno
863 395 991 449 787.
1024 392 1217 446 Indict.
1247 391 1299 446 9.
1835 382 1882 441 A
1911 380 2233 450 Perpetuam
2254 380 2517 450 spondere
2546 378 2704 434 ﬁdem
2731 393 2827 433 seu
2849 377 3229 433 subditionem.

220 494 410 550 Adhuc
437 487 694 544 Romulea
718 489 847 541 dum
868 501 959 539 rex
990 482 1277 537 mansisset
1300 480 1354 534 in
1382 480 1536 542 urbe,
1907 470 2159 524 Preterea
2183 471 2296 540 regi
2329 470 2608 525 duodenus
2637 471 2872 524 traditur
2898 469 3058 524 obses
3081 480 3127 522 υ.

223 584 434 640 Tassilo
459 581 662 652 legatos
687 577 985 633 Adrianum
1014 573 1164 628 misit
1186 573 1253 627 ad
1282 571 1504 625 almum
1910 559 2312 652 Iit'gressusque
2339 561 2553 652 dehinc,
2583 559 2808 652 hiberno
2829 568 3073 652 tempore
3100 567 3216 652 toto

221 647 564 736 Pontiﬁcem,
593 684 821 740 quorum
849 666 950 720 fuit
974 665 1153 718 Arnus
1177 663 1463 732 episcopus
1485 672 1643 723 unus,
1913 648 2109 704 Mansit
2131 649 2185 704 in
2213 649 2598 720 Ingulenheim,
2625 649 2783 704 sedes
2804 648 2893 702 ubi
2923 649 3067 718 regia
3095 647 3280 718 fulget.

220 768 404 822 Abbas
434 763 572 818 alter
597 768 714 816 erat
736 757 1009 813 Hunricus
1033 754 1253 809 nomine
1271 752 1469 816 dictus,
2377 743 2528 795 Anno
2554 741 2676 797 788.
2713 741 2908 794 Indici.
2951 741 3036 795 10.

223 857 436 912 Obnixe
459 852 720 922 rogitans,
749 850 891 903 idem
917 846 1182 902 mediator
1210 831 1270 897 ιιῖ
1293 850 1438 898 esset
1916 831 2048 887 Cum
2073 848 2180 888 rex.
2195 833 2248 888 in
2276 834 2402 888 villa
2426 834 2543 888 ﬁeri
2574 834 2820 888 iussisset
2842 835 3030 903 eadem

224 948 373 1002 Inter
403 961 465 1000 se
493 951 549 999 et
587 940 838 997 Carolum
863 937 1016 1008 pacis
1041 935 1274 1003 ﬁdeique
1295 939 1577 1002 sequester
1598 942 1646 982 ο.
1916 923 2251 979 Conventum
2275 939 2560 994 procerum
2592 923 2875 993 sollempni
2903 938 3054 978 more
3077 937 3316 984 suorum,

225 1037 341 1092 Hoc
371 1033 603 1088 antistes
624 1028 952 1100 apostolicus
987 1033 1138 1079 ratus
1161 1037 1280 1078 esse
1300 1022 1577 1084 decorum,
1918 1014 2052 1071 Cum
2080 1015 2300 1087 reliquis
2326 1017 2490 1071 etiam
2520 1015 2620 1070 fuit
2643 1017 2752 1070 illic
2777 1016 2987 1071 Tassilo
3014 1030 3289 1086 praesens.

224 1126 294 1182 Ut
331 1123 484 1179 Petri
515 1123 581 1178 de
609 1121 737 1175 sede
764 1132 920 1174 sacra
948 1114 1236 1171 concordia
1263 1113 1410 1182 pacis
1919 1105 2091 1171 Quem
2119 1107 2371 1177 proprius
2397 1106 2673 1176 quondam
2708 1107 2958 1178 populus,
2989 1108 3077 1162 cui
3103 1106 3336 1176 praefuit
3370 1107 3504 1178 ipse,

223 1217 558 1271 Restaurata
584 1211 740 1266 daret
777 1208 1004 1264 ducibus
1029 1203 1348 1276 populisque
1377 1203 1636 1272 quietem,
1921 1199 2250 1256 Criminibus
2279 1201 2490 1271 magnis
2517 1201 2926 1271 maiestatisque
2955 1212 3109 1258 reatu

222 1309 504 1363 Instanter
533 1277 897 1372 regem'petiit
921 1298 1192 1367 deponere
1217 1303 1443 1350 cunctas
1922 1288 2223 1357 Accusans,
2252 1293 2395 1362 regis
2422 1293 2617 1346 merito
2646 1303 3017 1348 commoverat
3043 1295 3205 1361 iram,

222 1397 402 1453 Corde
433 1391 758 1449 simultates.
788 1388 870 1442 Ad
893 1403 999 1458 que
1028 1401 1150 1441 cum
1179 1393 1355 1440 mente
1378 1386 1610 1456 benigna
1924 1379 2176 1436 Obiciens
2201 1383 2397 1453 primo,
2423 1385 2568 1453 quod
2594 1384 2808 1440 foedere
2836 1385 3124 1440 deditionis

221 1488 530 1545 Annucret,
563 1479 717 1535 ducis
743 1479 811 1532 ab
841 1475 1026 1531 missis
1052 1474 1326 1544 inquirere
1355 1475 1555 1544 coepit,
1925 1469 2202 1542 Negleeto,
2231 1489 2338 1542 quo
2366 1475 2670 1530 subiectum
2697 1491 2792 1531 seu
2819 1485 3040 1546 pectore
3070 1476 3234 1529 ﬁdum

223 1573 419 1628 Pactio
455 1586 563 1642 quo
589 1583 850 1641 praesens
878 1575 1022 1622 esset
1054 1566 1317 1621 ﬁrmanda
1341 1574 1549 1620 tenore.

225 1662 422 1735 Legati
453 1660 588 1714 nihil
616 1659 922 1713 iniunctum
945 1657 1012 1712 de
1039 1671 1098 1712 re
1126 1656 1230 1711 sibi
1259 1655 1372 1720 tali,

225 1757 342 1811 Sed
364 1755 582 1810 domino
611 1765 870 1821 responsa
901 1765 1018 1814 suo,
1050 1764 1190 1820 quae
1221 1765 1316 1804 rex
1346 1749 1498 1802 daret
1519 1757 1575 1801 et
1602 1761 1741 1815 quae

223 1843 460 1900 Praesul
490 1839 838 1912 apostolicus,
870 1847 1085 1893 tantum
1110 1837 1391 1893 referenda
1420 1835 1677 1890 fatentur.

225 1938 581 2004 QuaprOpter
603 1939 880 2001 tamquam
904 1929 1133 1992 fallacia,
1150 1927 1443 1995 fraudeqne
1462 1926 1620 1995 plena

226 2025 373 2096 Papa
401 2031 654 2079 sacratus
681 2035 775 2075 eos
801 2019 1004 2090 Sprevit
1033 2018 1282 2072 mandata
1310 2016 1564 2080 ferentes,

225 2114 587 2170 Damnandos
615 2112 782 2167 etiam
808 2119 1052 2166 statuens
1089 2109 1438 2164 anathemate
1475 2108 1617 2172 diro,

225 2208 546 2264 Promissae
583 2204 783 2260 dudum
815 2201 937 2257 ﬁdei
969 2203 1015 2257 si
1048 2215 1300 2272 rumpere
1329 2199 1520 2254 foedus

225 2298 614 2368 Temptarent,
655 2293 798 2364 quod
828 2307 952 2347 cum
981 2291 1174 2346 Carolo
1203 2291 1457 2360 pepigere
1486 2287 1750 2342 volentes.

228 2391 438 2460 Sicque
465 2387 834 2457 relinquentes
863 2384 1060 2440 infecta
1091 2383 1307 2454 negotia
1334 2381 1511 2452 pacis,

229 2483 308 2538 Ad
329 2481 576 2553 patriam
598 2480 807 2534 rediere
830 2493 1004 2532 suam.
1032 2476 1168 2540 Rex,
1201 2476 1287 2530 his
1315 2487 1530 2544 quoque
1555 2471 1746 2543 gestis,

229 2572 578 2626 Francorum
606 2569 782 2624 laetus
811 2575 1148 2622 remeaverat
1171 2567 1226 2621 in
1259 2567 1558 2636 regionem,

228 2662 652 2730 Conciliumque
680 2660 874 2715 dehinc
902 2674 1189 2730 procerum
1213 2657 1467 2728 generale
1495 2672 1721 2712 suorum

229 2755 382 2809 Intra
409 2750 765 2807 Wormaciae
798 2765 984 2805 muros
1014 2749 1248 2820 collegit,
1285 2756 1340 2803 et
1369 2748 1478 2804 illic

235 2843 524 2907 Decrevit,
558 2849 707 2896 certo
736 2856 844 2912 quo
874 2842 1110 2897 disceret
1134 2842 1524 2912 experimento,

234 2938 576 2994 Utrumnam
602 2935 817 2989 sibimet
841 2941 1174 2989 memoratus
1199 2934 1408 2989 Tassilo
1433 2933 1594 2988 vellet

232 3027 483 3083 Iuratam
513 3037 735 3078 servare
765 3021 924 3077 [idem
953 3023 1229 3077 subiectus
1252 3031 1307 3076 et
1330 3037 1472 3077 esse.

236 3120 398 3177 Unde
421 3131 530 3174 suo
558 3114 780 3187 populos
803 3130 968 3186 regno
990 3115 1240 3185 perduxit
1269 3115 1339 3169 ad
1377 3128 1566 3169 omnes

234 3212 432 3268 Fortia
463 3217 650 3264 castra
679 3208 860 3273 nimis,
893 3207 1060 3262 ternis
1086 3206 1140 3260 in
1164 3206 1410 3276 partibus
1435 3205 1551 3274 ipsa

236 3305 584 3375 Disponens,
613 3299 847 3355 Baioarii
874 3315 980 3369 quo
1010 3307 1161 3353 tanta
1188 3305 1450 3368 paverent

239 3395 520 3467 Agmina;
554 3407 680 3446 nam
710 3398 921 3446 terrore
947 3391 1138 3462 magis,
1170 3405 1333 3458 quam
1361 3387 1622 3456 sanguine
1648 3386 1768 3442 fuso

241 3489 619 3546 Christicolae
644 3487 810 3543 voluit
836 3487 1010 3558 plebis
1035 3501 1294 3558 superare
1322 3494 1606 3540 tumorem.

241 3579 543 3651 Pippinus,
573 3577 714 3648 regis
750 3585 926 3642 natus,
953 3591 1078 3630 eum
1109 3575 1279 3630 milite
1316 3573 1487 3628 multo

239 3673 460 3728 Italicis
488 3670 614 3725 illuc
641 3668 805 3723 fultus
831 3667 1134 3738 legionibus
1155 3667 1289 3732 ibat,

239 3766 475 3836 Perque
501 3762 883 3817 Tredentinam
905 3775 1000 3815 sua
1033 3760 1261 3820 duxerat
1288 3757 1504 3826 agmina
1529 3756 1742 3811 vallem.

240 3858 349 3910 Ast
381 3852 672 3908 orientalis
700 3866 835 3921 quos
865 3851 999 3905 haec
1024 3850 1077 3904 in
1104 3849 1306 3921 pmelia
1332 3849 1483 3904 misit

243 3949 520 4012 Francia,
546 3945 787 4001 Saxones
811 3945 973 4000 etiam
1000 3951 1112 3998 tum
1144 3944 1294 4015 signa
1325 3951 1613 4013 sequentes

245 4041 454 4112 Regia,
489 4039 570 4094 sic
600 4039 750 4103 iussi,
779 4039 1048 4109 quendam
1072 4037 1340 4108 Pheringa
1368 4044 1620 4091 vocatum

244 4132 475 4187 Armati
502 4131 702 4200 petiere
727 4129 927 4193 locum,
952 4143 1118 4198 prope
1142 4128 1300 4183 litora
1321 4119 1500 4199 magni

248 4222 526 4286 Danubii,
557 4220 734 4290 prisco
762 4220 853 4290 qui
895 4219 1114 4274 nomine
1156 4219 1356 4274 dicitur
1381 4217 1583 4272 Ilister.

245 4317 378 4386 Ipse
406 4328 578 4383 super
601 4312 891 4376 Lecehum,
923 4318 1106 4366 certus
1135 4310 1227 4379 qui
1260 4309 1524 4364 terminus
1551 4306 1727 4362 amnis

245 4409 359 4466 Est
389 4408 542 4462 inter
563 4404 839 4459 Baioarios
869 4419 970 4458 nec
998 4418 1105 4457 non
1131 4401 1475 4464 Alamannos,

248 4501 432 4559 Urbis
460 4499 534 4554 ad
561 4497 834 4568 Augustae
860 4494 1092 4551 conﬁnia
1123 4499 1304 4548 castra
1333 4492 1550 4548 locavit.

249 4592 626 4663 Stipatusque
651 4604 814 4643 manu
839 4587 1041 4652 valida,
1079 4601 1202 4642 cum
1239 4585 1431 4639 Norica
1462 4598 1646 4653 regna,

247 4681 490 4739 Tassilo
519 4695 659 4749 quae
684 4679 874 4742 tenuit,
906 4675 1052 4732 ferro
1077 4683 1424 4746 prosternere
1448 4672 1627 4734 vellet,

248 4775 530 4842 Undique
553 4771 662 4825 dux
693 4771 833 4825 idem
862 4769 1280 4824 circumsessum
1303 4767 1330 4806 b
1358 4765 1475 4820 fore
1501 4779 1620 4819 sese

247 4862 655 4935 Conspiciens,
681 4860 905 4930 supplex
933 4850 1067 4914 adiit
1096 4857 1322 4928 vestigia
1365 4854 1527 4925 regis,

247 4953 503 5011 Devotis
524 4951 693 5006 vitam
715 4951 967 5021 precibus
991 4949 1309 5017 veniamque
1338 4951 1609 5016 precatus.

248 5049 371 5116 Qui
399 5045 532 5116 quia
565 5051 755 5098 natura
787 5041 963 5096 fuerat
989 5040 1325 5105 mitissimus,
1360 5037 1456 5100 illi,

251 5141 452 5206 Quem
478 5123 693 5205 penitus
739 5132 942 5187 vietum
965 5130 1100 5185 vidit
1124 5128 1508 5198 humilemque,
1541 5125 1802 5197 pepercit.

252 5226 524 5284 Foedera
546 5224 727 5294 prisca
755 5231 935 5277 tamen
957 5236 1145 5275 rursus
1170 5219 1547 5274 Baioariorum

251 5317 618 5379 Firmantur,
642 5311 839 5382 populo
865 5326 965 5384 per
991 5318 1332 5366 sacramenta
1355 5317 1543 5364 coacto

1930 1561 2001 1618 Se
2027 1561 2142 1618 fore
2173 1564 2391 1630 iuravit,
2419 1567 2575 1621 donis
2596 1568 2897 1636 crebroque
2921 1576 3112 1638 rogatu

1929 1649 2194 1724 lnstigans
2222 1655 2426 1719 Hunos,
2449 1655 2673 1711 Francis
2701 1657 2776 1711 ita
2801 1655 3006 1712 fecerat
3031 1659 3232 1719 hostes,

1857 1724 1906 1784 Β
1939 1744 2008 1800 Ut
2035 1745 2232 1801 vellent
2257 1747 2485 1817 sumptis
2514 1755 2733 1803 vastare
2762 1747 3016 1803 ferociter
3043 1750 3212 1804 armis

1934 1835 2154 1891 Illorum
2183 1835 2318 1891 ﬁnes
2339 1836 2700 1906 Carolumque
2730 1838 2994 1893 lacessere
3020 1839 3180 1893 bello.

1937 1926 2065 1981 Eius
2091 1935 2152 1980 ut
2182 1929 2284 1982 hoc
2313 1927 2514 1982 faceret
2544 1928 2847 1999 Leutberga
2879 1939 3125 1984 suaserat
3150 1947 3309 1996 uxor,

1937 2017 2086 2084 Quae
2111 2018 2370 2074 Desiderii
2399 2019 2576 2075 fuerat
2605 2021 2729 2090 quia
2764 2020 2871 2076 ﬁlia
2903 2024 3066 2092 regis,

1937 2113 2065 2167 Post
2094 2113 2264 2183 patris
2291 2113 2511 2167 exilium
2543 2113 2766 2169 Francis
2792 2114 3011 2169 inimica
3045 2117 3317 2180 manebat,

1937 2202 2320 2272 Foemineique
2347 2217 2543 2273 gerens
2565 2205 2672 2258 odii
2703 2206 2804 2259 sub
2832 2213 3050 2276 pectore
3077 2206 3344 2270 ﬂammas,

1940 2292 2151 2347 Mittere
2180 2294 2284 2347 iam
2310 2293 2537 2364 pepulos
2566 2295 2618 2349 in
2646 2310 2855 2350 summa
2881 2297 3119 2366 pericula
3150 2314 3318 2368 pravo

1939 2383 2178 2439 Consilio
2206 2381 2432 2451 studuit,
2466 2401 2572 2440 non
2602 2402 2824 2453 curans,
2853 2389 3112 2458 sanguine
3140 2397 3344 2458 quanto

1940 2473 2171 2528 llumani
2198 2475 2413 2546 generis
2440 2476 2580 2540 fuso,
2609 2486 2742 2547 quot
2771 2479 3047 2548 utrimque
3075 2479 3318 2549 perirent

1942 2564 2106 2631 Milia,
2135 2566 2262 2622 dum
2293 2574 2502 2623 tantum
2528 2566 2755 2623 Francis
2781 2567 2983 2624 inferre
3011 2569 3228 2624 labores

1941 2657 2212 2713 Bellorum
2241 2665 2491 2730 satagens
2517 2675 2618 2714 nee
2649 2675 2755 2714 non
2784 2660 3063 2731 dispendia
3085 2677 3288 2726 rerum,

1945 2747 2145 2805 Ulcisci
2175 2760 2386 2819 patrem
2417 2749 2510 2803 tali
2540 2752 2752 2806 ratione
2779 2751 3005 2806 valeret.

1943 2838 2231 2894 Praeterea
2257 2842 2416 2896 dictis
2439 2853 2537 2896 seu
2571 2841 2730 2898 factis
2758 2844 3004 2914 pluribus
3033 2844 3106 2898 illi

1945 2932 2202 2997 Obiectis,
2246 2934 2444 3002 quibus
2489 2935 2688 2994 indicio
2735 2935 2976 2991 clarebat
3001 2945 3214 3007 aperto,

1946 3023 2101 3090 Quod
2128 3025 2326 3079 violata
2355 3025 2487 3081 ﬁdes
2515 3036 2678 3093 esset,
2703 3029 2848 3097 quod
2877 3028 3095 3084 foedere
3121 3037 3305 3100 spreto

1957 3077 1991 3090 η.
2166 3077 2206 3079 κ-
2356 3077 2483 3081 wn
2521 3077 2678 3093 νην-ι
2709 3077 2848 3097 ηις-ν-
2877 3077 3052 3084 ww-—

1868 3077 1915 3136 Ε
1952 3115 2159 3170 Tassilo
2188 3116 2404 3170 molitus
2433 3116 2596 3172 fuerit
2625 3120 2897 3173 contraria
2931 3121 3065 3188 regi,

1949 3207 2064 3277 Ipse
2093 3207 2228 3261 nihil
2257 3208 2450 3262 horum
2479 3207 2564 3261 vel
2593 3217 2847 3278 coeperat
2871 3210 3102 3265 inﬁciari

1949 3297 2048 3353 Vel
2076 3306 2309 3367 poterat,
2337 3299 2430 3352 sed
2456 3298 2736 3354 convictus
2758 3315 2949 3364 noxae,
2980 3302 3196 3371 capitali

1950 3391 2286 3458 Dampnatur
2312 3403 2505 3459 poena.
2541 3389 2730 3445 Merito
2759 3391 2837 3446 sic
2865 3392 3046 3446 evenit
3073 3392 3171 3458 illi,

1951 3479 2246 3536 Consilium
2277 3479 2522 3550 quisquis
2546 3478 2710 3534 fuerit
2741 3481 3000 3539 muliebre
3021 3491 3257 3538 secutus.

1951 3571 2023 3626 At
2062 3571 2206 3643 regis
2234 3572 2411 3640 pietas
2440 3572 2788 3642 dampnatum
2829 3575 3077 3645 protinus
3113 3576 3259 3630 illum

1952 3661 2215 3727 Absolvit,
2248 3662 2532 3717 retrahens
2559 3663 2674 3732 ipso
2704 3664 2771 3720 de
2798 3663 2982 3721 limine
3011 3668 3223 3730 mortis,

1955 3754 2024 3808 Et
2048 3754 2254 3811 factum
2285 3757 2609 3812 monachum
2636 3773 2855 3816 servare
2888 3763 3270 3818 monasteriale

1954 3847 2297 3918 Propositum
2324 3850 2499 3905 iussit.
2530 3851 2741 3908 Iuvenis
2767 3869 2982 3923 quoque
3009 3865 3169 3911 natus
3195 3857 3263 3911 ab
3291 3857 3400 3919 illo,

1955 3937 2163 3994 Nomen
2193 3940 2396 3996 habens
2423 3942 2664 4008 Theodo,
2697 3946 2953 4022 genitoris
2983 3947 3126 4002 facta
3151 3947 3174 3986 ἀ
3207 3957 3445 4013 secutus,

1957 4030 2418 4103 Contemplativae
2447 4047 2762 4106 susceperat
2791 4039 2901 4093 otia
2929 4040 3092 4095 vitae.

1956 4123 2027 4178 At
2055 4140 2186 4180 vero
2214 4125 2375 4192 Huni,
2411 4129 2603 4183 studiis
2633 4145 2764 4199 gens
2806 4146 2996 4200 aspera
3037 4132 3181 4193 belli,

1959 4217 2208 4273 Praefato
2233 4221 2497 4290 promissa
2525 4221 2646 4274 duci
2678 4221 2946 4291 complere
2975 4224 3270 4279 studentes.

1958 4308 2242 4364 Instruetis
2271 4311 2602 4365 exercitibus
2631 4326 2858 4380 coepere
2887 4312 3100 4368 duobus

1890 4417 1943 4477 ι)
1965 4400 2300 4456 Francorum
2329 4400 2476 4470 regni
2509 4400 2644 4456 fines
2671 4404 2922 4458 invadere
2949 4406 3232 4474 quosdam.

1967 4494 2150 4548 Italiae
2174 4501 2356 4564 partes
2383 4511 2548 4549 unum
2574 4504 2950 4568 penetraverat
2972 4512 3186 4568 agmen,

1967 4584 2192 4654 Quaque
2221 4584 2361 4640 Foro
2389 4601 2580 4640 nomen
2610 4567 2836 4640 dederas
2861 4567 3160 4641 cIarisSime
3183 4586 3300 4653 Iuli,

1970 4677 2132 4733 Urbis
2158 4677 2225 4731 ad
2249 4677 2491 4731 eiusdem
2530 4676 2764 4731 conﬁnia
2790 4684 3015 4732 venerat
3039 4676 3232 4732 hostis.

1965 4768 2166 4822 Invasit
2189 4767 2466 4821 Baioarios
2493 4768 2763 4823 exercitus
2789 4768 2944 4833 alter,

1969 4859 2077 4914 Sed
2106 4859 2304 4913 frustra
2335 4873 2349 4912 :
2381 4867 2525 4914 totus
2554 4860 2806 4928 quoniam
2835 4868 3058 4916 conatus
3081 4860 3255 4916 inanis

1969 4950 2020 5005 Is
2049 4935 2518 5020 fueratpvictique
2547 4950 2666 5006 loco
2695 4952 2958 5007 ceduntur
2979 4960 3230 5024 utroque.

1973 5043 2070 5097 IIis
2093 5058 2306 5113 quoque
2337 5043 2667 5113 temporibus
2692 5042 2988 5100 Grecorum
3018 5046 3198 5100 nobile
3229 5046 3366 5100 rexit

1973 5135 2260 5205 Imperium
2284 5133 2690 5200 Constantinus,
2720 5137 2809 5206 qui
2841 5139 3151 5208 splendidus
3177 5148 3300 5193 ortu

1977 5229 2199 5284 Debitus
2222 5229 2464 5299 augustis
2486 5229 2731 5299 patribus
2751 5237 3087 5285 successerat
3114 5231 3290 5284 heres.

1980 5318 2081 5388 Qui
2106 5320 2219 5374 iam
2246 5320 2506 5390 preterito
2532 5320 2712 5376 missis
2740 5331 2988 5376 oraverat
3014 5335 3153 5374 anno

340 5502 370 5531 ε
407 5486 710 5557 Sequcster.
742 5485 955 5551 Glossa,
985 5487 1326 5557 grieduuard.

345 5561 378 5599 b
409 5556 846 5611 Circumsessum.
875 5556 1088 5624 GloSsa,
1119 5558 1398 5612 bisetenne.

343 5640 376 5669 ο
415 5627 597 5696 Οὺδρε.
625 5625 838 5693 Glossa,
861 5628 980 5696 gisl.

343 5698 376 5739 δ
439 5695 516 5753 An
569 5697 720 5761 fata?
761 5695 919 5754 Certe
963 5713 1229 5770 nusquam
1275 5696 1622 5754 Thcodonem
1661 5711 1874 5769 quoque

1980 5498 2298 5568 proditionis
2328 5485 3186 5568 insitnulattunfuissereperias;
3235 5490 3278 5544 si
3311 5490 3552 5568 [ᾳεῑτιηιςοτ

1980 5561 2154 5623 linere
2196 5569 2346 5634 velis,
2397 5584 2462 5625 eo
2494 5569 2616 5622 vitae
2666 5565 2930 5621 clericalis
2974 5561 3290 5619 electionem
3334 5561 3552 5633 intelligi

1981 5647 2211 5709 oportet.

1347 5903 1378 5942 Ι
