3880 6170
378 279 480 336 705
1722 276 1910 335 POET.

2030 274 2298 332 SAXONIS
3481 282 3562 339 7M

347 425 353 432 .
376 392 614 463 Legatis,
651 400 712 446 ιιι
740 404 798 447 se
835 403 1090 461 generum
1117 389 1386 459 dignantis
1424 388 1626 444 habere
1971 390 2021 448 Α
2049 384 2157 439 Nec
2179 384 2351 455 potuit
2380 384 2606 440 tolerare
2626 384 2717 440 diu
2741 385 2844 440 hoc
2863 384 3079 440 inclitus
3106 384 3311 450 archus,

376 482 686 551 Susciperet
712 488 894 534 natam
919 477 1098 533 Caroli
1122 477 1224 532 sibi
1252 477 1664 532 eonsociandam
2048 474 2155 529 Sed
2175 474 2382 544 populis
2406 489 2590 543 secum
2614 475 2777 529 variis
2802 474 3116 545 legioneque
3141 474 3298 530 multa
3376 468 3389 483 “

375 573 616 629 Foedere
643 570 875 640 coniugii
905 587 919 622 :
949 569 1043 623 sed
1074 583 1198 638 spes
1224 568 1480 624 frustrata
1504 576 1778 638 petentum
2043 564 2351 632 Assumpta,
2383 572 2598 634 gentem
2617 564 2823 619 studuit
2847 572 3131 633 penetrare
3153 578 3433 632 procacem.

376 661 525 717 More
546 660 691 716 leves
716 659 873 715 solito
898 656 1100 713 Grecos
1136 660 1427 713 commovit.
1456 659 1508 713 in
1538 660 1695 714 iram.
2044 652 2141 708 Cui
2167 669 2260 722 per
2288 653 2561 709 Saxonum
2588 662 2762 709 terras
2792 655 2894 709 iter
2912 653 3053 708 istud
3078 654 3252 722 agenti

374 751 511 807 Hinc
530 751 676 805 dedit
700 758 929 819 augusto
957 749 1160 819 pariter
1182 765 1279 803 sua
1307 749 1455 804 curia
1478 750 1581 805 tale
2042 741 2198 797 Albia
2231 743 2557 798 traiciendus
2578 753 2697 799 erat
2723 743 3020 799 latissimus
3047 743 3238 798 amnis.

371 842 685 905 Consilium,
708 841 922 910 penitus
942 855 1047 908 quo
1069 855 1174 893 non
1203 847 1476 909 pateretur
1501 840 1747 905 inultum,
2043 833 2155 888 Illic
2176 834 2515 898 immensum,
2543 833 2735 903 positis
2763 833 3023 888 in'littore
3055 833 3264 898 castris,

372 931 526 999 Quod
552 948 644 987 rex
670 931 996 1001 contempsit
1022 930 1248 986 Carolus
1273 938 1550 1001 praestare
1580 932 1778 1003 petitos
2044 925 2141 979 Est
2166 941 2300 996 opus
2323 940 2627 996 aggressus,
2651 924 2813 981 celeri
2839 925 2981 994 quod
3011 924 3116 978 ﬁne
3140 922 3356 995 peregit.

373 1026 608 1097 Virginis
630 1025 909 1095 amplexus
936 1024 1031 1086 illi,
1061 1023 1148 1079 cui
1175 1038 1383 1077 summa
1411 1032 1651 1092 potestas
2042 1015 2177 1070 Nam
2204 1017 2417 1087 gemino
2446 1017 2637 1072 stravit
2660 1032 2821 1086 quam
2843 1015 3079 1070 maxima
3104 1023 3263 1085 ponte
3287 1014 3487 1082 ﬂuenta,

370 1115 650 1172 Mortalem
678 1117 767 1171 vix
795 1131 916 1172 esse
941 1132 1128 1187 parem
1152 1116 1493 1186 permitteret
1524 1116 1712 1172 unum.
2043 1105 2111 1161 Et
2133 1113 2292 1175 caput
2320 1106 2491 1175 ipsius
2523 1105 2663 1161 vallo
2692 1105 2923 1159 munivit
2943 1112 3249 1172 utrumque,

369 1204 451 1261 Ob
479 1207 582 1261 hoc
608 1205 901 1277 praefecto,
929 1207 1018 1262 cui
1043 1220 1337 1278 procurare
1368 1206 1590 1262 Sicanas
2044 1196 2325 1266 imponens
2347 1204 2404 1251 et
2426 1196 2777 1266 praeSidium,
2799 1212 2869 1252 ne
2898 1195 3036 1250 forte
3055 1209 3297 1264 regresso

368 1294 613 1351 omcium
644 1296 820 1352 fuerat
842 1298 1104 1369 regiones,
1137 1299 1353 1354 nomine
1379 1300 1523 1356 diem
2044 1286 2176 1354 Quis
2203 1288 2492 1356 prohibere
2516 1289 2660 1342 viam
2688 1302 2850 1358 super
2878 1287 2989 1341 alto
3012 1282 3231 1341 ﬂumine
3258 1295 3485 1355 stratam,

371 1386 675 1453 Theodoro,
704 1386 900 1443 iunctis
928 1388 1153 1444 ducibus
1171 1405 1384 1458 quoque
1404 1389 1649 1460 pluribus
1666 1390 1766 1458 illi,

1738 1393 1766 1458 ί,
2043 1376 2333 1464 Lignorum
2357 1386 2511 1447 rupta
2532 1378 2709 1449 fragili
2730 1393 3009 1449 compage,
3035 1372 3270 1432 valeret.

372 1476 485 1531 Hoc
513 1491 647 1546 opus
674 1477 853 1534 edicto
880 1479 1233 1533 mandaverat
1259 1478 1521 1548 imperiali
1539 1521 1554 1543 ,
1870 1494 1875 1499 ε
2044 1466 2183 1520 Exin
2212 1466 2502 1521 Wiltorum
2526 1467 2553 1507 δ
2581 1473 2752 1522 terras
2783 1467 3056 1521 invaserat
3082 1481 3242 1521 amne

371 1565 442 1622 Ut
467 1567 568 1621 sibi
597 1568 876 1638 contiguas
902 1576 1143 1624 vastaret
1170 1570 1417 1639 protinus
1444 1585 1572 1627 oras

2046 1556 2409 1623 Transmisso,
2432 1572 2565 1627 quas
2597 1573 2720 1613 eum
2744 1556 2890 1613 ferro
2914 1565 3150 1611 vastaret
3173 1565 3232 1612 et
3260 1557 3386 1626 igni,

372 1655 544 1727 Regni
573 1656 902 1713 Francorum
923 1699 936 1724 ,
969 1660 1049 1715 sic
1074 1656 1344 1715 incentiva
1371 1662 1578 1717 moveri
2047 1646 2394 1702 Barbaricum
2416 1647 2595 1703 subito
2622 1647 2828 1702 domuit
2849 1654 3055 1701 terrore
3081 1654 3368 1701 tumorem.

367 1726 666 1815 Disponens
693 1747 817 1802 belli
846 1749 1114 1820 generalis
1137 1749 1483 1820 suscipiendi.
1973 1726 2020 1787 B
2048 1733 2287 1803 Denique
2312 1733 2638 1788 Francorum
2662 1733 2843 1787 multis
2868 1733 2956 1787 ubi
2987 1741 3166 1787 castra
3188 1731 3384 1787 referta

370 1835 476 1892 sed
503 1853 626 1893 cum
654 1838 920 1908 primores
948 1838 1075 1894 Grai
1101 1840 1205 1895 sibi
1236 1840 1381 1895 iussa
1411 1841 1602 1905 secuti,
2046 1823 2392 1894 Conspiciunt
2423 1823 2632 1893 populis
2655 1822 2825 1882 Wilti,
2858 1820 3148 1878 fortissima
3174 1825 3418 1891 quamvis

368 1926 682 1996 Hesperium
709 1928 834 1984 mus
861 1927 987 1985 [οηί
1015 1946 1139 1985 cum
1170 1929 1345 1986 classe
1370 1930 1631 2000 petissem
2045 1909 2188 2000 Gens
2217 1909 2352 1965 foret
2377 1918 2431 1965 et
2456 1924 2678 1965 numero
2701 1909 2926 1979 pollens,
2957 1910 3261 1965 certamina
3280 1910 3401 1966 belli

369 2016 440 2072 Ut
466 2017 841 2073 Beneventane
869 2019 1024 2075 villas
1050 2021 1287 2092 regionis
1314 1999 1566 2077 eturbes

2041 1999 2376 2056 Omnimodis
2407 2000 2617 2071 fugiens
2646 2014 2705 2055 se
2732 2000 2931 2056 dedidit
2957 2000 3081 2055 ilico
3105 2001 3244 2071 regi,

364 2109 829 2182 Demularemur
857 2114 1001 2171 rem,
1031 2091 1353 2186 ﬂammaque
1380 2117 1589 2182 voraci,
2042 2091 2298 2186 Inprimis
2318 2106 2413 2186 rei:
2437 2091 2747 2186 Dragawiti,
2775 2106 2934 2161 quem
2963 2091 3140 2186 nobile
3167 2092 3376 2147 clarum

366 2179 666 2257 ορξυξτειιθ
693 2202 857 2259 dum
882 2203 1083 2270 Caroli,
1115 2179 1312 2274 quibds
1339 2206 1428 2261 ma
1453 2179 1591 2261 meri
2042 2179 2179 2236 Prae
2205 2180 2427 2250 reliquis
2453 2180 2580 2236 fecit
2597 2196 2765 2251 genus
2784 2188 2839 2235 et
2866 2181 3129 2235 maturior
3155 2189 3331 2237 aetas.

364 2288 505 2343 Cura
532 2288 632 2344 fuit
656 2290 796 2356 loca,
829 2269 1118 2363 praecipue
1132 2269 1470 2359 Crimeldus,
1504 2297 1559 2350 in
1596 2295 1714 2366 ipso
2042 2269 2291 2366 ξῗηξίίυεῖ
2313 2270 2696 2366 propinquat?”
2720 2285 2844 2325 cum
2874 2284 2969 2324 rex
2992 2270 3134 2326 illius
3152 2272 3229 2327 ad
3252 2272 3455 2366 Pmem’

363 2377 482 2432 Dux
516 2394 657 2433 anno
686 2357 862 2436 factus
888 2357 1043 2451 patre
1068 2398 1167 2454 pro
1199 2357 1461 2440 defuncto»
1490 2357 1738 2456 Aragiso,
2040 2357 2247 2456 ῼΡνίυε
2279 2359 2392 2456 ίΡῗθ
2413 2375 2510 2456 δξο
2543 2359 2742 2456 pariter
2759 2368 3096 2456 Procﬁseﬂff
3116 2363 3271 2456 ‘_’m‘_‘i

364 2468 476 2525 Nec
502 2486 606 2525 non
633 2470 835 2541 Spoleti
864 2447 1043 2529 rbem.
1068 2447 1195 2530 'cum
1223 2475 1393 2531 milite
1420 2447 1631 2532 mum;
1724 2447 1734 2451 ⁷
2042 2447 2175 2503 cum
2199 2448 2415 2519 populo,
2443 2448 2619 2505 Caroli
2640 2462 2761 2504 sese
2790 2449 3008 2504 tradens
3037 2448 3264 2505 dicioni.

362 2540 749 2618 Hildibrandus
776 2563 844 2617 ad
869 2564 972 2621 hoc
994 2565 1191 2621 bellum
1218 2567 1543 2636 properabat
1568 2567 1855 2638 agendum.
1884 2625 1896 2635 ,
2042 2540 2133 2638 ἓίθ
2155 2557 2368 2638 quoq“?
2394 2559 2515 2598 cum
2533 2543 2765 2638 _d“°ib“s
2792 2558 2924 2614 gens
2949 2550 3003 2597 θί
3027 2543 3362 2638 ﬁngamus
3392 2542 3473 2597 in“

361 2649 605 2720 Cumque
632 2667 801 2707 novos
824 2652 1008 2709 hostes
1031 2627 1580 2726 opibus-numeroque
1598 2627 1845 2727 potentes
1884 2627 1896 2635 ’
2041 2627 2243 2727 eum”
2271 2631 2383 2686 suis
2407 2631 2725 2727 ξθηξίιξῖθξη
2747 2638 3004 2727 δθρωθυίθ
3030 2629 3173 2685 ﬁdeli

359 2718 577 2810 ignotos
603 2740 781 2814 lingua
810 2742 1039 2798 celebris
1065 2718 1171 2798 iam
1197 2743 1337 2800 fama
1367 2718 1619 2803 referret-
2041 2718 2371 2814 imm“!
2400 2720 2633 2814 divinis
2654 2721 3109 2814 da"s_iummen.m
3129 2722 3441 2814 spopondi"

362 2810 712 2896 Adventasse,
735 2832 901 2887 maris
929 2833 1155 2889 traiecto
1175 2835 1385 2905 gurgite
1409 2843 1583 2902 vasto,
2040 2810 2176 2905 Iun}
2202 2811 2600 2905 r‘31f_Oi)Sidibu_s
2623 2826 2758 2905 quos
2788 2811 3017 2905 iusserat
3043 2811 3160 2905 ipse
3189 2812 3439 2880 receptis,

366 2917 602 2976 Urbibus
624 2920 822 2977 Italicis
846 2936 914 2977 ex
941 2900 1359 2993 pluribus'arma
1388 2900 1575 2982 suasit

2039 2900 2107 2955 Et
2129 2900 2288 2956 simul
2310 2903 2411 2957 hoc
2429 2901 2625 2971 populo
2659 2900 2751 2956 tali
2787 2901 2991 2956 ratione
3013 2901 3263 2966 subacto,

361 3012 527 3068 Obvia
556 3011 699 3070 ferre
719 3014 865 3069 viros
889 3015 1192 3072 coniunctis
1221 3017 1428 3074 viribus
1446 3034 1633 3075 omnes
2041 2995 2281 3051 Tramite
2301 3011 2408 3065 quo
2428 2997 2578 3051 venit
2604 3003 2959 3051 memoratum
2981 3011 3171 3051 rursus
3198 2997 3269 3052 ad
3297 3011 3503 3050 amnem

363 3104 436 3159 Ut
455 3103 556 3158 sibi
580 3105 923 3161 consulerent
942 3108 1307 3177 praedonibus
1335 3109 1457 3165 inde
1482 3110 1729 3180 repulsis.
1963 3090 2012 3155 ο
2039 3085 2210 3180 fenei
2236 3102 2395 3141 ειπευ
2420 3087 2603 3180 reciiit.
2624 3086 2819 3180 cunctis
2835 3101 2937 3180 que
2959 3085 3200 3180 reductis

358 3193 479 3261 Quo
502 3203 650 3250 motu
677 3210 900 3265 prorsus
926 3174 1185 3253 concussa
1213 3196 1460 3254 Calabria
1490 3174 1600 3256 tota
2039 3174 2144 3265 PF"
2162 3183 2378 3245 Pomem
2404 3176 2643 3265 propriis,
2659 3174 2975 3246 legionibus,
3003 3174 3115 3265 ‘95?
3137 3189 3397 3228 reversus

360 3285 463 3341 Vix
492 3263 745 3356 umquam
772 3285 948 3343 fertur
970 3288 1173 3345 similes
1194 3297 1434 3360 spectata
1466 3291 1728 3348 tumultus
1748 3304 1798 3358 ι,
2039 3263 2337 3344 worlpa‘ia
2366 3272 2577 3336 “imp”
2597 3264 2789 3320 hiemis
2812 3264 3068 3335 “"583”
3091 3263 3147 3317 in
3184 3265 3344 3320 υτιέθ·

359 3375 417 3430 In
447 3391 553 3446 qua
586 3377 891 3434 conseritur
917 3392 1091 3450 pugne
1116 3387 1391 3436 certamen
1413 3380 1705 3451 utrimque.
2502 3377 2650 3433 Anno
2684 3376 2807 3433 790.
2838 3375 3034 3430 India.
3066 3376 3153 3431 l2.

356 3468 565 3539 Ingenti
594 3470 771 3525 studio
792 3470 956 3526 sumit
982 3486 1110 3541 pars
1135 3471 1273 3527 iusta
1304 3472 1607 3541 tropbeum.
2042 3471 2139 3527 Hic
2163 3471 2322 3528 modo
2342 3469 2492 3526 Musa
2518 3486 2710 3525 novam
2741 3468 2919 3525 Caroli
2948 3470 3210 3540 deprome
3235 3468 3492 3539 quietem.

360 3557 514 3614 Cedit
532 3558 736 3615 Achiva
763 3560 977 3627 cohors,
1014 3561 1254 3617 Danaum
1291 3563 1420 3618 dant
1447 3571 1595 3634 terga
1626 3565 1939 3638 phalanges,
2039 3560 2136 3617 Est
2169 3561 2257 3618 hic
2279 3562 2487 3631 primus
2505 3561 2648 3616 enim
2672 3568 2955 3631 postquam
2984 3568 3315 3628 regnaverat
3339 3574 3526 3618 annus,

355 3648 656 3704 Grecorum
681 3651 939 3718 quoniam
972 3666 1186 3721 semper
1210 3667 1344 3724 gens
1372 3661 1592 3712 strenua
1621 3656 1820 3726 lingua,
2039 3652 2156 3720 Quo
2180 3669 2287 3708 non
2313 3668 2437 3709 cum
2469 3652 2702 3723 propriis
2731 3651 2871 3707 foret
2893 3651 2945 3705 in
2978 3650 3278 3721 longinqua
3300 3650 3567 3721 prolectus

360 3734 519 3806 Pigra
550 3751 732 3803 manu,
764 3745 971 3793 tantum
1001 3737 1175 3795 facilis
1203 3740 1340 3796 solet
1358 3756 1479 3797 esse
1502 3743 1798 3810 movendis,
2040 3742 2319 3810 Militibus,
2345 3759 2440 3800 seu
2469 3743 2711 3799 diversos
2732 3751 2792 3797 ut
2819 3751 3088 3798 sterneret
3114 3742 3332 3805 hostes,

360 3824 468 3879 Sed
494 3827 629 3880 bene
652 3826 948 3883 tractandis
975 3828 1119 3883 haud
1150 3836 1298 3884 extat
1326 3830 1516 3887 idonea
1547 3832 1716 3888 bellis.
2037 3838 2146 3888 Aut
2168 3834 2287 3889 aliis
2310 3847 2525 3904 quoque
2543 3847 2642 3904 pro
2662 3833 2841 3888 causis
2866 3847 2929 3888 ac
2953 3833 3113 3888 rebus
3133 3832 3391 3903 agendis.

363 3915 604 3971 Victores
631 3915 795 3986 igitur
812 3914 989 3973 Caroli
1014 3917 1220 3974 rediere
1244 3918 1448 3987 ﬁdeles,
2038 3921 2135 3978 Cui
2159 3938 2281 3978 cum
2311 3922 2643 3978 Wormatiae
2674 3921 2891 3978 tandem
2920 3922 3161 3977 residere
3188 3922 3409 3987 liceret,

360 4003 615 4061 IIostibus
637 4007 934 4063 innumeris
957 4008 1159 4075 caesis;
1191 4011 1386 4079 praeda
1412 4026 1626 4082 quoque
1651 4013 1817 4069 multa
2037 4011 2149 4067 Illic
2172 4010 2453 4067 Hunorum
2471 4011 2664 4067 missos
2692 4010 2917 4076 audivit,
2942 4010 3009 4065 ad
3030 4010 3151 4066 illos

359 4095 428 4150 Et
456 4098 789 4166 captivorum
817 4099 972 4154 turba
1001 4115 1098 4154 sua
1122 4108 1301 4155 castra
1332 4101 1622 4170 replentes,
2038 4100 2154 4171 Ipse
2178 4117 2303 4158 suos
2328 4102 2490 4156 etiam
2516 4101 2665 4156 misit
2694 4116 2709 4156 :
2739 4115 2863 4156 nam
2883 4082 3119 4156 maxima
3146 4116 3322 4156 causa

357 4188 575 4258 Absque
603 4189 752 4257 gravi
778 4188 1285 4262 dampno‘magnum
1312 4207 1505 4264 cepere
1536 4194 1885 4266 triumphum.
2039 4191 2147 4247 Hos
2168 4190 2307 4247 inter
2326 4191 2547 4261 populos
2564 4192 2713 4246 litem
2735 4190 3025 4246 commovit
3043 4197 3317 4257 atrocem,

356 4280 495 4337 Tum
521 4282 825 4338 Baioariam
854 4298 913 4339 se
937 4284 1163 4340 contulit
1186 4286 1241 4340 in
1270 4286 1544 4356 regionem
2039 4281 2174 4336 Dum
2202 4297 2308 4353 quo
2330 4297 2618 4352 regnorum
2644 4281 2874 4337 conﬁnia
2904 4289 3048 4336 certa
3076 4296 3309 4335 suorum

359 4373 476 4429 Rex
506 4372 752 4440 Carolus,
776 4374 1092 4445 cunctisque
1113 4376 1224 4431 suis
1250 4392 1371 4432 cum
1396 4377 1593 4433 ﬁnibus
1614 4376 1782 4449 ipsam
1962 4434 2013 4449 __
2039 4373 2170 4429 Esse
2196 4372 2313 4428 loco
2340 4373 2510 4428 veteri
2536 4373 2794 4429 deberent
2818 4373 2934 4428 iure
2964 4380 3189 4440 statuta,

358 4465 656 4535 Disponens
682 4434 1080 4522 commendavit
1102 4468 1402 4524 rectoribus
1421 4469 1580 4538 aptis.
1632 4434 1650 4449 ⁵
1770 4434 1781 4436 ἡ
1962 4434 2017 4495 D
2036 4461 2242 4532 Ingenti
2269 4462 2445 4517 studio
2467 4462 2859 4532 disceptaretur
2880 4464 3174 4532 utrimque.

356 4555 426 4610 Et
453 4556 666 4612 rediens
691 4556 745 4611 in
774 4555 1117 4626 Aquisgrani,
1145 4571 1304 4626 quam
1329 4559 1566 4614 condidit
1586 4559 1701 4628 ipse
2037 4551 2181 4608 Haec
2206 4560 2263 4607 et
2285 4552 2437 4623 origo
2466 4551 2567 4607 fuit
2590 4552 2736 4618 belli,
2762 4553 2904 4623 quod
2932 4553 3221 4624 posteriori

354 4643 547 4698 Aulam
572 4645 932 4714 magniﬁcam,
964 4646 1180 4700 sibimet
1203 4647 1508 4718 gratissima
1537 4646 1675 4702 festa
2037 4643 2300 4714 Tempore
2321 4658 2443 4698 cum
2470 4643 2639 4698 Hunis
2662 4642 2853 4698 Franci
2877 4644 3107 4715 gessisse
3129 4645 3468 4714 probantur.

356 4731 562 4787 Natalis
583 4733 813 4800 Domini,
837 4743 1086 4790 sanctum
1114 4750 1327 4806 quoque
1351 4737 1549 4807 pascha
1571 4737 1797 4807 peregit.
2036 4733 2144 4790 Sed
2168 4748 2262 4789 rex
2288 4749 2388 4793 nec
2415 4734 2647 4805 spatium
2672 4743 2886 4805 torpere
2912 4750 3010 4804 per
3037 4735 3146 4790 otia
3171 4751 3418 4806 parvum

831 4824 983 4880 Anno
1009 4825 1134 4881 789.
1168 4825 1363 4882 Indict.
1393 4828 1478 4882 ll.
2034 4826 2312 4895 Dignatus,
2339 4840 2553 4895 semper
2574 4825 2668 4880 sed
2695 4833 2947 4880 strenuus
2977 4825 3152 4881 indole
3177 4826 3416 4890 mentis,

354 4911 503 4967 Gens
527 4921 609 4968 est
630 4911 911 4969 Slavorum
943 4914 1091 4970 Wilti
1120 4917 1436 4988 cognomine
1456 4917 1620 4983 dicta,
2034 4916 2127 4971 Est
2155 4932 2440 5001 aggressus
2460 4917 2564 4973 iter
2586 4915 2821 4972 Moinum
2843 4916 3030 4972 navale
3054 4932 3149 4988 per
3177 4934 3440 4982 amnem,

355 5001 610 5058 Proxima
633 5003 879 5061 litoribus
903 5021 1008 5075 quc
1032 5006 1272 5076 possidet
1292 5023 1419 5062 arva
1442 5008 1723 5078 supremis,
2030 5007 2391 5078 Ascenditque
2417 5022 2511 5078 per
2539 5007 2704 5074 hunc,
2726 5008 2898 5063 donec
2920 5023 3084 5078 prope
3106 5008 3334 5062 moenia
3360 5008 3511 5061 venit

355 5091 530 5165 Iungit
564 5094 653 5150 ubi
673 5109 874 5151 oceano
900 5096 1148 5165 proprios
1166 5095 1455 5152 Germania
1481 5095 1634 5153 ﬁnes.
2032 5098 2221 5170 Magna
2244 5099 2514 5168 palatinae
2537 5098 2697 5164 sedis,
2723 5097 2838 5153 Salt
2865 5097 3082 5153 nomine
3107 5096 3284 5161 dicta,

348 5182 503 5268 Ilaec
523 5185 745 5245 Francis
768 5186 983 5242 inimica
1007 5188 1168 5243 nimis
1201 5204 1327 5244 cum
1355 5197 1595 5258 tempore
1622 5189 1790 5247 multo
2032 5189 2282 5246 Nasccnti
2306 5190 2483 5245 vicina
2507 5188 2691 5256 Salae;
2714 5206 2839 5245 nam
2866 5188 3102 5244 ﬂuminis
3133 5188 3308 5243 huius

357 5274 536 5340 Esset,
570 5277 651 5332 eis
676 5278 758 5332 vel
787 5279 1056 5335 subiectos
1084 5279 1168 5335 vel
1198 5279 1414 5336 foedere
1441 5281 1654 5336 iunctos
2032 5281 2198 5338 Rivus
2221 5283 2398 5338 adhuc
2423 5283 2663 5337 modicus
2692 5282 2825 5337 haec
2847 5283 2960 5352 ipsa
2982 5281 3174 5351 palatia
3205 5280 3419 5350 cingit.

361 5364 672 5423 Selavorum
698 5369 926 5438 populos
947 5370 1162 5425 sibimet
1182 5370 1398 5440 regione
1425 5373 1754 5441 propinquos
2035 5373 2132 5428 Vix
2155 5388 2375 5428 raucum
2396 5388 2493 5442 per
2514 5388 2643 5427 saxa
2672 5372 2821 5427 ciens
2849 5372 3150 5427 resonantia
3170 5386 3464 5424 murmur.

360 5450 631 5509 lnsectans
655 5457 813 5522 odiis,
838 5457 978 5512 bello
1002 5473 1216 5528 quoque
1241 5476 1364 5531 sepe
1386 5463 1681 5530 premebat.
2035 5462 2318 5532 Dispositis
2346 5461 2419 5516 ibi
2442 5462 2620 5525 rebus,
2647 5476 2785 5531 aqua
2810 5444 3082 5518 redeundo
3104 5460 3356 5515 secunda

431 5575 455 5600 ⁸
494 5564 539 5641 Il,
575 5565 784 5641 Similes
825 5578 1075 5641 spectata
1102 5569 1315 5641 mullus.
1370 5572 1422 5634 9.,
1475 5572 1666 5626 similes
1696 5585 1930 5641 πικρίδια
2032 5571 2217 5641 petita,
2250 5586 2430 5641 veram
2468 5569 2746 5626 lectionem
2773 5569 3071 5626 restituisse
3097 5567 3228 5623 mihi
3265 5566 3488 5623 videor.

360 5632 628 5684 tmnultus.
664 5633 770 5703 Ego
791 5632 997 5719 nonnisi
1030 5639 1214 5692 ultima
1247 5632 1588 5711 vocisvspecm
1620 5632 1819 5713 syllaba
1847 5659 1930 5698 re-
2033 5632 2048 5641 ’
2109 5641 2133 5677 ι’
2166 5639 2254 5703 ιι,
2292 5639 2592 5692 "mitur-nm.
