3880 6170
373 166 477 221 705
688 166 936 223 ANNAL.
979 169 1066 225 DE
1103 170 1346 229 GESTIS
1384 175 1444 229 Β.
1485 176 1738 236 CAROLI
1776 181 1988 239 MAGNI
2026 185 2203 242 LIBRI
2246 191 2305 245 Υ.
2349 222 2409 231 -—
2450 193 2606 247 VITA
2645 193 2915 251 CAIlOLI.
2955 229 3025 240 -—
3063 200 3190 257 LIB.
3231 204 3316 260 ιιι.
3518 209 3625 265 706

366 280 728 381 Fort-italiam
761 283 933 381 petiit,
954 300 1059 354 qua
1083 302 1205 343 cum
1232 304 1328 359 per
1361 299 1602 362 tempora
1629 296 1851 351 brumae
1969 307 2014 359 Α
2044 300 2378 357 Fronderent.
2409 305 2595 371 silvae,
2624 318 2844 377 possent
2870 318 2924 365 et
2944 311 3054 366 sole
3084 329 3300 381 sereno,

356 888 3085 924 —______—__________.._._._____________

1733 1298 2149 1313 ὴ

365 372 670 477 IIl-ausisset,
699 376 879 477 subito
903 378 1111 449 regales
1136 379 1377 436 funditus
1400 383 1561 477 aedes
1588 474 1599 477 _
1916 456 1919 465 .
2049 394 2110 448 Et
2131 396 2300 459 coelo,
2333 398 2399 452 de
2426 372 2659 457 diversis
2683 404 2993 475 regionibus
3017 417 3142 477 apte

361 463 474 564 Illic
504 474 846 564 constructas
872 476 1031 564 noctu
1054 479 1459 564 consumpserat
1492 473 1649 544 ignis.
1678 477 1696 490 '
2041 484 2122 539 Ad
2145 485 2342 541 bellum
2370 499 2559 558 gentes
2576 463 2773 548 variaev
2786 463 3073 564 populique
3094 500 3296 554 vocari.

360 553 479 623 Ipse
505 556 861 627 redemptoris
888 559 998 614 nati
1018 560 1269 630 passique
1287 569 1496 617 sacrata

2040 572 2282 645 Namque
2302 594 2497 634 novum
2528 597 2714 637 rursus
2738 584 2905 639 voluit
2932 596 3205 642 certamen
3228 591 3383 653 inire,

359 645 519 741 festa
546 663 741 719 gerens
762 648 961 741 ibidem
992 651 1136 707 veris
1164 658 1497 722 transegerat
1522 664 1721 720 ortum,
2035 663 2212 735 Atque
2238 667 2420 725 labore
2443 672 2594 741 gravi
2615 674 2882 730 modicam
2902 685 3112 733 mutare
3131 645 3387 736 uuietem;

358 737 662 807 Expectans
680 741 873 796 vestita
901 739 1042 797 foret
1067 740 1195 797 dum
1223 743 1465 814 gramine
1492 744 1664 808 tellus,

3096 908 3599 936 *ῃ

1204 1168 1389 1211 LIBER
1432 1168 1751 1213 SECUNDUS
1792 1171 2106 1216 EXPLICIT.
2153 1173 2387 1217 INCIPIT
2436 1176 2725 1223 ηκτωε.

344 1378 523 1433 Aurea
556 1376 751 1433 siderei
774 1377 1157 1433 transcendere
1176 1392 1375 1433 cornua
1401 1377 1564 1433 Tauri
2023 1376 2275 1434 Protinus
2295 1380 2471 1437 edicto
2496 1383 2812 1451 producitur
2831 1384 3093 1453 imperiali

342 1467 736 1538 Fulgentesque
759 1468 883 1537 polo
905 1468 1013 1522 iam
1034 1466 1115 1523 sol
1137 1467 1337 1522 intrare
1360 1467 1605 1524 Laconas
2023 1467 2101 1521 Ex
2146 1470 2354 1524 cunctis
2382 1470 2571 1541 ingens
2594 1473 2804 1541 populis
2825 1476 3095 1531 exercitus
3129 1478 3202 1532 illi

339 1558 624 1628 Coeperat,
653 1568 708 1613 et
728 1558 916 1629 gelidis
939 1558 1214 1613 hreviatac
1231 1558 1482 1613 noctibus
1498 1559 1745 1625 umbrae,
1945 1609 1991 1629 _
2023 1556 2307 1623 Subiectis,
2333 1568 2389 1614 et
2416 1569 2731 1616 cunctarum
2750 1564 3078 1619 validissima
3108 1582 3287 1622 rerum

336 1609 597 1720 Ali};in
609 1609 1744 1719 Mediis;editissimas,“'"'
1945 1609 1993 1670 Β
2016 1648 2199 1719 Copia,
2225 1609 2359 1720 quas
2387 1652 2520 1707 tanti
2550 1650 2674 1706 belli
2702 1653 3057 1709 instrumenta
3078 1659 3300 1728 gerendi

336 1737 574 1793 Florenti
600 1751 812 1807 semper
834 1737 1033 1793 studiis
1071 1738 1361 1807 animoque
1386 1738 1586 1808 vigenti
2012 1737 2331 1805 Poscebant,
2354 1741 2499 1813 vigili
2555 1757 2684 1797 cura
2715 1744 2997 1814 studioque
3023 1758 3264 1816 paratur.

335 1827 475 1883 Dant
499 1835 715 1899 gratum
747 1827 941 1883 Carolo
969 1834 1202 1898 tempus,
1231 1842 1338 1898 quo
1364 1829 1570 1885 viribus
1589 1838 1668 1885 uti
2012 1827 2117 1882 Sed
2147 1846 2429 1887 numerosa
2460 1832 2621 1888 nimis
2647 1834 2899 1903 quoniam
2922 1837 3254 1906 produxerat
3300 1856 3366 1896 ex
3402 1842 3510 1899 hoc

331 1917 526 1974 Posset
548 1926 605 1972 et
624 1918 691 1973 ad
718 1918 918 1973 bellum
945 1918 1194 1988 proprias
1215 1918 1442 1974 educere
1473 1929 1699 1976 turmas.
2007 1919 2255 1992 Agmina,
2277 1937 2374 1992 per
2392 1931 2574 1993 partes
2597 1926 2785 1980 eadem
2816 1926 3145 1995 seiunxerat,
3180 1947 3243 1987 ac
3270 1934 3348 1988 sic

329 2007 431 2076 Qui
457 2016 580 2077 post
609 2023 873 2064 annorum
896 2017 1123 2065 centena
1150 2009 1420 2065 volumina
1442 2026 1603 2068 cursu
2007 2010 2359 2079 Pannoniam,
2384 2029 2519 2085 gens
2539 2013 2816 2070 Hunorum
2839 2032 2999 2086 quam
3026 2035 3149 2075 seva
3174 2024 3410 2091 tenebat,

329 2102 567 2170 Septena
602 2109 893 2167 transacta,
919 2101 1106 2158 decem
1128 2117 1341 2172 quoque
1366 2103 1583 2160 circiter
1610 2106 1767 2162 annis
2006 2099 2246 2155 Tramite
2276 2102 2560 2158 distantem
2587 2102 2746 2175 longo
2766 2115 3050 2175 penetrare
3073 2111 3284 2181 sategit.

325 2198 575 2255 Emensis
601 2198 805 2260 novies,
833 2208 1120 2269 postquam
1141 2198 1285 2255 Deus
1310 2208 1394 2255 est
1411 2201 1573 2257 homo
1595 2211 1773 2269 ηειυε,
2005 2188 2156 2245 Tunc
2174 2206 2335 2245 unam
2361 2192 2537 2262 populi
2562 2201 2770 2262 partem
2801 2196 2981 2251 comiti
3006 2197 3305 2257 Theodrico

324 2289 439 2344 Hoc
467 2288 568 2344 τυίι
587 2304 868 2360 aggressus
892 2290 1078 2345 Hunos
1107 2291 1404 2347 certamine
1430 2293 1623 2362 primo.
2000 2278 2177 2349 Atque
2199 2280 2549 2352 Magenirido,
2578 2284 2805 2339 ducibus
2831 2285 2934 2341 hoc
2963 2294 3201 2356 tempore
3221 2288 3433 2361 primis,

322 2377 433 2433 Nec
454 2379 555 2434 sibi
579 2380 937 2435 cunctandum
969 2388 1123 2437 ratus
1140 2388 1244 2446 est,
1268 2382 1398 2452 quin
1425 2383 1671 2439 redderet
1692 2383 1799 2441 illis

1772 2400 1799 2441 ε
2001 2368 2377 2438 Committeus,
2400 2373 2732 2442 aquilonalcs
2760 2390 2858 2444 per
2880 2374 3117 2433 ﬂuminis
3137 2378 3303 2437 horas

319 2470 494 2538 Quam
525 2486 770 2527 meruere
791 2472 966 2528 vicem
986 2512 1002 2535 ,
1032 2474 1230 2528 veteris
1252 2474 1356 2530 hoc
1380 2474 1608 2544 denique
1640 2489 1836 2532 causae
1999 2460 2228 2516 Danubii
2251 2465 2525 2535 ρηεεειιὶι
2544 2480 2641 2521 θοδ
2667 2467 2769 2520 iter
2796 2468 3124 2525 accelerare-

318 2564 622 2620 Poscebant
645 2565 775 2620 odii.
802 2576 829 2604 ι
854 2564 988 2619 Nam
1015 2580 1149 2636 gens
1176 2565 1302 2620 dum
1334 2564 1514 2621 ﬂoruit
1540 2566 1654 2633 illa,

1996 2554 2114 2625 Ipse
2135 2571 2234 2625 per
2259 2556 2514 2613 australis
2549 2558 2802 2613 tendebat
2825 2559 2998 2615 litoris
3023 2576 3203 2632 agros,

317 2654 621 2708 lnnumeris
650 2653 931 2709 dominans
955 2652 1094 2715 aliis,
1127 2667 1263 2722 quas
1287 2652 1526 2709 subdidit
1552 2655 1744 2720 armis,
1995 2646 2210 2704 Milibus
2235 2648 2534 2705 innumeris
2561 2650 2789 2720 stipatus
2816 2660 2879 2719 et
2891 2653 3103 2721 agmine
3132 2653 3279 2710 forti.

315 2746 453 2801 Tum
484 2744 710 2801 Francis
730 2744 933 2800 inferre
969 2745 1173 2800 malum
1207 2760 1434 2816 persepe
1461 2746 1722 2802 solebant.
1994 2739 2054 2794 In
2087 2740 2261 2797 medio
2287 2740 2481 2796 ﬂuvius
2506 2743 2717 2797 cunctis
2750 2742 3003 2798 alimenta
3034 2745 3266 2800 vehebat

315 2836 407 2892 Sic
432 2844 646 2891 veteres
673 2849 977 2889 memorare
999 2834 1190 2898 solent,
1216 2835 1358 2903 quod
1386 2834 1622 2891 funditus
1649 2835 1780 2893 olim
1991 2832 2327 2903 Agminibus,
2359 2834 2501 2902 regis
2526 2835 2769 2903 speciosa
2798 2836 2968 2891 classe
2997 2837 3256 2907 repletus,

314 2928 532 2983 Illorum
563 2935 738 2981 terras
761 2924 979 2980 immani
1003 2925 1168 2980 caede
1198 2923 1432 2979 furentesI
1914 2939 1962 3002 ο
1993 2924 2163 2991 Quam
2184 2922 2447 2979 Baioariis
2470 2924 2570 2979 fuit
2598 2926 2789 2997 ingens
2808 2942 2934 2981 cura
2965 2928 3125 2982 tueri.

319 3017 985 3090 Vastarint,_dcderintque
1009 3016 1297 3072 voracibus
1322 3016 1502 3072 omnia
1524 3014 1755 3071 ﬂammis
1990 3016 2139 3087 Ipsos
2164 3016 2216 3070 in
2243 3017 2451 3072 ratibus
2470 3018 2796 3073 descendere
2821 3020 3016 3090 quippe
3039 3021 3273 3076 secunda

314 3110 542 3182 Oppida,
563 3076 712 3173 ru’ra,
743 3076 952 3171 domos,
977 3108 1156 3171 urbes,
1179 3106 1458 3171 coenobia,
1489 3106 1646 3161 villas
1989 3107 2149 3162 Iussit
2176 3122 2335 3176 aqua.
2367 3107 2457 3164 Sic
2478 3110 2546 3164 ad
2572 3108 2792 3163 ﬂuvium
2824 3126 2918 3164 rex
2942 3111 3089 3165 venit
3112 3112 3376 3181 Anesum,

312 3203 444 3258 Nam
473 3200 627 3257 furor
648 3199 859 3256 hostilis
876 3198 1047 3254 voluit
1068 3213 1170 3254 nec
1188 3212 1412 3268 parcere
1436 3197 1608 3253 sacris
1989 3196 2091 3264 Qui
2113 3198 2322 3252 medius
2346 3199 2624 3254 Baioarios
2646 3200 2877 3270 seiungit
2904 3210 2959 3254 et
2983 3201 3184 3256 Hunos.

311 3293 570 3356 Aedibus,
598 3301 654 3347 et
678 3305 845 3362 regno
871 3291 962 3345 vix
985 3304 1091 3344 una
1120 3288 1379 3363 remansit
1404 3289 1459 3343 in
1489 3287 1578 3343 illo
1988 3287 2142 3342 Hunc
2172 3288 2317 3341 iuxta
2347 3288 2537 3356 positis
2563 3304 2660 3358 per
2681 3297 2833 3359 prata
2855 3290 3083 3344 virentia
3111 3293 3330 3359 castris,

312 3384 600 3439 Mettenses
626 3381 767 3435 intra
796 3394 981 3435 muros
1006 3386 1314 3435 constructa
1340 3377 1594 3433 decenter
1987 3376 2272 3432 Communi
2301 3387 2425 3432 voto
2450 3379 2619 3433 ternis
2646 3387 2881 3434 statuere
2911 3380 3099 3436 diebus

308 3477 551 3533 Ecclesia
584 3472 860 3543 Stephani,
886 3478 1092 3542 martyr
1119 3471 1211 3540 qui
1232 3470 1440 3539 primus
1459 3468 1690 3558 habetur
1987 3465 2307 3537 Suppliciter
2327 3468 2602 3523 celebrare
2629 3483 2838 3537 pzeces,
2865 3485 2928 3525 ac
2952 3480 3167 3540 pectore
3191 3481 3301 3528 toto

303 3568 546 3637 Denique
569 3563 842 3621 continuis
877 3561 1116 3617 Francos
1139 3559 1504 3631 compluribus
1524 3556 1680 3613 annis
1983 3556 2258 3613 Auxilium
2284 3560 2430 3641 regis
2451 3575 2637 3631 regum
2662 3562 2950 3632 deposcere
2978 3562 3199 3629 Christi,

303 3661 397 3717 Sic
420 3658 805 3730 impugnabant
831 3654 992 3718 Huni,
1017 3668 1113 3709 rex
1139 3652 1310 3708 donec
1332 3665 1522 3707 eorum
1986 3646 2057 3702 Ut
2085 3647 2291 3717 coeptis
2312 3648 2432 3717 pius
2452 3659 2733 3716 annueret,
2761 3666 2867 3718 quo
2889 3661 3081 3706 cuncta
3111 3653 3373 3707 darentur

299 3751 490 3813 Attila,
522 3749 815 3804 multorum
837 3745 1035 3801 totiens
1056 3743 1231 3799 victor
1261 3740 1601 3812 populorum,
1982 3736 2269 3806 Prospera,
2298 3746 2377 3792 tot
2402 3740 2612 3809 populis
2634 3740 2688 3794 in
2717 3749 2824 3794 tam
2848 3740 3135 3811 longinqua
3163 3743 3445 3813 profectis,

299 3842 579 3905 Feminea,
619 3840 647 3879 δ
672 3838 833 3909 periit
856 3837 1046 3892 dextra
1070 3833 1170 3890 sub
1194 3840 1398 3887 tartara
1426 3839 1627 3886 trusus.
1982 3826 2199 3882 Munitis
2219 3828 2370 3899 signo
2400 3827 2542 3897 fidei,
2567 3838 2861 3900 contraque
2888 3831 3151 3888 nefandos

298 3933 545 4003 Namque
566 3929 767 3992 ferunt,
791 3926 935 3997 quod
952 3940 1076 3982 eum
1100 3924 1225 3979 vino
1256 3934 1549 3990 somnoque
1577 3928 1879 3991 gravatum,
1980 3914 2219 3973 Gentiles
2244 3917 2367 3973 felix
2409 3920 2561 3975 ﬂeret
2586 3929 2858 3976 certamen
2886 3924 3169 3993 agendum.

296 4025 435 4081 Cum
464 4040 568 4079 nnx
598 4020 897 4091 omnigenis
922 4018 1283 4074 animantibus
1301 4016 1407 4070 alta
1436 4015 1671 4085 quietem
1978 4006 2155 4076 Atque
2186 4006 2379 4063 dehinc
2405 4010 2563 4064 motis
2584 4018 2914 4065 memoratae
2938 4014 3141 4081 proelia
3171 4015 3367 4071 castris

298 4116 627 4186 suggereret
647 4124 695 4178 ε,
722 4110 926 4181 coeptis
944 4106 1251 4165 crudelibus
1273 4104 1703 4173 eﬂ‘eraZconiunx,
1977 4096 2232 4152 Intulerat
2253 4100 2418 4169 genti,
2441 4100 2593 4155 cuius
2614 4102 2905 4156 munimina
2933 4112 3112 4157 statim

296 4208 513 4262 Ducena
534 4207 807 4261 insomnes
825 4202 963 4257 odiis
995 4198 1393 4256 stimulantibus
1420 4196 1661 4260 umbras,
1756 4260 1759 4265 ⁴
1975 4189 2152 4246 Pulsis
2172 4193 2452 4261 praesidiis
2479 4194 2833 4256 destrinxerat,
2861 4210 2928 4248 ex
2958 4195 3154 4264 quibus
3186 4212 3352 4253 unum

298 4298 582 4354 Hammo
607 4310 790 4367 regem
812 4293 999 4365 regina
1022 4291 1313 4362 pel-emerit
1334 4305 1489 4345 ausu,
1901 4288 1953 4349 Ι)
1980 4279 2094 4335 Non
2125 4283 2305 4352 aperis
2325 4283 2476 4353 parvi
2504 4282 2735 4340 Canibus
2760 4284 3091 4354 praeterﬂuit
3112 4289 3304 4355 amnis,

299 4392 420 4447 Utta
452 4404 636 4445 necem
659 4368 863 4458 proprii
890 4394 1068 4443 tamen
1092 4393 1176 4439 est
1193 4384 1298 4439 hoc
1326 4382 1552 4438 crimine
1576 4377 1765 4451 patris.
1973 4370 2148 4441 Atque
2170 4387 2331 4443 super
2356 4373 2553 4428 dictum
2584 4373 2851 4446 Cumberg
2882 4377 3105 4432 munitio
3128 4388 3364 4435 montem

296 4482 411 4537 Hoc
438 4495 527 4535 res
552 4478 832 4534 Hunorum
857 4475 997 4531 tristi
1021 4474 1169 4530 velut
1189 4473 1367 4529 omine
1396 4471 1563 4541 lapsa,
1973 4462 2154 4519 Altera
2178 4465 2465 4534 pregrandi
2494 4463 2667 4520 fuerat
2696 4466 3024 4522 circumdata
3048 4469 3208 4525 vallo.

296 4571 426 4625 Post
454 4569 615 4624 rediit
636 4574 804 4629 retro,
836 4580 935 4620 nec
954 4562 1311 4634 prosperitate
1333 4559 1502 4630 priori
1974 4554 2270 4610 Destructis
2295 4556 2536 4625 utrisque
2568 4565 2747 4610 tamen
2775 4573 2897 4611 cum
2924 4557 3115 4613 robore
3141 4559 3286 4625 forti,

294 4661 436 4715 Sunt
458 4658 715 4727 posthaec
733 4655 837 4710 usi.
865 4654 1022 4709 Prius
1039 4663 1355 4723 Oppressere
1382 4644 1600 4718 profani
1971 4644 2334 4717 Aequalisque
2363 4645 2494 4710 solo,
2528 4643 2672 4699 ferro
2695 4647 2941 4701 vastabat
2961 4656 3015 4701 ct
3035 4647 3142 4718 igni

292 4747 643 4806 Christicolas
660 4745 689 4786 ὃ
714 4745 950 4799 Francos
967 4741 1172 4812 antiqui
1204 4737 1458 4809 temporis
1486 4751 1618 4791 aevo
1641 4775 1656 4801 ,
1974 4736 2204 4793 llostiles
2232 4738 2336 4792 late
2356 4745 2551 4803 terras,
2582 4739 2650 4793 ad
2674 4738 2813 4793 ostia
2842 4740 3010 4794 donec

290 4841 603 4910 Castigaute
626 4838 738 4893 Deo
760 4850 919 4892 caros
946 4834 1046 4889 sibi
1074 4848 1222 4888 more
1246 4831 1498 4902 benigno.
1972 4826 2296 4883 Perveniens
2324 4829 2641 4895 Arrabonis,
2669 4844 2773 4898 qua
2802 4828 2976 4899 fertur
3001 4830 3053 4885 in
3089 4832 3262 4887 undas

292 4931 438 5001 Ergo
460 4936 676 4997 patrum
700 4924 867 4980 cladis
886 4931 1013 4978 nota
1037 4921 1236 4977 mansit
1262 4920 1440 4975 inusta
1463 4926 1716 4988 nepotum
1971 4915 2219 4984 Danubii,
2246 4918 2401 4973 lassis
2428 4919 2624 4973 ibidem
2650 4919 2877 4975 statione
2904 4919 3076 4976 locata

290 5017 632 5083 Pectoribus,
656 5027 880 5070 servans
908 5013 1021 5067 irae
1040 5010 1364 5079 monimenta
1394 5016 1622 5063 vetuste.
1971 5008 2222 5062 Militibus
2242 5025 2467 5078 parvum
2495 5009 2715 5063 dederat
2736 5010 3075 5079 requiescere
3101 5019 3335 5082 tempus.

289 5108 431 5164 Tum
456 5122 593 5163 nova
619 5114 899 5177 praeterea
920 5103 986 5158 de
1013 5101 1193 5157 causis
1211 5108 1330 5155 orta
1351 5098 1598 5154 simultas
1971 5099 2059 5154 Sic
2084 5100 2173 5154 ubi
2207 5100 2514 5156 Pannoniae
2545 5100 2718 5155 fuerat
2738 5118 2864 5171 pars
2886 5104 3118 5158 maxima
3150 5105 3287 5160 latae

292 5199 404 5253 lam
428 5198 606 5265 dictis,
632 5196 869 5251 animum
887 5193 1065 5249 Caroli
1087 5191 1392 5254 commovit,
1424 5198 1484 5244 ut
1513 5189 1630 5245 illos
1968 5188 2179 5243 Divitiis
2201 5188 2425 5257 spoliata
2449 5191 2560 5246 suis
2582 5207 2645 5245 ac
2673 5190 2867 5245 tradita
2896 5191 3145 5257 ﬂammis,

290 5288 625 5345 Francorum
652 5286 780 5341 totis
804 5298 927 5340 cum
947 5283 1153 5339 viribus
1175 5281 1575 5353 aggrederetur.
1966 5279 2291 5335 Incolumem
2314 5281 2488 5336 victor
2508 5281 2764 5352 populum
2796 5296 2889 5333 rex
2915 5281 3035 5335 inde
3063 5281 3292 5346 reduxit,

364 5433 390 5493 ξι
420 5420 500 5493 Ex
533 5416 777 5493 Gregorii
796 5415 1162 5493 _'I‘ur9n.__Ilist.
1192 5414 1335 5471 Eccl.
1362 5414 1579 5493 u,‘6.v;_’,_'
1646 5482 1708 5493 Μ
1755 5485 1775 5493 _
2038 5423 2059 5493 ξ
2090 5410 2662 5493 ἕαθρενενες.ρ]οεξει,
2692 5409 2906 5464 scande.

364 5434 390 5462 ι
420 5434 500 5475 Ex
533 5434 608 5473 ur
674 5434 777 5473 om
800 5434 1001 5472 'I'uron.
1028 5434 1162 5470 utSt.
1193 5434 1335 5471 hcet.
1362 5434 1425 5481 II,
1454 5434 1574 5481 0.;
2038 5434 2058 5451 ι
2097 5434 2425 5484 ouggereret.
2452 5434 2662 5476 urussa,
2692 5434 2906 5464 scurrae.

364 5491 395 5531 δ
422 5491 582 5545 Poeta
602 5434 812 5544 ﬁboini
836 5495 892 5540 et
910 5486 1086 5542 Attila:
1108 5500 1292 5542 necem
1321 5485 1615 5541 confundit.
1639 5482 1719 5540 Cf.
1748 5485 1866 5542 Jor-
2035 5481 2059 5520 δ
2090 5482 2328 5538 Francos
2374 5481 2552 5535 Attila:
2584 5490 2821 5549 tempore
2851 5493 3110 5549 paganos.
3138 5486 3194 5532 et
3241 5479 3422 5537 Hunos
3471 5485 3541 5539 ab

295 5561 451 5618 (lanis
474 5560 610 5616 Hist.
643 5558 828 5624 00th.,
851 5572 899 5612 c.
929 5556 1015 5611 49.
1954 5552 2230 5609 .Avarihus
2252 5553 2493 5608 diversos
2512 5550 2693 5614 fuisse,
2727 5549 2865 5602 inter
2889 5564 3076 5606 omnes
3109 5560 3339 5607 constat.
