3880 6170
368 258 468 313 707
1335 228 1352 247 ³
1743 251 1893 309 POE'I

2045 248 2323 308 SAXONIS
3489 261 3579 319 708

361 373 460 430 Cui
487 372 586 428 fuit
613 371 820 427 hostilis
846 372 981 426 haec
1011 377 1119 425 tota
1143 369 1402 439 profectio
1430 368 1587 439 plane

312 526 317 531 ,
365 464 650 535 Prospera,
678 478 763 517 res
788 464 840 517 in
863 477 927 517 ea
954 476 1051 516 nec
1077 461 1301 530 contigit
1323 459 1430 513 ulla
1452 459 1697 524 moleste,

364 557 603 627 Επαινῑο
627 555 768 626 (ιυοτΙ
795 561 939 607 tanta
962 553 1079 606 lues
1104 552 1222 607 eius
1247 551 1491 622 legionis,

363 646 533 713 Quam
561 661 656 699 rex
684 644 856 708 duxit,
881 658 1081 713 aequas
1109 641 1300 697 morbo
1324 641 1661 710 consumpsit
1681 640 1873 705 atroci,

363 737 436 792 Ut
459 736 719 789 decimam
748 741 957 803 partem
984 733 1075 786 vix
1100 733 1167 787 de
1189 741 1269 787 tot
1296 732 1513 787 milibus
1534 732 1694 787 huius

360 827 650 897 Expertem
671 825 839 879 eladis
862 824 1078 879 tradant
1106 824 1347 893 patuisse
1375 824 1577 878 reduci.

360 918 476 973 Rex
506 925 687 971 autem
715 917 939 972 veniens
958 917 1244 988 Reginum,
1273 931 1434 986 quam
1457 914 1865 993 Reganesburg‘

359 1011 512 1065 Nunc
535 1010 791 1073 vocitant,
823 1008 1021 1064 ibidem
1042 1008 1238 1063 natalis
1262 1006 1458 1078 gaudia
1478 1006 1681 1063 Christi

358 1100 642 1173 Cardeque
662 1110 933 1157 sacratum
962 1100 1258 1157 celebravit
1281 1101 1481 1171 pascha
1515 1099 1674 1154 ﬁdeli.

824 1191 973 1244 Anno
1004 1189 1127 1245 792.
1162 1189 1356 1243 Indici.
1383 1189 1469 1242 l4.

359 1282 514 1337 Celsa
540 1281 802 1353 Pyrenaei
830 1295 991 1350 supra
1020 1281 1139 1351 iuga
1168 1279 1382 1334 condita
1409 1279 1607 1334 montis

365 1376 503 1431 Urbs
530 1384 613 1430 est
633 1374 881 1445 Orgellis,
911 1372 1123 1443 praesul
1146 1372 1233 1426 cui
1264 1371 1478 1425 nomine
1501 1369 1649 1423 Felix

359 1464 585 1520 Proluit.
608 1463 707 1518 Hic
732 1462 1002 1518 haeresim
1026 1460 1242 1516 molitus
1269 1461 1503 1515 candere
1522 1474 1770 1530 pravam,

357 1559 619 1627 Dogmata
642 1554 891 1610 tradebat
920 1551 1042 1607 ﬁdei
1066 1552 1336 1606 contraria
1364 1558 1601 1612 sanctae,

357 1649 665 1711 Aﬁirmans,
696 1644 945 1701 Christus
968 1643 1215 1699 dominus
1242 1643 1366 1713 quia
1393 1656 1620 1711 corpore
1645 1648 1857 1709 sumpta

359 1739 455 1793 Est
474 1739 635 1793 homo
667 1735 918 1805 dignatus
942 1732 1078 1796 ﬁeri,
1110 1747 1217 1786 non
1251 1732 1502 1803 proprius
1526 1745 1592 1784 ex
1618 1730 1742 1793 hac,

361 1829 469 1883 Sed
501 1826 646 1897 quod
673 1824 955 1895 adoptivus
980 1822 1051 1878 sit
1077 1821 1661 1892 Filiusomnipotentis.

359 1916 805 1984 Responsumque
822 1912 1081 1967 Taletana
1103 1912 1250 1965 dedit
1281 1912 1382 1965 hoc
1414 1910 1711 1980 llelipando

356 2005 636 2067 Pontiﬁee,
666 2004 731 2059 de
752 2019 810 2058 re
833 2000 1284 2057 tantaconsultus
1305 2001 1372 2055 ab
1406 2001 1543 2070 ipso,

354 2099 528 2167 Atque
557 2110 711 2151 suum
739 2094 956 2164 scriptis
983 2091 1268 2148 defendere
1299 2093 1487 2162 dogma
1514 2092 1729 2155 libellis,

353 2186 511 2243 Omni
535 2200 640 2255 qua
668 2184 841 2255 patuit
862 2183 1041 2238 studia
1061 2197 1215 2237 curat
1230 2183 1355 2247 it,et
1370 2191 1506 2237 arte.

355 2280 493 2334 llinc
525 2277 593 2332 ad
619 2274 871 2331 catholici
904 2275 1165 2329 deductus
1188 2273 1445 2344 principis
1469 2274 1649 2328 aulam
1673 2303 1741 2313 --

355 2369 498 2423 Idem
530 2366 738 2437 Regina
764 2377 790 2405 ιι
815 2380 940 2419 nam
962 2371 1075 2418 tum
1109 2362 1381 2419 hiemabat
1401 2364 1454 2418 in
1482 2364 1614 2418 urbe
1652 2393 1723 2404 -—

353 2462 399 2516 Α
425 2460 608 2515 multis
630 2458 702 2513 ibi
729 2456 1035 2529 presulibus
1056 2456 1369 2526 synodoque
1394 2453 1662 2524 frequenti

355 2552 450 2607 Est
479 2551 712 2613 auditus,
757 2557 812 2604 et
839 2561 1081 2603 errarem
1119 2546 1367 2603 docuisse
1397 2545 1685 2602 nefandum

352 2644 664 2708 Convictus,
688 2641 949 2712 posthaec
970 2639 1209 2695 Adriano
1230 2638 1465 2692 mittitur
1492 2637 1654 2701 almo,

353 2734 509 2790 Sedis
534 2731 863 2803 apostolicae
898 2729 999 2785 fuit
1017 2729 1123 2785 hac
1156 2728 1249 2798 qui
1281 2734 1522 2797 tempore
1544 2728 1779 2798 praesul.

352 2826 471 2893 Qua
499 2831 806 2895 praesente,
856 2820 1004 2877 Petri
1033 2830 1313 2876 correctus
1335 2820 1389 2874 in
1420 2819 1552 2875 aede
1577 2820 1746 2885 beati,

353 2914 670 2971 Pontificum
697 2928 881 2968 coram
907 2919 1096 2967 sancta
1129 2911 1438 2980 celebrique
1465 2920 1676 2976 senatu,

354 3005 676 3077 Dampnavit
704 3004 852 3059 Felix
890 3002 1043 3073 prius
1074 3000 1361 3058 infeliciter
1387 3016 1417 3055 a
1447 3017 1506 3058 se

352 3099 539 3154 Ortam
564 3094 823 3167 perﬁdiae
851 3102 1076 3159 sectam,
1105 3093 1410 3163 meruitque
1439 3093 1634 3148 reverti

352 3190 434 3246 Ad
447 3189 695 3261 propriae
722 3203 911 3243 rursus
932 3186 1273 3243 retinendum
1308 3186 1452 3242 sedis
1476 3187 1759 3243 honorem.

354 3282 426 3336 At
454 3278 749 3336 Baioaricis
783 3278 1047 3335 aestivum
1076 3287 1287 3349 tempus
1322 3277 1375 3332 in
1408 3278 1556 3334 horis

356 3373 492 3440 Dum
532 3387 625 3426 rex
648 3370 909 3433 duxisset,
940 3383 1188 3439 suprema
1215 3367 1456 3437 pericula
1486 3382 1657 3437 paene

353 3462 608 3526 lncurrit,
642 3461 746 3516 nisi
774 3457 916 3529 quod
954 3458 1126 3530 pietas
1152 3458 1331 3513 divina
1366 3457 1623 3513 resistens

351 3552 594 3607 Ausibus
620 3549 896 3614 humanis,
932 3562 1122 3602 saevas
1147 3556 1416 3602 everterat
1433 3547 1561 3601 iras.

353 3643 557 3697 Horror
582 3641 725 3696 inest
747 3638 942 3695 animis
966 3638 1102 3693 tales
1132 3639 1494 3694 recalentibus
1512 3654 1696 3704 ausus,

351 3732 508 3799 Quod
546 3729 709 3785 fuerit
736 3729 955 3785 rutilum
974 3727 1308 3785 Francorum
1328 3737 1438 3783 tam
1460 3744 1627 3799 prope
1655 3729 1833 3785 lumen

351 3823 688 3888 Extinctam,
729 3820 940 3876 facinus
960 3819 1045 3875 vel
1080 3821 1391 3890 concepisse
1420 3820 1682 3891 malignos

352 3916 583 3970 Tantum
607 3922 788 3969 mente
819 3913 988 3969 viros.
1026 3911 1279 3968 Caralum
1310 3928 1434 3967 nam
1457 3915 1669 3969 tradere
1707 3915 1868 3969 morti

351 4004 689 4060 Omnimodis
711 4012 995 4073 satagunt:
1033 4003 1158 4058 hinc
1183 4003 1487 4057 coniuratio
1518 4003 1691 4059 fertur

354 4096 498 4150 Inter
522 4094 853 4151 Francorum
878 4109 1131 4165 proceres
1155 4093 1446 4149 crudeliter
1478 4106 1619 4149 acta.

353 4187 616 4259 Precipue
641 4188 783 4259 regis
812 4195 1059 4243 materna
1083 4185 1113 4227 ι’
1142 4186 1404 4258 sanguine
1428 4195 1629 4253 cretus,

353 4280 458 4335 Sed
482 4280 602 4351 plus
623 4280 861 4351 nequitia
890 4294 1122 4343 marum,
1149 4293 1311 4349 quam
1335 4280 1569 4349 degener
1582 4289 1725 4345 ortu,

354 4372 643 4427 Auctorem
668 4371 886 4427 sceleris
913 4371 1137 4427 demens
1164 4385 1222 4425 se
1257 4371 1473 4440 prebuit
1495 4372 1673 4426 huius.

352 4462 468 4516 Non
494 4470 673 4515 tamen
702 4462 806 4517 hac
824 4461 1004 4517 odium
1030 4475 1211 4531 regem
1245 4462 1528 4527 meruisse,
1554 4461 1635 4517 vel
1666 4462 1779 4531 ipse

355 4553 539 4608 llostis
567 4553 685 4607 iure
712 4553 865 4622 queri
891 4560 1126 4623 poterat,
1172 4551 1359 4620 regina
1389 4551 1480 4606 sed
1507 4562 1686 4618 atrox,

353 4643 430 4696 Ac
453 4658 671 4698 saevum
695 4652 912 4714 gestans
948 4642 1114 4697 animi
1144 4642 1401 4697 Fastrada
1426 4651 1711 4699 tumorem.

352 4732 698 4787 lnsidiatarcs
720 4733 918 4804 partim
948 4733 1303 4803 suspenderat
1328 4732 1447 4786 illos

354 4821 610 4878 informis
635 4822 725 4876 leti
754 4824 996 4892 laqueus,
1020 4831 1253 4892 nataque
1277 4821 1519 4893 pepercit

358 4916 471 4970 Rex
500 4923 706 4969 tantum
731 4915 967 4984 proprio,
998 4921 1322 4983 tonsumque
1342 4914 1707 4969 monasteriali

353 5004 640 5075 PrOposita
660 5019 892 5075 purgare
912 5002 1087 5058 scelus
1115 5003 1272 5057 iussit
1295 5005 1629 5059 meditatum.

352 5098 409 5154 lu
438 5095 725 5152 Baioarica
748 5110 879 5151 vero
902 5095 1118 5164 regione
1144 5104 1409 5162 moratus,

351 5189 593 5245 Instabat
612 5187 863 5259 princeps
890 5186 1135 5241 navalem
1169 5186 1401 5243 candere
1426 5198 1670 5259 pontem,

351 5282 454 5350 Qui
480 5296 578 5351 per
613 5279 921 5336 Danubium
942 5277 1084 5334 bella
1110 5278 1392 5348 prodesset
1427 5280 1650 5350 agenda,

426 5440 450 5501 9
494 5428 710 5501 Regina.
736 5429 946 5495 Glassa,
968 5431 1033 5501 id
1050 5440 1125 5485 est
1158 5429 1499 5501 Reinesburg.

427 5499 453 5537 δ
493 5499 621 5551 Cod.
652 5510 918 5554 materna.
962 5500 1293 5554 Leilmitius:
1354 5519 1371 5549 ι
1415 5499 1482 5554 an
1518 5500 1800 5555 legendum
1855 5519 1949 5555 no-

354 5567 496 5641 titia?
526 5569 775 5641 intelligit
794 5571 938 5641 enim
966 5571 1268 5640 Pippinum,
1306 5570 1485 5625 Caroli
1535 5567 1703 5624 lilium
1730 5578 1949 5625 natura-

356 5636 481 5691 lem.
511 5657 527 5687 ι
550 5668 613 5676 —-
631 5636 737 5695 Sed
755 5656 857 5695 vox
879 5640 1014 5697 bene
1029 5636 1089 5695 se
1104 5640 1282 5706 habet,
1310 5642 1714 5696 constructione
1742 5642 1813 5695 ita
1827 5653 1951 5697 eur-

1971 364 2023 424 Α
2048 362 2201 429 Quod
2222 376 2408 421 contra
2434 380 2624 424 saevos
2641 367 2768 441 alim
2793 380 3104 442 susceperat
3128 368 3323 430 Hunos.

2050 456 2187 512 Hinc
2221 467 2274 512 et
2300 460 2536 547 natalem
2567 460 2775 516 Domini
2804 462 3167 518 celebraverat
3202 458 3329 532 illic,

2046 545 2219 616 Ipsius
2255 545 2309 602 et
2330 549 2524 603 merita
2553 547 2853 604 clarissima
2883 550 3017 606 festa
3042 554 3325 624 triumpho,

2047 636 2165 703 Quo
2188 638 2392 707 pariter
2415 638 2543 694 vicit
2568 647 2796 695 mortem
2815 641 3112 712 martisque
3132 644 3422 703 ministrum

2504 768 2655 825 Anno
2679 769 2802 827 793.
2844 770 3039 828 India.
3081 773 3166 829 15.

2046 898 2180 956 Cum
2206 916 2299 957 rex
2339 902 2407 957 ad
2441 910 2688 972 coeptum
2723 905 3003 961 statuisset
3023 906 3400 964 conﬁciendum

2044 987 2177 1044 Belli
2197 999 2467 1046 certamen
2492 991 2679 1049 Hunos
2705 994 2959 1051 invadere
2984 1013 3194 1064 rursus,

2044 1080 2318 1151 Comperit
2347 1085 2632 1151 extinctas,
2674 1086 3008 1144 Theadricus
3035 1090 3140 1144 dux
3165 1090 3394 1163 legiones

2045 1171 2190 1239 Quas
2216 1189 2313 1244 per
2345 1175 2861 1249 Fresonum,pagum
2887 1180 3119 1236 llriustri
3148 1186 3430 1241 vocitatum

2046 1263 2316 1319 Ducebat:
2357 1282 2480 1321 nam
2511 1266 2784 1324 Saxonum
2811 1272 3022 1341 periere
3050 1274 3248 1330 dolosis

2047 1353 2283 1420 lnsidiis,
2306 1366 2494 1426 captae
2522 1358 2771 1414 Wisurae
2788 1363 3116 1432 prapelitara
3156 1367 3425 1436 pulchrae.

2046 1445 2398 1503 Dissimulans
2426 1449 2587 1519 igitur
2614 1454 2747 1507 tanti
2774 1453 3064 1510 infortunia
3085 1458 3322 1529 dampni.

2045 1534 2339 1591 lntermisit
2367 1539 2485 1603 iter,
2521 1555 2629 1609 qua
2662 1542 2979 1612 disponebat
3015 1548 3166 1603 adire

2047 1625 2371 1693 Pannonias,
2401 1637 2596 1684 etcum
2620 1630 2789 1687 Hunis
2818 1637 3156 1692 committere
3173 1655 3424 1709 pugnam.

1978 1707 2018 1767 Β
2047 1716 2253 1772 Interea
2292 1734 2511 1774 suasere
2537 1721 2659 1785 sibi,
2710 1724 2800 1791 qui
2833 1738 2960 1779 nata
2988 1707 3233 1783 ferebant

2046 1806 2214 1871 Talia,
2248 1812 2390 1877 quod
2417 1810 2607 1865 fluvios
2633 1812 2791 1877 inter,
2823 1813 3087 1871 Radantia
3118 1832 3349 1887 quorum

2049 1899 2197 1954 Unus
2225 1900 2389 1955 habet
2415 1917 2632 1967 nomen,
2673 1903 2767 1958 sed
2788 1914 2844 1959 et
2866 1905 3121 1961 Alemona
3153 1908 3356 1964 dicitur
3386 1909 3528 1976 alter,

1953 2028 1958 2032 .
2047 1990 2102 2043 Si
2145 1991 2297 2045 ﬁeret
2322 1999 2504 2047 tantus
2529 1990 2673 2049 fossa
2697 1994 2885 2050 tellure
2918 2007 3138 2066 paratus

2043 2080 2261 2147 Alveus,
2293 2081 2526 2138 inductis
2551 2081 2740 2140 ambos
2764 2085 2893 2141 dum
2920 2095 3162 2158 tangeret
3186 2104 3378 2147 amnes

2043 2173 2377 2244 Gurgitibus,
2407 2184 2591 2245 posset
2611 2191 2816 2248 puppes
2836 2189 2896 2233 ut
2922 2179 3062 2237 ferre
3084 2192 3357 2250 natantes,

2043 2265 2098 2319 In
2126 2265 2374 2319 Rhenum
2402 2267 2469 2321 de
2492 2266 2890 2325 Danubiaceler
2913 2272 3238 2339 efﬁceretur,

2044 2357 2109 2411 Et
2146 2356 2320 2412 facilis
2348 2372 2539 2414 cursus
2565 2362 2789 2418 ratibus.
2831 2355 3096 2419 Radantia
3122 2381 3361 2436 namque

2044 2446 2113 2503 Se
2137 2448 2332 2514 Maino,
2358 2450 2566 2507 Moinus
2591 2464 2614 2493 ο
2652 2452 2842 2509 Rheno
2868 2455 3092 2510 miscere
3116 2458 3411 2525 probatur;

2040 2538 2298 2595 Alcmana
2329 2540 2557 2597 Danubii
2591 2544 2796 2599 rabidis
2824 2544 3065 2600 illabitur
3085 2548 3270 2602 undis.

2042 2628 2336 2686 Consilium
2362 2633 2587 2688 credens
2609 2633 2770 2704 igitur
2796 2636 2897 2691 sibi
2920 2635 3170 2694 dantibus
3197 2640 3369 2704 istud,

2042 2720 2158 2791 Ipse
2182 2722 2355 2777 locum
2385 2725 2637 2795 princeps
2659 2726 2808 2796 operi
2831 2742 2990 2797 quem
3017 2729 3250 2784 credidit
3271 2742 3449 2801 aptum

2042 2811 2277 2882 Expetiit
2305 2821 2472 2877 tanta,
2516 2814 2699 2871 multis
2723 2831 2936 2887 quoque
2959 2819 3177 2874 milibus
3200 2820 3338 2878 illuc

2041 2900 2333 2959 Conductis
2356 2914 2721 2974 operatarum,
2746 2908 2905 2962 simul
2933 2910 3115 2965 omnia
3148 2927 3330 2982 poene

2042 2991 2299 3047 Autumni
2330 2996 2508 3050 studia
2535 2999 2868 3069 consumpsit
2894 3006 3133 3070 tempora
3161 3017 3346 3058 cassa.

2044 3083 2115 3186 Et
2138 3091 2314 3186 tamen
2338 3086 2392 3140 in
2420 3086 2636 3186 longum
2658 3105 2851 3159 passus
2876 3091 2980 3146 duo
3008 3092 3155 3147 milia
3182 3094 3351 3186 ductio:

1951 3187 1955 3190 ‘
2041 3176 2208 3233 Fossa
2230 3177 2351 3245 fuit,
2372 3181 2598 3251 pedibus
2621 3190 2921 3238 tercentum
2952 3184 3060 3239 lata
3096 3176 3346 3255 patebat;

2043 3268 2149 3325 Sed
2178 3286 2282 3325 non
2310 3270 2605 3341 perfectum
2632 3281 2842 3344 poterat
2859 3275 3158 3332 consistere
3174 3292 3406 3347 prorsus

2042 3360 2156 3416 Hoc
2180 3377 2338 3431 opus,
2368 3364 2615 3420 assiduus
2639 3366 2895 3435 quoniam
2921 3368 3085 3423 nimis
3111 3368 3277 3425 alluit
3305 3372 3491 3438 imber,

2041 3453 2110 3509 Et
2130 3455 2393 3510 naturalis
2421 3464 2621 3510 terram
2646 3458 2967 3513 dissoluerat
2994 3459 3206 3525 humor,

2040 3545 2402 3617 Egestumque
2431 3547 2531 3603 fuit
2557 3558 2815 3620 quantum
2842 3551 3036 3608 sudore
3057 3553 3277 3619 diurno,

1974 3680 1975 3683 η
2041 3633 2252 3691 Rursus
2292 3638 2439 3691 humi
2465 3646 2671 3692 tantum
2702 3640 2860 3695 rediit
2879 3642 2981 3697 sub
2998 3653 3158 3698 nocte
3178 3645 3417 3716 relapsa.

2041 3726 2462 3797 Cumquelutum
2490 3745 2704 3801 semper
2729 3732 2962 3788 madidis
2987 3734 3321 3791 incresceret
3346 3737 3507 3802 arvis,

2041 3817 2239 3873 Alveus
2258 3830 2313 3874 et
2343 3823 2499 3875 lirmo
2522 3832 2795 3878 constaret
2820 3824 2979 3880 litore
3005 3842 3301 3896 nusquam,

2042 3910 2153 3964 lina
2185 3923 2376 3981 petens
2413 3912 2655 3969 inmensa
2685 3916 2839 3985 palus
2862 3932 2961 3987 per
2983 3918 3188 3975 lubrica
3219 3920 3401 3987 fluxit,
3446 3954 3453 3963 α

2041 4002 2122 4057 Ac
2144 4004 2367 4057 densum
2389 4006 2673 4060 scrobibus
2696 4022 2920 4061 caenum
2950 4008 3189 4064 subsedit
3209 4011 3269 4064 in
3286 4012 3429 4066 altis.

2042 4093 2177 4149 Cum
2209 4098 2390 4151 tamen
2421 4098 2474 4150 in
2505 4108 2696 4167 coepto
2721 4101 3035 4169 persisteret
3056 4104 3168 4172 ipse
3193 4103 3405 4170 labore,

2044 4185 2197 4241 llunc
2227 4186 2365 4243 tristi
2395 4189 2608 4243 tandem
2635 4188 2774 4244 fama
2805 4202 3093 4248 reuocante
3117 4195 3364 4265 reliquit,

2045 4278 2141 4333 Est
2169 4279 2335 4335 totius
2357 4280 2499 4334 enim
2522 4283 2700 4337 subito
2735 4282 2965 4338 defectio
2991 4288 3165 4355 gentis

1970 4394 2020 4455 ι)
2047 4369 2320 4425 Saxonum
2344 4388 2526 4427 rursus
2554 4374 2753 4429 bellum
2781 4385 2997 4431 narrata
3026 4388 3319 4436 mouentis.

2045 4461 2298 4518 Preterea
2322 4464 2604 4520 Sarraccni
2644 4469 2973 4536 permaxima
2996 4471 3187 4525 damna

2042 4553 2356 4620 lntulerant,
2389 4557 2617 4625 quedam
2640 4559 2787 4628 regni
2819 4559 3049 4614 conﬁnia
3075 4560 3220 4617 ferro

2044 4646 2354 4713 Vastantes,
2385 4649 2609 4705 ducibus
2632 4649 2962 4705 Francorum
2993 4653 3226 4722 denique
3250 4655 3450 4721 caesis,

2044 4741 2179 4794 Cum
2209 4740 2396 4809 spoliis
2419 4742 2666 4811 laetoque
2688 4744 2850 4798 nimis
2871 4744 3079 4800 rediere
3103 4747 3387 4816 trophaeo.

2045 4828 2181 4884 Tum
2201 4845 2295 4884 rex
2321 4832 2563 4886 aduersis
2585 4841 2884 4888 commotus
2906 4834 3120 4899 talibus,
3144 4837 3269 4893 inde

2043 4924 2124 4980 Ad
2158 4925 2393 4981 Francos
2414 4926 2593 4991 rediit,
2630 4930 2825 4984 natalis
2862 4931 3052 4998 gaudia
3074 4932 3273 4988 Christi

1926 5016 1949 5038 ’
2045 5015 2247 5071 Dcuate
2268 5004 2578 5073 caelebrans
2599 5019 2757 5075 Μοίηί
2784 5035 2951 5091 prope
2980 5022 3125 5078 clara
3154 5022 3377 5089 fluenta,

2045 5108 2159 5176 Qua
2199 5110 2348 5165 locus
2370 5110 2592 5181 insignis
2626 5111 2819 5166 liiliani
2844 5114 3097 5184 martyris
3119 5113 3244 5169 almi

2044 5202 2273 5258 Nomine
2296 5219 2390 5258 seu
2415 5204 2622 5259 meritis
2677 5204 2872 5276 fulget:
2912 5216 3154 5261 sanctum
3180 5218 3399 5275 quoque
3423 5204 3607 5275 pascha

2046 5294 2142 5349 Est
2164 5295 2220 5348 in
2239 5294 2645 5351 Franconafard
2670 5313 2871 5369 magna
2894 5308 3183 5354 veneratus
3209 5298 3436 5354 honore.

2048 5462 2227 5526 rente:
2261 5454 2520 5526 praecipue
2568 5454 2702 5526 regis
2745 5463 2934 5519 cretus,
2973 5454 3192 5526 degener
3214 5463 3451 5508 materna
3501 5465 3608 5505 san-

2050 5524 2225 5596 guine,
2250 5524 2339 5576 sed
2363 5524 2479 5596 plus
2512 5525 2739 5596 nequitia
2763 5541 2965 5579 morum
2990 5524 3143 5595 qdam
3167 5535 3303 5579 ortu.

2127 5606 2145 5633 ε
2191 5594 2371 5659 Rcin.,
2406 5593 2525 5649 Illic
2548 5593 2602 5648 se
2629 5594 2802 5649 .lla’no
2829 5596 2932 5649 hic.
