  <div class='ocr_page' id='page_1' title='image "/cluster/home/n/w/nwhite01/storage/ocr_20150623/99/hvd.32044023429921/360.png"; bbox 0 0 3868 6170; ppageno 0'>
   <div class='ocr_carea' id='block_1_1' title="bbox 225 260 336 314">
    <p class='ocr_par' dir='ltr' id='par_1_1' title="bbox 225 260 336 314">
     <span class='ocr_line' id='line_1_1' title="bbox 225 260 336 314; baseline 0 0"><span class='ocrx_word' id='word_1_1' title='bbox 225 260 336 314; x_wconf 83' lang='lat'><strong>709</strong></span> 
     </span>
    </p>
   </div>
   <div class='ocr_carea' id='block_1_2' title="bbox 706 408 1322 483">
    <p class='ocr_par' dir='ltr' id='par_1_2' title="bbox 706 408 1322 483">
     <span class='ocr_line' id='line_1_2' title="bbox 706 408 1322 483; baseline 0.003 -20"><span class='ocrx_word' id='word_1_2' title='bbox 706 408 857 483; x_wconf 69' lang='lat' dir='ltr'><strong>Anno</strong></span> <span class='ocrx_word' id='word_1_3' title='bbox 884 409 1007 466; x_wconf 50' lang='lat'><strong>79.5.</strong></span> <span class='ocrx_word' id='word_1_4' title='bbox 1048 411 1244 466; x_wconf 84' lang='lat' dir='ltr'><strong>Indict.</strong></span> <span class='ocrx_word' id='word_1_5' title='bbox 1276 413 1322 465; x_wconf 87' lang='grc' dir='ltr'><strong>Ι.</strong></span> 
     </span>
    </p>
   </div>
   <div class='ocr_carea' id='block_1_3' title="bbox 221 542 1410 612">
    <p class='ocr_par' dir='ltr' id='par_1_3' title="bbox 221 542 1410 612">
     <span class='ocr_line' id='line_1_3' title="bbox 221 542 1410 612; baseline 0.007 -14"><span class='ocrx_word' id='word_1_6' title='bbox 221 544 352 598; x_wconf 87' lang='lat' dir='ltr'><strong>Dira</strong></span> <span class='ocrx_word' id='word_1_7' title='bbox 376 542 687 599; x_wconf 78' lang='lat' dir='ltr'><strong>venenifere</strong></span> <span class='ocrx_word' id='word_1_8' title='bbox 710 554 940 602; x_wconf 99' lang='lat' dir='ltr'><strong>conatus</strong></span> <span class='ocrx_word' id='word_1_9' title='bbox 968 550 1174 603; x_wconf 81' lang='lat' dir='ltr'><strong>semina</strong></span> <span class='ocrx_word' id='word_1_10' title='bbox 1212 562 1410 612; x_wconf 82' lang='lat' dir='ltr'><strong>sectae.</strong></span> 
     </span>
    </p>
   </div>
   <div class='ocr_carea' id='block_1_4' title="bbox 219 632 1435 709">
    <p class='ocr_par' dir='ltr' id='par_1_4' title="bbox 219 632 1435 709">
     <span class='ocr_line' id='line_1_4' title="bbox 219 632 1435 709; baseline 0.008 -22"><span class='ocrx_word' id='word_1_11' title='bbox 219 634 375 700; x_wconf 82' lang='lat' dir='ltr'><strong>Quae</strong></span> <span class='ocrx_word' id='word_1_12' title='bbox 397 633 551 688; x_wconf 87' lang='lat' dir='ltr'><strong>Felix</strong></span> <span class='ocrx_word' id='word_1_13' title='bbox 581 632 781 691; x_wconf 77' lang='lat' dir='ltr'><strong>infelici</strong></span> <span class='ocrx_word' id='word_1_14' title='bbox 816 636 958 693; x_wconf 89' lang='lat' dir='ltr'><strong>male</strong></span> <span class='ocrx_word' id='word_1_15' title='bbox 986 649 1256 708; x_wconf 73' lang='lat' dir='ltr'><strong>sparserat</strong></span> <span class='ocrx_word' id='word_1_16' title='bbox 1277 658 1435 709; x_wconf 89' lang='lat' dir='ltr'><strong>ausu,</strong></span> 
     </span>
    </p>
   </div>
   <div class='ocr_carea' id='block_1_5' title="bbox 219 726 1437 802">
    <p class='ocr_par' dir='ltr' id='par_1_5' title="bbox 219 726 1437 802">
     <span class='ocr_line' id='line_1_5' title="bbox 219 726 1437 802; baseline 0.007 -21"><span class='ocrx_word' id='word_1_17' title='bbox 219 726 441 781; x_wconf 78' lang='lat' dir='ltr'><strong>Vellere</strong></span> <span class='ocrx_word' id='word_1_18' title='bbox 470 728 535 781; x_wconf 90' lang='lat' dir='ltr'><strong>de</strong></span> <span class='ocrx_word' id='word_1_19' title='bbox 560 741 717 782; x_wconf 83' lang='lat' dir='ltr'><strong>sacro</strong></span> <span class='ocrx_word' id='word_1_20' title='bbox 746 727 958 784; x_wconf 88' lang='lat' dir='ltr'><strong>Domini</strong></span> <span class='ocrx_word' id='word_1_21' title='bbox 996 731 1257 788; x_wconf 76' lang='lat' dir='ltr'><strong>radicitus</strong></span> <span class='ocrx_word' id='word_1_22' title='bbox 1285 749 1437 802; x_wconf 80' lang='lat' dir='ltr'><strong>agro,</strong></span> 
     </span>
    </p>
   </div>
   <div class='ocr_carea' id='block_1_6' title="bbox 172 816 1711 891">
    <p class='ocr_par' dir='ltr' id='par_1_6' title="bbox 172 816 1711 891">
     <span class='ocr_line' id='line_1_6' title="bbox 172 816 1711 891; baseline 0.01 -21"><span class='ocrx_word' id='word_1_23' title='bbox 172 850 191 864; x_wconf 67' lang='grc' dir='ltr'><em>ρ</em></span> <span class='ocrx_word' id='word_1_24' title='bbox 217 816 537 872; x_wconf 79' lang='lat' dir='ltr'><strong>Catholicus</strong></span> <span class='ocrx_word' id='word_1_25' title='bbox 565 818 839 888; x_wconf 79' lang='lat' dir='ltr'><strong>princeps,</strong></span> <span class='ocrx_word' id='word_1_26' title='bbox 882 821 1147 891; x_wconf 82' lang='lat' dir='ltr'><strong>synodum</strong></span> <span class='ocrx_word' id='word_1_27' title='bbox 1187 824 1464 882; x_wconf 85' lang='lat' dir='ltr'><strong>celebrare</strong></span> <span class='ocrx_word' id='word_1_28' title='bbox 1489 836 1711 885; x_wconf 81' lang='lat' dir='ltr'><strong>vocatos</strong></span> 
     </span>
    </p>
   </div>
   <div class='ocr_carea' id='block_1_7' title="bbox 222 908 1607 979">
    <p class='ocr_par' dir='ltr' id='par_1_7' title="bbox 222 908 1607 979">
     <span class='ocr_line' id='line_1_7' title="bbox 222 908 1607 979; baseline 0.006 -16"><span class='ocrx_word' id='word_1_29' title='bbox 222 908 478 977; x_wconf 81' lang='lat' dir='ltr'><strong>Undique</strong></span> <span class='ocrx_word' id='word_1_30' title='bbox 498 908 782 979; x_wconf 84' lang='lat' dir='ltr'><strong>pontifices</strong></span> <span class='ocrx_word' id='word_1_31' title='bbox 810 910 916 964; x_wconf 88' lang='lat' dir='ltr'><strong>iam</strong></span> <span class='ocrx_word' id='word_1_32' title='bbox 946 912 1145 967; x_wconf 88' lang='lat' dir='ltr'><strong>dictam</strong></span> <span class='ocrx_word' id='word_1_33' title='bbox 1177 913 1304 968; x_wconf 88' lang='lat' dir='ltr'><strong>fecit</strong></span> <span class='ocrx_word' id='word_1_34' title='bbox 1317 917 1385 971; x_wconf 86' lang='lat' dir='ltr'><strong>ad</strong></span> <span class='ocrx_word' id='word_1_35' title='bbox 1411 917 1607 973; x_wconf 86' lang='lat' dir='ltr'><strong>aulam.</strong></span> 
     </span>
    </p>
   </div>
   <div class='ocr_carea' id='block_1_8' title="bbox 218 987 1650 1077">
    <p class='ocr_par' dir='ltr' id='par_1_8' title="bbox 218 987 1650 1077">
     <span class='ocr_line' id='line_1_8' title="bbox 218 987 1650 1077; baseline 0.007 -25"><span class='ocrx_word' id='word_1_36' title='bbox 218 998 331 1053; x_wconf 84' lang='lat' dir='ltr'><strong>Nec</strong></span> <span class='ocrx_word' id='word_1_37' title='bbox 350 1014 464 1053; x_wconf 92' lang='lat' dir='ltr'><strong>non</strong></span> <span class='ocrx_word' id='word_1_38' title='bbox 491 998 719 1054; x_wconf 79' lang='lat' dir='ltr'><strong>affuerat</strong></span> <span class='ocrx_word' id='word_1_39' title='bbox 748 987 1055 1071; x_wconf 83' lang='lat' dir='ltr'><strong>Stephanus</strong></span> <span class='ocrx_word' id='word_1_40' title='bbox 1081 1019 1203 1059; x_wconf 93' lang='lat' dir='ltr'><strong>cum</strong></span> <span class='ocrx_word' id='word_1_41' title='bbox 1234 1005 1650 1077; x_wconf 85' lang='lat' dir='ltr'><strong>Theophilacto:</strong></span> 
     </span>
    </p>
   </div>
   <div class='ocr_carea' id='block_1_9' title="bbox 219 1087 1394 1166">
    <p class='ocr_par' dir='ltr' id='par_1_9' title="bbox 219 1087 1394 1166">
     <span class='ocr_line' id='line_1_9' title="bbox 219 1087 1394 1166; baseline 0.008 -22"><span class='ocrx_word' id='word_1_42' title='bbox 219 1088 356 1144; x_wconf 84' lang='lat' dir='ltr'><strong>Nam</strong></span> <span class='ocrx_word' id='word_1_43' title='bbox 388 1087 493 1163; x_wconf 86' lang='lat' dir='ltr'><strong>fuit</strong></span> <span class='ocrx_word' id='word_1_44' title='bbox 519 1089 746 1146; x_wconf 84' lang='lat' dir='ltr'><strong>antistes</strong></span> <span class='ocrx_word' id='word_1_45' title='bbox 768 1091 913 1147; x_wconf 87' lang='lat' dir='ltr'><strong>sedis</strong></span> <span class='ocrx_word' id='word_1_46' title='bbox 934 1093 1143 1163; x_wconf 75' lang='lat' dir='ltr'><strong>legatus</strong></span> <span class='ocrx_word' id='word_1_47' title='bbox 1164 1103 1394 1166; x_wconf 89' lang='lat' dir='ltr'><strong>uterque</strong></span> 
     </span>
    </p>
   </div>
   <div class='ocr_carea' id='block_1_10' title="bbox 218 1179 1563 1256">
    <p class='ocr_par' dir='ltr' id='par_1_10' title="bbox 218 1179 1563 1256">
     <span class='ocr_line' id='line_1_10' title="bbox 218 1179 1563 1256; baseline 0.01 -24"><span class='ocrx_word' id='word_1_48' title='bbox 218 1179 492 1243; x_wconf 87' lang='lat' dir='ltr'><strong>Romane,</strong></span> <span class='ocrx_word' id='word_1_49' title='bbox 532 1195 667 1250; x_wconf 91' lang='lat' dir='ltr'><strong>quos</strong></span> <span class='ocrx_word' id='word_1_50' title='bbox 687 1195 823 1252; x_wconf 87' lang='lat' dir='ltr'><strong>papa</strong></span> <span class='ocrx_word' id='word_1_51' title='bbox 845 1197 1001 1239; x_wconf 91' lang='lat' dir='ltr'><strong>sacer</strong></span> <span class='ocrx_word' id='word_1_52' title='bbox 1020 1184 1246 1243; x_wconf 90' lang='lat' dir='ltr'><strong>mittens</strong></span> <span class='ocrx_word' id='word_1_53' title='bbox 1271 1187 1563 1256; x_wconf 83' lang='lat' dir='ltr'><strong>Adrianus,</strong></span> 
     </span>
    </p>
   </div>
   <div class='ocr_carea' id='block_1_11' title="bbox 220 1271 1499 1337">
    <p class='ocr_par' dir='ltr' id='par_1_11' title="bbox 220 1271 1499 1337">
     <span class='ocr_line' id='line_1_11' title="bbox 220 1271 1499 1337; baseline 0.01 -14"><span class='ocrx_word' id='word_1_54' title='bbox 220 1271 343 1325; x_wconf 85' lang='lat' dir='ltr'><strong>Rite</strong></span> <span class='ocrx_word' id='word_1_55' title='bbox 369 1286 528 1325; x_wconf 89' lang='lat' dir='ltr'><strong>suam</strong></span> <span class='ocrx_word' id='word_1_56' title='bbox 555 1285 773 1328; x_wconf 88' lang='lat' dir='ltr'><strong>servare</strong></span> <span class='ocrx_word' id='word_1_57' title='bbox 794 1272 970 1329; x_wconf 86' lang='lat' dir='ltr'><strong>vicem</strong></span> <span class='ocrx_word' id='word_1_58' title='bbox 992 1278 1341 1335; x_wconf 74' lang='lat' dir='ltr'><strong>mandaverat</strong></span> <span class='ocrx_word' id='word_1_59' title='bbox 1370 1281 1499 1337; x_wconf 86' lang='lat' dir='ltr'><strong>illic.</strong></span> 
     </span>
    </p>
   </div>
   <div class='ocr_carea' id='block_1_12' title="bbox 220 1360 1425 1440">
    <p class='ocr_par' dir='ltr' id='par_1_12' title="bbox 220 1360 1425 1440">
     <span class='ocr_line' id='line_1_12' title="bbox 220 1360 1425 1440; baseline 0.011 -27"><span class='ocrx_word' id='word_1_60' title='bbox 220 1360 375 1415; x_wconf 89' lang='lat' dir='ltr'><strong>Tunc</strong></span> <span class='ocrx_word' id='word_1_61' title='bbox 399 1361 567 1431; x_wconf 80' lang='lat' dir='ltr'><strong>igitur</strong></span> <span class='ocrx_word' id='word_1_62' title='bbox 592 1363 773 1417; x_wconf 84' lang='lat' dir='ltr'><strong>cuncti</strong></span> <span class='ocrx_word' id='word_1_63' title='bbox 794 1379 921 1419; x_wconf 86' lang='lat' dir='ltr'><strong>cum</strong></span> <span class='ocrx_word' id='word_1_64' title='bbox 947 1365 1166 1424; x_wconf 89' lang='lat' dir='ltr'><strong>decreto</strong></span> <span class='ocrx_word' id='word_1_65' title='bbox 1184 1371 1425 1440; x_wconf 88' lang='lat' dir='ltr'><strong>generali</strong></span> 
     </span>
    </p>
   </div>
   <div class='ocr_carea' id='block_1_13' title="bbox 222 1450 1820 1533">
    <p class='ocr_par' dir='ltr' id='par_1_13' title="bbox 222 1450 1820 1533">
     <span class='ocr_line' id='line_1_13' title="bbox 222 1450 1820 1533; baseline 0.011 -29"><span class='ocrx_word' id='word_1_66' title='bbox 222 1450 375 1506; x_wconf 90' lang='lat' dir='ltr'><strong>llanc</strong></span> <span class='ocrx_word' id='word_1_67' title='bbox 414 1452 847 1510; x_wconf 68' lang='lat' dir='ltr'><strong>condemnarunt</strong></span> <span class='ocrx_word' id='word_1_68' title='bbox 896 1457 1184 1523; x_wconf 83' lang='lat' dir='ltr'><strong>haeresim,</strong></span> <span class='ocrx_word' id='word_1_69' title='bbox 1231 1462 1574 1533; x_wconf 80' lang='lat' dir='ltr'><strong>scriptusque</strong></span> <span class='ocrx_word' id='word_1_70' title='bbox 1608 1464 1820 1522; x_wconf 77' lang='lat' dir='ltr'><strong>libellus</strong></span> 
     </span>
    </p>
   </div>
   <div class='ocr_carea' id='block_1_14' title="bbox 221 1540 1488 1614">
    <p class='ocr_par' dir='ltr' id='par_1_14' title="bbox 221 1540 1488 1614">
     <span class='ocr_line' id='line_1_14' title="bbox 221 1540 1488 1614; baseline 0.009 -19"><span class='ocrx_word' id='word_1_71' title='bbox 221 1541 315 1595; x_wconf 87' lang='lat' dir='ltr'><strong>Est</strong></span> <span class='ocrx_word' id='word_1_72' title='bbox 341 1540 717 1607; x_wconf 88' lang='lat' dir='ltr'><strong>illamcontra,</strong></span> <span class='ocrx_word' id='word_1_73' title='bbox 762 1559 923 1614; x_wconf 88' lang='lat' dir='ltr'><strong>quem</strong></span> <span class='ocrx_word' id='word_1_74' title='bbox 950 1547 1369 1605; x_wconf 82' lang='lat' dir='ltr'><strong>confirmaverat</strong></span> <span class='ocrx_word' id='word_1_75' title='bbox 1398 1551 1488 1607; x_wconf 92' lang='lat' dir='ltr'><strong>ille</strong></span> 
     </span>
    </p>
   </div>
   <div class='ocr_carea' id='block_1_15' title="bbox 221 1633 1673 1711">
    <p class='ocr_par' dir='ltr' id='par_1_15' title="bbox 221 1633 1673 1711">
     <span class='ocr_line' id='line_1_15' title="bbox 221 1633 1673 1711; baseline 0.01 -25"><span class='ocrx_word' id='word_1_76' title='bbox 221 1633 555 1689; x_wconf 88' lang='lat' dir='ltr'><strong>Pontificum</strong></span> <span class='ocrx_word' id='word_1_77' title='bbox 576 1644 784 1701; x_wconf 91' lang='lat' dir='ltr'><strong>coetus,</strong></span> <span class='ocrx_word' id='word_1_78' title='bbox 811 1637 971 1692; x_wconf 85' lang='lat' dir='ltr'><strong>simul</strong></span> <span class='ocrx_word' id='word_1_79' title='bbox 991 1647 1046 1694; x_wconf 90' lang='lat' dir='ltr'><strong>et</strong></span> <span class='ocrx_word' id='word_1_80' title='bbox 1064 1641 1456 1711; x_wconf 85' lang='lat' dir='ltr'><strong>subscripserat</strong></span> <span class='ocrx_word' id='word_1_81' title='bbox 1478 1647 1673 1702; x_wconf 90' lang='lat' dir='ltr'><strong>omnis.</strong></span> 
     </span>
    </p>
   </div>
   <div class='ocr_carea' id='block_1_16' title="bbox 220 1725 1572 1801">
    <p class='ocr_par' dir='ltr' id='par_1_16' title="bbox 220 1725 1572 1801">
     <span class='ocr_line' id='line_1_16' title="bbox 220 1725 1572 1801; baseline 0.01 -23"><span class='ocrx_word' id='word_1_82' title='bbox 220 1725 399 1780; x_wconf 84' lang='lat' dir='ltr'><strong>Annis</strong></span> <span class='ocrx_word' id='word_1_83' title='bbox 448 1735 734 1796; x_wconf 90' lang='lat' dir='ltr'><strong>praeterea</strong></span> <span class='ocrx_word' id='word_1_84' title='bbox 765 1729 1029 1799; x_wconf 81' lang='lat' dir='ltr'><strong>synodum</strong></span> <span class='ocrx_word' id='word_1_85' title='bbox 1049 1746 1154 1786; x_wconf 89' lang='lat' dir='ltr'><strong>non</strong></span> <span class='ocrx_word' id='word_1_86' title='bbox 1180 1732 1424 1801; x_wconf 90' lang='lat' dir='ltr'><strong>pluribus</strong></span> <span class='ocrx_word' id='word_1_87' title='bbox 1446 1746 1572 1792; x_wconf 85' lang='lat' dir='ltr'><strong>ante</strong></span> 
     </span>
    </p>
   </div>
   <div class='ocr_carea' id='block_1_17' title="bbox 222 1816 1374 1887">
    <p class='ocr_par' dir='ltr' id='par_1_17' title="bbox 222 1816 1374 1887">
     <span class='ocr_line' id='line_1_17' title="bbox 222 1816 1374 1887; baseline 0.011 -19"><span class='ocrx_word' id='word_1_88' title='bbox 222 1816 699 1887; x_wconf 74' lang='lat' dir='ltr'><strong>Constantinopoli</strong></span> <span class='ocrx_word' id='word_1_89' title='bbox 720 1818 985 1876; x_wconf 86' lang='lat' dir='ltr'><strong>celebrari</strong></span> <span class='ocrx_word' id='word_1_90' title='bbox 1008 1819 1137 1877; x_wconf 89' lang='lat' dir='ltr'><strong>fecit</strong></span> <span class='ocrx_word' id='word_1_91' title='bbox 1164 1823 1218 1879; x_wconf 93' lang='lat' dir='ltr'><strong>in</strong></span> <span class='ocrx_word' id='word_1_92' title='bbox 1240 1826 1374 1881; x_wconf 86' lang='lat' dir='ltr'><strong>urbe</strong></span> 
     </span>
    </p>
   </div>
   <div class='ocr_carea' id='block_1_18' title="bbox 221 1904 1648 1980">
    <p class='ocr_par' dir='ltr' id='par_1_18' title="bbox 221 1904 1648 1980">
     <span class='ocr_line' id='line_1_18' title="bbox 221 1904 1648 1980; baseline 0.013 -21"><span class='ocrx_word' id='word_1_93' title='bbox 221 1904 531 1963; x_wconf 83' lang='lat' dir='ltr'><strong>Grecorum</strong></span> <span class='ocrx_word' id='word_1_94' title='bbox 553 1909 827 1980; x_wconf 88' lang='lat' dir='ltr'><strong>princeps,</strong></span> <span class='ocrx_word' id='word_1_95' title='bbox 854 1911 946 1980; x_wconf 86' lang='lat' dir='ltr'><strong>qui</strong></span> <span class='ocrx_word' id='word_1_96' title='bbox 984 1911 1374 1973; x_wconf 90' lang='lat' dir='ltr'><strong>Constantinus</strong></span> <span class='ocrx_word' id='word_1_97' title='bbox 1411 1920 1648 1977; x_wconf 88' lang='lat' dir='ltr'><strong>habebat</strong></span> 
     </span>
    </p>
   </div>
   <div class='ocr_carea' id='block_1_19' title="bbox 224 1996 1571 2079">
    <p class='ocr_par' dir='ltr' id='par_1_19' title="bbox 224 1996 1571 2079">
     <span class='ocr_line' id='line_1_19' title="bbox 224 1996 1571 2079; baseline 0.013 -29"><span class='ocrx_word' id='word_1_98' title='bbox 224 1996 460 2065; x_wconf 80' lang='lat' dir='ltr'><strong>Nomen,</strong></span> <span class='ocrx_word' id='word_1_99' title='bbox 500 2008 557 2056; x_wconf 80' lang='lat' dir='ltr'><strong>et</strong></span> <span class='ocrx_word' id='word_1_100' title='bbox 583 2001 825 2057; x_wconf 85' lang='lat' dir='ltr'><strong>eiusdem</strong></span> <span class='ocrx_word' id='word_1_101' title='bbox 852 2005 1099 2074; x_wconf 82' lang='lat' dir='ltr'><strong>genetrix</strong></span> <span class='ocrx_word' id='word_1_102' title='bbox 1123 2005 1330 2064; x_wconf 88' lang='lat' dir='ltr'><strong>Hercna</strong></span> <span class='ocrx_word' id='word_1_103' title='bbox 1361 2020 1571 2079; x_wconf 86' lang='lat' dir='ltr'><strong>vocata,</strong></span> 
     </span>
    </p>
   </div>
   <div class='ocr_carea' id='block_1_20' title="bbox 223 2088 1471 2172">
    <p class='ocr_par' dir='ltr' id='par_1_20' title="bbox 223 2088 1471 2172">
     <span class='ocr_line' id='line_1_20' title="bbox 223 2088 1471 2172; baseline 0.01 -27"><span class='ocrx_word' id='word_1_104' title='bbox 223 2088 289 2146; x_wconf 89' lang='lat' dir='ltr'><strong>Et</strong></span> <span class='ocrx_word' id='word_1_105' title='bbox 309 2092 701 2160; x_wconf 82' lang='lat' dir='ltr'><strong>condixerunt,</strong></span> <span class='ocrx_word' id='word_1_106' title='bbox 742 2103 803 2150; x_wconf 88' lang='lat' dir='ltr'><strong>ut</strong></span> <span class='ocrx_word' id='word_1_107' title='bbox 831 2097 1061 2167; x_wconf 82' lang='lat' dir='ltr'><strong>septima</strong></span> <span class='ocrx_word' id='word_1_108' title='bbox 1087 2114 1179 2156; x_wconf 83' lang='lat' dir='ltr'><strong>seu</strong></span> <span class='ocrx_word' id='word_1_109' title='bbox 1202 2104 1471 2172; x_wconf 70' lang='lat' dir='ltr'><strong>generalis</strong></span> 
     </span>
    </p>
   </div>
   <div class='ocr_carea' id='block_1_21' title="bbox 223 2184 1418 2254">
    <p class='ocr_par' dir='ltr' id='par_1_21' title="bbox 223 2184 1418 2254">
     <span class='ocr_line' id='line_1_21' title="bbox 223 2184 1418 2254; baseline 0.012 -17"><span class='ocrx_word' id='word_1_110' title='bbox 223 2184 642 2254; x_wconf 87' lang='lat' dir='ltr'><strong>Appellaretur;</strong></span> <span class='ocrx_word' id='word_1_111' title='bbox 676 2189 770 2243; x_wconf 90' lang='lat' dir='ltr'><strong>sed</strong></span> <span class='ocrx_word' id='word_1_112' title='bbox 794 2205 915 2245; x_wconf 90' lang='lat' dir='ltr'><strong>eam</strong></span> <span class='ocrx_word' id='word_1_113' title='bbox 944 2206 1055 2247; x_wconf 88' lang='lat' dir='ltr'><strong>non</strong></span> <span class='ocrx_word' id='word_1_114' title='bbox 1083 2194 1302 2251; x_wconf 88' lang='lat' dir='ltr'><strong>nomine</strong></span> <span class='ocrx_word' id='word_1_115' title='bbox 1325 2196 1418 2251; x_wconf 87' lang='lat' dir='ltr'><strong>tali</strong></span> 
     </span>
    </p>
   </div>
   <div class='ocr_carea' id='block_1_22' title="bbox 226 2275 1553 2354">
    <p class='ocr_par' dir='ltr' id='par_1_22' title="bbox 226 2275 1553 2354">
     <span class='ocr_line' id='line_1_22' title="bbox 226 2275 1553 2354; baseline 0.011 -25"><span class='ocrx_word' id='word_1_116' title='bbox 226 2275 458 2346; x_wconf 78' lang='lat' dir='ltr'><strong>Dignam</strong></span> <span class='ocrx_word' id='word_1_117' title='bbox 493 2278 781 2335; x_wconf 88' lang='lat' dir='ltr'><strong>concilium</strong></span> <span class='ocrx_word' id='word_1_118' title='bbox 808 2282 1020 2350; x_wconf 83' lang='lat' dir='ltr'><strong>pariter</strong></span> <span class='ocrx_word' id='word_1_119' title='bbox 1037 2296 1364 2354; x_wconf 77' lang='lat' dir='ltr'><strong>cognoverat</strong></span> <span class='ocrx_word' id='word_1_120' title='bbox 1392 2288 1553 2352; x_wconf 90' lang='lat' dir='ltr'><strong>istud,</strong></span> 
     </span>
    </p>
   </div>
   <div class='ocr_carea' id='block_1_23' title="bbox 226 2367 1604 2446">
    <p class='ocr_par' dir='ltr' id='par_1_23' title="bbox 226 2367 1604 2446">
     <span class='ocr_line' id='line_1_23' title="bbox 226 2367 1604 2446; baseline 0.009 -23"><span class='ocrx_word' id='word_1_121' title='bbox 226 2367 412 2439; x_wconf 85' lang='lat' dir='ltr'><strong>thue</strong></span> <span class='ocrx_word' id='word_1_122' title='bbox 444 2384 841 2440; x_wconf 76' lang='lat' dir='ltr'><strong>supervacuam</strong></span> <span class='ocrx_word' id='word_1_123' title='bbox 865 2377 1221 2446; x_wconf 85' lang='lat' dir='ltr'><strong>spernendam</strong></span> <span class='ocrx_word' id='word_1_124' title='bbox 1240 2382 1454 2437; x_wconf 80' lang='lat' dir='ltr'><strong>censuit</strong></span> <span class='ocrx_word' id='word_1_125' title='bbox 1482 2382 1604 2438; x_wconf 90' lang='lat' dir='ltr'><strong>iste.</strong></span> 
     </span>
    </p>
   </div>
   <div class='ocr_carea' id='block_1_24' title="bbox 225 2458 1522 2539">
    <p class='ocr_par' dir='ltr' id='par_1_24' title="bbox 225 2458 1522 2539">
     <span class='ocr_line' id='line_1_24' title="bbox 225 2458 1522 2539; baseline 0.01 -26"><span class='ocrx_word' id='word_1_126' title='bbox 225 2458 381 2514; x_wconf 87' lang='lat' dir='ltr'><strong>Tunc</strong></span> <span class='ocrx_word' id='word_1_127' title='bbox 404 2460 482 2515; x_wconf 85' lang='lat' dir='ltr'><strong>ibi</strong></span> <span class='ocrx_word' id='word_1_128' title='bbox 525 2462 720 2532; x_wconf 77' lang='lat' dir='ltr'><strong>regalis</strong></span> <span class='ocrx_word' id='word_1_129' title='bbox 738 2461 1002 2521; x_wconf 85' lang='lat' dir='ltr'><strong>Fastrada</strong></span> <span class='ocrx_word' id='word_1_130' title='bbox 1034 2466 1364 2539; x_wconf 72' lang='lat' dir='ltr'><strong>migraverat</strong></span> <span class='ocrx_word' id='word_1_131' title='bbox 1383 2485 1522 2526; x_wconf 87' lang='lat' dir='ltr'><strong>uxor</strong></span> 
     </span>
    </p>
   </div>
   <div class='ocr_carea' id='block_1_25' title="bbox 228 2547 1603 2629">
    <p class='ocr_par' dir='ltr' id='par_1_25' title="bbox 228 2547 1603 2629">
     <span class='ocr_line' id='line_1_25' title="bbox 228 2547 1603 2629; baseline 0.009 -26"><span class='ocrx_word' id='word_1_132' title='bbox 228 2547 340 2604; x_wconf 89' lang='lat' dir='ltr'><strong>llac</strong></span> <span class='ocrx_word' id='word_1_133' title='bbox 360 2565 435 2605; x_wconf 85' lang='lat' dir='ltr'><strong>ex</strong></span> <span class='ocrx_word' id='word_1_134' title='bbox 462 2550 606 2614; x_wconf 88' lang='lat' dir='ltr'><strong>luce,</strong></span> <span class='ocrx_word' id='word_1_135' title='bbox 636 2552 777 2608; x_wconf 85' lang='lat' dir='ltr'><strong>diem</strong></span> <span class='ocrx_word' id='word_1_136' title='bbox 808 2555 1026 2611; x_wconf 89' lang='lat' dir='ltr'><strong>tandem</strong></span> <span class='ocrx_word' id='word_1_137' title='bbox 1049 2558 1241 2613; x_wconf 90' lang='lat' dir='ltr'><strong>sortita</strong></span> <span class='ocrx_word' id='word_1_138' title='bbox 1272 2574 1603 2629; x_wconf 90' lang='lat' dir='ltr'><strong>supremum.</strong></span> 
     </span>
    </p>
   </div>
   <div class='ocr_carea' id='block_1_26' title="bbox 228 2639 1440 2719">
    <p class='ocr_par' dir='ltr' id='par_1_26' title="bbox 228 2639 1440 2719">
     <span class='ocr_line' id='line_1_26' title="bbox 228 2639 1440 2719; baseline 0.009 -24"><span class='ocrx_word' id='word_1_139' title='bbox 228 2639 401 2695; x_wconf 89' lang='lat' dir='ltr'><strong>Cuius</strong></span> <span class='ocrx_word' id='word_1_140' title='bbox 431 2641 489 2695; x_wconf 92' lang='lat' dir='ltr'><strong>in</strong></span> <span class='ocrx_word' id='word_1_141' title='bbox 512 2641 705 2699; x_wconf 81' lang='lat' dir='ltr'><strong>Albani</strong></span> <span class='ocrx_word' id='word_1_142' title='bbox 728 2646 974 2714; x_wconf 89' lang='lat' dir='ltr'><strong>speciosa</strong></span> <span class='ocrx_word' id='word_1_143' title='bbox 1007 2650 1263 2719; x_wconf 87' lang='lat' dir='ltr'><strong>martyris</strong></span> <span class='ocrx_word' id='word_1_144' title='bbox 1284 2651 1440 2717; x_wconf 89' lang='lat' dir='ltr'><strong>aede,</strong></span> 
     </span>
    </p>
   </div>
   <div class='ocr_carea' id='block_1_27' title="bbox 228 2731 1683 2813">
    <p class='ocr_par' dir='ltr' id='par_1_27' title="bbox 228 2731 1683 2813">
     <span class='ocr_line' id='line_1_27' title="bbox 228 2731 1683 2813; baseline 0.01 -28"><span class='ocrx_word' id='word_1_145' title='bbox 228 2731 422 2787; x_wconf 85' lang='lat' dir='ltr'><strong>Iuncta</strong></span> <span class='ocrx_word' id='word_1_146' title='bbox 449 2731 822 2803; x_wconf 77' lang='lat' dir='ltr'><strong>Mogontiacae</strong></span> <span class='ocrx_word' id='word_1_147' title='bbox 857 2735 1021 2807; x_wconf 82' lang='lat' dir='ltr'><strong>fulget</strong></span> <span class='ocrx_word' id='word_1_148' title='bbox 1041 2752 1181 2808; x_wconf 89' lang='lat' dir='ltr'><strong>quae</strong></span> <span class='ocrx_word' id='word_1_149' title='bbox 1200 2742 1484 2799; x_wconf 88' lang='lat' dir='ltr'><strong>moenibus</strong></span> <span class='ocrx_word' id='word_1_150' title='bbox 1512 2743 1683 2813; x_wconf 85' lang='lat' dir='ltr'><strong>urbis,</strong></span> 
     </span>
    </p>
   </div>
   <div class='ocr_carea' id='block_1_28' title="bbox 228 2819 1459 2899">
    <p class='ocr_par' dir='ltr' id='par_1_28' title="bbox 228 2819 1459 2899">
     <span class='ocr_line' id='line_1_28' title="bbox 228 2819 1459 2899; baseline 0.01 -26"><span class='ocrx_word' id='word_1_151' title='bbox 228 2819 364 2875; x_wconf 88' lang='lat' dir='ltr'><strong>Cum</strong></span> <span class='ocrx_word' id='word_1_152' title='bbox 391 2835 594 2891; x_wconf 88' lang='lat' dir='ltr'><strong>magno</strong></span> <span class='ocrx_word' id='word_1_153' title='bbox 616 2821 744 2878; x_wconf 92' lang='lat' dir='ltr'><strong>fecit</strong></span> <span class='ocrx_word' id='word_1_154' title='bbox 772 2826 987 2895; x_wconf 85' lang='lat' dir='ltr'><strong>sepeliri</strong></span> <span class='ocrx_word' id='word_1_155' title='bbox 1012 2842 1214 2899; x_wconf 89' lang='lat' dir='ltr'><strong>corpus</strong></span> <span class='ocrx_word' id='word_1_156' title='bbox 1233 2830 1459 2888; x_wconf 89' lang='lat' dir='ltr'><strong>honore.</strong></span> 
     </span>
    </p>
   </div>
   <div class='ocr_carea' id='block_1_29' title="bbox 227 2911 1679 2997">
    <p class='ocr_par' dir='ltr' id='par_1_29' title="bbox 227 2911 1679 2997">
     <span class='ocr_line' id='line_1_29' title="bbox 227 2911 1679 2997; baseline 0.012 -31"><span class='ocrx_word' id='word_1_157' title='bbox 227 2911 414 2982; x_wconf 80' lang='lat' dir='ltr'><strong>Atque</strong></span> <span class='ocrx_word' id='word_1_158' title='bbox 446 2912 645 2969; x_wconf 88' lang='lat' dir='ltr'><strong>dehinc</strong></span> <span class='ocrx_word' id='word_1_159' title='bbox 672 2913 898 2972; x_wconf 87' lang='lat' dir='ltr'><strong>Carolus</strong></span> <span class='ocrx_word' id='word_1_160' title='bbox 917 2920 1127 2975; x_wconf 91' lang='lat' dir='ltr'><strong>cunctis</strong></span> <span class='ocrx_word' id='word_1_161' title='bbox 1155 2921 1257 2976; x_wconf 93' lang='lat' dir='ltr'><strong>hoc</strong></span> <span class='ocrx_word' id='word_1_162' title='bbox 1275 2923 1467 2979; x_wconf 85' lang='lat' dir='ltr'><strong>ordine</strong></span> <span class='ocrx_word' id='word_1_163' title='bbox 1487 2926 1679 2997; x_wconf 80' lang='lat' dir='ltr'><strong>gestis,</strong></span> 
     </span>
    </p>
   </div>
   <div class='ocr_carea' id='block_1_30' title="bbox 229 3004 1564 3077">
    <p class='ocr_par' dir='ltr' id='par_1_30' title="bbox 229 3004 1564 3077">
     <span class='ocr_line' id='line_1_30' title="bbox 229 3004 1564 3077; baseline 0.007 -16"><span class='ocrx_word' id='word_1_164' title='bbox 229 3004 581 3077; x_wconf 83' lang='lat' dir='ltr'><strong>Foedifragis</strong></span> <span class='ocrx_word' id='word_1_165' title='bbox 606 3022 822 3063; x_wconf 84' lang='lat' dir='ltr'><strong>rursum</strong></span> <span class='ocrx_word' id='word_1_166' title='bbox 852 3008 1157 3067; x_wconf 84' lang='lat' dir='ltr'><strong>Saxonibus</strong></span> <span class='ocrx_word' id='word_1_167' title='bbox 1185 3014 1366 3069; x_wconf 89' lang='lat' dir='ltr'><strong>intulit</strong></span> <span class='ocrx_word' id='word_1_168' title='bbox 1393 3032 1564 3074; x_wconf 89' lang='lat' dir='ltr'><strong>arma.</strong></span> 
     </span>
    </p>
   </div>
   <div class='ocr_carea' id='block_1_31' title="bbox 226 3096 1454 3175">
    <p class='ocr_par' dir='ltr' id='par_1_31' title="bbox 226 3096 1454 3175">
     <span class='ocr_line' id='line_1_31' title="bbox 226 3096 1454 3175; baseline 0.008 -23"><span class='ocrx_word' id='word_1_169' title='bbox 226 3096 307 3153; x_wconf 81' lang='lat' dir='ltr'><strong>Ac</strong></span> <span class='ocrx_word' id='word_1_170' title='bbox 334 3098 579 3169; x_wconf 88' lang='lat' dir='ltr'><strong>geminis</strong></span> <span class='ocrx_word' id='word_1_171' title='bbox 602 3098 930 3154; x_wconf 79' lang='lat' dir='ltr'><strong>exercitibus</strong></span> <span class='ocrx_word' id='word_1_172' title='bbox 947 3100 1264 3158; x_wconf 88' lang='lat' dir='ltr'><strong>decreverat</strong></span> <span class='ocrx_word' id='word_1_173' title='bbox 1290 3104 1454 3175; x_wconf 89' lang='lat' dir='ltr'><strong>ipsos.</strong></span> 
     </span>
    </p>
   </div>
   <div class='ocr_carea' id='block_1_32' title="bbox 231 3189 1496 3264">
    <p class='ocr_par' dir='ltr' id='par_1_32' title="bbox 231 3189 1496 3264">
     <span class='ocr_line' id='line_1_32' title="bbox 231 3189 1496 3264; baseline 0.008 -21"><span class='ocrx_word' id='word_1_174' title='bbox 231 3189 528 3245; x_wconf 87' lang='lat' dir='ltr'><strong>lustructis</strong></span> <span class='ocrx_word' id='word_1_175' title='bbox 569 3197 774 3244; x_wconf 86' lang='lat' dir='ltr'><strong>terrore</strong></span> <span class='ocrx_word' id='word_1_176' title='bbox 788 3190 950 3246; x_wconf 87' lang='lat' dir='ltr'><strong>simul</strong></span> <span class='ocrx_word' id='word_1_177' title='bbox 970 3190 1225 3264; x_wconf 84' lang='lat' dir='ltr'><strong>ferroque</strong></span> <span class='ocrx_word' id='word_1_178' title='bbox 1253 3196 1496 3262; x_wconf 89' lang='lat' dir='ltr'><strong>domare,</strong></span> 
     </span>
    </p>
   </div>
   <div class='ocr_carea' id='block_1_33' title="bbox 232 3279 1568 3356">
    <p class='ocr_par' dir='ltr' id='par_1_33' title="bbox 232 3279 1568 3356">
     <span class='ocr_line' id='line_1_33' title="bbox 232 3279 1568 3356; baseline 0.006 -20"><span class='ocrx_word' id='word_1_179' title='bbox 232 3279 302 3336; x_wconf 81' lang='lat' dir='ltr'><strong>Ut</strong></span> <span class='ocrx_word' id='word_1_180' title='bbox 331 3281 453 3335; x_wconf 91' lang='lat' dir='ltr'><strong>cito</strong></span> <span class='ocrx_word' id='word_1_181' title='bbox 484 3295 615 3352; x_wconf 88' lang='lat' dir='ltr'><strong>gens</strong></span> <span class='ocrx_word' id='word_1_182' title='bbox 634 3280 790 3336; x_wconf 86' lang='lat' dir='ltr'><strong>bellis</strong></span> <span class='ocrx_word' id='word_1_183' title='bbox 810 3283 1190 3340; x_wconf 87' lang='lat' dir='ltr'><strong>succumberet</strong></span> <span class='ocrx_word' id='word_1_184' title='bbox 1212 3302 1317 3342; x_wconf 90' lang='lat' dir='ltr'><strong>una</strong></span> <span class='ocrx_word' id='word_1_185' title='bbox 1340 3289 1568 3356; x_wconf 89' lang='lat' dir='ltr'><strong>duobus,</strong></span> 
     </span>
    </p>
   </div>
   <div class='ocr_carea' id='block_1_34' title="bbox 231 3370 1689 3442">
    <p class='ocr_par' dir='ltr' id='par_1_34' title="bbox 231 3370 1689 3442">
     <span class='ocr_line' id='line_1_34' title="bbox 231 3370 1689 3442; baseline 0.006 -18"><span class='ocrx_word' id='word_1_186' title='bbox 231 3370 312 3425; x_wconf 84' lang='lat' dir='ltr'><strong>Ex</strong></span> <span class='ocrx_word' id='word_1_187' title='bbox 342 3370 549 3439; x_wconf 90' lang='lat' dir='ltr'><strong>quibus</strong></span> <span class='ocrx_word' id='word_1_188' title='bbox 564 3371 717 3426; x_wconf 78' lang='lat' dir='ltr'><strong>haud</strong></span> <span class='ocrx_word' id='word_1_189' title='bbox 745 3387 910 3426; x_wconf 86' lang='lat' dir='ltr'><strong>unum</strong></span> <span class='ocrx_word' id='word_1_190' title='bbox 934 3374 1184 3442; x_wconf 87' lang='lat' dir='ltr'><strong>paenitus</strong></span> <span class='ocrx_word' id='word_1_191' title='bbox 1210 3376 1437 3433; x_wconf 77' lang='lat' dir='ltr'><strong>sufferre</strong></span> <span class='ocrx_word' id='word_1_192' title='bbox 1466 3380 1689 3437; x_wconf 83' lang='lat' dir='ltr'><strong>valeret.</strong></span> 
     </span>
    </p>
   </div>
   <div class='ocr_carea' id='block_1_35' title="bbox 228 3460 1578 3541">
    <p class='ocr_par' dir='ltr' id='par_1_35' title="bbox 228 3460 1578 3541">
     <span class='ocr_line' id='line_1_35' title="bbox 228 3460 1578 3541; baseline 0.01 -27"><span class='ocrx_word' id='word_1_193' title='bbox 228 3460 410 3532; x_wconf 79' lang='lat' dir='ltr'><strong>Regis</strong></span> <span class='ocrx_word' id='word_1_194' title='bbox 437 3460 509 3515; x_wconf 88' lang='lat' dir='ltr'><strong>ab</strong></span> <span class='ocrx_word' id='word_1_195' title='bbox 530 3461 753 3516; x_wconf 87' lang='lat' dir='ltr'><strong>australi</strong></span> <span class='ocrx_word' id='word_1_196' title='bbox 778 3466 1142 3533; x_wconf 87' lang='lat' dir='ltr'><strong>properabant</strong></span> <span class='ocrx_word' id='word_1_197' title='bbox 1160 3469 1377 3539; x_wconf 82' lang='lat' dir='ltr'><strong>agmina</strong></span> <span class='ocrx_word' id='word_1_198' title='bbox 1403 3482 1578 3541; x_wconf 87' lang='lat' dir='ltr'><strong>parte,</strong></span> 
     </span>
    </p>
   </div>
   <div class='ocr_carea' id='block_1_36' title="bbox 229 3555 1447 3633">
    <p class='ocr_par' dir='ltr' id='par_1_36' title="bbox 229 3555 1447 3633">
     <span class='ocr_line' id='line_1_36' title="bbox 229 3555 1447 3633; baseline 0.009 -23"><span class='ocrx_word' id='word_1_199' title='bbox 229 3555 523 3613; x_wconf 84' lang='lat' dir='ltr'><strong>Saxonum</strong></span> <span class='ocrx_word' id='word_1_200' title='bbox 561 3558 791 3617; x_wconf 88' lang='lat' dir='ltr'><strong>miseras</strong></span> <span class='ocrx_word' id='word_1_201' title='bbox 813 3560 919 3617; x_wconf 85' lang='lat' dir='ltr'><strong>late</strong></span> <span class='ocrx_word' id='word_1_202' title='bbox 941 3563 1211 3619; x_wconf 84' lang='lat' dir='ltr'><strong>vastantia</strong></span> <span class='ocrx_word' id='word_1_203' title='bbox 1242 3572 1447 3633; x_wconf 87' lang='lat' dir='ltr'><strong>terras;</strong></span> 
     </span>
    </p>
   </div>
   <div class='ocr_carea' id='block_1_37' title="bbox 230 3644 1379 3717">
    <p class='ocr_par' dir='ltr' id='par_1_37' title="bbox 230 3644 1379 3717">
     <span class='ocr_line' id='line_1_37' title="bbox 230 3644 1379 3717; baseline 0.008 -18"><span class='ocrx_word' id='word_1_204' title='bbox 230 3644 415 3701; x_wconf 78' lang='lat' dir='ltr'><strong>Filius</strong></span> <span class='ocrx_word' id='word_1_205' title='bbox 435 3647 606 3717; x_wconf 85' lang='lat' dir='ltr'><strong>ipsius</strong></span> <span class='ocrx_word' id='word_1_206' title='bbox 633 3646 860 3706; x_wconf 86' lang='lat' dir='ltr'><strong>Carolus</strong></span> <span class='ocrx_word' id='word_1_207' title='bbox 894 3650 1186 3707; x_wconf 88' lang='lat' dir='ltr'><strong>traiecerat</strong></span> <span class='ocrx_word' id='word_1_208' title='bbox 1206 3653 1379 3708; x_wconf 90' lang='lat' dir='ltr'><strong>undas</strong></span> 
     </span>
    </p>
   </div>
   <div class='ocr_carea' id='block_1_38' title="bbox 238 3735 1563 3812">
    <p class='ocr_par' dir='ltr' id='par_1_38' title="bbox 238 3735 1563 3812">
     <span class='ocr_line' id='line_1_38' title="bbox 238 3735 1563 3812; baseline 0.008 -22"><span class='ocrx_word' id='word_1_209' title='bbox 238 3735 444 3802; x_wconf 82' lang='lat' dir='ltr'><strong>Rheni,</strong></span> <span class='ocrx_word' id='word_1_210' title='bbox 473 3752 635 3808; x_wconf 82' lang='lat' dir='ltr'><strong>quem</strong></span> <span class='ocrx_word' id='word_1_211' title='bbox 660 3741 1027 3797; x_wconf 88' lang='lat' dir='ltr'><strong>comitabatur</strong></span> <span class='ocrx_word' id='word_1_212' title='bbox 1053 3742 1260 3803; x_wconf 79' lang='lat' dir='ltr'><strong>delecta</strong></span> <span class='ocrx_word' id='word_1_213' title='bbox 1289 3742 1563 3812; x_wconf 87' lang='lat' dir='ltr'><strong>iuventus,</strong></span> 
     </span>
    </p>
   </div>
   <div class='ocr_carea' id='block_1_39' title="bbox 236 3827 1383 3903">
    <p class='ocr_par' dir='ltr' id='par_1_39' title="bbox 236 3827 1383 3903">
     <span class='ocr_line' id='line_1_39' title="bbox 236 3827 1383 3903; baseline 0.008 -22"><span class='ocrx_word' id='word_1_214' title='bbox 236 3827 512 3883; x_wconf 82' lang='lat' dir='ltr'><strong>lnvadens</strong></span> <span class='ocrx_word' id='word_1_215' title='bbox 530 3844 598 3884; x_wconf 86' lang='lat' dir='ltr'><strong>ex</strong></span> <span class='ocrx_word' id='word_1_216' title='bbox 628 3829 853 3887; x_wconf 89' lang='lat' dir='ltr'><strong>occidua</strong></span> <span class='ocrx_word' id='word_1_217' title='bbox 881 3833 1103 3903; x_wconf 88' lang='lat' dir='ltr'><strong>regione</strong></span> <span class='ocrx_word' id='word_1_218' title='bbox 1133 3833 1383 3890; x_wconf 84' lang='lat' dir='ltr'><strong>rebelles.</strong></span> 
     </span>
    </p>
   </div>
   <div class='ocr_carea' id='block_1_40' title="bbox 234 3920 1608 4000">
    <p class='ocr_par' dir='ltr' id='par_1_40' title="bbox 234 3920 1608 4000">
     <span class='ocr_line' id='line_1_40' title="bbox 234 3920 1608 4000; baseline 0.009 -27"><span class='ocrx_word' id='word_1_219' title='bbox 234 3920 395 3988; x_wconf 85' lang='lat' dir='ltr'><strong>Quos</strong></span> <span class='ocrx_word' id='word_1_220' title='bbox 422 3923 606 3977; x_wconf 89' lang='lat' dir='ltr'><strong>statim</strong></span> <span class='ocrx_word' id='word_1_221' title='bbox 629 3931 808 3981; x_wconf 88' lang='lat' dir='ltr'><strong>terror</strong></span> <span class='ocrx_word' id='word_1_222' title='bbox 831 3927 1027 3982; x_wconf 91' lang='lat' dir='ltr'><strong>merito</strong></span> <span class='ocrx_word' id='word_1_223' title='bbox 1047 3938 1362 3997; x_wconf 88' lang='lat' dir='ltr'><strong>pervaserat</strong></span> <span class='ocrx_word' id='word_1_224' title='bbox 1388 3930 1608 4000; x_wconf 87' lang='lat' dir='ltr'><strong>ingens:</strong></span> 
     </span>
    </p>
   </div>
   <div class='ocr_carea' id='block_1_41' title="bbox 239 4011 1613 4089">
    <p class='ocr_par' dir='ltr' id='par_1_41' title="bbox 239 4011 1613 4089">
     <span class='ocr_line' id='line_1_41' title="bbox 239 4011 1613 4089; baseline 0.009 -24"><span class='ocrx_word' id='word_1_225' title='bbox 239 4011 304 4066; x_wconf 84' lang='lat' dir='ltr'><strong>Et</strong></span> <span class='ocrx_word' id='word_1_226' title='bbox 327 4013 515 4084; x_wconf 82' lang='lat' dir='ltr'><strong>magni</strong></span> <span class='ocrx_word' id='word_1_227' title='bbox 534 4016 784 4085; x_wconf 86' lang='lat' dir='ltr'><strong>quamvis</strong></span> <span class='ocrx_word' id='word_1_228' title='bbox 809 4018 984 4088; x_wconf 89' lang='lat' dir='ltr'><strong>campi</strong></span> <span class='ocrx_word' id='word_1_229' title='bbox 1005 4033 1103 4089; x_wconf 83' lang='lat' dir='ltr'><strong>per</strong></span> <span class='ocrx_word' id='word_1_230' title='bbox 1123 4019 1284 4089; x_wconf 87' lang='lat' dir='ltr'><strong>plana</strong></span> <span class='ocrx_word' id='word_1_231' title='bbox 1313 4020 1613 4079; x_wconf 89' lang='lat' dir='ltr'><strong>Sinothfeld</strong></span> 
     </span>
    </p>
   </div>
   <div class='ocr_carea' id='block_1_42' title="bbox 240 4103 1489 4183">
    <p class='ocr_par' dir='ltr' id='par_1_42' title="bbox 240 4103 1489 4183">
     <span class='ocr_line' id='line_1_42' title="bbox 240 4103 1489 4183; baseline 0.006 -24"><span class='ocrx_word' id='word_1_232' title='bbox 240 4103 493 4169; x_wconf 85' lang='lat' dir='ltr'><strong>Collecti;</strong></span> <span class='ocrx_word' id='word_1_233' title='bbox 540 4122 824 4179; x_wconf 89' lang='lat' dir='ltr'><strong>pugnaque</strong></span> <span class='ocrx_word' id='word_1_234' title='bbox 850 4109 1032 4166; x_wconf 81' lang='lat' dir='ltr'><strong>forent</strong></span> <span class='ocrx_word' id='word_1_235' title='bbox 1057 4123 1271 4168; x_wconf 86' lang='lat' dir='ltr'><strong>certare</strong></span> <span class='ocrx_word' id='word_1_236' title='bbox 1292 4114 1489 4183; x_wconf 86' lang='lat' dir='ltr'><strong>parati,</strong></span> 
     </span>
    </p>
   </div>
   <div class='ocr_carea' id='block_1_43' title="bbox 240 4193 1591 4273">
    <p class='ocr_par' dir='ltr' id='par_1_43' title="bbox 240 4193 1591 4273">
     <span class='ocr_line' id='line_1_43' title="bbox 240 4193 1591 4273; baseline 0.01 -25"><span class='ocrx_word' id='word_1_237' title='bbox 240 4193 366 4250; x_wconf 81' lang='lat' dir='ltr'><strong>Hoc</strong></span> <span class='ocrx_word' id='word_1_238' title='bbox 396 4196 565 4251; x_wconf 90' lang='lat' dir='ltr'><strong>animi</strong></span> <span class='ocrx_word' id='word_1_239' title='bbox 590 4198 836 4255; x_wconf 90' lang='lat' dir='ltr'><strong>cecidere</strong></span> <span class='ocrx_word' id='word_1_240' title='bbox 857 4208 1028 4267; x_wconf 86' lang='lat' dir='ltr'><strong>metu,</strong></span> <span class='ocrx_word' id='word_1_241' title='bbox 1056 4215 1157 4257; x_wconf 90' lang='lat' dir='ltr'><strong>nec</strong></span> <span class='ocrx_word' id='word_1_242' title='bbox 1192 4217 1315 4273; x_wconf 90' lang='lat' dir='ltr'><strong>spes</strong></span> <span class='ocrx_word' id='word_1_243' title='bbox 1341 4213 1458 4259; x_wconf 90' lang='lat' dir='ltr'><strong>erat</strong></span> <span class='ocrx_word' id='word_1_244' title='bbox 1483 4205 1591 4262; x_wconf 82' lang='lat' dir='ltr'><strong>illis</strong></span> 
     </span>
    </p>
   </div>
   <div class='ocr_carea' id='block_1_44' title="bbox 243 4286 1588 4365">
    <p class='ocr_par' dir='ltr' id='par_1_44' title="bbox 243 4286 1588 4365">
     <span class='ocr_line' id='line_1_44' title="bbox 243 4286 1588 4365; baseline 0.007 -23"><span class='ocrx_word' id='word_1_245' title='bbox 243 4286 372 4342; x_wconf 86' lang='lat' dir='ltr'><strong>Ulla</strong></span> <span class='ocrx_word' id='word_1_246' title='bbox 401 4287 688 4345; x_wconf 90' lang='lat' dir='ltr'><strong>resistendi</strong></span> <span class='ocrx_word' id='word_1_247' title='bbox 720 4288 965 4357; x_wconf 87' lang='lat' dir='ltr'><strong>Francis,</strong></span> <span class='ocrx_word' id='word_1_248' title='bbox 998 4308 1136 4362; x_wconf 91' lang='lat' dir='ltr'><strong>quos</strong></span> <span class='ocrx_word' id='word_1_249' title='bbox 1160 4302 1240 4349; x_wconf 91' lang='lat' dir='ltr'><strong>tot</strong></span> <span class='ocrx_word' id='word_1_250' title='bbox 1267 4296 1588 4365; x_wconf 87' lang='lat' dir='ltr'><strong>populorum</strong></span> 
     </span>
    </p>
   </div>
   <div class='ocr_carea' id='block_1_45' title="bbox 239 4376 1514 4453">
    <p class='ocr_par' dir='ltr' id='par_1_45' title="bbox 239 4376 1514 4453">
     <span class='ocr_line' id='line_1_45' title="bbox 239 4376 1514 4453; baseline 0.011 -24"><span class='ocrx_word' id='word_1_251' title='bbox 239 4376 574 4448; x_wconf 79' lang='lat' dir='ltr'><strong>Agminibus</strong></span> <span class='ocrx_word' id='word_1_252' title='bbox 592 4378 757 4437; x_wconf 88' lang='lat' dir='ltr'><strong>fultos</strong></span> <span class='ocrx_word' id='word_1_253' title='bbox 778 4381 921 4438; x_wconf 91' lang='lat' dir='ltr'><strong>vinci</strong></span> <span class='ocrx_word' id='word_1_254' title='bbox 939 4397 1047 4438; x_wconf 93' lang='lat' dir='ltr'><strong>non</strong></span> <span class='ocrx_word' id='word_1_255' title='bbox 1066 4399 1223 4453; x_wconf 89' lang='lat' dir='ltr'><strong>posse</strong></span> <span class='ocrx_word' id='word_1_256' title='bbox 1240 4386 1514 4443; x_wconf 87' lang='lat' dir='ltr'><strong>videbant.</strong></span> 
     </span>
    </p>
   </div>
   <div class='ocr_carea' id='block_1_46' title="bbox 242 4466 1391 4552">
    <p class='ocr_par' dir='ltr' id='par_1_46' title="bbox 242 4466 1391 4552">
     <span class='ocr_line' id='line_1_46' title="bbox 242 4466 1391 4552; baseline 0.01 -32"><span class='ocrx_word' id='word_1_257' title='bbox 242 4466 507 4523; x_wconf 89' lang='lat' dir='ltr'><strong>Protinus</strong></span> <span class='ocrx_word' id='word_1_258' title='bbox 526 4470 727 4526; x_wconf 88' lang='lat' dir='ltr'><strong>omisso</strong></span> <span class='ocrx_word' id='word_1_259' title='bbox 748 4487 871 4528; x_wconf 88' lang='lat' dir='ltr'><strong>sese</strong></span> <span class='ocrx_word' id='word_1_260' title='bbox 910 4475 1208 4530; x_wconf 88' lang='lat' dir='ltr'><strong>certamine</strong></span> <span class='ocrx_word' id='word_1_261' title='bbox 1236 4476 1361 4531; x_wconf 90' lang='lat' dir='ltr'><strong>belli</strong></span> <span class='ocrx_word' id='word_1_262' title='bbox 1376 4540 1391 4552; x_wconf 46' lang='lat'><strong><em>.</em></strong></span> 
     </span>
    </p>
   </div>
   <div class='ocr_carea' id='block_1_47' title="bbox 240 4558 1552 4637">
    <p class='ocr_par' dir='ltr' id='par_1_47' title="bbox 240 4558 1552 4637">
     <span class='ocr_line' id='line_1_47' title="bbox 240 4558 1552 4637; baseline 0.008 -25"><span class='ocrx_word' id='word_1_263' title='bbox 240 4558 544 4614; x_wconf 85' lang='lat' dir='ltr'><strong>Subiciunt</strong></span> <span class='ocrx_word' id='word_1_264' title='bbox 571 4563 707 4632; x_wconf 85' lang='lat' dir='ltr'><strong>regi,</strong></span> <span class='ocrx_word' id='word_1_265' title='bbox 742 4564 1062 4621; x_wconf 90' lang='lat' dir='ltr'><strong>iuramentis</strong></span> <span class='ocrx_word' id='word_1_266' title='bbox 1080 4582 1293 4637; x_wconf 91' lang='lat' dir='ltr'><strong>quoque</strong></span> <span class='ocrx_word' id='word_1_267' title='bbox 1333 4567 1552 4623; x_wconf 82' lang='lat' dir='ltr'><strong>firmant</strong></span> 
     </span>
    </p>
   </div>
   <div class='ocr_carea' id='block_1_48' title="bbox 243 4650 1563 4722">
    <p class='ocr_par' dir='ltr' id='par_1_48' title="bbox 243 4650 1563 4722">
     <span class='ocr_line' id='line_1_48' title="bbox 243 4650 1563 4722; baseline 0.006 -16"><span class='ocrx_word' id='word_1_268' title='bbox 243 4650 654 4722; x_wconf 77' lang='lat' dir='ltr'><strong>Obsidibusque</strong></span> <span class='ocrx_word' id='word_1_269' title='bbox 680 4655 820 4710; x_wconf 88' lang='lat' dir='ltr'><strong>datis</strong></span> <span class='ocrx_word' id='word_1_270' title='bbox 853 4656 987 4713; x_wconf 88' lang='lat' dir='ltr'><strong>haec</strong></span> <span class='ocrx_word' id='word_1_271' title='bbox 1016 4657 1233 4713; x_wconf 80' lang='lat' dir='ltr'><strong>foedera</strong></span> <span class='ocrx_word' id='word_1_272' title='bbox 1258 4658 1563 4715; x_wconf 85' lang='lat' dir='ltr'><strong>deditionis.</strong></span> 
     </span>
    </p>
   </div>
   <div class='ocr_carea' id='block_1_49' title="bbox 239 4740 1609 4820">
    <p class='ocr_par' dir='ltr' id='par_1_49' title="bbox 239 4740 1609 4820">
     <span class='ocr_line' id='line_1_49' title="bbox 239 4740 1609 4820; baseline 0.009 -25"><span class='ocrx_word' id='word_1_273' title='bbox 239 4740 370 4812; x_wconf 71' lang='lat' dir='ltr'><strong>ipse</strong></span> <span class='ocrx_word' id='word_1_274' title='bbox 396 4757 679 4813; x_wconf 85' lang='lat' dir='ltr'><strong>regressus</strong></span> <span class='ocrx_word' id='word_1_275' title='bbox 714 4746 1041 4818; x_wconf 85' lang='lat' dir='ltr'><strong>Aquisgrani</strong></span> <span class='ocrx_word' id='word_1_276' title='bbox 1066 4778 1140 4791; x_wconf 88' lang='lat'><strong>-—</strong></span> <span class='ocrx_word' id='word_1_277' title='bbox 1167 4749 1246 4804; x_wconf 90' lang='lat' dir='ltr'><strong>sic</strong></span> <span class='ocrx_word' id='word_1_278' title='bbox 1270 4750 1417 4820; x_wconf 79' lang='lat' dir='ltr'><strong>regia</strong></span> <span class='ocrx_word' id='word_1_279' title='bbox 1452 4750 1609 4807; x_wconf 87' lang='lat' dir='ltr'><strong>sedes</strong></span> 
     </span>
    </p>
   </div>
   <div class='ocr_carea' id='block_1_50' title="bbox 242 4832 1815 4913">
    <p class='ocr_par' dir='ltr' id='par_1_50' title="bbox 242 4832 1815 4913">
     <span class='ocr_line' id='line_1_50' title="bbox 242 4832 1815 4913; baseline 0.009 -27"><span class='ocrx_word' id='word_1_280' title='bbox 242 4832 441 4888; x_wconf 82' lang='lat' dir='ltr'><strong>inclita</strong></span> <span class='ocrx_word' id='word_1_281' title='bbox 466 4848 665 4889; x_wconf 89' lang='lat' dir='ltr'><strong>nomen</strong></span> <span class='ocrx_word' id='word_1_282' title='bbox 686 4836 870 4904; x_wconf 88' lang='lat' dir='ltr'><strong>habet,</strong></span> <span class='ocrx_word' id='word_1_283' title='bbox 901 4854 1001 4895; x_wconf 91' lang='lat' dir='ltr'><strong>nec</strong></span> <span class='ocrx_word' id='word_1_284' title='bbox 1028 4856 1133 4895; x_wconf 91' lang='lat' dir='ltr'><strong>non</strong></span> <span class='ocrx_word' id='word_1_285' title='bbox 1155 4841 1428 4903; x_wconf 86' lang='lat' dir='ltr'><strong>vocitatur</strong></span> <span class='ocrx_word' id='word_1_286' title='bbox 1446 4841 1716 4913; x_wconf 83' lang='lat' dir='ltr'><strong>Aquensis</strong></span> <span class='ocrx_word' id='word_1_287' title='bbox 1744 4874 1815 4883; x_wconf 99' lang='lat'>—</span> 
     </span>
    </p>
   </div>
   <div class='ocr_carea' id='block_1_51' title="bbox 244 4925 1489 5004">
    <p class='ocr_par' dir='ltr' id='par_1_51' title="bbox 244 4925 1489 5004">
     <span class='ocr_line' id='line_1_51' title="bbox 244 4925 1489 5004; baseline 0.007 -24"><span class='ocrx_word' id='word_1_288' title='bbox 244 4925 364 4983; x_wconf 86' lang='lat' dir='ltr'><strong>illic</strong></span> <span class='ocrx_word' id='word_1_289' title='bbox 389 4942 548 4984; x_wconf 90' lang='lat' dir='ltr'><strong>more</strong></span> <span class='ocrx_word' id='word_1_290' title='bbox 573 4943 672 4983; x_wconf 90' lang='lat' dir='ltr'><strong>suo</strong></span> <span class='ocrx_word' id='word_1_291' title='bbox 700 4930 995 4987; x_wconf 89' lang='lat' dir='ltr'><strong>celebravit</strong></span> <span class='ocrx_word' id='word_1_292' title='bbox 1020 4940 1258 5004; x_wconf 88' lang='lat' dir='ltr'><strong>tempora</strong></span> <span class='ocrx_word' id='word_1_293' title='bbox 1282 4942 1489 5000; x_wconf 87' lang='lat' dir='ltr'><strong>sancta,</strong></span> 
     </span>
    </p>
   </div>
   <div class='ocr_carea' id='block_1_52' title="bbox 246 5017 1541 5102">
    <p class='ocr_par' dir='ltr' id='par_1_52' title="bbox 246 5017 1541 5102">
     <span class='ocr_line' id='line_1_52' title="bbox 246 5017 1541 5102; baseline 0.008 -31"><span class='ocrx_word' id='word_1_294' title='bbox 246 5017 308 5072; x_wconf 85' lang='lat' dir='ltr'><strong>In</strong></span> <span class='ocrx_word' id='word_1_295' title='bbox 338 5018 543 5087; x_wconf 88' lang='lat' dir='ltr'><strong>quibus</strong></span> <span class='ocrx_word' id='word_1_296' title='bbox 573 5028 657 5075; x_wconf 90' lang='lat' dir='ltr'><strong>est</strong></span> <span class='ocrx_word' id='word_1_297' title='bbox 682 5022 831 5077; x_wconf 79' lang='lat' dir='ltr'><strong>unita</strong></span> <span class='ocrx_word' id='word_1_298' title='bbox 858 5022 969 5079; x_wconf 91' lang='lat' dir='ltr'><strong>Deo</strong></span> <span class='ocrx_word' id='word_1_299' title='bbox 996 5025 1299 5102; x_wconf 70' lang='lat' dir='ltr'><strong>substantia</strong></span> <span class='ocrx_word' id='word_1_300' title='bbox 1335 5035 1541 5094; x_wconf 85' lang='lat' dir='ltr'><strong>nostra,</strong></span> 
     </span>
    </p>
   </div>
   <div class='ocr_carea' id='block_1_53' title="bbox 251 5101 1883 5187">
    <p class='ocr_par' dir='ltr' id='par_1_53' title="bbox 251 5101 1883 5187">
     <span class='ocr_line' id='line_1_53' title="bbox 251 5101 1883 5187; baseline 0.006 -25"><span class='ocrx_word' id='word_1_301' title='bbox 251 5107 511 5179; x_wconf 67' lang='lat' dir='ltr'><strong>Horaque</strong></span> <span class='ocrx_word' id='word_1_302' title='bbox 540 5109 898 5181; x_wconf 85' lang='lat' dir='ltr'><strong>redemptoris</strong></span> <span class='ocrx_word' id='word_1_303' title='bbox 924 5101 1187 5171; x_wconf 86' lang='lat' dir='ltr'><strong>mundum</strong></span> <span class='ocrx_word' id='word_1_304' title='bbox 1237 5126 1579 5187; x_wconf 86' lang='lat' dir='ltr'><strong>reparaverat</strong></span> <span class='ocrx_word' id='word_1_305' title='bbox 1605 5132 1846 5174; x_wconf 88' lang='lat' dir='ltr'><strong>omnem.</strong></span> <span class='ocrx_word' id='word_1_306' title='bbox 1872 5101 1883 5108; x_wconf 69' lang='grc'><strong>’</strong></span> 
     </span>
    </p>
   </div>
   <div class='ocr_carea' id='block_1_54' title="bbox 755 5257 1386 5316">
    <p class='ocr_par' dir='ltr' id='par_1_54' title="bbox 755 5257 1386 5316">
     <span class='ocr_line' id='line_1_54' title="bbox 755 5257 1386 5316; baseline 0.01 -6"><span class='ocrx_word' id='word_1_307' title='bbox 755 5257 909 5312; x_wconf 82' lang='lat' dir='ltr'><strong>Anno</strong></span> <span class='ocrx_word' id='word_1_308' title='bbox 940 5257 1062 5314; x_wconf 80' lang='lat'><strong>795.</strong></span> <span class='ocrx_word' id='word_1_309' title='bbox 1104 5258 1299 5315; x_wconf 71' lang='lat' dir='ltr'><strong>Indici.</strong></span> <span class='ocrx_word' id='word_1_310' title='bbox 1330 5260 1386 5316; x_wconf 77' lang='grc'><strong>2.</strong></span> 
     </span>
    </p>
   </div>
   <div class='ocr_carea' id='block_1_55' title="bbox 255 5386 1638 5465">
    <p class='ocr_par' dir='ltr' id='par_1_55' title="bbox 255 5386 1638 5465">
     <span class='ocr_line' id='line_1_55' title="bbox 255 5386 1638 5465; baseline 0.007 -23"><span class='ocrx_word' id='word_1_311' title='bbox 255 5386 394 5443; x_wconf 89' lang='lat' dir='ltr'><strong>Cum</strong></span> <span class='ocrx_word' id='word_1_312' title='bbox 416 5388 645 5443; x_wconf 86' lang='lat' dir='ltr'><strong>nimium</strong></span> <span class='ocrx_word' id='word_1_313' title='bbox 675 5400 926 5461; x_wconf 58' lang='lat' dir='ltr'><strong>suspecta</strong></span> <span class='ocrx_word' id='word_1_314' title='bbox 950 5390 1092 5449; x_wconf 91' lang='lat' dir='ltr'><strong>foret</strong></span> <span class='ocrx_word' id='word_1_315' title='bbox 1110 5409 1241 5465; x_wconf 88' lang='lat' dir='ltr'><strong>gens</strong></span> <span class='ocrx_word' id='word_1_316' title='bbox 1260 5392 1399 5449; x_wconf 87' lang='lat' dir='ltr'><strong>facta</strong></span> <span class='ocrx_word' id='word_1_317' title='bbox 1420 5395 1638 5452; x_wconf 87' lang='lat' dir='ltr'><strong>rebellis</strong></span> 
     </span>
    </p>
   </div>
   <div class='ocr_carea' id='block_1_56' title="bbox 259 5480 1657 5560">
    <p class='ocr_par' dir='ltr' id='par_1_56' title="bbox 259 5480 1657 5560">
     <span class='ocr_line' id='line_1_56' title="bbox 259 5480 1657 5560; baseline 0.006 -24"><span class='ocrx_word' id='word_1_318' title='bbox 259 5480 540 5537; x_wconf 78' lang='lat' dir='ltr'><strong>Saxonum</strong></span> <span class='ocrx_word' id='word_1_319' title='bbox 565 5483 782 5549; x_wconf 87' lang='lat' dir='ltr'><strong>totiens,</strong></span> <span class='ocrx_word' id='word_1_320' title='bbox 805 5486 997 5543; x_wconf 88' lang='lat' dir='ltr'><strong>crebro</strong></span> <span class='ocrx_word' id='word_1_321' title='bbox 1011 5503 1224 5558; x_wconf 89' lang='lat' dir='ltr'><strong>quoque</strong></span> <span class='ocrx_word' id='word_1_322' title='bbox 1245 5487 1458 5544; x_wconf 85' lang='lat' dir='ltr'><strong>foedere</strong></span> <span class='ocrx_word' id='word_1_323' title='bbox 1500 5499 1657 5560; x_wconf 90' lang='lat' dir='ltr'><strong>rupto</strong></span> 
     </span>
    </p>
   </div>
   <div class='ocr_carea' id='block_1_57' title="bbox 262 5572 1493 5649">
    <p class='ocr_par' dir='ltr' id='par_1_57' title="bbox 262 5572 1493 5649">
     <span class='ocr_line' id='line_1_57' title="bbox 262 5572 1493 5649; baseline 0.005 -20"><span class='ocrx_word' id='word_1_324' title='bbox 262 5572 378 5629; x_wconf 83' lang='lat' dir='ltr'><strong>Sub</strong></span> <span class='ocrx_word' id='word_1_325' title='bbox 397 5574 716 5647; x_wconf 73' lang='lat' dir='ltr'><strong>iustaregis</strong></span> <span class='ocrx_word' id='word_1_326' title='bbox 740 5578 945 5640; x_wconf 88' lang='lat' dir='ltr'><strong>ditione</strong></span> <span class='ocrx_word' id='word_1_327' title='bbox 971 5579 1251 5649; x_wconf 87' lang='lat' dir='ltr'><strong>quiescere</strong></span> <span class='ocrx_word' id='word_1_328' title='bbox 1284 5579 1493 5646; x_wconf 79' lang='lat' dir='ltr'><strong>nolens,</strong></span> 
     </span>
    </p>
   </div>
   <div class='ocr_carea' id='block_1_58' title="bbox 263 5664 1447 5741">
    <p class='ocr_par' dir='ltr' id='par_1_58' title="bbox 263 5664 1447 5741">
     <span class='ocr_line' id='line_1_58' title="bbox 263 5664 1447 5741; baseline 0.003 -22"><span class='ocrx_word' id='word_1_329' title='bbox 263 5664 417 5722; x_wconf 84' lang='lat' dir='ltr'><strong>Haud</strong></span> <span class='ocrx_word' id='word_1_330' title='bbox 455 5665 626 5722; x_wconf 86' lang='lat' dir='ltr'><strong>ullum</strong></span> <span class='ocrx_word' id='word_1_331' title='bbox 656 5669 955 5741; x_wconf 78' lang='lat' dir='ltr'><strong>respirandi</strong></span> <span class='ocrx_word' id='word_1_332' title='bbox 981 5670 1110 5727; x_wconf 86' lang='lat' dir='ltr'><strong>dare</strong></span> <span class='ocrx_word' id='word_1_333' title='bbox 1133 5670 1341 5726; x_wconf 88' lang='lat' dir='ltr'><strong>censuit</strong></span> <span class='ocrx_word' id='word_1_334' title='bbox 1372 5668 1447 5724; x_wconf 88' lang='lat' dir='ltr'><strong>illi</strong></span> 
     </span>
    </p>
   </div>
   <div class='ocr_carea' id='block_1_59' title="bbox 559 222 3186 322">
    <p class='ocr_par' dir='ltr' id='par_1_59' title="bbox 559 222 3186 322">
     <span class='ocr_line' id='line_1_59' title="bbox 559 222 3186 322; baseline 0.002 -9"><span class='ocrx_word' id='word_1_335' title='bbox 559 257 811 313; x_wconf 80' lang='lat' dir='ltr'><strong>ANNAL.</strong></span> <span class='ocrx_word' id='word_1_336' title='bbox 852 258 941 313; x_wconf 84' lang='lat' dir='ltr'><strong>DE</strong></span> <span class='ocrx_word' id='word_1_337' title='bbox 979 254 1226 314; x_wconf 84' lang='lat' dir='ltr'><strong>GESTIS</strong></span> <span class='ocrx_word' id='word_1_338' title='bbox 1260 254 1324 313; x_wconf 82' lang='grc' dir='ltr'><strong>Β.</strong></span> <span class='ocrx_word' id='word_1_339' title='bbox 1361 256 1614 313; x_wconf 79' lang='lat' dir='ltr'><strong>CAROLI</strong></span> <span class='ocrx_word' id='word_1_340' title='bbox 1653 222 1880 312; x_wconf 22' lang='lat' dir='ltr'><strong>MAGNI‘</strong></span> <span class='ocrx_word' id='word_1_341' title='bbox 1902 256 2078 313; x_wconf 81' lang='lat' dir='ltr'><strong>LIBRI</strong></span> <span class='ocrx_word' id='word_1_342' title='bbox 2121 258 2182 313; x_wconf 74' lang='grc' dir='ltr'><strong>γ.</strong></span> <span class='ocrx_word' id='word_1_343' title='bbox 2222 288 2289 298; x_wconf 87' lang='lat'><strong>——</strong></span> <span class='ocrx_word' id='word_1_344' title='bbox 2327 257 2485 313; x_wconf 77' lang='lat' dir='ltr'><strong>VlTA</strong></span> <span class='ocrx_word' id='word_1_345' title='bbox 2525 257 2799 315; x_wconf 85' lang='lat' dir='ltr'><strong>CAROLl.</strong></span> <span class='ocrx_word' id='word_1_346' title='bbox 2840 274 2909 302; x_wconf 85' lang='lat'><strong>-&#39;-</strong></span> <span class='ocrx_word' id='word_1_347' title='bbox 2939 261 3068 319; x_wconf 80' lang='lat' dir='ltr'><strong>LIB.</strong></span> <span class='ocrx_word' id='word_1_348' title='bbox 3098 263 3186 322; x_wconf 83' lang='lat' dir='ltr'><strong>Hi.</strong></span> 
     </span>
    </p>
   </div>
   <div class='ocr_carea' id='block_1_60' title="bbox 3391 268 3497 326">
    <p class='ocr_par' dir='ltr' id='par_1_60' title="bbox 3391 268 3497 326">
     <span class='ocr_line' id='line_1_60' title="bbox 3391 268 3497 326; baseline 0.047 -5"><span class='ocrx_word' id='word_1_349' title='bbox 3391 268 3497 326; x_wconf 83' lang='lat' dir='ltr'><strong>&#39;ll0</strong></span> 
     </span>
    </p>
   </div>
   <div class='ocr_carea' id='block_1_61' title="bbox 1843 369 3255 443">
    <p class='ocr_par' dir='ltr' id='par_1_61' title="bbox 1843 369 3255 443">
     <span class='ocr_line' id='line_1_61' title="bbox 1843 369 3255 443; baseline 0.01 -21"><span class='ocrx_word' id='word_1_350' title='bbox 1843 380 1886 435; x_wconf 70' lang='grc' dir='ltr'><strong>Α</strong></span> <span class='ocrx_word' id='word_1_351' title='bbox 1921 369 2093 438; x_wconf 83' lang='lat' dir='ltr'><strong>Atque</strong></span> <span class='ocrx_word' id='word_1_352' title='bbox 2115 370 2407 426; x_wconf 88' lang='lat' dir='ltr'><strong>rebellandi</strong></span> <span class='ocrx_word' id='word_1_353' title='bbox 2427 374 2669 443; x_wconf 87' lang='lat' dir='ltr'><strong>spacium</strong></span> <span class='ocrx_word' id='word_1_354' title='bbox 2698 373 3024 434; x_wconf 89' lang='lat' dir='ltr'><strong>fortissimus</strong></span> <span class='ocrx_word' id='word_1_355' title='bbox 3044 381 3255 443; x_wconf 76' lang='lat' dir='ltr'><strong>arclios.</strong></span> 
     </span>
    </p>
   </div>
   <div class='ocr_carea' id='block_1_62' title="bbox 1920 460 3302 541">
    <p class='ocr_par' dir='ltr' id='par_1_62' title="bbox 1920 460 3302 541">
     <span class='ocr_line' id='line_1_62' title="bbox 1920 460 3302 541; baseline 0.009 -28"><span class='ocrx_word' id='word_1_356' title='bbox 1920 460 2027 514; x_wconf 86' lang='lat' dir='ltr'><strong>Sed</strong></span> <span class='ocrx_word' id='word_1_357' title='bbox 2058 477 2271 516; x_wconf 87' lang='lat' dir='ltr'><strong>rursum</strong></span> <span class='ocrx_word' id='word_1_358' title='bbox 2301 471 2503 517; x_wconf 88' lang='lat' dir='ltr'><strong>terram</strong></span> <span class='ocrx_word' id='word_1_359' title='bbox 2524 465 2792 534; x_wconf 89' lang='lat' dir='ltr'><strong>populans</strong></span> <span class='ocrx_word' id='word_1_360' title='bbox 2816 468 3084 524; x_wconf 85' lang='lat' dir='ltr'><strong>hostiliter</strong></span> <span class='ocrx_word' id='word_1_361' title='bbox 3110 471 3302 541; x_wconf 86' lang='lat' dir='ltr'><strong>ipsam,</strong></span> 
     </span>
    </p>
   </div>
   <div class='ocr_carea' id='block_1_63' title="bbox 1917 551 3293 626">
    <p class='ocr_par' dir='ltr' id='par_1_63' title="bbox 1917 551 3293 626">
     <span class='ocr_line' id='line_1_63' title="bbox 1917 551 3293 626; baseline 0.009 -21"><span class='ocrx_word' id='word_1_362' title='bbox 1917 551 2046 606; x_wconf 86' lang='lat' dir='ltr'><strong>Eius</strong></span> <span class='ocrx_word' id='word_1_363' title='bbox 2089 553 2141 607; x_wconf 93' lang='lat' dir='ltr'><strong>in</strong></span> <span class='ocrx_word' id='word_1_364' title='bbox 2181 561 2425 608; x_wconf 90' lang='lat' dir='ltr'><strong>extremo</strong></span> <span class='ocrx_word' id='word_1_365' title='bbox 2460 555 2675 609; x_wconf 89' lang='lat' dir='ltr'><strong>tandem</strong></span> <span class='ocrx_word' id='word_1_366' title='bbox 2704 571 2873 626; x_wconf 89' lang='lat' dir='ltr'><strong>prope</strong></span> <span class='ocrx_word' id='word_1_367' title='bbox 2906 558 3074 613; x_wconf 90' lang='lat' dir='ltr'><strong>limite</strong></span> <span class='ocrx_word' id='word_1_368' title='bbox 3098 563 3293 618; x_wconf 69' lang='lat' dir='ltr'><strong>castris</strong></span> 
     </span>
    </p>
   </div>
   <div class='ocr_carea' id='block_1_64' title="bbox 1916 637 3164 713">
    <p class='ocr_par' dir='ltr' id='par_1_64' title="bbox 1916 637 3164 713">
     <span class='ocr_line' id='line_1_64' title="bbox 1916 637 3164 713; baseline 0.007 -20"><span class='ocrx_word' id='word_1_369' title='bbox 1916 637 2173 694; x_wconf 88' lang='lat' dir='ltr'><strong>Consedit</strong></span> <span class='ocrx_word' id='word_1_370' title='bbox 2207 641 2418 710; x_wconf 89' lang='lat' dir='ltr'><strong>positis,</strong></span> <span class='ocrx_word' id='word_1_371' title='bbox 2461 643 2614 698; x_wconf 87' lang='lat' dir='ltr'><strong>vicus</strong></span> <span class='ocrx_word' id='word_1_372' title='bbox 2642 660 2748 713; x_wconf 90' lang='lat' dir='ltr'><strong>qua</strong></span> <span class='ocrx_word' id='word_1_373' title='bbox 2778 646 2972 701; x_wconf 90' lang='lat' dir='ltr'><strong>nobilis</strong></span> <span class='ocrx_word' id='word_1_374' title='bbox 2995 656 3164 713; x_wconf 80' lang='lat' dir='ltr'><strong>extat,</strong></span> 
     </span>
    </p>
   </div>
   <div class='ocr_carea' id='block_1_65' title="bbox 1917 729 3316 806">
    <p class='ocr_par' dir='ltr' id='par_1_65' title="bbox 1917 729 3316 806">
     <span class='ocr_line' id='line_1_65' title="bbox 1917 729 3316 806; baseline 0.009 -23"><span class='ocrx_word' id='word_1_375' title='bbox 1917 729 2143 787; x_wconf 86' lang='lat' dir='ltr'><strong>Nomine</strong></span> <span class='ocrx_word' id='word_1_376' title='bbox 2162 732 2517 789; x_wconf 82' lang='lat' dir='ltr'><strong>Bardonwich</strong></span> <span class='ocrx_word' id='word_1_377' title='bbox 2539 734 2738 801; x_wconf 89' lang='lat' dir='ltr'><strong>dictus,</strong></span> <span class='ocrx_word' id='word_1_378' title='bbox 2775 751 2883 806; x_wconf 91' lang='lat' dir='ltr'><strong>quo</strong></span> <span class='ocrx_word' id='word_1_379' title='bbox 2909 737 3139 793; x_wconf 83' lang='lat' dir='ltr'><strong>iusserat</strong></span> <span class='ocrx_word' id='word_1_380' title='bbox 3162 742 3230 795; x_wconf 90' lang='lat' dir='ltr'><strong>ad</strong></span> <span class='ocrx_word' id='word_1_381' title='bbox 3256 756 3316 796; x_wconf 87' lang='lat' dir='ltr'><strong>se</strong></span> 
     </span>
    </p>
   </div>
   <div class='ocr_carea' id='block_1_66' title="bbox 1916 819 3402 894">
    <p class='ocr_par' dir='ltr' id='par_1_66' title="bbox 1916 819 3402 894">
     <span class='ocr_line' id='line_1_66' title="bbox 1916 819 3402 894; baseline 0.01 -21"><span class='ocrx_word' id='word_1_382' title='bbox 1916 819 2146 891; x_wconf 85' lang='lat' dir='ltr'><strong>Pcrgere</strong></span> <span class='ocrx_word' id='word_1_383' title='bbox 2173 821 2489 879; x_wconf 85' lang='lat' dir='ltr'><strong>Sclavorum</strong></span> <span class='ocrx_word' id='word_1_384' title='bbox 2523 840 2781 894; x_wconf 87' lang='lat' dir='ltr'><strong>proceres</strong></span> <span class='ocrx_word' id='word_1_385' title='bbox 2807 826 2906 881; x_wconf 88' lang='lat' dir='ltr'><strong>sibi</strong></span> <span class='ocrx_word' id='word_1_386' title='bbox 2932 826 3148 883; x_wconf 88' lang='lat' dir='ltr'><strong>foedere</strong></span> <span class='ocrx_word' id='word_1_387' title='bbox 3168 830 3402 889; x_wconf 87' lang='lat' dir='ltr'><strong>iunctos.</strong></span> 
     </span>
    </p>
   </div>
   <div class='ocr_carea' id='block_1_67' title="bbox 1916 910 3205 985">
    <p class='ocr_par' dir='ltr' id='par_1_67' title="bbox 1916 910 3205 985">
     <span class='ocr_line' id='line_1_67' title="bbox 1916 910 3205 985; baseline 0.009 -20"><span class='ocrx_word' id='word_1_388' title='bbox 1916 910 2030 966; x_wconf 87' lang='lat' dir='ltr'><strong>lllic</strong></span> <span class='ocrx_word' id='word_1_389' title='bbox 2065 913 2355 970; x_wconf 90' lang='lat' dir='ltr'><strong>adventum</strong></span> <span class='ocrx_word' id='word_1_390' title='bbox 2383 931 2615 985; x_wconf 87' lang='lat' dir='ltr'><strong>quorum</strong></span> <span class='ocrx_word' id='word_1_391' title='bbox 2636 918 2763 972; x_wconf 92' lang='lat' dir='ltr'><strong>dum</strong></span> <span class='ocrx_word' id='word_1_392' title='bbox 2786 918 2926 975; x_wconf 90' lang='lat' dir='ltr'><strong>forte</strong></span> <span class='ocrx_word' id='word_1_393' title='bbox 2959 932 3205 977; x_wconf 89' lang='lat' dir='ltr'><strong>maneret</strong></span> 
     </span>
    </p>
   </div>
   <div class='ocr_carea' id='block_1_68' title="bbox 1916 1000 3254 1079">
    <p class='ocr_par' dir='ltr' id='par_1_68' title="bbox 1916 1000 3254 1079">
     <span class='ocr_line' id='line_1_68' title="bbox 1916 1000 3254 1079; baseline 0.007 -24"><span class='ocrx_word' id='word_1_394' title='bbox 1916 1000 2202 1072; x_wconf 86' lang='lat' dir='ltr'><strong>Operiens,</strong></span> <span class='ocrx_word' id='word_1_395' title='bbox 2236 1018 2302 1058; x_wconf 89' lang='lat' dir='ltr'><strong>ex</strong></span> <span class='ocrx_word' id='word_1_396' title='bbox 2330 1005 2416 1059; x_wconf 88' lang='lat' dir='ltr'><strong>his</strong></span> <span class='ocrx_word' id='word_1_397' title='bbox 2451 1006 2751 1061; x_wconf 88' lang='lat' dir='ltr'><strong>extinctum</strong></span> <span class='ocrx_word' id='word_1_398' title='bbox 2785 1010 3254 1079; x_wconf 90' lang='lat' dir='ltr'><strong>comperitnnum.</strong></span> 
     </span>
    </p>
   </div>
   <div class='ocr_carea' id='block_1_69' title="bbox 1918 1092 3293 1170">
    <p class='ocr_par' dir='ltr' id='par_1_69' title="bbox 1918 1092 3293 1170">
     <span class='ocr_line' id='line_1_69' title="bbox 1918 1092 3293 1170; baseline 0.008 -24"><span class='ocrx_word' id='word_1_399' title='bbox 1918 1092 2033 1148; x_wconf 87' lang='lat' dir='ltr'><strong>Rex</strong></span> <span class='ocrx_word' id='word_1_400' title='bbox 2070 1094 2454 1152; x_wconf 85' lang='lat' dir='ltr'><strong>Abodritorum</strong></span> <span class='ocrx_word' id='word_1_401' title='bbox 2484 1096 2675 1163; x_wconf 80' lang='lat' dir='ltr'><strong>fuitis,</strong></span> <span class='ocrx_word' id='word_1_402' title='bbox 2713 1100 3032 1170; x_wconf 85' lang='lat' dir='ltr'><strong>cognomine</strong></span> <span class='ocrx_word' id='word_1_403' title='bbox 3049 1101 3293 1170; x_wconf 79' lang='lat' dir='ltr'><strong>Witzun,</strong></span> 
     </span>
    </p>
   </div>
   <div class='ocr_carea' id='block_1_70' title="bbox 1917 1184 3267 1260">
    <p class='ocr_par' dir='ltr' id='par_1_70' title="bbox 1917 1184 3267 1260">
     <span class='ocr_line' id='line_1_70' title="bbox 1917 1184 3267 1260; baseline 0.007 -21"><span class='ocrx_word' id='word_1_404' title='bbox 1917 1184 2099 1240; x_wconf 86' lang='lat' dir='ltr'><strong>Iussus</strong></span> <span class='ocrx_word' id='word_1_405' title='bbox 2129 1192 2185 1241; x_wconf 89' lang='lat' dir='ltr'><strong>et</strong></span> <span class='ocrx_word' id='word_1_406' title='bbox 2206 1195 2264 1241; x_wconf 93' lang='lat' dir='ltr'><strong>ut</strong></span> <span class='ocrx_word' id='word_1_407' title='bbox 2289 1186 2485 1253; x_wconf 82' lang='lat' dir='ltr'><strong>fuerat,</strong></span> <span class='ocrx_word' id='word_1_408' title='bbox 2521 1203 2707 1260; x_wconf 89' lang='lat' dir='ltr'><strong>regem</strong></span> <span class='ocrx_word' id='word_1_409' title='bbox 2736 1190 2864 1244; x_wconf 90' lang='lat' dir='ltr'><strong>dum</strong></span> <span class='ocrx_word' id='word_1_410' title='bbox 2888 1191 3051 1246; x_wconf 86' lang='lat' dir='ltr'><strong>vellet</strong></span> <span class='ocrx_word' id='word_1_411' title='bbox 3097 1192 3267 1260; x_wconf 90' lang='lat' dir='ltr'><strong>adire,</strong></span> 
     </span>
    </p>
   </div>
   <div class='ocr_carea' id='block_1_71' title="bbox 1918 1274 3109 1351">
    <p class='ocr_par' dir='ltr' id='par_1_71' title="bbox 1918 1274 3109 1351">
     <span class='ocr_line' id='line_1_71' title="bbox 1918 1274 3109 1351; baseline 0.007 -22"><span class='ocrx_word' id='word_1_412' title='bbox 1918 1274 2113 1331; x_wconf 80' lang='lat' dir='ltr'><strong>incidit</strong></span> <span class='ocrx_word' id='word_1_413' title='bbox 2138 1278 2380 1340; x_wconf 85' lang='lat' dir='ltr'><strong>insidias.</strong></span> <span class='ocrx_word' id='word_1_414' title='bbox 2406 1279 2480 1334; x_wconf 87' lang='lat' dir='ltr'><strong>i-lli</strong></span> <span class='ocrx_word' id='word_1_415' title='bbox 2510 1295 2647 1349; x_wconf 89' lang='lat' dir='ltr'><strong>quas</strong></span> <span class='ocrx_word' id='word_1_416' title='bbox 2679 1288 2804 1335; x_wconf 89' lang='lat' dir='ltr'><strong>ante</strong></span> <span class='ocrx_word' id='word_1_417' title='bbox 2847 1292 3109 1351; x_wconf 87' lang='lat' dir='ltr'><strong>pararunt</strong></span> 
     </span>
    </p>
   </div>
   <div class='ocr_carea' id='block_1_72' title="bbox 1921 1367 3209 1441">
    <p class='ocr_par' dir='ltr' id='par_1_72' title="bbox 1921 1367 3209 1441">
     <span class='ocr_line' id='line_1_72' title="bbox 1921 1367 3209 1441; baseline 0.009 -20"><span class='ocrx_word' id='word_1_418' title='bbox 1921 1367 2189 1435; x_wconf 82' lang='lat' dir='ltr'><strong>Saxones,</strong></span> <span class='ocrx_word' id='word_1_419' title='bbox 2216 1372 2475 1441; x_wconf 91' lang='lat' dir='ltr'><strong>quoniam</strong></span> <span class='ocrx_word' id='word_1_420' title='bbox 2503 1372 2730 1429; x_wconf 85' lang='lat' dir='ltr'><strong>Francis</strong></span> <span class='ocrx_word' id='word_1_421' title='bbox 2750 1390 2951 1430; x_wconf 84' lang='lat' dir='ltr'><strong>novere</strong></span> <span class='ocrx_word' id='word_1_422' title='bbox 2977 1374 3209 1433; x_wconf 83' lang='lat' dir='ltr'><strong>fidelem.</strong></span> 
     </span>
    </p>
   </div>
   <div class='ocr_carea' id='block_1_73' title="bbox 1921 1456 3251 1535">
    <p class='ocr_par' dir='ltr' id='par_1_73' title="bbox 1921 1456 3251 1535">
     <span class='ocr_line' id='line_1_73' title="bbox 1921 1456 3251 1535; baseline 0.008 -24"><span class='ocrx_word' id='word_1_423' title='bbox 1921 1456 2058 1513; x_wconf 65' lang='lat' dir='ltr'><strong>line</strong></span> <span class='ocrx_word' id='word_1_424' title='bbox 2089 1458 2203 1515; x_wconf 90' lang='lat' dir='ltr'><strong>irae</strong></span> <span class='ocrx_word' id='word_1_425' title='bbox 2227 1461 2462 1518; x_wconf 87' lang='lat' dir='ltr'><strong>stimulis</strong></span> <span class='ocrx_word' id='word_1_426' title='bbox 2483 1464 2668 1519; x_wconf 90' lang='lat' dir='ltr'><strong>animo</strong></span> <span class='ocrx_word' id='word_1_427' title='bbox 2701 1473 3005 1521; x_wconf 92' lang='lat' dir='ltr'><strong>commotus</strong></span> <span class='ocrx_word' id='word_1_428' title='bbox 3031 1468 3251 1535; x_wconf 89' lang='lat' dir='ltr'><strong>amaris,</strong></span> 
     </span>
    </p>
   </div>
   <div class='ocr_carea' id='block_1_74' title="bbox 1920 1546 3142 1627">
    <p class='ocr_par' dir='ltr' id='par_1_74' title="bbox 1920 1546 3142 1627">
     <span class='ocr_line' id='line_1_74' title="bbox 1920 1546 3142 1627; baseline 0.011 -26"><span class='ocrx_word' id='word_1_429' title='bbox 1920 1546 2177 1604; x_wconf 85' lang='lat' dir='ltr'><strong>Eiusdem</strong></span> <span class='ocrx_word' id='word_1_430' title='bbox 2208 1552 2444 1623; x_wconf 87' lang='lat' dir='ltr'><strong>regionis</strong></span> <span class='ocrx_word' id='word_1_431' title='bbox 2473 1569 2634 1625; x_wconf 89' lang='lat' dir='ltr'><strong>agros</strong></span> <span class='ocrx_word' id='word_1_432' title='bbox 2671 1557 2937 1627; x_wconf 90' lang='lat' dir='ltr'><strong>villasque</strong></span> <span class='ocrx_word' id='word_1_433' title='bbox 2971 1558 3142 1614; x_wconf 83' lang='lat' dir='ltr'><strong>feroci</strong></span> 
     </span>
    </p>
   </div>
   <div class='ocr_carea' id='block_1_75' title="bbox 1926 1636 3099 1721">
    <p class='ocr_par' dir='ltr' id='par_1_75' title="bbox 1926 1636 3099 1721">
     <span class='ocr_line' id='line_1_75' title="bbox 1926 1636 3099 1721; baseline 0.011 -30"><span class='ocrx_word' id='word_1_434' title='bbox 1926 1636 2099 1703; x_wconf 84' lang='lat' dir='ltr'><strong>Quam</strong></span> <span class='ocrx_word' id='word_1_435' title='bbox 2132 1638 2240 1695; x_wconf 86' lang='lat' dir='ltr'><strong>late</strong></span> <span class='ocrx_word' id='word_1_436' title='bbox 2269 1641 2413 1697; x_wconf 89' lang='lat' dir='ltr'><strong>ferro</strong></span> <span class='ocrx_word' id='word_1_437' title='bbox 2441 1646 2686 1715; x_wconf 88' lang='lat' dir='ltr'><strong>populari</strong></span> <span class='ocrx_word' id='word_1_438' title='bbox 2705 1648 2864 1704; x_wconf 89' lang='lat' dir='ltr'><strong>iussit</strong></span> <span class='ocrx_word' id='word_1_439' title='bbox 2887 1660 2942 1704; x_wconf 92' lang='lat' dir='ltr'><strong>et</strong></span> <span class='ocrx_word' id='word_1_440' title='bbox 2969 1651 3099 1721; x_wconf 85' lang='lat' dir='ltr'><strong>igni.</strong></span> 
     </span>
    </p>
   </div>
   <div class='ocr_carea' id='block_1_76' title="bbox 1850 1726 3257 1810">
    <p class='ocr_par' dir='ltr' id='par_1_76' title="bbox 1850 1726 3257 1810">
     <span class='ocr_line' id='line_1_76' title="bbox 1850 1726 3257 1810; baseline 0.011 -28"><span class='ocrx_word' id='word_1_441' title='bbox 1850 1741 1898 1801; x_wconf 68' lang='grc' dir='ltr'><strong>Β</strong></span> <span class='ocrx_word' id='word_1_442' title='bbox 1925 1726 2080 1785; x_wconf 85' lang='lat' dir='ltr'><strong>Tunc</strong></span> <span class='ocrx_word' id='word_1_443' title='bbox 2106 1746 2173 1785; x_wconf 90' lang='lat' dir='ltr'><strong>ex</strong></span> <span class='ocrx_word' id='word_1_444' title='bbox 2198 1731 2476 1789; x_wconf 84' lang='lat' dir='ltr'><strong>Hunorum</strong></span> <span class='ocrx_word' id='word_1_445' title='bbox 2503 1737 2721 1805; x_wconf 87' lang='lat' dir='ltr'><strong>quidam</strong></span> <span class='ocrx_word' id='word_1_446' title='bbox 2753 1739 3083 1808; x_wconf 90' lang='lat' dir='ltr'><strong>primoribus</strong></span> <span class='ocrx_word' id='word_1_447' title='bbox 3110 1742 3257 1810; x_wconf 90' lang='lat' dir='ltr'><strong>illuc,</strong></span> 
     </span>
    </p>
   </div>
   <div class='ocr_carea' id='block_1_77' title="bbox 1934 1820 3346 1902">
    <p class='ocr_par' dir='ltr' id='par_1_77' title="bbox 1934 1820 3346 1902">
     <span class='ocr_line' id='line_1_77' title="bbox 1934 1820 3346 1902; baseline 0.01 -28"><span class='ocrx_word' id='word_1_448' title='bbox 1934 1820 2125 1875; x_wconf 87' lang='lat' dir='ltr'><strong>Tudun</strong></span> <span class='ocrx_word' id='word_1_449' title='bbox 2153 1821 2362 1878; x_wconf 89' lang='lat' dir='ltr'><strong>habens</strong></span> <span class='ocrx_word' id='word_1_450' title='bbox 2382 1840 2598 1891; x_wconf 89' lang='lat' dir='ltr'><strong>nomen,</strong></span> <span class='ocrx_word' id='word_1_451' title='bbox 2635 1828 2783 1882; x_wconf 90' lang='lat' dir='ltr'><strong>venit</strong></span> <span class='ocrx_word' id='word_1_452' title='bbox 2807 1843 2905 1897; x_wconf 89' lang='lat' dir='ltr'><strong>per</strong></span> <span class='ocrx_word' id='word_1_453' title='bbox 2931 1829 3085 1900; x_wconf 89' lang='lat' dir='ltr'><strong>longa</strong></span> <span class='ocrx_word' id='word_1_454' title='bbox 3114 1833 3346 1902; x_wconf 90' lang='lat' dir='ltr'><strong>viarum,</strong></span> 
     </span>
    </p>
   </div>
   <div class='ocr_carea' id='block_1_78' title="bbox 1931 1913 3050 1988">
    <p class='ocr_par' dir='ltr' id='par_1_78' title="bbox 1931 1913 3050 1988">
     <span class='ocr_line' id='line_1_78' title="bbox 1931 1913 3050 1988; baseline 0.008 -21"><span class='ocrx_word' id='word_1_455' title='bbox 1931 1913 2079 1968; x_wconf 73' lang='lat' dir='ltr'><strong>Velle</strong></span> <span class='ocrx_word' id='word_1_456' title='bbox 2101 1913 2372 1971; x_wconf 85' lang='lat' dir='ltr'><strong>fatebatur</strong></span> <span class='ocrx_word' id='word_1_457' title='bbox 2401 1917 2513 1988; x_wconf 82' lang='lat' dir='ltr'><strong>regi</strong></span> <span class='ocrx_word' id='word_1_458' title='bbox 2540 1919 2635 1987; x_wconf 92' lang='lat' dir='ltr'><strong>qui</strong></span> <span class='ocrx_word' id='word_1_459' title='bbox 2661 1920 2892 1975; x_wconf 88' lang='lat' dir='ltr'><strong>subdere</strong></span> <span class='ocrx_word' id='word_1_460' title='bbox 2913 1936 3050 1985; x_wconf 85' lang='lat' dir='ltr'><strong>sese,</strong></span> 
     </span>
    </p>
   </div>
   <div class='ocr_carea' id='block_1_79' title="bbox 1932 2003 3189 2068">
    <p class='ocr_par' dir='ltr' id='par_1_79' title="bbox 1932 2003 3189 2068">
     <span class='ocr_line' id='line_1_79' title="bbox 1932 2003 3189 2068; baseline 0.01 -12"><span class='ocrx_word' id='word_1_461' title='bbox 1932 2003 1997 2057; x_wconf 89' lang='lat' dir='ltr'><strong>Et</strong></span> <span class='ocrx_word' id='word_1_462' title='bbox 2023 2004 2241 2061; x_wconf 87' lang='lat' dir='ltr'><strong>Christo</strong></span> <span class='ocrx_word' id='word_1_463' title='bbox 2269 2006 2490 2062; x_wconf 89' lang='lat' dir='ltr'><strong>domino</strong></span> <span class='ocrx_word' id='word_1_464' title='bbox 2515 2008 2709 2063; x_wconf 89' lang='lat' dir='ltr'><strong>devota</strong></span> <span class='ocrx_word' id='word_1_465' title='bbox 2735 2011 2959 2066; x_wconf 85' lang='lat' dir='ltr'><strong>credere</strong></span> <span class='ocrx_word' id='word_1_466' title='bbox 2989 2021 3189 2068; x_wconf 88' lang='lat' dir='ltr'><strong>mente.</strong></span> 
     </span>
    </p>
   </div>
   <div class='ocr_carea' id='block_1_80' title="bbox 1931 2094 3340 2176">
    <p class='ocr_par' dir='ltr' id='par_1_80' title="bbox 1931 2094 3340 2176">
     <span class='ocr_line' id='line_1_80' title="bbox 1931 2094 3340 2176; baseline 0.011 -28"><span class='ocrx_word' id='word_1_467' title='bbox 1931 2094 2069 2150; x_wconf 87' lang='lat' dir='ltr'><strong>Hinc</strong></span> <span class='ocrx_word' id='word_1_468' title='bbox 2090 2096 2145 2150; x_wconf 93' lang='lat' dir='ltr'><strong>in</strong></span> <span class='ocrx_word' id='word_1_469' title='bbox 2165 2097 2493 2168; x_wconf 83' lang='lat' dir='ltr'><strong>Aquisgrani</strong></span> <span class='ocrx_word' id='word_1_470' title='bbox 2520 2099 2747 2157; x_wconf 90' lang='lat' dir='ltr'><strong>Carolus</strong></span> <span class='ocrx_word' id='word_1_471' title='bbox 2775 2115 3114 2160; x_wconf 85' lang='lat' dir='ltr'><strong>remeaverat</strong></span> <span class='ocrx_word' id='word_1_472' title='bbox 3140 2108 3340 2176; x_wconf 88' lang='lat' dir='ltr'><strong>aulam,</strong></span> 
     </span>
    </p>
   </div>
   <div class='ocr_carea' id='block_1_81' title="bbox 1931 2173 3267 2272">
    <p class='ocr_par' dir='ltr' id='par_1_81' title="bbox 1931 2173 3267 2272">
     <span class='ocr_line' id='line_1_81' title="bbox 1931 2173 3267 2272; baseline 0.012 -33"><span class='ocrx_word' id='word_1_473' title='bbox 1931 2173 2008 2241; x_wconf 79' lang='lat' dir='ltr'><strong>Ac</strong></span> <span class='ocrx_word' id='word_1_474' title='bbox 2036 2198 2336 2250; x_wconf 86' lang='lat' dir='ltr'><strong>memorata</strong></span> <span class='ocrx_word' id='word_1_475' title='bbox 2358 2190 2511 2259; x_wconf 80' lang='lat' dir='ltr'><strong>prius</strong></span> <span class='ocrx_word' id='word_1_476' title='bbox 2531 2192 2756 2262; x_wconf 86' lang='lat' dir='ltr'><strong>supplex</strong></span> <span class='ocrx_word' id='word_1_477' title='bbox 2781 2194 2853 2249; x_wconf 91' lang='lat' dir='ltr'><strong>ibi</strong></span> <span class='ocrx_word' id='word_1_478' title='bbox 2879 2194 3017 2251; x_wconf 84' lang='lat' dir='ltr'><strong>festa</strong></span> <span class='ocrx_word' id='word_1_479' title='bbox 3044 2202 3267 2272; x_wconf 86' lang='lat' dir='ltr'><strong>peregit.</strong></span> 
     </span>
    </p>
   </div>
   <div class='ocr_carea' id='block_1_82' title="bbox 2412 2324 3032 2387">
    <p class='ocr_par' dir='ltr' id='par_1_82' title="bbox 2412 2324 3032 2387">
     <span class='ocr_line' id='line_1_82' title="bbox 2412 2324 3032 2387; baseline 0.011 -9"><span class='ocrx_word' id='word_1_480' title='bbox 2412 2324 2564 2380; x_wconf 83' lang='lat' dir='ltr'><strong>Anno</strong></span> <span class='ocrx_word' id='word_1_481' title='bbox 2587 2326 2707 2383; x_wconf 79' lang='lat'><strong>796.</strong></span> <span class='ocrx_word' id='word_1_482' title='bbox 2750 2327 2945 2385; x_wconf 64' lang='lat' dir='ltr'><strong>ludio}.</strong></span> <span class='ocrx_word' id='word_1_483' title='bbox 2979 2333 3032 2387; x_wconf 82' lang='grc'><strong>5.</strong></span> 
     </span>
    </p>
   </div>
   <div class='ocr_carea' id='block_1_83' title="bbox 1932 2451 3220 2536">
    <p class='ocr_par' dir='ltr' id='par_1_83' title="bbox 1932 2451 3220 2536">
     <span class='ocr_line' id='line_1_83' title="bbox 1932 2451 3220 2536; baseline 0.011 -28"><span class='ocrx_word' id='word_1_484' title='bbox 1932 2451 2091 2509; x_wconf 90' lang='lat' dir='ltr'><strong>Sedis</strong></span> <span class='ocrx_word' id='word_1_485' title='bbox 2122 2456 2447 2526; x_wconf 84' lang='lat' dir='ltr'><strong>apostolicae</strong></span> <span class='ocrx_word' id='word_1_486' title='bbox 2467 2459 2716 2517; x_wconf 89' lang='lat' dir='ltr'><strong>sublimis</strong></span> <span class='ocrx_word' id='word_1_487' title='bbox 2741 2462 2978 2520; x_wconf 92' lang='lat' dir='ltr'><strong>culmine</strong></span> <span class='ocrx_word' id='word_1_488' title='bbox 3004 2468 3220 2536; x_wconf 81' lang='lat' dir='ltr'><strong>praesul</strong></span> 
     </span>
    </p>
   </div>
   <div class='ocr_carea' id='block_1_84' title="bbox 1933 2544 3214 2614">
    <p class='ocr_par' dir='ltr' id='par_1_84' title="bbox 1933 2544 3214 2614">
     <span class='ocr_line' id='line_1_84' title="bbox 1933 2544 3214 2614; baseline 0.011 -14"><span class='ocrx_word' id='word_1_489' title='bbox 1933 2544 2049 2602; x_wconf 90' lang='lat' dir='ltr'><strong>Hoc</strong></span> <span class='ocrx_word' id='word_1_490' title='bbox 2075 2546 2346 2605; x_wconf 83' lang='lat' dir='ltr'><strong>Adrianus</strong></span> <span class='ocrx_word' id='word_1_491' title='bbox 2365 2552 2433 2604; x_wconf 88' lang='lat' dir='ltr'><strong>ab</strong></span> <span class='ocrx_word' id='word_1_492' title='bbox 2456 2551 2559 2608; x_wconf 89' lang='lat' dir='ltr'><strong>hac</strong></span> <span class='ocrx_word' id='word_1_493' title='bbox 2583 2553 2693 2608; x_wconf 89' lang='lat' dir='ltr'><strong>vita</strong></span> <span class='ocrx_word' id='word_1_494' title='bbox 2716 2554 3026 2612; x_wconf 85' lang='lat' dir='ltr'><strong>decesserat</strong></span> <span class='ocrx_word' id='word_1_495' title='bbox 3053 2574 3214 2614; x_wconf 91' lang='lat' dir='ltr'><strong>anno.</strong></span> 
     </span>
    </p>
   </div>
   <div class='ocr_carea' id='block_1_85' title="bbox 1934 2636 3382 2720">
    <p class='ocr_par' dir='ltr' id='par_1_85' title="bbox 1934 2636 3382 2720">
     <span class='ocr_line' id='line_1_85' title="bbox 1934 2636 3382 2720; baseline 0.01 -28"><span class='ocrx_word' id='word_1_496' title='bbox 1934 2636 2064 2692; x_wconf 85' lang='lat' dir='ltr'><strong>Post</strong></span> <span class='ocrx_word' id='word_1_497' title='bbox 2093 2652 2252 2707; x_wconf 86' lang='lat' dir='ltr'><strong>quem</strong></span> <span class='ocrx_word' id='word_1_498' title='bbox 2282 2641 2508 2697; x_wconf 92' lang='lat' dir='ltr'><strong>sortitus</strong></span> <span class='ocrx_word' id='word_1_499' title='bbox 2538 2657 2807 2699; x_wconf 89' lang='lat' dir='ltr'><strong>summum</strong></span> <span class='ocrx_word' id='word_1_500' title='bbox 2842 2645 2952 2702; x_wconf 89' lang='lat' dir='ltr'><strong>Leo</strong></span> <span class='ocrx_word' id='word_1_501' title='bbox 2988 2650 3382 2720; x_wconf 76' lang='lat' dir='ltr'><strong>pontificatum,</strong></span> 
     </span>
    </p>
   </div>
   <div class='ocr_carea' id='block_1_86' title="bbox 1934 2728 3298 2803">
    <p class='ocr_par' dir='ltr' id='par_1_86' title="bbox 1934 2728 3298 2803">
     <span class='ocr_line' id='line_1_86' title="bbox 1934 2728 3298 2803; baseline 0.009 -20"><span class='ocrx_word' id='word_1_502' title='bbox 1934 2728 2235 2785; x_wconf 89' lang='lat' dir='ltr'><strong>Confestim</strong></span> <span class='ocrx_word' id='word_1_503' title='bbox 2255 2731 2456 2795; x_wconf 87' lang='lat' dir='ltr'><strong>claves,</strong></span> <span class='ocrx_word' id='word_1_504' title='bbox 2478 2734 2675 2803; x_wconf 90' lang='lat' dir='ltr'><strong>quibus</strong></span> <span class='ocrx_word' id='word_1_505' title='bbox 2694 2743 2779 2790; x_wconf 88' lang='lat' dir='ltr'><strong>est</strong></span> <span class='ocrx_word' id='word_1_506' title='bbox 2806 2735 3077 2793; x_wconf 83' lang='lat' dir='ltr'><strong>confessio</strong></span> <span class='ocrx_word' id='word_1_507' title='bbox 3104 2742 3298 2797; x_wconf 88' lang='lat' dir='ltr'><strong>sancti.</strong></span> 
     </span>
    </p>
   </div>
   <div class='ocr_carea' id='block_1_87' title="bbox 1935 2817 3212 2896">
    <p class='ocr_par' dir='ltr' id='par_1_87' title="bbox 1935 2817 3212 2896">
     <span class='ocr_line' id='line_1_87' title="bbox 1935 2817 3212 2896; baseline 0.011 -23"><span class='ocrx_word' id='word_1_508' title='bbox 1935 2817 2269 2878; x_wconf 88' lang='lat' dir='ltr'><strong>Conservata</strong></span> <span class='ocrx_word' id='word_1_509' title='bbox 2290 2823 2454 2887; x_wconf 87' lang='lat' dir='ltr'><strong>Petri,</strong></span> <span class='ocrx_word' id='word_1_510' title='bbox 2480 2824 2782 2896; x_wconf 84' lang='lat' dir='ltr'><strong>vexillaque</strong></span> <span class='ocrx_word' id='word_1_511' title='bbox 2808 2829 3034 2884; x_wconf 88' lang='lat' dir='ltr'><strong>miserat</strong></span> <span class='ocrx_word' id='word_1_512' title='bbox 3057 2831 3212 2888; x_wconf 87' lang='lat' dir='ltr'><strong>urbis</strong></span> 
     </span>
    </p>
   </div>
   <div class='ocr_carea' id='block_1_88' title="bbox 1936 2911 3259 2987">
    <p class='ocr_par' dir='ltr' id='par_1_88' title="bbox 1936 2911 3259 2987">
     <span class='ocr_line' id='line_1_88' title="bbox 1936 2911 3259 2987; baseline 0.011 -22"><span class='ocrx_word' id='word_1_513' title='bbox 1936 2911 2229 2968; x_wconf 83' lang='lat' dir='ltr'><strong>Romuleae</strong></span> <span class='ocrx_word' id='word_1_514' title='bbox 2254 2914 2449 2970; x_wconf 87' lang='lat' dir='ltr'><strong>Carolo</strong></span> <span class='ocrx_word' id='word_1_515' title='bbox 2475 2917 2788 2987; x_wconf 85' lang='lat' dir='ltr'><strong>pariterque</strong></span> <span class='ocrx_word' id='word_1_516' title='bbox 2811 2920 3055 2975; x_wconf 84' lang='lat' dir='ltr'><strong>decentia</strong></span> <span class='ocrx_word' id='word_1_517' title='bbox 3097 2924 3259 2979; x_wconf 92' lang='lat' dir='ltr'><strong>dona.</strong></span> 
     </span>
    </p>
   </div>
   <div class='ocr_carea' id='block_1_89' title="bbox 1935 3002 3313 3079">
    <p class='ocr_par' dir='ltr' id='par_1_89' title="bbox 1935 3002 3313 3079">
     <span class='ocr_line' id='line_1_89' title="bbox 1935 3002 3313 3079; baseline 0.011 -23"><span class='ocrx_word' id='word_1_518' title='bbox 1935 3002 2338 3074; x_wconf 77' lang='lat' dir='ltr'><strong>Admonuitque</strong></span> <span class='ocrx_word' id='word_1_519' title='bbox 2362 3006 2467 3075; x_wconf 77' lang='lat' dir='ltr'><strong>ptis</strong></span> <span class='ocrx_word' id='word_1_520' title='bbox 2486 3007 2753 3076; x_wconf 88' lang='lat' dir='ltr'><strong>precibus,</strong></span> <span class='ocrx_word' id='word_1_521' title='bbox 2779 3024 2888 3079; x_wconf 91' lang='lat' dir='ltr'><strong>quo</strong></span> <span class='ocrx_word' id='word_1_522' title='bbox 2915 3012 3134 3067; x_wconf 82' lang='lat' dir='ltr'><strong>mittere</strong></span> <span class='ocrx_word' id='word_1_523' title='bbox 3153 3016 3313 3072; x_wconf 81' lang='lat' dir='ltr'><strong>vellet</strong></span> 
     </span>
    </p>
   </div>
   <div class='ocr_carea' id='block_1_90' title="bbox 1859 3095 3389 3180">
    <p class='ocr_par' dir='ltr' id='par_1_90' title="bbox 1859 3095 3389 3180">
     <span class='ocr_line' id='line_1_90' title="bbox 1859 3095 3389 3180; baseline 0.011 -32"><span class='ocrx_word' id='word_1_524' title='bbox 1859 3107 1908 3171; x_wconf 74' lang='grc' dir='ltr'>ο</span> <span class='ocrx_word' id='word_1_525' title='bbox 1937 3095 2016 3149; x_wconf 88' lang='lat' dir='ltr'><strong>Ex</strong></span> <span class='ocrx_word' id='word_1_526' title='bbox 2043 3097 2276 3166; x_wconf 86' lang='lat' dir='ltr'><strong>propriis</strong></span> <span class='ocrx_word' id='word_1_527' title='bbox 2298 3098 2508 3168; x_wconf 88' lang='lat' dir='ltr'><strong>aliquos</strong></span> <span class='ocrx_word' id='word_1_528' title='bbox 2541 3101 2891 3171; x_wconf 88' lang='lat' dir='ltr'><strong>primoribus,</strong></span> <span class='ocrx_word' id='word_1_529' title='bbox 2941 3119 3006 3160; x_wconf 89' lang='lat' dir='ltr'><strong>ac</strong></span> <span class='ocrx_word' id='word_1_530' title='bbox 3043 3108 3146 3162; x_wconf 88' lang='lat' dir='ltr'><strong>sibi</strong></span> <span class='ocrx_word' id='word_1_531' title='bbox 3176 3109 3389 3180; x_wconf 62' lang='lat' dir='ltr'><strong>plebem</strong></span> 
     </span>
    </p>
   </div>
   <div class='ocr_carea' id='block_1_91' title="bbox 1938 3189 3320 3271">
    <p class='ocr_par' dir='ltr' id='par_1_91' title="bbox 1938 3189 3320 3271">
     <span class='ocr_line' id='line_1_91' title="bbox 1938 3189 3320 3271; baseline 0.008 -25"><span class='ocrx_word' id='word_1_532' title='bbox 1938 3189 2183 3246; x_wconf 88' lang='lat' dir='ltr'><strong>Subdere</strong></span> <span class='ocrx_word' id='word_1_533' title='bbox 2203 3190 2523 3258; x_wconf 81' lang='lat' dir='ltr'><strong>Romanam,</strong></span> <span class='ocrx_word' id='word_1_534' title='bbox 2550 3195 2849 3249; x_wconf 88' lang='lat' dir='ltr'><strong>servandae</strong></span> <span class='ocrx_word' id='word_1_535' title='bbox 2880 3195 3093 3252; x_wconf 86' lang='lat' dir='ltr'><strong>foedera</strong></span> <span class='ocrx_word' id='word_1_536' title='bbox 3118 3215 3320 3271; x_wconf 79' lang='lat' dir='ltr'><strong>cogens</strong></span> 
     </span>
    </p>
   </div>
   <div class='ocr_carea' id='block_1_92' title="bbox 1936 3280 3206 3358">
    <p class='ocr_par' dir='ltr' id='par_1_92' title="bbox 1936 3280 3206 3358">
     <span class='ocr_line' id='line_1_92' title="bbox 1936 3280 3206 3358; baseline 0.008 -24"><span class='ocrx_word' id='word_1_537' title='bbox 1936 3280 2088 3337; x_wconf 88' lang='lat' dir='ltr'><strong>Hanc</strong></span> <span class='ocrx_word' id='word_1_538' title='bbox 2112 3280 2235 3336; x_wconf 84' lang='lat' dir='ltr'><strong>fidei</strong></span> <span class='ocrx_word' id='word_1_539' title='bbox 2259 3283 2614 3338; x_wconf 89' lang='lat' dir='ltr'><strong>sacramentis</strong></span> <span class='ocrx_word' id='word_1_540' title='bbox 2636 3285 2952 3352; x_wconf 86' lang='lat' dir='ltr'><strong>promittere</strong></span> <span class='ocrx_word' id='word_1_541' title='bbox 2978 3290 3206 3358; x_wconf 80' lang='lat' dir='ltr'><strong>magnis.</strong></span> 
     </span>
    </p>
   </div>
   <div class='ocr_carea' id='block_1_93' title="bbox 1936 3370 3332 3447">
    <p class='ocr_par' dir='ltr' id='par_1_93' title="bbox 1936 3370 3332 3447">
     <span class='ocr_line' id='line_1_93' title="bbox 1936 3370 3332 3447; baseline 0.011 -24"><span class='ocrx_word' id='word_1_542' title='bbox 1936 3370 2133 3425; x_wconf 89' lang='lat' dir='ltr'><strong>lllissus</strong></span> <span class='ocrx_word' id='word_1_543' title='bbox 2170 3371 2237 3425; x_wconf 91' lang='lat' dir='ltr'><strong>ad</strong></span> <span class='ocrx_word' id='word_1_544' title='bbox 2256 3372 2360 3426; x_wconf 89' lang='lat' dir='ltr'><strong>hoc</strong></span> <span class='ocrx_word' id='word_1_545' title='bbox 2385 3371 2755 3442; x_wconf 86' lang='lat' dir='ltr'><strong>Angilbertus,</strong></span> <span class='ocrx_word' id='word_1_546' title='bbox 2787 3377 2880 3446; x_wconf 87' lang='lat' dir='ltr'><strong>qui</strong></span> <span class='ocrx_word' id='word_1_547' title='bbox 2907 3393 3135 3447; x_wconf 86' lang='lat' dir='ltr'><strong>corpore</strong></span> <span class='ocrx_word' id='word_1_548' title='bbox 3156 3384 3332 3438; x_wconf 87' lang='lat' dir='ltr'><strong>sancti</strong></span> 
     </span>
    </p>
   </div>
   <div class='ocr_carea' id='block_1_94' title="bbox 1936 3462 3139 3527">
    <p class='ocr_par' dir='ltr' id='par_1_94' title="bbox 1936 3462 3139 3527">
     <span class='ocr_line' id='line_1_94' title="bbox 1936 3462 3139 3527; baseline 0.011 -12"><span class='ocrx_word' id='word_1_549' title='bbox 1936 3462 2178 3517; x_wconf 88' lang='lat' dir='ltr'><strong>Richarii</strong></span> <span class='ocrx_word' id='word_1_550' title='bbox 2212 3462 2359 3518; x_wconf 89' lang='lat' dir='ltr'><strong>clare</strong></span> <span class='ocrx_word' id='word_1_551' title='bbox 2380 3465 2687 3520; x_wconf 87' lang='lat' dir='ltr'><strong>decoratam</strong></span> <span class='ocrx_word' id='word_1_552' title='bbox 2725 3478 2940 3524; x_wconf 88' lang='lat' dir='ltr'><strong>rexerat</strong></span> <span class='ocrx_word' id='word_1_553' title='bbox 2971 3472 3139 3527; x_wconf 86' lang='lat' dir='ltr'><strong>abbas</strong></span> 
     </span>
    </p>
   </div>
   <div class='ocr_carea' id='block_1_95' title="bbox 1939 3549 3105 3627">
    <p class='ocr_par' dir='ltr' id='par_1_95' title="bbox 1939 3549 3105 3627">
     <span class='ocr_line' id='line_1_95' title="bbox 1939 3549 3105 3627; baseline 0.009 -22"><span class='ocrx_word' id='word_1_554' title='bbox 1939 3549 2259 3617; x_wconf 89' lang='lat' dir='ltr'><strong>Ecclesiam,</strong></span> <span class='ocrx_word' id='word_1_555' title='bbox 2278 3553 2484 3622; x_wconf 90' lang='lat' dir='ltr'><strong>pariter</strong></span> <span class='ocrx_word' id='word_1_556' title='bbox 2512 3555 2714 3626; x_wconf 87' lang='lat' dir='ltr'><strong>regalia</strong></span> <span class='ocrx_word' id='word_1_557' title='bbox 2742 3557 2935 3614; x_wconf 87' lang='lat' dir='ltr'><strong>detulit</strong></span> <span class='ocrx_word' id='word_1_558' title='bbox 2956 3560 3105 3627; x_wconf 88' lang='lat' dir='ltr'><strong>illuc,</strong></span> 
     </span>
    </p>
   </div>
   <div class='ocr_carea' id='block_1_96' title="bbox 1939 3641 3139 3717">
    <p class='ocr_par' dir='ltr' id='par_1_96' title="bbox 1939 3641 3139 3717">
     <span class='ocr_line' id='line_1_96' title="bbox 1939 3641 3139 3717; baseline 0.01 -21"><span class='ocrx_word' id='word_1_559' title='bbox 1939 3641 2141 3698; x_wconf 86' lang='lat' dir='ltr'><strong>Devote</strong></span> <span class='ocrx_word' id='word_1_560' title='bbox 2168 3653 2356 3699; x_wconf 86' lang='lat' dir='ltr'><strong>sancto</strong></span> <span class='ocrx_word' id='word_1_561' title='bbox 2384 3646 2685 3717; x_wconf 89' lang='lat' dir='ltr'><strong>misitquae</strong></span> <span class='ocrx_word' id='word_1_562' title='bbox 2712 3665 2935 3706; x_wconf 91' lang='lat' dir='ltr'><strong>munera</strong></span> <span class='ocrx_word' id='word_1_563' title='bbox 2960 3651 3139 3708; x_wconf 87' lang='lat' dir='ltr'><strong>Petro.</strong></span> 
     </span>
    </p>
   </div>
   <div class='ocr_carea' id='block_1_97' title="bbox 1937 3731 3269 3817">
    <p class='ocr_par' dir='ltr' id='par_1_97' title="bbox 1937 3731 3269 3817">
     <span class='ocr_line' id='line_1_97' title="bbox 1937 3731 3269 3817; baseline 0.011 -30"><span class='ocrx_word' id='word_1_564' title='bbox 1937 3731 2078 3789; x_wconf 84' lang='lat' dir='ltr'><strong>Nam</strong></span> <span class='ocrx_word' id='word_1_565' title='bbox 2105 3735 2334 3805; x_wconf 85' lang='lat' dir='ltr'><strong>spoliata</strong></span> <span class='ocrx_word' id='word_1_566' title='bbox 2362 3736 2466 3792; x_wconf 90' lang='lat' dir='ltr'><strong>fuit</strong></span> <span class='ocrx_word' id='word_1_567' title='bbox 2492 3738 2773 3795; x_wconf 90' lang='lat' dir='ltr'><strong>Hunorum</strong></span> <span class='ocrx_word' id='word_1_568' title='bbox 2796 3743 2967 3814; x_wconf 90' lang='lat' dir='ltr'><strong>regia,</strong></span> <span class='ocrx_word' id='word_1_569' title='bbox 3008 3744 3269 3817; x_wconf 77' lang='lat' dir='ltr'><strong>lli-iugum</strong></span> 
     </span>
    </p>
   </div>
   <div class='ocr_carea' id='block_1_98' title="bbox 1939 3824 3577 3911">
    <p class='ocr_par' dir='ltr' id='par_1_98' title="bbox 1939 3824 3577 3911">
     <span class='ocr_line' id='line_1_98' title="bbox 1939 3824 3577 3911; baseline 0.013 -33"><span class='ocrx_word' id='word_1_570' title='bbox 1939 3824 2112 3893; x_wconf 83' lang='lat' dir='ltr'><strong>Quam</strong></span> <span class='ocrx_word' id='word_1_571' title='bbox 2135 3827 2398 3883; x_wconf 83' lang='lat' dir='ltr'><strong>vocitant.</strong></span> <span class='ocrx_word' id='word_1_572' title='bbox 2444 3828 2596 3887; x_wconf 84' lang='lat' dir='ltr'><strong>Hanc</strong></span> <span class='ocrx_word' id='word_1_573' title='bbox 2623 3832 2730 3887; x_wconf 88' lang='lat' dir='ltr'><strong>dux</strong></span> <span class='ocrx_word' id='word_1_574' title='bbox 2745 3834 2974 3891; x_wconf 89' lang='lat' dir='ltr'><strong>Erichus</strong></span> <span class='ocrx_word' id='word_1_575' title='bbox 3000 3836 3104 3892; x_wconf 90' lang='lat' dir='ltr'><strong>hoc</strong></span> <span class='ocrx_word' id='word_1_576' title='bbox 3128 3850 3347 3910; x_wconf 82' lang='lat' dir='ltr'><strong>ceperat</strong></span> <span class='ocrx_word' id='word_1_577' title='bbox 3369 3857 3532 3911; x_wconf 89' lang='lat' dir='ltr'><strong>anno,</strong></span> <span class='ocrx_word' id='word_1_578' title='bbox 3576 3874 3577 3877; x_wconf 57' lang='grc' dir='ltr'><strong>η</strong></span> 
     </span>
    </p>
   </div>
   <div class='ocr_carea' id='block_1_99' title="bbox 1942 3914 3088 3991">
    <p class='ocr_par' dir='ltr' id='par_1_99' title="bbox 1942 3914 3088 3991">
     <span class='ocr_line' id='line_1_99' title="bbox 1942 3914 3088 3991; baseline 0.011 -23"><span class='ocrx_word' id='word_1_579' title='bbox 1942 3914 2286 3972; x_wconf 83' lang='lat' dir='ltr'><strong>Multimodos</strong></span> <span class='ocrx_word' id='word_1_580' title='bbox 2305 3918 2468 3973; x_wconf 88' lang='lat' dir='ltr'><strong>etiam</strong></span> <span class='ocrx_word' id='word_1_581' title='bbox 2494 3920 2605 3991; x_wconf 89' lang='lat' dir='ltr'><strong>regi</strong></span> <span class='ocrx_word' id='word_1_582' title='bbox 2628 3921 2927 3978; x_wconf 88' lang='lat' dir='ltr'><strong>devexerat</strong></span> <span class='ocrx_word' id='word_1_583' title='bbox 2964 3926 3088 3983; x_wconf 90' lang='lat' dir='ltr'><strong>inde</strong></span> 
     </span>
    </p>
   </div>
   <div class='ocr_carea' id='block_1_100' title="bbox 1944 4007 3126 4085">
    <p class='ocr_par' dir='ltr' id='par_1_100' title="bbox 1944 4007 3126 4085">
     <span class='ocr_line' id='line_1_100' title="bbox 1944 4007 3126 4085; baseline 0.009 -23"><span class='ocrx_word' id='word_1_584' title='bbox 1944 4007 2275 4074; x_wconf 87' lang='lat' dir='ltr'><strong>Thesauros,</strong></span> <span class='ocrx_word' id='word_1_585' title='bbox 2301 4024 2436 4065; x_wconf 89' lang='lat' dir='ltr'><strong>aevo</strong></span> <span class='ocrx_word' id='word_1_586' title='bbox 2462 4026 2603 4081; x_wconf 87' lang='lat' dir='ltr'><strong>quos</strong></span> <span class='ocrx_word' id='word_1_587' title='bbox 2625 4013 2891 4085; x_wconf 86' lang='lat' dir='ltr'><strong>collegere</strong></span> <span class='ocrx_word' id='word_1_588' title='bbox 2912 4025 3126 4073; x_wconf 87' lang='lat' dir='ltr'><strong>vetusto</strong></span> 
     </span>
    </p>
   </div>
   <div class='ocr_carea' id='block_1_101' title="bbox 1942 4096 3213 4174">
    <p class='ocr_par' dir='ltr' id='par_1_101' title="bbox 1942 4096 3213 4174">
     <span class='ocr_line' id='line_1_101' title="bbox 1942 4096 3213 4174; baseline 0.009 -23"><span class='ocrx_word' id='word_1_589' title='bbox 1942 4096 2246 4153; x_wconf 90' lang='lat' dir='ltr'><strong>lunumeris</strong></span> <span class='ocrx_word' id='word_1_590' title='bbox 2275 4100 2468 4155; x_wconf 89' lang='lat' dir='ltr'><strong>crebro</strong></span> <span class='ocrx_word' id='word_1_591' title='bbox 2489 4101 2738 4171; x_wconf 89' lang='lat' dir='ltr'><strong>spoliatis</strong></span> <span class='ocrx_word' id='word_1_592' title='bbox 2773 4106 3024 4174; x_wconf 90' lang='lat' dir='ltr'><strong>gentibus</strong></span> <span class='ocrx_word' id='word_1_593' title='bbox 3051 4106 3213 4162; x_wconf 89' lang='lat' dir='ltr'><strong>Huni.</strong></span> 
     </span>
    </p>
   </div>
   <div class='ocr_carea' id='block_1_102' title="bbox 1945 4188 3393 4267">
    <p class='ocr_par' dir='ltr' id='par_1_102' title="bbox 1945 4188 3393 4267">
     <span class='ocr_line' id='line_1_102' title="bbox 1945 4188 3393 4267; baseline 0.008 -25"><span class='ocrx_word' id='word_1_594' title='bbox 1945 4188 2025 4242; x_wconf 88' lang='lat' dir='ltr'><strong>Ex</strong></span> <span class='ocrx_word' id='word_1_595' title='bbox 2054 4189 2248 4259; x_wconf 85' lang='lat' dir='ltr'><strong>quibus</strong></span> <span class='ocrx_word' id='word_1_596' title='bbox 2266 4199 2352 4246; x_wconf 90' lang='lat' dir='ltr'><strong>est</strong></span> <span class='ocrx_word' id='word_1_597' title='bbox 2372 4190 2597 4246; x_wconf 88' lang='lat' dir='ltr'><strong>Romam</strong></span> <span class='ocrx_word' id='word_1_598' title='bbox 2620 4199 2745 4248; x_wconf 93' lang='lat' dir='ltr'><strong>tunc</strong></span> <span class='ocrx_word' id='word_1_599' title='bbox 2768 4196 3001 4249; x_wconf 87' lang='lat' dir='ltr'><strong>maxima</strong></span> <span class='ocrx_word' id='word_1_600' title='bbox 3030 4198 3183 4267; x_wconf 87' lang='lat' dir='ltr'><strong>copia</strong></span> <span class='ocrx_word' id='word_1_601' title='bbox 3207 4199 3393 4265; x_wconf 88' lang='lat' dir='ltr'><strong>missa,</strong></span> 
     </span>
    </p>
   </div>
   <div class='ocr_carea' id='block_1_103' title="bbox 1945 4278 3393 4355">
    <p class='ocr_par' dir='ltr' id='par_1_103' title="bbox 1945 4278 3393 4355">
     <span class='ocr_line' id='line_1_103' title="bbox 1945 4278 3393 4355; baseline 0.009 -22"><span class='ocrx_word' id='word_1_602' title='bbox 1945 4278 2023 4334; x_wconf 90' lang='lat' dir='ltr'><strong>De</strong></span> <span class='ocrx_word' id='word_1_603' title='bbox 2055 4280 2261 4349; x_wconf 89' lang='lat' dir='ltr'><strong>reliquo</strong></span> <span class='ocrx_word' id='word_1_604' title='bbox 2286 4297 2527 4337; x_wconf 89' lang='lat' dir='ltr'><strong>summos</strong></span> <span class='ocrx_word' id='word_1_605' title='bbox 2548 4298 2803 4352; x_wconf 88' lang='lat' dir='ltr'><strong>proceres</strong></span> <span class='ocrx_word' id='word_1_606' title='bbox 2830 4284 3093 4355; x_wconf 88' lang='lat' dir='ltr'><strong>aulaeque</strong></span> <span class='ocrx_word' id='word_1_607' title='bbox 3116 4288 3393 4346; x_wconf 86' lang='lat' dir='ltr'><strong>ministros</strong></span> 
     </span>
    </p>
   </div>
   <div class='ocr_carea' id='block_1_104' title="bbox 1949 4371 3297 4447">
    <p class='ocr_par' dir='ltr' id='par_1_104' title="bbox 1949 4371 3297 4447">
     <span class='ocr_line' id='line_1_104' title="bbox 1949 4371 3297 4447; baseline 0.007 -22"><span class='ocrx_word' id='word_1_608' title='bbox 1949 4371 2173 4427; x_wconf 84' lang='lat' dir='ltr'><strong>Multum</strong></span> <span class='ocrx_word' id='word_1_609' title='bbox 2197 4373 2345 4445; x_wconf 85' lang='lat' dir='ltr'><strong>larga</strong></span> <span class='ocrx_word' id='word_1_610' title='bbox 2370 4389 2563 4429; x_wconf 89' lang='lat' dir='ltr'><strong>manus</strong></span> <span class='ocrx_word' id='word_1_611' title='bbox 2588 4375 2781 4429; x_wconf 87' lang='lat' dir='ltr'><strong>ditavit</strong></span> <span class='ocrx_word' id='word_1_612' title='bbox 2809 4376 3069 4447; x_wconf 88' lang='lat' dir='ltr'><strong>principis</strong></span> <span class='ocrx_word' id='word_1_613' title='bbox 3090 4394 3297 4435; x_wconf 87' lang='lat' dir='ltr'><strong>omnes.</strong></span> 
     </span>
    </p>
   </div>
   <div class='ocr_carea' id='block_1_105' title="bbox 1866 4459 3155 4539">
    <p class='ocr_par' dir='ltr' id='par_1_105' title="bbox 1866 4459 3155 4539">
     <span class='ocr_line' id='line_1_105' title="bbox 1866 4459 3155 4539; baseline 0.005 -20"><span class='ocrx_word' id='word_1_614' title='bbox 1866 4459 1920 4519; x_wconf 89' lang='lat' dir='ltr'><strong>D</strong></span> <span class='ocrx_word' id='word_1_615' title='bbox 1948 4465 2044 4521; x_wconf 90' lang='lat' dir='ltr'><strong>His</strong></span> <span class='ocrx_word' id='word_1_616' title='bbox 2076 4466 2242 4536; x_wconf 82' lang='lat' dir='ltr'><strong>gestis</strong></span> <span class='ocrx_word' id='word_1_617' title='bbox 2262 4466 2458 4520; x_wconf 90' lang='lat' dir='ltr'><strong>iterum</strong></span> <span class='ocrx_word' id='word_1_618' title='bbox 2490 4482 2582 4522; x_wconf 86' lang='lat' dir='ltr'><strong>rex</strong></span> <span class='ocrx_word' id='word_1_619' title='bbox 2609 4465 2882 4521; x_wconf 89' lang='lat' dir='ltr'><strong>Saxonum</strong></span> <span class='ocrx_word' id='word_1_620' title='bbox 2908 4470 3155 4539; x_wconf 83' lang='lat' dir='ltr'><strong>regiones</strong></span> 
     </span>
    </p>
   </div>
   <div class='ocr_carea' id='block_1_106' title="bbox 1946 4556 3180 4628">
    <p class='ocr_par' dir='ltr' id='par_1_106' title="bbox 1946 4556 3180 4628">
     <span class='ocr_line' id='line_1_106' title="bbox 1946 4556 3180 4628; baseline 0.002 -17"><span class='ocrx_word' id='word_1_621' title='bbox 1946 4557 2208 4612; x_wconf 87' lang='lat' dir='ltr'><strong>lnvadens</strong></span> <span class='ocrx_word' id='word_1_622' title='bbox 2240 4556 2347 4611; x_wconf 88' lang='lat' dir='ltr'><strong>late</strong></span> <span class='ocrx_word' id='word_1_623' title='bbox 2371 4564 2699 4623; x_wconf 89' lang='lat' dir='ltr'><strong>vastaverat,</strong></span> <span class='ocrx_word' id='word_1_624' title='bbox 2732 4567 2896 4628; x_wconf 90' lang='lat' dir='ltr'><strong>atque</strong></span> <span class='ocrx_word' id='word_1_625' title='bbox 2931 4575 3180 4616; x_wconf 84' lang='lat' dir='ltr'><strong>reversus</strong></span> 
     </span>
    </p>
   </div>
   <div class='ocr_carea' id='block_1_107' title="bbox 1950 4648 3262 4720">
    <p class='ocr_par' dir='ltr' id='par_1_107' title="bbox 1950 4648 3262 4720">
     <span class='ocr_line' id='line_1_107' title="bbox 1950 4648 3262 4720; baseline 0.005 -17"><span class='ocrx_word' id='word_1_626' title='bbox 1950 4648 2139 4704; x_wconf 83' lang='lat' dir='ltr'><strong>Victor</strong></span> <span class='ocrx_word' id='word_1_627' title='bbox 2157 4648 2483 4719; x_wconf 87' lang='lat' dir='ltr'><strong>Aquisgrani</strong></span> <span class='ocrx_word' id='word_1_628' title='bbox 2513 4649 2745 4704; x_wconf 90' lang='lat' dir='ltr'><strong>brumali</strong></span> <span class='ocrx_word' id='word_1_629' title='bbox 2770 4658 3010 4720; x_wconf 89' lang='lat' dir='ltr'><strong>tempore</strong></span> <span class='ocrx_word' id='word_1_630' title='bbox 3044 4654 3262 4711; x_wconf 89' lang='lat' dir='ltr'><strong>mansit.</strong></span> 
     </span>
    </p>
   </div>
   <div class='ocr_carea' id='block_1_108' title="bbox 1948 4739 3042 4813">
    <p class='ocr_par' dir='ltr' id='par_1_108' title="bbox 1948 4739 3042 4813">
     <span class='ocr_line' id='line_1_108' title="bbox 1948 4739 3042 4813; baseline 0.006 -21"><span class='ocrx_word' id='word_1_631' title='bbox 1948 4739 2019 4794; x_wconf 89' lang='lat' dir='ltr'><strong>At</strong></span> <span class='ocrx_word' id='word_1_632' title='bbox 2041 4740 2147 4795; x_wconf 90' lang='lat' dir='ltr'><strong>dux</strong></span> <span class='ocrx_word' id='word_1_633' title='bbox 2170 4740 2355 4795; x_wconf 86' lang='lat' dir='ltr'><strong>Italiae</strong></span> <span class='ocrx_word' id='word_1_634' title='bbox 2374 4740 2654 4811; x_wconf 89' lang='lat' dir='ltr'><strong>Pippinus,</strong></span> <span class='ocrx_word' id='word_1_635' title='bbox 2682 4743 2827 4812; x_wconf 85' lang='lat' dir='ltr'><strong>regia</strong></span> <span class='ocrx_word' id='word_1_636' title='bbox 2844 4744 3042 4813; x_wconf 82' lang='lat' dir='ltr'><strong>proles,</strong></span> 
     </span>
    </p>
   </div>
   <div class='ocr_carea' id='block_1_109' title="bbox 1951 4831 3014 4905">
    <p class='ocr_par' dir='ltr' id='par_1_109' title="bbox 1951 4831 3014 4905">
     <span class='ocr_line' id='line_1_109' title="bbox 1951 4831 3014 4905; baseline 0.003 -19"><span class='ocrx_word' id='word_1_637' title='bbox 1951 4831 2234 4887; x_wconf 88' lang='lat' dir='ltr'><strong>Adiunctis</strong></span> <span class='ocrx_word' id='word_1_638' title='bbox 2260 4831 2558 4889; x_wconf 89' lang='lat' dir='ltr'><strong>Baioaricis</strong></span> <span class='ocrx_word' id='word_1_639' title='bbox 2595 4832 2895 4905; x_wconf 86' lang='lat' dir='ltr'><strong>legionibus</strong></span> <span class='ocrx_word' id='word_1_640' title='bbox 2920 4836 3014 4900; x_wconf 89' lang='lat' dir='ltr'><strong>illi,</strong></span> 
     </span>
    </p>
   </div>
   <div class='ocr_carea' id='block_1_110' title="bbox 1955 4928 3197 5001">
    <p class='ocr_par' dir='ltr' id='par_1_110' title="bbox 1955 4928 3197 5001">
     <span class='ocr_line' id='line_1_110' title="bbox 1955 4928 3197 5001; baseline 0.006 -19"><span class='ocrx_word' id='word_1_641' title='bbox 1955 4928 2128 4983; x_wconf 87' lang='lat' dir='ltr'><strong>Hunis</strong></span> <span class='ocrx_word' id='word_1_642' title='bbox 2157 4928 2410 4983; x_wconf 87' lang='lat' dir='ltr'><strong>intulerat</strong></span> <span class='ocrx_word' id='word_1_643' title='bbox 2434 4929 2656 4995; x_wconf 91' lang='lat' dir='ltr'><strong>bellum,</strong></span> <span class='ocrx_word' id='word_1_644' title='bbox 2684 4930 2762 4986; x_wconf 90' lang='lat' dir='ltr'><strong>sic</strong></span> <span class='ocrx_word' id='word_1_645' title='bbox 2783 4936 2937 5001; x_wconf 83' lang='lat' dir='ltr'><strong>patre</strong></span> <span class='ocrx_word' id='word_1_646' title='bbox 2962 4931 3197 4988; x_wconf 80' lang='lat' dir='ltr'><strong>iubente.</strong></span> 
     </span>
    </p>
   </div>
   <div class='ocr_carea' id='block_1_111' title="bbox 1955 5017 3315 5092">
    <p class='ocr_par' dir='ltr' id='par_1_111' title="bbox 1955 5017 3315 5092">
     <span class='ocr_line' id='line_1_111' title="bbox 1955 5017 3315 5092; baseline 0.004 -19"><span class='ocrx_word' id='word_1_647' title='bbox 1955 5017 2092 5073; x_wconf 91' lang='lat' dir='ltr'><strong>Cum</strong></span> <span class='ocrx_word' id='word_1_648' title='bbox 2116 5019 2314 5089; x_wconf 88' lang='lat' dir='ltr'><strong>quibus</strong></span> <span class='ocrx_word' id='word_1_649' title='bbox 2333 5027 2528 5074; x_wconf 87' lang='lat' dir='ltr'><strong>eventu</strong></span> <span class='ocrx_word' id='word_1_650' title='bbox 2553 5020 2852 5074; x_wconf 81' lang='lat' dir='ltr'><strong>certamina</strong></span> <span class='ocrx_word' id='word_1_651' title='bbox 2881 5036 3139 5092; x_wconf 88' lang='lat' dir='ltr'><strong>prospera</strong></span> <span class='ocrx_word' id='word_1_652' title='bbox 3172 5023 3315 5080; x_wconf 85' lang='lat' dir='ltr'><strong>laeto</strong></span> 
     </span>
    </p>
   </div>
   <div class='ocr_carea' id='block_1_112' title="bbox 1957 5111 3367 5188">
    <p class='ocr_par' dir='ltr' id='par_1_112' title="bbox 1957 5111 3367 5188">
     <span class='ocr_line' id='line_1_112' title="bbox 1957 5111 3367 5188; baseline 0.006 -22"><span class='ocrx_word' id='word_1_653' title='bbox 1957 5111 2132 5167; x_wconf 89' lang='lat' dir='ltr'><strong>Trans</strong></span> <span class='ocrx_word' id='word_1_654' title='bbox 2162 5112 2382 5167; x_wconf 82' lang='lat' dir='ltr'><strong>fluvium</strong></span> <span class='ocrx_word' id='word_1_655' title='bbox 2419 5112 2584 5167; x_wconf 87' lang='lat' dir='ltr'><strong>Tizan</strong></span> <span class='ocrx_word' id='word_1_656' title='bbox 2605 5114 2795 5184; x_wconf 86' lang='lat' dir='ltr'><strong>gessit,</strong></span> <span class='ocrx_word' id='word_1_657' title='bbox 2828 5116 3147 5185; x_wconf 83' lang='lat' dir='ltr'><strong>cunctisque</strong></span> <span class='ocrx_word' id='word_1_658' title='bbox 3170 5116 3367 5188; x_wconf 86' lang='lat' dir='ltr'><strong>fugatis</strong></span> 
     </span>
    </p>
   </div>
   <div class='ocr_carea' id='block_1_113' title="bbox 1955 5203 3154 5279">
    <p class='ocr_par' dir='ltr' id='par_1_113' title="bbox 1955 5203 3154 5279">
     <span class='ocr_line' id='line_1_113' title="bbox 1955 5203 3154 5279; baseline 0.003 -21"><span class='ocrx_word' id='word_1_659' title='bbox 1955 5203 2231 5270; x_wconf 83' lang='lat' dir='ltr'><strong>Hostibus,</strong></span> <span class='ocrx_word' id='word_1_660' title='bbox 2261 5221 2291 5259; x_wconf 90' lang='lat' dir='ltr'><strong>a</strong></span> <span class='ocrx_word' id='word_1_661' title='bbox 2316 5204 2541 5261; x_wconf 85' lang='lat' dir='ltr'><strong>Francis</strong></span> <span class='ocrx_word' id='word_1_662' title='bbox 2560 5205 2839 5262; x_wconf 85' lang='lat' dir='ltr'><strong>Hunorum</strong></span> <span class='ocrx_word' id='word_1_663' title='bbox 2864 5210 3011 5279; x_wconf 84' lang='lat' dir='ltr'><strong>regia</strong></span> <span class='ocrx_word' id='word_1_664' title='bbox 3045 5219 3154 5262; x_wconf 83' lang='lat' dir='ltr'><strong>tota</strong></span> 
     </span>
    </p>
   </div>
   <div class='ocr_carea' id='block_1_114' title="bbox 1958 5295 3375 5369">
    <p class='ocr_par' dir='ltr' id='par_1_114' title="bbox 1958 5295 3375 5369">
     <span class='ocr_line' id='line_1_114' title="bbox 1958 5295 3375 5369; baseline -0.001 -18"><span class='ocrx_word' id='word_1_665' title='bbox 1958 5295 2056 5353; x_wconf 86' lang='lat' dir='ltr'><strong>Est</strong></span> <span class='ocrx_word' id='word_1_666' title='bbox 2076 5305 2304 5367; x_wconf 87' lang='lat' dir='ltr'><strong>aequata</strong></span> <span class='ocrx_word' id='word_1_667' title='bbox 2331 5296 2466 5362; x_wconf 92' lang='lat' dir='ltr'><strong>solo,</strong></span> <span class='ocrx_word' id='word_1_668' title='bbox 2506 5312 2669 5367; x_wconf 90' lang='lat' dir='ltr'><strong>quam</strong></span> <span class='ocrx_word' id='word_1_669' title='bbox 2698 5297 2958 5369; x_wconf 84' lang='lat' dir='ltr'><strong>llringum</strong></span> <span class='ocrx_word' id='word_1_670' title='bbox 2979 5298 3211 5351; x_wconf 86' lang='lat' dir='ltr'><strong>diximus</strong></span> <span class='ocrx_word' id='word_1_671' title='bbox 3233 5306 3375 5352; x_wconf 90' lang='lat' dir='ltr'><strong>ante.</strong></span> 
     </span>
    </p>
   </div>
   <div class='ocr_carea' id='block_1_115' title="bbox 1960 5390 3395 5463">
    <p class='ocr_par' dir='ltr' id='par_1_115' title="bbox 1960 5390 3395 5463">
     <span class='ocr_line' id='line_1_115' title="bbox 1960 5390 3395 5463; baseline -0.002 -15"><span class='ocrx_word' id='word_1_672' title='bbox 1960 5392 2129 5449; x_wconf 90' lang='lat' dir='ltr'><strong>Cuius</strong></span> <span class='ocrx_word' id='word_1_673' title='bbox 2155 5406 2327 5463; x_wconf 89' lang='lat' dir='ltr'><strong>poene</strong></span> <span class='ocrx_word' id='word_1_674' title='bbox 2360 5406 2527 5462; x_wconf 86' lang='lat' dir='ltr'><strong>gazae</strong></span> <span class='ocrx_word' id='word_1_675' title='bbox 2555 5392 2731 5462; x_wconf 83' lang='lat' dir='ltr'><strong>gentis</strong></span> <span class='ocrx_word' id='word_1_676' title='bbox 2759 5399 2887 5445; x_wconf 91' lang='lat' dir='ltr'><strong>tunc</strong></span> <span class='ocrx_word' id='word_1_677' title='bbox 2907 5390 3148 5444; x_wconf 91' lang='lat' dir='ltr'><strong>funditus</strong></span> <span class='ocrx_word' id='word_1_678' title='bbox 3186 5404 3395 5455; x_wconf 86' lang='lat' dir='ltr'><strong>omnes,</strong></span> 
     </span>
    </p>
   </div>
   <div class='ocr_carea' id='block_1_116' title="bbox 1961 5481 3505 5556">
    <p class='ocr_par' dir='ltr' id='par_1_116' title="bbox 1961 5481 3505 5556">
     <span class='ocr_line' id='line_1_116' title="bbox 1961 5481 3505 5556; baseline -0.001 -16"><span class='ocrx_word' id='word_1_679' title='bbox 1961 5486 2187 5556; x_wconf 83' lang='lat' dir='ltr'><strong>Magnus</strong></span> <span class='ocrx_word' id='word_1_680' title='bbox 2204 5492 2326 5538; x_wconf 90' lang='lat' dir='ltr'><strong>erat</strong></span> <span class='ocrx_word' id='word_1_681' title='bbox 2342 5498 2581 5553; x_wconf 82' lang='lat' dir='ltr'><strong>quarum</strong></span> <span class='ocrx_word' id='word_1_682' title='bbox 2611 5498 2887 5544; x_wconf 87' lang='lat' dir='ltr'><strong>numerus,</strong></span> <span class='ocrx_word' id='word_1_683' title='bbox 2907 5490 3235 5550; x_wconf 83' lang='lat' dir='ltr'><strong>cunctaeque</strong></span> <span class='ocrx_word' id='word_1_684' title='bbox 3262 5481 3449 5552; x_wconf 87' lang='lat' dir='ltr'><strong>prioru</strong></span> <span class='ocrx_word' id='word_1_685' title='bbox 3472 5499 3505 5539; x_wconf 87' lang='lat' dir='ltr'><strong>n</strong></span> 
     </span>
    </p>
   </div>
   <div class='ocr_carea' id='block_1_117' title="bbox 1960 5572 3256 5647">
    <p class='ocr_par' dir='ltr' id='par_1_117' title="bbox 1960 5572 3256 5647">
     <span class='ocr_line' id='line_1_117' title="bbox 1960 5572 3256 5647; baseline -0.003 -15"><span class='ocrx_word' id='word_1_686' title='bbox 1960 5577 2298 5647; x_wconf 83' lang='lat' dir='ltr'><strong>Diripiuntur</strong></span> <span class='ocrx_word' id='word_1_687' title='bbox 2315 5591 2445 5645; x_wconf 87' lang='lat' dir='ltr'><strong>opes</strong></span> <span class='ocrx_word' id='word_1_688' title='bbox 2465 5590 2673 5643; x_wconf 84' lang='lat' dir='ltr'><strong>regum,</strong></span> <span class='ocrx_word' id='word_1_689' title='bbox 2703 5589 2839 5642; x_wconf 91' lang='lat' dir='ltr'><strong>quas</strong></span> <span class='ocrx_word' id='word_1_690' title='bbox 2871 5572 3256 5643; x_wconf 79' lang='lat' dir='ltr'><strong>depopulantes</strong></span> 
     </span>
    </p>
   </div>
   <div class='ocr_carea' id='block_1_118' title="bbox 1961 5664 3179 5734">
    <p class='ocr_par' dir='ltr' id='par_1_118' title="bbox 1961 5664 3179 5734">
     <span class='ocr_line' id='line_1_118' title="bbox 1961 5664 3179 5734; baseline -0.002 -13"><span class='ocrx_word' id='word_1_691' title='bbox 1961 5668 2152 5723; x_wconf 85' lang='lat' dir='ltr'><strong>Plures</strong></span> <span class='ocrx_word' id='word_1_692' title='bbox 2181 5667 2234 5721; x_wconf 91' lang='lat' dir='ltr'><strong>in</strong></span> <span class='ocrx_word' id='word_1_693' title='bbox 2270 5666 2437 5720; x_wconf 87' lang='lat' dir='ltr'><strong>variis</strong></span> <span class='ocrx_word' id='word_1_694' title='bbox 2458 5680 2642 5721; x_wconf 85' lang='lat' dir='ltr'><strong>sacras</strong></span> <span class='ocrx_word' id='word_1_695' title='bbox 2666 5665 2977 5734; x_wconf 68' lang='lat' dir='ltr'><strong>regionibus</strong></span> <span class='ocrx_word' id='word_1_696' title='bbox 2998 5664 3179 5731; x_wconf 86' lang='lat' dir='ltr'><strong>aedes,</strong></span> 
     </span>
    </p>
   </div>
  </div>
