3868 6170
367 233 455 289 7n
1348 233 1358 242 ·
1706 182 1956 280 postia
1996 216 2291 277 SAXOXIS
3516 221 3612 277 m

367 344 724 414 Temporibus
767 340 950 397 multis
970 339 1109 394 male
1136 338 1477 410 congessisse
1504 336 1769 393 feruntur.
1980 342 2030 399 Α
2057 330 2378 401 Prefatoque
2409 330 2528 385 loco
2549 330 2891 387 sanctissima
2930 330 3064 387 festa
3094 329 3316 405 peregit.

368 439 519 494 Tunc
542 436 737 506 quibus
754 433 966 496 ablatis,
1011 440 1119 485 tam
1141 431 1271 486 clari
1295 432 1413 485 iure
1448 428 1708 497 triumphi
2057 422 2115 478 ln
2144 423 2341 492 quibus
2371 420 2591 477 indutus
2614 422 2881 492 processit
2911 438 3133 494 corpore
3157 423 3422 491 Christus,

367 530 450 583 Ad
483 536 688 597 patrem
716 525 889 578 victor
912 532 1208 577 memorata
1228 523 1377 576 venit
1405 523 1459 576 in
1480 520 1601 575 aula
2059 514 2128 570 Et
2152 514 2334 584 posuit
2355 528 2574 568 carnem
2600 513 2861 579 moriens.
2889 515 3220 585 sumpsitque
3259 530 3550 589 resurgens-

370 620 641 691 Pippinus,
680 616 827 687 regni
864 615 949 670 cui
975 616 1261 670 thesauros
1287 614 1505 686 spoliati
2536 600 2690 657 Anno
2725 600 2851 659 798.
2886 601 3083 657 India.
3115 604 3170 658 5.

364 712 579 775 Attulit,
611 708 942 777 exuviasque
968 707 1186 773 ducum,
1216 707 1522 777 vexillaque
1545 714 1725 775 capta.
2060 694 2221 751 veris
2247 694 2303 749 in
2330 693 2484 750 ίηίῐίο
2505 692 2718 750 Γίὶοίηιιε
2743 694 3089 749 commiserat
3112 702 3268 750 πνοι

366 800 500 856 Cum
521 813 627 870 quo
649 798 755 852 iam
788 798 964 853 dictus
986 797 1179 852 Tudun
1203 813 1418 867 quoque
1438 803 1663 852 venerat
1692 794 1840 859 illuc,
2062 785 2338 842 Saxonum
2358 785 2590 857 populus
2614 785 2855 855 quidam,
2895 801 3034 856 quos
3065 787 3265 843 claudit
3291 788 3359 844 ab
3379 798 3552 846 austro

365 890 763 959 Promissisque
785 887 944 944 ﬁdem
974 888 1210 958 propriis
1238 888 1498 944 adhibere
1523 887 1736 958 sategit,
2058 877 2215 933 Albia
2237 877 2525 933 seiunctim
2552 876 2761 947 positos
2782 876 3052 947 attuilonis
3075 879 3144 934 ad
3169 893 3351 934 axem.

365 986 499 1041 Cum
523 991 635 1038 toto
657 981 913 1037 comitum
941 995 1171 1036 numero
1197 980 1467 1051 baptisma
1496 993 1718 1035 suorum
2061 966 2172 1023 N08
2195 966 2613 1037 Νοτιιιθιὺίοεοε
2637 965 2814 1036 Patrio
2836 981 3089 1023 εθτωουθ
3111 982 3383 1025 vocamus-

362 1074 679 1144 Percipiens
706 1072 868 1127 etiam
894 1086 995 1141 per
1029 1080 1370 1127 sacramenta
1399 1070 1707 1141 spopondit,
2060 1058 2197 1114 Nam
2218 1072 2319 1129 pro
2345 1056 2551 1113 iustitia
2577 1056 2736 1127 legali
2760 1072 2914 1114 more
2942 1060 3178 1130 gerenda

366 1166 439 1222 Se
467 1164 581 1220 fore
609 1163 911 1219 subiectum
937 1161 1166 1217 Francis
1188 1159 1461 1231 ﬁdumque
1482 1174 1581 1230 per
1601 1172 1813 1215 aevum.
2061 1150 2199 1207 Cum
2225 1164 2323 1204 rex
2350 1148 2558 1219 legatos
2587 1148 2716 1204 illnc
2742 1150 3157 1218 transmitteret,
3190 1151 3335 1223 ipsos

367 1261 474 1321 Sed
499 1267 785 1330 postquam
817 1256 998 1321 rediit,
1022 1263 1238 1310 mutans
1264 1254 1529 1325 promissa
1560 1253 1846 1321 ﬁdemque,
2061 1239 2229 1330 impia
2254 1238 2549 1330 foedifrage
2569 1238 2835 1330 iugulavit
2861 1238 3028 1330 factio
3052 1243 3251 1313 gentis.

366 1327 835 1405 Pertidiaeluerat
860 1359 1026 1416 parvo
1050 1352 1173 1415 post
1200 1351 1441 1414 tempore
1467 1357 1690 1413 poenas.
2060 1328 2305 1400 Cumque
2328 1327 2690 1386 Godescalcus
2706 1369 2722 1396 ,
2751 1330 2895 1401 regis
2918 1329 3128 1402 legatus
3155 1341 3211 1389 et
3236 1333 3368 1404 ipse,

365 1440 437 1494 At
463 1454 557 1494 rex
594 1436 878 1506 sollempni
907 1443 1036 1490 voto
1063 1435 1434 1490 celebraverat
1454 1434 1564 1489 illic
2060 1422 2202 1478 Ληιθ
2223 1421 2341 1478 dies
2365 1421 2564 1478 missus
2590 1437 2793 1493 paucos
2818 1423 2888 1479 ad
2912 1438 3078 1496 regna
3106 1432 3379 1483 tenentem

370 1529 674 1599 Tempora,
722 1542 860 1597 quae
908 1525 1158 1582 Christus
1202 1540 1434 1581 nascens
1478 1525 1822 1592 moriensque
1871 1538 1957 1577 sa—
2064 1513 2360 1580 Πειιοΐιιων
2387 1512 2679 1585 δίείῖτίάυε
2704 1516 2934 1572 θηίθῑιί
2963 1531 3182 1586 nomen.
3212 1518 3267 1575 in
3291 1519 3405 1591 ipso

986 1599 992 1605 ’
1658 1612 1882 1685 [craviL
2063 1607 2330 1678 Tempore
2357 1607 2667 1678 regrediens
2693 1606 2833 1664 foret
2857 1609 3192 1681 interceptus
3211 1612 3281 1668 ab
3308 1612 3497 1681 Hunis,

837 1705 989 1761 Anno
1033 1704 1155 1761 797.
1207 1703 1404 1759 Indici.
1446 1704 1501 1758 4.
1992 1720 2041 1781 Β
2064 1700 2335 1755 Auctores
2355 1699 2515 1755 huius
2546 1698 2762 1756 fuerant
2786 1701 2879 1771 qui
2904 1702 3205 1769 seditionis,

370 1800 505 1856 Cum
529 1797 757 1870 pulchro
793 1796 1034 1852 renitens
1070 1802 1193 1851 ortu
1223 1795 1553 1850 claresceret
1579 1802 1776 1849 aestas.
2063 1788 2367 1845 Pertulerat
2388 1798 2619 1845 mortem
2641 1789 2848 1860 pariter
2869 1805 2972 1861 pro
2995 1792 3230 1848 crimine
3257 1792 3417 1849 nullo.

370 1891 453 1946 Ad
482 1904 663 1959 regem
688 1886 1022 1942 Sarracenos
1051 1884 1373 1956 cognomine
1399 1884 1566 1940 Zatus

2091 1879 2159 1935 lis
2181 1894 2279 1933 rex
2302 1888 2603 1935 commotus
2639 1879 2912 1937 Wisuram
2954 1884 3271 1953 properavit
3314 1885 3380 1940 ad
3412 1900 3618 1951 amnem,

368 1978 695 2043 Adveniens,
724 1992 756 2031 a
777 1992 836 2032 se.
855 1992 1138 2047 pervasam
1169 1975 1404 2031 reddidit
1428 1975 1638 2041 urbem,
1875 2034 1886 2045 O
2059 1971 2227 2043 Inque
2247 1971 2367 2028 loco
2393 1986 2554 2043 quem
2587 1972 2783 2030 Munda
2819 1983 3016 2030 vocant
3060 1991 3164 2032 sua
3210 1985 3385 2033 castra
3432 1976 3618 2043 locavit,

370 2070 673 2125 Barzinona
700 2067 787 2123 cui
826 2081 1024 2123 nomen
1054 2083 1067 2118 :
1101 2081 1228 2120 nam
1265 2064 1435 2121 limite
1470 2072 1678 2120 structa
2059 2064 2241 2136 Atque
2266 2065 2415 2120 necis
2443 2064 2746 2134 legatorum
2783 2066 3115 2124 iustissimus
3137 2068 3299 2136 ultor,

369 2157 596 2214 Constat
620 2157 674 2212 in
698 2157 955 2227 Hispano,
983 2155 1136 2211 vario
1172 2164 1507 2227 cogenteque
1532 2170 1660 2211 casu
2061 2155 2122 2211 In
2151 2156 2458 2212 desertores
2484 2157 2600 2213 irae
2619 2156 2821 2213 laxavit
2848 2159 3122 2227 habenas,

371 2250 527 2306 Nunc
556 2248 874 2304 Sarracenis
905 2246 1104 2311 fuerat,
1134 2262 1279 2302 nunc
1306 2246 1522 2303 subdita
1543 2245 1790 2312 Francis,
2061 2246 2277 2302 Vastari
2305 2246 2415 2303 late
2433 2247 2638 2317 sparsis
2662 2247 2963 2319 legionibus
2992 2249 3145 2305 illam

370 2345 585 2414 Perque
608 2345 801 2399 ducem
841 2343 1059 2398 tandem
1092 2350 1452 2397 memoratum
1506 2341 1733 2405 reddita,
1775 2357 1867 2411 qm
1903 2356 1962 2397 se
2060 2339 2375 2410 Precipiens
2404 2347 2629 2395 terram.
2655 2339 2794 2395 Tum
2831 2355 3026 2397 saevus
3048 2342 3256 2413 ubique
3284 2342 3481 2399 furebat

373 2434 577 2503 Sponte
610 2448 706 2489 sua
744 2433 949 2502 pariter
977 2432 1172 2489 Carolo
1196 2434 1445 2502 permisit
1467 2440 1521 2486 et
1552 2435 1740 2489 urbem
1766 2476 1779 2498 ,
2063 2427 2236 2494 Miles,
2262 2428 2462 2501 ubique
2487 2444 2654 2485 cruor
2674 2430 2807 2487 rivis
2827 2431 3198 2489 madefecerat
3223 2448 3368 2498 arva,

370 2521 709 2578 Francorum
738 2520 983 2577 subiecta
1014 2520 1116 2575 fuit
1136 2521 1395 2590 posthaec
1419 2522 1631 2577 ditioni.
2062 2517 2329 2576 Omnibus
2345 2527 2507 2589 atque
2532 2519 2666 2577 locis
2692 2521 2999 2578 increverat
3026 2523 3252 2581 horrida
3277 2524 3467 2591 clades,

370 2611 501 2667 Inde
538 2626 695 2667 suum
728 2619 973 2681 gnatum,
997 2610 1372 2667 Hludowicum
1403 2613 1639 2679 nomine,
1675 2626 1855 2684 regem
2064 2610 2331 2676 Vulnera,
2361 2626 2540 2678 mors,
2580 2613 2789 2679 luctus,
2821 2613 3057 2680 clamor,
3089 2614 3222 2688 fuga
3243 2657 3258 2683 ,
3290 2614 3490 2672 ﬂamma
3509 2657 3523 2682 ,
3545 2631 3615 2671 ra-

374 2704 526 2760 Tunc
553 2702 973 2774 Aquitanorum,
1014 2703 1211 2758 direxit
1235 2704 1303 2758 ad
1343 2705 1678 2760 obsidionem
3421 2706 3613 2780 [pinae,

375 2795 451 2852 Os
484 2811 548 2850 ae
571 2809 768 2849 nomen
794 2793 955 2849 habet
985 2794 1064 2849 sic
1089 2795 1219 2850 urbs
1244 2794 1533 2866 Hispanica
1563 2797 1818 2866 quedam.
2063 2792 2257 2850 Omnia
2282 2794 2643 2865 complebant,
2677 2795 2848 2852 donec
2871 2799 3213 2868 compescuit
3248 2798 3370 2855 altis

371 2886 602 2957 ipseque
636 2900 787 2940 more
823 2898 922 2939 suo
953 2898 1167 2938 rursum
1192 2883 1499 2941 Saxonibus
1523 2900 1678 2941 arma
2064 2885 2223 2941 Albia
2257 2886 2563 2959 gurgitibus
2588 2888 2883 2957 procedere
2908 2887 3124 2960 longius
3149 2905 3322 2945 arma.

372 2975 577 3040 Intulit,
605 2974 866 3028 auderent
888 2972 1053 3028 duras
1080 2989 1148 3029 ne
1178 2971 1317 3029 forte
1351 2974 1530 3029 levare
1886 3008 1889 3011 ι
2064 2980 2136 3036 At
2160 2979 2539 3051 Northalbingi
2566 2981 2763 3037 missos
2782 2981 2982 3052 inpune
3006 2991 3327 3054 peremptos

374 3064 628 3120 Cervices
656 3063 874 3129 iterum,
905 3078 1135 3132 quorum
1158 3072 1464 3120 vastaverat
1490 3081 1681 3124 omnes
1990 3082 2038 3147 ρ
2068 3070 2114 3124 Α
2147 3085 2206 3125 se
2231 3078 2519 3125 cernentes
2549 3069 2730 3127 Caroli
2774 3100 2843 3111 --
2871 3087 2999 3127 nam
3020 3073 3184 3146 regia
3208 3082 3380 3130 castra

375 3154 662 3210 Extremas
690 3156 854 3209 etiam
883 3155 1037 3219 lines,
1070 3171 1206 3225 quos
1228 3155 1386 3212 Albia
1415 3159 1638 3225 claudit,
2069 3160 2222 3216 Haud
2245 3160 2579 3215 traiecerunt
2603 3159 2826 3217 ﬂuvium
2855 3165 3308 3234 —-superaddere
3333 3179 3535 3236 magnos

373 3247 444 3304 Et
477 3262 585 3319 qua
608 3247 801 3303 dili‘uso
823 3249 1054 3303 miscent
1080 3264 1140 3305 se
1166 3251 1381 3322 gurgite
1405 3253 1564 3308 salsis
2067 3251 2370 3323 Disponunt
2391 3266 2576 3319 ausus,
2607 3252 2902 3311 Abodritos
2922 3256 3184 3326 denique,
3210 3258 3428 3315 Francis

374 3340 655 3396 Fluctibus
688 3341 877 3396 oceani
900 3340 1151 3397 Wisurae
1170 3343 1454 3413 praeclara
1487 3342 1710 3399 ﬂuenta.
2067 3341 2171 3409 Qui
2203 3352 2332 3398 tunc
2355 3343 2581 3400 subiecti
2611 3343 2832 3401 fuerant
2857 3360 2922 3403 ac
2956 3346 3185 3404 foedere
3218 3349 3399 3416 iuncti,

372 3435 618 3503 Cumque
654 3435 855 3489 rediret
885 3434 1234 3505 Aquisgrani,
1265 3436 1491 3491 devotus
1518 3437 1686 3491 adivit
2068 3433 2287 3489 Nisibus
2312 3449 2382 3489 ex
2413 3436 2544 3491 totis
2564 3450 2790 3507 coepere
2808 3437 3082 3495 lacescere
3105 3439 3275 3497 bello.

373 3526 541 3597 Regis
568 3526 867 3596 Abinmage
889 3526 1201 3581 Maurorum
1233 3526 1377 3581 iilius
1407 3528 1580 3592 illum,
2067 3526 2169 3580 Ast
2194 3526 2300 3582 illis
2326 3527 2715 3584 Abodritorum
2743 3530 2851 3585 dux
2874 3533 3093 3587 nomine
3120 3533 3355 3600 Thasco,

371 3619 596 3674 Abdelle
616 3620 705 3672 cui
734 3632 930 3671 nomen
959 3625 1096 3682 erat,
1127 3633 1288 3687 quem
1323 3635 1420 3674 rex
1449 3621 1522 3675 ibi
1553 3622 1793 3678 clemens
2067 3616 2360 3689 Comperto
2389 3619 2481 3673 tali
2504 3628 2674 3688 motu,
2701 3622 2825 3677 tulit
2852 3623 3011 3679 obvia
3035 3625 3217 3697 signa,

374 3707 509 3763 Cum
527 3704 873 3774 suscepisset,
901 3706 1198 3779 collegerat
1235 3708 1360 3764 inde
1391 3721 1673 3778 senatum,
2067 3704 2439 3779 Consertaque
2470 3708 2590 3765 1000
2614 3725 2813 3783 pugna.
2838 3728 3000 3784 quem
3030 3713 3309 3773 Suentana
3330 3717 3516 3783 dicunt,

376 3796 443 3850 Et
464 3811 573 3867 quo
594 3796 891 3851 conficeret
927 3797 1145 3851 tandem
1179 3796 1448 3853 Saxonica
1474 3801 1613 3856 bella
1775 3832 1782 3839 ο
2068 3796 2339 3864 Quattuor
2372 3801 2585 3857 hostilis
2611 3807 2907 3873 prostravit
2927 3806 3073 3862 milia
3105 3820 3317 3877 coetus,

375 3888 672 3945 Consilium
702 3886 946 3957 prudens
972 3887 1112 3954 iniit,
1148 3903 1255 3958 quo
1287 3898 1529 3960 tempore
1556 3901 1666 3949 toto
2067 3892 2146 3947 Ac
2182 3893 2356 3950 victos
2382 3893 2509 3950 fecit
2530 3896 2694 3951 nimia
2716 3913 2840 3953 cum
2862 3900 3015 3957 clade
3044 3906 3269 3959 reverti.

374 3980 632 4036 instantis
660 3980 886 4034 brumae
910 3967 1130 4050 regione
1166 3992 1409 4039 maneret
1437 3984 1489 4037 in
1522 3984 1659 4054 ipsa.
2067 3985 2311 4056 Cumque
2337 4004 2617 4060 regressus
2642 3991 2966 4064 Aquisgrani
2989 4011 3086 4051 rex
3108 4007 3259 4053 esset
3295 3999 3347 4054 in
3368 3997 3499 4064 aula,

375 4069 521 4139 Ergo
545 4084 644 4123 suo
670 4084 855 4123 secum
883 4070 1143 4125 comitatu
1176 4072 1422 4140 protinus
1444 4075 1591 4129 omni
2068 4075 2534 4151 Constantinopoli
2563 4084 2762 4139 missos
2788 4088 3024 4158 suscepit
3046 4090 3114 4145 ab
3135 4093 3274 4149 urbe

374 4163 687 4229 Assumpzo,
715 4158 969 4214 Wisurae
996 4162 1186 4230 positis
1208 4162 1262 4216 in
1289 4162 1446 4219 litore
1466 4166 1663 4221 castris
2071 4163 2320 4237 Legatos,
2347 4169 2587 4241 Augusta
2617 4174 2730 4229 suis
2755 4191 2854 4245 pro
2879 4177 3041 4232 rebus
3067 4180 3135 4234 ad
3160 4181 3341 4252 ipsum

377 4250 550 4318 Sedit,
584 4248 968 4321 lieristellique
992 4251 1169 4308 locum
1191 4253 1350 4309 iussit
1374 4255 1619 4323 vocitari,
2068 4254 2215 4322 Quos
2235 4258 2385 4313 misit
2405 4260 2636 4327 Hcrena,
2668 4278 2859 4333 preces
2882 4281 2948 4322 ac
2971 4268 3110 4323 dona
3136 4248 3375 4328 ferentes

374 4341 648 4398 Hactenus
672 4343 775 4397 hoc
797 4350 853 4397 et
889 4344 1050 4399 habet
1094 4360 1310 4411 nomen,
1338 4355 1644 4420 terramque
1671 4365 1766 4420 per
1793 4351 1966 4422 ipsam
2069 4344 2203 4400 Nam
2229 4346 2617 4406 CODSlanlinuS
2644 4351 2819 4409 fuerat
2842 4356 2934 4425 (Ιυί
2957 4365 3115 4413 natus
3135 4361 3209 4417 ab
3229 4361 3335 4426 illa,

373 4432 647 4488 Adductos
677 4447 859 4487 secum
890 4433 1118 4522 populos
1142 4435 1420 4503 diviserat,
1445 4449 1607 4509 atque
1998 4436 2046 4497 D
2071 4436 2203 4493 Cum
2227 4439 2367 4494 foret
2400 4440 2642 4511 inmensa
2673 4460 2882 4502 morum
2911 4450 3092 4518 gravis
3113 4451 3468 4522 improbitate,

373 4523 658 4593 indigenas
676 4523 804 4578 licet
823 4516 1024 4580 invitos
1045 4525 1176 4580 dare
1194 4529 1454 4599 compulit
1482 4531 1614 4601 ipsis
2069 4534 2113 4588 A
2150 4535 2338 4592 Grecis
2358 4540 2507 4608 regni
2537 4540 2780 4597 deiectus
2812 4516 3066 4611 ettlmine,
3097 4516 3325 4619 magnas

373 4614 643 4671 Hibernas
664 4617 821 4672 sedes
843 4617 1004 4672 simul
1029 4626 1084 4673 et
1115 4620 1383 4689 stipendia
1410 4623 1640 4679 cunctis.
2067 4624 2350 4696 Nequitiae
2370 4629 2594 4686 dederat
2612 4632 2855 4700 privatus
2877 4633 3079 4693 lumine
3100 4614 3320 4705 poenas.

375 4706 491 4759 iluc
518 4719 583 4759 ex
610 4705 762 4760 italia
790 4708 938 4762 venit
961 4708 1219 4779 Pippinus
1246 4712 1315 4766 ad
1358 4712 1567 4782 ipsum;
2069 4717 2220 4773 Unus
2241 4730 2361 4775 erat
2382 4722 2579 4778 missus
2607 4723 2857 4791 Michael,
2888 4704 2945 4782 et
2976 4704 3247 4797 presbiter
3270 4728 3402 4783 alter

376 4796 629 4889 ilispanis
649 4799 813 4852 etiam
845 4799 1058 4856 rediens
1080 4802 1428 4860 Hludowicus
1453 4807 1522 4861 ab
1550 4808 1718 4863 horis.
2067 4808 2413 4880 Theophilus,
2444 4814 2641 4882 quibus
2671 4824 2757 4871 est
2795 4796 3014 4873 tandem
3060 4820 3402 4889 poscentibus
3440 4823 3610 4876 actum:

376 4887 657 4942 llunorum
689 4903 902 4958 quoque
922 4889 1104 4959 legati,
1134 4908 1233 4949 nec
1260 4911 1364 4950 non
1395 4896 1706 4965 Hadel'onsi,
2070 4898 2141 4954 Ut
2164 4915 2357 4972 magna
2386 4904 2529 4974 regis
2547 4906 2748 4976 pietate
2779 4887 3074 4976 Sisinnius,
3094 4911 3228 4967 olim

375 4978 628 5033 Asturiae
650 4979 810 5049 regis,
844 4995 1007 5048 quam
1037 4983 1278 5039 maxima
1306 4987 1447 5043 dona
1476 4988 1741 5057 ferentes,
1798 4976 1811 4985 ’
2064 4991 2127 5046 In
2152 4991 2293 5048 bello
2321 5003 2530 5065 captus,
2555 4997 2787 5067 patriam
2815 5000 3071 5057 dimissus
3092 5003 3289 5059 abiret.

378 5070 456 5127 Ex
492 5078 601 5125 tam
632 5069 937 5142 longinquis
961 5072 1214 5130 Carolum
1242 5079 1403 5134 terris
1432 5081 1701 5138 adierunt.
2073 5083 2126 5139 ls
2150 5100 2441 5158 germanus
2462 5098 2582 5144 erat
2602 5090 2845 5160 praelate
2868 5094 3131 5163 praesulis
3151 5096 3319 5161 urbis,

376 5166 515 5222 Hinc
538 5172 623 5220 est
644 5165 698 5220 in
726 5180 950 5237 regnum
988 5168 1264 5237 proprium
1285 5170 1541 5229 dimissus
1560 5183 1787 5246 uterque
2068 5177 2185 5245 Que
2206 5188 2369 5250 caput
2394 5181 2607 5253 imperii
2629 5182 2927 5241 Grecorum
2965 5188 3146 5244 nobile
3166 5188 3351 5259 fulget.

373 5256 593 5351 ltegalis
620 5265 819 5351 natus:
849 5256 1000 5312 misit
1026 5273 1239 5351 quoque
1262 5275 1385 5351 cum
1406 5261 1724 5320 Hiudowico
2068 5271 2166 5327 His
2190 5288 2406 5343 quoque
2430 5275 2686 5343 dimissis,
2710 5276 2999 5334 Hadel‘onsi
3025 5280 3170 5351 regis
3193 5256 3269 5336 ab,
3288 5278 3430 5335 horis

371 5346 506 5445 Abii.
526 5346 798 5445 llam,-qui
831 5347 1224 5445 post._patriam
1262 5349 1556 5445 deductus,
1590 5361 1646 5408 et
1682 5354 1786 5409 illis
2064 5361 2319 5432 Hispanis
2340 5378 2537 5421 venere
2565 5367 2687 5435 viri,
2720 5369 2813 5439 qui
2846 5386 3069 5426 munera
3090 5346 3283 5445 magno

373 5434 464 5489 Est
494 5437 840 5505 commissus,
870 5440 939 5494 ad
969 5440 1073 5494 hoc
1098 5450 1234 5511 quos
1261 5449 1391 5497 tunc
1415 5442 1653 5514 elegerat
1686 5444 1818 5515 ipse,
2064 5451 2371 5510 Attulerant
2399 5455 2609 5522 Carolo,
2642 5434 2965 5517 renovantes
2992 5434 3421 5525 foednsvavitum,

374 5526 441 5622 ξι
463 5543 690 5596 quorum
717 5531 837 5622 fidei
866 5547 926 5588 se
947 5535 1169 5590 credere
1193 5550 1298 5590 non
1322 5534 1606 5591 dubitavit.
2067 5544 2295 5617 Semper
2316 5548 2552 5604 amicitia
2580 5564 2734 5622 reges
2762 5553 2906 5622 quod
2933 5553 3185 5612 iunxerat
3210 5554 3375 5622 ipsos;

375 5615 490 5672 Rex
519 5625 696 5674 autem
725 5621 966 5680 residens
994 5625 1048 5680 in
1073 5624 1349 5685 Saxonum
1387 5627 1624 5699 regione,
2065 5615 2256 5710 Magna
2289 5638 2488 5710 quibus
2521 5615 2741 5699 dederat
2770 5615 3033 5717 susceptis
3068 5646 3204 5702 dona
3230 5615 3462 5714 benigne,
