3880 6170
278 336 390 397 ’113

286 448 359 503 .ic
382 445 616 517 patriam
642 444 736 499 tali
770 442 940 500 laetos
967 444 1172 502 dimisit
1192 445 1419 501 honore.

281 537 461 594 inside
488 537 670 591 invase
689 534 939 590 Baleares
966 550 1087 591 esse
1126 534 1374 591 feruntur

285 631 400 686 Hoc
425 643 590 693 anno,
622 642 850 698 quarum
877 626 1129 683 Maiorica
1152 627 1348 683 dicitur
1381 640 1509 692 una,

283 719 472 776 Altera
497 734 693 775 nomen
710 719 875 773 habet
897 734 1142 775 sermone
1172 718 1428 774 Minorica
1449 717 1647 790 prisco.

284 812 397 868 llas
425 813 628 868 etenim
653 810 823 866 Mauri
846 812 1192 866 devastavere
1223 816 1430 881 pyrate.

285 904 356 958 At
386 918 486 959 rex
509 901 752 974 praefata
785 910 991 971 tempus
1019 901 1313 956 celebravit
1337 899 1393 956 in
1419 898 1561 965 aula,

281 992 401 1060 Quo
432 992 584 1049 nasci
608 991 779 1048 voluit
804 991 939 1046 coeli
968 998 1251 1060 terraeque
1272 998 1503 1056 creator,

283 1089 351 1143 Et
374 1102 484 1159 quo
513 1074 663 1142 mors
688 1084 877 1140 mortis
898 1083 998 1139 fuit
1024 1082 1403 1153 infernumque
1431 1079 1751 1144 momordit,

280 1175 541 1233 Reddidit
570 1183 626 1231 et
648 1174 803 1235 nobis
822 1174 990 1228 vitam
1018 1174 1084 1230 de
1108 1179 1285 1227 morte
1311 1184 1625 1244 resurgens.

761 1308 915 1364 Am
951 1307 1078 1363 799.
1101 1305 1297 1361 Indici.
1326 1304 1379 1360 6.

283 1441 328 1499 0
352 1457 518 1513 quam
546 1440 701 1498 triste
725 1436 876 1496 nefas
903 1440 1152 1496 mortalia
1176 1446 1395 1511 pectora
1422 1437 1615 1522 crebro

281 1532 624 1603 Concipiunt,
648 1544 808 1604 quam
832 1531 1111 1602 praecipiti
1138 1546 1437 1585 summersa
1456 1527 1721 1598 profundo

282 1630 590 1699 Nequitiae,
617 1627 746 1681 dum
766 1639 873 1679 non
893 1621 1057 1694 leges,
1092 1638 1199 1678 non
1223 1622 1342 1677 iura
1368 1627 1646 1684 verentur,

282 1722 583 1780 ilorriﬁcos
606 1719 836 1774 nimium
859 1715 1005 1772 caeci
1032 1715 1289 1769 inbuuntur
1316 1714 1371 1768 in
1392 1721 1566 1768 actus.

283 1815 463 1871 Testis
491 1810 583 1868 hic
612 1814 694 1866 est
714 1823 907 1875 annus,
931 1822 1039 1877 quo
1067 1821 1158 1862 res
1179 1804 1396 1876 indigna
1424 1804 1598 1861 relatu

281 1904 525 1962 Crimine
552 1899 871 1955 Romuleam
910 1909 1077 1953 saevo
1098 1895 1462 1951 maculaverat
1485 1894 1697 1949 urbem.

284 1996 418 2051 Nam
454 2007 612 2049 sacer
645 1991 892 2053 antistes,
918 1988 1119 2044 mundo
1146 1984 1471 2041 venerabilis
1494 1983 1665 2047 omni,

282 2086 506 2142 Civibus
530 2099 561 2137 a
581 2081 812 2152 propriis
843 2093 1043 2149 poenas
1068 2076 1180 2133 Leo
1200 2076 1429 2145 sumpsit
1450 2082 1680 2130 atroces.

282 2173 623 2231 Credidimus
657 2175 924 2224 tormenta
954 2166 1171 2237 quidem
1197 2178 1440 2220 cessasse
1484 2164 1716 2234 piorum,

282 2264 598 2323 iamdudum
620 2259 799 2317 saevis
823 2257 1117 2313 tortoribus
1140 2257 1264 2328 igne
1303 2255 1547 2327 gehenne

282 2356 581 2419 Damnatis,
618 2362 756 2424 quos
788 2352 1000 2422 imperii
1031 2350 1158 2405 dum
1193 2356 1404 2419 sceptra
1440 2355 1684 2404 tenentes

279 2450 506 2506 Fecerat
525 2446 697 2502 elatos
722 2444 966 2499 inmensa
988 2442 1228 2512 potentia
1251 2440 1401 2496 secli.

281 2538 609 2610 Martyribus
643 2533 783 2591 cesis
814 2530 1104 2603 implerunt
1138 2530 1397 2608 sanguine
1423 2527 1651 2583 Romam
1736 2596 1739 2601 η

282 2628 437 2684 Nunc
465 2626 520 2681 in
548 2639 681 2695 pace
708 2622 831 2677 novi
870 2620 1154 2676 sceleratis
1182 2618 1402 2673 ausibus
1425 2616 1533 2672 orti
1564 2626 1590 2655 ι

280 2716 579 2776 Carniﬁces
600 2713 818 2777 ibidem,
842 2711 1001 2782 longe
1021 2709 1147 2765 licet
1171 2708 1457 2764 inferiores

282 2811 404 2868 lure
428 2806 729 2879 potestatis,
756 2803 919 2860 simili
944 2802 1037 2857 sed
1058 2808 1238 2855 mente
1261 2799 1496 2855 feroces.

285 2899 643 2972 Temporibus
669 2905 876 2953 tantum
906 2895 1082 2951 scelus
1111 2893 1377 2948 admisere
1403 2888 1696 2956 modernis,

282 2996 490 3052 indicto
519 3007 644 3060 cum
673 2989 899 3055 iustitio,
922 3003 981 3043 se
1004 2987 1217 3058 publica
1247 2993 1369 3041 vota

284 3081 414 3139 Cum
428 3080 681 3152 precibus
698 3075 910 3131 solvens
942 3073 1093 3145 plebs
1118 3072 1385 3143 castigare
1412 3069 1585 3126 fidelis

285 3173 533 3235 Deberet,
563 3170 874 3241 pariterque
898 3180 1025 3220 suos
1048 3179 1279 3236 purgare
1302 3171 1505 3219 reatus.

287 3264 421 3319 Tum
442 3262 721 3318 celebrare
748 3254 934 3311 volens
959 3253 1163 3317 Christi
1197 3256 1454 3326 mysteria
1479 3253 1689 3310 cunctis

287 3354 390 3409 Pro
419 3351 525 3409 sibi
547 3348 869 3414 commissis,
894 3346 1175 3417 sollempni
1204 3359 1355 3401 more
1377 3345 1631 3401 sacerdos

287 3447 487 3503 Vectus
522 3457 681 3512 equo,
711 3437 1068 3496 Lateranensi
1096 3436 1359 3507 processit
1388 3436 1456 3489 ab
1481 3435 1623 3500 aula,

286 3536 366 3591 Ad
394 3544 486 3588 tua
520 3531 778 3587 Laurenti
800 3541 1034 3600 pergens
1055 3541 1211 3581 sacra
1233 3525 1420 3580 limina
1447 3533 1669 3595 martyr,

288 3627 402 3694 Qua
425 3625 590 3679 decus
624 3620 884 3677 ecclesiae
905 3618 1077 3673 lectus
1106 3618 1266 3672 modo
1300 3614 1512 3671 ferreus
1540 3622 1719 3686 auget,

291 3716 518 3775 Virtutis
540 3713 869 3769 munimenta
891 3718 1015 3765 tuae
1039 3707 1336 3764 clarissima
1371 3709 1653 3778 praebens,

285 3807 442 3877 Quod
467 3801 917 3878 superinpositae
941 3799 1131 3871 prunis
1169 3798 1555 3867 contempseris
1587 3796 1757 3867 ignes,

283 3896 544 3969 Corporis
571 3893 859 3949 ardescens
878 3886 1083 3946 Christi
1109 3889 1279 3960 magis
1301 3886 1445 3944 intus
1481 3903 1685 3944 arnore.
1724 3904 1735 3915 ε

287 3988 397 4044 Sed
425 3998 603 4055 neque
629 3981 737 4037 tale
763 3989 916 4036 tuum
944 3978 1196 4035 meritum
1225 3977 1415 4033 sedare
1443 3974 1652 4033 furores

290 4079 525 4137 Hostiles
551 4074 747 4147 potuit,
776 4073 910 4145 quin
934 4072 1002 4127 ad
1029 4079 1121 4127 tua
1149 4071 1275 4128 dum
1308 4078 1621 4142 properaret

287 4170 530 4226 Antistes
555 4179 801 4222 summus
823 4160 1074 4234 suﬂ‘ragia
1095 4169 1277 4217 sancta
1297 4161 1547 4231 petenda,

288 4258 522 4315 insidias
548 4256 628 4311 illi
652 4253 814 4311 simul
840 4259 898 4309 et
923 4258 1191 4308 tormenta
1213 4258 1489 4320 pararent.

289 4352 427 4407 Cum
447 4347 711 4405 celeraret
736 4346 860 4410 iter,
888 4345 1049 4399 turba
1082 4343 1311 4397 vallatus
1340 4341 1543 4411 iniqua,

291 4440 663 4509 Crudelesque
686 4451 880 4492 manus
900 4435 1157 4499 tolerans,
1182 4433 1438 4488 amiserat
1461 4432 1634 4505 ipsum

291 4534 516 4591 Eﬂ’ossis
538 4531 711 4589 oculis
739 4531 940 4595 lumen,
972 4528 1209 4599 linguam
1228 4540 1442 4597 quoque
1463 4533 1634 4581 tortor

292 4627 585 4692 Praecidit,
606 4623 916 4692 nudumque
936 4620 1129 4677 dehinc
1153 4620 1359 4691 liquere
1392 4620 1657 4673 iacentem

292 4717 744 4783 Seminecemque
770 4710 922 4777 foris,
947 4710 1217 4766 foedatum
1246 4708 1505 4780 sanguine
1536 4707 1724 4770 multo,

289 4807 461 4876 Inque
486 4802 870 4859 monasterium
892 4802 1149 4871 posthaec
1173 4799 1435 4854 deductus
1458 4796 1702 4851 Herasmi

291 4895 551 4968 Martyris
572 4924 642 4935 —
665 4903 914 4949 auctores
935 4891 1062 4947 facti
1084 4892 1167 4947 sic
1189 4905 1381 4960 nempe
1417 4890 1673 4945 iubebant
1692 4916 1762 4928 -ο

291 4985 535 5043 Curandi
564 4983 746 5055 specie
766 4981 944 5038 fuerat
968 4988 1216 5037 senatus
1242 4981 1297 5035 in
1318 4980 1454 5051 ipso.

292 5077 481 5131 Donec
506 5087 838 5145 cognoscens
866 5071 1139 5143 Wingisus
1164 5071 1193 5110 δ
1217 5086 1305 5125 res
1323 5071 1397 5125 ita
1427 5078 1626 5142 gestas,

293 5168 420 5223 Dux
446 5164 789 5236 Spoletanus,
812 5161 1038 5217 Romam
1066 5161 1294 5217 iestinus
1328 5161 1511 5223 adivit,
1726 5228 1733 5235 .

292 5256 575 5325 Nocteque
599 5251 810 5309 sublato
838 5266 936 5321 per
959 5266 1174 5306 murum
1204 5249 1452 5320 praesule
1479 5263 1655 5314 sacro,

291 5345 358 5402 In
383 5360 480 5401 sua
501 5358 624 5400 cum
651 5341 809 5398 iustis
825 5342 1045 5398 deduxit
1065 5341 1362 5399 honoribus
1380 5340 1571 5412 ipsum.

295 5435 404 5504 Qui
427 5434 722 5489 miserante
755 5432 865 5488 Deo
891 5423 1165 5487 transacto
1184 5440 1429 5503 tempore
1454 5445 1647 5501 pauco,

377 5599 404 5629 ι
457 5585 524 5641 R.
584 5583 727 5640 Orci.
772 5581 1262 5654 lnterpunctionetn
1310 5578 1874 5654 Reineccianamboc

299 5658 427 5713 loco
465 5656 738 5736 vitiosam,
779 5647 975 5736 puncto
1015 5661 1135 5735 post
1180 5650 1401 5706 Romam
1435 5650 1679 5717 sublato,
1708 5647 1879 5705 altero

298 5735 428 5799 post
455 5727 650 5796 [crates
683 5727 877 5792 posito,
900 5727 1135 5778 correxi.

707 5818 970 5878 Parant.
1016 5811 1242 5878 XCIX.

604 332 857 396 ANNAL.
899 331 987 387 DE
1026 330 1276 389 assus
1315 332 1383 385 B.‘
1416 329 1666 387 canon
1708 292 1920 385 mox]
1959 329 2085 383 un.
2132 329 2192 383 γ.
2233 359 2299 366 πη-
2340 327 2496 383 ma
2537 328 2803 383 (unum.
2846 359 2914 367 ——
2946 328 3073 385 Lm.
3120 331 3207 386 ill.
3455 337 3557 396 τυ

1891 456 1935 513 Α
1965 442 2238 498 Amissum
2265 442 2456 513 recipit
2482 443 2654 498 visum
2675 444 2985 516 pariterque
3012 444 3281 513 loquelam
3315 462 3328 501 :

1963 533 2071 589 Seu
2099 535 2225 605 quia
2246 532 2509 589 festinans
2538 542 2714 589 tortor
2743 536 3123 606 trepidansque
3149 536 3417 603 nefandis,

1963 625 2100 679 Dum
2129 633 2513 681 concurrentes
2540 626 2731 681 metuit
2750 640 2857 680 non
2885 625 3013 681 talia
3045 627 3233 684 turbas

1962 714 2240 782 Passuras,
2266 716 2360 771 sed
2383 715 2517 771 velle
2539 732 2696 772 suum
2726 715 3013 772 defendere
3042 733 3259 789 papam,

1962 807 2078 862 Non
2103 816 2365 878 quantum
2396 807 2563 863 voluit
2591 810 2830 864 crudelia
2875 809 3016 865 facta
3043 813 3250 884 peregit
3275 831 3289 868 :

1965 896 2105 963 Seu,
2136 897 2279 969 quod
2318 896 2647 954 credendum
2688 898 2863 969 magis
2897 906 3019 967 est,
3065 901 3287 972 antiqua
3328 904 3543 961 redem-

3382 994 3544 1069 [ptor

1960 1078 2067 1135 Per
2090 1079 2345 1135 meritum
2372 1072 2549 1153 magni
2579 1094 2843 1135 renovans
2864 1082 3126 1137 miracula
3152 1081 3323 1153 Petri,

1962 1169 2157 1227 Sanari
2183 1185 2551 1227 successorem
2578 1172 2873 1228 donaverat
2898 1173 3035 1230 eius.

1963 1258 2108 1315 llaec
2128 1258 2424 1330 Winigisus
2440 1268 2499 1314 ut
2521 1261 2587 1315 ad
2607 1259 2788 1316 Caroli
2816 1261 2921 1316 dux
2960 1261 3154 1318 detulit
3181 1255 3362 1333 aures,

1962 1348 2283 1405 Admonitus
2310 1350 2577 1419 probitate
2602 1350 2706 1407 viri
2729 1366 3046 1423 summeque
3080 1354 3305 1412 colendo

1964 1439 2163 1496 Ordine
2184 1440 2326 1496 sedis
2349 1439 2698 1511 apostolicae,
2728 1457 2824 1497 rex
2849 1442 3025 1509 iussit,
3054 1452 3115 1499 ut
3145 1447 3213 1502 ad
3239 1460 3300 1503 se

1963 1528 2218 1586 Gloriﬁco
2245 1530 2428 1601 presul
2457 1532 2719 1588 deductus
2743 1534 2948 1591 honore
2976 1535 3205 1593 veniret.

1962 1620 2085 1691 Egit
2111 1622 2216 1677 iter
2236 1631 2417 1677 tamen
2444 1623 2557 1694 ipse
2581 1640 2758 1692 suum,
2779 1624 3022 1683 decrevit
3041 1635 3101 1683 ut
3119 1637 3263 1695 ante,

1966 1708 2240 1767 Saxonum
2261 1720 2434 1770 terras
2458 1715 2663 1781 adiens,
2696 1716 3002 1788 ibidemque
3029 1718 3223 1776 locatis

1895 1818 1940 1879 Β
1963 1798 2047 1856 Ad
2074 1801 2502 1859 Padarbrunnon
2537 1815 2559 1844 α
2594 1804 2763 1861 multo
2784 1821 2907 1862 cum
2932 1808 3102 1865 milite
3122 1810 3336 1877 castris,

1966 1889 2353 1961 Opperiebatur
2391 1909 2497 1949 non
2538 1908 2705 1965 parvo
2729 1903 2971 1968 tempore
3000 1901 3195 1955 summi

1964 1982 2237 2040 Praesuiis
2257 1986 2565 2042 adventum.
2589 1987 2814 2057 Carolus
2835 2004 3069 2060 quoque,
3092 1992 3240 2063 regia
3265 1990 3443 2066 proles
3457 2034 3473 2060 ,

1961 2073 2008 2129 Δ
2035 2084 2189 2145 patre
2220 2077 2417 2132 missus
2438 2077 2506 2132 ad
2532 2078 2773 2133 eiusdem
2792 2081 3024 2136 confinia
3055 2083 3250 2153 gentis,

1962 2165 2210 2222 Perrexit
2248 2166 2357 2223 lato
2381 2184 2485 2238 qua
2537 2167 2753 2238 proﬂuit
2789 2170 2947 2225 Albia
2995 2188 3181 2236 cursu,

1964 2258 2305 2328 Disponenda
2330 2258 2509 2317 forent
2536 2261 2664 2318 dum
2694 2261 2833 2318 forte
2858 2266 3075 2338 negotia
3103 2254 3389 2337 quaedam—

1964 2350 2099 2408 Cum
2133 2350 2315 2407 Wiitis
2336 2360 2391 2408 et
2425 2352 2720 2422 Abodritis,
2740 2370 2805 2410 ac
2839 2352 3163 2426 suscipiendi

1966 2441 2209 2499 Saxones
2222 2442 2405 2514 aliqui,
2422 2446 2512 2517 qui
2541 2462 2599 2502 se
2625 2448 2689 2503 de
2712 2449 2955 2519 partibus
2985 2448 3092 2504 illis
3218 2448 3219 2451 “

1963 2535 2077 2591 iam
2098 2536 2410 2608 delegerunt
2434 2537 2558 2593 fidei
2579 2541 2919 2596 committere
2946 2542 3108 2614 regis.

1967 2624 2111 2682 llaec
2139 2627 2270 2683 satis
2293 2629 2506 2700 egregie
2533 2645 2796 2702 peragens
2820 2630 2948 2687 dum
2979 2638 3192 2696 cuncta,
3219 2640 3461 2693 moratus

1966 2712 2151 2770 iunior
2172 2726 2317 2773 esset
2345 2717 2400 2771 in
2426 2717 2513 2773 bis
2536 2716 2783 2786 Carolus,
2810 2727 3122 2791 spectatque
3144 2734 3419 2778 reversum

1967 2804 2105 2862 Dum
2136 2806 2317 2863 videat
2346 2816 2532 2864 natum
2571 2811 2747 2881 patrio
2774 2827 2868 2865 rex
2902 2827 3131 2883 magnus
3158 2828 3363 2877 amore,

1968 2895 2129 2953 Venit
2148 2898 2494 2968 apostolicus,
2534 2907 2802 2955 terrarum
2822 2916 2993 2972 poene
3022 2918 3302 2975 supremas

1968 2983 2081 3040 iam
2099 2995 2390 3057 penetrans
2417 2990 2599 3045 horas.
2624 2990 2702 3044 illi
2726 2992 2811 3047 via
2845 3001 2991 3047 tanta
3013 3002 3232 3065 peracta

1970 3073 2096 3129 Visa
2117 3074 2295 3130 brevis
2321 3074 2521 3141 fuerat,
2545 3079 2670 3149 quia
2703 3092 3147 3151 (ompensaverat
3174 3099 3363 3140 omnes
3394 3080 3399 3085 ’

1891 3166 1939 3228 C
1967 3161 2167 3219 intuitu
2193 3164 2371 3220 Caroli
2400 3181 2537 3238 quos
2560 3168 2782 3237 pertulit
2804 3180 2930 3227 ante
2957 3173 3189 3236 labores,

1967 3252 2014 3308 Α
2047 3270 2156 3325 quo
2183 3264 2501 3312 cunctorum
2528 3258 2789 3314 solamina
2818 3261 2977 3333 digna
3002 3264 3267 3320 malorum

1971 3343 2153 3400 Danda
2174 3345 2279 3402 sibi
2311 3347 2509 3403 merito
2534 3362 2629 3418 spe
2654 3358 2803 3405 certa
2829 3351 3061 3406 credidit
3084 3352 3234 3407 olim.

1967 3433 2210 3508 Namque
2229 3440 2680 3511 propinquantem
2707 3459 2830 3498 eum
2852 3445 3085 3516 primum
3104 3454 3349 3514 noverat,
3371 3447 3446 3504 illi

1968 3526 2172 3583 Obvius
2194 3527 2311 3598 ipse
2330 3529 2449 3585 loco
2472 3530 2539 3585 de
2564 3540 2863 3588 castrorum
2892 3544 3192 3591 memorato

1970 3620 2213 3692 Stipatus
2247 3623 2432 3678 multis
2461 3623 2776 3694 populorum
2800 3627 3019 3683 milibus
3046 3625 3176 3684 ibat.

1968 3714 2394 3786 Pontificemque
2436 3716 2610 3771 vicem
2649 3717 2826 3784 Petri,
2870 3718 2956 3774 cui
2999 3719 3253 3776 claudere
3301 3721 3480 3777 coelos

1967 3802 2035 3857 Et
2057 3818 2301 3859 reserare
2322 3804 2449 3859 licet
2480 3805 2665 3871 verbo,
2689 3807 2977 3878 sedemque
2999 3817 3270 3866 tenentem

1970 3891 2217 3964 Suscepit
2242 3911 2368 3951 cum
2390 3894 2678 3969 magniﬁco
2703 3908 3015 3955 reverenter
3040 3900 3267 3955 honore.

1968 3984 2211 4057 Cumque
2234 3988 2352 4043 dies
2378 3988 2584 4060 aliquot
2615 3989 2790 4046 laetos
2819 3991 2893 4046 ibi
2920 3991 3168 4059 duceret,
3195 3995 3337 4051 idem

1967 4074 2250 4133 insinuans
2273 4078 2493 4149 praesul
2515 4095 2612 4135 sua
2638 4096 2883 4151 quaeque
2911 4084 3127 4154 negotia
3150 4083 3285 4159 regi,

1969 4163 2114 4218 illius
2134 4164 2347 4220 facilem
2380 4168 2633 4239 cognovit
2660 4169 2727 4223 ad
2754 4171 2935 4226 omnia
2960 4177 3197 4225 mentem

1970 4253 2346 4322 Coneedcnda,
2375 4257 2465 4326 pie
2501 4258 2671 4313 voluit
2714 4275 3064 4329 quaecumque
3107 4261 3353 4329 praecari

1967 4345 2098 4401 inde
2117 4346 2480 4400 reducendum
2502 4348 2659 4418 digne
2680 4350 3011 4419 primoribus
3033 4348 3181 4405 illum

1971 4434 2303 4491 Francorum
2323 4440 2747 4503 commendavit,
2773 4442 2865 4512 qui
2897 4443 3038 4497 iussa
3075 4443 3344 4513 replentes

1900 4506 1955 4567 Ῑ)
1976 4523 2207 4596 ingrcssi
2228 4528 2431 4597 pariter
2450 4528 2678 4584 Romam
2708 4506 2808 4587 sua
2827 4506 3182 4589 restituerunt

1976 4614 2168 4672 Omnia
2187 4618 2427 4686 pontifici
2453 4634 2690 4687 rursum,
2714 4636 2822 4692 quo
2846 4623 2963 4678 iura
2991 4626 3259 4695 regendae

1979 4705 2138 4764 Sedis
2150 4708 2474 4778 apostolicae
2496 4712 2774 4782 iustosque
2795 4720 3005 4769 teneret
3019 4715 3273 4771 honores.

1979 4801 2045 4854 Et
2070 4808 2192 4870 post
2218 4802 2511 4856 discessum
2542 4817 2711 4873 papae
2740 4819 2839 4860 re:
2874 4804 3029 4859 duxit
3056 4806 3248 4861 eodem

1981 4888 2243 4959 Tempora
2273 4904 2441 4960 pauca
2464 4891 2602 4954 loco,
2632 4892 2810 4947 subito
2834 4907 2958 4948 cum
2985 4894 3159 4950 tristis
3181 4895 3249 4952 ad
3276 4895 3426 4953 illum

1977 4979 2219 5035 Nuncius
2238 4981 2516 5036 interitum
2543 4994 2828 5052 procermu
2850 4991 3191 5055 mortemque
3222 4986 3451 5045 duorum

1979 5070 2196 5137 Detulit,
2220 5072 2453 5143 insignes
2474 5071 2603 5128 fecit
2628 5090 2764 5144 quos
2783 5075 3031 5131 maxima
3043 5077 3237 5133 virtus.

1980 5160 2137 5216 Unus
2163 5170 2283 5217 erat
2310 5162 2595 5217 Baioariae
2615 5176 2817 5229 comes,
2847 5163 3001 5235 isque
3032 5176 3256 5222 vocatus

1977 5250 2262 5317 Geroldus,
2287 5251 2379 5322 qui
2405 5266 2527 5307 cum
2554 5252 2811 5324 populum
2829 5252 3117 5308 defendere
3140 5252 3341 5310 Christi

1983 5343 2243 5410 Conauis,
2268 5343 2408 5400 bello
2426 5346 2607 5401 saevis
2625 5345 2914 5402 obsisteret
2942 5344 3134 5409 Hunis,

1983 5433 2185 5491 Fiuivit
2206 5434 2371 5490 vitam
2394 5433 2657 5506 fragilem,
2680 5432 3012 5504 sumpsitque
3031 5446 3345 5503 perennem.

2056 5587 2083 5626 δ
2111 5587 2202 5652 R.,
2226 5585 2541 5657 Winigt'sus.

2056 5668 2078 5697 ε
2114 5658 2203 5725 ιι..
2232 5656 2671 5713 Padarbrunnon.
