3880 6170
380 279 413 335 7
432 282 488 336 l5
1738 270 1912 329 POE'I

2092 265 2327 329 IXONIS
3540 282 3624 340 7l6

377 392 555 449 Italici
579 406 706 445 vero
728 387 902 443 fuerat
928 386 1036 442 dux
1063 385 1251 440 limitis
1276 385 1433 448 alter,
2001 388 2049 445 Α
2079 380 2186 435 Iam
2222 390 2349 436 tunc
2378 379 2711 434 Francorum
2747 378 2975 434 nimium
3009 394 3142 451 gens
3171 382 3326 439 noxia
3348 399 3517 457 regno.

389 485 590 540 Nomen
616 482 819 538 habens
849 476 1093 541 Erichus,
1123 476 1214 547 qui
1240 486 1362 546 post
1398 476 1535 530 bene
1568 474 1796 544 plurima
1824 483 1972 544 gesta
2078 474 2243 542 Inque
2264 472 2610 539 monasterio,
2640 471 2814 527 sancti
2843 488 2951 544 quo
2976 473 3217 529 membra
3253 478 3518 547 quiescunt
3588 546 3591 551 ⁴

375 572 615 638 :Praelia,
644 579 765 643 post
787 570 980 626 crebro
1014 576 1258 639 sumptos
1282 582 1349 623 ex
1379 567 1536 624 hoste
1565 566 1899 635 triumphos,
2079 565 2340 631 Richarii,
2380 552 2675 621 celebravit
2700 581 2870 620 ovans
2892 565 3208 635 sollempnia
3241 570 3481 639 paschae.

388 667 707 737 Oppugnare
725 660 1088 716 Liburnorum
1117 658 1470 715 contenderat
1499 658 1692 713 urbem
2082 655 2321 711 Tramite
2346 663 2458 710 tum
2489 665 2644 725 cepto
2670 670 2969 727 properans
2998 658 3242 726 pervenit
3269 661 3336 716 ad
3367 664 3537 720 urbem

388 754 781 817 Tharsatieam,
813 751 1065 819 civesque
1085 749 1190 805 loci
1215 763 1377 819 quem
1398 749 1593 803 robore
1620 761 1837 819 semper
2081 746 2428 813 Turonicam,
2470 746 2702 805 Martine
2738 755 2887 802 tuam
2917 748 3255 807 sanctissime
3281 754 3527 822 tumbam,

387 840 649 902 Invictum
682 858 898 909 novere,
932 841 1071 897 dolis
1106 856 1171 895 ac
1198 838 1386 895 fraude
1406 847 1694 895 necarunt.
2083 835 2185 902 Qui
2214 834 2492 892 confessor
2519 835 2814 906 apostolica
2836 836 3041 891 virtute
3068 837 3362 896 choruscus

457 935 529 992 At
549 919 796 999 Carolus,
826 940 1087 1003 quantum
1128 938 1338 1001 tempus
1369 930 1692 1001 permiserat
1721 927 1871 993 illud,
2082 930 2337 1003 Ell‘ulges,
2371 932 2504 987 adiit
2529 946 2799 1002 quaerens
2830 930 3087 1004 suffragia
3117 933 3355 1003 supplex.

390 1022 668 1084 Saxonum
698 1026 862 1081 rebus
887 1031 1039 1079 certo
1062 1021 1430 1077 moderamine
1452 1019 1664 1076 cunctis
2082 1021 2338 1095 Coniugis
2362 1024 2452 1080 hic
2479 1023 2628 1079 illum
2663 1023 2837 1080 tristis
2858 1023 3099 1078 valitudo
3126 1024 3328 1079 morari

388 1117 694 1188 Dispositis,
727 1115 781 1169 in
807 1111 1134 1184 Aquisgrani
1173 1126 1229 1166 sc
1251 1110 1477 1166 contulit
1504 1108 1707 1164 aulam.
2081 1112 2350 1185 Compulit
2382 1133 2395 1168 :
2421 1123 2695 1171 extremas
2726 1115 2800 1171 ibi
2828 1114 2975 1170 vitae
3004 1113 3276 1170 clauserat
3298 1115 3472 1183 horas,

390 1210 474 1265 Ad
508 1225 671 1280 quem
701 1207 862 1264 Wido
885 1220 1089 1269 comes,
1122 1202 1209 1259 cui
1249 1203 1564 1257 Brettonum
1593 1199 1842 1272 regiones
2087 1203 2326 1261 Moribus
2351 1214 2405 1259 et
2428 1206 2574 1261 vitae
2603 1205 2800 1261 merito
2830 1203 3119 1280 laudabilis
3147 1207 3318 1273 omni,
3418 1194 3419 1197 “

392 1279 724 1354 Commissae
762 1296 997 1361 fuerant,
1025 1294 1200 1367 gentis
1238 1309 1400 1363 quam
1428 1308 1554 1362 sepe
1593 1290 1809 1346 rebellis
2086 1294 2182 1352 Cui
2218 1312 2415 1352 nomen
2443 1296 2765 1368 Liudgardis
2790 1305 2930 1352 erat,
2964 1279 3101 1351 Tum
3138 1297 3329 1353 funere
3350 1299 3497 1370 digne

396 1390 599 1446 Detulit
630 1404 779 1444 arma
809 1387 1025 1451 ducum,
1072 1385 1293 1455 proprio
1336 1398 1474 1463 quae
1515 1381 1733 1438 nomine
1759 1378 1985 1451 quisque
2088 1385 2200 1441 [llic
2228 1393 2440 1453 curam,
2478 1387 3009 1458 tumulique'decore
3036 1396 3285 1457 ρεωειο,

394 1472 657 1551 Inscripto
680 1480 899 1535 dederat
924 1493 939 1532 :
967 1478 1180 1548 signum
1205 1474 1318 1531 fore
1343 1473 1630 1529 deditionis
2089 1480 2207 1550 Ipse
2235 1481 2632 1552 Mogontiacum
2658 1483 2836 1547 rediit,
2865 1484 3171 1556 primisque
3217 1501 3430 1541 suorum

397 1572 513 1628 Iloc
539 1578 778 1627 statuere
812 1583 962 1634 suae,
991 1567 1220 1623 Francis
1248 1567 1455 1621 servire
1492 1566 1685 1621 coacti.
2092 1570 2339 1641 Undique
2373 1570 2631 1637 collectis,
2660 1572 2735 1628 ibi
2766 1580 3090 1629 conventum
3119 1574 3424 1645 generalem

397 1661 535 1716 Nam
571 1660 733 1716 sociis
769 1675 952 1715 comes
974 1658 1064 1714 ille
1091 1657 1205 1714 suis
1230 1670 1354 1711 cum
1384 1655 1630 1726 pluribus
1655 1655 1825 1726 ipsam
2095 1660 2320 1716 Fecerat
2349 1661 2577 1734 Augusti
2602 1663 2748 1719 circa
2776 1663 3077 1734 primordia
3105 1666 3335 1721 mensis.

396 1751 513 1808 Iloc
538 1767 679 1808 anno
707 1750 924 1822 penitus
953 1735 1155 1803 terram
1182 1746 1511 1801 lustraverat
1535 1760 1773 1810 omnem,
2030 1746 2069 1801 il
2102 1753 2253 1808 Tune
2289 1762 2343 1807 et
2372 1753 2425 1808 in
2450 1754 2660 1811 Italiam
2693 1756 2883 1811 multis
2905 1756 3012 1812 iter
3035 1759 3454 1828 aggrediendum

398 1843 576 1899 Corda
598 1842 834 1897 'domans
860 1839 986 1898 belli
1012 1846 1222 1895 terrore
1248 1836 1451 1895 ferocia
1474 1836 1685 1908 grandi.
1865 1839 1868 1843 ’
2094 1841 2345 1897 Condixit
2379 1842 2610 1914 populis,
2644 1844 2771 1901 illuc
2795 1860 2931 1923 quos
2957 1861 3192 1918 pergere
3217 1863 3399 1904 secum

400 1936 468 1989 Et
494 1934 600 1990 iam
622 1940 884 2005 perpetuo
911 1931 1199 1988 Brettones
1231 1930 1350 1985 iure
1376 1929 1587 1991 subacti
2097 1934 2362 1998 Decrevit,
2392 1935 2540 2005 quod
2559 1935 2844 1992 distulerat
2868 1952 2977 1993 non
3019 1946 3271 2009 tempore
3294 1939 3471 2011 longo;

397 2026 659 2080 Parerent
686 2022 933 2088 Francis,
965 2022 1012 2078 si
1040 2037 1150 2076 non
1182 2020 1453 2091 promissa
1489 2019 1755 2089 fidemque
1934 2068 1941 2075 .
2095 2027 2323 2099 Agmine
2351 2026 2557 2084 delecto
2578 2029 2676 2085 sed
2696 2030 2762 2085 eo
2786 2030 3078 2085 comitante
3105 2030 3405 2100 profectus,

396 2114 612 2170 Perﬁda
637 2112 846 2169 fallacis
871 2119 1174 2168 mutassent
1195 2119 1416 2185 pectora
1440 2109 1634 2181 plebis.
2098 2116 2307 2194 Moenia
2330 2117 2569 2174 famosae
2591 2118 2749 2188 petiit
2783 2118 3067 2189 praeclara
3098 2118 3410 2175 Ravennae.

473 2204 627 2264 Tune
655 2221 871 2277 quoque
896 2203 1253 2276 Sarracenus,
1281 2203 1431 2259 Azan
1457 2201 1775 2273 cognomine
1796 2200 1991 2262 dictus,
2097 2207 2340 2278 Cumque
2365 2208 2480 2264 dies
2504 2216 2650 2264 esset
2683 2217 2891 2280 septem
2921 2224 3030 2264 non
3056 2210 3295 2280 amplius
3322 2210 3443 2276 illic,

403 2300 616 2357 Direxit
643 2297 838 2356 Carolo
858 2300 1039 2355 claves
1066 2298 1152 2354 cui
1180 2296 1416 2368 praefuit
1453 2296 1606 2352 urbis
2097 2298 2385 2370 Pippinum
2418 2315 2600 2371 regem
2627 2301 2804 2369 gentis
2825 2316 2950 2356 cum
2977 2301 3154 2357 milite
3183 2301 3349 2357 multo

402 2391 577 2448 Oscae
600 2421 672 2432 —-
698 2392 779 2447 sic
809 2392 957 2446 illam
985 2390 1243 2447 vocitavit
1271 2389 1504 2444 barbara
1528 2388 1706 2459 lingua
1736 2417 1807 2426 —
2100 2391 2155 2445 In
2186 2390 2597 2446 Beneventanae
2625 2392 2897 2447 direxerat
2920 2392 3117 2463 oppida
3144 2400 3344 2457 terrae,

402 2480 701 2551 Magnaque
737 2478 880 2534 dona
903 2477 1063 2535 simul
1090 2478 1327 2543 mittens,
1360 2478 1503 2533 hanc
1530 2476 1744 2531 tradere
1774 2490 1893 2531 sese
2100 2481 2325 2552 Ipseque
2351 2482 2628 2539 Romanas
2655 2483 2769 2538 ibat
2794 2485 3023 2540 devotus
3045 2483 3115 2539 ad
3143 2499 3323 2541 arces.

404 2571 686 2637 Promisit,
715 2570 762 2625 si
787 2577 1003 2640 tempus
1025 2569 1094 2625 ad
1121 2570 1226 2625 hoc
1258 2569 1597 2639 contingeret
1627 2576 1832 2639 aptum.
2101 2570 2303 2629 Obvius
2330 2574 2459 2629 huic
2488 2574 2556 2631 ad
2582 2573 2911 2639 Nomentum
2936 2573 3048 2631 Leo
3071 2590 3222 2646 papa
3247 2582 3479 2631 sacratus

476 2663 633 2719 Tunc
660 2662 1020 2720 IIierosolima
1046 2664 1345 2718 monachus
1378 2664 1618 2718 directus
1645 2664 1714 2717 ab
1743 2663 1900 2727 urbe,
2104 2664 2358 2728 Venerat,
2395 2670 2451 2717 et
2476 2664 2717 2734 gaudens
2743 2664 2971 2719 multum
2998 2678 3376 2735 veneransque
3400 2664 3594 2734 recepit,

398 2758 656 2815 Inmenso
679 2757 907 2812 nimium
940 2755 1124 2827 spacio
1146 2762 1436 2826 terraeque
1469 2754 1744 2825 marisque
2106 2755 2277 2822 Quem
2317 2754 2658 2811 defensorem
2694 2757 2870 2812 solum
2901 2742 3005 2814 sibi
3025 2767 3285 2813 senserat
3311 2757 3455 2813 olim.

405 2849 763 2912 Transcurso,
792 2847 907 2918 regi
934 2861 1131 2901 munus
1160 2846 1457 2917 preciosius
1483 2845 1633 2901 omni
2103 2847 2366 2904 Dulcibus
2392 2846 2641 2918 alloquiis
2673 2847 2748 2904 ibi
2769 2855 2899 2905 tunc
2922 2848 3211 2920 epulisque
3233 2850 3479 2921 peractis,

406 2937 554 2992 Auro
580 2937 864 3004 detulerat,
894 2936 1145 2992 mittente
1169 2935 1259 3006 pio
1279 2935 1591 3006 patriarcha
2106 2935 2345 2992 Antistes
2374 2952 2620 2993 summus
2640 2952 2821 3010 regem
2841 2940 3143 3009 praecessit
3170 2941 3243 2996 ad
3264 2941 3463 2996 urbem.

406 3028 637 3098 Pignera
663 3036 850 3083 sancta
882 3026 1008 3094 loci,
1042 3027 1290 3085 Christus
1318 3043 1426 3098 quo
1463 3042 1629 3084 carne
1661 3027 1907 3098 sepultus
2031 3081 2071 3102 η
2103 3026 2326 3081 Postera
2353 3042 2586 3098 cumque
2606 3027 2723 3083 dies
2748 3027 3000 3094 celebris,
3037 3026 3347 3101 festivaque
3366 3030 3609 3102 praebens,

413 3118 584 3173 Morte
603 3118 906 3174 resurrexit
934 3118 1096 3184 victa,
1120 3132 1230 3190 quo
1259 3118 1456 3185 gaudia
1480 3118 1683 3173 mundo
2031 3114 2074 3141 ν
2106 3114 2310 3171 Gaudia
2340 3115 2623 3184 Romanis,
2650 3132 2759 3187 qua
2780 3117 3164 3187 suscipiendus
3191 3119 3260 3176 ab
3285 3118 3388 3175 illis

406 3207 645 3279 Angelus
670 3208 807 3264 haec
829 3207 965 3264 caeli
996 3208 1199 3264 missus
1219 3208 1461 3263 narravit
1490 3208 1559 3264 ab
1585 3221 1739 3267 arce.
1934 3252 1935 3259 η
2106 3206 2220 3262 Rex
2248 3215 2432 3263 tantus
2461 3206 2658 3274 fuerat,
2686 3206 2817 3264 solis
2842 3207 3176 3279 fulgesceret
3202 3219 3347 3277 ortu,

408 3300 529 3354 Rex
554 3316 768 3371 quoque
789 3300 1024 3376 natalem
1048 3301 1263 3356 Domini
1289 3300 1584 3356 celebravit
1612 3301 1668 3355 in
1703 3300 1827 3356 aula
2105 3297 2395 3373 Pontifices
2420 3298 2734 3368 elerumqne
2759 3313 2918 3354 suum
2945 3299 3251 3369 collegerat
3286 3314 3490 3357 omnem

406 3391 519 3445 Iam
545 3391 706 3456 dicta,
745 3392 1183 3462 monachumque
1225 3391 1421 3447 dehinc
1446 3406 1693 3447 remeare
1728 3393 1999 3451 volentem
2103 3388 2268 3459 Papa.
2299 3387 2509 3455 Quibus
2538 3404 2722 3445 secum
2750 3391 3001 3460 sumptis,
3028 3391 3098 3447 ad
3122 3390 3317 3447 limina
3340 3404 3544 3461 magnae

406 3482 672 3549 Absolvit,
700 3483 1063 3552 comitemque
1095 3481 1255 3537 simul
1277 3483 1636 3537 coniunxerat
1662 3481 1739 3539 illi
2102 3476 2333 3535 Basilice
2364 3477 2514 3534 Petri
2543 3479 2638 3549 qui
2672 3494 2919 3536 summus
2944 3480 3231 3551 apostolus
3264 3488 3409 3537 extat

410 3575 754 3640 Zachariam,
786 3573 986 3644 regalis
1014 3580 1133 3628 erat
1159 3573 1249 3644 qui
1284 3575 1569 3644 presbyter
1604 3573 1781 3629 aulae.
2105 3569 2285 3635 Venit,
2311 3576 2367 3626 et
2399 3570 2456 3626 in
2479 3571 2736 3641 gradibus
2763 3571 2954 3642 templi
2978 3573 3450 3642 stipante.sacrato

410 3664 517 3719 Per
543 3678 704 3734 quem
731 3678 926 3734 magna
953 3662 1087 3718 locis
1115 3662 1264 3718 misit
1301 3662 1525 3718 donaria
1550 3665 1774 3730 sanctis,
2103 3658 2358 3715 Constitit
2384 3660 2500 3730 ipse
2525 3661 2692 3716 choro
2725 3679 2739 3714 :
2774 3659 3029 3720 Carolum
3061 3661 3145 3718 sic
3186 3662 3543 3719 advenientem

411 3767 436 3794 ι
470 3753 646 3823 Atque
670 3754 802 3809 viris
822 3754 1040 3824 inopem
1068 3753 1239 3809 vitam
1263 3753 1583 3811 ducentibus
1616 3755 1747 3820 illic,
2104 3747 2374 3821 Suscepit,
2402 3750 2622 3807 laudum
2648 3751 3013 3807 modulamina
3047 3752 3233 3809 dulcia
3258 3761 3511 3814 cantans,-

409 3828 487 3896 Εἰ
506 3841 646 3897 mala
683 3842 957 3915 perpessis
976 3843 1162 3899 mundi
1191 3843 1291 3899 sub
1317 3845 1534 3902 nomine
1556 3844 1783 3902 Christi.
2101 3839 2278 3910 Atque
2303 3841 2415 3897 Deo
2449 3851 2631 3913 grates
2664 3856 2734 3897 ex
2763 3848 2878 3898 ιοῑο
2908 3843 3073 3899 corde
3110 3843 3437 3916 rependens.

895 3934 1047 3990 Anno
1075 3934 1200 3991 800.
1232 3933 1430 3990 Ιηάὶει.
1461 3935 1512 3988 7.
2102 3932 2255 4000 Quod
2291 3933 2688 3989 moderatorem
2714 3933 3168 4006 defensoremque
3198 3938 3431 3995 dedisset

408 4026 604 4082 Martia
631 4043 755 4083 cum
786 4027 993 4085 medios
1025 4027 1331 4097 explessent
1358 4037 1600 4099 tempora
1625 4047 1837 4097 cursus,
2102 4025 2377 4083 Ecclesiae
2406 4028 2593 4095 talem.
2622 4029 2710 4084 cui
2737 4044 2844 4085 non
2866 4044 2930 4085 ea
2957 4040 3189 4086 noverat
3216 4042 3369 4091 aetas

404 4114 629 4175 Phebus
652 4127 708 4175 et
741 4119 954 4174 initium
978 4119 1164 4174 mundi
1189 4121 1355 4175 totius
1380 4132 1433 4177 et
1463 4123 1592 4177 anni
2103 4116 2383 4173 Μοτῑθιθω
2412 4119 2668 4185 Similem.
2698 4121 2784 4175 Vel
2812 4121 2892 4176 Sic
2921 4122 3123 4178 νίηαιθ
3151 4126 3444 4190 valentem.

406 4207 611 4266 Arietis
633 4209 862 4265 aetherii
888 4209 1142 4280 gradiens
1161 4210 1214 4264 in
1239 4211 1390 4282 signa
1414 4221 1651 4280 tonaret,
2101 4209 2272 4265 Omne
2293 4211 2495 4266 bonum
2524 4211 2608 4266 vel
2632 4211 2825 4269 devota
2850 4212 2935 4268 sic
2956 4222 3139 4277 mente
3168 4216 3455 4281 volentem.

400 4297 745 4371 Florigerum
767 4300 927 4356 rediit
951 4300 1146 4357 hiemis
1177 4316 1274 4359 ver
1297 4317 1490 4374 aspera
1516 4307 1747 4376 pellens,
2102 4299 2306 4355 Tantus
2332 4301 2526 4367 honor,
2557 4301 2684 4357 talis
2708 4301 3042 4360 Francorum
3067 4304 3241 4375 gloria
3281 4321 3456 4377 regem

402 4386 715 4447 Frondibus
741 4405 1014 4457 exornans
1039 4391 1221 4458 silvas,
1249 4401 1305 4449 et
1330 4404 1485 4465 prata
1512 4397 1709 4453 virenti

400 4481 686 4549 Gramine,
711 4485 846 4541 dans
874 4487 1067 4542 avibus
1093 4501 1272 4552 voces,
1296 4500 1583 4559 augmenta
1611 4493 1820 4557 diebus,

2103 4391 2401 4462 Magnaque
2427 4392 2706 4448 Romanae
2732 4393 3061 4449 comitantur
3096 4396 3294 4466 gaudia
3327 4395 3510 4466 plebis,

2031 4442 2079 4501 Β
2101 4482 2437 4539 Aecclesiam
2461 4481 2608 4538 Petri
2635 4498 2774 4554 puro
2797 4499 2921 4540 cum
2946 4442 3170 4554 pecto‘i'e
3207 4442 3390 4557 magni

402 4570 546 4627 Tum
575 4574 741 4631 decus
764 4577 1040 4647 egregium
1065 4579 1275 4645 mundi,
1302 4580 1393 4635 lux
1416 4581 1563 4638 clara
1588 4586 1834 4641 moderni

2102 4575 2354 4640 latraret,
2383 4572 2522 4630 fusis
2545 4575 2785 4633 lacrimis
2811 4578 3107 4648 humillque
3134 4588 3361 4649 precatu
3464 4576 3469 4582 ”

408 4663 711 4733 Temporis,
737 4680 804 4720 ex
830 4668 952 4722 aula
979 4667 1203 4725 Carolus
1227 4686 1545 4743 progressus
1562 4674 1825 4745 Aquensi,
1888 4716 1889 4721 η

1807 4715 1825 4741 ,
1888 4716 1889 4721 η
2106 4664 2403 4733 Implorans
2429 4666 2567 4721 tanti
2600 4664 2855 4738 suffragia
2883 4679 3071 4724 sancta
3091 4670 3336 4740 patroni.

400 4752 608 4808 Oceani
627 4755 773 4822 litus,
809 4774 1005 4814 nomen
1038 4761 1125 4815 cui
1154 4760 1393 4820 Gallicus
1417 4773 1588 4832 extat,
2105 4755 2213 4808 ίίιη]
2242 4771 2457 4827 quoque
2482 4758 2701 4815 δοιδιίιίί
2730 4760 2977 4831 8130331is
3009 4769 3250 4832 tempore
3279 4775 3521 4818 cresce“

406 4843 719 4912 Lustrabat,
751 4847 1086 4919 classemque
1119 4855 1255 4908 mari
1280 4855 1508 4924 perfecit
1535 4859 1591 4913 in
1620 4859 1762 4932 ipso,

2104 4845 2380 4916 Asperitas
2407 4849 2635 4905 brumae
2667 4852 2886 4907 tandem
2907 4855 3154 4924 cogebat,
3184 4863 3247 4909 ut
3275 4854 3386 4909 illic

408 4932 666 4997 Infestum
685 4938 827 5007 quod
864 4939 1221 5000 Northmamti
1255 4944 1433 5005 fecere
1452 4958 1641 5021 pyrate
1668 4953 1723 5006 δ.

2108 4936 2365 4994 Militibus
2390 4940 2617 4996 hiberna
2642 4942 2799 5012 quies
2829 4953 3013 5014 optata
3037 4946 3282 5001 daretur.

478 5062 505 5121 μ
532 5049 611 5121 ει
635 5050 794 5107 Einh.
827 5054 969 5121 Vita,
994 5071 1046 5111 c.
1073 5057 1166 5113 27.

474 5119 506 5160 ’³
528 5120 742 5192 Pyrale-
763 5119 973 5188 510351.
988 5127 1238 5205 (tl/tmen;
1256 5129 1464 5190 Adamn
1483 5134 1784 5205 Bremensi,
1804 5154 1859 5195 e.
1876 5139 2004 5206 212,

825 5119 973 5188 ossa.
988 5127 1238 5205 eahnten;
1256 5129 1464 5190 Adamn
1483 5134 1784 5205 Bremensi,
1804 5154 1859 5195 e.
1876 5139 2004 5206 212,
2026 5146 2357 5213 αιεοτῃαηηὶ.

449 5233 3640 5275 W

411 5312 814 5403 INCIPIT
873 5318 1378 5399 LIBELLUS
1438 5323 1601 5403 IIII
2479 5332 2855 5415 GESTIS‘
2906 5339 3275 5419 CAROLI
3350 5328 3641 5415 MAGNI

405 5569 565 5673 gesta
591 5574 708 5673 dies
730 5577 912 5644 caelis,
944 5582 1131 5638 eadem
1168 5585 1520 5642 celeberrima
1546 5589 1727 5655 terris,
1806 5569 1811 5570 ί
2100 5591 2229 5649 Post
2256 5593 2597 5666 octingentos
2627 5610 2694 5652 ex
2730 5612 2837 5666 quo
2862 5606 3200 5667 processerat
3226 5614 3415 5659 annos.

416 5656 642 5726 Virginei
680 5676 868 5733 partus
901 5670 1208 5747 Christique
1235 5679 1517 5735 refulscrat
1554 5691 1743 5752 ortus,
2101 5684 2301 5741 Tectus
2323 5687 2536 5743 servilis
2568 5689 2828 5747 Dominus
2856 5690 3123 5747 velamine
3141 5691 3363 5749 formae.

1867 5552 2220 5569 ἡ
