3868 6170
252 319 349 374 717

253 430 317 484 Et
341 428 450 482 iam
477 423 672 480 natalis
695 419 1228 491 tanticumulaverat
1253 431 1468 471 omnem

255 517 549 575 Laeticiam
572 513 747 571 Roma
776 509 952 567 Caroli
988 508 1289 580 praesentia
1322 506 1481 578 regis.

253 611 373 677 ilic,
399 624 525 665 cum
558 605 847 662 missarum
874 618 1029 665 sacro
1052 600 1367 671 sollempnia
1394 599 1499 652 ritu

253 703 560 777 [incipienda
583 698 785 763 forent,
810 712 1059 768 magnam
1095 694 1361 765 processit
1391 692 1443 746 in
1475 691 1676 749 aulam,

256 797 400 867 Quae
427 811 628 865 corpus
655 794 854 853 mundo
884 789 1250 846 venerandum
1286 786 1527 842 continet
1554 781 1701 837 omni

256 890 424 953 Petri,
451 888 541 944 cui
576 886 760 942 claves
785 883 1035 939 Christus
1056 879 1203 936 dedit
1232 880 1347 948 ipse
1379 877 1626 947 polorum
1653 890 1666 940 ;

258 983 385 1038 Eius
420 989 478 1035 et
505 988 633 1033 ante
661 990 844 1032 sacros
871 982 1023 1028 artus
1045 988 1168 1029 cum
1207 978 1389 1025 mente
1416 967 1581 1033 ﬁdeli,

258 1074 454 1130 Effusis
479 1071 755 1144 precibus,
784 1083 905 1124 sese
936 1081 1029 1121 rex
1055 1065 1181 1121 inde
1208 1065 1430 1129 levaret,

256 1172 430 1243 Ipsius
450 1166 711 1237 imposuit
740 1161 904 1234 capiti
928 1159 1042 1217 Leo
1073 1174 1215 1232 papa
1239 1170 1526 1214 coronam.

258 1262 575 1320 Conclamat
598 1257 805 1328 pariter
826 1252 1087 1325 populus,
1118 1265 1273 1307 saera
1306 1253 1563 1320 personat
1588 1243 1747 1299 aedes

259 1352 463 1424 Ingenti
488 1348 678 1413 iubilo,
705 1362 816 1402 vox
840 1338 1014 1399 fertur
1037 1343 1107 1397 ad
1140 1342 1361 1395 aethera
1385 1337 1559 1409 plebis

260 1447 539 1499 Romanae
559 1441 640 1496 sic
677 1434 934 1494 concordi
961 1432 1120 1490 simul
1150 1447 1244 1487 ore
1274 1429 1518 1485 canentis
1553 1444 1566 1480 :

264 1537 507 1605 Augusto
536 1530 730 1589 Carolo
758 1542 974 1597 magno,
1004 1536 1305 1595 pacemque
1334 1519 1546 1583 ferenti,

265 1624 481 1696 Imperii
502 1622 699 1677 merito
729 1617 965 1673 Romani
1000 1620 1213 1684 sceptra
1239 1612 1463 1676 tenenti,

265 1715 464 1777 Gloria,
500 1712 850 1782 prosperitas,
898 1721 1148 1779 regnum,
1184 1719 1315 1774 pax,
1352 1702 1483 1767 vita,
1517 1700 1853 1767 triumphus!

269 1806 394 1860 Post
421 1802 614 1865 laudes
634 1801 800 1871 igitur
822 1798 1015 1862 dictas,
1046 1805 1103 1851 et
1133 1807 1379 1851 summus
1408 1789 1638 1846 eundem

264 1894 490 1951 Praesul
520 1892 785 1956 adoravit,
808 1889 950 1945 sicut
973 1903 1092 1943 mos
1118 1884 1332 1941 debitus
1356 1884 1485 1939 olim

267 1984 616 2056 Principibus
640 1982 739 2037 fuit
768 1980 1027 2051 antiquis,
1058 1994 1122 2039 ac
1147 1977 1366 2034 nomine
1389 1976 1607 2044 dempto

270 2076 511 2140 Patricii,
543 2090 650 2143 quo
668 2073 846 2129 dictus
884 2079 1004 2127 erat
1023 2069 1191 2139 prius,
1224 2066 1349 2123 inde
1378 2065 1559 2122 vocari
1648 2128 1655 2131 I

266 2168 547 2238 Augustus
576 2164 774 2219 meruit
793 2162 935 2233 pius,
976 2158 1191 2230 imperii
1220 2173 1435 2229 quoque
1469 2156 1738 2227 princeps.

268 2257 540 2327 Tempore
576 2268 868 2324 paucorum
898 2259 1021 2322 post
1056 2252 1192 2306 haec
1225 2250 1458 2305 abeunte
1481 2247 1716 2311 dierum,

268 2350 388 2420 Ipse
415 2361 575 2403 suum
595 2344 821 2401 Carolus
844 2349 1197 2414 praeceperat
1226 2348 1353 2396 ante
1380 2338 1619 2394 tribunal

271 2437 428 2503 Duci,
464 2435 832 2504 iudiciumque
856 2432 1003 2487 viros
1032 2430 1204 2501 legale
1235 2430 1439 2494 subire,

269 2527 375 2583 Per
400 2541 540 2596 quos
560 2523 858 2594 praeterito
882 2518 1062 2576 fuerat
1090 2527 1167 2576 tot
1186 2519 1429 2575 cladibus
1452 2533 1594 2573 anno

271 2616 520 2673 Allectus
543 2629 697 2670 sacer
723 2612 970 2679 antistes,
999 2610 1282 2682 legemque
1304 2609 1600 2666 secundum

276 2708 584 2769 Romanam
608 2705 910 2761 maiestatis
936 2711 1163 2775 cogente
1188 2710 1366 2768 reatu,

273 2798 604 2870 Dampnavit
634 2813 806 2869 poena
838 2796 1034 2852 merito
1061 2802 1289 2851 cunctos
1312 2793 1548 2863 capitali.

280 2891 389 2946 Sed
417 2890 548 2945 licet
568 2889 827 2969 indignis,
853 2887 1248 2943 interveniente
1276 2886 1511 2957 benigno

276 2981 557 3047 Praesule,
588 2979 857 3037 concessit
883 2979 1070 3045 vitam,
1100 2986 1282 3033 tamen
1303 2985 1449 3032 esset
1474 2976 1706 3037 inultum

274 3072 355 3127 Ne
389 3080 599 3126 tantum
629 3070 823 3137 scelus,
848 3068 1012 3124 exilio
1038 3066 1371 3139 relegaverat
1398 3081 1607 3122 omnes.

273 3163 549 3231 Festaque
576 3160 837 3233 transegit
865 3165 1153 3231 postquam
1192 3154 1465 3229 paschalia
1504 3155 1697 3220 Rome,

273 3254 545 3326 Egressus
575 3249 920 3319 Spoletanam
948 3248 1188 3319 perrexit
1212 3247 1267 3300 in
1296 3246 1505 3301 urbem.

348 3342 630 3413 Augustus
664 3355 794 3395 vero
823 3354 930 3409 quo
955 3345 1197 3408 tempore
1232 3342 1506 3390 manserat
1534 3334 1660 3397 illic,

276 3436 483 3507 Aprilis
521 3436 714 3489 horam
739 3448 859 3488 cum
892 3446 999 3485 nox
1027 3438 1269 3486 extrema
1300 3428 1594 3483 secundam

277 3528 587 3584 Obscuram
612 3525 840 3580 nimium
871 3522 1111 3579 tenebris
1133 3520 1432 3576 involveret
1456 3519 1611 3584 atris,

280 3619 492 3691 Ingenti
529 3616 710 3672 subito
740 3613 897 3670 tellus
927 3612 1189 3668 exterrita
1217 3618 1367 3666 motu

571 309 821 365 ANNAL.
868 307 955 362 DE
994 303 1240 360 GESTIS
1278 304 1337 356 Β.
1380 298 1634 355 CAROLI
1678 296 1891 350 MACNI
1930 295 2058 348 LIB.
2102 295 2164 349 V.
2205 325 2274 333 —
2315 293 2475 349 VITA
2512 293 2786 349 CAROLI.
2828 324 2897 332 —
2933 294 3062 350 LIB.
3102 295 3192 351 IV.

1874 414 1923 471 Λ
1949 408 2056 463 Aut
2082 409 2208 464 dum
2239 424 2377 479 quae
2401 409 2547 465 tenui
2574 409 2893 478 squalebant
2923 410 3142 479 pulvere
3178 410 3317 477 vela,

3432 294 3537 367 na

1947 500 2231 573 Exagitant
2255 492 2440 555 famuli
2462 502 2710 557 certatim
2750 501 3121 556 discutientes.

1950 593 2101 648 Ilaud
2127 593 2285 647 aliter
2310 606 2494 647 muros
2519 606 2710 648 omnes
2740 591 3029 648 tremuisse
3056 591 3289 647 videres.

1949 684 2050 739 llic
2076 691 2255 737 tamen
2278 681 2486 737 Italiam
2516 690 2691 737 terror
2719 681 3026 752 specialiter
3049 695 3264 735 omnem

1951 773 2280 839 Perculerat,
2308 773 2463 828 cuius
2488 772 2673 843 plures
2704 772 3045 828 subverterat
3078 772 3264 841 urbes,

1951 864 2286 935 Avulsasque
2312 863 2419 918 ruit
2447 871 2658 919 montes
2686 862 2963 919 radicibus
2998 865 3140 919 imis.

1954 956 2089 1011 Tum
2118 954 2324 1010 Romae
2351 954 2596 1011 cecidere
2626 953 2809 1011 trabes
2832 955 3158 1013 venerabilis
3181 957 3347 1019 aedis,

1956 1045 2273 1118 Pigneribus
2290 1044 2525 1116 propriis
2548 1059 2710 1115 quam
2732 1044 2932 1101 Paulus
2959 1047 3234 1117 apostolus
3259 1058 3433 1103 emat.

1955 1136 2127 1193 Gallia
2158 1152 2256 1192 nec
2287 1144 2465 1192 tantae
2487 1135 2589 1191 fuit
2614 1145 2708 1192 aut
2743 1135 3035 1194 Germania
3065 1139 3233 1195 cladis

1957 1228 2235 1293 Immunis,
2275 1229 2418 1283 circa
2446 1228 2697 1283 Rhenum
2732 1228 2851 1285 loca
2884 1230 3114 1301 denique
3138 1240 3284 1286 motu

1957 1319 2197 1374 Plurima
2227 1318 2464 1374 terriﬁco
2496 1319 2724 1374 nimium
2754 1335 3018 1376 concussa
3051 1319 3287 1375 fuerunt.

1957 1411 2148 1467 Audiri
2175 1426 2391 1482 quoque
2417 1412 2655 1482 mugitus
2677 1427 2707 1467 e
2732 1411 3008 1468 montibus
3042 1413 3187 1476 altis,

1959 1503 2028 1557 Et
2055 1502 2179 1557 tetri
2208 1503 2416 1559 sonitus
2441 1501 2595 1558 reddi
2616 1503 2861 1573 variique
2888 1504 3104 1569 beatus,

1961 1595 2378 1665 Morborumque
2403 1596 2522 1651 lues
2543 1594 2660 1650 fieri
2686 1596 3022 1667 permaxima
3046 1596 3241 1666 coepit.

2031 1687 2101 1743 At
2129 1686 2435 1757 Spoletanis
2458 1684 2686 1742 Carolus
2711 1702 2993 1758 regressus
3022 1688 3090 1743 ab
3114 1687 3246 1752 oris,

1964 1780 2045 1835 Ad
2069 1778 2319 1835 Ticinum
2345 1778 2526 1845 rediit,
2553 1780 2639 1833 cui
2670 1795 2811 1835 nunc
2836 1782 2920 1836 est
2947 1781 3113 1851 Papia
3149 1797 3344 1837 nomen

1895 1848 1940 1909 Β
1968 1870 2122 1925 Italic
2150 1869 2400 1941 linquens
2423 1871 2557 1925 lines
2590 1870 2884 1941 Augustus,
2915 1848 3222 1944 Aqu—ensem

1970 1962 2211 2033 Expetiit
2239 1962 2444 2027 sedem,
2474 1962 2780 2033 mansitque
2808 1963 3024 2035 quietus
3050 1965 3156 2019 hoc
3184 1979 3344 2027 anno,

1969 2054 2178 2124 Perque
2200 2053 2283 2109 sui
2309 2062 2493 2123 partes
2519 2054 2669 2125 regni
2701 2053 2975 2109 direxerat
3005 2069 3195 2110 omnes
3219 2056 3247 2095 δ

1971 2142 2221 2214 Legatos,
2249 2158 2421 2213 aequo
2448 2143 2625 2214 legum
2653 2142 3023 2199 moderamine
3048 2145 3310 2199 mandans

1971 2233 2217 2289 Iusticias
2244 2232 2421 2288 facere
2449 2243 2503 2288 et
2537 2233 2717 2289 varias
2748 2249 3073 2306 componere
3097 2235 3242 2299 lites,

1974 2323 2220 2381 Reddere
2244 2325 2328 2379 ius
2366 2324 2522 2381 civile
2552 2325 2727 2392 bonis,
2759 2334 2966 2381 terrere
2990 2327 3255 2396 malignos
3289 2342 3302 2379 :

1974 2415 2194 2470 Divinas
2224 2415 2515 2485 mundique
2542 2416 2661 2485 pias
2681 2428 2746 2470 ex
2775 2414 2963 2471 ordine
2988 2416 3135 2487 leges

1976 2504 2127 2559 Tunc
2148 2504 2391 2559 exerceri
2419 2505 2773 2560 mandaverat
2801 2514 2867 2560 et.
2890 2506 3160 2560 renovari.

2443 2594 2593 2647 Anno
2618 2594 2743 2650 802.
2787 2593 2980 2648 India.
3008 2595 3062 2649 9.

1978 2686 2092 2742 Hoc
2119 2687 2186 2742 de
2213 2686 2519 2757 longinquis
2540 2684 2800 2756 elephans
2823 2684 3135 2756 regionibus
3159 2699 3302 2739 anno

1978 2778 2237 2834 Primitus
2262 2777 2545 2842 adductus,
2571 2776 2710 2830 mira
2734 2774 3039 2847 spectacula
3072 2788 3244 2846 regno

1978 2871 2347 2935 Francorum;
2374 2869 2600 2925 dederat
2626 2869 2917 2925 Persarum
2943 2869 3174 2938 denique
3200 2867 3453 2937 princeps

1980 2963 2135 3018 Hunc
2163 2962 2384 3017 Aaron:
2414 2961 2577 3025 idem,
2605 2960 2785 3015 fuerat
2805 2961 2893 3015 cui
2919 2960 3164 3016 subditus
3185 2959 3331 3015 Indis
3362 2968 3381 2997 ε

1982 3054 2234 3124 Exceptis
2254 3053 2438 3108 oriens
2462 3060 2629 3117 totus,
2661 3057 2949 3107 curaverat
2970 3051 3118 3108 ultro

1928 3190 1949 3221 ,
1984 3146 2113 3201 Eius
2137 3144 2406 3200 amicitiae
2436 3156 2495 3198 se
2518 3141 2738 3199 foedere
2766 3143 2988 3214 iungere
3014 3141 3190 3203 firmo,

1982 3237 2060 3292 Ae
2086 3236 2305 3307 dignum
2335 3236 2488 3290 duxit
2514 3248 2612 3303 pre
2634 3233 2847 3288 cunctis
2874 3232 3091 3302 regibus
3111 3232 3287 3301 ipsum

1982 3327 2267 3399 Temporis
2284 3326 2428 3382 illius
2449 3324 2648 3389 solum,
2676 3324 2764 3378 cui
2778 3337 3015 3378 munera
3043 3323 3194 3394 larga

1981 3423 2260 3494 Praecipui
2284 3432 2448 3478 causa
2470 3418 2846 3475 transmittere
2872 3416 3035 3473 vellet
3060 3417 3300 3473 honoris.
3375 3410 3379 3414 ’

1981 3516 2118 3570 Nam
2142 3528 2401 3585 gemmas,
2426 3526 2642 3576 aurum,
2665 3517 2846 3566 vestes
2871 3517 2927 3565 et
2951 3514 3195 3564 aromata
3226 3504 3433 3567 crebro,
3505 3505 3509 3510 ’

1982 3611 2059 3666 Ac
2085 3610 2321 3679 reliquas
2347 3607 2575 3664 orientis
2598 3618 2730 3676 opes
2755 3605 3030 3661 direxerat
3053 3602 3148 3667 illi,

277 3708 646 3774 Contremuit,
695 3706 1011 3776 sonitusque
1049 3718 1241 3775 graves
1280 3702 1441 3758 nimis
1469 3710 1526 3756 et
1568 3699 1884 3755 metuendos
1982 3700 2300 3770 Ascribiqne
2326 3699 2504 3755 locum
2530 3704 2780 3753 sanctum
2808 3694 3289 3752 Hierosolimorum

278 3803 565 3866 Ediderat,
601 3798 849 3855 stabilem
882 3796 971 3853 cui
1001 3794 1217 3850 sustulit
1247 3792 1324 3847 ira
1354 3792 1592 3863 quietem

278 3892 572 3956 Caelestis,
604 3888 798 3962 grandi
831 3884 932 3943 sub
965 3885 1107 3940 mole
1130 3883 1354 3938 latentia
1381 3880 1568 3936 mundi

282 3981 480 4035 intima
508 3972 825 4034 concutiens
851 3974 1083 4044 impulsu
1114 3972 1324 4027 viscera
1351 3972 1495 4049 diro.

283 4072 530 4141 Cumque
554 4068 886 4142 procellosus
913 4074 1253 4139 penetrasset
1278 4078 1303 4111 ει
1334 4063 1495 4133 turbo
1520 4079 1781 4120 cavernas

282 4162 564 4227 Oecnltas,
591 4176 657 4216 ac
684 4164 945 4215 venarum
977 4148 1095 4212 loca
1123 4165 1267 4213 tecta
1297 4158 1395 4213 sub
1426 4157 1536 4217 alto

284 4253 583 4309 Terrarum
611 4250 841 4322 gremio,
871 4265 991 4313 nec,
1014 4236 1131 4322 qua
1160 4256 1541 4320 prorumperet
1577 4247 1699 4303 inde
1780 4306 1783 4311 ,

282 4347 380 4403 Vis
406 4345 585 4411 venti,
611 4343 826 4414 patulos
860 4358 1089 4413 usquam
1114 4343 1377 4414 reperiret
1402 4342 1604 4407 hiatus,

280 4437 573 4506 Quassatis
602 4434 798 4492 ﬂuctus
835 4420 1096 4505 quosdam
1124 4432 1402 4511 generavit
1428 4433 1482 4491 in
1510 4432 1673 4487 arvis.
1716 4482 1722 4487 .

280 4532 510 4600 iamque
539 4528 686 4583 domi
723 4526 898 4582 maior
917 4541 1080 4597 quam
1107 4526 1320 4597 gurgite
1352 4532 1530 4579 terror
1558 4523 1614 4577 in
1638 4520 1746 4576 ullo

281 4620 574 4693 Naufragii
608 4618 807 4687 fuerat,
840 4616 1071 4672 tremulo
1103 4632 1199 4671 sua
1228 4614 1466 4687 culmine
1487 4613 1715 4683 quisque

282 4716 432 4771 Dum
456 4713 671 4783 fugeret
696 4712 932 4767 subitam
961 4708 1270 4764 minitantia
1308 4716 1445 4762 tecta
1477 4705 1709 4764 ruinam.

283 4805 508 4863 Moenia
536 4811 732 4859 cuncta
766 4801 926 4857 simul
953 4809 1094 4856 tetro
1119 4812 1354 4854 sonuere
1380 4795 1632 4861 tumultu,

283 4897 538 4956 Pendula
567 4895 833 4967 crispanti
855 4892 1093 4949 stridunt
1120 4898 1181 4947 ut
1216 4890 1379 4946 lintea
1400 4886 1560 4953 ﬂatu,
1616 4954 1619 4959 η

360 5029 390 5057 ει
430 5012 589 5077 Ced.,
620 5019 982 5084 penetranset;
1016 5009 1173 5066 facile
1200 5007 1523 5073 emendant;
1558 5005 1625 5060 Β.
1650 5012 1841 5061 (mitra
1871 5022 1881 5057 :

282 5086 883 5168 ‘ufbipcﬂf‘Tansfl'i‘it
988 5152 1025 5168 ..
1127 5150 1161 5168 ..
1377 5147 1448 5168 οη
1563 5147 1589 5168 ,
1646 5150 1660 5168 .
1817 5140 1859 5168 ..ν

364 5159 395 5197 b
431 5145 510 5209 E'x
538 5145 793 5210 Einhardi
821 5153 946 5209 Vita
985 5150 1185 5213 Caroli,
1226 5160 1346 5219 cap.
1377 5147 1467 5213 29,
1496 5147 1589 5203 Sed
1614 5150 1666 5201 et
1688 5160 1753 5200 ex
1772 5145 1886 5219 alio

288 5229 473 5289 ferite,
510 5225 742 5294 exempli
773 5225 980 5295 gratia,
1006 5216 1307 5278 Annalibus
1334 5216 1888 5275 Lauresbamensibus

288 5299 361 5353 ad
386 5295 521 5359 802,
554 5295 826 5350 ﬂuxerint.

369 5380 395 5406 ο
430 5367 515 5420 Ex
543 5365 701 5421 Einh.
728 5365 847 5421 Vita
873 5360 1071 5429 Caroli,
1100 5378 1227 5434 ‘cap.
1256 5359 1341 5415 16.

366 5437 399 5478 αι
429 5435 577 5508 Tota
598 5451 949 5508 rerum_anno
987 5428 1387 5508 80§_ge'st_arum
1427 5428 1688 5508 narratio.
1711 5434 1886 5508 poeta

292 5518 465 5573 teste,
493 5506 647 5562 ﬁniit
674 5512 740 5561 ex
773 5505 1035 5562 Einhardi
1066 5498 1185 5559 Vi'ta
1214 5500 1469 5573 Carolie.
1501 5500 1554 5564 7,
1582 5498 1674 5568 qui
1705 5504 1888 5559 tamen

291 5581 367 5635 de
389 5570 530 5649 pace
559 5577 771 5632 nonnisi
798 5586 921 5647 post
950 5575 1358 5649 translationem
1374 5570 1663 5649 Saxonum
1700 5580 1893 5649 conge-

293 5637 453 5705 nisse
481 5656 672 5703 auctor
715 5637 817 5711 est,
846 5664 965 5717 qua:
1005 5662 1125 5701 cum
1154 5661 1295 5717 anno
1323 5643 1426 5697 804
1455 5640 1762 5717 contigeritz
1792 5637 1889 5717 Sa-

296 5721 485 5774 xonize
512 5708 963 5787 paeationem'ad
1008 5719 1151 5787 hunc
1194 5716 1410 5787 demum
1436 5708 1635 5767 annum
1675 5708 1887 5772 referri,

299 5807 412 5847 nec
436 5806 501 5845 eo
514 5783 634 5860 quo
661 5800 841 5845 uoster
869 5789 1031 5845 tradit
1070 5786 1186 5841 loco
1214 5783 1509 5856 perfectam
1536 5796 1671 5848 esse,
1701 5787 1849 5852 patet
1870 5804 1885 5855 ς

1985 3789 2264 3846 Concessit
2290 3789 2541 3859 propriae
2565 3787 2745 3844 Caroli
2767 3801 2983 3858 semper
3008 3786 3230 3841 dicioni.

1967 3890 1984 3920 ‘
2410 3880 2436 3920 ἀ
2467 3881 2621 3939 Anno
2651 3878 2774 3936 805.
2806 3879 3004 3937 Iudict.
3048 3879 3138 3934 10.

1987 3972 2193 4029 Nobilis
2216 3972 2307 4028 hic
2331 3988 2507 4043 annus
2526 3971 2675 4043 longi
2697 3971 2998 4027 certamina
3024 3968 3153 4025 belli

1988 4065 2227 4121 Tandem
2254 4064 2500 4121 Saxones
2522 4064 2665 4119 inter
2688 4061 3037 4131 Francusque
3061 4059 3269 4129 peracti

1988 4157 2172 4212 Firmo
2201 4165 2494 4226 perpetuae
2520 4154 2788 4211 conclusit
2814 4152 3033 4207 foedere
3053 4150 3224 4220 pacis.
3354 4208 3361 4213 ,

1988 4250 2260 4319 Augustus
2280 4248 2410 4320 pius
2434 4248 2503 4302 ad
2526 4245 2709 4309 sedem
2740 4244 2871 4299 Salz
2898 4242 3117 4299 nomine
3144 4242 3345 4297 dictam
3376 4290 3377 4293 η

1992 4340 2219 4395 Venerat
2245 4354 2260 4392 :
2300 4340 2407 4393 huc
2430 4336 2577 4392 omni
2604 4335 2879 4395 Saxonum
2908 4331 3193 4388 nobilitate

1990 4430 2248 4494 lloilecta,
2277 4426 2438 4485 simul
2474 4427 2574 4481 has
2606 4424 2758 4495 pacis
2793 4425 2941 4495 leges
2967 4423 3223 4485 inierunt,

1920 4543 1970 4601 ι)
1993 4522 2065 4578 Ut
2093 4529 2205 4577 toto
2238 4519 2455 4590 penitus
2480 4516 2629 4574 cultu
2653 4515 2870 4584 rituque
2898 4514 3088 4571 relicto

1994 4613 2214 4679 Centili,
2247 4627 2409 4682 quem
2434 4607 2748 4667 daemonica
2781 4606 2932 4676 prius
2955 4613 3073 4662 arte
3098 4606 3350 4663 colebant

1997 4704 2237 4783 Decepti,
2258 4713 2380 4775 post
2411 4702 2544 4756 haec
2575 4698 2696 4754 fidei
2721 4712 2780 4752 se
2806 4698 3039 4753 subdere
3065 4696 3261 4773 vellent

1995 4798 2324 4861 Catholicae,
2347 4794 2670 4862 Christoque
2689 4791 2801 4847 Deo
2826 4790 3034 4853 servire
3054 4804 3153 4859 per
3182 4803 3399 4855 aevum.

1995 4889 2063 4942 At
2086 4904 2212 4943 vero
2237 4899 2459 4943 censum
2483 4880 3067 4951 Francorumregibus
3093 4879 3263 4937 ullum

1997 5000 2220 5058 Carolus
2243 5000 2387 5056 enim
2410 5014 2501 5053 an.
2525 4997 2631 5054 804
2653 5013 2684 5054 e
2717 4996 2953 5052 Saxonia
2978 4993 3255 5052 Coloniam
3279 5000 3336 5049 et
3372 4991 3584 5062 Aquas-

2038 5072 2151 5129 rani
2181 5072 2414 5133 rediens,
2441 5068 2563 5125 Salz
2589 5068 2853 5139 palatium
2879 5068 3078 5127 itinere
3099 5082 3199 5139 suo
3237 5079 3358 5139 non
3384 5062 3583 5139 attigit.

2047 5160 2109 5199 ee
2136 5142 2279 5212 quod
2316 5155 2495 5212 unum,
2523 5132 2612 5212 hic
2648 5135 2829 5212 aﬂ‘grri
2854 5147 3054 5212 posset,
3079 5136 3282 5212 codicis
3308 5132 3587 5212 Mettensi}

1998 5200 2279 5282 inscriptio
2302 5211 2613 5282 capitulm-is
2632 5211 2702 5282 ad
2726 5200 3086 5282 ssujmalg'z.
3119 5201 3468 5277 Capitularia,
3493 5200 3581 5282 ea.

1997 5271 2242 5350 Cbiniac,
2273 5271 2464 5352 ῑ.1ξι).
2495 5281 2623 5355 us,
2662 5280 2725 5346 ιι,
2774 5271 3055 5355 ιοθξ.);ιη
3093 5271 3305 5355 φαρέτρα¹
3329 5271 3583 5355 capp;qu

2000 5355 2131 5411 Salz
2160 5340 2495 5413 contrarium
2523 5340 2775 5411 evincere
2802 5340 3022 5412 sufﬁcit,
3042 5340 3454 5423 Einhardi.
3471 5340 3584 5423 An-

1978 5425 2201 5489 nalium
2247 5424 2627 5481 auctoritatem
2672 5423 2776 5478 hoc
2828 5434 2942 5475 aevo
2991 5417 3284 5489 maximam
3330 5417 3584 5489 ct_inter

1992 5480 2290 5566 scriptores
2326 5495 2479 5566 quasi
2521 5480 2735 5566 unicam
2774 5504 2913 5553 esse,
2944 5503 3111 5566 nemo
3140 5483 3364 5539 nesciat.
3395 5480 3586 5564 Errori

1999 5552 2185 5623 ansam
2214 5552 2706 5637 praebueriILquod
2730 5568 2889 5637 poeta
2911 5558 3069 5637 aliam
3091 5569 3300 5627 pacem,
3326 5552 3583 5637 primitu-

1997 5622 2244 5706 peratore
2274 5635 2480 5693 scilicet
2512 5622 3431 5706 Constantinopolitano,annoA803
3459 5622 3582 5678 Sall

1997 5696 2307 5765 Eonclusam
2335 5721 2473 5770 esse,
2508 5705 2561 5759 iu
2588 5696 2888 5758 Annalibus
2912 5698 3169 5756 Einhardi
3199 5696 3349 5770 legit.
