3868 6170
354 340 467 400 ⁷119
1698 331 1948 392 POETA:
1991 331 2284 388 SAXO'NIS
3500 321 3588 377 790

360 456 583 512 Solvere
616 467 716 510 nec
742 453 956 525 penitus
977 451 1236 508 deberent
1259 459 1418 520 atque
1445 449 1724 513 tributum,

360 548 686 604 Cunctorum
701 546 916 617 .pariter
941 545 1129 600 statuit
1151 543 1416 599 sententia
1446 558 1693 608 concors,

361 637 470 693 Sed
492 644 698 693 tantum
723 637 958 692 decimas
980 636 1157 691 divina
1182 635 1298 706 lege
1330 642 1558 691 statutas

359 728 646 796 Oi‘ferrent,
675 743 741 784 ac
771 727 1074 798 presulibus
1105 742 1296 798 parcre
1330 727 1626 788 studerent,

358 824 706 893 lpsorumque
735 819 893 876 simul
921 820 1084 884 clero,
1111 819 1201 889 qui
1223 819 1473 889 dogmata
1502 833 1679 882 sacra,

356 915 566 984 Quique
585 913 744 969 ﬁdem
772 911 998 968 Domino
1034 911 1285 983 placitam
1315 911 1590 980 vitamque
1627 911 1862 966 doceret.

357 1008 494 1062 Tum
522 1007 622 1062 sub
657 1005 922 1061 iudicibus
947 1017 971 1044 ο
991 1045 1006 1070 ,
1039 1019 1174 1074 quos
1207 1019 1304 1058 rex
1333 1002 1615 1074 inponerat
1642 1002 1794 1072 ipsis,

354 1096 677 1170 Legatisque
697 1097 725 1135 ιι
760 1096 890 1160 suis,
920 1093 1165 1164 permissi
1202 1093 1408 1163 legibus
1431 1093 1511 1147 uti

355 1188 597 1242 Saxones
625 1184 812 1256 patriis
834 1193 887 1238 et
913 1183 1177 1239 libertatis
1213 1184 1438 1239 honore.

353 1275 466 1331 lloc
496 1282 623 1329 sunt
638 1280 914 1344 postremo
939 1273 1128 1329 sociati
1159 1271 1374 1329 foedere
1410 1273 1654 1338 Francis,

353 1364 424 1421 Ut
444 1379 576 1434 gens
598 1372 652 1420 et
675 1365 905 1435 populus
931 1363 1085 1420 ﬁeret
1109 1363 1452 1420 concorditer
1474 1381 1615 1420 unus
1631 1407 1646 1431 ,

351 1458 430 1511 Ac
454 1471 667 1526 semper
689 1457 804 1526 regi
826 1472 1020 1527 parens
1045 1456 1342 1527 aequaliter
1367 1457 1479 1511 uni.

353 1549 409 1603 Si
441 1556 624 1604 tamen
651 1551 756 1605 hoc
789 1549 1010 1603 dubium
1039 1551 1290 1619 cuiquam
1310 1547 1540 1604 fortasse
1562 1549 1801 1613 videtur,

353 1640 429 1696 De
452 1641 562 1695 vita
594 1640 854 1710 scriptum
881 1640 1057 1696 Caroli
1086 1641 1226 1712 legat
1266 1641 1378 1710 ipse
1419 1641 1687 1708 libellum,

352 1731 522 1798 Quem
545 1730 783 1787 Francos
809 1732 951 1786 inter
988 1733 1167 1787 clarus
1191 1747 1460 1803 veraxque
1487 1733 1691 1791 relator

353 1823 431 1878 Ac
458 1837 667 1878 summe
691 1825 946 1894 prudens,
979 1823 1285 1880 Einhardus
1324 1825 1560 1891 nomine,
1601 1824 1835 1894 scripsit.

355 1913 466 1971 llac
492 1914 656 1986 igitur
672 1914 824 1985 pacis
845 1916 945 1970 sub
967 1915 1274 1970 conditione
1295 1913 1480 1970 ﬁdeles

353 2007 424 2062 Se
445 2007 638 2064 Carolo
661 2047 676 2073 ,
717 2007 966 2078 natisque
994 2008 1125 2073 suis,
1157 2008 1420 2079 stirpique
1447 2016 1703 2078 nepotum

331 2096 548 2167 ipsius,
590 2097 904 2153 iuraverunt
923 2113 1026 2169 per
1053 2097 1227 2154 saecla
1255 2097 1486 2153 futuros.

330 2187 497 2254 Quos
524 2201 621 2256 per
649 2197 731 2244 ter
755 2187 922 2243 denos
957 2195 1011 2242 et
1040 2198 1152 2244 tres
1178 2197 1285 2242 tam
1309 2189 1515 2244 duriter
1537 2203 1707 2243 annos

326 2279 618 2351 -Linquere
652 2276 914 2354 protracti
945 2282 1166 2353 penitus
1187 2283 1474 2338 conamina
1503 2283 1628 2339 belli

351 2375 478 2430 Plus
505 2376 645 2445 regis
674 2376 847 2445 pietas
880 2385 936 2430 et
963 2376 1331 2432 muniﬁcentia
1355 2375 1480 2432 fecit
1498 2419 1513 2443 ,

350 2466 523 2530 Quam
548 2473 744 2519 terror.
777 2465 909 2519 Nam
939 2480 999 2520 se
1020 2466 1266 2536 quisquis
1295 2469 1640 2524 commiserat
1667 2485 1783 2524 ctus
1825 2487 1837 2504 -

353 2558 616 2627 l'lgregiae
639 2557 779 2620 ﬁdei,
816 2558 956 2614 ritus
988 2561 1293 2628 spernendo
1314 2559 1597 2630 profanos,

355 2650 508 2705 llunc
527 2649 721 2720 opibus
749 2651 927 2706 ditans
946 2653 1174 2708 ornabat
1193 2653 1490 2709 honoribus
1514 2656 1727 2725 amplis.

351 2740 517 2814 Copia
545 2743 875 2813 pauperibus
907 2743 1212 2801 Saxonibus
1245 2747 1426 2816 agnita
1456 2747 1692 2816 primum

353 2832 507 2888 Tunc
534 2831 712 2888 fuerat
737 2849 937 2900 rerum,
961 2849 1097 2904 quas
1123 2835 1294 2890 Gallia
1319 2838 1426 2892 fert
1458 2838 1728 2907 opulenta,

355 2926 580 2982 Praedia
614 2927 964 2997 praestiterat
997 2943 1119 2982 cum
1157 2944 1250 2984 rex
1289 2929 1664 3000 cumpluribus
1702 2931 1832 2995 illic,

353 3018 433 3072 Ex
457 3019 656 3089 quibus
684 3021 996 3092 acciperent
1011 3023 1292 3092 preciosae
1323 3025 1559 3094 tegmina
1595 3026 1791 3091 vestis,

351 3112 575 3183 Argenti
598 3113 870 3180 cumolos,
909 3113 1190 3184 dulcisque
1221 3115 1418 3171 fluenta
1447 3116 1582 3172 Liei.

353 3193 449 3257 llis
477 3203 566 3259 ubi
590 3205 859 3274 primores
879 3204 1036 3262 donis
1060 3206 1322 3271 illexerat,
1355 3223 1546 3264 omnes

354 3292 640 3350 Subiectos
663 3295 880 3352 sibimet
904 3297 1142 3368 reliquos
1169 3299 1466 3355 obtriverat
1485 3300 1652 3356 armis
1674 3341 1690 3366 .

354 3383 421 3436 Et
443 3383 629 3439 multis
652 3394 871 3456 experta
895 3388 1072 3443 modis
1099 3388 1334 3443 innotuit
1369 3390 1488 3446 eius

351 3469 485 3526 Tam
511 3471 682 3528 dulcis
703 3475 879 3544 pietas
903 3491 1070 3546 quam
1090 3475 1448 3534 formidabilis
1477 3480 1582 3546 ira,

351 3562 662 3620 Praefatum
695 3575 931 3623 statuere
953 3568 1058 3624 ﬁde
1085 3584 1303 3626 servare
1328 3573 1552 3640 perenni

349 3655 584 3724 Foedus,
612 3667 666 3714 et
691 3659 916 3715 ulterius
942 3676 1051 3716 non
1088 3661 1142 3716 id
1165 3670 1407 3720 mutasse
1439 3666 1756 3735 probantur.

805 3771 958 3826 Anno
983 3773 1110 3828 804.
1149 3773 1345 3829 lndict.
1387 3777 1474 3831 ll.

341 3875 572 3932 .Praesul
601 3879 928 3953 apostolicus
949 3881 1120 3937 Roma
1147 3885 1388 3953 perrexit
1409 3887 1478 3942 ab
1503 3889 1658 3957 urbe,

349 3968 577 4038 Augusti
599 3968 709 4025 Leo
739 3969 987 4043 flagranti
1015 3974 1276 4031 deductus
1297 3991 1481 4033 amore
1497 4019 1512 4044 ,

343 4058 660 4115 iAecclesiae
673 4077 895 4132 quoque
920 4079 1022 4134 pro
1041 4067 1240 4133 causis,
1268 4068 1464 4137 quibus
1489 4069 1760 4139 imperiali

353 4147 486 4204 Esse
509 4149 726 4206 videbat
744 4167 890 4223 opus
918 4156 1245 4223 munimine,
1279 4174 1468 4215 rursus
1485 4161 1637 4216 adire

351 4236 684 4296 Francorum
716 4251 889 4300 terras
913 4253 1165 4316 satagens
1185 4263 1282 4318 per
1305 4249 1465 4321 longa
1483 4251 1714 4306 viarum.

338 4329 450 4387 "llic
471 4332 564 4388 ubi
598 4334 867 4391 terribiles
890 4337 1128 4405 primum
1163 4341 1574 4398 transcenderat
1611 4342 1791 4414 Alpes,

348 4421 684 4481 Adventasse
711 4425 888 4481 virum
911 4436 1123 4483 tantum
1150 4445 1368 4486 rumore
1387 4433 1593 4489 volucri

337 4513 531 4571 indice
558 4527 898 4587 compererat
919 4522 1106 4576 statim
1128 4536 1294 4593 prope
1313 4522 1485 4580 Gallia
1513 4534 1650 4592 tota,

352 4604 606 4663 Protinus
627 4609 731 4664 hoc
753 4611 916 4665 etiam
962 4611 1134 4668 laetus
1159 4616 1431 4685 cognovit,
1460 4625 1514 4672 et
1543 4617 1620 4671 illi

352 4696 556 4755 Obvius
583 4699 860 4772 Augustus
886 4703 1213 4765 Remensem
1237 4709 1386 4762 venit
1410 4709 1475 4763 ad
1497 4711 1685 4766 urbem
1706 4751 1721 4778 ,

357 4787 785 4860 Susceptumque
818 4794 952 4850 satis
971 4795 1134 4867 digno
1164 4807 1451 4855 veneratus
1475 4801 1683 4857 honore

356 4876 594 4932 Duxerat
619 4879 686 4933 ad
717 4881 928 4949 sedem,
962 4886 1049 4940 cui
1074 4902 1268 4944 nomen
1293 4889 1619 4947 Carisiacus.

347 4967 559 5024 Natalis
582 4969 790 5027 Domini
836 4973 990 5031 festis
1019 4977 1091 5032 ibi
1123 4979 1225 5034 rite
1247 4983 1508 5050 peractis,

356 5060 513 5116 Sedis
532 5060 800 5133 Aquensis
835 5065 1032 5122 abhinc
1056 5069 1327 5137 petierunt
1347 5075 1560 5128 moenia
1587 5073 1874 5145 pulchrae,

354 5151 716 5226 Gloriflceque
751 5154 912 5211 simul
933 5157 1204 5216 celebrato
1235 5171 1475 5235 tempore
1502 5176 1712 5235 sancto,

350 5249 473 5316 Quo
484 5248 648 5306 stella
674 5258 1012 5308 monstrante
1040 5251 1180 5324 Magi
1201 5269 1529 5326 cognoscere
1551 5260 1668 5314 veri

351 5341 414 5395 In
443 5343 606 5398 terris
636 5345 747 5398 nati
774 5354 1091 5401 meruerunt
1119 5346 1338 5404 luminis
1366 5358 1566 5417 ortum,

358 5432 743 5508 Colloquioque
781 5438 1006 5505 dehinc,
1051 5455 1150 5511 pro
1193 5457 1301 5512 quo
1347 5443 1564 5512 praesul
1603 5445 1942 5504 venerandus

362 5523 614 5594 Venerat,
643 5531 875 5600 expleto,
911 5549 1006 5588 rex
1036 5532 1256 5590 inclitus
1292 5535 1486 5591 obtulit
1515 5536 1588 5592 illi

433 5672 458 5700 ι
499 5661 793 5720 Iudicibus.
835 5668 890 5722 ld
916 5677 997 5724 est
1023 5671 1328 5729 comitibus.

434 5729 462 5772 δ
505 5729 727 5802 Legatis.
772 5737 950 5795 Missis
974 5741 1276 5798 dominicis.

1966 447 2015 506 Α
2046 441 2287 507 Munera,
2326 442 2485 512 digna
2512 439 2670 495 simul
2700 437 2848 493 danti
2879 450 2974 493 seu
3005 435 3327 506 suscipienti,

2045 537 2142 590 Hic
2163 550 2285 590 eum
2314 532 2626 605 pontiﬁcum
2667 528 3023 593 clarissimus,
3047 527 3238 598 illeque
3267 541 3444 598 regum

2044 629 2326 700 Temporis
2349 628 2507 690 illius,
2534 625 2683 680 nullo
2715 624 2996 679 dubitante
3027 620 3264 676 fuissent.

2043 720 2139 775 His
2198 719 2362 790 gestis
2383 759 2398 784 ,
2465 716 2740 786 propriam
2769 711 2988 784 praesul
3022 709 3274 766 remeavit
3301 707 3366 764 ad
3388 709 3588 777 urbem,

2043 809 2218 878 Seque
2244 807 2346 862 viri
2375 807 2729 861 seiunxerunt
2764 804 2835 858 ibi
2869 817 3096 872 corpore
3132 800 3261 865 solo,

2042 900 2234 957 Mentis
2254 916 2438 955 amore
2461 898 2551 969 pio
2582 897 2747 951 iuncti
2772 897 2888 951 sine
2918 894 3023 949 ﬁne
3059 899 3349 948 manentes.

2511 1008 2666 1062 Anno
2693 1005 2817 1062 805.
2853 1003 3051 1060 Indict.
3085 1003 3173 1058 12.

2041 1122 2200 1180 Natio
2238 1123 2558 1180 Sclavorum
2586 1124 2766 1178 studio
2795 1121 2928 1176 satis
2954 1133 3145 1190 aspera
3169 1117 3294 1174 belli
3318 1160 3333 1184 ,

2039 1216 2186 1283 Quos
2214 1216 2482 1272 Bebemos
2508 1216 2770 1280 vocitant,
2798 1216 2852 1269 in
2882 1230 2940 1269 se
2965 1212 3182 1269 levitate
3210 1212 3417 1282 procaci

2039 1306 2264 1360 lrritans
2287 1305 2546 1371 Francos,
2577 1304 2756 1360 Caroli
2787 1311 3154 1360 commoverat
3188 1303 3342 1358 iram.

2039 1398 2184 1465 Quos
2208 1406 2396 1456 contra
2425 1399 2626 1454 missus
2658 1398 2841 1452 multis
2865 1413 2989 1453 cum
3019 1397 3236 1452 milibus
3260 1397 3374 1450 eius

2039 1491 2209 1546 Natus
2241 1500 2296 1546 et
2329 1491 2677 1560 aequivocus,
2707 1489 2908 1545 bellum
2939 1490 3144 1544 virtute
3167 1487 3343 1558 sagaci

2038 1580 2353 1644 Commisit,
2398 1579 2562 1634 celeri
2601 1580 2774 1634 victor
2795 1579 2940 1649 quod
2971 1578 3078 1633 ﬁne
3105 1577 3326 1648 peregit.

2505 1690 2656 1743 Anno
2694 1689 2818 1746 806.
2851 1688 3047 1742 Indict.
3083 1688 3174 1742 i5.

1973 1797 2012 1856 Β
2042 1799 2177 1856 Cum
2207 1800 2328 1870 pius
2349 1798 2626 1870 Angustus
2652 1799 2865 1855 Domini
2897 1798 3197 1853 munimine
3225 1796 3407 1860 fultus,

2045 1893 2310 1964 Legitimo
2340 1902 2565 1948 cunctos
2591 1894 2723 1947 tanti
2746 1893 3118 1947 moderamine
3148 1890 3280 1946 ﬁnes

2041 1987 2258 2057 Imperii
2282 2002 2524 2050 servans,
2553 1985 2819 2056 placidam
2855 1986 3008 2040 daret
3035 1985 3273 2055 undique
3297 1997 3469 2054 pacem
3489 2021 3506 2048 ,

2046 2080 2263 2135 Sollerti
2287 2080 2652 2135 meditabatur
2673 2079 2939 2151 depellere
2962 2094 3165 2134 causas

2047 2168 2221 2224 Mente
2246 2169 2605 2235 simultatum,
2633 2169 2830 2241 populo
2859 2185 2994 2239 quas
3026 2185 3190 2239 posse
3215 2169 3352 2224 ﬁdeli

2045 2258 2312 2328 Tempore
2343 2259 2628 2314 discidium
2662 2261 2795 2315 vidit
2823 2275 3088 2330 generare
3121 2259 3315 2314 futuro.

2047 2349 2200 2406 Unde
2223 2367 2350 2406 suos
2374 2352 2519 2406 inter
2540 2359 2694 2406 natos
2718 2367 2784 2406 ne
2815 2353 3034 2422 gignere
3069 2359 3259 2420 posset

2044 2442 2176 2497 Post
2195 2442 2430 2511 aliquam
2459 2442 2609 2496 litem
2643 2442 2807 2512 patrii
2837 2442 3030 2496 divisio
3068 2442 3244 2511 regni,

2045 2536 2236 2592 Certas
2261 2537 2374 2607 ipse
2403 2537 2548 2593 dedit
2579 2544 2764 2606 partes
2791 2543 2852 2590 ut
2885 2536 3080 2606 cuique
3123 2535 3350 2590 volebat.

2049 2642 2071 2670 ε
2112 2630 2300 2685 Italico
2343 2631 2456 2700 regi
2487 2630 2794 2684 Baioariam
2839 2630 2997 2684 simul
3027 2643 3250 2684 omnem

2045 2719 2272 2791 Pippino
2297 2722 2607 2787 addiderat;
2641 2736 2742 2775 nec
2767 2737 2874 2776 non
2899 2719 3237 2791 Burgundia,
3269 2729 3507 2791 quantum

2045 2811 2208 2866 Parte
2235 2812 2336 2866 sub
2357 2819 2598 2866 extrema
2625 2811 2797 2866 celsas
2819 2811 3110 2866 interiacet
3139 2811 3314 2881 Alpes,

2045 2899 2178 2955 Cum
2202 2900 2391 2970 paucis
2426 2899 2848 2955 Alamannorum
2880 2916 3102 2970 quoque
3133 2901 3324 2957 ﬁnibus
3347 2900 3414 2954 illi

2047 2993 2320 3048 Traditur.
2361 2991 2431 3045 At
2468 2991 2667 3046 Carolo
2706 2992 2944 3062 reliquos
2980 2992 3197 3048 donans
3246 2992 3565 3055 Alamannos,

2048 3081 2291 3138 Saxones
2317 3097 2379 3136 ac
2404 3081 2674 3137 Fresones
2694 3084 2926 3138 subiecit
2943 3083 3122 3137 eidem
3141 3125 3156 3149 ,

1968 3163 2014 3224 C
2047 3171 2145 3226 Cui
2181 3172 2338 3244 simul
2364 3186 2431 3227 ex
2460 3188 2653 3243 magna
2677 3171 2850 3228 fertur
2869 3172 2995 3227 data
3021 3171 3200 3228 Gallia
3233 3182 3412 3245 parte,

2045 3261 2246 3317 Oceani
2269 3261 2439 3318 donec
2463 3263 2634 3317 vastis
2659 3262 2998 3318 concluditur
3024 3264 3209 3320 undis.

2045 3349 2201 3406 Hunc
2226 3351 2280 3406 in
2306 3350 2642 3407 Francorum
2665 3353 2883 3407 sibimet
2912 3356 3213 3410 succedere
3233 3369 3447 3426 regnum

2045 3440 2339 3511 Disposuit,
2369 3441 2415 3494 si
2438 3456 2544 3495 non
2572 3441 2730 3496 aliter
2761 3441 2992 3497 Domino
3026 3443 3344 3512 placuisset.

2046 3531 2322 3588 Subicitur
2345 3549 2476 3588 vero
2504 3534 2731 3602 sceptris
2759 3533 3068 3604 Burgundia
3093 3551 3266 3607 paene

2043 3624 2180 3680 Tota
2203 3626 2277 3694 pii
2302 3625 2445 3695 regis
2467 3625 2787 3693 Hludovvici,
2812 3627 2930 3681 iure
2954 3630 3198 3684 tenentis

2043 3717 2173 3772 Post
2194 3718 2328 3772 haec
2355 3717 2662 3786 imperium,
2692 3733 2793 3772 nec
2819 3733 2925 3773 non
2954 3717 3250 3787 Aquitania
3281 3725 3478 3782 cuncta,

2043 3809 2193 3878 Quae
2215 3809 2506 3866 commissa
2527 3810 2679 3881 prius
2695 3810 2890 3874 fuerat,
2924 3827 3068 3866 nunc
3095 3813 3328 3868 traditur
3347 3811 3419 3866 illi

2043 3901 2100 3956 ιη
2135 3915 2358 3972 regnum
2386 3902 2697 3972 proprium,
2728 3901 2907 3956 stabili
2937 3901 3156 3957 dicione
3184 3901 3480 3972 regendum.

2043 3992 2181 4047 Hinc
2200 4007 2389 4046 omnes
2411 3993 2736 4055 obtestatus,
2759 3991 3098 4062 multumque
3120 4002 3388 4064 precatus,

2041 4081 2337 4137 Admonuit
2363 4095 2581 4136 servare
2611 4080 2792 4147 ﬁdem,
2825 4098 2926 4137 nec
2955 4097 3216 4152 spernere
3249 4097 3447 4155 pacem.

2042 4172 2121 4228 Ne
2144 4173 2367 4243 proprio
2387 4173 2673 4242 quisquam
2709 4182 3047 4246 transgresso
3086 4175 3261 4229 limite
3281 4215 3296 4238 ,
3337 4182 3514 4228 causas

2043 4263 2307 4318 Rixarum
2341 4263 2576 4334 bellique
2612 4265 2787 4330 daret,
2823 4263 3038 4335 fusique
3067 4265 3284 4320 cruoris

2043 4354 2400 4410 Christicolae
2424 4355 2598 4424 plebis
2626 4355 2823 4410 merito
2847 4370 2973 4411 reus
3015 4365 3162 4412 esset
3187 4356 3240 4410 in
3278 4367 3476 4415 aevum,

2046 4447 2152 4503 Sed
2184 4447 2426 4503 facerent
2452 4449 2596 4504 inter
2625 4463 2764 4514 sese,
2796 4465 2903 4519 quo
2924 4449 3078 4504 ﬁrma
3104 4455 3353 4505 maneret

1971 4511 2018 4572 θ
2051 4541 2239 4595 Debita
2271 4539 2542 4596 fraternas
2567 4541 2783 4598 socians
2813 4542 3101 4597 concordia
3125 4551 3352 4597 mentes.

2049 4632 2168 4702 Ipse
2200 4631 2396 4687 dehinc
2424 4632 2679 4702 princeps
2710 4633 2763 4687 in
2788 4634 2914 4688 sede
2936 4633 3192 4688 manebat
3211 4632 3460 4703 Aquensi,

2050 4722 2162 4779 Nec
2194 4730 2318 4793 post
2339 4722 2565 4778 militiae
2587 4722 2774 4778 solitos
2817 4723 3058 4779 exercuit
3097 4739 3247 4789 usus,

2049 4815 2158 4870 Aut
2183 4814 2394 4886 aliquos
2425 4815 2523 4872 ivit
2551 4815 2752 4871 bellum
2773 4825 3024 4886 gesturus
3047 4817 3100 4871 in
3127 4817 3332 4871 hostes.

2051 4906 2186 4962 Nam
2222 4923 2323 4962 nec
2348 4923 2484 4978 opus
2504 4909 2699 4972 fuerat,
2723 4924 2824 4964 nec
2848 4925 2970 4964 eum
2993 4909 3311 4980 permiserat
3335 4915 3492 4968 aetas,

2049 4999 2161 5054 lam
2187 5000 2384 5070 quibus
2407 5001 2714 5056 exsaciatus
2742 5009 2874 5063 erat,
2908 5017 3168 5057 renovare
3190 5002 3416 5064 labores,

2052 5091 2151 5147 Cui
2177 5092 2358 5162 gravis
2383 5092 2653 5162 inrepens,
2685 5102 2740 5148 et
2771 5109 2869 5164 per
2897 5103 3170 5148 momenta
3211 5099 3454 5148 senectus

2053 5184 2274 5255 Singula
2308 5200 2673 5250 succrescens,
2701 5186 2904 5242 faceret
2935 5187 3247 5242 decrescere
3272 5185 3427 5240 vires.

2514 5313 2666 5367 Arma
2694 5312 2818 5368 807.
2857 5311 3054 5368 Indict.
3084 5311 3168 5367 M.

2052 5440 2166 5497 Rex
2192 5440 2526 5498 Sarraeenae
2555 5444 2732 5515 gentis
2759 5445 2985 5501 nimium
3015 5445 3364 5511 truculentae,

2050 5530 2228 5603 Atque
2249 5531 2429 5603 gravis
2449 5531 2556 5588 late
2577 5535 2778 5591 mundo
2807 5543 3058 5606 terraque
3079 5537 3348 5606 marique,

2130 5717 2154 5745 ι
2197 5707 2276 5761 Ex
2301 5705 2496 5762 Charta
2525 5711 2803 5767 divisionis
2826 5711 3058 5784 imperii.
