3868 6170
310 281 423 338 ’ω
609 278 860 338 ANNAL.
902 279 992 334 DE
1030 278 1274 336 GESTIS
1307 278 1367 334 Β.
1406 271 1658 335 CAROLI
1695 277 1910 335 HAGNI
1947 275 2128 334 LIBRI
2168 279 2230 333 γ.
2271 308 2341 318 -
2376 277 2534 333 Vl'I‘A
2572 276 2848 334 CAROLI.
2890 310 2958 320 —
2995 279 3123 335 LIB.
3161 278 3253 334 IV.

1941 399 1993 455 Α

315 393 640 452 Muneribus
671 399 850 448 tamen
868 393 1173 463 Augustum
1198 402 1486 451 veneratur
1515 396 1732 464 opimis,

316 485 728 542 Transmittens
764 485 928 540 etiam
959 487 1230 563 quoddam
1271 487 1517 543 mirabile
1537 489 1735 544 donum

315 579 569 649 Denique
596 587 743 641 tunc,
776 578 918 633 inter
945 579 1178 634 tentoria
1201 579 1442 650 qualibet
1481 587 1599 635 arte

315 671 491 726 Facta
521 669 668 726 dedit
689 668 866 724 maius
888 670 1098 724 cunctis
1127 677 1182 725 et
1210 669 1450 741 pulcrius
1475 686 1662 726 unum.

316 760 492 816 Fama
516 759 655 816 solet
681 766 922 814 veterum
949 759 1239 829 quicquam
1263 761 1308 814 si
1335 761 1516 816 dicere
1538 776 1724 815 verum
1753 802 1765 825 ,

314 852 649 918 Mirandum,
682 851 908 908 collecta
937 849 1116 906 forent
1141 851 1230 906 ubi
1257 852 1485 908 carbasa
1519 861 1691 918 tanta,

309 944 638 1014 Autquibus
658 950 777 998 orta
808 957 962 1012 seges
989 942 1082 996 lini
1109 951 1219 996 tam
1249 941 1444 997 fertilis
1471 943 1637 1014 agris,

313 1035 577 1090 Materies
605 1035 754 1105 operi
787 1047 927 1104 quae
952 1042 1137 1103 posset
1166 1033 1360 1089 idonea
1399 1043 1551 1090 tanto

308 1126 500 1184 Aﬂ’ore
527 1145 544 1182 :
571 1143 678 1182 non
705 1127 988 1183 hominum
1011 1135 1213 1182 tantam
1246 1127 1350 1182 nisi
1373 1127 1520 1182 milia
1547 1128 1745 1183 molem

309 1219 627 1290 Erigerent.
669 1219 922 1289 Spacium
956 1220 1130 1289 campi
1165 1218 1506 1274 concluserat
1537 1219 1772 1289 amplum

310 1311 550 1367 Testilis
570 1309 803 1367 excelsis
827 1309 1010 1380 paries
1037 1309 1278 1365 herendo
1303 1309 1594 1374 columnis,

309 1401 426 1459 Nec
452 1402 657 1458 summi
684 1401 902 1457 culmen
932 1401 1062 1457 tecti
1087 1415 1346 1471 superare
1377 1399 1561 1454 volatu

309 1493 545 1551 Viribus
565 1492 833 1564 impulsae
857 1492 1068 1563 magnis
1096 1499 1322 1563 potuere
1343 1490 1600 1561 sagittae.

306 1585 467 1642 Intus
493 1592 657 1640 erant
681 1579 836 1641 multi
863 1583 1076 1654 generis
1100 1581 1410 1638 habitacula
1434 1580 1681 1652 pulchra,

308 1677 560 1745 Quilibet
584 1675 869 1746 egrediens
888 1683 947 1730 ut
977 1691 1086 1730 non
1111 1675 1248 1730 haec
1269 1688 1391 1729 esse
1412 1681 1631 1744 putaret

309 1769 449 1825 Vela
472 1769 741 1824 movenda
775 1767 915 1832 loco,
949 1767 1044 1822 sed
1076 1766 1286 1821 moenia
1308 1766 1506 1821 nobilis
1526 1765 1700 1820 aulae.

305 1863 532 1919 Interea
560 1861 1056 1917 Northmannorum
1084 1859 1214 1925 dux,
1236 1857 1451 1914 Alfdeni
1487 1858 1687 1923 dictus,

304 1956 564 2027 Augusto
591 1967 784 2023 magna
821 1966 939 2006 sese
959 1951 1254 2006 comitante
1275 1957 1493 2006 caterva

309 2045 592 2111 Subdidit,
649 2051 812 2114 atque
868 2041 1032 2098 ﬁdem
1066 2042 1278 2097 studuit
1309 2041 1528 2096 ﬁrmare
1576 2052 1892 2112 perennem.

782 2157 933 2210 Anno
973 2154 1101 2212 808.
1131 2152 1328 2208 Iudict.
1372 2152 1459 2207 15.

307 2274 456 2330 Sunt
477 2271 662 2329 Sciavi
685 2271 905 2342 quidam
932 2268 1053 2326 Lini
1087 2269 1412 2342 cognomine
1433 2267 1597 2335 dicti;

306 2365 430 2420 llos
449 2373 661 2430 contra,
692 2363 937 2435 genitore
959 2376 1059 2418 suo
1084 2362 1363 2427 mittente,
1393 2360 1670 2431 profectus

304 2459 506 2515 Iunior
527 2467 614 2515 est
638 2458 885 2525 Carolus,
920 2459 1077 2515 cnius
1100 2473 1208 2514 non
1229 2457 1386 2513 Albia
1410 2457 1518 2513 lata

303 2547 708 2619 Praepediebat
737 2549 873 2616 iter,
906 2548 1001 2604 sed
1030 2547 1366 2604 Francorum
1401 2547 1664 2620 legiones,

305 2641 584 2697 Fluminis
611 2639 853 2696 eiusdem
880 2639 1108 2695 traiecto
1141 2639 1374 2710 gurgite,
1399 2637 1559 2695 laetis

306 2733 590 2802 Auspiciis
611 2749 764 2797 usus,
804 2741 1134 2788 memoratos
1159 2731 1311 2788 duxit
1336 2731 1392 2785 in
1418 2732 1626 2796 hostes,

310 2825 598 2895 Signaque
623 2825 877 2894 gaudenti
902 2824 1086 2879 retulit
1121 2823 1370 2878 victricia
1393 2824 1554 2893 patri.

817 2939 968 2993 Anno
1001 2938 1126 2994 809.
1163 2937 1360 2993 Indict.
1397 2938 1446 2993 1.

311 3049 568 3121 Undique
589 3051 896 3120 praesentis
917 3066 1023 3120 pax
1043 3052 1432 3109 laetiﬁcaverat
1467 3053 1593 3106 anni

311 3142 558 3198 Cunctos
587 3143 799 3212 imperii
831 3142 997 3208 ﬁnes,
1028 3144 1124 3200 sed
1153 3144 1334 3198 tristia
1361 3143 1629 3213 quaedam

311 3233 500 3289 Multis
519 3235 869 3306 contigerant
893 3235 1055 3290 terris
1083 3252 1096 3289 :
1125 3250 1251 3290 nam
1279 3235 1458 3290 sevior
1485 3233 1634 3290 omni

312 3327 488 3384 Hoste
515 3326 751 3383 nefanda
787 3327 906 3384 lues
947 3329 1218 3398 pecudum
1257 3344 1428 3400 genus
1460 3341 1622 3384 omne
1663 3327 1913 3398 peremit.

313 3419 451 3474 Nam
484 3435 611 3475 cum
635 3427 882 3490 pastores
903 3428 1126 3492 agerent
1148 3429 1393 3476 armenta
1421 3437 1722 3492 gregesque

315 3509 476 3565 Mane
496 3508 646 3566 foras
671 3511 840 3566 laetos
863 3512 920 3568 in
941 3521 1098 3582 prata
1119 3513 1373 3577 virentia,
1403 3527 1527 3568 sero

315 3600 498 3673 Aegra
537 3601 756 3657 domum
786 3603 948 3658 rediit
973 3602 1063 3657 vix
1085 3617 1214 3675 pars
1236 3603 1588 3673 paucissima,
1625 3602 1776 3658 dirae

314 3693 486 3765 Signa
511 3708 706 3763 gerens
734 3693 904 3762 pestis
931 3695 1107 3750 macie
1127 3696 1425 3766 mortisque
1449 3696 1807 3767 propinquae.

315 3783 389 3838 At
414 3783 597 3838 maior
622 3797 881 3837 numerus
909 3785 1086 3854 campi
1113 3800 1212 3855 per
1230 3783 1390 3854 plana
1414 3784 1645 3849 iacebat,

316 3874 437 3941 Qua
461 3872 648 3928 dulces
672 3873 884 3928 animas
906 3874 1110 3930 virides
1143 3873 1344 3929 eillavit
1367 3875 1437 3929 ad
1458 3875 1676 3930 herbas.

315 3964 542 4034 Iamque
561 3965 920 4021 cadaveribus
945 3955 1222 4021 foetebad‘t
1247 3982 1446 4037 pascua
1475 3967 1663 4022 stratis
1679 4008 1694 4032 ,

318 4057 600 4112 Extractis
620 4057 807 4123 etiam,
833 4059 1114 4128 praesepia
1142 4073 1390 4130 quaeque
1425 4059 1610 4116 labore

318 4148 553 4220 Purgari
589 4149 759 4204 multo
795 4157 1082 4219 poterant,
1116 4157 1232 4205 tum
1261 4153 1352 4222 qui
1374 4153 1700 4208 moriturum

319 4238 623 4295 Cernentes
649 4238 849 4308 animal
870 4240 1043 4311 magis
1063 4241 1116 4296 id
1144 4249 1490 4312 prosternere
1516 4240 1664 4300 ferro

318 4330 618 4403 Eligerent,
647 4331 832 4387 statim
856 4331 1068 4388 stillans
1093 4347 1126 4388 e
1150 4334 1373 4390 vulnere
1397 4335 1524 4391 tabo

319 4419 646 4475 Prodiderat
679 4428 797 4477 toto
823 4430 1136 4478 concretum
1166 4437 1394 4495 corpore
1420 4426 1590 4482 virus.

318 4511 553 4568 Noricus
577 4513 684 4569 ista
711 4515 864 4570 sinus
897 4514 1072 4571 fertur
1101 4516 1409 4587 specialiter
1434 4532 1556 4574 esse

315 4604 616 4674 Perpessus
641 4621 763 4661 cum
788 4605 982 4662 vicinis
1009 4607 1323 4678 regionibus
1358 4607 1457 4662 illi.

317 4698 611 4756 Praeterea
634 4701 846 4756 steriles
867 4701 971 4757 hoc
996 4702 1171 4757 factae
1192 4707 1434 4772 tempore
1459 4701 1614 4766 vites,

315 4792 574 4864 lmpenso
597 4793 816 4851 sibimet
847 4795 996 4850 nulla
1040 4795 1291 4852 mercede
1317 4795 1491 4851 labori

320 4887 693 4958 Respondent,
721 4904 844 4960 spes
868 4897 954 4944 est
972 4888 1118 4944 avidi
1147 4887 1411 4945 frustrata
1434 4888 1631 4953 coloni,

319 4978 461 5035 Dum
485 4979 666 5036 vineta
696 4995 886 5038 carere
912 4997 1012 5036 suo
1036 4982 1292 5052 pubentia
1312 4979 1460 5037 foetu

320 5070 622 5142 Conspicit,
657 5083 714 5128 et
737 5088 877 5130 vane
898 5074 1136 5130 silvescit
1158 5074 1364 5130 inutilis
1385 5077 1568 5140 arbor,

321 5162 556 5220 Palmite
576 5163 769 5220 diffuso
790 5165 968 5222 nullas
998 5167 1124 5222 dum
1145 5168 1433 5238 pampinus
1457 5183 1590 5223 uvas

323 5252 611 5327 Contegit,
652 5264 707 5312 et
747 5255 929 5313 fructu
963 5274 1132 5315 vacua
1164 5269 1271 5316 stat
1299 5262 1457 5316 vinea
1502 5262 1631 5316 lata.

327 5342 579 5402 Panibus
611 5347 666 5401 in
690 5348 878 5404 multis
912 5351 1064 5422 regni
1100 5352 1179 5408 sic
1200 5353 1379 5407 omine
1401 5354 1543 5408 tristi

327 5432 557 5492 Bachica
583 5453 692 5493 non
717 5439 878 5496 solito
901 5441 1184 5511 perierunt
1213 5443 1402 5514 pocula
1430 5444 1644 5498 damno.

328 5525 593 5599 Tempore
631 5530 889 5587 nimirum
927 5540 1080 5590 tanto
1118 5533 1244 5590 licet
1280 5544 1405 5590 ante
1433 5576 1446 5600 ,
1499 5549 1594 5604 per
1627 5536 1843 5597 orbem,

327 5615 590 5690 Augusto,
623 5619 861 5689 luctum,
889 5625 1051 5680 terris
1074 5626 1333 5691 abeunte,
1363 5625 1602 5680 futurum

331 5704 436 5764 lam
461 5711 781 5772 ostendebat
809 5728 968 5772 casus
993 5715 1336 5774 tristissimus
1367 5717 1486 5773 istc.

1945 4467 1998 4528 D

3505 279 3616 364 722

2482 397 2633 449 Anno
2655 393 2780 451 810.
2821 393 3016 450 India.
3056 396 3111 450 2.

2021 479 2276 552 Pippinus
2303 499 2397 539 rex
2418 482 2622 550 Italiae,
2648 484 2744 550 lux
2769 483 2952 541 inclita
2986 487 3254 556 quondam

2018 573 2353 632 Francorum
2379 617 2395 643 ,
2436 577 2610 632 nitido
2650 577 2850 633 laetum
2889 582 3277 637 cumduceret
3311 596 3535 650 aevum,

2018 667 2177 723 Flore
2197 667 2384 740 vigens
2411 669 2575 724 simul
2603 669 2799 725 aetatis
2831 671 3135 741 mentisque
3165 673 3388 742 decore,

2017 760 2115 817 Cui
2143 761 2418 830 praeclara
2445 760 2545 817 fuit
2565 762 2760 828 virtus,
2789 763 2874 818 cui
2896 763 3066 834 gloria
3094 781 3324 832 summa,

2019 851 2210 906 Omnia
2233 851 2441 907 fallacis
2475 854 2682 922 pariter
2704 853 2790 908 cui
2809 868 3078 924 prospera
3106 855 3292 910 mundi

2019 941 2171 996 Tunc
2199 943 2445 1008 aderant,
2467 945 2670 1017 morbo
2700 945 2866 999 vitam
2903 945 3076 1000 ﬁnivit
3108 947 3324 1002 acerbo.

2018 1033 2344 1088 Immaturus
2372 1035 2500 1090 huic
2526 1035 2710 1090 obitus
2736 1036 3074 1108 iucundaque
3096 1039 3204 1092 vita

2019 1125 2232 1190 Extitit,
2261 1126 2402 1181 unde
2426 1141 2528 1181 suo
2552 1125 2780 1182 nimium
2813 1127 2879 1182 de
2901 1126 3089 1183 funere
3116 1129 3257 1200 patri

2018 1213 2283 1270 Omnibus
2330 1222 2386 1269 et
2442 1214 2671 1271 Francis
2708 1216 2971 1286 gemitum
3010 1217 3324 1290 luctumque
3372 1220 3608 1292 reliquit.

2508 1304 2659 1360 Anno
2683 1306 2806 1362 811.
2835 1305 3034 1362 Indici.
3067 1309 3121 1363 5.

2021 1396 2234 1452 Rursus
2265 1403 2326 1451 ut
2359 1397 2705 1468 omnipotens
2736 1414 2893 1454 caros
2919 1399 3022 1454 sibi
3061 1415 3189 1472 sepe
3218 1400 3442 1473 flagellis

2018 1488 2236 1555 Erudit,
2271 1497 2530 1545 aeternae
2565 1491 2654 1546 det
2677 1498 2737 1545 ut
2760 1490 2869 1546 illis
2905 1493 3102 1562 gaudia
3131 1493 3294 1560 vitae,

2018 1577 2266 1651 Augusto
2285 1578 2368 1635 vis
2394 1579 2581 1635 iudicii
2607 1581 2916 1637 veneranda
2951 1583 3170 1652 superni

2025 1669 2254 1726 Omnem
2279 1671 2564 1742 praeteriti
2596 1670 2798 1726 luctum
2824 1671 3196 1743 geminaverat
3222 1671 3371 1739 anni,
3428 1673 3434 1680 ’

1955 1743 1996 1801 Β
2023 1757 2196 1830 lpsius
2218 1776 2501 1816 assumens
2524 1761 2689 1816 alium
2714 1761 2780 1832 de
2804 1777 3033 1833 corpore
3059 1772 3285 1831 natum,

2023 1851 2373 1924 Mortalisque
2396 1852 2588 1908 iubens
2615 1852 2760 1907 vitae
2788 1851 2950 1908 ﬁnire
2979 1854 3260 1910 tumultus.

2021 1943 2121 2000 Hic
2140 1945 2315 2016 patris
2340 1945 2634 2017 equivocus
2659 1945 2856 2011 fuerat,
2889 1961 2992 2002 nec
3022 1947 3240 2002 nomine
3267 1946 3400 2014 solo,

2019 2033 2204 2090 Indole
2225 2035 2322 2091 sed
2347 2034 2544 2091 mentis
2569 2035 2715 2094 clara
2733 2036 3111 2108 probitateque
3137 2053 3371 2102 morum,

2020 2122 2454 2199 Omnimodaque
2481 2135 2697 2198 patrem
2717 2128 2980 2183 virtutum
3001 2129 3126 2185 dote
3154 2129 3401 2195 referret,

2021 2217 2079 2272 Si
2103 2227 2316 2274 rectore
2344 2216 2453 2273 frui
2479 2219 2770 2274 meruisset
2797 2217 3028 2276 Francia
3060 2220 3177 2278 tali.

2019 2305 2134 2362 Iloc
2159 2321 2378 2378 quoque
2405 2306 2724 2364 Bernhardo
2747 2323 2978 2382 regnum
3001 2320 3344 2368 concesserat
3369 2327 3511 2370 anno

2015 2399 2262 2457 Italicum
2288 2401 2414 2472 pius
2443 2400 2753 2475 Augustus;
2794 2419 2919 2459 nam
2951 2402 3096 2460 ﬁlius
3119 2405 3261 2460 idem

1994 2523 1996 2525 -
2020 2490 2236 2562 Pippini
2264 2493 2462 2550 merito
2482 2494 2622 2566 patri
2647 2503 2984 2552 successerat
3007 2495 3188 2552 heres.

2482 2585 2636 2643 Anno
2675 2587 2801 2644 812.
2855 2586 3054 2643 Indict.
3094 2587 3150 2643 4.

2018 2675 2253 2732 Maxima
2277 2674 2585 2748 longinquis
2611 2684 2882 2732 terrarum
2916 2678 3065 2734 venit
3089 2679 3157 2734 ab
3184 2679 3337 2736 horis

2017 2767 2318 2823 Grecorum
2353 2767 2421 2823 de
2447 2767 2785 2838 principibus
2810 2767 3012 2839 legatio
3036 2770 3226 2826 missa.

2018 2863 2062 2917 A
2088 2863 2287 2933 quibus
2311 2863 2590 2936 Augustus
2614 2880 2804 2935 pacem
2822 2866 3029 2922 donare
3053 2877 3294 2940 rogatus,

2017 2953 2137 3008 lure
2173 2953 2281 3025 piis
2300 2955 2574 3026 precibus,
2603 2957 2832 3012 multum
2861 2974 2998 3029 quas
3021 2960 3172 3015 novit
3190 2963 3405 3034 utrique

2021 3045 2299 3102 Proﬁcuas
2329 3064 2514 3120 regno,
2547 3059 2898 3106 consenserat
2922 3050 3047 3108 ilico
3072 3054 3332 3122 clemens,

1944 3097 1988 3157 δ
2023 3137 2238 3193 Foedus
2259 3145 2315 3193 et
2335 3097 2478 3194 inter
2503 3155 2562 3194 se
2583 3139 2707 3196 ﬁdei
2728 3141 2987 3210 pacisque
3017 3145 3282 3200 tenendae

2023 3227 2255 3285 Iurando
2277 3237 2461 3300 partes
2497 3229 2786 3286 ﬁrmarunt
2813 3233 3062 3301 protinus
3083 3237 3292 3292 ambae.

2499 3320 2651 3374 Anno
2676 3321 2803 3378 815.
2832 3321 3030 3378 lndict.
3067 3325 3121 3379 5.

2024 3412 2135 3468 lam
2167 3412 2346 3485 gravis
2371 3412 2616 3483 Augusto
2641 3415 2865 3470 morbus
2889 3416 3050 3471 simul
3067 3426 3230 3488 atque
3254 3431 3506 3476 senectus

2022 3505 2263 3578 Corpore
2289 3507 2625 3562 sustulerant
2646 3506 2863 3563 solitum
2890 3519 3170 3567 marcente
3195 3511 3438 3583 vigorem
3465 3529 3478 3578 ;

2022 3596 2417 3668 Curarumque,
2452 3598 2650 3668 quibus
2670 3614 2759 3655 res
2783 3601 2995 3671 publica
3017 3608 3171 3658 tanta
3193 3605 3425 3676 regenda

2020 3688 2098 3746 Ac
2120 3689 2385 3745 servanda
2406 3690 2526 3753 fuit,
2556 3706 2664 3748 non
2692 3706 2752 3748 se
2786 3693 3012 3751 sufferre
3036 3695 3218 3752 valere

2021 3779 2370 3836 immodicum
2392 3780 2622 3851 pondus,
2651 3782 2895 3852 placidae
2924 3786 3019 3842 sed
3043 3786 3156 3843 sola
3185 3787 3384 3858 quietis

2021 3871 2172 3938 Otia,
2193 3888 2448 3944 supremo
2476 3873 2708 3932 labentis
2730 3883 2972 3946 tempore
3005 3877 3150 3933 vitae

2022 3964 2168 4020 Vidit
2193 3968 2424 4023 amanda
2457 3968 2582 4036 sibi,
2605 3984 2713 4038 quo
2737 3984 3034 4039 procurare
3053 3970 3309 4042 migranti

2021 4055 2161 4112 Hinc
2189 4057 2404 4113 animae
2431 4059 2673 4129 requiem
2700 4059 2954 4129 propriae
2999 4060 3324 4129 veniamque
3349 4061 3618 4118 studeret.

2023 4145 2179 4204 Unde
2202 4149 2368 4206 duces
2389 4165 2454 4206 ac
2482 4151 2753 4219 primores
2786 4149 3159 4220 sollempniter
3186 4165 3394 4208 omnes-

2022 4239 2200 4309 Atque
2223 4242 2575 4312 magistratus
2603 4241 2670 4296 ad
2701 4241 2989 4298 concilium
3026 4243 3280 4313 generale

2025 4328 2275 4398 Undique
2305 4329 2540 4400 collegit,
2562 4337 2798 4399 natoque
2820 4344 2917 4384 suo
2943 4329 3260 4386 Hiudowico

2023 4419 2354 4476 Cunctorum
2380 4435 2504 4476 cum
2534 4421 2759 4477 consilio
2793 4420 2878 4476 ius
2903 4435 3064 4478 omne
3087 4423 3308 4494 regendi

2024 4511 2270 4568 Tradidit
2296 4511 2526 4583 imperii,
2556 4526 3034 4582 successoremque
3057 4512 3270 4584 paterni

2021 4604 2276 4678 imposito
2302 4603 2605 4677 designavit
2637 4603 2942 4659 diademate
2969 4603 3144 4676 regni,

2020 4699 2450 4768 Consortemque
2487 4697 2570 4752 sui
2593 4695 2796 4751 factum
2825 4697 2989 4752 totius
3014 4697 3240 4754 honoris

2019 4790 2324 4862 Augustum
2347 4787 2558 4860 pariter
2581 4787 2810 4844 vocitari
2837 4787 3072 4845 iusserat
3093 4790 3293 4859 ipsum.

2021 4882 2174 4950 Quod
2202 4896 2326 4937 cum
2345 4879 2636 4951 magniﬁco
2663 4880 2796 4936 satis
2816 4894 3076 4951 accepere
3099 4879 3286 4938 favore

2020 4975 2317 5033 Consilium
2341 4974 2543 5040 cuncti,
2582 4989 2705 5031 cum
2725 4989 2951 5045 prorsus
2982 4975 3036 5032 id
3069 4975 3203 5033 utile
3233 4991 3404 5048 regno

2020 5066 2351 5122 Multimodis
2377 5065 2771 5138 intellegerent.
2802 5065 2940 5122 Hinc
2960 5075 3119 5124 aucta
3144 5065 3359 5125 refulsit

2021 5157 2274 5212 Maiestas
2303 5153 2504 5223 Caroli,
2542 5158 2830 5214 concordia
2853 5157 2994 5214 facta
3021 5157 3220 5214 futuris

2022 5248 2160 5303 Ilinc
2186 5255 2272 5304 est
2295 5247 2650 5318 temporibus,
2678 5264 2800 5304 cum
2825 5257 2903 5303 tot
2931 5256 3092 5318 caput
3118 5247 3298 5302 extitit
3321 5263 3514 5314 unum;

2023 5340 2278 5397 Unanimi
2300 5339 2514 5410 populis
2541 5349 2901 5398 monstratum
2929 5347 3108 5395 mente
3129 5339 3490 5408 sequendum.

2021 5436 2159 5493 Hinc
2187 5445 2364 5492 metus
2386 5435 2628 5492 externis
2657 5435 2905 5489 incussus
2932 5431 3182 5503 gentibus
3207 5431 3416 5503 ingens.

2021 5527 2107 5584 Nil
2131 5543 2354 5600 sperare
2391 5527 2546 5584 dedit
2569 5525 2750 5582 Caroli
2785 5525 2851 5580 de
2874 5532 3050 5579 morte
3073 5523 3393 5596 propinqua.

2021 5622 2138 5690 Quo
2160 5622 2330 5678 minui
2357 5629 2541 5691 posset
2567 5627 2740 5676 status
2765 5627 2820 5674 et
2843 5618 3180 5674 rectissimus
3204 5619 3338 5676 ordo

2023 5713 2193 5787 Regni
2219 5712 2572 5782 Francorum,
2604 5708 2758 5769 cuius
2782 5725 2891 5770 non
2915 5703 3300 5783 ante‘reliquid
