3868 6174
384 327 486 382 ’ἱΞῖ
944 324 951 327 ’
1550 328 1554 333 ’
1724 322 1878 378 ΡΟΕἹ

2066 306 2311 373 \XOMS
3524 320 3612 375 ’ἴἓό

383 441 517 495 Tam
550 437 731 493 clarus
789 435 1036 507 princeps
1094 436 1349 507 regimen,
1419 450 1579 505 quam
1631 434 1860 504 sumpsit
1905 433 2031 493 id'A
2062 429 2153 484 Sic
2183 442 2393 483 morum
2418 428 2682 497 probitas,
2710 428 2881 483 animi
2913 429 2993 485 sic
3020 432 3247 487 maxima
3277 432 3456 497 virtus,
3552 430 3581 439 ”

1705 523 1886 596 [alter,
1916 590 1923 599 ‘

386 622 554 687 Quem
578 618 769 674 merito
795 618 935 688 patri
964 617 1195 672 similem
1234 619 1431 672 virtute
1462 624 1733 689 putarent,

384 712 427 765 Α
448 727 555 781 quo
581 725 687 765 non
713 709 952 774 dubium,
993 700 1124 779 quin
1148 709 1314 763 armis
1348 722 1507 778 regna
1535 708 1758 763 subacta

383 801 590 856 (Iuncta
610 798 769 854 simul
795 799 911 853 miti
943 806 1154 870 regeret
1174 799 1490 853 moderante
1515 798 1722 866 sophia.

383 893 455 949 Ut
478 894 746 963 quondam
776 908 1000 963 magnus
1026 893 1231 964 pariter
1259 908 1353 947 rex
1378 900 1539 961 atque
1565 891 1842 961 propheta,

382 983 484 1051 Qui
530 983 699 1054 lyrico
731 983 1039 1039 modulante
1090 982 1232 1039 melo
1267 982 1519 1037 caelestia
1553 980 1741 1036 doctus

383 1074 636 1130 Carmina
665 1074 845 1129 divino
871 1074 1168 1143 completus
1192 1088 1425 1144 pangere
1447 1072 1595 1137 ﬂatu,

383 1164 535 1221 Nunc
556 1165 792 1237 cytharis
815 1164 983 1220 David
1009 1165 1203 1237 digitos
1227 1165 1528 1233 ﬁdibusque
1561 1164 1796 1241 canoris,

380 1254 537 1312 Nunc
564 1255 772 1327 capulis
802 1265 986 1327 aptare
1007 1271 1200 1311 manus
1223 1254 1494 1325 armisque
1523 1254 1747 1317 solebat,

380 1349 697 1405 Innumeras
719 1354 1005 1421 postquam
1029 1354 1214 1421 gentes
1241 1347 1531 1417 hostesque
1560 1347 1846 1415 triumphis
1914 1418 1915 1421 η

385 1436 708 1494 ὃιὼᾶῑιίοινίιι
735 1439 985 1509 propriis,
1020 1438 1227 1493 meritis
1252 1446 1494 1493 maturus
1516 1444 1570 1492 et
1602 1434 1774 1501 annis,

386 1531 459 1586 Se
481 1531 713 1596 vivente,
742 1546 874 1587 suus
902 1530 1059 1585 iussit
1089 1546 1194 1600 quo
1225 1529 1367 1585 ﬁlius
1404 1530 1551 1584 omni

384 1620 612 1677 llaebrei
640 1620 891 1677 Salomon
920 1623 1070 1692 regni
1094 1621 1362 1676 frueretur
1390 1622 1611 1675 honore.
1682 1630 1689 1637 ‘

385 1714 476 1769 Sic
498 1714 723 1771 Carolus
749 1723 932 1771 noster
966 1713 1155 1770 solitus
1182 1721 1415 1768 tractare
1443 1711 1680 1767 vicissim

386 1802 616 1870 Proelia,
642 1803 985 1859 daemonicos
1010 1802 1172 1858 etiam
1204 1803 1516 1858 subvertere
1538 1800 1732 1865 cultus,

383 1895 717 1958 Catholicam
741 1894 956 1950 ﬁrmare
978 1895 1162 1960 ﬁdem,
1187 1894 1551 1964 damnareque
1580 1901 1755 1948 sectas

384 1989 690 2055 Perversas,
717 1997 778 2043 ut
805 1988 1080 2045 doctrinae
1104 1988 1354 2043 coelestis
1376 1988 1575 2059 ubique

385 2080 592 2136 Cordae
618 2081 912 2136 concordes
942 2079 998 2134 in
1026 2078 1227 2135 Christi
1251 2079 1409 2134 laude
1433 2086 1702 2143 sonarent,

386 2170 663 2242 Magniﬁce
688 2171 843 2226 bellis
867 2187 1092 2242 regnum
1117 2170 1280 2226 nimis
1298 2170 1683 2240 ampliﬁcatam

383 2261 639 2318 l‘rudenti
665 2271 791 2318 nato
816 2277 1113 2333 pacemque
1140 2260 1355 2332 reliquit
1378 2262 1608 2327 amanti,

384 2353 593 2423 Quique
615 2353 804 2409 labore
827 2355 997 2424 patris
1023 2355 1165 2409 bona
1194 2354 1499 2424 conquisita
1526 2353 1742 2422 quietus

386 2445 657 2511 Sumeret,
685 2460 943 2501 exercens
968 2446 1133 2501 divini
1156 2447 1405 2518 dogmata
1444 2446 1642 2501 cultus.
1686 2488 1691 2499 ,

387 2535 531 2590 llaec
554 2534 629 2589 ita
654 2534 780 2589 dum
804 2532 1013 2599 ﬁerent,
1039 2535 1238 2604 passim
1267 2535 1531 2604 permixta
1556 2533 1768 2589 videres

384 2625 591 2679 Gaudia
618 2624 893 2679 tristitiae.
927 2624 1061 2678 Nam
1091 2638 1180 2679 res
1199 2640 1265 2679 ex
1290 2624 1479 2679 ordine
1506 2633 1656 2696 gesta

386 2714 452 2768 Et
481 2714 690 2769 ratione
714 2714 823 2784 pia,
849 2713 1032 2767 multis
1056 2728 1179 2768 cum
1206 2713 1322 2767 iure
1348 2713 1605 2782 placeret,

383 2806 628 2877 Amplius
649 2805 917 2877 angebant
939 2812 1163 2861 cunctos
1185 2813 1365 2859 tamen
1387 2805 1531 2860 intus
1559 2806 1727 2861 amari

383 2897 649 2952 Mestitiae
671 2895 894 2961 stimuli,
919 2896 1060 2965 quod
1083 2896 1234 2950 carni
1262 2896 1473 2952 debitus
1501 2898 1649 2952 omni

385 2989 463 3043 Ex
484 2986 657 3045 oculis
679 3002 865 3043 earnm
890 2985 1141 3043 Carolum
1166 2995 1415 3057 rapturus
1440 2989 1652 3044 adesset

384 3078 689 3135 Terminus.
734 3077 793 3133 Id
810 3077 1058 3133 valetudo
1085 3077 1243 3133 simul
1264 3072 1487 3149 cogebat
1515 3088 1569 3134 et
1598 3088 1764 3136 aetas.

384 3169 561 3238 thue
582 3167 719 3225 solet
744 3167 882 3235 ﬁeri,
914 3169 1164 3239 quotiens
1185 3169 1510 3226 ammittitur
1528 3171 1636 3225 ulla

381 3257 489 3312 lies
514 3258 671 3322 bona,
703 3266 832 3313 tunc
854 3257 1044 3313 melius
1065 3258 1210 3329 cogit
1231 3258 1387 3315 dolor
1411 3259 1524 3329 ipse
1545 3260 1739 3325 videri,

378 3346 552 3418 Ipsius
570 3347 774 3404 utilitas
798 3348 973 3420 qualis
998 3350 1347 3420 pretiumque
1366 3348 1555 3407 fuisset
1588 3366 1601 3404 :

453 3496 479 3523 ι
516 3480 736 3538 lliatum
759 3482 1054 3539 tollendum
1082 3497 1200 3538 esse
1230 3498 1335 3537 non
1367 3482 1556 3552 liquet.

2064 518 2153 574 Sic
2175 518 2350 588 pietas
2373 516 2552 573 Caroli
2575 524 2893 574 cunctorum
2922 523 3195 578 mentibus
3220 524 3425 588 herens,

2065 610 2106 664 Τ
2113 626 2213 664 une
2234 618 2512 680 perspecta
2545 610 2715 685 magis
2744 609 2938 676 fuerat,
2974 627 3095 667 cum
3122 615 3358 684 principe
3382 615 3466 668 tali

2066 704 2200 759 Sese
2217 706 2513 761 cemehant
2533 707 2801 761 carituros
2822 720 2943 761 esse
2970 724 3068 777 per
3094 712 3304 763 aevu‘m.

2067 795 2459 866 Multorumque
2488 813 2682 868 graves
2701 799 3002 868 sapientum
3027 804 3245 870 pectora
3268 817 3424 856 curae

2066 889 2399 956 Mordebant,
2425 889 2479 944 in
2498 891 2733 946 deterius
2764 891 2869 945 iam
2902 892 3123 962 iamque
3152 892 3429 948 timentum

2066 978 2336 1047 Lapsuras
2361 995 2450 1035 res
2476 979 2833 1046 Francorum,
2868 981 3066 1037 multas
3085 996 3299 1053 quoque
3316 983 3488 1039 clades

2066 1068 2196 1123 Post
2219 1069 2426 1123 obitum
2458 1070 2595 1124 tanti
2623 1079 2878 1126 venturas
2912 1069 3173 1141 principis
3193 1086 3331 1127 esse.

2070 1160 2139 1216 Ut
2166 1160 2265 1214 sub
2292 1160 2398 1215 ﬁne
2422 1161 2563 1216 cadit
2591 1177 2713 1217 cum
2741 1162 2950 1234 longior
2978 1164 3170 1219 umbra
3194 1163 3319 1230 diei,

2066 1253 2134 1306 Et
2156 1252 2234 1308 sol
2265 1254 2451 1309 oceani
2478 1270 2775 1326 properans
2798 1271 2856 1311 se
2885 1257 3136 1328 tinguere
3174 1255 3336 1312 ﬂuctu

2067 1345 2249 1416 Pergit
2270 1345 2325 1400 in
2349 1346 2609 1412 cubitum,
2640 1349 2773 1420 tegit
2792 1357 2846 1404 et
2876 1348 3152 1421 ferrugine
3175 1352 3378 1407 vultum

2067 1436 2418 1508 Lucigenum,
2447 1439 2615 1494 mixto
2645 1440 2870 1496 maculis
2888 1442 3098 1512 pallore
3124 1444 3351 1514 nigellis,

2069 1524 2232 1597 Signa
2253 1526 2551 1596 proccllose
2576 1528 2873 1586 daLnoctis
2895 1529 3095 1588 abinde
3120 1536 3411 1604 sequentis,

2069 1614 2327 1685 Quamvis
2355 1619 2671 1686 succedens,
2707 1621 2833 1675 dum
2862 1623 3083 1679 tramite
3115 1624 3287 1681 fertur
3318 1629 3515 1695 eodem,

2069 1710 2211 1766 Orbe
2234 1712 2379 1767 valet
2400 1713 2559 1782 pleno
2582 1714 2908 1771 sublustrcm
2936 1719 3167 1774 reddere
3195 1719 3341 1776 luna.

2005 1793 2047 1852 Β
2076 1802 2226 1858 llaud
2250 1782 2409 1858 aliter
2436 1812 2549 1858 tum
2574 1807 2869 1875 prudentes
2894 1822 3121 1865 sensere
3146 1808 3349 1868 futuras

2067 1891 2337 1948 Bellorum
2386 1902 2751 1964 tempestates,
2808 1897 3116 1968 meritoque
3155 1904 3436 1971 gemeadas

2066 1983 2235 2054 Regni
2259 1976 2590 2040 Francorum
2619 1984 2813 2043 Carolo
2833 1988 3107 2046 moriente
3133 1993 3334 2047 ruinas.

2066 2074 2308 2131 Solvitur
2328 2078 2533 2134 interea
2562 2080 2744 2150 populi
2774 2090 3097 2151 conventus,
3120 2092 3175 2139 et
3200 2084 3322 2141 inde

2065 2165 2167 2232 Qui
2191 2165 2408 2222 fuerant
2433 2184 2688 2240 proceres
2709 2172 2933 2228 redituri
2957 2176 3183 2231 tramite
3210 2176 3366 2249 longo

2065 2256 2146 2312 Ad
2172 2257 2329 2314 sedes
2357 2261 2623 2330 proprias,
2647 2262 2864 2318 sibimet
2888 2264 2998 2322 iam
3023 2267 3378 2334 conicientes,

2066 2350 2191 2405 Cari
2217 2363 2568 2423 conspectum
2589 2354 2794 2410 domini
2816 2369 2840 2397 δ
2866 2356 3011 2414 hunc
3038 2374 3171 2415 esse
3207 2375 3522 2430 supremum,

2065 2440 2267 2495 lnterni
2298 2442 2531 2514 gemitus
2550 2445 2810 2501 dederant
2835 2448 3125 2519 animique
3153 2450 3374 2508 dolentis

2065 2529 2291 2585 Pallenti
2318 2531 2528 2603 signum
2554 2531 2692 2589 facie
2715 2550 3034 2607 meroreque
3062 2554 3287 2609 pressa.

2066 2621 2376 2693 Composito
2401 2624 2584 2695 plures
2612 2628 2782 2693 vultu,
2810 2628 2940 2684 dum
2965 2631 3182 2702 ﬁngere
3204 2633 3371 2691 laetos

2068 2710 2140 2767 Se
2165 2713 2409 2783 cupiunt,
2439 2731 2547 2785 quo
2564 2726 2877 2787 suspectum
2899 2722 3177 2790 reperiret
3197 2724 3251 2778 in
3279 2723 3380 2779 illis

2066 2801 2153 2857 Nil
2179 2819 2350 2860 novus
2377 2814 2656 2877 angustus,
2684 2815 2866 2865 tamen
2896 2818 2951 2865 et
2970 2810 3164 2867 ridere
3186 2811 3447 2868 volentum

2067 2894 2173 2951 Ora
2200 2898 2419 2953 madent
2436 2899 2672 2956 lacrimis
2702 2900 2837 2956 falsa
2863 2903 3004 2957 inter
3033 2906 3242 2975 gaudia
3268 2907 3423 2962 veris.

2067 2986 2185 3042 Non
2210 2988 2386 3043 aulam
2414 2997 2541 3046 tunc
2570 3006 2721 3046 more
2744 3007 2842 3047 suo
2862 2993 3179 3063 complebat
3211 2996 3497 3066 Aquensem

2068 3078 2336 3136 Lacticiae
2361 3098 2544 3149 sonus,
2569 3084 2787 3139 auditur
2811 3101 2915 3141 vox
2945 3089 3162 3145 musica
3195 3105 3465 3160 nusquam,

1991 3153 2036 3211 Ο
2067 3169 2373 3241 Alloquitur
2401 3174 2606 3228 socium
2631 3175 2720 3229 vix
2748 3175 2936 3231 saltem
2959 3192 3244 3234 murmure
3264 3153 3398 3233 tristi

2069 3262 2305 3335 Quisque
2334 3280 2509 3333 suum,
2538 3268 2773 3337 prodens
2821 3269 3018 3324 tacitus
3048 3270 3185 3340 quid
3226 3279 3433 3341 pectore
3452 3277 3611 3340 gestet,

2070 3351 2203 3407 Cum
2231 3353 2385 3409 dolor
2404 3357 2630 3426 imponit
2658 3360 2993 3429 gemebunda
3022 3360 3241 3416 silentia
3267 3359 3458 3415 multis.

1021 3730 1565 3809 ANNALIUM
1626 3731 1757 3808 DE
1816 3729 2179 3810 GESTIS
2239 3729 2605 3809 CABOLI
2669 3729 2997 3809 MAGNI

769 3898 949 3943 LIBER
994 3902 1280 3954 QUARTUS
1324 3903 1659 3957 EXPLICIT;
1701 3898 1936 3946 INCIPIT
1980 3902 2250 3956 QUINTUS
2293 3902 2374 3944 DE
2420 3902 2560 3945 VITA
2610 3904 2687 3945 ΕΤ
2728 3901 2919 3945 OBITU
2960 3903 3273 3947 EIUSDEM.
3326 3909 3348 3935 ο

382 4122 605 4195 Pangitc
627 4120 732 4177 iam
759 4119 972 4174 lacerae
995 4134 1217 4173 carmen
1244 4119 1469 4190 lugubre
1496 4119 1750 4184 Camene,

453 4215 656 4284 Dignus
674 4210 819 4268 enim
843 4210 1027 4266 multis
1050 4225 1224 4265 anuus
1253 4210 1343 4265 hic
1370 4210 1736 4267 estlacrimis.

382 4308 523 4363 Ecce
547 4312 741 4376 quater
761 4303 914 4360 denis
934 4302 1210 4372 ternisque
1239 4302 1513 4372 prioribus
1542 4303 1717 4368 annis,

452 4397 591 4464 Quid
614 4393 723 4451 nisi
746 4393 1075 4466 prosperitas
1094 4393 1239 4449 dicta
1262 4390 1360 4447 fuit
1385 4392 1560 4448 Caroli
1587 4395 1609 4447 ?

379 4489 571 4543 Annua
596 4500 721 4543 cum
742 4484 903 4539 variis
932 4483 1098 4555 ipsius
1116 4492 1266 4555 gesta
1293 4485 1577 4554 triumphis

453 4580 589 4634 Tum
615 4577 818 4650 placuit
851 4576 992 4633 laeto
1013 4592 1404 4635 connumerare
1428 4577 1570 4633 stilo.

382 4671 452 4727 At
474 4672 633 4727 modo
658 4670 905 4741 lugentes
928 4667 1135 4724 obitum
1167 4682 1270 4724 nos
1296 4668 1552 4724 admonet
1572 4670 1705 4724 ordo

452 4764 522 4818 Et
546 4771 755 4832 tempus
784 4760 921 4816 tanti
950 4775 1375 4816 commemorare
1410 4760 1533 4814 viri.

386 4852 485 4909 llic
511 4852 624 4908 veri
647 4851 907 4923 plangunt
931 4850 1087 4922 elegi,
1117 4850 1193 4905 nil
1216 4850 1419 4921 ﬁngere
1445 4861 1676 4906 mestnm

454 4947 551 5002 Est
570 4959 725 5014 opus,
754 4941 980 4998 allectus
1002 4958 1090 4998 res
1112 4944 1275 4998 habet
1296 4943 1411 5017 ipsa
1439 4959 1584 5000 suos.

385 5038 517 5107 Quis
543 5034 809 5101 recolens,
832 5033 1006 5105 qualis
1028 5031 1210 5099 fuerit,
1243 5034 1400 5090 modo
1424 5034 1609 5091 defore
1634 5036 1793 5091 terris

455 5133 585 5190 'l‘ale
612 5133 777 5189 decus
795 5129 1023 5185 nimium
1046 5143 1153 5184 non
1182 5136 1364 5199 gemat
1391 5139 1445 5182 et
1470 5128 1691 5184 doleat?

384 5226 492 5284 Sed
520 5225 648 5297 quia
668 5238 759 5281 res
783 5219 1092 5278 consolatur
1108 5219 1244 5275 haec
1272 5219 1385 5275 sola
1418 5219 1624 5286 ﬁdeles,

453 5319 622 5377 Cares
647 5332 673 5360 α
696 5315 840 5373 forte
864 5329 993 5370 suos
1014 5327 1161 5369 mors
1190 5311 1386 5382 quibus
1410 5311 1712 5377 abstulerit,

384 5411 490 5467 Pro
509 5411 667 5468 iustis
694 5417 757 5464 ut
781 5422 875 5464 eos
900 5404 1131 5462 feliciter
1156 5403 1365 5459 actibus
1393 5417 1510 5459 esse

456 5499 739 5556 Conﬁdant
764 5496 912 5569 regni
938 5495 1231 5569 participes
1254 5494 1433 5565 superi
1462 5511 1474 5545 :
1714 5566 1719 5569 Δ

388 5586 588 5642 Llcirco
616 5587 885 5650 meritum,
921 5602 1019 5656 pro
1046 5600 1151 5653 quo
1186 5585 1341 5640 modo
1369 5582 1639 5639 credimus
1667 5584 1812 5638 illum

461 5730 483 5757 ο
526 5717 676 5770 Bein.
705 5724 758 5780 et
781 5717 993 5782 Leihn.,
1023 5735 1195 5775 curus.

2139 4119 2332 4175 Vivere
2358 4134 2480 4173 eum
2509 4117 2743 4182 Christo,
2774 4118 2891 4172 iure
2914 4118 3043 4173 libet
3072 4135 3297 4176 canere.

2069 4212 2349 4267 Materiem
2369 4220 2572 4267 tantam
2601 4212 2761 4267 nimis
2787 4211 2959 4267 audax
2985 4213 3219 4287 barbara
3250 4218 3421 4287 lingua

2135 4305 2342 4377 Ingenii
2373 4305 2548 4361 tenuis
2575 4304 2783 4360 viribus
2806 4304 3124 4375 aggreditur
3149 4322 3165 4372 ;

1993 4426 2041 4483 η
2068 4395 2172 4451 Sed
2200 4410 2287 4450 me
2319 4410 2546 4466 magnus
2585 4411 2756 4461 amor,
2795 4396 3099 4466 praesentis
3148 4396 3403 4453 carminis
3429 4404 3605 4456 auctor.

2135 4485 2387 4558 Ignarum
2424 4485 2569 4541 fandi
2598 4502 2708 4542 non
2737 4487 2967 4543 reticere
3002 4488 3153 4543 sinit.

2064 4576 2304 4647 Denique
2332 4591 2451 4632 sum
2479 4575 2673 4633 Carolo
2696 4592 2908 4648 semper
2936 4575 3218 4648 ﬂagrantis
3249 4580 3461 4643 amoris,

2136 4667 2268 4723 Sum
2287 4683 2499 4739 quoque
2525 4669 2772 4740 perpetui
2800 4669 3011 4725 debitor
3034 4672 3282 4742 obsequii
3314 4689 3328 4737 ;

2062 4759 2112 4813 ls
2140 4767 2352 4830 gentem
2374 4767 2617 4815 nostram
2653 4758 2777 4815 ﬁdei
2806 4776 3133 4832 cognoscere
3161 4764 3335 4817 lucem

2133 4849 2379 4914 Fecerat,
2412 4849 2638 4905 abiectis
2662 4848 2922 4920 perﬁdiae
2955 4851 3212 4905 tenebris.

2064 4940 2235 5007 Quam
2257 4938 2506 4996 bellando
2538 4939 2647 5003 diu,
2676 4952 2840 5009 quam
2871 4939 3039 4995 multa
3065 4939 3303 5009 pericula
3329 4952 3525 5008 passus.

2133 5029 2306 5098 Quam
2325 5031 2521 5086 sudore
2550 5030 2719 5102 gravi,
2753 5044 2913 5100 quam
2943 5031 3120 5087 studio
3144 5030 3336 5102 vigili?

2062 5123 2240 5178 Poene
2266 5121 2621 5178 recordautur
2643 5121 2825 5193 populi
2858 5122 2961 5177 hoc
2990 5123 3254 5178 hactenus
3277 5136 3454 5178 omnes

2132 5214 2399 5284 Europae,
2425 5215 2557 5268 tanti
2588 5213 2875 5283 participes
2909 5214 3106 5285 operis.

2063 5303 2265 5375 Nempe
2289 5302 2371 5358 sui
2397 5302 2542 5358 vires
2571 5303 2721 5375 regni
2748 5303 3043 5375 collegerat
3071 5318 3281 5371 omnes,

2137 5399 2207 5456 Ut
2228 5414 2328 5455 nos
2348 5399 2641 5454 demonicis
2660 5398 2891 5455 cultibus
2913 5400 3267 5455 abstraheret.

2065 5490 2302 5560 Denique
2330 5489 2631 5545 barbariem
2662 5489 2908 5561 quisnam
2938 5488 3143 5546 mollire
3172 5485 3396 5542 ferocem

2130 5581 2313 5637 Posset
2343 5581 2676 5637 adhortantis
2707 5582 2972 5653 dogmatis
2996 5578 3224 5649 alloquio
3242 5576 3272 5629 ?.
