3868 6174
346 252 446 310 725
684 246 926 303 ANNAL.
969 248 1070 304 DE'
1095 246 1338 305 GESTIS
1375 248 1436 303 Β.
1476 247 1727 304 CAROLI
1764 247 1975 304 MAGNI
2019 249 2197 305 LIBRI
2237 251 2301 306 Υ.
2340 246 2410 289 ἷ-
2448 250 2603 306 VITA
2645 250 2911 307 CAROIJ.
2950 283 3020 292 -
3055 252 3181 307 LIB.
3224 255 3287 307 ν.
3492 258 3599 312 τω

345 364 422 420 0b
440 364 544 419 hoc
564 378 666 432 per
688 359 942 416 Carolum
965 359 1204 419 clemens
1232 358 1374 415 Deus
1395 368 1481 415 est
1505 367 1777 429 operatus,

412 454 468 509 Id
494 454 642 525 quod
669 462 801 509 tunc
820 451 978 506 aliter
1004 466 1111 506 non
1132 451 1308 523 potuit
1329 450 1468 505 fieri.

347 547 484 603 Usus
510 546 656 600 enim
680 544 916 616 gemina,
944 542 1219 605 Saxonum
1245 558 1410 599 saxea
1436 541 1616 609 corda,

404 638 561 704 Arte,
589 636 854 692 suadebat
876 634 1107 691 subdere
1131 649 1190 690 se
1215 634 1465 700 Domino,

343 726 492 782 Nunc
519 735 733 781 terrens
759 724 920 787 bello,
946 738 1092 778 nunc
1120 723 1276 779 donis
1300 722 1606 787 alliciendo,

406 818 520 874 Illic
541 818 941 890 magnanimus,
966 815 1056 871 hic
1074 830 1287 887 quoque
1312 814 1618 870 munificus.

340 910 446 966 Nec
470 911 626 981 prius
644 908 953 973 abstiterat,
982 906 1218 962 Saxonia
1245 921 1408 977 quam
1430 905 1594 962 simul
1616 906 1793 961 omnis

406 998 554 1056 Idola
576 998 847 1070 proiciens
869 995 1015 1052 facta
1050 996 1224 1052 ﬁdelis
1244 1005 1386 1051 erat.

337 1093 479 1160 Quas
508 1093 677 1164 igitur
702 1099 886 1161 grates
911 1090 986 1145 illi
1004 1088 1164 1149 modo
1182 1105 1471 1160 possumus
1500 1106 1711 1154 omnes,

407 1186 501 1242 Vel
527 1199 666 1256 quas
683 1184 913 1254 quisque
936 1198 1033 1239 suo
1052 1182 1262 1239 solvere
1279 1197 1379 1254 pro
1409 1181 1625 1238 modulo
1651 1183 1674 1235 ?

336 1276 525 1345 Siqua
549 1290 727 1333 meam
750 1274 1144 1343 scripturarum
1168 1271 1455 1327 scintillula
1485 1280 1723 1327 mentem

397 1364 576 1431 Artis,
599 1373 656 1421 et
688 1362 923 1420 illustrat
944 1364 990 1418 si
1015 1378 1123 1433 qua
1151 1363 1454 1429 scientiola,

332 1456 523 1513 Nonne
543 1456 694 1515 dabit
716 1456 855 1513 iuste
877 1454 1070 1511 Carolo
1089 1454 1378 1524 praeconia
1402 1452 1621 1509 laudum

397 1548 509 1602 Per
535 1562 700 1618 quem
721 1545 965 1601 nancisci
988 1544 1094 1599 tale
1116 1545 1321 1601 bonum
1340 1543 1518 1600 merui
1542 1544 1564 1597 ?

329 1638 517 1694 Nostri
540 1653 649 1692 non
678 1636 854 1692 solum
883 1634 1008 1690 fidei
1031 1635 1354 1690 documenta
1376 1642 1647 1705 parentes,

402 1729 514 1786 Sed
541 1729 757 1800 penitus
778 1739 1003 1786 cunctos
1028 1728 1340 1783 nescierant
1368 1726 1549 1797 apices
1575 1744 1590 1789 ;

329 1823 435 1879 Per
464 1821 719 1878 Carolum
746 1836 916 1891 nuper
942 1821 1099 1877 nobis
1115 1831 1199 1875 est
1223 1819 1383 1874 huius
1405 1819 1681 1881 honestas,

398 1913 480 1969 Ac
500 1912 705 1985 pariter
727 1913 873 1968 vitae
902 1927 1026 1982 spes
1055 1910 1183 1967 data
1209 1919 1524 1983 perpetuae.

327 2069 473 2140 Ergo
502 2067 599 2123 tibi
620 2066 856 2138 primum
881 2066 1071 2137 dignas
1099 2081 1198 2121 nos
1229 2066 1410 2122 dicere
1429 2066 1620 2121 laudes

398 2144 480 2216 Da
508 2161 670 2227 Deus,
697 2158 993 2216 omnimodi
1020 2156 1143 2214 fons
1169 2166 1225 2215 et
1251 2159 1405 2231 origo
1442 2159 1570 2213 boni
1605 2174 1619 2224 ;

328 2254 571 2310 Muneris
592 2253 718 2309 inde
750 2252 828 2307 tui
857 2265 1258 2323 quamcumque
1277 2257 1530 2306 retexere
1556 2256 1769 2320 partem

400 2344 513 2399 Nos
540 2344 595 2398 in
621 2358 707 2407 eo,
731 2341 906 2398 nostri
937 2341 1046 2398 dux
1079 2340 1269 2407 animi,
1294 2341 1493 2405 tribue,

324 2438 501 2507 Quem
524 2437 613 2507 pie
632 2434 847 2492 Christe
870 2441 961 2490 tuo
983 2432 1277 2489 multorum
1301 2445 1453 2488 more
1472 2430 1636 2487 saluti

397 2526 765 2598 Prospiciens,
794 2522 958 2578 talem
978 2522 1330 2593 praestiteras
1354 2519 1492 2576 ﬁeri.
1728 2516 1733 2521 ’

326 2620 465 2675 Nam
494 2629 710 2673 nostrae
736 2614 1003 2670 miserans
1028 2619 1255 2669 naturae
1283 2612 1669 2677 conditionem,

400 2708 683 2780 Serpentis
711 2713 998 2778 postquam
1024 2704 1174 2759 fraus
1199 2701 1413 2759 vitiavit
1440 2718 1589 2766 eam,

324 2799 651 2856 Contulcras
677 2798 954 2853 hominum
976 2795 1160 2868 generi
1190 2793 1389 2849 solacia
1415 2793 1606 2849 crebra

398 2892 504 2946 Per
532 2889 711 2945 claros
735 2888 985 2943 homines
1015 2893 1178 2956 atque
1207 2885 1303 2940 tibi
1330 2884 1577 2956 placitos,

330 2981 584 3037 Ediciens
610 2978 801 3045 fortes,
828 2993 926 3048 per
955 2991 1092 3047 quos
1120 2974 1339 3046 fragiles
1360 2981 1678 3045 regerentur

402 3074 620 3138 Doctos,
645 3072 737 3142 qui
770 3070 1005 3141 reliquos
1030 3069 1361 3123 instruerent
1390 3066 1632 3122 stolidos.
1736 3050 1744 3055 ’

330 3166 401 3222 Ut
426 3164 520 3218 lux
556 3162 773 3217 illorum
794 3161 1046 3216 tenebras
1071 3157 1369 3229 depelleret
1394 3158 1614 3222 horum,

398 3254 666 3309 Errantes
692 3266 972 3318 revocans,
1005 3251 1405 3316 restituerisque
1432 3247 1575 3310 viae,

327 3347 554 3403 Stantes
578 3353 637 3399 ut
675 3344 946 3415 erigerent
974 3342 1174 3414 lapsos,
1214 3339 1537 3408 miserisque
1564 3337 1773 3409 piorum

397 3437 591 3493 Virtus
615 3433 863 3506 exemplo
893 3440 1039 3488 esset
1070 3439 1127 3487 et
1147 3429 1371 3485 auxilio.

328 3527 398 3581 Et
427 3525 564 3581 tales
592 3539 805 3594 semper
836 3522 1063 3578 dederas
1091 3520 1159 3575 ab
1188 3520 1401 3590 origine
1428 3515 1633 3581 mundi,

407 3617 528 3689 Apti
560 3616 831 3672 salvandis
854 3615 947 3685 qui
976 3611 1193 3668 fuerant
1214 3610 1355 3665 aliis.

327 3711 581 3781 Inprimis
599 3708 1035 3779 patriarcharum
1063 3718 1219 3760 sacer
1245 3702 1402 3766 ordo,
1429 3701 1621 3756 deinde

407 3799 649 3873 Legifer,
675 3806 731 3854 et
756 3806 940 3851 vatum
981 3796 1179 3869 missus
1200 3796 1267 3848 ad
1288 3794 1393 3848 hoc
1416 3793 1616 3846 chorus
1646 3797 1748 3845 est.

332 3892 447 3948 Nec
475 3908 580 3947 non
611 3893 664 3946 in
694 3890 862 3945 variis
892 3886 1156 3945 imitabile
1182 3884 1433 3957 gentibus
1458 3883 1586 3939 olim

410 3983 694 4056 Exemplar
716 3981 861 4047 iusti,
896 3989 948 4035 te
972 3993 1186 4051 quoque
1204 3984 1361 4044 teste,
1392 3975 1612 4031 dabant.

340 4076 444 4132 Sed
471 4077 592 4148 quis
616 4091 715 4147 per
743 4089 932 4131 servos
959 4072 1133 4129 servis
1160 4080 1214 4126 te
1240 4068 1575 4126 consuluisse

308 4156 315 4163 ’
409 4168 662 4233 Miretur;
695 4167 896 4222 donum
914 4164 987 4219 sit
1007 4163 1133 4219 licet
1160 4160 1460 4216 eximium?

340 4261 470 4318 Cum
506 4276 604 4332 per
628 4267 679 4315 te
700 4257 887 4314 mundi
915 4255 1164 4312 dominus
1183 4252 1304 4325 plus
1327 4252 1523 4325 egeris,
1550 4251 1719 4306 immo

406 4349 496 4406 Sis
516 4364 708 4419 passus
726 4346 966 4403 minimis
987 4344 1224 4401 maxima
1250 4358 1349 4414 pro
1378 4341 1618 4396 famulis.
1736 4326 1741 4331 ’

334 4443 441 4497 Pro
464 4440 662 4511 quibus
684 4436 897 4493 iniustis
919 4435 1113 4503 iustus,
1144 4449 1244 4505 pro
1275 4433 1522 4488 sontibus
1563 4432 1769 4495 insons,

405 4531 462 4585 In
494 4536 723 4585 mortem
751 4526 1026 4599 propriam
1056 4524 1355 4580 tradideras
1384 4524 1641 4577 animam.

339 4623 506 4676 Tanta
528 4620 841 4690 redemptor
869 4624 987 4672 erat
1014 4623 1236 4671 nostrae
1274 4613 1370 4668 tibi
1397 4628 1529 4669 cura
1559 4612 1771 4668 salutis.

405 4715 624 4770 Perdita
652 4728 724 4768 ne
752 4711 908 4770 ﬁeret
931 4724 1155 4784 prorsus
1174 4708 1355 4778 imago
1377 4706 1476 4761 tui.

340 4805 491 4862 Unde
522 4805 619 4860 tibi
638 4804 825 4859 laudes
853 4802 1194 4858 modulentur
1221 4804 1420 4855 cuncta
1449 4805 1653 4862 creata,

406 4898 583 4968 Atque
606 4912 747 4970 genu
781 4894 1000 4951 flectant
1030 4892 1255 4958 inferus,
1286 4903 1438 4957 arva,
1467 4888 1599 4961 poli.

341 4990 472 5044 Nam
521 5003 698 5060 neque
748 4986 876 5043 dum
902 4984 1187 5057 complevit
1240 4996 1396 5054 opus,
1425 4988 1517 5036 tua
1561 4981 1757 5053 gratia,
1808 4991 1925 5035 tan-

1689 5069 1850 5145 [tum,

410 5171 680 5236 Cessavit,
717 5169 834 5226 sine
872 5183 976 5239 qua
1006 5167 1215 5238 deperit
1240 5165 1418 5221 omnis
1443 5165 1607 5220 homo
1634 5181 1649 5231 ;

343 5264 447 5320 Sed
469 5271 594 5334 post
614 5262 749 5317 haec
772 5260 963 5315 eadem
987 5257 1259 5313 lucrandis
1285 5256 1536 5312 omnibus
1563 5263 1718 5310 extat

411 5354 552 5409 Cura
579 5367 678 5425 per
695 5350 896 5407 electos
920 5349 1169 5423 gentibus
1190 5347 1455 5403 exhibita.

346 5445 464 5501 Oris
482 5443 762 5515 apostolici
795 5450 1000 5496 terram
1023 5455 1187 5496 sonus
1209 5438 1307 5493 ivit
1336 5440 1388 5493 in
1415 5454 1656 5501 omnem,

420 5538 591 5593 Verba
628 5552 723 5606 per
751 5543 1023 5590 extremas
1054 5533 1336 5587 intonuere
1365 5531 1574 5603 plagas,

419 5690 443 5721 α
485 5678 561 5736 Ex
587 5676 848 5733 Einhardi
880 5674 998 5731 Vita
1027 5670 1226 5738 Caroli,
1260 5686 1376 5743 cap.
1399 5669 1453 5723 2.

1948 360 2003 425 Α
2028 358 2125 413 Cui
2151 360 2318 425 dedit,
2347 361 2598 416 aetherca
2623 362 2755 417 caeli
2783 363 3046 419 demissus
3065 365 3133 419 ab
3156 381 3301 423 arcc.

2095 446 2457 508 Flammantes
2480 450 2689 524 linguas
2717 451 2951 523 Spiritus
2974 440 3336 526 omnipotens.

2025 541 2070 597 0
2089 558 2250 613 quam
2283 543 2575 599 multorum
2598 551 2854 621 purgatas
2881 544 3041 600 sorde
3073 554 3257 602 reatus

2094 631 2301 687 Mentes
2326 631 2580 686 ardentes
2614 631 2744 686 fecit
2772 647 2958 690 amore
2989 634 3119 687 tuo!

2023 724 2240 780 Ordinis
2259 722 2499 791 ejusdem
2527 738 2627 778 nec
2656 737 2762 777 non
2790 724 3009 780 virtutis
3028 724 3233 780 honore

2093 815 2163 869 Et
2184 815 2358 871 studio
2384 815 2570 887 plures
2597 824 2721 886 post
2749 814 2965 870 fuerant
2995 815 3228 883 similes,

2024 907 2127 974 Qui
2154 907 2313 962 simul
2340 908 2602 978 exemplis
2632 907 2843 962 animas
2866 920 2923 963 et
2950 908 3200 981 dogmate
3225 926 3383 968 sacro

2096 996 2294 1054 Multas
2330 997 2553 1053 caelesti
2585 998 2935 1053 reddiderant
2969 1000 3197 1069 patriae.

2024 1088 2163 1155 Quid
2185 1102 2505 1151 memorem,
2558 1087 2747 1156 quanti
2771 1103 2870 1158 pro
2911 1096 2964 1143 te
3006 1096 3276 1148 tormenta
3306 1109 3604 1161 necemque

2092 1177 2267 1244 Passi,
2292 1177 2490 1233 lucrati
2515 1178 2643 1234 hinc
2677 1178 2815 1233 alios
2841 1177 3080 1234 fuerint?

2024 1268 2133 1325 llos
2170 1268 2385 1324 animus
2412 1276 2686 1333 constans,
2745 1268 2864 1325 illos
2923 1269 3186 1327 miracula
3213 1273 3327 1330 visa

2091 1361 2329 1417 Credere
2354 1362 2490 1416 haec
2511 1360 2661 1415 danti
2687 1376 3070 1418 commonuere
3095 1364 3212 1419 tibi.

2028 1454 2170 1509 Mille
2199 1454 2374 1510 modis
2402 1462 2493 1509 tua
2521 1468 2736 1524 magna,
2761 1453 2926 1520 Deus,
2956 1455 3241 1512 clementia
3267 1467 3456 1530 gentes

2092 1543 2281 1600 Salvat
2302 1560 2405 1616 per
2431 1553 2650 1600 sanctos
2675 1546 3031 1616 egregiosque
3052 1547 3216 1603 viros.

2024 1638 2133 1695 Nec
2152 1653 2308 1710 reges
2337 1637 2473 1695 facis
2506 1647 2756 1710 expertes
2781 1638 2898 1694 fore
2924 1641 3167 1696 muneris
3191 1641 3375 1708 huius,

1948 1717 1998 1776 Β
2098 1732 2233 1789 Dum
2276 1746 2375 1802 per
2412 1746 2507 1787 eos
2536 1731 2747 1786 animas
2773 1733 3003 1804 corrigis
3040 1741 3203 1803 atque
3230 1733 3429 1799 doces;

2023 1812 2380 1894 Temporibus
2408 1821 2634 1879 Carolus
2660 1837 2779 1891 rex,
2804 1830 2858 1878 te
2881 1824 3132 1890 donante,
3163 1825 3439 1880 modernis

2092 1912 2265 1979 Quam
2293 1912 2477 1968 multis
2497 1928 2743 1969 summae
2769 1928 2933 1970 causa
2954 1914 3144 1971 salutis
3171 1916 3336 1972 erat?

2021 2003 2289 2061 Credendi
2316 2003 2544 2076 pulchre
2567 2005 2916 2061 moderandis
2944 2006 3189 2062 moribus
3213 2016 3392 2078 aptus,

2088 2097 2157 2153 Et
2184 2105 2397 2153 mutare
2423 2097 2511 2167 pie
2541 2096 2751 2168 perfida
2775 2097 2939 2152 corda
2960 2105 3175 2168 potens.

2091 2263 2116 2291 α
2144 2249 2309 2306 Cuius
2332 2265 2477 2305 nunc
2510 2249 2721 2322 insigne
2744 2265 2914 2323 genus
2938 2250 2985 2306 si
3013 2252 3251 2321 pandere
3274 2268 3460 2319 coner,

2159 2340 2464 2414 Compellor
2485 2356 2676 2414 regum
2707 2343 2950 2398 scribere
2976 2343 3301 2416 catalogum.

2022 2432 2129 2489 Sed
2157 2448 2267 2489 non
2287 2440 2373 2488 est
2391 2446 2567 2503 opus:
2606 2431 2883 2488 excelsum
2912 2432 3039 2502 quia
3063 2448 3170 2488 non
3193 2449 3363 2505 genus
3384 2434 3479 2501 illi,

2091 2524 2198 2581 Sed
2228 2540 2444 2580 summo
2463 2523 2646 2596 generi
2675 2524 2883 2579 addidit
2910 2523 3025 2595 ipse
3053 2523 3241 2579 decus.

2022 2617 2099 2671 lie
2126 2615 2293 2671 claris
2317 2615 2533 2687 genitus
2559 2613 2711 2669 fulsit
2736 2614 3092 2685 praeclarior,
3119 2626 3281 2685 atque

2088 2707 2341 2763 Patribus
2369 2706 2586 2762 invictis
2616 2706 2809 2762 fortior
2827 2703 3043 2761 enituit.

2020 2799 2115 2853 Est
2142 2812 2356 2868 quoque
2381 2797 2491 2853 iam
2511 2805 2720 2866 notum,
2745 2797 2989 2868 vulgaria
3018 2799 3263 2855 carmina
3290 2801 3505 2872 magnis

2086 2889 2365 2944 Laudibus
2392 2889 2511 2945 eius
2533 2904 2663 2945 avos
2683 2896 2739 2946 et
2761 2904 2996 2961 proavos
3020 2889 3300 2946 celebrant

2017 2981 2303 3052 Pippinos,
2332 2978 2581 3045 Carolos,
2616 2978 2960 3036 Hludowicos
2980 2986 3036 3037 et
3059 2978 3407 3048 Theodricos,

1943 3066 1992 3127 C
2090 3072 2158 3127 Et
2189 3070 2583 3128 Carlomannos
2618 3069 3037 3140 Hlothariosque
3063 3081 3284 3127 canunt.

2019 3164 2091 3218 At
2116 3163 2324 3218 Tamen
2351 3162 2443 3218 hic
2464 3169 2668 3232 quanto
2694 3161 2816 3231 plus
2841 3159 3032 3216 fecerit
3057 3161 3311 3217 omnibus
3340 3162 3445 3219 illis
3458 3204 3481 3231 ,_

2092 3257 2246 3313 Dicet
2263 3255 2564 3327 praesentis
2592 3270 2771 3310 scrmo
2794 3268 3026 3324 sequens
3049 3255 3251 3325 operis.

2027 3348 2200 3404 Unum
2226 3360 2667 3411 commemorem,
2696 3352 2849 3400 tanto
2876 3345 2943 3400 de
2968 3344 3212 3416 germine
3236 3359 3423 3414 parem

2090 3437 2262 3505 Quem
2296 3442 2542 3492 sanctum
2571 3433 2773 3491 Christi
2800 3434 3079 3505 praedicat
3105 3432 3388 3497 aecclesia,

2023 3528 2243 3585 Scilicet
2273 3524 2577 3592 Arnulfum,
2610 3523 2944 3581 Francorum
2972 3524 3065 3595 qui
3093 3522 3197 3579 fuit
3222 3523 3352 3580 olim

2090 3619 2370 3687 Princeps,
2398 3633 2463 3673 ac
2489 3615 2675 3688 presul
2710 3624 2833 3686 post
2867 3615 3002 3671 satis
3035 3614 3304 3686 egregius.

2019 3710 2225 3765 Ductus
2253 3722 2437 3764 amore
2471 3707 2571 3764 Dei
2611 3706 2705 3777 qui
2731 3713 3006 3776 spreverat
3032 3705 3214 3761 omnia
3234 3705 3439 3769 mundi,

2092 3799 2243 3868 Quae
2277 3797 2517 3854 mulcent
2546 3797 2752 3863 oculos,
2777 3809 2990 3868 queque
3016 3796 3241 3852 trahunt
3270 3794 3509 3855 animos.

2024 3889 2227 3948 Maleas
2258 3892 2467 3947 divinas
2490 3889 2677 3946 mundi
2708 3904 2874 3960 quam
2901 3890 3118 3945 tradere
3142 3887 3312 3959 leges,

2093 3984 2230 4041 Esse
2255 3984 2351 4039 Dei
2382 3982 2621 4039 famulus
2658 3997 2820 4053 quam
2846 3980 3031 4051 populi
3061 3979 3332 4036 dominus.

2024 4074 2180 4131 Nunc
2201 4082 2327 4131 ovat
2356 4074 2411 4129 in
2434 4073 2621 4139 caelis,
2645 4072 2915 4142 praebens
2943 4067 3205 4124 miracula
3231 4068 3413 4133 terris,

2096 4164 2355 4220 Sublimis
2381 4163 2563 4219 meriti
2604 4162 2758 4232 signa
2790 4162 2985 4216 decora
3026 4159 3142 4223 sui,

2024 4256 2259 4326 Indeque
2286 4264 2599 4312 nostrorum
2632 4260 2803 4308 totam
2824 4250 3022 4306 seriem
3051 4249 3417 4315 dominorum,

2099 4346 2337 4417 Stirpem
2358 4358 2551 4415 nempe
2582 4357 2755 4408 suam,
2786 4340 3021 4412 protegit
3046 4348 3208 4409 atque
3238 4338 3405 4396 fovet.

1952 4430 2003 4490 Β
2024 4437 2163 4492 Prae
2189 4436 2401 4492 cunctis
2437 4436 2602 4507 igitur
2647 4433 2744 4489 tibi
2779 4447 2908 4489 cura
2941 4432 3226 4502 nepotibus
3261 4446 3398 4497 una,

2095 4531 2449 4600 Quaesumus,
2473 4526 2733 4584 Arnulfus
2761 4528 2833 4583 sit
2856 4534 2980 4583 tuus
3003 4524 3329 4582 omonimus.

2026 4624 2134 4681 Fac
2156 4633 2217 4681 ut
2252 4622 2500 4695 regnanti
2528 4621 2780 4678 Christus
2813 4619 2885 4675 sit
2925 4618 3147 4690 previus
3184 4623 3388 4683 auctor,-

2096 4718 2214 4786 Quo
2236 4717 2400 4772 nimis
2428 4715 2597 4786 ipsius
2623 4714 2829 4785 indiget
2856 4710 3150 4775 aecclesia;

2026 4809 2127 4876 Qui
2154 4808 2314 4864 modo
2352 4805 2614 4862 iustitlcus
2652 4820 2747 4860 rex
2788 4798 2891 4867 est,
2934 4801 3187 4858 defensor
3212 4808 3267 4856 et
3294 4816 3433 4855 unus

2097 4900 2242 4954 Inter
2268 4905 2346 4953 tot
2367 4897 2569 4961 clades,
2593 4910 2739 4951 nunc
2764 4894 2962 4964 quibus
2986 4891 3259 4946 atteritur.

2026 4991 2109 5047 Ex
2149 4989 2242 5046 illo
2272 4988 2429 5044 nobis
2453 4987 2622 5059 igitur
2654 4994 2771 5042 tam
2794 4982 3040 5055 principe
3074 4990 3266 5038 sancto

2098 5079 2370 5135 Hactenus
2396 5086 2481 5133 est
2508 5077 2792 5134 dominans
2821 5074 3008 5131 inclita
3031 5073 3320 5144 progenies
3342 5112 3356 5135 ,

2029 5171 2086 5227 In
2115 5186 2278 5241 quam
2307 5168 2584 5225 descendit
2616 5167 2787 5224 sancti
2819 5164 3125 5223 benedictio
3157 5163 3314 5217 Iacob
3337 5201 3352 5225 ,

2060 5243 2071 5258 ’
2101 5261 2271 5328 Quam
2308 5260 2470 5315 Indae
2492 5258 2737 5329 pandens
2763 5257 2878 5327 ipse
2909 5256 3088 5311 futura
3116 5254 3280 5318 dedit,

2033 5353 2103 5410 Ut
2143 5368 2249 5407 non
2273 5352 2530 5407 deficeret
2564 5350 2629 5407 de
2666 5349 2906 5420 germine
2939 5343 3237 5416 sceptriger
3259 5344 3409 5407 eius,

2105 5444 2211 5500 Sed
2235 5444 2375 5499 foret
2405 5443 2528 5499 inde
2553 5455 2777 5496 manens
2810 5439 2965 5509 longa
2991 5436 3186 5491 ducum
3210 5434 3397 5490 series.

2035 5538 2124 5594 Sic
2152 5537 2321 5593 electa
2351 5536 2463 5591 Deo
2499 5535 2696 5589 mansit
2723 5534 2830 5587 iam
2868 5540 3107 5601 tempore
3142 5530 3314 5599 longe,
