  <div class='ocr_page' id='page_1' title='image "/cluster/home/n/w/nwhite01/storage/ocr_20150623/99/hvd.32044023429921/369.png"; bbox 0 0 3878 6172; ppageno 0'>
   <div class='ocr_carea' id='block_1_1' title="bbox 388 275 1919 343">
    <p class='ocr_par' dir='ltr' id='par_1_1' title="bbox 388 277 1919 340">
     <span class='ocr_line' id='line_1_1' title="bbox 388 277 1919 340; baseline -0.001 -2"><span class='ocrx_word' id='word_1_1' title='bbox 388 280 491 339; x_wconf 68' lang='lat'><strong>7‘27</strong></span> <span class='ocrx_word' id='word_1_2' title='bbox 1734 277 1919 340; x_wconf 79' lang='lat' dir='ltr'><strong>POET.</strong></span> 
     </span>
    </p>
   </div>
   <div class='ocr_carea' id='block_1_2' title="bbox 2068 275 3599 343">
    <p class='ocr_par' dir='ltr' id='par_1_2' title="bbox 2068 275 3599 343">
     <span class='ocr_line' id='line_1_2' title="bbox 2068 275 3599 343; baseline 0.004 -6"><span class='ocrx_word' id='word_1_3' title='bbox 2068 275 2313 340; x_wconf 44' lang='lat' dir='ltr'><strong>AXONI‘</strong></span> <span class='ocrx_word' id='word_1_4' title='bbox 2418 340 2421 343; x_wconf 34' lang='grc' dir='ltr'><strong><em>λ</em></strong></span> <span class='ocrx_word' id='word_1_5' title='bbox 3509 288 3599 343; x_wconf 69' lang='lat'><strong>79.8</strong></span> 
     </span>
    </p>
   </div>
   <div class='ocr_carea' id='block_1_3' title="bbox 459 389 3384 467">
    <p class='ocr_par' dir='ltr' id='par_1_3' title="bbox 459 389 3384 467">
     <span class='ocr_line' id='line_1_3' title="bbox 459 389 3384 467; baseline 0.001 -17"><span class='ocrx_word' id='word_1_6' title='bbox 459 399 603 452; x_wconf 81' lang='lat' dir='ltr'><strong>llaec</strong></span> <span class='ocrx_word' id='word_1_7' title='bbox 625 393 790 464; x_wconf 84' lang='lat' dir='ltr'><strong>stirps</strong></span> <span class='ocrx_word' id='word_1_8' title='bbox 827 391 883 448; x_wconf 89' lang='lat' dir='ltr'><strong>in</strong></span> <span class='ocrx_word' id='word_1_9' title='bbox 918 410 1103 464; x_wconf 87' lang='lat' dir='ltr'><strong>regno,</strong></span> <span class='ocrx_word' id='word_1_10' title='bbox 1143 402 1305 464; x_wconf 86' lang='lat' dir='ltr'><strong>atque</strong></span> <span class='ocrx_word' id='word_1_11' title='bbox 1334 389 1425 450; x_wconf 84' lang='lat' dir='ltr'><strong>diu</strong></span> <span class='ocrx_word' id='word_1_12' title='bbox 1453 403 1684 455; x_wconf 66' lang='lat' dir='ltr'><strong>maneat.</strong></span> <span class='ocrx_word' id='word_1_13' title='bbox 1984 397 2037 456; x_wconf 77' lang='grc' dir='ltr'><strong>Δ</strong></span> <span class='ocrx_word' id='word_1_14' title='bbox 2131 394 2390 467; x_wconf 80' lang='lat' dir='ltr'><strong>Corporis</strong></span> <span class='ocrx_word' id='word_1_15' title='bbox 2423 404 2479 450; x_wconf 89' lang='lat' dir='ltr'><strong>et</strong></span> <span class='ocrx_word' id='word_1_16' title='bbox 2522 395 2758 460; x_wconf 88' lang='lat' dir='ltr'><strong>habitus,</strong></span> <span class='ocrx_word' id='word_1_17' title='bbox 2783 408 2889 465; x_wconf 89' lang='lat' dir='ltr'><strong>que</strong></span> <span class='ocrx_word' id='word_1_18' title='bbox 2917 395 3114 452; x_wconf 85' lang='lat' dir='ltr'><strong>fuerint</strong></span> <span class='ocrx_word' id='word_1_19' title='bbox 3138 396 3384 454; x_wconf 82' lang='lat' dir='ltr'><strong>referam.</strong></span> 
     </span>
    </p>
   </div>
   <div class='ocr_carea' id='block_1_4' title="bbox 389 477 3400 559">
    <p class='ocr_par' dir='ltr' id='par_1_4' title="bbox 389 477 3400 559">
     <span class='ocr_line' id='line_1_4' title="bbox 389 477 3400 559; baseline -0 -13"><span class='ocrx_word' id='word_1_20' title='bbox 389 490 465 546; x_wconf 89' lang='lat' dir='ltr'><strong>De</strong></span> <span class='ocrx_word' id='word_1_21' title='bbox 487 504 592 559; x_wconf 88' lang='lat' dir='ltr'><strong>qua</strong></span> <span class='ocrx_word' id='word_1_22' title='bbox 618 502 723 543; x_wconf 91' lang='lat' dir='ltr'><strong>non</strong></span> <span class='ocrx_word' id='word_1_23' title='bbox 761 487 1047 557; x_wconf 81' lang='lat' dir='ltr'><strong>quisquam</strong></span> <span class='ocrx_word' id='word_1_24' title='bbox 1079 486 1273 541; x_wconf 78' lang='lat' dir='ltr'><strong>fortem</strong></span> <span class='ocrx_word' id='word_1_25' title='bbox 1311 486 1617 556; x_wconf 72' lang='lat' dir='ltr'><strong>pietateque</strong></span> <span class='ocrx_word' id='word_1_26' title='bbox 1640 486 1858 555; x_wconf 89' lang='lat' dir='ltr'><strong>plenum</strong></span> <span class='ocrx_word' id='word_1_27' title='bbox 2063 485 2177 552; x_wconf 86' lang='lat' dir='ltr'><strong>Que</strong></span> <span class='ocrx_word' id='word_1_28' title='bbox 2215 477 2538 555; x_wconf 82' lang='lat' dir='ltr'><strong>quicumque</strong></span> <span class='ocrx_word' id='word_1_29' title='bbox 2564 486 2700 542; x_wconf 88' lang='lat' dir='ltr'><strong>sciet</strong></span> <span class='ocrx_word' id='word_1_30' title='bbox 2731 487 2839 541; x_wconf 87' lang='lat' dir='ltr'><strong>iam</strong></span> <span class='ocrx_word' id='word_1_31' title='bbox 2865 503 2974 542; x_wconf 88' lang='lat' dir='ltr'><strong>non</strong></span> <span class='ocrx_word' id='word_1_32' title='bbox 3004 490 3303 556; x_wconf 77' lang='lat' dir='ltr'><strong>mirabitur,</strong></span> <span class='ocrx_word' id='word_1_33' title='bbox 3329 491 3400 546; x_wconf 82' lang='lat' dir='ltr'><strong>illi</strong></span> 
     </span>
    </p>
   </div>
   <div class='ocr_carea' id='block_1_5' title="bbox 458 575 3275 649">
    <p class='ocr_par' dir='ltr' id='par_1_5' title="bbox 458 575 3275 649">
     <span class='ocr_line' id='line_1_5' title="bbox 458 575 3275 649; baseline 0.001 -16"><span class='ocrx_word' id='word_1_34' title='bbox 458 579 682 634; x_wconf 78' lang='lat' dir='ltr'><strong>Miretur</strong></span> <span class='ocrx_word' id='word_1_35' title='bbox 707 591 886 646; x_wconf 90' lang='lat' dir='ltr'><strong>regem</strong></span> <span class='ocrx_word' id='word_1_36' title='bbox 919 576 1264 647; x_wconf 76' lang='lat' dir='ltr'><strong>progenitum</strong></span> <span class='ocrx_word' id='word_1_37' title='bbox 1293 575 1564 631; x_wconf 87' lang='lat' dir='ltr'><strong>Carolum.</strong></span> <span class='ocrx_word' id='word_1_38' title='bbox 2131 577 2242 632; x_wconf 89' lang='lat' dir='ltr'><strong>Cur</strong></span> <span class='ocrx_word' id='word_1_39' title='bbox 2268 593 2348 634; x_wconf 77' lang='lat' dir='ltr'><strong>sic</strong></span> <span class='ocrx_word' id='word_1_40' title='bbox 2385 579 2707 649; x_wconf 79' lang='lat' dir='ltr'><strong>contigerint</strong></span> <span class='ocrx_word' id='word_1_41' title='bbox 2733 579 2915 634; x_wconf 90' lang='lat' dir='ltr'><strong>omnia</strong></span> <span class='ocrx_word' id='word_1_42' title='bbox 2957 579 3095 635; x_wconf 85' lang='lat' dir='ltr'><strong>laeta</strong></span> <span class='ocrx_word' id='word_1_43' title='bbox 3123 579 3275 636; x_wconf 84' lang='lat' dir='ltr'><strong>foris.</strong></span> 
     </span>
    </p>
   </div>
   <div class='ocr_carea' id='block_1_6' title="bbox 386 668 3600 744">
    <p class='ocr_par' dir='ltr' id='par_1_6' title="bbox 386 668 3600 744">
     <span class='ocr_line' id='line_1_6' title="bbox 386 668 3600 744; baseline 0.002 -19"><span class='ocrx_word' id='word_1_44' title='bbox 386 670 552 726; x_wconf 84' lang='lat' dir='ltr'><strong>Cuius</strong></span> <span class='ocrx_word' id='word_1_45' title='bbox 576 676 637 724; x_wconf 90' lang='lat' dir='ltr'><strong>ut</strong></span> <span class='ocrx_word' id='word_1_46' title='bbox 657 668 895 723; x_wconf 75' lang='lat' dir='ltr'><strong>exterior</strong></span> <span class='ocrx_word' id='word_1_47' title='bbox 933 677 1107 722; x_wconf 75' lang='lat' dir='ltr'><strong>Vll‘lllS</strong></span> <span class='ocrx_word' id='word_1_48' title='bbox 1143 668 1414 736; x_wconf 85' lang='lat' dir='ltr'><strong>roburque</strong></span> <span class='ocrx_word' id='word_1_49' title='bbox 1444 673 1729 737; x_wconf 88' lang='lat' dir='ltr'><strong>parentes,</strong></span> <span class='ocrx_word' id='word_1_50' title='bbox 2061 668 2195 724; x_wconf 86' lang='lat' dir='ltr'><strong>Nam</strong></span> <span class='ocrx_word' id='word_1_51' title='bbox 2232 669 2376 740; x_wconf 88' lang='lat' dir='ltr'><strong>quod</strong></span> <span class='ocrx_word' id='word_1_52' title='bbox 2409 669 2549 724; x_wconf 86' lang='lat' dir='ltr'><strong>scire</strong></span> <span class='ocrx_word' id='word_1_53' title='bbox 2587 669 2742 725; x_wconf 81' lang='lat' dir='ltr'><strong>decet</strong></span> <span class='ocrx_word' id='word_1_54' title='bbox 2775 670 3011 726; x_wconf 82' lang='lat' dir='ltr'><strong>hominis</strong></span> <span class='ocrx_word' id='word_1_55' title='bbox 3055 672 3460 744; x_wconf 81' lang='lat' dir='ltr'><strong>meminisseque</strong></span> <span class='ocrx_word' id='word_1_56' title='bbox 3486 691 3600 734; x_wconf 81' lang='lat' dir='ltr'><strong>cun-</strong></span> 
     </span>
    </p>
   </div>
   <div class='ocr_carea' id='block_1_7' title="bbox 456 757 3539 837">
    <p class='ocr_par' dir='ltr' id='par_1_7' title="bbox 456 757 3539 837">
     <span class='ocr_line' id='line_1_7' title="bbox 456 757 3539 837; baseline -0.011 -20"><span class='ocrx_word' id='word_1_57' title='bbox 456 761 550 817; x_wconf 89' lang='lat' dir='ltr'><strong>Sic</strong></span> <span class='ocrx_word' id='word_1_58' title='bbox 574 759 706 815; x_wconf 90' lang='lat' dir='ltr'><strong>satis</strong></span> <span class='ocrx_word' id='word_1_59' title='bbox 730 760 959 813; x_wconf 87' lang='lat' dir='ltr'><strong>ornabat</strong></span> <span class='ocrx_word' id='word_1_60' title='bbox 993 757 1266 829; x_wconf 79' lang='lat' dir='ltr'><strong>religionis</strong></span> <span class='ocrx_word' id='word_1_61' title='bbox 1291 772 1462 824; x_wconf 89' lang='lat' dir='ltr'><strong>amor,</strong></span> <span class='ocrx_word' id='word_1_62' title='bbox 2930 786 2933 789; x_wconf 89' lang='lat'><strong>.</strong></span> <span class='ocrx_word' id='word_1_63' title='bbox 3384 764 3539 837; x_wconf 45' lang='lat' dir='ltr'><strong>{cum</strong></span> 
     </span>
    </p>
   </div>
   <div class='ocr_carea' id='block_1_8' title="bbox 384 848 3449 922">
    <p class='ocr_par' dir='ltr' id='par_1_8' title="bbox 384 848 3449 922">
     <span class='ocr_line' id='line_1_8' title="bbox 384 848 3449 922; baseline 0 -14"><span class='ocrx_word' id='word_1_64' title='bbox 384 852 453 911; x_wconf 80' lang='lat' dir='ltr'><strong>Et</strong></span> <span class='ocrx_word' id='word_1_65' title='bbox 488 867 595 922; x_wconf 93' lang='lat' dir='ltr'><strong>quo</strong></span> <span class='ocrx_word' id='word_1_66' title='bbox 630 851 803 905; x_wconf 85' lang='lat' dir='ltr'><strong>maior</strong></span> <span class='ocrx_word' id='word_1_67' title='bbox 830 850 909 905; x_wconf 91' lang='lat' dir='ltr'><strong>eis</strong></span> <span class='ocrx_word' id='word_1_68' title='bbox 946 850 1196 921; x_wconf 77' lang='lat' dir='ltr'><strong>provenit</strong></span> <span class='ocrx_word' id='word_1_69' title='bbox 1224 848 1394 920; x_wconf 89' lang='lat' dir='ltr'><strong>gloria</strong></span> <span class='ocrx_word' id='word_1_70' title='bbox 1422 848 1628 914; x_wconf 85' lang='lat' dir='ltr'><strong>mundi,</strong></span> <span class='ocrx_word' id='word_1_71' title='bbox 2131 849 2230 904; x_wconf 86' lang='lat' dir='ltr'><strong>llic</strong></span> <span class='ocrx_word' id='word_1_72' title='bbox 2264 864 2476 919; x_wconf 90' lang='lat' dir='ltr'><strong>quoque</strong></span> <span class='ocrx_word' id='word_1_73' title='bbox 2503 849 2764 905; x_wconf 82' lang='lat' dir='ltr'><strong>lectOrem</strong></span> <span class='ocrx_word' id='word_1_74' title='bbox 2797 860 3174 905; x_wconf 86' lang='lat' dir='ltr'><strong>commoneam</strong></span> <span class='ocrx_word' id='word_1_75' title='bbox 3203 851 3449 908; x_wconf 81' lang='lat' dir='ltr'><strong>breviter.</strong></span> 
     </span>
    </p>
   </div>
   <div class='ocr_carea' id='block_1_9' title="bbox 454 940 3385 1013">
    <p class='ocr_par' dir='ltr' id='par_1_9' title="bbox 454 940 3385 1013">
     <span class='ocr_line' id='line_1_9' title="bbox 454 940 3385 1013; baseline 0 -14"><span class='ocrx_word' id='word_1_76' title='bbox 454 944 605 1000; x_wconf 85' lang='lat' dir='ltr'><strong>Mens</strong></span> <span class='ocrx_word' id='word_1_77' title='bbox 622 941 846 998; x_wconf 79' lang='lat' dir='ltr'><strong>humilis</strong></span> <span class='ocrx_word' id='word_1_78' title='bbox 884 949 1035 996; x_wconf 88' lang='lat' dir='ltr'><strong>tanto</strong></span> <span class='ocrx_word' id='word_1_79' title='bbox 1064 941 1187 1011; x_wconf 89' lang='lat' dir='ltr'><strong>plus</strong></span> <span class='ocrx_word' id='word_1_80' title='bbox 1217 940 1316 996; x_wconf 84' lang='lat' dir='ltr'><strong>fuit</strong></span> <span class='ocrx_word' id='word_1_81' title='bbox 1341 948 1466 996; x_wconf 90' lang='lat' dir='ltr'><strong>ante</strong></span> <span class='ocrx_word' id='word_1_82' title='bbox 1492 941 1686 996; x_wconf 89' lang='lat' dir='ltr'><strong>Deum.</strong></span> <span class='ocrx_word' id='word_1_83' title='bbox 2058 942 2256 996; x_wconf 78' lang='lat' dir='ltr'><strong>Audiat</strong></span> <span class='ocrx_word' id='word_1_84' title='bbox 2277 942 2380 998; x_wconf 91' lang='lat' dir='ltr'><strong>hoc</strong></span> <span class='ocrx_word' id='word_1_85' title='bbox 2411 943 2587 998; x_wconf 89' lang='lat' dir='ltr'><strong>omnis</strong></span> <span class='ocrx_word' id='word_1_86' title='bbox 2617 950 2816 1009; x_wconf 80' lang='lat' dir='ltr'><strong>rector,</strong></span> <span class='ocrx_word' id='word_1_87' title='bbox 2843 941 2928 997; x_wconf 89' lang='lat' dir='ltr'><strong>vel</strong></span> <span class='ocrx_word' id='word_1_88' title='bbox 2954 941 3196 1012; x_wconf 87' lang='lat' dir='ltr'><strong>praemia</strong></span> <span class='ocrx_word' id='word_1_89' title='bbox 3220 943 3385 1013; x_wconf 81' lang='lat' dir='ltr'><strong>gestis</strong></span> 
     </span>
    </p>
   </div>
   <div class='ocr_carea' id='block_1_10' title="bbox 382 1030 3351 1105">
    <p class='ocr_par' dir='ltr' id='par_1_10' title="bbox 382 1030 3351 1105">
     <span class='ocr_line' id='line_1_10' title="bbox 382 1030 3351 1105; baseline -0.001 -15"><span class='ocrx_word' id='word_1_90' title='bbox 382 1033 490 1090; x_wconf 87' lang='lat' dir='ltr'><strong>Sed</strong></span> <span class='ocrx_word' id='word_1_91' title='bbox 533 1032 659 1088; x_wconf 88' lang='lat' dir='ltr'><strong>huic</strong></span> <span class='ocrx_word' id='word_1_92' title='bbox 683 1039 909 1086; x_wconf 87' lang='lat' dir='ltr'><strong>naturae</strong></span> <span class='ocrx_word' id='word_1_93' title='bbox 952 1031 1211 1102; x_wconf 87' lang='lat' dir='ltr'><strong>quicquid</strong></span> <span class='ocrx_word' id='word_1_94' title='bbox 1234 1032 1372 1087; x_wconf 87' lang='lat' dir='ltr'><strong>bene</strong></span> <span class='ocrx_word' id='word_1_95' title='bbox 1409 1030 1681 1102; x_wconf 88' lang='lat' dir='ltr'><strong>praestitit</strong></span> <span class='ocrx_word' id='word_1_96' title='bbox 1716 1038 1867 1087; x_wconf 87' lang='lat' dir='ltr'><strong>ortus</strong></span> <span class='ocrx_word' id='word_1_97' title='bbox 1909 1044 1956 1097; x_wconf 73' lang='grc' dir='ltr'><strong>ι,</strong></span> <span class='ocrx_word' id='word_1_98' title='bbox 2124 1033 2236 1089; x_wconf 89' lang='lat' dir='ltr'><strong>Pro</strong></span> <span class='ocrx_word' id='word_1_99' title='bbox 2262 1033 2619 1089; x_wconf 90' lang='lat' dir='ltr'><strong>laudabilibus</strong></span> <span class='ocrx_word' id='word_1_100' title='bbox 2647 1034 2895 1104; x_wconf 88' lang='lat' dir='ltr'><strong>quisquis</strong></span> <span class='ocrx_word' id='word_1_101' title='bbox 2923 1034 3126 1089; x_wconf 88' lang='lat' dir='ltr'><strong>habere</strong></span> <span class='ocrx_word' id='word_1_102' title='bbox 3157 1035 3307 1105; x_wconf 88' lang='lat' dir='ltr'><strong>cupit</strong></span> <span class='ocrx_word' id='word_1_103' title='bbox 3337 1051 3351 1089; x_wconf 92' lang='lat'><strong>:</strong></span> 
     </span>
    </p>
   </div>
   <div class='ocr_carea' id='block_1_11' title="bbox 451 1120 3289 1202">
    <p class='ocr_par' dir='ltr' id='par_1_11' title="bbox 451 1120 3289 1202">
     <span class='ocr_line' id='line_1_11' title="bbox 451 1120 3289 1202; baseline 0.001 -23"><span class='ocrx_word' id='word_1_104' title='bbox 451 1122 567 1179; x_wconf 86' lang='lat' dir='ltr'><strong>lloc</strong></span> <span class='ocrx_word' id='word_1_105' title='bbox 592 1120 850 1179; x_wconf 80' lang='lat' dir='ltr'><strong>exercitio</strong></span> <span class='ocrx_word' id='word_1_106' title='bbox 879 1128 1107 1175; x_wconf 73' lang='lat' dir='ltr'><strong>auxerat</strong></span> <span class='ocrx_word' id='word_1_107' title='bbox 1146 1122 1380 1187; x_wconf 88' lang='lat' dir='ltr'><strong>assiduo,</strong></span> <span class='ocrx_word' id='word_1_108' title='bbox 2057 1123 2288 1180; x_wconf 81' lang='lat' dir='ltr'><strong>Interius</strong></span> <span class='ocrx_word' id='word_1_109' title='bbox 2311 1125 2463 1202; x_wconf 62' lang='lat' dir='ltr'><strong>radi;</strong></span> <span class='ocrx_word' id='word_1_110' title='bbox 2497 1140 2724 1196; x_wconf 90' lang='lat' dir='ltr'><strong>operum</strong></span> <span class='ocrx_word' id='word_1_111' title='bbox 2767 1125 2901 1180; x_wconf 89' lang='lat' dir='ltr'><strong>latet</strong></span> <span class='ocrx_word' id='word_1_112' title='bbox 2933 1124 3289 1192; x_wconf 79' lang='lat' dir='ltr'><strong>exteriorum,</strong></span> 
     </span>
    </p>
   </div>
   <div class='ocr_carea' id='block_1_12' title="bbox 379 1212 3421 1287">
    <p class='ocr_par' dir='ltr' id='par_1_12' title="bbox 379 1212 3421 1287">
     <span class='ocr_line' id='line_1_12' title="bbox 379 1212 3421 1287; baseline 0 -15"><span class='ocrx_word' id='word_1_113' title='bbox 379 1216 622 1272; x_wconf 84' lang='lat' dir='ltr'><strong>Intentus</strong></span> <span class='ocrx_word' id='word_1_114' title='bbox 653 1228 867 1284; x_wconf 87' lang='lat' dir='ltr'><strong>semper</strong></span> <span class='ocrx_word' id='word_1_115' title='bbox 905 1214 1067 1268; x_wconf 87' lang='lat' dir='ltr'><strong>rebus</strong></span> <span class='ocrx_word' id='word_1_116' title='bbox 1097 1221 1411 1270; x_wconf 87' lang='lat' dir='ltr'><strong>constanter</strong></span> <span class='ocrx_word' id='word_1_117' title='bbox 1441 1212 1691 1285; x_wconf 82' lang='lat' dir='ltr'><strong>agendis,</strong></span> <span class='ocrx_word' id='word_1_118' title='bbox 2130 1214 2279 1270; x_wconf 79' lang='lat' dir='ltr'><strong>Mens</strong></span> <span class='ocrx_word' id='word_1_119' title='bbox 2313 1229 2601 1285; x_wconf 87' lang='lat' dir='ltr'><strong>moresque</strong></span> <span class='ocrx_word' id='word_1_120' title='bbox 2624 1215 2731 1270; x_wconf 86' lang='lat' dir='ltr'><strong>viri</strong></span> <span class='ocrx_word' id='word_1_121' title='bbox 2759 1214 2903 1270; x_wconf 88' lang='lat' dir='ltr'><strong>facta</strong></span> <span class='ocrx_word' id='word_1_122' title='bbox 2942 1215 3124 1286; x_wconf 83' lang='lat' dir='ltr'><strong>palam</strong></span> <span class='ocrx_word' id='word_1_123' title='bbox 3151 1224 3421 1287; x_wconf 75' lang='lat' dir='ltr'><strong>generant.</strong></span> 
     </span>
    </p>
   </div>
   <div class='ocr_carea' id='block_1_13' title="bbox 450 1304 3597 1377">
    <p class='ocr_par' dir='ltr' id='par_1_13' title="bbox 450 1304 3597 1377">
     <span class='ocr_line' id='line_1_13' title="bbox 450 1304 3597 1377; baseline 0.002 -15"><span class='ocrx_word' id='word_1_124' title='bbox 450 1307 517 1362; x_wconf 85' lang='lat' dir='ltr'><strong>Et</strong></span> <span class='ocrx_word' id='word_1_125' title='bbox 543 1304 889 1377; x_wconf 88' lang='lat' dir='ltr'><strong>disponendis</strong></span> <span class='ocrx_word' id='word_1_126' title='bbox 918 1304 1146 1360; x_wconf 89' lang='lat' dir='ltr'><strong>consilio</strong></span> <span class='ocrx_word' id='word_1_127' title='bbox 1188 1305 1392 1361; x_wconf 87' lang='lat' dir='ltr'><strong>stabili.</strong></span> <span class='ocrx_word' id='word_1_128' title='bbox 2057 1304 2158 1372; x_wconf 84' lang='lat' dir='ltr'><strong>Qui</strong></span> <span class='ocrx_word' id='word_1_129' title='bbox 2185 1305 2323 1362; x_wconf 90' lang='lat' dir='ltr'><strong>solet</strong></span> <span class='ocrx_word' id='word_1_130' title='bbox 2363 1320 2485 1362; x_wconf 88' lang='lat' dir='ltr'><strong>esse</strong></span> <span class='ocrx_word' id='word_1_131' title='bbox 2509 1306 2654 1361; x_wconf 90' lang='lat' dir='ltr'><strong>domi</strong></span> <span class='ocrx_word' id='word_1_132' title='bbox 2692 1314 2951 1361; x_wconf 85' lang='lat' dir='ltr'><strong>constans</strong></span> <span class='ocrx_word' id='word_1_133' title='bbox 2981 1304 3328 1376; x_wconf 82' lang='lat' dir='ltr'><strong>prudensque</strong></span> <span class='ocrx_word' id='word_1_134' title='bbox 3358 1307 3597 1377; x_wconf 78' lang='lat' dir='ltr'><strong>decenter,</strong></span> 
     </span>
    </p>
   </div>
   <div class='ocr_carea' id='block_1_14' title="bbox 380 1393 3236 1464">
    <p class='ocr_par' dir='ltr' id='par_1_14' title="bbox 380 1393 3236 1464">
     <span class='ocr_line' id='line_1_14' title="bbox 380 1393 3236 1464; baseline 0 -10"><span class='ocrx_word' id='word_1_135' title='bbox 380 1398 534 1455; x_wconf 84' lang='lat' dir='ltr'><strong>Unde</strong></span> <span class='ocrx_word' id='word_1_136' title='bbox 561 1411 662 1453; x_wconf 91' lang='lat' dir='ltr'><strong>nec</strong></span> <span class='ocrx_word' id='word_1_137' title='bbox 703 1396 758 1451; x_wconf 93' lang='lat' dir='ltr'><strong>in</strong></span> <span class='ocrx_word' id='word_1_138' title='bbox 792 1394 948 1451; x_wconf 88' lang='lat' dir='ltr'><strong>bellis</strong></span> <span class='ocrx_word' id='word_1_139' title='bbox 972 1393 1259 1464; x_wconf 85' lang='lat' dir='ltr'><strong>quisquam</strong></span> <span class='ocrx_word' id='word_1_140' title='bbox 1286 1393 1497 1450; x_wconf 84' lang='lat' dir='ltr'><strong>felicior</strong></span> <span class='ocrx_word' id='word_1_141' title='bbox 1525 1394 1650 1461; x_wconf 91' lang='lat' dir='ltr'><strong>illo,</strong></span> <span class='ocrx_word' id='word_1_142' title='bbox 2126 1398 2346 1455; x_wconf 81' lang='lat' dir='ltr'><strong>Perticit</strong></span> <span class='ocrx_word' id='word_1_143' title='bbox 2379 1400 2424 1454; x_wconf 91' lang='lat' dir='ltr'><strong>is</strong></span> <span class='ocrx_word' id='word_1_144' title='bbox 2456 1401 2650 1455; x_wconf 87' lang='lat' dir='ltr'><strong>crebro</strong></span> <span class='ocrx_word' id='word_1_145' title='bbox 2677 1396 2821 1454; x_wconf 85' lang='lat' dir='ltr'><strong>facta</strong></span> <span class='ocrx_word' id='word_1_146' title='bbox 2855 1399 3054 1455; x_wconf 86' lang='lat' dir='ltr'><strong>decora</strong></span> <span class='ocrx_word' id='word_1_147' title='bbox 3080 1400 3236 1455; x_wconf 88' lang='lat' dir='ltr'><strong>foris.</strong></span> 
     </span>
    </p>
   </div>
   <div class='ocr_carea' id='block_1_15' title="bbox 450 1484 3381 1561">
    <p class='ocr_par' dir='ltr' id='par_1_15' title="bbox 450 1484 3381 1561">
     <span class='ocr_line' id='line_1_15' title="bbox 450 1484 3381 1561; baseline 0.002 -20"><span class='ocrx_word' id='word_1_148' title='bbox 450 1487 715 1557; x_wconf 91' lang='lat' dir='ltr'><strong>Tempore</strong></span> <span class='ocrx_word' id='word_1_149' title='bbox 746 1499 850 1540; x_wconf 92' lang='lat' dir='ltr'><strong>nec</strong></span> <span class='ocrx_word' id='word_1_150' title='bbox 873 1484 1024 1554; x_wconf 84' lang='lat' dir='ltr'><strong>pacis</strong></span> <span class='ocrx_word' id='word_1_151' title='bbox 1055 1484 1177 1553; x_wconf 92' lang='lat' dir='ltr'><strong>plus</strong></span> <span class='ocrx_word' id='word_1_152' title='bbox 1214 1485 1526 1540; x_wconf 88' lang='lat' dir='ltr'><strong>moderatus</strong></span> <span class='ocrx_word' id='word_1_153' title='bbox 1557 1491 1708 1551; x_wconf 86' lang='lat' dir='ltr'><strong>erat;</strong></span> <span class='ocrx_word' id='word_1_154' title='bbox 2056 1489 2201 1545; x_wconf 87' lang='lat' dir='ltr'><strong>Intra</strong></span> <span class='ocrx_word' id='word_1_155' title='bbox 2226 1506 2286 1546; x_wconf 90' lang='lat' dir='ltr'><strong>se</strong></span> <span class='ocrx_word' id='word_1_156' title='bbox 2314 1490 2457 1545; x_wconf 82' lang='lat' dir='ltr'><strong>vitiis</strong></span> <span class='ocrx_word' id='word_1_157' title='bbox 2487 1489 2786 1555; x_wconf 84' lang='lat' dir='ltr'><strong>dominans,</strong></span> <span class='ocrx_word' id='word_1_158' title='bbox 2819 1490 3142 1561; x_wconf 87' lang='lat' dir='ltr'><strong>rationeque</strong></span> <span class='ocrx_word' id='word_1_159' title='bbox 3178 1488 3381 1561; x_wconf 83' lang='lat' dir='ltr'><strong>pollens</strong></span> 
     </span>
    </p>
   </div>
   <div class='ocr_carea' id='block_1_16' title="bbox 376 1572 3146 1648">
    <p class='ocr_par' dir='ltr' id='par_1_16' title="bbox 376 1572 3146 1648">
     <span class='ocr_line' id='line_1_16' title="bbox 376 1572 3146 1648; baseline 0.001 -15"><span class='ocrx_word' id='word_1_160' title='bbox 376 1579 444 1633; x_wconf 87' lang='lat' dir='ltr'><strong>Et</strong></span> <span class='ocrx_word' id='word_1_161' title='bbox 472 1578 615 1647; x_wconf 89' lang='lat' dir='ltr'><strong>quod</strong></span> <span class='ocrx_word' id='word_1_162' title='bbox 646 1575 884 1645; x_wconf 83' lang='lat' dir='ltr'><strong>suscepit</strong></span> <span class='ocrx_word' id='word_1_163' title='bbox 917 1572 1116 1629; x_wconf 84' lang='lat' dir='ltr'><strong>ﬂorens</strong></span> <span class='ocrx_word' id='word_1_164' title='bbox 1139 1582 1195 1630; x_wconf 90' lang='lat' dir='ltr'><strong>et</strong></span> <span class='ocrx_word' id='word_1_165' title='bbox 1229 1575 1409 1630; x_wconf 90' lang='lat' dir='ltr'><strong>nobile</strong></span> <span class='ocrx_word' id='word_1_166' title='bbox 1442 1592 1688 1648; x_wconf 84' lang='lat' dir='ltr'><strong>regnum,</strong></span> <span class='ocrx_word' id='word_1_167' title='bbox 2126 1581 2411 1637; x_wconf 79' lang='lat' dir='ltr'><strong>Exteriora</strong></span> <span class='ocrx_word' id='word_1_168' title='bbox 2436 1580 2538 1636; x_wconf 89' lang='lat' dir='ltr'><strong>sibi</strong></span> <span class='ocrx_word' id='word_1_169' title='bbox 2573 1580 2718 1635; x_wconf 91' lang='lat' dir='ltr'><strong>nulla</strong></span> <span class='ocrx_word' id='word_1_170' title='bbox 2761 1596 2958 1636; x_wconf 84' lang='lat' dir='ltr'><strong>nocere</strong></span> <span class='ocrx_word' id='word_1_171' title='bbox 2993 1582 3146 1646; x_wconf 84' lang='lat' dir='ltr'><strong>sinit,</strong></span> 
     </span>
    </p>
   </div>
   <div class='ocr_carea' id='block_1_17' title="bbox 447 1664 3226 1742">
    <p class='ocr_par' dir='ltr' id='par_1_17' title="bbox 447 1664 3226 1742">
     <span class='ocr_line' id='line_1_17' title="bbox 447 1664 3226 1742; baseline 0.001 -19"><span class='ocrx_word' id='word_1_172' title='bbox 447 1667 776 1724; x_wconf 82' lang='lat' dir='ltr'><strong>Reddiderat</strong></span> <span class='ocrx_word' id='word_1_173' title='bbox 802 1664 965 1736; x_wconf 88' lang='lat' dir='ltr'><strong>duplo</strong></span> <span class='ocrx_word' id='word_1_174' title='bbox 1011 1664 1172 1719; x_wconf 89' lang='lat' dir='ltr'><strong>latius</strong></span> <span class='ocrx_word' id='word_1_175' title='bbox 1208 1673 1264 1719; x_wconf 91' lang='lat' dir='ltr'><strong>et</strong></span> <span class='ocrx_word' id='word_1_176' title='bbox 1296 1666 1511 1721; x_wconf 90' lang='lat' dir='ltr'><strong>melius.</strong></span> <span class='ocrx_word' id='word_1_177' title='bbox 1982 1734 2022 1742; x_wconf 75' lang='lat'><strong>_</strong></span> <span class='ocrx_word' id='word_1_178' title='bbox 2056 1672 2364 1728; x_wconf 88' lang='lat' dir='ltr'><strong>Fortiterin</strong></span> <span class='ocrx_word' id='word_1_179' title='bbox 2386 1672 2597 1729; x_wconf 89' lang='lat' dir='ltr'><strong>cunctis</strong></span> <span class='ocrx_word' id='word_1_180' title='bbox 2621 1669 2838 1727; x_wconf 79' lang='lat' dir='ltr'><strong>facienti</strong></span> <span class='ocrx_word' id='word_1_181' title='bbox 2867 1686 2964 1727; x_wconf 87' lang='lat' dir='ltr'><strong>seu</strong></span> <span class='ocrx_word' id='word_1_182' title='bbox 2984 1672 3226 1742; x_wconf 85' lang='lat' dir='ltr'><strong>pacienti</strong></span> 
     </span>
    </p>
   </div>
   <div class='ocr_carea' id='block_1_18' title="bbox 376 1734 3238 1835">
    <p class='ocr_par' dir='ltr' id='par_1_18' title="bbox 376 1734 3238 1835">
     <span class='ocr_line' id='line_1_18' title="bbox 376 1734 3238 1835; baseline 0.002 -20"><span class='ocrx_word' id='word_1_183' title='bbox 376 1760 574 1829; x_wconf 84' lang='lat' dir='ltr'><strong>Sicque</strong></span> <span class='ocrx_word' id='word_1_184' title='bbox 605 1772 750 1822; x_wconf 89' lang='lat' dir='ltr'><strong>suos,</strong></span> <span class='ocrx_word' id='word_1_185' title='bbox 782 1757 910 1812; x_wconf 89' lang='lat' dir='ltr'><strong>licet</strong></span> <span class='ocrx_word' id='word_1_186' title='bbox 948 1755 1200 1821; x_wconf 90' lang='lat' dir='ltr'><strong>invictos,</strong></span> <span class='ocrx_word' id='word_1_187' title='bbox 1228 1756 1422 1812; x_wconf 89' lang='lat' dir='ltr'><strong>vicisse</strong></span> <span class='ocrx_word' id='word_1_188' title='bbox 1450 1764 1704 1828; x_wconf 86' lang='lat' dir='ltr'><strong>parentes</strong></span> <span class='ocrx_word' id='word_1_189' title='bbox 1982 1734 2029 1795; x_wconf 66' lang='grc' dir='ltr'><strong>Β</strong></span> <span class='ocrx_word' id='word_1_190' title='bbox 2124 1762 2232 1819; x_wconf 91' lang='lat' dir='ltr'><strong>Pro</strong></span> <span class='ocrx_word' id='word_1_191' title='bbox 2258 1764 2468 1819; x_wconf 87' lang='lat' dir='ltr'><strong>meritis</strong></span> <span class='ocrx_word' id='word_1_192' title='bbox 2502 1763 2667 1819; x_wconf 88' lang='lat' dir='ltr'><strong>animi</strong></span> <span class='ocrx_word' id='word_1_193' title='bbox 2703 1764 2875 1835; x_wconf 78' lang='lat' dir='ltr'><strong>gloria</strong></span> <span class='ocrx_word' id='word_1_194' title='bbox 2914 1765 3238 1834; x_wconf 82' lang='lat' dir='ltr'><strong>proveniet;</strong></span> 
     </span>
    </p>
   </div>
   <div class='ocr_carea' id='block_1_19' title="bbox 446 1848 3481 1925">
    <p class='ocr_par' dir='ltr' id='par_1_19' title="bbox 446 1848 3481 1925">
     <span class='ocr_line' id='line_1_19' title="bbox 446 1848 3481 1925; baseline 0.002 -18"><span class='ocrx_word' id='word_1_195' title='bbox 446 1850 716 1917; x_wconf 75' lang='lat' dir='ltr'><strong>Nascitur,</strong></span> <span class='ocrx_word' id='word_1_196' title='bbox 741 1850 847 1904; x_wconf 88' lang='lat' dir='ltr'><strong>hac</strong></span> <span class='ocrx_word' id='word_1_197' title='bbox 868 1848 1034 1903; x_wconf 88' lang='lat' dir='ltr'><strong>multo</strong></span> <span class='ocrx_word' id='word_1_198' title='bbox 1065 1863 1125 1903; x_wconf 89' lang='lat' dir='ltr'><strong>re</strong></span> <span class='ocrx_word' id='word_1_199' title='bbox 1147 1849 1323 1920; x_wconf 85' lang='lat' dir='ltr'><strong>magis</strong></span> <span class='ocrx_word' id='word_1_200' title='bbox 1361 1850 1630 1921; x_wconf 84' lang='lat' dir='ltr'><strong>egregius.</strong></span> <span class='ocrx_word' id='word_1_201' title='bbox 2054 1852 2125 1906; x_wconf 85' lang='lat' dir='ltr'><strong>At</strong></span> <span class='ocrx_word' id='word_1_202' title='bbox 2152 1852 2238 1907; x_wconf 91' lang='lat' dir='ltr'><strong>cui</strong></span> <span class='ocrx_word' id='word_1_203' title='bbox 2267 1866 2420 1907; x_wconf 91' lang='lat' dir='ltr'><strong>mens</strong></span> <span class='ocrx_word' id='word_1_204' title='bbox 2446 1859 2643 1922; x_wconf 86' lang='lat' dir='ltr'><strong>torpet,</strong></span> <span class='ocrx_word' id='word_1_205' title='bbox 2672 1866 2852 1909; x_wconf 87' lang='lat' dir='ltr'><strong>mores</strong></span> <span class='ocrx_word' id='word_1_206' title='bbox 2880 1867 3056 1923; x_wconf 88' lang='lat' dir='ltr'><strong>neque</strong></span> <span class='ocrx_word' id='word_1_207' title='bbox 3074 1855 3306 1925; x_wconf 85' lang='lat' dir='ltr'><strong>corrigit</strong></span> <span class='ocrx_word' id='word_1_208' title='bbox 3326 1854 3377 1910; x_wconf 85' lang='lat' dir='ltr'><strong>in</strong></span> <span class='ocrx_word' id='word_1_209' title='bbox 3409 1870 3481 1921; x_wconf 82' lang='lat' dir='ltr'><strong>se,</strong></span> 
     </span>
    </p>
   </div>
   <div class='ocr_carea' id='block_1_20' title="bbox 371 1938 3181 2014">
    <p class='ocr_par' dir='ltr' id='par_1_20' title="bbox 371 1938 3181 2014">
     <span class='ocr_line' id='line_1_20' title="bbox 371 1938 3181 2014; baseline 0.001 -16"><span class='ocrx_word' id='word_1_210' title='bbox 371 1941 508 1998; x_wconf 65' lang='lat' dir='ltr'><strong>Nam</strong></span> <span class='ocrx_word' id='word_1_211' title='bbox 539 1942 724 2014; x_wconf 86' lang='lat' dir='ltr'><strong>plures</strong></span> <span class='ocrx_word' id='word_1_212' title='bbox 761 1956 901 1997; x_wconf 87' lang='lat' dir='ltr'><strong>unus</strong></span> <span class='ocrx_word' id='word_1_213' title='bbox 930 1948 1104 1994; x_wconf 89' lang='lat' dir='ltr'><strong>terras</strong></span> <span class='ocrx_word' id='word_1_214' title='bbox 1134 1938 1467 2011; x_wconf 88' lang='lat' dir='ltr'><strong>populosque</strong></span> <span class='ocrx_word' id='word_1_215' title='bbox 1508 1939 1741 2011; x_wconf 77' lang='lat' dir='ltr'><strong>subegit,</strong></span> <span class='ocrx_word' id='word_1_216' title='bbox 2124 1940 2280 1997; x_wconf 90' lang='lat' dir='ltr'><strong>lllum</strong></span> <span class='ocrx_word' id='word_1_217' title='bbox 2310 1942 2427 1998; x_wconf 86' lang='lat' dir='ltr'><strong>iure</strong></span> <span class='ocrx_word' id='word_1_218' title='bbox 2457 1950 2639 2003; x_wconf 88' lang='lat' dir='ltr'><strong>manet</strong></span> <span class='ocrx_word' id='word_1_219' title='bbox 2673 1943 2907 2000; x_wconf 88' lang='lat' dir='ltr'><strong>dedecus</strong></span> <span class='ocrx_word' id='word_1_220' title='bbox 2931 1945 3181 2002; x_wconf 82' lang='lat' dir='ltr'><strong>exterius</strong></span> 
     </span>
    </p>
   </div>
   <div class='ocr_carea' id='block_1_21' title="bbox 444 2031 3421 2110">
    <p class='ocr_par' dir='ltr' id='par_1_21' title="bbox 444 2031 3421 2110">
     <span class='ocr_line' id='line_1_21' title="bbox 444 2031 3421 2110; baseline 0.002 -22"><span class='ocrx_word' id='word_1_221' title='bbox 444 2034 616 2102; x_wconf 85' lang='lat' dir='ltr'><strong>Quam</strong></span> <span class='ocrx_word' id='word_1_222' title='bbox 653 2040 799 2089; x_wconf 90' lang='lat' dir='ltr'><strong>totus</strong></span> <span class='ocrx_word' id='word_1_223' title='bbox 828 2044 1015 2110; x_wconf 83' lang='lat' dir='ltr'><strong>regum</strong></span> <span class='ocrx_word' id='word_1_224' title='bbox 1045 2031 1239 2087; x_wconf 77' lang='lat' dir='ltr'><strong>vicerit</strong></span> <span class='ocrx_word' id='word_1_225' title='bbox 1273 2032 1406 2086; x_wconf 87' lang='lat' dir='ltr'><strong>ordo</strong></span> <span class='ocrx_word' id='word_1_226' title='bbox 1438 2031 1609 2101; x_wconf 90' lang='lat' dir='ltr'><strong>prior.</strong></span> <span class='ocrx_word' id='word_1_227' title='bbox 2055 2031 2148 2088; x_wconf 83' lang='lat' dir='ltr'><strong>Sic</strong></span> <span class='ocrx_word' id='word_1_228' title='bbox 2166 2046 2390 2103; x_wconf 87' lang='lat' dir='ltr'><strong>regnum</strong></span> <span class='ocrx_word' id='word_1_229' title='bbox 2415 2041 2586 2088; x_wconf 89' lang='lat' dir='ltr'><strong>terret</strong></span> <span class='ocrx_word' id='word_1_230' title='bbox 2616 2040 2838 2088; x_wconf 91' lang='lat' dir='ltr'><strong>cunctos</strong></span> <span class='ocrx_word' id='word_1_231' title='bbox 2858 2034 3206 2092; x_wconf 85' lang='lat' dir='ltr'><strong>extrinsecus</strong></span> <span class='ocrx_word' id='word_1_232' title='bbox 3230 2037 3421 2103; x_wconf 86' lang='lat' dir='ltr'><strong>hostes,</strong></span> 
     </span>
    </p>
   </div>
   <div class='ocr_carea' id='block_1_22' title="bbox 368 2120 3285 2199">
    <p class='ocr_par' dir='ltr' id='par_1_22' title="bbox 368 2120 3285 2199">
     <span class='ocr_line' id='line_1_22' title="bbox 368 2120 3285 2199; baseline 0.001 -18"><span class='ocrx_word' id='word_1_233' title='bbox 368 2126 687 2195; x_wconf 83' lang='lat' dir='ltr'><strong>ltegnabant</strong></span> <span class='ocrx_word' id='word_1_234' title='bbox 715 2125 857 2180; x_wconf 88' lang='lat' dir='ltr'><strong>inter</strong></span> <span class='ocrx_word' id='word_1_235' title='bbox 885 2123 1137 2179; x_wconf 82' lang='lat' dir='ltr'><strong>Rhenum</strong></span> <span class='ocrx_word' id='word_1_236' title='bbox 1164 2122 1519 2193; x_wconf 80' lang='lat' dir='ltr'><strong>Ligeremque</strong></span> <span class='ocrx_word' id='word_1_237' title='bbox 1547 2120 1784 2194; x_wconf 81' lang='lat' dir='ltr'><strong>priores,</strong></span> <span class='ocrx_word' id='word_1_238' title='bbox 2124 2127 2184 2184; x_wconf 87' lang='lat' dir='ltr'><strong>ln</strong></span> <span class='ocrx_word' id='word_1_239' title='bbox 2220 2142 2280 2183; x_wconf 89' lang='lat' dir='ltr'><strong>se</strong></span> <span class='ocrx_word' id='word_1_240' title='bbox 2315 2127 2458 2198; x_wconf 90' lang='lat' dir='ltr'><strong>quod</strong></span> <span class='ocrx_word' id='word_1_241' title='bbox 2483 2142 2673 2199; x_wconf 87' lang='lat' dir='ltr'><strong>pacem</strong></span> <span class='ocrx_word' id='word_1_242' title='bbox 2694 2128 3075 2198; x_wconf 89' lang='lat' dir='ltr'><strong>iusticiamque</strong></span> <span class='ocrx_word' id='word_1_243' title='bbox 3105 2137 3285 2196; x_wconf 86' lang='lat' dir='ltr'><strong>tenet;</strong></span> 
     </span>
    </p>
   </div>
   <div class='ocr_carea' id='block_1_23' title="bbox 437 2215 3390 2286">
    <p class='ocr_par' dir='ltr' id='par_1_23' title="bbox 437 2215 3390 2286">
     <span class='ocr_line' id='line_1_23' title="bbox 437 2215 3390 2286; baseline 0 -13"><span class='ocrx_word' id='word_1_244' title='bbox 437 2218 521 2273; x_wconf 84' lang='lat' dir='ltr'><strong>Ad</strong></span> <span class='ocrx_word' id='word_1_245' title='bbox 549 2218 768 2273; x_wconf 90' lang='lat' dir='ltr'><strong>boream</strong></span> <span class='ocrx_word' id='word_1_246' title='bbox 795 2215 975 2271; x_wconf 83' lang='lat' dir='ltr'><strong>fuerat</strong></span> <span class='ocrx_word' id='word_1_247' title='bbox 1001 2216 1267 2271; x_wconf 88' lang='lat' dir='ltr'><strong>terminus</strong></span> <span class='ocrx_word' id='word_1_248' title='bbox 1289 2230 1548 2281; x_wconf 88' lang='lat' dir='ltr'><strong>oceanus,</strong></span> <span class='ocrx_word' id='word_1_249' title='bbox 2054 2216 2125 2271; x_wconf 83' lang='lat' dir='ltr'><strong>At</strong></span> <span class='ocrx_word' id='word_1_250' title='bbox 2153 2224 2343 2272; x_wconf 90' lang='lat' dir='ltr'><strong>contra</strong></span> <span class='ocrx_word' id='word_1_251' title='bbox 2364 2215 2407 2271; x_wconf 92' lang='lat' dir='ltr'><strong>si</strong></span> <span class='ocrx_word' id='word_1_252' title='bbox 2447 2216 2590 2286; x_wconf 90' lang='lat' dir='ltr'><strong>quod</strong></span> <span class='ocrx_word' id='word_1_253' title='bbox 2614 2217 2790 2272; x_wconf 90' lang='lat' dir='ltr'><strong>scelus</strong></span> <span class='ocrx_word' id='word_1_254' title='bbox 2816 2224 2871 2271; x_wconf 90' lang='lat' dir='ltr'><strong>et</strong></span> <span class='ocrx_word' id='word_1_255' title='bbox 2895 2218 3175 2273; x_wconf 86' lang='lat' dir='ltr'><strong>discordia</strong></span> <span class='ocrx_word' id='word_1_256' title='bbox 3201 2218 3390 2285; x_wconf 77' lang='lat' dir='ltr'><strong>foedat,</strong></span> 
     </span>
    </p>
   </div>
   <div class='ocr_carea' id='block_1_24' title="bbox 365 2305 3144 2378">
    <p class='ocr_par' dir='ltr' id='par_1_24' title="bbox 365 2305 3144 2378">
     <span class='ocr_line' id='line_1_24' title="bbox 365 2305 3144 2378; baseline 0 -15"><span class='ocrx_word' id='word_1_257' title='bbox 365 2307 782 2378; x_wconf 89' lang='lat' dir='ltr'><strong>Australemque</strong></span> <span class='ocrx_word' id='word_1_258' title='bbox 810 2307 1013 2364; x_wconf 86' lang='lat' dir='ltr'><strong>dabant</strong></span> <span class='ocrx_word' id='word_1_259' title='bbox 1035 2306 1312 2362; x_wconf 86' lang='lat' dir='ltr'><strong>Balearica</strong></span> <span class='ocrx_word' id='word_1_260' title='bbox 1350 2305 1514 2361; x_wconf 88' lang='lat' dir='ltr'><strong>litora</strong></span> <span class='ocrx_word' id='word_1_261' title='bbox 1549 2305 1739 2371; x_wconf 83' lang='lat' dir='ltr'><strong>linem,</strong></span> <span class='ocrx_word' id='word_1_262' title='bbox 2126 2307 2395 2378; x_wconf 78' lang='lat' dir='ltr'><strong>Raptores</strong></span> <span class='ocrx_word' id='word_1_263' title='bbox 2430 2306 2616 2363; x_wconf 88' lang='lat' dir='ltr'><strong>avidos</strong></span> <span class='ocrx_word' id='word_1_264' title='bbox 2644 2307 2796 2364; x_wconf 89' lang='lat' dir='ltr'><strong>clade</strong></span> <span class='ocrx_word' id='word_1_265' title='bbox 2828 2323 2925 2363; x_wconf 91' lang='lat' dir='ltr'><strong>sua</strong></span> <span class='ocrx_word' id='word_1_266' title='bbox 2952 2307 3144 2365; x_wconf 82' lang='lat' dir='ltr'><strong>faciat.</strong></span> 
     </span>
    </p>
   </div>
   <div class='ocr_carea' id='block_1_25' title="bbox 439 2396 3356 2472">
    <p class='ocr_par' dir='ltr' id='par_1_25' title="bbox 439 2396 3356 2472">
     <span class='ocr_line' id='line_1_25' title="bbox 439 2396 3356 2472; baseline 0.001 -18"><span class='ocrx_word' id='word_1_267' title='bbox 439 2400 600 2472; x_wconf 89' lang='lat' dir='ltr'><strong>Alpes</strong></span> <span class='ocrx_word' id='word_1_268' title='bbox 633 2409 687 2455; x_wconf 91' lang='lat' dir='ltr'><strong>et</strong></span> <span class='ocrx_word' id='word_1_269' title='bbox 715 2409 886 2456; x_wconf 90' lang='lat' dir='ltr'><strong>tectae</strong></span> <span class='ocrx_word' id='word_1_270' title='bbox 912 2400 1189 2471; x_wconf 87' lang='lat' dir='ltr'><strong>perpetuis</strong></span> <span class='ocrx_word' id='word_1_271' title='bbox 1223 2399 1455 2465; x_wconf 86' lang='lat' dir='ltr'><strong>nivibus,</strong></span> <span class='ocrx_word' id='word_1_272' title='bbox 2055 2400 2197 2470; x_wconf 83' lang='lat' dir='ltr'><strong>Ergo</strong></span> <span class='ocrx_word' id='word_1_273' title='bbox 2227 2397 2373 2453; x_wconf 90' lang='lat' dir='ltr'><strong>domi</strong></span> <span class='ocrx_word' id='word_1_274' title='bbox 2402 2396 2656 2453; x_wconf 88' lang='lat' dir='ltr'><strong>Carolum</strong></span> <span class='ocrx_word' id='word_1_275' title='bbox 2686 2398 2915 2454; x_wconf 89' lang='lat' dir='ltr'><strong>rationis</strong></span> <span class='ocrx_word' id='word_1_276' title='bbox 2959 2400 3078 2454; x_wconf 88' lang='lat' dir='ltr'><strong>iura</strong></span> <span class='ocrx_word' id='word_1_277' title='bbox 3110 2412 3356 2459; x_wconf 88' lang='lat' dir='ltr'><strong>secutum</strong></span> 
     </span>
    </p>
   </div>
   <div class='ocr_carea' id='block_1_26' title="bbox 367 2482 3304 2563">
    <p class='ocr_par' dir='ltr' id='par_1_26' title="bbox 367 2482 3304 2563">
     <span class='ocr_line' id='line_1_26' title="bbox 367 2482 3304 2563; baseline 0 -16"><span class='ocrx_word' id='word_1_278' title='bbox 367 2492 436 2547; x_wconf 88' lang='lat' dir='ltr'><strong>Et</strong></span> <span class='ocrx_word' id='word_1_279' title='bbox 466 2491 709 2546; x_wconf 86' lang='lat' dir='ltr'><strong>Francos</strong></span> <span class='ocrx_word' id='word_1_280' title='bbox 746 2491 1062 2555; x_wconf 88' lang='lat' dir='ltr'><strong>orientales,</strong></span> <span class='ocrx_word' id='word_1_281' title='bbox 1092 2505 1193 2544; x_wconf 86' lang='lat' dir='ltr'><strong>nec</strong></span> <span class='ocrx_word' id='word_1_282' title='bbox 1223 2505 1328 2544; x_wconf 89' lang='lat' dir='ltr'><strong>non</strong></span> <span class='ocrx_word' id='word_1_283' title='bbox 1363 2486 1710 2554; x_wconf 84' lang='lat' dir='ltr'><strong>Alamannos,</strong></span> <span class='ocrx_word' id='word_1_284' title='bbox 2126 2487 2223 2543; x_wconf 89' lang='lat' dir='ltr'><strong>Est</strong></span> <span class='ocrx_word' id='word_1_285' title='bbox 2262 2482 2522 2543; x_wconf 81' lang='lat' dir='ltr'><strong>comitata</strong></span> <span class='ocrx_word' id='word_1_286' title='bbox 2551 2485 2684 2544; x_wconf 84' lang='lat' dir='ltr'><strong>foris</strong></span> <span class='ocrx_word' id='word_1_287' title='bbox 2708 2487 2881 2562; x_wconf 90' lang='lat' dir='ltr'><strong>gloria</strong></span> <span class='ocrx_word' id='word_1_288' title='bbox 2912 2506 3113 2563; x_wconf 83' lang='lat' dir='ltr'><strong>magna</strong></span> <span class='ocrx_word' id='word_1_289' title='bbox 3153 2494 3304 2550; x_wconf 89' lang='lat' dir='ltr'><strong>satis.</strong></span> 
     </span>
    </p>
   </div>
   <div class='ocr_carea' id='block_1_27' title="bbox 436 2581 3293 2659">
    <p class='ocr_par' dir='ltr' id='par_1_27' title="bbox 436 2581 3293 2659">
     <span class='ocr_line' id='line_1_27' title="bbox 436 2581 3293 2659; baseline 0.001 -21"><span class='ocrx_word' id='word_1_290' title='bbox 436 2586 516 2638; x_wconf 82' lang='lat' dir='ltr'><strong>Ac</strong></span> <span class='ocrx_word' id='word_1_291' title='bbox 543 2581 818 2637; x_wconf 88' lang='lat' dir='ltr'><strong>Baioarios</strong></span> <span class='ocrx_word' id='word_1_292' title='bbox 857 2582 965 2637; x_wconf 91' lang='lat' dir='ltr'><strong>iam</strong></span> <span class='ocrx_word' id='word_1_293' title='bbox 1001 2589 1226 2637; x_wconf 87' lang='lat' dir='ltr'><strong>tenuere</strong></span> <span class='ocrx_word' id='word_1_294' title='bbox 1262 2581 1445 2651; x_wconf 89' lang='lat' dir='ltr'><strong>prius;</strong></span> <span class='ocrx_word' id='word_1_295' title='bbox 2054 2585 2386 2640; x_wconf 87' lang='lat' dir='ltr'><strong>Assuescens</strong></span> <span class='ocrx_word' id='word_1_296' title='bbox 2424 2583 2602 2655; x_wconf 89' lang='lat' dir='ltr'><strong>potuit</strong></span> <span class='ocrx_word' id='word_1_297' title='bbox 2635 2584 2931 2643; x_wconf 86' lang='lat' dir='ltr'><strong>virtutibus</strong></span> <span class='ocrx_word' id='word_1_298' title='bbox 2965 2600 3293 2659; x_wconf 80' lang='lat' dir='ltr'><strong>exuperare,</strong></span> 
     </span>
    </p>
   </div>
   <div class='ocr_carea' id='block_1_28' title="bbox 362 2672 3255 2749">
    <p class='ocr_par' dir='ltr' id='par_1_28' title="bbox 362 2672 3255 2749">
     <span class='ocr_line' id='line_1_28' title="bbox 362 2672 3255 2749; baseline 0.001 -19"><span class='ocrx_word' id='word_1_299' title='bbox 362 2672 637 2730; x_wconf 84' lang='lat' dir='ltr'><strong>Fresones</strong></span> <span class='ocrx_word' id='word_1_300' title='bbox 659 2673 841 2737; x_wconf 87' lang='lat' dir='ltr'><strong>etiam,</strong></span> <span class='ocrx_word' id='word_1_301' title='bbox 873 2672 1031 2727; x_wconf 91' lang='lat' dir='ltr'><strong>simul</strong></span> <span class='ocrx_word' id='word_1_302' title='bbox 1067 2681 1123 2727; x_wconf 90' lang='lat' dir='ltr'><strong>et</strong></span> <span class='ocrx_word' id='word_1_303' title='bbox 1156 2687 1347 2727; x_wconf 76' lang='lat' dir='ltr'><strong>rexere</strong></span> <span class='ocrx_word' id='word_1_304' title='bbox 1372 2672 1674 2744; x_wconf 87' lang='lat' dir='ltr'><strong>Thoringos</strong></span> <span class='ocrx_word' id='word_1_305' title='bbox 1701 2691 1713 2726; x_wconf 91' lang='lat'><strong>:</strong></span> <span class='ocrx_word' id='word_1_306' title='bbox 2091 2677 2095 2681; x_wconf 76' lang='lat'><strong>&#39;</strong></span> <span class='ocrx_word' id='word_1_307' title='bbox 2122 2673 2399 2745; x_wconf 82' lang='lat' dir='ltr'><strong>Ferreque</strong></span> <span class='ocrx_word' id='word_1_308' title='bbox 2426 2673 2651 2749; x_wconf 86' lang='lat' dir='ltr'><strong>consilio</strong></span> <span class='ocrx_word' id='word_1_309' title='bbox 2678 2680 2875 2729; x_wconf 88' lang='lat' dir='ltr'><strong>cuncta</strong></span> <span class='ocrx_word' id='word_1_310' title='bbox 2902 2675 3108 2746; x_wconf 89' lang='lat' dir='ltr'><strong>pericla</strong></span> <span class='ocrx_word' id='word_1_311' title='bbox 3138 2693 3255 2732; x_wconf 83' lang='lat' dir='ltr'><strong>sua.</strong></span> 
     </span>
    </p>
   </div>
   <div class='ocr_carea' id='block_1_29' title="bbox 437 2762 3243 2836">
    <p class='ocr_par' dir='ltr' id='par_1_29' title="bbox 437 2762 3243 2836">
     <span class='ocr_line' id='line_1_29' title="bbox 437 2762 3243 2836; baseline 0.001 -15"><span class='ocrx_word' id='word_1_312' title='bbox 437 2766 761 2836; x_wconf 69' lang='lat' dir='ltr'><strong>Etregnum</strong></span> <span class='ocrx_word' id='word_1_313' title='bbox 788 2763 969 2820; x_wconf 89' lang='lat' dir='ltr'><strong>Caroli</strong></span> <span class='ocrx_word' id='word_1_314' title='bbox 1005 2764 1114 2824; x_wconf 87' lang='lat' dir='ltr'><strong>hoc</strong></span> <span class='ocrx_word' id='word_1_315' title='bbox 1136 2762 1376 2819; x_wconf 88' lang='lat' dir='ltr'><strong>habuere</strong></span> <span class='ocrx_word' id='word_1_316' title='bbox 1419 2773 1623 2835; x_wconf 83' lang='lat' dir='ltr'><strong>patres.</strong></span> <span class='ocrx_word' id='word_1_317' title='bbox 2054 2766 2123 2820; x_wconf 84' lang='lat' dir='ltr'><strong>Et</strong></span> <span class='ocrx_word' id='word_1_318' title='bbox 2147 2766 2275 2835; x_wconf 89' lang='lat' dir='ltr'><strong>quia</strong></span> <span class='ocrx_word' id='word_1_319' title='bbox 2301 2763 2515 2820; x_wconf 90' lang='lat' dir='ltr'><strong>iusticia</strong></span> <span class='ocrx_word' id='word_1_320' title='bbox 2536 2771 2788 2835; x_wconf 86' lang='lat' dir='ltr'><strong>pacatum</strong></span> <span class='ocrx_word' id='word_1_321' title='bbox 2811 2766 3047 2821; x_wconf 89' lang='lat' dir='ltr'><strong>reddidit</strong></span> <span class='ocrx_word' id='word_1_322' title='bbox 3066 2767 3243 2833; x_wconf 88' lang='lat' dir='ltr'><strong>intus,</strong></span> 
     </span>
    </p>
   </div>
   <div class='ocr_carea' id='block_1_30' title="bbox 362 2851 3188 2929">
    <p class='ocr_par' dir='ltr' id='par_1_30' title="bbox 362 2851 3188 2929">
     <span class='ocr_line' id='line_1_30' title="bbox 362 2851 3188 2929; baseline 0.001 -18"><span class='ocrx_word' id='word_1_323' title='bbox 362 2854 592 2927; x_wconf 87' lang='lat' dir='ltr'><strong>Pippino</strong></span> <span class='ocrx_word' id='word_1_324' title='bbox 616 2862 771 2928; x_wconf 91' lang='lat' dir='ltr'><strong>patre</strong></span> <span class='ocrx_word' id='word_1_325' title='bbox 796 2853 1072 2922; x_wconf 82' lang='lat' dir='ltr'><strong>defuncto,</strong></span> <span class='ocrx_word' id='word_1_326' title='bbox 1096 2870 1221 2910; x_wconf 87' lang='lat' dir='ltr'><strong>cum</strong></span> <span class='ocrx_word' id='word_1_327' title='bbox 1250 2851 1421 2910; x_wconf 85' lang='lat' dir='ltr'><strong>fratre</strong></span> <span class='ocrx_word' id='word_1_328' title='bbox 1452 2855 1675 2925; x_wconf 83' lang='lat' dir='ltr'><strong>regebat</strong></span> <span class='ocrx_word' id='word_1_329' title='bbox 1698 2854 1726 2894; x_wconf 70' lang='grc' dir='ltr'><strong>ιι</strong></span> <span class='ocrx_word' id='word_1_330' title='bbox 2124 2856 2377 2912; x_wconf 78' lang='lat' dir='ltr'><strong>Externis</strong></span> <span class='ocrx_word' id='word_1_331' title='bbox 2410 2871 2638 2928; x_wconf 89' lang='lat' dir='ltr'><strong>regnum</strong></span> <span class='ocrx_word' id='word_1_332' title='bbox 2675 2856 2919 2913; x_wconf 87' lang='lat' dir='ltr'><strong>cladibus</strong></span> <span class='ocrx_word' id='word_1_333' title='bbox 2960 2858 3188 2929; x_wconf 88' lang='lat' dir='ltr'><strong>eripuit.</strong></span> 
     </span>
    </p>
   </div>
   <div class='ocr_carea' id='block_1_31' title="bbox 435 2943 3547 3023">
    <p class='ocr_par' dir='ltr' id='par_1_31' title="bbox 435 2943 3547 3023">
     <span class='ocr_line' id='line_1_31' title="bbox 435 2943 3547 3023; baseline 0.001 -20"><span class='ocrx_word' id='word_1_334' title='bbox 435 2947 492 3003; x_wconf 90' lang='lat' dir='ltr'><strong>ld</strong></span> <span class='ocrx_word' id='word_1_335' title='bbox 513 2944 931 3012; x_wconf 88' lang='lat' dir='ltr'><strong>Carolomanno,</strong></span> <span class='ocrx_word' id='word_1_336' title='bbox 962 2954 1108 3002; x_wconf 91' lang='lat' dir='ltr'><strong>sorte</strong></span> <span class='ocrx_word' id='word_1_337' title='bbox 1150 2943 1365 3002; x_wconf 87' lang='lat' dir='ltr'><strong>fruente</strong></span> <span class='ocrx_word' id='word_1_338' title='bbox 1403 2962 1523 3001; x_wconf 91' lang='lat' dir='ltr'><strong>sua.</strong></span> <span class='ocrx_word' id='word_1_339' title='bbox 2052 2946 2276 3002; x_wconf 81' lang='lat' dir='ltr'><strong>Artibus</strong></span> <span class='ocrx_word' id='word_1_340' title='bbox 2302 2947 2415 3017; x_wconf 90' lang='lat' dir='ltr'><strong>ipse</strong></span> <span class='ocrx_word' id='word_1_341' title='bbox 2440 2947 2658 3019; x_wconf 90' lang='lat' dir='ltr'><strong>quidem</strong></span> <span class='ocrx_word' id='word_1_342' title='bbox 2686 2948 2896 3003; x_wconf 90' lang='lat' dir='ltr'><strong>cunctis</strong></span> <span class='ocrx_word' id='word_1_343' title='bbox 2927 2949 3231 3006; x_wconf 88' lang='lat' dir='ltr'><strong>instructus</strong></span> <span class='ocrx_word' id='word_1_344' title='bbox 3260 2950 3481 3007; x_wconf 82' lang='lat' dir='ltr'><strong>honestis</strong></span> <span class='ocrx_word' id='word_1_345' title='bbox 3499 2948 3547 3023; x_wconf 69' lang='grc' dir='ltr'><strong>ἀ,</strong></span> 
     </span>
    </p>
   </div>
   <div class='ocr_carea' id='block_1_32' title="bbox 362 3034 3168 3111">
    <p class='ocr_par' dir='ltr' id='par_1_32' title="bbox 362 3034 3168 3111">
     <span class='ocr_line' id='line_1_32' title="bbox 362 3034 3168 3111; baseline 0.001 -19"><span class='ocrx_word' id='word_1_346' title='bbox 362 3038 540 3108; x_wconf 85' lang='lat' dir='ltr'><strong>Atque</strong></span> <span class='ocrx_word' id='word_1_347' title='bbox 565 3036 868 3092; x_wconf 86' lang='lat' dir='ltr'><strong>simultates</strong></span> <span class='ocrx_word' id='word_1_348' title='bbox 893 3036 1045 3091; x_wconf 91' lang='lat' dir='ltr'><strong>illum</strong></span> <span class='ocrx_word' id='word_1_349' title='bbox 1071 3036 1325 3106; x_wconf 78' lang='lat' dir='ltr'><strong>rixasque</strong></span> <span class='ocrx_word' id='word_1_350' title='bbox 1360 3045 1665 3093; x_wconf 88' lang='lat' dir='ltr'><strong>moventem</strong></span> <span class='ocrx_word' id='word_1_351' title='bbox 1980 3089 2022 3111; x_wconf 55' lang='grc' dir='ltr'><strong>η</strong></span> <span class='ocrx_word' id='word_1_352' title='bbox 2127 3034 2330 3090; x_wconf 83' lang='lat' dir='ltr'><strong>Harum</strong></span> <span class='ocrx_word' id='word_1_353' title='bbox 2372 3037 2621 3092; x_wconf 88' lang='lat' dir='ltr'><strong>doctores</strong></span> <span class='ocrx_word' id='word_1_354' title='bbox 2651 3036 2951 3111; x_wconf 77' lang='lat' dir='ltr'><strong>magnifice</strong></span> <span class='ocrx_word' id='word_1_355' title='bbox 2973 3038 3168 3094; x_wconf 89' lang='lat' dir='ltr'><strong>coluit.</strong></span> 
     </span>
    </p>
   </div>
   <div class='ocr_carea' id='block_1_33' title="bbox 434 3093 3274 3202">
    <p class='ocr_par' dir='ltr' id='par_1_33' title="bbox 434 3093 3274 3202">
     <span class='ocr_line' id='line_1_33' title="bbox 434 3093 3274 3202; baseline -0 -15"><span class='ocrx_word' id='word_1_356' title='bbox 434 3093 535 3187; x_wconf 60' lang='lat' dir='ltr'><strong>llic</strong></span> <span class='ocrx_word' id='word_1_357' title='bbox 562 3144 778 3202; x_wconf 88' lang='lat' dir='ltr'><strong>semper</strong></span> <span class='ocrx_word' id='word_1_358' title='bbox 800 3129 1032 3184; x_wconf 89' lang='lat' dir='ltr'><strong>multum</strong></span> <span class='ocrx_word' id='word_1_359' title='bbox 1065 3093 1368 3200; x_wconf 70' lang='lat' dir='ltr'><strong>pertulerat</strong></span> <span class='ocrx_word' id='word_1_360' title='bbox 1406 3131 1629 3202; x_wconf 79' lang='lat' dir='ltr'><strong>paciens</strong></span> <span class='ocrx_word' id='word_1_361' title='bbox 1646 3171 1661 3196; x_wconf 92' lang='lat'><strong>,</strong></span> <span class='ocrx_word' id='word_1_362' title='bbox 1979 3093 2023 3151; x_wconf 59' lang='grc' dir='ltr'>Ε</span> <span class='ocrx_word' id='word_1_363' title='bbox 2057 3127 2102 3181; x_wconf 85' lang='lat' dir='ltr'><strong>A</strong></span> <span class='ocrx_word' id='word_1_364' title='bbox 2132 3141 2261 3182; x_wconf 90' lang='lat' dir='ltr'><strong>sene</strong></span> <span class='ocrx_word' id='word_1_365' title='bbox 2291 3126 2454 3182; x_wconf 89' lang='lat' dir='ltr'><strong>levita</strong></span> <span class='ocrx_word' id='word_1_366' title='bbox 2479 3128 2715 3198; x_wconf 89' lang='lat' dir='ltr'><strong>quodam</strong></span> <span class='ocrx_word' id='word_1_367' title='bbox 2741 3093 3074 3201; x_wconf 45' lang='lat' dir='ltr'><strong>bognomine</strong></span> <span class='ocrx_word' id='word_1_368' title='bbox 3102 3130 3274 3186; x_wconf 82' lang='lat' dir='ltr'><strong>Petro</strong></span> 
     </span>
    </p>
   </div>
   <div class='ocr_carea' id='block_1_34' title="bbox 363 3216 3276 3292">
    <p class='ocr_par' dir='ltr' id='par_1_34' title="bbox 363 3216 3276 3292">
     <span class='ocr_line' id='line_1_34' title="bbox 363 3216 3276 3292; baseline -0.002 -11"><span class='ocrx_word' id='word_1_369' title='bbox 363 3224 437 3281; x_wconf 90' lang='lat' dir='ltr'><strong>Ut</strong></span> <span class='ocrx_word' id='word_1_370' title='bbox 464 3224 664 3279; x_wconf 89' lang='lat' dir='ltr'><strong>mirum</strong></span> <span class='ocrx_word' id='word_1_371' title='bbox 692 3221 877 3278; x_wconf 88' lang='lat' dir='ltr'><strong>multis</strong></span> <span class='ocrx_word' id='word_1_372' title='bbox 914 3220 1098 3288; x_wconf 85' lang='lat' dir='ltr'><strong>fuerit,</strong></span> <span class='ocrx_word' id='word_1_373' title='bbox 1120 3221 1266 3292; x_wconf 91' lang='lat' dir='ltr'><strong>quod</strong></span> <span class='ocrx_word' id='word_1_374' title='bbox 1291 3221 1488 3277; x_wconf 91' lang='lat' dir='ltr'><strong>viderit</strong></span> <span class='ocrx_word' id='word_1_375' title='bbox 1514 3221 1595 3276; x_wconf 91' lang='lat' dir='ltr'><strong>ira</strong></span> <span class='ocrx_word' id='word_1_376' title='bbox 1916 3250 1921 3255; x_wconf 60' lang='grc' dir='ltr'><strong><em>ι</em></strong></span> <span class='ocrx_word' id='word_1_377' title='bbox 2128 3216 2353 3273; x_wconf 84' lang='lat' dir='ltr'><strong>Curavit</strong></span> <span class='ocrx_word' id='word_1_378' title='bbox 2387 3219 2565 3289; x_wconf 91' lang='lat' dir='ltr'><strong>primo</strong></span> <span class='ocrx_word' id='word_1_379' title='bbox 2589 3218 2801 3275; x_wconf 89' lang='lat' dir='ltr'><strong>discere</strong></span> <span class='ocrx_word' id='word_1_380' title='bbox 2834 3222 3276 3290; x_wconf 86' lang='lat' dir='ltr'><strong>grammaticam.</strong></span> 
     </span>
    </p>
   </div>
   <div class='ocr_carea' id='block_1_35' title="bbox 432 3309 3401 3383">
    <p class='ocr_par' dir='ltr' id='par_1_35' title="bbox 432 3309 3401 3383">
     <span class='ocr_line' id='line_1_35' title="bbox 432 3309 3401 3383; baseline -0.001 -14"><span class='ocrx_word' id='word_1_381' title='bbox 432 3312 772 3369; x_wconf 86' lang='lat' dir='ltr'><strong>Commotum</strong></span> <span class='ocrx_word' id='word_1_382' title='bbox 796 3312 977 3367; x_wconf 88' lang='lat' dir='ltr'><strong>causis</strong></span> <span class='ocrx_word' id='word_1_383' title='bbox 1001 3325 1162 3366; x_wconf 91' lang='lat' dir='ltr'><strong>nemo</strong></span> <span class='ocrx_word' id='word_1_384' title='bbox 1183 3311 1313 3366; x_wconf 88' lang='lat' dir='ltr'><strong>licet</strong></span> <span class='ocrx_word' id='word_1_385' title='bbox 1334 3312 1611 3383; x_wconf 85' lang='lat' dir='ltr'><strong>gravibus.</strong></span> <span class='ocrx_word' id='word_1_386' title='bbox 2059 3309 2209 3363; x_wconf 88' lang='lat' dir='ltr'><strong>Artis</strong></span> <span class='ocrx_word' id='word_1_387' title='bbox 2245 3310 2580 3375; x_wconf 89' lang='lat' dir='ltr'><strong>rethoricae,</strong></span> <span class='ocrx_word' id='word_1_388' title='bbox 2616 3324 2712 3365; x_wconf 88' lang='lat' dir='ltr'><strong>seu</strong></span> <span class='ocrx_word' id='word_1_389' title='bbox 2751 3312 2839 3367; x_wconf 91' lang='lat' dir='ltr'><strong>cui</strong></span> <span class='ocrx_word' id='word_1_390' title='bbox 2873 3311 3164 3369; x_wconf 85' lang='lat' dir='ltr'><strong>dialectica</strong></span> <span class='ocrx_word' id='word_1_391' title='bbox 3195 3329 3401 3378; x_wconf 83' lang='lat' dir='ltr'><strong>nomen,</strong></span> 
     </span>
    </p>
   </div>
   <div class='ocr_carea' id='block_1_36' title="bbox 358 3398 3292 3481">
    <p class='ocr_par' dir='ltr' id='par_1_36' title="bbox 358 3398 3292 3481">
     <span class='ocr_line' id='line_1_36' title="bbox 358 3398 3292 3481; baseline -0.002 -18"><span class='ocrx_word' id='word_1_392' title='bbox 358 3406 530 3463; x_wconf 83' lang='lat' dir='ltr'><strong>Annis</strong></span> <span class='ocrx_word' id='word_1_393' title='bbox 560 3406 639 3464; x_wconf 90' lang='lat' dir='ltr'><strong>sic</strong></span> <span class='ocrx_word' id='word_1_394' title='bbox 661 3403 889 3478; x_wconf 87' lang='lat' dir='ltr'><strong>geminis</strong></span> <span class='ocrx_word' id='word_1_395' title='bbox 915 3404 1221 3462; x_wconf 89' lang='lat' dir='ltr'><strong>decesserat</strong></span> <span class='ocrx_word' id='word_1_396' title='bbox 1249 3404 1340 3460; x_wconf 91' lang='lat' dir='ltr'><strong>ille</strong></span> <span class='ocrx_word' id='word_1_397' title='bbox 1366 3404 1625 3476; x_wconf 86' lang='lat' dir='ltr'><strong>peractis,</strong></span> <span class='ocrx_word' id='word_1_398' title='bbox 1834 3478 1837 3481; x_wconf 18' lang='grc' dir='ltr'><em>Α</em></span> <span class='ocrx_word' id='word_1_399' title='bbox 2130 3398 2375 3471; x_wconf 90' lang='lat' dir='ltr'><strong>Sumpsit</strong></span> <span class='ocrx_word' id='word_1_400' title='bbox 2396 3399 2466 3456; x_wconf 90' lang='lat' dir='ltr'><strong>ab</strong></span> <span class='ocrx_word' id='word_1_401' title='bbox 2485 3400 2705 3473; x_wconf 84' lang='lat' dir='ltr'><strong>Alquini</strong></span> <span class='ocrx_word' id='word_1_402' title='bbox 2734 3403 2984 3476; x_wconf 89' lang='lat' dir='ltr'><strong>dogmate</strong></span> <span class='ocrx_word' id='word_1_403' title='bbox 3008 3405 3292 3461; x_wconf 85' lang='lat' dir='ltr'><strong>noticiam.</strong></span> 
     </span>
    </p>
   </div>
   <div class='ocr_carea' id='block_1_37' title="bbox 434 3493 3359 3570">
    <p class='ocr_par' dir='ltr' id='par_1_37' title="bbox 434 3493 3359 3570">
     <span class='ocr_line' id='line_1_37' title="bbox 434 3493 3359 3570; baseline 0 -17"><span class='ocrx_word' id='word_1_404' title='bbox 434 3499 504 3553; x_wconf 88' lang='lat' dir='ltr'><strong>Et</strong></span> <span class='ocrx_word' id='word_1_405' title='bbox 534 3512 763 3569; x_wconf 83' lang='lat' dir='ltr'><strong>regnum</strong></span> <span class='ocrx_word' id='word_1_406' title='bbox 793 3498 893 3554; x_wconf 87' lang='lat' dir='ltr'><strong>soli</strong></span> <span class='ocrx_word' id='word_1_407' title='bbox 921 3498 1040 3552; x_wconf 90' lang='lat' dir='ltr'><strong>iure</strong></span> <span class='ocrx_word' id='word_1_408' title='bbox 1074 3498 1235 3553; x_wconf 89' lang='lat' dir='ltr'><strong>datur</strong></span> <span class='ocrx_word' id='word_1_409' title='bbox 1274 3496 1489 3554; x_wconf 86' lang='lat' dir='ltr'><strong>Carolo.</strong></span> <span class='ocrx_word' id='word_1_410' title='bbox 2060 3493 2159 3549; x_wconf 90' lang='lat' dir='ltr'><strong>llic</strong></span> <span class='ocrx_word' id='word_1_411' title='bbox 2185 3493 2350 3549; x_wconf 86' lang='lat' dir='ltr'><strong>etiam</strong></span> <span class='ocrx_word' id='word_1_412' title='bbox 2379 3493 2540 3549; x_wconf 90' lang='lat' dir='ltr'><strong>levita</strong></span> <span class='ocrx_word' id='word_1_413' title='bbox 2565 3495 2736 3567; x_wconf 88' lang='lat' dir='ltr'><strong>gradu</strong></span> <span class='ocrx_word' id='word_1_414' title='bbox 2760 3495 3095 3566; x_wconf 89' lang='lat' dir='ltr'><strong>multumque</strong></span> <span class='ocrx_word' id='word_1_415' title='bbox 3135 3499 3359 3570; x_wconf 88' lang='lat' dir='ltr'><strong>peritus,</strong></span> 
     </span>
    </p>
   </div>
   <div class='ocr_carea' id='block_1_38' title="bbox 360 3582 3221 3661">
    <p class='ocr_par' dir='ltr' id='par_1_38' title="bbox 360 3582 3221 3661">
     <span class='ocr_line' id='line_1_38' title="bbox 360 3582 3221 3661; baseline 0 -16"><span class='ocrx_word' id='word_1_416' title='bbox 360 3591 515 3659; x_wconf 78' lang='lat' dir='ltr'><strong>Quod</strong></span> <span class='ocrx_word' id='word_1_417' title='bbox 554 3591 729 3660; x_wconf 88' lang='lat' dir='ltr'><strong>primo</strong></span> <span class='ocrx_word' id='word_1_418' title='bbox 756 3590 916 3645; x_wconf 87' lang='lat' dir='ltr'><strong>victis</strong></span> <span class='ocrx_word' id='word_1_419' title='bbox 936 3589 1224 3658; x_wconf 83' lang='lat' dir='ltr'><strong>Aquitanis</strong></span> <span class='ocrx_word' id='word_1_420' title='bbox 1249 3590 1499 3661; x_wconf 90' lang='lat' dir='ltr'><strong>gentibus</strong></span> <span class='ocrx_word' id='word_1_421' title='bbox 1529 3590 1680 3646; x_wconf 83' lang='lat' dir='ltr'><strong>auxit</strong></span> <span class='ocrx_word' id='word_1_422' title='bbox 1702 3602 1723 3631; x_wconf 76' lang='grc' dir='ltr'><strong><em>ο</em></strong></span> <span class='ocrx_word' id='word_1_423' title='bbox 1746 3633 1762 3657; x_wconf 87' lang='grc'><em>,</em></span> <span class='ocrx_word' id='word_1_424' title='bbox 2129 3584 2208 3638; x_wconf 78' lang='lat' dir='ltr'><strong>Ex</strong></span> <span class='ocrx_word' id='word_1_425' title='bbox 2234 3582 2417 3654; x_wconf 74' lang='lat' dir='ltr'><strong>Anglis</strong></span> <span class='ocrx_word' id='word_1_426' title='bbox 2444 3584 2666 3641; x_wconf 69' lang='lat' dir='ltr'><strong>veniens</strong></span> <span class='ocrx_word' id='word_1_427' title='bbox 2698 3584 2842 3642; x_wconf 64' lang='lat' dir='ltr'><strong>Saxo</strong></span> <span class='ocrx_word' id='word_1_428' title='bbox 2869 3587 2970 3643; x_wconf 81' lang='lat' dir='ltr'><strong>fuit</strong></span> <span class='ocrx_word' id='word_1_429' title='bbox 2996 3602 3221 3659; x_wconf 81' lang='lat' dir='ltr'><strong>genere.</strong></span> 
     </span>
    </p>
   </div>
   <div class='ocr_carea' id='block_1_39' title="bbox 433 3672 3271 3752">
    <p class='ocr_par' dir='ltr' id='par_1_39' title="bbox 433 3672 3271 3752">
     <span class='ocr_line' id='line_1_39' title="bbox 433 3672 3271 3752; baseline -0.002 -18"><span class='ocrx_word' id='word_1_430' title='bbox 433 3680 869 3749; x_wconf 81' lang='lat' dir='ltr'><strong>Wasconumque</strong></span> <span class='ocrx_word' id='word_1_431' title='bbox 898 3679 1059 3735; x_wconf 84' lang='lat' dir='ltr'><strong>simul</strong></span> <span class='ocrx_word' id='word_1_432' title='bbox 1086 3680 1358 3736; x_wconf 87' lang='lat' dir='ltr'><strong>subiciens</strong></span> <span class='ocrx_word' id='word_1_433' title='bbox 1393 3682 1667 3752; x_wconf 90' lang='lat' dir='ltr'><strong>populum.</strong></span> <span class='ocrx_word' id='word_1_434' title='bbox 2058 3672 2103 3726; x_wconf 75' lang='grc' dir='ltr'>Α</span> <span class='ocrx_word' id='word_1_435' title='bbox 2124 3689 2232 3743; x_wconf 78' lang='lat' dir='ltr'><strong>quo</strong></span> <span class='ocrx_word' id='word_1_436' title='bbox 2266 3674 2523 3746; x_wconf 88' lang='lat' dir='ltr'><strong>precipue</strong></span> <span class='ocrx_word' id='word_1_437' title='bbox 2558 3675 2763 3731; x_wconf 87' lang='lat' dir='ltr'><strong>studuit</strong></span> <span class='ocrx_word' id='word_1_438' title='bbox 2790 3684 2960 3733; x_wconf 86' lang='lat' dir='ltr'><strong>totam</strong></span> <span class='ocrx_word' id='word_1_439' title='bbox 2996 3680 3271 3736; x_wconf 79' lang='lat' dir='ltr'><strong>rationem</strong></span> 
     </span>
    </p>
   </div>
   <div class='ocr_carea' id='block_1_40' title="bbox 361 3763 3181 3843">
    <p class='ocr_par' dir='ltr' id='par_1_40' title="bbox 361 3763 3181 3843">
     <span class='ocr_line' id='line_1_40' title="bbox 361 3763 3181 3843; baseline -0.002 -12"><span class='ocrx_word' id='word_1_440' title='bbox 361 3776 432 3831; x_wconf 80' lang='lat' dir='ltr'><strong>Et</strong></span> <span class='ocrx_word' id='word_1_441' title='bbox 455 3774 579 3843; x_wconf 85' lang='lat' dir='ltr'><strong>iuga</strong></span> <span class='ocrx_word' id='word_1_442' title='bbox 607 3781 801 3828; x_wconf 90' lang='lat' dir='ltr'><strong>cuncta</strong></span> <span class='ocrx_word' id='word_1_443' title='bbox 828 3769 1057 3842; x_wconf 79' lang='lat' dir='ltr'><strong>Pyrenei</strong></span> <span class='ocrx_word' id='word_1_444' title='bbox 1089 3772 1381 3842; x_wconf 89' lang='lat' dir='ltr'><strong>superavit,</strong></span> <span class='ocrx_word' id='word_1_445' title='bbox 1410 3771 1671 3829; x_wconf 85' lang='lat' dir='ltr'><strong>Hiberum</strong></span> <span class='ocrx_word' id='word_1_446' title='bbox 2128 3765 2198 3819; x_wconf 89' lang='lat' dir='ltr'><strong>Et</strong></span> <span class='ocrx_word' id='word_1_447' title='bbox 2223 3763 2397 3835; x_wconf 87' lang='lat' dir='ltr'><strong>legem</strong></span> <span class='ocrx_word' id='word_1_448' title='bbox 2425 3780 2616 3820; x_wconf 90' lang='lat' dir='ltr'><strong>cursus</strong></span> <span class='ocrx_word' id='word_1_449' title='bbox 2642 3781 2867 3829; x_wconf 83' lang='lat' dir='ltr'><strong>noscere</strong></span> <span class='ocrx_word' id='word_1_450' title='bbox 2892 3769 3089 3824; x_wconf 90' lang='lat' dir='ltr'><strong>siderei</strong></span> <span class='ocrx_word' id='word_1_451' title='bbox 3134 3782 3181 3824; x_wconf 74' lang='grc' dir='ltr'><strong>ε.</strong></span> 
     </span>
    </p>
   </div>
   <div class='ocr_carea' id='block_1_41' title="bbox 435 3855 3254 3935">
    <p class='ocr_par' dir='ltr' id='par_1_41' title="bbox 435 3855 3254 3935">
     <span class='ocr_line' id='line_1_41' title="bbox 435 3855 3254 3935; baseline 0 -17"><span class='ocrx_word' id='word_1_452' title='bbox 435 3863 615 3918; x_wconf 88' lang='lat' dir='ltr'><strong>Donec</strong></span> <span class='ocrx_word' id='word_1_453' title='bbox 655 3862 724 3917; x_wconf 85' lang='lat' dir='ltr'><strong>ad</strong></span> <span class='ocrx_word' id='word_1_454' title='bbox 750 3860 971 3916; x_wconf 79' lang='lat' dir='ltr'><strong>fluvium</strong></span> <span class='ocrx_word' id='word_1_455' title='bbox 1009 3861 1254 3918; x_wconf 87' lang='lat' dir='ltr'><strong>tenderet</strong></span> <span class='ocrx_word' id='word_1_456' title='bbox 1278 3863 1584 3935; x_wconf 57' lang='lat' dir='ltr'><strong>impqium.</strong></span> <span class='ocrx_word' id='word_1_457' title='bbox 2059 3857 2116 3911; x_wconf 85' lang='lat' dir='ltr'><strong>In</strong></span> <span class='ocrx_word' id='word_1_458' title='bbox 2140 3857 2317 3913; x_wconf 86' lang='lat' dir='ltr'><strong>causis</strong></span> <span class='ocrx_word' id='word_1_459' title='bbox 2335 3855 2497 3912; x_wconf 78' lang='lat' dir='ltr'><strong>iudex</strong></span> <span class='ocrx_word' id='word_1_460' title='bbox 2525 3858 2874 3926; x_wconf 90' lang='lat' dir='ltr'><strong>iustissimus,</strong></span> <span class='ocrx_word' id='word_1_461' title='bbox 2906 3862 3076 3917; x_wconf 89' lang='lat' dir='ltr'><strong>audiit</strong></span> <span class='ocrx_word' id='word_1_462' title='bbox 3100 3862 3254 3934; x_wconf 86' lang='lat' dir='ltr'><strong>ipsas</strong></span> 
     </span>
    </p>
   </div>
   <div class='ocr_carea' id='block_1_42' title="bbox 360 3946 3164 4024">
    <p class='ocr_par' dir='ltr' id='par_1_42' title="bbox 360 3946 3164 4024">
     <span class='ocr_line' id='line_1_42' title="bbox 360 3946 3164 4024; baseline 0.001 -14"><span class='ocrx_word' id='word_1_463' title='bbox 360 3954 680 4024; x_wconf 88' lang='lat' dir='ltr'><strong>ltalicasque</strong></span> <span class='ocrx_word' id='word_1_464' title='bbox 702 3952 897 4008; x_wconf 86' lang='lat' dir='ltr'><strong>dehinc</strong></span> <span class='ocrx_word' id='word_1_465' title='bbox 938 3953 1195 4024; x_wconf 82' lang='lat' dir='ltr'><strong>regiones</strong></span> <span class='ocrx_word' id='word_1_466' title='bbox 1211 3955 1450 4011; x_wconf 88' lang='lat' dir='ltr'><strong>subdidit</strong></span> <span class='ocrx_word' id='word_1_467' title='bbox 1483 3970 1692 4022; x_wconf 86' lang='lat' dir='ltr'><strong>omnes,</strong></span> <span class='ocrx_word' id='word_1_468' title='bbox 2130 3947 2345 4019; x_wconf 63' lang='lat' dir='ltr'><strong>sepius,</strong></span> <span class='ocrx_word' id='word_1_469' title='bbox 2381 3956 2437 4003; x_wconf 70' lang='grc' dir='ltr'><strong>ει</strong></span> <span class='ocrx_word' id='word_1_470' title='bbox 2481 3946 2645 4002; x_wconf 74' lang='lat' dir='ltr'><strong>ﬁnem</strong></span> <span class='ocrx_word' id='word_1_471' title='bbox 2671 3948 2854 4005; x_wconf 69' lang='lat' dir='ltr'><strong>litibus</strong></span> <span class='ocrx_word' id='word_1_472' title='bbox 2881 3950 3164 4022; x_wconf 76' lang='lat' dir='ltr'><strong>imposuit.</strong></span> 
     </span>
    </p>
   </div>
   <div class='ocr_carea' id='block_1_43' title="bbox 440 4038 3431 4116">
    <p class='ocr_par' dir='ltr' id='par_1_43' title="bbox 440 4038 3431 4116">
     <span class='ocr_line' id='line_1_43' title="bbox 440 4038 3431 4116; baseline 0.001 -21"><span class='ocrx_word' id='word_1_473' title='bbox 440 4047 628 4102; x_wconf 76' lang='lat' dir='ltr'><strong>Dicere</strong></span> <span class='ocrx_word' id='word_1_474' title='bbox 653 4060 789 4116; x_wconf 86' lang='lat' dir='ltr'><strong>quas</strong></span> <span class='ocrx_word' id='word_1_475' title='bbox 829 4053 980 4101; x_wconf 77' lang='lat' dir='ltr'><strong>certo</strong></span> <span class='ocrx_word' id='word_1_476' title='bbox 1008 4045 1130 4116; x_wconf 83' lang='lat' dir='ltr'><strong>quis</strong></span> <span class='ocrx_word' id='word_1_477' title='bbox 1148 4045 1327 4101; x_wconf 80' lang='lat' dir='ltr'><strong>valeat</strong></span> <span class='ocrx_word' id='word_1_478' title='bbox 1348 4048 1613 4103; x_wconf 74' lang='lat' dir='ltr'><strong>numero?</strong></span> <span class='ocrx_word' id='word_1_479' title='bbox 2058 4040 2118 4095; x_wconf 91' lang='lat' dir='ltr'><strong>ln</strong></span> <span class='ocrx_word' id='word_1_480' title='bbox 2150 4054 2401 4095; x_wconf 86' lang='lat' dir='ltr'><strong>sermone</strong></span> <span class='ocrx_word' id='word_1_481' title='bbox 2437 4038 2569 4095; x_wconf 87' lang='lat' dir='ltr'><strong>satis</strong></span> <span class='ocrx_word' id='word_1_482' title='bbox 2594 4040 2788 4106; x_wconf 90' lang='lat' dir='ltr'><strong>dulcis,</strong></span> <span class='ocrx_word' id='word_1_483' title='bbox 2816 4039 3103 4110; x_wconf 89' lang='lat' dir='ltr'><strong>facundus,</strong></span> <span class='ocrx_word' id='word_1_484' title='bbox 3142 4042 3431 4109; x_wconf 83' lang='lat' dir='ltr'><strong>abundans,</strong></span> 
     </span>
    </p>
   </div>
   <div class='ocr_carea' id='block_1_44' title="bbox 362 4128 3184 4210">
    <p class='ocr_par' dir='ltr' id='par_1_44' title="bbox 362 4128 3184 4210">
     <span class='ocr_line' id='line_1_44' title="bbox 362 4128 3184 4210; baseline 0.002 -15"><span class='ocrx_word' id='word_1_485' title='bbox 362 4139 422 4195; x_wconf 90' lang='lat' dir='ltr'><strong>ln</strong></span> <span class='ocrx_word' id='word_1_486' title='bbox 451 4139 672 4209; x_wconf 85' lang='lat' dir='ltr'><strong>longum</strong></span> <span class='ocrx_word' id='word_1_487' title='bbox 698 4138 879 4194; x_wconf 89' lang='lat' dir='ltr'><strong>decies</strong></span> <span class='ocrx_word' id='word_1_488' title='bbox 912 4138 1158 4193; x_wconf 86' lang='lat' dir='ltr'><strong>centenis</strong></span> <span class='ocrx_word' id='word_1_489' title='bbox 1190 4137 1408 4195; x_wconf 88' lang='lat' dir='ltr'><strong>milibus</strong></span> <span class='ocrx_word' id='word_1_490' title='bbox 1449 4147 1613 4210; x_wconf 89' lang='lat' dir='ltr'><strong>atque</strong></span> <span class='ocrx_word' id='word_1_491' title='bbox 2129 4128 2243 4185; x_wconf 72' lang='lat' dir='ltr'><strong>Nec</strong></span> <span class='ocrx_word' id='word_1_492' title='bbox 2277 4129 2454 4202; x_wconf 58' lang='lat' dir='ltr'><strong>Patrio</strong></span> <span class='ocrx_word' id='word_1_493' title='bbox 2478 4138 2688 4185; x_wconf 56' lang='lat' dir='ltr'><strong>tantum</strong></span> <span class='ocrx_word' id='word_1_494' title='bbox 2724 4130 2921 4187; x_wconf 70' lang='grc' dir='ltr'><strong>ῦίαιυῖι</strong></span> <span class='ocrx_word' id='word_1_495' title='bbox 2947 4133 3184 4205; x_wconf 76' lang='lat' dir='ltr'><strong>eloquia.</strong></span> 
     </span>
    </p>
   </div>
   <div class='ocr_carea' id='block_1_45' title="bbox 432 4218 3289 4302">
    <p class='ocr_par' dir='ltr' id='par_1_45' title="bbox 432 4218 3289 4302">
     <span class='ocr_line' id='line_1_45' title="bbox 432 4218 3289 4302; baseline 0.004 -17"><span class='ocrx_word' id='word_1_496' title='bbox 432 4230 699 4302; x_wconf 86' lang='lat' dir='ltr'><strong>Amplius,</strong></span> <span class='ocrx_word' id='word_1_497' title='bbox 727 4237 789 4285; x_wconf 88' lang='lat' dir='ltr'><strong>ut</strong></span> <span class='ocrx_word' id='word_1_498' title='bbox 814 4228 1008 4295; x_wconf 88' lang='lat' dir='ltr'><strong>fertur,</strong></span> <span class='ocrx_word' id='word_1_499' title='bbox 1037 4229 1277 4297; x_wconf 87' lang='lat' dir='ltr'><strong>tenditur</strong></span> <span class='ocrx_word' id='word_1_500' title='bbox 1305 4229 1480 4286; x_wconf 83' lang='lat' dir='ltr'><strong>Italia.</strong></span> <span class='ocrx_word' id='word_1_501' title='bbox 2062 4218 2171 4277; x_wconf 67' lang='lat' dir='ltr'><strong>59d</strong></span> <span class='ocrx_word' id='word_1_502' title='bbox 2198 4223 2391 4278; x_wconf 70' lang='grc' dir='ltr'><strong>εθὶίῐιιε</strong></span> <span class='ocrx_word' id='word_1_503' title='bbox 2409 4222 2593 4293; x_wconf 69' lang='grc' dir='ltr'><strong>ιίιιειιει</strong></span> <span class='ocrx_word' id='word_1_504' title='bbox 2620 4237 2747 4295; x_wconf 75' lang='lat' dir='ltr'><strong>sepe</strong></span> <span class='ocrx_word' id='word_1_505' title='bbox 2784 4231 2871 4279; x_wconf 66' lang='grc' dir='ltr'><strong>θεῖν</strong></span> <span class='ocrx_word' id='word_1_506' title='bbox 2902 4240 3061 4281; x_wconf 55' lang='lat' dir='ltr'><strong>ora&quot;?</strong></span> <span class='ocrx_word' id='word_1_507' title='bbox 3091 4226 3289 4295; x_wconf 66' lang='grc' dir='ltr'><strong>Ῑειιίηθο</strong></span> 
     </span>
    </p>
   </div>
   <div class='ocr_carea' id='block_1_46' title="bbox 363 4314 3275 4397">
    <p class='ocr_par' dir='ltr' id='par_1_46' title="bbox 363 4314 3275 4397">
     <span class='ocr_line' id='line_1_46' title="bbox 363 4314 3275 4397; baseline 0.001 -13"><span class='ocrx_word' id='word_1_508' title='bbox 363 4329 522 4394; x_wconf 83' lang='lat' dir='ltr'><strong>Tum,</strong></span> <span class='ocrx_word' id='word_1_509' title='bbox 549 4327 746 4397; x_wconf 89' lang='lat' dir='ltr'><strong>quibus</strong></span> <span class='ocrx_word' id='word_1_510' title='bbox 767 4334 852 4381; x_wconf 90' lang='lat' dir='ltr'><strong>est</strong></span> <span class='ocrx_word' id='word_1_511' title='bbox 878 4339 944 4380; x_wconf 79' lang='lat' dir='ltr'><strong>ex</strong></span> <span class='ocrx_word' id='word_1_512' title='bbox 974 4341 1082 4381; x_wconf 88' lang='lat' dir='ltr'><strong>non</strong></span> <span class='ocrx_word' id='word_1_513' title='bbox 1109 4326 1320 4382; x_wconf 88' lang='lat' dir='ltr'><strong>modica</strong></span> <span class='ocrx_word' id='word_1_514' title='bbox 1347 4324 1639 4383; x_wconf 86' lang='lat' dir='ltr'><strong>Germania</strong></span> <span class='ocrx_word' id='word_1_515' title='bbox 1662 4333 1819 4397; x_wconf 85' lang='lat' dir='ltr'><strong>parte</strong></span> <span class='ocrx_word' id='word_1_516' title='bbox 2130 4314 2242 4370; x_wconf 71' lang='lat' dir='ltr'><strong>Nec</strong></span> <span class='ocrx_word' id='word_1_517' title='bbox 2269 4329 2465 4385; x_wconf 65' lang='grc'><strong>81⁵³80⁸</strong></span> <span class='ocrx_word' id='word_1_518' title='bbox 2496 4329 2720 4385; x_wconf 60' lang='lat' dir='ltr'><strong>Prorsus</strong></span> <span class='ocrx_word' id='word_1_519' title='bbox 2745 4315 2962 4371; x_wconf 69' lang='grc' dir='ltr'><strong>ηθεεῖυδ</strong></span> <span class='ocrx_word' id='word_1_520' title='bbox 2986 4317 3275 4385; x_wconf 56' lang='lat' dir='ltr'><strong>extiterat;</strong></span> 
     </span>
    </p>
   </div>
   <div class='ocr_carea' id='block_1_47' title="bbox 437 4405 3292 4510">
    <p class='ocr_par' dir='ltr' id='par_1_47' title="bbox 437 4405 3292 4510">
     <span class='ocr_line' id='line_1_47' title="bbox 437 4405 3292 4510; baseline -0.003 -36"><span class='ocrx_word' id='word_1_521' title='bbox 437 4418 688 4510; x_wconf 81' lang='lat' dir='ltr'><strong>Subdita,</strong></span> <span class='ocrx_word' id='word_1_522' title='bbox 719 4416 961 4510; x_wconf 79' lang='lat' dir='ltr'><strong>Saxones</strong></span> <span class='ocrx_word' id='word_1_523' title='bbox 977 4417 1491 4510; x_wconf 52' lang='lat' dir='ltr'><strong>_add_idit_imperio._</strong></span> <span class='ocrx_word' id='word_1_524' title='bbox 1986 4448 2037 4510; x_wconf 68' lang='grc' dir='ltr'><strong>ο</strong></span> <span class='ocrx_word' id='word_1_525' title='bbox 2060 4405 2329 4510; x_wconf 50' lang='grc' dir='ltr'><strong>ιιιὲρθιίι</strong></span> <span class='ocrx_word' id='word_1_526' title='bbox 2354 4420 2481 4510; x_wconf 83' lang='lat' dir='ltr'><strong>eam</strong></span> <span class='ocrx_word' id='word_1_527' title='bbox 2500 4405 2716 4474; x_wconf 89' lang='lat' dir='ltr'><strong>melius,</strong></span> <span class='ocrx_word' id='word_1_528' title='bbox 2740 4422 2904 4478; x_wconf 88' lang='lat' dir='ltr'><strong>quam</strong></span> <span class='ocrx_word' id='word_1_529' title='bbox 2927 4409 3292 4480; x_wconf 86' lang='lat' dir='ltr'><strong>proprietates</strong></span> 
     </span>
    </p>
   </div>
   <div class='ocr_carea' id='block_1_48' title="bbox 363 4496 1894 4580">
    <p class='ocr_par' dir='ltr' id='par_1_48' title="bbox 363 4507 1702 4580">
     <span class='ocr_line' id='line_1_48' title="bbox 363 4507 1702 4580; baseline -0.001 -14"><span class='ocrx_word' id='word_1_530' title='bbox 363 4511 443 4566; x_wconf 81' lang='lat' dir='ltr'><strong>Ex</strong></span> <span class='ocrx_word' id='word_1_531' title='bbox 468 4509 647 4565; x_wconf 88' lang='lat' dir='ltr'><strong>hacin</strong></span> <span class='ocrx_word' id='word_1_532' title='bbox 675 4507 845 4563; x_wconf 92' lang='lat' dir='ltr'><strong>latum</strong></span> <span class='ocrx_word' id='word_1_533' title='bbox 866 4507 1028 4579; x_wconf 90' lang='lat' dir='ltr'><strong>duplo</strong></span> <span class='ocrx_word' id='word_1_534' title='bbox 1054 4507 1176 4578; x_wconf 84' lang='lat' dir='ltr'><strong>plus</strong></span> <span class='ocrx_word' id='word_1_535' title='bbox 1197 4508 1428 4580; x_wconf 89' lang='lat' dir='ltr'><strong>denique</strong></span> <span class='ocrx_word' id='word_1_536' title='bbox 1452 4508 1702 4574; x_wconf 90' lang='lat' dir='ltr'><strong>Francis,</strong></span> 
     </span>
    </p>
   </div>
   <div class='ocr_carea' id='block_1_49' title="bbox 1485 4496 3016 4580">
    <p class='ocr_par' dir='ltr' id='par_1_49' title="bbox 1485 4496 3016 4578">
     <span class='ocr_line' id='line_1_49' title="bbox 1485 4496 3016 4578; baseline -0.003 -20"><span class='ocrx_word' id='word_1_537' title='bbox 1485 4508 1702 4574; x_wconf 79' lang='lat' dir='ltr'><strong>&#39;rancis,</strong></span> <span class='ocrx_word' id='word_1_538' title='bbox 1944 4572 1950 4578; x_wconf 27' lang='lat'><strong><em>.</em></strong></span> <span class='ocrx_word' id='word_1_539' title='bbox 1986 4496 2032 4510; x_wconf 82' lang='lat'><strong>&quot;</strong></span> <span class='ocrx_word' id='word_1_540' title='bbox 2130 4496 2276 4554; x_wconf 85' lang='lat' dir='ltr'><strong>Illius</strong></span> <span class='ocrx_word' id='word_1_541' title='bbox 2301 4505 2486 4569; x_wconf 89' lang='lat' dir='ltr'><strong>posset</strong></span> <span class='ocrx_word' id='word_1_542' title='bbox 2506 4511 2639 4552; x_wconf 86' lang='lat' dir='ltr'><strong>voce</strong></span> <span class='ocrx_word' id='word_1_543' title='bbox 2667 4513 2863 4554; x_wconf 88' lang='lat' dir='ltr'><strong>sonare</strong></span> <span class='ocrx_word' id='word_1_544' title='bbox 2898 4514 3016 4555; x_wconf 88' lang='lat' dir='ltr'><strong>sua.</strong></span> 
     </span>
    </p>
   </div>
   <div class='ocr_carea' id='block_1_50' title="bbox 432 4586 3318 4670">
    <p class='ocr_par' dir='ltr' id='par_1_50' title="bbox 432 4586 3318 4670">
     <span class='ocr_line' id='line_1_50' title="bbox 432 4586 3318 4670; baseline 0.001 -25"><span class='ocrx_word' id='word_1_545' title='bbox 432 4599 493 4654; x_wconf 81' lang='grc' dir='ltr'><strong>ιη</strong></span> <span class='ocrx_word' id='word_1_546' title='bbox 521 4600 739 4669; x_wconf 68' lang='lat' dir='ltr'><strong>longum</strong></span> <span class='ocrx_word' id='word_1_547' title='bbox 765 4607 979 4670; x_wconf 60' lang='lat' dir='ltr'><strong>partem</strong></span> <span class='ocrx_word' id='word_1_548' title='bbox 1012 4613 1150 4668; x_wconf 74' lang='lat' dir='ltr'><strong>pene</strong></span> <span class='ocrx_word' id='word_1_549' title='bbox 1180 4614 1369 4670; x_wconf 70' lang='lat' dir='ltr'><strong>parem</strong></span> <span class='ocrx_word' id='word_1_550' title='bbox 1399 4600 1652 4655; x_wconf 67' lang='grc' dir='ltr'><strong>ιιρηίιθηι,</strong></span> <span class='ocrx_word' id='word_1_551' title='bbox 1726 4669 1730 4670; x_wconf 13' lang='grc' dir='ltr'><em>ν</em></span> <span class='ocrx_word' id='word_1_552' title='bbox 2060 4587 2290 4659; x_wconf 83' lang='lat' dir='ltr'><strong>Legerat</strong></span> <span class='ocrx_word' id='word_1_553' title='bbox 2310 4587 2557 4643; x_wconf 90' lang='lat' dir='ltr'><strong>assiduae</strong></span> <span class='ocrx_word' id='word_1_554' title='bbox 2577 4586 2890 4660; x_wconf 88' lang='lat' dir='ltr'><strong>Scripturae</strong></span> <span class='ocrx_word' id='word_1_555' title='bbox 2916 4590 3060 4646; x_wconf 91' lang='lat' dir='ltr'><strong>dicta</strong></span> <span class='ocrx_word' id='word_1_556' title='bbox 3089 4602 3318 4658; x_wconf 87' lang='lat' dir='ltr'><strong>sacrate,</strong></span> 
     </span>
    </p>
   </div>
   <div class='ocr_carea' id='block_1_51' title="bbox 362 4669 3407 4761">
    <p class='ocr_par' dir='ltr' id='par_1_51' title="bbox 362 4669 3407 4761">
     <span class='ocr_line' id='line_1_51' title="bbox 362 4669 3407 4761; baseline -0.001 -14"><span class='ocrx_word' id='word_1_557' title='bbox 362 4690 671 4747; x_wconf 79' lang='lat' dir='ltr'><strong>Pannonias</strong></span> <span class='ocrx_word' id='word_1_558' title='bbox 694 4689 859 4743; x_wconf 88' lang='lat' dir='ltr'><strong>etiam</strong></span> <span class='ocrx_word' id='word_1_559' title='bbox 895 4688 1072 4745; x_wconf 88' lang='lat' dir='ltr'><strong>victor</strong></span> <span class='ocrx_word' id='word_1_560' title='bbox 1098 4669 1330 4746; x_wconf 86' lang='lat' dir='ltr'><strong>subiecit</strong></span> <span class='ocrx_word' id='word_1_561' title='bbox 1356 4697 1618 4761; x_wconf 88' lang='lat' dir='ltr'><strong>utrasque</strong></span> <span class='ocrx_word' id='word_1_562' title='bbox 1723 4669 1738 4686; x_wconf 55' lang='grc'>’</span> <span class='ocrx_word' id='word_1_563' title='bbox 2131 4680 2385 4753; x_wconf 85' lang='lat' dir='ltr'><strong>Quosque</strong></span> <span class='ocrx_word' id='word_1_564' title='bbox 2408 4682 2576 4740; x_wconf 89' lang='lat' dir='ltr'><strong>libros</strong></span> <span class='ocrx_word' id='word_1_565' title='bbox 2604 4686 2778 4742; x_wconf 88' lang='lat' dir='ltr'><strong>sancti</strong></span> <span class='ocrx_word' id='word_1_566' title='bbox 2810 4701 3164 4758; x_wconf 89' lang='lat' dir='ltr'><strong>composuere</strong></span> <span class='ocrx_word' id='word_1_567' title='bbox 3192 4688 3407 4754; x_wconf 86' lang='lat' dir='ltr'><strong>Patres;</strong></span> 
     </span>
    </p>
   </div>
   <div class='ocr_carea' id='block_1_52' title="bbox 435 4772 3254 4846">
    <p class='ocr_par' dir='ltr' id='par_1_52' title="bbox 435 4772 3254 4846">
     <span class='ocr_line' id='line_1_52' title="bbox 435 4772 3254 4846; baseline -0.002 -7"><span class='ocrx_word' id='word_1_568' title='bbox 435 4783 535 4839; x_wconf 85' lang='lat' dir='ltr'><strong>His</strong></span> <span class='ocrx_word' id='word_1_569' title='bbox 560 4797 686 4838; x_wconf 89' lang='lat' dir='ltr'><strong>cum</strong></span> <span class='ocrx_word' id='word_1_570' title='bbox 711 4782 907 4837; x_wconf 88' lang='lat' dir='ltr'><strong>vicinis</strong></span> <span class='ocrx_word' id='word_1_571' title='bbox 929 4781 1157 4839; x_wconf 88' lang='lat' dir='ltr'><strong>urbibus</strong></span> <span class='ocrx_word' id='word_1_572' title='bbox 1181 4781 1502 4838; x_wconf 87' lang='lat' dir='ltr'><strong>innumeris.</strong></span> <span class='ocrx_word' id='word_1_573' title='bbox 2060 4772 2208 4841; x_wconf 84' lang='lat' dir='ltr'><strong>Quos</strong></span> <span class='ocrx_word' id='word_1_574' title='bbox 2226 4772 2559 4846; x_wconf 81' lang='lat' dir='ltr'><strong>Augustinus</strong></span> <span class='ocrx_word' id='word_1_575' title='bbox 2595 4776 2730 4832; x_wconf 91' lang='lat' dir='ltr'><strong>caeli</strong></span> <span class='ocrx_word' id='word_1_576' title='bbox 2754 4777 2820 4834; x_wconf 86' lang='lat' dir='ltr'><strong>de</strong></span> <span class='ocrx_word' id='word_1_577' title='bbox 2854 4778 3065 4834; x_wconf 89' lang='lat' dir='ltr'><strong>civibus</strong></span> <span class='ocrx_word' id='word_1_578' title='bbox 3099 4778 3254 4834; x_wconf 88' lang='lat' dir='ltr'><strong>almis</strong></span> 
     </span>
    </p>
   </div>
   <div class='ocr_carea' id='block_1_53' title="bbox 363 4866 3366 4943">
    <p class='ocr_par' dir='ltr' id='par_1_53' title="bbox 363 4866 3366 4943">
     <span class='ocr_line' id='line_1_53' title="bbox 363 4866 3366 4943; baseline -0.002 -10"><span class='ocrx_word' id='word_1_579' title='bbox 363 4878 511 4934; x_wconf 82' lang='lat' dir='ltr'><strong>Arva</strong></span> <span class='ocrx_word' id='word_1_580' title='bbox 531 4872 918 4936; x_wconf 80' lang='lat' dir='ltr'><strong>Liburnorum,</strong></span> <span class='ocrx_word' id='word_1_581' title='bbox 942 4871 1025 4926; x_wconf 91' lang='lat' dir='ltr'><strong>vel</strong></span> <span class='ocrx_word' id='word_1_582' title='bbox 1056 4887 1163 4943; x_wconf 92' lang='lat' dir='ltr'><strong>que</strong></span> <span class='ocrx_word' id='word_1_583' title='bbox 1182 4874 1490 4928; x_wconf 88' lang='lat' dir='ltr'><strong>vocitantur</strong></span> <span class='ocrx_word' id='word_1_584' title='bbox 1509 4875 1578 4928; x_wconf 88' lang='lat' dir='ltr'><strong>ab</strong></span> <span class='ocrx_word' id='word_1_585' title='bbox 1605 4873 1811 4939; x_wconf 84' lang='lat' dir='ltr'><strong>Histro,</strong></span> <span class='ocrx_word' id='word_1_586' title='bbox 2131 4866 2380 4941; x_wconf 89' lang='lat' dir='ltr'><strong>Scripsit,</strong></span> <span class='ocrx_word' id='word_1_587' title='bbox 2414 4879 2661 4927; x_wconf 87' lang='lat' dir='ltr'><strong>amanter</strong></span> <span class='ocrx_word' id='word_1_588' title='bbox 2693 4887 2789 4928; x_wconf 89' lang='lat' dir='ltr'><strong>eos</strong></span> <span class='ocrx_word' id='word_1_589' title='bbox 2823 4873 3072 4931; x_wconf 90' lang='lat' dir='ltr'><strong>crebrius</strong></span> <span class='ocrx_word' id='word_1_590' title='bbox 3107 4874 3366 4930; x_wconf 89' lang='lat' dir='ltr'><strong>audierat.</strong></span> 
     </span>
    </p>
   </div>
   <div class='ocr_carea' id='block_1_54' title="bbox 437 4961 3498 5034">
    <p class='ocr_par' dir='ltr' id='par_1_54' title="bbox 437 4961 3498 5034">
     <span class='ocr_line' id='line_1_54' title="bbox 437 4961 3498 5034; baseline -0.003 -11"><span class='ocrx_word' id='word_1_591' title='bbox 437 4965 550 5023; x_wconf 85' lang='lat' dir='ltr'><strong>Nec</strong></span> <span class='ocrx_word' id='word_1_592' title='bbox 587 4979 696 5020; x_wconf 91' lang='lat' dir='ltr'><strong>non</strong></span> <span class='ocrx_word' id='word_1_593' title='bbox 724 4962 1046 5018; x_wconf 86' lang='lat' dir='ltr'><strong>Dalmatiam</strong></span> <span class='ocrx_word' id='word_1_594' title='bbox 1072 4962 1311 5019; x_wconf 90' lang='lat' dir='ltr'><strong>subdidit</strong></span> <span class='ocrx_word' id='word_1_595' title='bbox 1342 4972 1400 5020; x_wconf 90' lang='lat' dir='ltr'><strong>et</strong></span> <span class='ocrx_word' id='word_1_596' title='bbox 1429 4965 1672 5021; x_wconf 89' lang='lat' dir='ltr'><strong>Daciam.</strong></span> <span class='ocrx_word' id='word_1_597' title='bbox 2062 4961 2318 5020; x_wconf 89' lang='lat' dir='ltr'><strong>Scribere</strong></span> <span class='ocrx_word' id='word_1_598' title='bbox 2362 4963 2663 5034; x_wconf 88' lang='lat' dir='ltr'><strong>temptabat</strong></span> <span class='ocrx_word' id='word_1_599' title='bbox 2693 4981 2706 5016; x_wconf 91' lang='lat'><strong>:</strong></span> <span class='ocrx_word' id='word_1_600' title='bbox 2747 4980 2875 5019; x_wconf 90' lang='lat' dir='ltr'><strong>nam</strong></span> <span class='ocrx_word' id='word_1_601' title='bbox 2911 4962 3264 5020; x_wconf 87' lang='lat' dir='ltr'><strong>circumferre</strong></span> <span class='ocrx_word' id='word_1_602' title='bbox 3309 4961 3498 5019; x_wconf 83' lang='lat' dir='ltr'><strong>solebat</strong></span> 
     </span>
    </p>
   </div>
   <div class='ocr_carea' id='block_1_55' title="bbox 368 5050 3255 5127">
    <p class='ocr_par' dir='ltr' id='par_1_55' title="bbox 368 5050 3255 5127">
     <span class='ocr_line' id='line_1_55' title="bbox 368 5050 3255 5127; baseline -0.002 -11"><span class='ocrx_word' id='word_1_603' title='bbox 368 5059 687 5117; x_wconf 82' lang='lat' dir='ltr'><strong>Sclavorum</strong></span> <span class='ocrx_word' id='word_1_604' title='bbox 711 5053 938 5127; x_wconf 79' lang='lat' dir='ltr'><strong>populos</strong></span> <span class='ocrx_word' id='word_1_605' title='bbox 964 5068 1190 5111; x_wconf 87' lang='lat' dir='ltr'><strong>censum</strong></span> <span class='ocrx_word' id='word_1_606' title='bbox 1230 5056 1335 5111; x_wconf 88' lang='lat' dir='ltr'><strong>sibi</strong></span> <span class='ocrx_word' id='word_1_607' title='bbox 1364 5055 1573 5113; x_wconf 89' lang='lat' dir='ltr'><strong>solvere</strong></span> <span class='ocrx_word' id='word_1_608' title='bbox 1602 5055 1732 5112; x_wconf 88' lang='lat' dir='ltr'><strong>fecit</strong></span> <span class='ocrx_word' id='word_1_609' title='bbox 2133 5050 2330 5109; x_wconf 90' lang='lat' dir='ltr'><strong>Secum</strong></span> <span class='ocrx_word' id='word_1_610' title='bbox 2352 5068 2474 5108; x_wconf 89' lang='lat' dir='ltr'><strong>cum</strong></span> <span class='ocrx_word' id='word_1_611' title='bbox 2501 5055 2683 5124; x_wconf 87' lang='lat' dir='ltr'><strong>parvis</strong></span> <span class='ocrx_word' id='word_1_612' title='bbox 2710 5054 2986 5111; x_wconf 87' lang='lat' dir='ltr'><strong>codicibus</strong></span> <span class='ocrx_word' id='word_1_613' title='bbox 3024 5056 3255 5121; x_wconf 84' lang='lat' dir='ltr'><strong>tabulas,</strong></span> 
     </span>
    </p>
   </div>
   <div class='ocr_carea' id='block_1_56' title="bbox 434 5142 3112 5220">
    <p class='ocr_par' dir='ltr' id='par_1_56' title="bbox 434 5142 3112 5220">
     <span class='ocr_line' id='line_1_56' title="bbox 434 5142 3112 5220; baseline -0.002 -13"><span class='ocrx_word' id='word_1_614' title='bbox 434 5151 649 5217; x_wconf 87' lang='lat' dir='ltr'><strong>Plures,</strong></span> <span class='ocrx_word' id='word_1_615' title='bbox 685 5162 851 5220; x_wconf 89' lang='lat' dir='ltr'><strong>quam</strong></span> <span class='ocrx_word' id='word_1_616' title='bbox 871 5148 1159 5219; x_wconf 87' lang='lat' dir='ltr'><strong>quisquam</strong></span> <span class='ocrx_word' id='word_1_617' title='bbox 1180 5148 1526 5206; x_wconf 86' lang='lat' dir='ltr'><strong>dinumerare</strong></span> <span class='ocrx_word' id='word_1_618' title='bbox 1559 5157 1740 5220; x_wconf 89' lang='lat' dir='ltr'><strong>queat.</strong></span> <span class='ocrx_word' id='word_1_619' title='bbox 2060 5142 2140 5198; x_wconf 89' lang='lat' dir='ltr'><strong>Ac</strong></span> <span class='ocrx_word' id='word_1_620' title='bbox 2164 5158 2372 5214; x_wconf 89' lang='lat' dir='ltr'><strong>ponens</strong></span> <span class='ocrx_word' id='word_1_621' title='bbox 2400 5144 2545 5217; x_wconf 89' lang='lat' dir='ltr'><strong>ipsas</strong></span> <span class='ocrx_word' id='word_1_622' title='bbox 2566 5146 2635 5201; x_wconf 88' lang='lat' dir='ltr'><strong>ad</strong></span> <span class='ocrx_word' id='word_1_623' title='bbox 2671 5146 2954 5202; x_wconf 85' lang='lat' dir='ltr'><strong>cervicalia</strong></span> <span class='ocrx_word' id='word_1_624' title='bbox 2984 5147 3112 5203; x_wconf 90' lang='lat' dir='ltr'><strong>lecti</strong></span> 
     </span>
    </p>
   </div>
   <div class='ocr_carea' id='block_1_57' title="bbox 366 5232 3232 5314">
    <p class='ocr_par' dir='ltr' id='par_1_57' title="bbox 366 5232 3232 5314">
     <span class='ocr_line' id='line_1_57' title="bbox 366 5232 3232 5314; baseline -0.005 -12"><span class='ocrx_word' id='word_1_625' title='bbox 366 5243 612 5302; x_wconf 82' lang='lat' dir='ltr'><strong>Gesserit</strong></span> <span class='ocrx_word' id='word_1_626' title='bbox 647 5243 753 5298; x_wconf 89' lang='lat' dir='ltr'><strong>ista</strong></span> <span class='ocrx_word' id='word_1_627' title='bbox 779 5241 978 5311; x_wconf 88' lang='lat' dir='ltr'><strong>quibus</strong></span> <span class='ocrx_word' id='word_1_628' title='bbox 999 5240 1175 5306; x_wconf 88' lang='lat' dir='ltr'><strong>hellis,</strong></span> <span class='ocrx_word' id='word_1_629' title='bbox 1220 5242 1484 5313; x_wconf 82' lang='lat' dir='ltr'><strong>signando</strong></span> <span class='ocrx_word' id='word_1_630' title='bbox 1507 5244 1723 5314; x_wconf 87' lang='lat' dir='ltr'><strong>priores</strong></span> <span class='ocrx_word' id='word_1_631' title='bbox 2130 5232 2371 5306; x_wconf 80' lang='lat' dir='ltr'><strong>Regalis,</strong></span> <span class='ocrx_word' id='word_1_632' title='bbox 2393 5251 2689 5306; x_wconf 87' lang='lat' dir='ltr'><strong>numquam</strong></span> <span class='ocrx_word' id='word_1_633' title='bbox 2710 5234 2836 5293; x_wconf 84' lang='lat' dir='ltr'><strong>fecit</strong></span> <span class='ocrx_word' id='word_1_634' title='bbox 2867 5238 3056 5295; x_wconf 84' lang='lat' dir='ltr'><strong>abesse</strong></span> <span class='ocrx_word' id='word_1_635' title='bbox 3080 5239 3180 5295; x_wconf 81' lang='lat' dir='ltr'><strong>sibi</strong></span> <span class='ocrx_word' id='word_1_636' title='bbox 3220 5258 3232 5292; x_wconf 83' lang='lat'><strong>;</strong></span> 
     </span>
    </p>
   </div>
   <div class='ocr_carea' id='block_1_58' title="bbox 438 5324 3232 5402">
    <p class='ocr_par' dir='ltr' id='par_1_58' title="bbox 438 5324 3232 5402">
     <span class='ocr_line' id='line_1_58' title="bbox 438 5324 3232 5402; baseline 0 -19"><span class='ocrx_word' id='word_1_637' title='bbox 438 5335 704 5402; x_wconf 76' lang='lat' dir='ltr'><strong>Quattuor</strong></span> <span class='ocrx_word' id='word_1_638' title='bbox 726 5332 949 5389; x_wconf 77' lang='lat' dir='ltr'><strong>annales</strong></span> <span class='ocrx_word' id='word_1_639' title='bbox 975 5333 1084 5388; x_wconf 82' lang='lat' dir='ltr'><strong>iam</strong></span> <span class='ocrx_word' id='word_1_640' title='bbox 1114 5333 1351 5390; x_wconf 70' lang='lat' dir='ltr'><strong>retulere</strong></span> <span class='ocrx_word' id='word_1_641' title='bbox 1374 5334 1522 5391; x_wconf 73' lang='lat' dir='ltr'><strong>libri.</strong></span> <span class='ocrx_word' id='word_1_642' title='bbox 1595 5325 1621 5339; x_wconf 87' lang='lat'>&quot;</span> <span class='ocrx_word' id='word_1_643' title='bbox 2061 5324 2207 5380; x_wconf 85' lang='lat' dir='ltr'><strong>Inter</strong></span> <span class='ocrx_word' id='word_1_644' title='bbox 2231 5334 2313 5381; x_wconf 91' lang='lat' dir='ltr'><strong>tot</strong></span> <span class='ocrx_word' id='word_1_645' title='bbox 2339 5341 2518 5392; x_wconf 89' lang='lat' dir='ltr'><strong>curas,</strong></span> <span class='ocrx_word' id='word_1_646' title='bbox 2543 5328 2785 5397; x_wconf 87' lang='lat' dir='ltr'><strong>tantique</strong></span> <span class='ocrx_word' id='word_1_647' title='bbox 2810 5330 3027 5401; x_wconf 87' lang='lat' dir='ltr'><strong>negotia</strong></span> <span class='ocrx_word' id='word_1_648' title='bbox 3057 5329 3232 5402; x_wconf 89' lang='lat' dir='ltr'><strong>regni,</strong></span> 
     </span>
    </p>
   </div>
   <div class='ocr_carea' id='block_1_59' title="bbox 369 5418 3242 5499">
    <p class='ocr_par' dir='ltr' id='par_1_59' title="bbox 369 5418 3242 5499">
     <span class='ocr_line' id='line_1_59' title="bbox 369 5418 3242 5499; baseline -0.001 -17"><span class='ocrx_word' id='word_1_649' title='bbox 369 5426 524 5483; x_wconf 79' lang='lat' dir='ltr'><strong>Nunc</strong></span> <span class='ocrx_word' id='word_1_650' title='bbox 549 5428 806 5492; x_wconf 88' lang='lat' dir='ltr'><strong>studium,</strong></span> <span class='ocrx_word' id='word_1_651' title='bbox 834 5441 1037 5495; x_wconf 89' lang='lat' dir='ltr'><strong>mores,</strong></span> <span class='ocrx_word' id='word_1_652' title='bbox 1064 5443 1304 5499; x_wconf 87' lang='lat' dir='ltr'><strong>ususque</strong></span> <span class='ocrx_word' id='word_1_653' title='bbox 1326 5428 1675 5494; x_wconf 80' lang='lat' dir='ltr'><strong>domesticus,</strong></span> <span class='ocrx_word' id='word_1_654' title='bbox 1706 5430 1829 5486; x_wconf 87' lang='lat' dir='ltr'><strong>eius</strong></span> <span class='ocrx_word' id='word_1_655' title='bbox 2132 5418 2247 5475; x_wconf 70' lang='lat' dir='ltr'><strong>Bel</strong></span> <span class='ocrx_word' id='word_1_656' title='bbox 2275 5427 2600 5477; x_wconf 78' lang='lat' dir='ltr'><strong>exercuerat</strong></span> <span class='ocrx_word' id='word_1_657' title='bbox 2642 5420 2729 5476; x_wconf 83' lang='lat' dir='ltr'><strong>his</strong></span> <span class='ocrx_word' id='word_1_658' title='bbox 2763 5421 3007 5479; x_wconf 86' lang='lat' dir='ltr'><strong>animum</strong></span> <span class='ocrx_word' id='word_1_659' title='bbox 3034 5421 3242 5479; x_wconf 88' lang='lat' dir='ltr'><strong>studiis.</strong></span> 
     </span>
    </p>
   </div>
   <div class='ocr_carea' id='block_1_60' title="bbox 444 5566 3591 5649">
    <p class='ocr_par' dir='ltr' id='par_1_60' title="bbox 444 5566 3591 5649">
     <span class='ocr_line' id='line_1_60' title="bbox 444 5566 3591 5649; baseline 0 -20"><span class='ocrx_word' id='word_1_660' title='bbox 444 5588 469 5649; x_wconf 61' lang='grc' dir='ltr'><strong>ξ</strong></span> <span class='ocrx_word' id='word_1_661' title='bbox 497 5574 579 5649; x_wconf 63' lang='grc' dir='ltr'><strong>(ξς.</strong></span> <span class='ocrx_word' id='word_1_662' title='bbox 608 5575 867 5649; x_wconf 63' lang='lat' dir='ltr'><strong>Einhardi</strong></span> <span class='ocrx_word' id='word_1_663' title='bbox 893 5579 1071 5634; x_wconf 77' lang='lat' dir='ltr'><strong>Vitam</strong></span> <span class='ocrx_word' id='word_1_664' title='bbox 1096 5577 1296 5646; x_wconf 84' lang='lat' dir='ltr'><strong>Caroli,</strong></span> <span class='ocrx_word' id='word_1_665' title='bbox 1322 5594 1441 5649; x_wconf 85' lang='lat' dir='ltr'><strong>cap.</strong></span> <span class='ocrx_word' id='word_1_666' title='bbox 1483 5577 1569 5634; x_wconf 75' lang='lat'><strong>15.</strong></span> <span class='ocrx_word' id='word_1_667' title='bbox 2132 5578 2156 5617; x_wconf 70' lang='grc' dir='ltr'><em>δ</em></span> <span class='ocrx_word' id='word_1_668' title='bbox 2187 5579 2267 5634; x_wconf 85' lang='lat' dir='ltr'><strong>Cf.</strong></span> <span class='ocrx_word' id='word_1_669' title='bbox 2299 5579 2557 5635; x_wconf 84' lang='lat' dir='ltr'><strong>Einhard.</strong></span> <span class='ocrx_word' id='word_1_670' title='bbox 2613 5579 2740 5634; x_wconf 89' lang='lat' dir='ltr'><strong>ibid.</strong></span> <span class='ocrx_word' id='word_1_671' title='bbox 2767 5620 2781 5644; x_wconf 91' lang='lat'><strong>,</strong></span> <span class='ocrx_word' id='word_1_672' title='bbox 2830 5595 2880 5635; x_wconf 90' lang='lat' dir='ltr'><strong>c.</strong></span> <span class='ocrx_word' id='word_1_673' title='bbox 2929 5578 3001 5634; x_wconf 72' lang='grc'><strong>25</strong></span> <span class='ocrx_word' id='word_1_674' title='bbox 3026 5620 3040 5645; x_wconf 85' lang='grc'>,</span> <span class='ocrx_word' id='word_1_675' title='bbox 3082 5586 3135 5633; x_wconf 92' lang='lat' dir='ltr'><strong>et</strong></span> <span class='ocrx_word' id='word_1_676' title='bbox 3187 5576 3238 5630; x_wconf 93' lang='lat' dir='ltr'><strong>in</strong></span> <span class='ocrx_word' id='word_1_677' title='bbox 3286 5566 3591 5642; x_wconf 48' lang='lat' dir='ltr'><strong>sequenliius</strong></span> 
     </span>
    </p>
   </div>
   <div class='ocr_carea' id='block_1_61' title="bbox 446 5643 2929 5718">
    <p class='ocr_par' dir='ltr' id='par_1_61' title="bbox 446 5643 2929 5718">
     <span class='ocr_line' id='line_1_61' title="bbox 446 5643 2929 5718; baseline 0.002 -20"><span class='ocrx_word' id='word_1_678' title='bbox 446 5645 473 5685; x_wconf 72' lang='grc' dir='ltr'><strong>ιι</strong></span> <span class='ocrx_word' id='word_1_679' title='bbox 501 5643 584 5718; x_wconf 54' lang='lat' dir='ltr'><strong>gr,</strong></span> <span class='ocrx_word' id='word_1_680' title='bbox 613 5645 772 5718; x_wconf 64' lang='lat' dir='ltr'><strong>ibid,</strong></span> <span class='ocrx_word' id='word_1_681' title='bbox 804 5663 923 5718; x_wconf 80' lang='lat' dir='ltr'><strong>ca&#39;p.</strong></span> <span class='ocrx_word' id='word_1_682' title='bbox 959 5649 1046 5705; x_wconf 78' lang='grc'><strong>18.</strong></span> <span class='ocrx_word' id='word_1_683' title='bbox 1283 5643 1289 5646; x_wconf 73' lang='grc'><em>’</em></span> <span class='ocrx_word' id='word_1_684' title='bbox 1387 5643 1406 5649; x_wconf 82' lang='grc'><em>’</em></span> <span class='ocrx_word' id='word_1_685' title='bbox 2064 5665 2232 5718; x_wconf 80' lang='lat' dir='ltr'><strong>usque</strong></span> <span class='ocrx_word' id='word_1_686' title='bbox 2264 5650 2331 5703; x_wconf 87' lang='lat' dir='ltr'><strong>ad</strong></span> <span class='ocrx_word' id='word_1_687' title='bbox 2360 5649 2519 5705; x_wconf 83' lang='lat' dir='ltr'><strong>finem</strong></span> <span class='ocrx_word' id='word_1_688' title='bbox 2559 5643 2929 5718; x_wconf 72' lang='lat' dir='ltr'><strong>libri—passim.</strong></span> 
     </span>
    </p>
   </div>
   <div class='ocr_carea' id='block_1_62' title="bbox 374 5666 3476 5787">
    <p class='ocr_par' dir='ltr' id='par_1_62' title="bbox 374 5666 3476 5787">
     <span class='ocr_line' id='line_1_62' title="bbox 447 5666 2929 5718; baseline 0.002 -19"><span class='ocrx_word' id='word_1_689' title='bbox 447 5666 473 5685; x_wconf 82' lang='grc' dir='ltr'><strong><em>υ</em></strong></span> <span class='ocrx_word' id='word_1_690' title='bbox 501 5666 584 5699; x_wconf 71' lang='lat' dir='ltr'><strong>bl.</strong></span> <span class='ocrx_word' id='word_1_691' title='bbox 618 5666 772 5709; x_wconf 76' lang='grc' dir='ltr'><strong>ωια..</strong></span> <span class='ocrx_word' id='word_1_692' title='bbox 804 5666 923 5718; x_wconf 73' lang='grc' dir='ltr'><strong>Βίῳ.</strong></span> <span class='ocrx_word' id='word_1_693' title='bbox 959 5666 1046 5705; x_wconf 77' lang='grc' dir='ltr'><strong>ιδ.</strong></span> <span class='ocrx_word' id='word_1_694' title='bbox 2064 5666 2232 5718; x_wconf 81' lang='lat' dir='ltr'><strong>usque</strong></span> <span class='ocrx_word' id='word_1_695' title='bbox 2264 5666 2331 5703; x_wconf 85' lang='lat' dir='ltr'><strong>an</strong></span> <span class='ocrx_word' id='word_1_696' title='bbox 2360 5666 2519 5705; x_wconf 76' lang='lat' dir='ltr'><strong>linem</strong></span> <span class='ocrx_word' id='word_1_697' title='bbox 2561 5666 2703 5705; x_wconf 84' lang='lat' dir='ltr'><strong>llDl‘l—</strong></span> <span class='ocrx_word' id='word_1_698' title='bbox 2780 5666 2929 5706; x_wconf 81' lang='lat' dir='ltr'><strong>SSlm.</strong></span> 
     </span>
     <span class='ocr_line' id='line_1_63' title="bbox 374 5666 3476 5787; baseline -0.001 -17"><span class='ocrx_word' id='word_1_699' title='bbox 374 5782 377 5785; x_wconf 18' lang='grc' dir='ltr'>ν</span> <span class='ocrx_word' id='word_1_700' title='bbox 449 5728 469 5755; x_wconf 74' lang='grc' dir='ltr'>ε</span> <span class='ocrx_word' id='word_1_701' title='bbox 504 5712 585 5770; x_wconf 87' lang='lat' dir='ltr'><strong>Cf.</strong></span> <span class='ocrx_word' id='word_1_702' title='bbox 612 5714 770 5782; x_wconf 78' lang='lat' dir='ltr'><strong>ibid.,</strong></span> <span class='ocrx_word' id='word_1_703' title='bbox 795 5731 842 5770; x_wconf 91' lang='lat' dir='ltr'><strong>c.</strong></span> <span class='ocrx_word' id='word_1_704' title='bbox 888 5718 973 5771; x_wconf 77' lang='lat'><strong>15.</strong></span> <span class='ocrx_word' id='word_1_705' title='bbox 2140 5732 2161 5759; x_wconf 72' lang='grc' dir='ltr'>ε</span> <span class='ocrx_word' id='word_1_706' title='bbox 2198 5719 2347 5785; x_wconf 86' lang='lat' dir='ltr'><strong>Cod.,</strong></span> <span class='ocrx_word' id='word_1_707' title='bbox 2384 5720 2656 5787; x_wconf 61' lang='lat' dir='ltr'><strong>Sidet-cos;</strong></span> <span class='ocrx_word' id='word_1_708' title='bbox 2687 5666 2838 5778; x_wconf 35' lang='lat' dir='ltr'><strong>lycia.</strong></span> <span class='ocrx_word' id='word_1_709' title='bbox 2867 5720 3165 5778; x_wconf 80' lang='lat' dir='ltr'><strong>emendatio</strong></span> <span class='ocrx_word' id='word_1_710' title='bbox 3201 5711 3476 5771; x_wconf 78' lang='lat' dir='ltr'><strong>retinenda.</strong></span> 
     </span>
    </p>
   </div>
  </div>
