3878 6172
295 343 392 400 729

290 461 447 516 Cuius
471 467 534 512 ut
553 457 825 528 ingenium
859 458 1088 513 multum
1114 461 1444 530 reSplenduit
1482 479 1608 518 acre

357 548 443 604 Sic
465 548 642 603 omnis
679 557 858 602 motus
892 549 1093 618 optima
1135 553 1443 621 temperies.

287 640 397 696 Non
432 654 688 707 umquam
717 638 942 692 nimium
971 639 1166 705 laetus,
1195 657 1298 695 non
1331 643 1485 698 valde
1525 644 1804 708 remissus,

352 734 465 789 Non
497 733 728 787 multum
756 733 928 786 tristis
956 741 1117 800 atque
1144 749 1367 788 severus
1395 743 1545 801 erat;

284 824 395 880 Non
425 824 561 878 lenis
586 822 865 876 hominum
891 822 1056 886 vitiis,
1081 838 1187 876 non
1212 825 1460 879 turbidus
1488 826 1586 879 ira.

348 913 623 968 Plectebat
664 912 805 966 iusta
842 926 965 966 cum
995 912 1206 966 ratione
1237 929 1382 968 reos.

284 1007 429 1073 Quod
457 1015 666 1059 terrore
696 1004 868 1074 magis
905 1002 1020 1058 ﬁeri
1044 1020 1206 1074 quam
1234 1014 1410 1060 morte
1445 1006 1680 1073 volebat,

349 1095 412 1150 Ni
435 1112 559 1150 cum
589 1095 706 1149 dira
734 1095 813 1149 rei
845 1105 1064 1163 cogeret
1091 1096 1361 1165 impietas.

282 1189 320 1244 0
346 1191 524 1260 qualis
548 1190 822 1260 probitas,
851 1201 1015 1257 quam
1048 1186 1524 1242 constantissimus
1544 1187 1682 1240 'ordo

344 1283 402 1337 ln
427 1282 638 1336 cunctis
664 1283 782 1337 eius
814 1281 1058 1336 moribus
1081 1279 1274 1333 enituit
1299 1277 1311 1332 l

277 1375 454 1430 Fortis
478 1375 531 1429 in
555 1374 795 1429 adversis
818 1375 999 1437 rebus,
1023 1382 1318 1441 cautusque
1339 1370 1614 1436 secundis,

341 1467 646 1536 Perpetuae
675 1465 853 1519 tenuit
883 1463 1194 1519 sobrietatis
1224 1463 1351 1518 iter.

277 1559 508 1613 Tantum
542 1573 664 1612 cum
690 1567 848 1611 natos
875 1555 975 1610 sibi
1000 1555 1283 1625 Pippinum
1319 1552 1682 1622 Carolumque

338 1649 488 1704 Mors
509 1649 770 1713 auferret,
800 1648 869 1702 ob
895 1648 996 1702 hoc
1033 1649 1146 1716 ipse
1173 1646 1336 1700 nimis
1366 1645 1555 1700 doluit.

274 1738 380 1795 Nec
411 1755 528 1800 non
556 1737 930 1800 Rhuottrudis,
961 1735 1184 1804 reliquis
1211 1751 1349 1804 quae
1379 1735 1485 1788 filia
1516 1741 1645 1789 natu

337 1831 510 1884 Maior
533 1837 673 1893 erat,
714 1827 861 1882 flevit
890 1827 1042 1882 valde
1074 1842 1294 1896 gemens
1323 1826 1552 1881 obitum.

271 1921 420 1976 Hanc
452 1929 506 1976 et
536 1920 835 1976 Grecorum
880 1919 1133 1973 luxerunt
1158 1918 1288 1972 ditia
1322 1933 1507 1988 regna,

333 2014 494 2080 Quod
524 2028 631 2067 non
657 2013 759 2068 hac
786 2012 880 2066 tali
907 2012 1064 2082 digna
1099 2009 1276 2065 forent
1319 2011 1558 2065 domina.

270 2103 480 2174 Sponsa
531 2102 634 2156 fuit
666 2103 1004 2158 Constantini
1040 2118 1186 2166 nam,
1214 2111 1423 2172 sceptra
1459 2102 1695 2172 regentis

332 2195 488 2250 Illius
523 2210 740 2264 semper
767 2194 964 2249 nobilis
986 2194 1220 2264 imperii.

266 2287 454 2342 luclita
480 2286 977 2356 Constantinopolis
1017 2287 1084 2340 de
1109 2285 1352 2354 germine
1389 2285 1560 2340 nostri

331 2377 575 2450 Optabat
596 2377 774 2434 Caroli
803 2377 1033 2433 nobilior
1057 2377 1196 2431 ﬁeri.

268 2470 502 2525 Tantum
533 2471 873 2541 contigerant
900 2468 1037 2523 haec
1075 2467 1369 2523 infortunia
1404 2468 1532 2538 regi,

330 2561 390 2615 ln
425 2561 514 2615 his
537 2575 676 2629 quae
717 2559 901 2630 genuit
922 2559 1323 2629 pignora'clara
1351 2559 1505 2614 satis.

267 2653 402 2708 Tum
438 2654 790 2708 concertabat
832 2651 1134 2707 constantia
1179 2666 1304 2706 cum
1331 2652 1552 2720 pietate,

330 2746 392 2801 In
424 2745 622 2801 Carolo
651 2746 826 2799 virtus
851 2752 1079 2813 utraque
1104 2760 1210 2799 non
1253 2745 1485 2800 modica.

267 2836 409 2892 llaec
432 2852 594 2892 casus
619 2851 807 2890 omnes
847 2835 1004 2889 iussit
1035 2835 1264 2893 tolerare
1289 2838 1560 2900 decenter,

330 2929 541 2998 illaque
567 2927 795 2981 dilectae
844 2927 1178 2982 commonuit
1223 2929 1457 2992 sobolis;

268 3019 367 3072 Ista
401 3017 786 3088 magnanimus
814 3015 965 3070 fulsit
987 3017 1208 3082 virtute,
1256 3017 1348 3072 sed
1382 3017 1471 3071 illa

331 3107 455 3162 Non
484 3107 666 3160 minus
698 3106 924 3160 ardebat
949 3105 1138 3174 plenus
1161 3122 1343 3161 amore
1363 3107 1472 3176 pio.

263 3199 532 3267 Quocirca
562 3197 691 3251 vicit
712 3196 889 3267 pietas
917 3195 971 3250 in
1015 3206 1190 3252 morte
1217 3214 1461 3264 suorum,

325 3292 395 3346 Et
421 3305 606 3360 regem
647 3288 827 3359 largas
854 3287 1113 3359 compulit
1140 3289 1207 3344 ad
1237 3290 1509 3345 lacrimas.

261 3383 368 3440 Nec
407 3398 517 3438 non
546 3381 776 3436 Romani
811 3390 1043 3435 mortem
1069 3381 1170 3436 sibi
1202 3380 1347 3436 ﬂevit
1375 3381 1535 3437 amici

325 3471 634 3536 Pontificis,
665 3486 863 3525 nomen
888 3471 1014 3525 huic
1040 3469 1309 3527 Adrianus
1335 3479 1474 3526 erat.

261 3567 394 3621 Nam
429 3564 578 3619 velut
600 3563 654 3617 in
678 3561 902 3632 reliquis
927 3563 1110 3628 rebus,
1136 3563 1215 3617 sic
1244 3563 1480 3632 optimus
1508 3562 1625 3618 eius

331 3658 616 3713 Laudatur
645 3655 844 3710 merito
881 3670 999 3708 mos
1025 3655 1081 3708 in
1125 3654 1411 3720 amicitiis;

259 3749 598 3806 Admittebat
633 3761 726 3801 eas
763 3755 940 3810 caute,
973 3746 1068 3800 sed
1109 3745 1344 3801 firmiter
1376 3746 1542 3801 immo

325 3842 409 3896 Ex
438 3855 498 3895 sc
525 3838 761 3893 servavit
798 3837 1015 3893 foedere
1046 3847 1326 3908 perpetuo.

264 3940 414 3995 Unde
438 3939 604 3992 decus
630 3936 782 4006 regni
822 3935 980 3990 factis
1003 3947 1059 3990 et
1095 3951 1290 3989 nomen
1324 3933 1514 3988 amicis

326 4033 574 4086 Auxerat
600 4028 841 4084 externis
866 4026 1082 4098 regibus
1109 4035 1164 4082 et
1198 4027 1428 4097 populis.

259 4123 334 4178 Ex
361 4123 566 4194 quibus
592 4135 732 4175 unus
751 4129 869 4174 erat
907 4117 1245 4174 Hadefonsus
1271 4119 1486 4174 nomine
1511 4117 1708 4183 dictus,

328 4214 434 4284 Qui
469 4230 565 4268 rex
594 4212 847 4267 Asturiae
875 4211 1240 4281 Galliciaeque
1265 4209 1387 4274 fuit,

259 4312 360 4381 Qui
387 4312 518 4367 dum
547 4310 755 4380 legatos
779 4315 834 4362 et
856 4321 1082 4361 munera
1113 4305 1354 4360 mitteret
1386 4303 1496 4372 illi,

333 4403 626 4458 Mandabat
651 4401 757 4456 dici
791 4415 848 4455 se
878 4399 1156 4469 preprium
1194 4397 1396 4452 Caroli.

259 4497 576 4550 Scottorum
602 4506 752 4562 reges
784 4491 964 4560 ipsum
991 4489 1267 4545 dominum
1295 4488 1624 4552 vocitabant,

327 4583 410 4638 Ac
437 4597 498 4637 se
521 4580 792 4635 subiectos
819 4579 988 4648 ipsius
1020 4586 1074 4631 et
1103 4576 1334 4631 famulos

259 4673 376 4729 lloc
401 4674 586 4742 apices
623 4671 691 4725 ab
724 4671 805 4725 eis
829 4669 980 4724 missi
1009 4677 1275 4723 testantur
1301 4668 1368 4722 ad
1398 4668 1566 4732 illum,

330 4764 578 4832 Quorum
604 4762 773 4816 claret
812 4776 966 4814 amor
987 4759 1256 4814 maximus
1288 4757 1540 4825 alloquio.

256 4855 558 4911 Persarum
597 4854 848 4923 princeps
881 4852 957 4904 illi
987 4851 1268 4905 devinctus
1300 4865 1485 4904 amore

332 4946 601 5016 Precipuo
633 4944 832 5008 fuerat,
876 4958 1071 4997 nomen
1107 4942 1313 4998 habens
1339 4942 1540 4997 Aaron.

257 5037 456 5092 Gratia
479 5035 568 5092 cui
597 5034 774 5090 Caroli
805 5049 934 5104 prae
963 5035 1172 5089 cunctis
1197 5035 1414 5105 regibus
1451 5043 1614 5104 atque

331 5125 432 5182 Ilio
468 5125 804 5196 principibus
850 5133 1090 5193 tempore
1124 5141 1250 5180 cara
1283 5125 1380 5179 fuit
1410 5144 1422 5178 :

256 5220 524 5291 Augustis
558 5234 682 5272 cum
714 5217 1009 5275 Grecorum
1039 5218 1384 5288 poscentibus
1427 5217 1569 5273 ultro

335 5309 602 5380 Dignatus
635 5316 855 5378 pactum
898 5308 1050 5377 pacis
1085 5307 1222 5361 inire
1258 5307 1378 5362 fuit.

259 5396 425 5452 Unde
449 5411 578 5452 suos
612 5398 680 5452 ad
712 5412 838 5451 eum
871 5397 1075 5465 legatos
1105 5397 1320 5452 mittere
1359 5395 1552 5450 crebro

337 5487 612 5543 Curavere
639 5486 768 5552 Leo,
795 5487 1087 5552 Niciforus,
1116 5487 1404 5542 Michahel.

260 5579 722 5648 Transgredimur
750 5587 976 5643 moetas,
1022 5580 1150 5634 dum
1184 5579 1529 5650 designamus
1558 5581 1782 5642 amicos,

339 5669 724 5726 Monstrandus
754 5673 924 5742 magis
951 5679 1031 5725 est
1067 5673 1180 5742 ipse
1220 5672 1344 5727 stilo
1375 5671 1620 5727 Carolus.

259 5760 378 5816 Hic
408 5775 462 5817 se
492 5770 686 5817 venatu
718 5777 812 5816 nec
848 5778 950 5818 non
991 5763 1280 5832 equitando
1317 5760 1633 5832 frequenter

608 342 862 398 ANNAL.
906 345 994 401 DE
1027 346 1272 404 GES'I‘IS
1309 350 1368 405 B.
1408 349 1658 408 CABOLI
1698 351 1912 409 HAGNI
1949 350 2128 406 LIBRI
2167 349 2228 406 γ.
2265 381 2336 391 —-
2375 351 2532 409 VITA
2571 350 2841 410 CAROLI.
2883 384 2953 395 —
2990 353 3115 410 LIB.
3157 357 3222 411 Υ.

1887 469 1941 526 Α
2037 461 2264 515 Fecerat
2290 459 2535 531 ignarum
2571 458 2810 515 desidiae
2838 461 3117 530 poenitus;

3439 351 3549 410 730

1966 551 2067 606 Vix
2103 550 2175 605 illi
2204 549 2436 620 glatialis
2479 549 2689 620 hiemps
2734 549 2949 604 auferre
2983 551 3195 606 valebat

2036 641 2176 696 Usus
2210 648 2514 696 castrenses
2546 651 2801 710 gestaque
2834 641 3079 695 militiae.

1965 733 2250 786 Praeterea
2292 731 2484 786 solitus
2531 730 2632 784 fuit
2659 746 2916 784 exercere
2951 739 3234 798 venatum,

2033 822 2148 888 Qua
2179 830 2304 876 tunc
2334 830 2452 876 arte
2486 821 2657 890 magis
2695 837 2852 875 nemo
2883 822 3086 890 peritus
3113 834 3262 889 erat;

1963 913 2031 966 Et
2065 912 2298 966 naturali
2342 910 2519 966 fontes
2549 911 2760 965 fervore
2791 911 3032 968 calentes

2032 1001 2110 1055 llli
2146 1001 2496 1072 praestabant
2533 1009 2685 1071 grata
2725 1001 2943 1056 lavacra
2973 1003 3157 1059 nimis.

1963 1094 2116 1150 Unde
2154 1093 2330 1147 locum
2359 1093 2504 1148 sedis
2550 1094 2769 1149 sibimet
2794 1096 2990 1165 delegit
3019 1094 3312 1166 Aquensis,

2034 1183 2271 1237 Plurima
2301 1198 2409 1252 quo
2447 1191 2633 1236 manat
2663 1183 2816 1253 capia
2857 1184 2980 1239 talis
3018 1201 3214 1255 aquae,

1962 1278 2160 1334 Balnea
2185 1295 2292 1349 qua
2333 1279 2502 1334 multo
2536 1279 2776 1334 condens
2800 1280 3033 1336 iucunda
3076 1283 3302 1350 decore,

2033 1370 2203 1426 Annis
2241 1370 2502 1425 extremis
2527 1369 2725 1425 mansit
2755 1371 2827 1425 ibi
2869 1372 3083 1440 iugiter.

1961 1462 2040 1518 Ac
2065 1477 2249 1518 secum
2283 1461 2412 1516 fecit
2441 1469 2598 1516 natos
2631 1477 2996 1532 proceresque
3030 1463 3234 1531 lavari,

2033 1552 2294 1622 Quodque
2323 1553 2403 1607 sui
2433 1562 2617 1608 custos
2641 1554 2883 1623 corporis
2911 1571 3103 1626 agmen
3123 1565 3262 1612 erat.

1961 1645 2217 1700 Eiusdem
2240 1661 2363 1698 nam
2389 1647 2740 1700 commoditas
2770 1648 3001 1718 spetiosa
3027 1648 3229 1705 lavacri

2031 1735 2298 1792 Centenos
2325 1737 2572 1791 homines
2594 1737 2823 1807 plusque
2847 1739 2991 1794 valet
3018 1755 3230 1810 capere.

1891 1819 1936 1879 Β
1963 1826 2206 1898 Corpore
2231 1829 2454 1882 robusto
2477 1827 2576 1880 fuit
2601 1827 2714 1897 ipse
2740 1829 2993 1884 decenter
3018 1839 3073 1884 et
3091 1832 3268 1903 amplo
3285 1873 3300 1898 ,

2031 1917 2249 1972 lncessu
2273 1916 2480 1982 firmus,
2503 1917 2717 1972 vividus
2736 1927 2894 1987 atque
2913 1919 3095 1989 agilis,

1823 2010 1826 2012 ⁷
1920 1995 1925 2000 ’
1960 2007 2187 2078 Egregie
2213 2022 2496 2076 procerus,
2521 2015 2578 2061 et
2606 2009 2709 2063 hoc
2734 2009 3105 2067 moderamine
3125 2015 3267 2070 iusto
3285 2055 3302 2081 ,

2031 2097 2248 2168 Septem
2275 2113 2508 2167 namque
2537 2099 2649 2153 suis
2671 2099 2863 2171 longus
2883 2110 3000 2156 erat
3020 2103 3267 2172 pedibus.

1959 2190 2075 2260 Ipse
2099 2191 2362 2246 rotundus
2390 2205 2526 2261 apex
2555 2192 2767 2262 capitis,
2791 2194 2974 2248 cervix
2998 2204 3053 2250 et
3072 2198 3261 2262 obesa,

2030 2283 2187 2337 Naris
2214 2282 2333 2353 plus
2369 2283 2530 2352 paulo
2559 2299 2720 2353 quam
2744 2285 3032 2343 mediocris
3054 2297 3208 2350 erat:

1958 2374 2091 2428 Late
2119 2373 2386 2442 fulgentes
2407 2374 2568 2439 oculi,
2595 2373 2760 2431 facies
2781 2391 2994 2447 quoque
3017 2379 3155 2434 laeta
3176 2421 3191 2446 ,

2029 2465 2097 2518 Et
2121 2480 2225 2519 vox
2265 2465 2412 2519 clara
2437 2466 2590 2532 satis,
2622 2467 2914 2537 pulcraque
2945 2471 3191 2528 canities.

1965 2557 2102 2613 Usus
2131 2559 2328 2612 vestitu
2356 2560 2554 2628 patrio,
2584 2575 2798 2630 semper
2824 2565 3166 2635 peregrinum

2030 2647 2352 2717 Respuent,
2375 2651 2621 2718 quamvis
2643 2653 2870 2722 pulcher
2904 2662 2957 2709 et
2999 2655 3115 2725 ipse
3154 2655 3311 2713 foret.

1959 2738 2049 2794 Bis
2085 2749 2293 2794 tantum
2323 2740 2547 2806 Romae,
2581 2743 2807 2798 summis
2831 2746 3186 2817 rogitantibus
3210 2749 3383 2819 ipsum

2027 2830 2396 2898 Praesulibus,
2420 2832 2578 2904 longa
2601 2850 2730 2890 usus
2763 2845 2881 2891 erat
2919 2839 3124 2907 tunica;

1959 2923 2112 2980 'l‘unc
2139 2925 2303 2979 etiam
2333 2925 2578 2982 clamidis
2607 2929 2880 2998 Speciosae
2907 2934 3134 3003 sumpsit
3158 2936 3435 3002 amictum,

2031 3014 2284 3086 Moreque
2315 3015 2561 3072 Romano
2591 3021 2823 3090 tegmina
2847 3020 2987 3076 facta
3015 3025 3240 3092 pedum;

1907 3169 1927 3186 ‘
1962 3107 2176 3177 Regalis
2201 3100 2415 3163 habitus
2441 3117 2645 3164 tantum
2669 3113 2913 3182 gestabat
2936 3114 3193 3170 honorem
3210 3157 3224 3182 ,

1885 3173 1930 3230 (ἶ
2032 3196 2166 3251 Cum
2190 3197 2558 3252 celebraretur
2583 3200 2734 3255 valde
2761 3211 2974 3256 sacrata
3000 3205 3136 3272 dies,

1961 3287 2068 3342 Aut
2093 3289 2342 3356 quotiens
2377 3291 2600 3344 aderant
2630 3292 2779 3346 missi
2810 3295 3058 3350 mandata
3092 3295 3328 3354 ferentes

2028 3381 2107 3435 Ex
2139 3381 2296 3452 longe
2324 3381 2516 3450 positis
2553 3384 2802 3452 gentibus
2824 3395 2878 3440 et
2897 3386 3151 3441 ducibus.

1960 3474 2115 3532 Tunc
2137 3489 2271 3528 auro
2295 3482 2493 3528 textam
2521 3477 2769 3530 nectebat
2796 3478 2957 3534 ﬁbula
2985 3491 3188 3566 vestem

2030 3566 2230 3630 Aurea,
2259 3566 2508 3620 comebat
2527 3581 2735 3638 gemma
2755 3571 2920 3638 pedes
2947 3571 3116 3638 varia,

1958 3660 2279 3716 Distinctum
2302 3661 2459 3715 viridi
2484 3663 2650 3732 gessit
2680 3665 2924 3720 diadema
2947 3673 3258 3742 smaragdo,

2029 3750 2284 3806 Stellatus
2312 3751 2478 3806 radiis
2503 3753 2724 3823 iaspidis
2751 3757 2894 3812 ensis
2919 3768 3057 3814 erat.

1959 3839 2311 3910 Distabatque
2331 3857 2520 3910 parum
2558 3843 2780 3913 reliquis
2804 3847 2857 3900 in
2886 3859 3035 3903 veste
3061 3850 3249 3908 diebus

2028 3932 2074 3986 A
2096 3933 2255 3988 solito
2283 3949 2569 4003 procerum
2593 3936 2676 3990 vel
2712 3939 2890 4008 populi
2923 3941 3128 3996 habitu.

1956 4021 2122 4077 Felici
2155 4039 2368 4092 semper
2392 4024 2689 4081 valitudine
2724 4027 2896 4082 laetus
2920 4030 2986 4083 ad
3013 4047 3186 4088 annos

2029 4113 2357 4184 Supraemos
2388 4117 2531 4171 vitae
2556 4133 2725 4187 poene
2748 4135 2876 4174 suae
2907 4119 3100 4186 fuerat,

1957 4201 2092 4256 Nam
2110 4205 2345 4259 servavit
2366 4219 2487 4259 eam
2508 4195 2655 4261 victu
2689 4223 2906 4262 sumens
2933 4211 3230 4277 moderato,

2029 4293 2215 4350 Solum
2243 4295 2386 4364 quod
2411 4297 2580 4351 sensit
2612 4312 2732 4352 esse
2755 4298 2968 4354 salubre
2993 4301 3115 4356 sibi.
3181 4283 3186 4289 ’

1958 4383 2015 4436 Si
2043 4391 2221 4438 tamen
2246 4385 2532 4439 adversum
2563 4384 2754 4440 leviter
2785 4388 3073 4458 quicquam
3099 4399 3399 4462 pateretur,

1881 4517 1931 4578 υ
2031 4473 2182 4540 Quod
2210 4474 2315 4528 iam
2346 4475 2611 4530 crescenti
2635 4477 2937 4548 contigerat
2965 4482 3115 4537 senio
3134 4523 3149 4549 ,

1959 4567 2075 4622 Non
2097 4568 2417 4622 admittebat
2440 4569 2696 4636 medicos,
2727 4571 2827 4626 sibi
2853 4589 3047 4644 nempe
3081 4590 3324 4646 perosos,

2029 4660 2156 4714 Plus
2181 4660 2444 4715 arbitratu
2471 4671 2664 4716 cuncta
2692 4679 2788 4719 suo
2809 4664 3031 4722 faciens.

1958 4752 2092 4807 Cum
2120 4751 2341 4820 reliquis
2363 4751 2508 4806 vitiis
2534 4753 2838 4822 specialiter
2857 4758 3046 4812 oderat
3075 4759 3226 4826 illud,

2029 4843 2144 4910 Quo
2168 4851 2385 4898 vertunt
2421 4845 2834 4916 mentispocula
2857 4849 3024 4904 multa
3045 4858 3246 4908 statum
3274 4870 3288 4920 ;

1959 4933 2094 4988 llinc
2115 4934 2296 4987 vinum
2321 4949 2482 5003 parce
2509 4943 2696 5006 potum
2733 4953 2945 5009 quoque
2973 4954 3278 5014 sumpserat
3303 4963 3540 5019 omnem,

2025 5025 2198 5096 Atque
2235 5027 2368 5082 cibis
2389 5028 2547 5097 paulo
2569 5032 2782 5100 aegrius
2803 5033 3079 5090 abstinuit.

1957 5119 2088 5173 Nam
2117 5119 2207 5173 vix
2234 5118 2375 5174 ferre
2400 5136 2556 5176 suum
2578 5131 2788 5191 poterat
2815 5124 3012 5183 ieiunia
3035 5143 3252 5199 corpus,

2028 5209 2176 5277 Quae
2211 5211 2312 5266 sibi
2334 5229 2734 5285 nonnumquam
2756 5219 2915 5272 noxia
2943 5232 3164 5290 questus
3183 5232 3322 5278 erat.

1957 5298 2092 5355 Cum
2114 5316 2340 5356 numero
2360 5304 2548 5360 solitus
2575 5306 2854 5362 hominum
2881 5310 3125 5364 convivia
3151 5312 3364 5380 grandi,

2030 5392 2137 5446 Sed
2176 5399 2386 5447 tantum
2407 5393 2558 5450 festis
2583 5397 2906 5466 praecipuis,
2934 5414 3113 5467 agere.

1958 5483 2128 5539 Porro
2152 5492 2412 5555 quaterna
2441 5487 2620 5556 iugem
2649 5487 2984 5558 praebebant
3014 5489 3217 5545 fercula
3247 5508 3502 5561 caenam,

2028 5576 2252 5630 Praeter
2280 5585 2567 5632 venantum
2587 5593 2690 5647 que
2711 5579 2861 5632 labor
2879 5579 3157 5645 attulerat,

1962 5668 2153 5723 Assam
2183 5667 2275 5738 qui
2303 5667 2535 5723 verubus
2557 5669 2729 5739 longis
2750 5668 2949 5725 inferre
2974 5672 3238 5739 solebant.

2036 5757 2112 5811 Illi
2145 5765 2328 5827 gratus
2355 5766 2467 5812 erat
2492 5757 2608 5828 plus
2641 5759 2757 5813 aliis
2787 5760 2935 5816 cibus
2959 5763 3068 5818 hic.
