3878 6172
351 316 447 370 τδι

347 423 608 479 Caenanti
642 424 812 480 lector
833 423 1064 479 recitans
1100 439 1204 479 non
1228 424 1394 480 defuit
1432 440 1710 495 umquam,

419 515 628 582 Perque
652 514 797 568 vices
820 514 1032 583 aliquod
1069 515 1237 569 audiit
1259 530 1506 572 acroama
1538 535 1550 569 :

353 605 458 658 Res
481 604 821 672 antiquorum
848 613 1027 675 gestas
1053 622 1344 676 regumque
1364 607 1575 676 piarunt

422 694 535 762 Ipse
562 693 664 766 legi
691 694 907 749 sibimet
932 694 1133 751 fecerat
1160 698 1390 752 assidue.

352 781 627 852 Indulgere
649 797 837 852 parum
860 799 1049 840 somno
1081 787 1395 855 permiserat
1421 788 1571 842 illum

423 871 570 925 Mens
594 887 806 941 semper
831 874 1040 944 magnis
1071 874 1252 930 dedita
1275 878 1531 943 consiliis,

352 960 418 1014 Et
452 976 537 1016 res
575 963 885 1033 magniﬁcas
908 966 1100 1035 iugiter
1126 968 1402 1023 meditatio
1434 969 1653 1025 volvens

420 1056 746 1113 Reddiderat
767 1061 913 1115 euris
935 1061 1263 1119 multimodis
1285 1064 1518 1133 vigilem.

350 1146 429 1202 0b
468 1149 568 1203 hoc
592 1158 747 1204 nocte
784 1160 978 1221 quater
999 1152 1169 1207 fertur
1185 1153 1270 1210 vel
1310 1156 1510 1224 sepius,
1533 1156 1679 1209 omni

420 1240 621 1297 Somno
656 1244 896 1313 depulso,
919 1248 1161 1301 membra
1186 1247 1393 1302 levasse
1420 1257 1557 1302 toro.

347 1332 390 1385 Ο
413 1342 670 1401 quantum
694 1336 839 1390 curis
868 1337 1169 1406 respublica
1199 1348 1445 1393 creverat
1468 1339 1593 1405 illis,

419 1421 591 1487 Quam
614 1434 989 1480 conservatum
1008 1424 1190 1482 ﬂoruit
1211 1428 1494 1497 imperium
1519 1430 1532 1483 l

347 1509 479 1563 Nam
507 1512 642 1568 bene
662 1516 911 1584 previdit,
936 1532 1036 1574 nec
1055 1534 1160 1587 qua
1191 1520 1400 1574 ratione
1426 1528 1639 1588 pateret

416 1601 471 1654 ln
498 1618 718 1673 regnum
743 1606 909 1662 variis
934 1607 1178 1663 hostibus
1208 1610 1480 1665 introitus.

346 1688 545 1745 Gallica
568 1696 895 1761 praestruxit
912 1712 1013 1752 nec
1040 1714 1144 1753 non
1181 1699 1502 1755 Germanica
1530 1700 1703 1756 classe

416 1780 618 1847 Litora,
643 1800 749 1853 qua
776 1783 965 1842 ﬂuvios
987 1788 1208 1858 suscipit
1229 1802 1484 1855 oceanus,

348 1872 517 1940 Atque
543 1874 684 1942 quod
711 1876 978 1947 Eumpam
1007 1880 1230 1949 pelagus
1256 1882 1488 1952 seiungit
1513 1885 1580 1939 ab
1604 1884 1824 1948 austris,

418 1962 482 2015 Et
502 1962 706 2019 dirimit
736 1974 910 2023 terras
938 1970 1238 2039 gurgitibus
1268 1974 1464 2038 media,

346 2048 461 2115 Qua
501 2053 716 2122 rapidos
743 2071 808 2109 ex
830 2056 1106 2113 Gallorum
1132 2061 1437 2130 regionibus
1459 2078 1645 2117 amnes

415 2140 520 2196 Aut
542 2145 684 2213 capit
717 2161 782 2201 ex
805 2164 1032 2220 magnae
1053 2152 1296 2219 partibus
1317 2152 1515 2218 ltaliae,

348 2232 530 2287 llostia
559 2251 652 2290 seu
674 2248 882 2306 portus,
907 2241 1094 2309 positis
1119 2243 1463 2309 stationibus,
1494 2259 1683 2299 omnes

414 2324 566 2379 Fecit
588 2327 889 2385 inaccessos
912 2331 1156 2388 hostibus
1177 2335 1519 2390 omnimodis.

348 2412 483 2467 llinc
510 2429 608 2469 nec
627 2430 692 2470 eo
719 2417 883 2473 Mauri
913 2423 1200 2493 quicquam
1231 2425 1441 2481 vivente
1465 2427 1752 2493 nocebant,

418 2503 527 2559 Nec
556 2505 1048 2565 Northmannorum
1082 2521 1206 2568 tunc
1239 2525 1411 2572 metus
1437 2520 1577 2576 ullus
1602 2531 1743 2586 erat,

348 2591 409 2645 Ni
437 2591 832 2651 Centumcellac
858 2631 925 2638 —
948 2601 1026 2656 sic
1051 2602 1181 2657 urbs
1209 2604 1471 2661 lletrusea
1499 2618 1721 2664 vocatur
1743 2641 1814 2649 —

419 2683 573 2749 Quod
609 2693 786 2740 tunca
825 2686 1026 2745 Mauris
1063 2693 1381 2762 depopulata
1408 2696 1531 2763 fuit,

348 2772 413 2826 Et
437 2773 581 2841 quod
608 2773 992 2834 Northmanuis
1013 2783 1369 2852 vastantibus,
1397 2787 1571 2842 insula
1597 2790 1861 2860 quaedam

417 2861 647 2917 Parvula
678 2864 974 2923 Fresonum
1002 2871 1232 2942 dampna
1253 2875 1373 2929 tulit
1393 2880 1599 2948 gravia.

349 2952 426 3008 Ve
456 2954 571 3021 tibi,
601 2970 701 3010 vae
726 2957 818 3012 tali
849 2962 1006 3017 modo
1032 2962 1313 3022 defensore
1345 2971 1550 3025 carenti

418 3045 658 3112 Frantia,
682 3063 844 3118 quam
868 3052 1035 3109 variis
1063 3055 1306 3113 cladibus
1331 3040 1693 3131 opprimeris?

350 3134 611 3193 Gentibus
636 3152 763 3193 ecce
790 3149 941 3210 pales
967 3144 1344 3214 populantibus
1382 3153 1619 3224 undique
1656 3144 1853 3219 saevis,

417 3227 487 3281 Et
507 3230 774 3298 quondam
804 3230 932 3287 felix
960 3251 1103 3291 nunc
1125 3237 1285 3295 nimis
1308 3256 1366 3296 es
1389 3242 1584 3299 misera
1609 3262 1624 3311 ;

349 3318 554 3389 Quippe
577 3322 681 3376 tuis
705 3322 903 3379 hilares
927 3327 1169 3383 exultant
1192 3328 1403 3389 ﬂetibus
1434 3336 1647 3402 hostes,

424 3409 780 3482 Ditanturque
806 3415 912 3469 tuis
945 3418 1159 3472 assidue
1189 3422 1395 3491 spoliis,

351 3498 495 3553 Milia
524 3516 773 3558 cesorum
795 3507 1117 3578 captivaque
1139 3512 1296 3567 turba
1324 3523 1539 3571 tuorum

422 3591 666 3661 Amplior
689 3603 771 3649 est
799 3612 1043 3666 numero,
1073 3616 1235 3670 quam
1257 3605 1327 3659 sit
1352 3607 1555 3661 harena
1586 3612 1772 3666 maris.

354 3680 488 3734 Nam
517 3682 709 3740 Carolo
728 3686 1008 3755 moriente,
1037 3700 1183 3749 tuum
1206 3695 1368 3751 decus
1392 3707 1448 3754 et
1467 3699 1640 3759 honor
1658 3705 1832 3759 omnis

426 3777 503 3829 Ex
533 3778 623 3833 illo
646 3782 846 3835 sensim
873 3781 1009 3856 fugit
1043 3794 1099 3841 et
1126 3788 1349 3845 interiit.

358 3865 508 3922 Nunc
537 3876 713 3925 tamen
748 3869 971 3931 Arnull‘o
1000 3878 1194 3934 merito
1224 3881 1323 3936 sub
1342 3883 1587 3955 principe
1606 3886 1825 3958 gaudes,

428 3956 529 4022 Qui
553 3960 743 4016 similis
780 3969 930 4019 tanto
950 3968 1190 4026 moribus
1217 3980 1300 4028 est
1320 3973 1510 4040 abavo,

358 4046 597 4119 Denique
639 4054 1029 4124 magnanimus,
1053 4059 1311 4129 clemens,
1338 4075 1726 4138 promptusque
1754 4069 1937 4125 labore

429 4138 680 4212 Pervigili
703 4144 910 4215 lapsum
933 4149 1153 4221 corrigit
1180 4151 1486 4223 imperium,

357 4228 796 4305 Francorumque
822 4246 1003 4293 movet
1022 4243 1193 4297 veteri
1218 4244 1418 4300 virtute
1439 4246 1689 4315 lacertos,

426 4320 600 4391 Atque
620 4334 776 4380 vocat
803 4328 1006 4384 resides
1046 4346 1232 4387 rursus
1253 4333 1307 4389 in
1330 4350 1481 4389 arma
1500 4337 1665 4393 viros.

358 4412 463 4467 Sed
501 4414 667 4469 moles
688 4414 967 4486 immensa,
997 4421 1087 4475 diu
1115 4438 1251 4492 quae
1273 4428 1479 4482 corruit
1506 4437 1650 4495 ante,

428 4500 544 4557 Non
570 4509 864 4563 restaurari
889 4524 946 4563 se
962 4510 1139 4566 subito
1161 4515 1383 4584 patitur.

358 4591 438 4645 llli
469 4593 559 4648 det
586 4595 775 4664 vitam,
800 4598 890 4669 qui
916 4601 1172 4657 virtutem
1202 4605 1349 4661 dedit
1378 4610 1632 4679 amplam,

432 4682 499 4735 Et
534 4700 725 4755 magne
753 4688 907 4742 nobis
930 4704 1090 4745 causa
1109 4692 1298 4750 salutis
1318 4697 1443 4750 erit.

364 4773 471 4827 Vos
499 4789 602 4842 que
627 4775 692 4829 de
718 4776 913 4832 Carolo
937 4788 1144 4836 restant
1164 4783 1409 4852 dicenda,
1440 4786 1727 4853 Camenae,

436 4862 675 4918 Strictim
703 4868 876 4923 veloci
898 4872 1136 4927 carmine
1162 4875 1448 4932 concinite.

357 4957 497 5013 Cum
526 4953 690 5010 fuerit
717 4973 882 5028 regno
906 4968 1013 5015 tam
1040 4962 1218 5019 clarus
1236 4965 1291 5020 in
1311 4968 1706 5039 ampliﬁcando,

432 5044 674 5101 Intentus
698 5047 857 5105 bellis
883 5052 1158 5108 continuis
1178 5056 1381 5123 animo,

364 5138 599 5211 Ornatus
630 5157 853 5214 operum
888 5146 1066 5202 varios
1098 5156 1298 5216 tamen,
1325 5161 1381 5206 et
1413 5151 1579 5209 decus
1614 5154 1802 5226 ingens

434 5231 678 5301 Fecerat,
708 5243 763 5291 et
792 5236 913 5291 visu
943 5238 1152 5294 moenia
1186 5241 1373 5310 pulcra
1401 5242 1591 5310 nimis;

366 5320 444 5374 Ex
469 5322 662 5391 quibus
689 5324 934 5394 inprimis
957 5327 1150 5382 merito
1171 5327 1421 5385 laudatur
1440 5330 1709 5402 Aquensis

438 5410 594 5468 Sedis
617 5412 843 5471 miriﬁce
864 5417 1081 5472 condita
1101 5418 1344 5485 basilica,

368 5502 537 5569 Quam
560 5506 649 5576 pie
676 5507 890 5565 Christe
916 5510 1013 5565 tibi
1037 5518 1363 5582 sauciaeque
1394 5520 1516 5566 tuae
1546 5513 1801 5584 genetrici

440 5593 520 5647 Ad
547 5595 755 5650 laudem
787 5600 992 5655 studuit
1014 5610 1333 5672 perpetuam
1357 5600 1554 5656 facere.

372 5684 728 5755 lngylemhem
758 5691 932 5749 dictus
962 5694 1111 5750 locus
1136 5702 1237 5762 est,
1262 5694 1352 5750 ubi
1380 5692 1615 5749 condidit
1642 5693 1837 5760 aulam,

1687 313 1847 369 POE'I

2032 312 2267 369 \XOMS
3503 313 3594 365 75?.

1950 433 1998 486 Α
2097 425 2259 479 Aetas
2285 424 2371 483 cui
2395 423 2527 478 vidit
2549 429 2734 479 nostra
2762 437 2950 492 parem
2974 421 3214 479 minime.

2021 515 2260 581 Quorum
2282 513 2628 583 multiplicem
2665 514 2709 568 si
2732 514 2854 582 quis
2892 514 3200 569 describere
3217 514 3434 571 laudem

2090 604 2332 670 Curabit,
2355 604 2569 675 longum
2597 612 2741 659 texet
2766 619 2901 675 opus
2921 605 3164 660 nimium.

2022 694 2102 748 Ad
2133 710 2270 764 quae
2292 710 2623 750 marmoreas
2642 695 2949 765 praestabat
2972 696 3142 752 Roma
3181 698 3468 753 columnas
3488 744 3504 765 ,

2093 787 2363 853 Quasdam
2389 786 2702 855 praecipuas
2730 785 2916 856 pulcra
2940 786 3195 842 Ravenna
3225 788 3393 842 dedit.

2024 876 2098 929 De
2122 884 2227 929 tam
2255 875 2542 945 longinqua
2564 877 2737 945 potuit
2765 877 2984 946 regione
3013 886 3250 946 potestas

2093 966 2236 1021 lllius
2258 976 2509 1023 ornatum
2536 967 2767 1023 Francia
2789 967 2935 1024 ferre
2956 969 3074 1023 tibi.

2025 1057 2274 1112 Preterea
2300 1058 2471 1113 Rheni
2493 1061 2788 1114 constravit
2814 1070 2977 1129 ponte
3002 1059 3222 1126 ﬂuenta,

2095 1148 2384 1206 Commoda
2409 1152 2545 1206 dans
2579 1151 2698 1206 urbi
2728 1160 2877 1207 tanta
2903 1151 3257 1224 Mogontiace.

2028 1240 2120 1292 Est
2140 1240 2334 1296 ibidem
2359 1237 2503 1297 latus
2523 1244 2832 1313 quingentis
2858 1243 3108 1313 passibus
3132 1245 3325 1311 amnis,

2100 1331 2169 1385 Ut
2191 1333 2400 1400 pondus
2426 1334 2559 1387 tanti
2589 1334 2730 1388 scire
2759 1350 2927 1405 queas
2947 1336 3146 1405 operis.

2027 1420 2284 1490 Quodque
2313 1422 2485 1491 magis
2506 1430 2743 1492 stupeas,
2768 1424 3078 1479 ﬁrmaverat
3097 1425 3288 1481 ordine
3311 1434 3465 1483 recto

2098 1510 2272 1566 Colles
2302 1511 2545 1581 ingentes
2570 1510 2821 1567 ﬂuetibus
2852 1513 2906 1567 in
2931 1514 3156 1579 mediis;

2029 1602 2320 1670 supposuit
2346 1601 2566 1657 basibus
2588 1603 2721 1657 haec
2746 1603 3092 1659 fundamenta
3113 1606 3381 1673 locandis,

2042 1696 2045 1699 ’
2098 1690 2166 1744 Et
2186 1706 2348 1760 supra
2375 1691 2574 1746 celsam
2610 1700 2883 1747 struxerat
2910 1694 3035 1749 inde
3058 1695 3219 1750 viam.

1956 1768 2002 1826 Β
2035 1780 2143 1835 lloc
2163 1797 2299 1851 opus
2318 1782 2574 1837 extremis
2607 1782 2749 1837 illius
2775 1799 2947 1854 poene
2984 1785 3084 1840 sub
3111 1786 3269 1840 annis

2099 1871 2445 1941 Consumpsit
2465 1872 2641 1928 subito
2668 1871 2884 1928 ﬂamma
2906 1890 3071 1930 vorax
3098 1875 3371 1947 poenitus.

2030 1963 2181 2029 Quod
2211 1978 2465 2033 reparare
2494 1964 2695 2029 volens,
2724 1964 2877 2020 ﬁeret
2899 1982 3005 2038 quo
3031 1982 3226 2022 saxeus
3253 1967 3361 2021 illic

2100 2054 2262 2120 Pons,
2292 2054 2384 2108 ubi
2410 2064 2751 2111 constructus
2780 2056 2990 2128 ligneus
3019 2066 3144 2113 ante
3172 2055 3289 2122 fuit,

2031 2148 2136 2202 l’rt‘)
2161 2147 2315 2202 dolor
2339 2156 2422 2203 est
2449 2147 2596 2203 obitu
2619 2157 3218 2221 praeventus,opusque
3240 2151 3503 2205 remansit

2102 2236 2214 2292 lloc
2234 2237 2630 2307 imperfectum,
2660 2240 2739 2295 sic
2760 2256 2975 2313 quoque
2998 2257 3211 2312 semper
3236 2242 3363 2296 erit.

2036 2332 2264 2386 Virtutis
2292 2332 2622 2387 monimenta
2644 2342 2863 2389 manent
2890 2342 3071 2389 tamen
3093 2335 3210 2390 eius
3227 2334 3280 2389 in
3304 2348 3521 2399 aevum,

2100 2421 2157 2475 ln
2184 2422 2350 2476 vastis
2383 2430 2590 2477 stantes
2615 2421 2915 2495 gurgitibus
2947 2423 3156 2477 tumuli.

2032 2511 2330 2581 Congestae
2356 2512 2501 2565 saxis
2520 2511 2720 2566 etenim
2749 2510 3045 2582 tellureque
3073 2511 3243 2567 moles

2101 2600 2301 2655 Parent
2322 2601 2477 2657 elatis
2497 2600 2715 2656 ﬂumine
2741 2601 3053 2665 verticibus,

2034 2691 2439 2762 Aggeribusque
2462 2693 2577 2762 pari
2600 2692 2783 2762 spacio
2812 2692 3137 2748 distantibus
3160 2692 3295 2749 ordo

2106 2782 2324 2838 Metitur
2351 2783 2447 2837 lati
2480 2794 2628 2854 terga
2659 2784 2855 2839 decens
2875 2783 3072 2855 pelagi.

2034 2874 2283 2930 Condidit
2309 2884 2365 2931 et
2396 2874 2624 2931 Domino
2642 2874 2972 2946 perplurima
3001 2874 3199 2946 templa
3229 2874 3471 2937 dicanda,

2105 2965 2387 3020 Exomans
2412 2966 2602 3022 eadem
2630 2964 2934 3036 sumptibus
2961 2980 3030 3021 ex
3057 2965 3310 3037 propriis.

2035 3054 2287 3126 Neglectu
2317 3057 2517 3127 dilapsa
2547 3057 2695 3128 prius
2718 3056 2802 3111 vel
2833 3064 3076 3127 tempore
3097 3055 3257 3127 longo

2105 3146 2163 3201 ln
2200 3162 2366 3218 regno
2391 3162 2652 3217 reparans
2679 3155 2874 3201 cuncta
2904 3162 3001 3201 suo
3037 3146 3268 3202 noviter.

2035 3237 2330 3308 Religionis
2349 3237 2492 3293 enim
2517 3246 2737 3294 sanctae
2762 3238 3035 3294 studiosus
3059 3248 3288 3304 amator,

2109 3326 2465 3398 Sectatorque
2492 3326 2593 3383 fuit
2620 3328 2920 3384 catholicae
2955 3329 3100 3383 ﬁdei.

2038 3419 2302 3488 Tempore
2328 3434 2562 3490 namque
2595 3434 2694 3475 suo
2725 3419 2945 3475 hereses
2973 3420 3280 3475 extinxerat
3305 3426 3468 3485 ortas,

2108 3509 2260 3577 Quod
2286 3510 2394 3564 iam
2419 3511 2731 3580 praemissis
2753 3510 2988 3565 diximus
3008 3519 3133 3566 ante
3163 3510 3337 3566 libris.

2036 3600 2368 3655 Aecclesiam
2395 3600 2561 3656 certis
2588 3598 2887 3654 intraverat
2908 3600 3135 3671 impiger
3159 3600 3327 3666 horis,

2109 3688 2357 3744 Fundens
2376 3690 2600 3744 devotas
2628 3696 2785 3744 nocte
2803 3689 2996 3758 dieque
3025 3705 3236 3760 preces,

2040 3783 2169 3837 Eius
2196 3789 2252 3835 et
2268 3796 2428 3836 omne
2448 3780 2809 3834 ministerium
2836 3796 2962 3835 cum
2987 3780 3230 3836 vestibus
3257 3789 3412 3851 atque

2109 3872 2267 3927 Vasis
2286 3879 2481 3927 ornatu
2506 3870 2811 3940 composuit
2837 3870 3028 3926 nimio.

2040 3962 2215 4017 Verus
2244 3962 2441 4031 quippe
2470 3960 2565 4015 Dei
2589 3960 2766 4014 cultor
2787 3975 3122 4030 praeponere
3157 3968 3342 4015 sancto

2109 4052 2239 4107 Eius
2259 4051 2335 4106 nil
2359 4065 2616 4120 umquam
2637 4050 2859 4106 servitio
2879 4050 3069 4105 voluit.

2039 4145 2175 4200 Nam
2204 4159 2428 4215 regnum
2454 4151 2712 4198 terrestre
2733 4150 2941 4207 tenens,
2964 4141 3216 4198 caelestis
3249 4157 3425 4197 amore

2109 4234 2236 4288 Plus
2258 4234 2431 4289 multo
2455 4233 2691 4304 ﬂagrans
2716 4233 2895 4288 extitit
2917 4241 2972 4287 et
3001 4234 3247 4303 cupidus.

2040 4324 2193 4392 Quod
2211 4324 2334 4390 sibi,
2363 4339 2495 4394 prae
2523 4324 2732 4379 cunctis
2767 4323 3025 4389 clemens,
3063 4333 3117 4379 et
3147 4324 3329 4397 largus
3347 4322 3546 4396 egenis,

1969 4456 2017 4517 ο
2110 4415 2335 4471 Curavit
2356 4416 2510 4470 donis
2538 4415 2769 4470 assiduis
2800 4429 3001 4469 emere.
3058 4411 3063 4416 ’

2041 4508 2209 4562 Nemo
2233 4506 2546 4575 peregrinos
2567 4504 2657 4559 illo
2677 4505 2796 4575 plus
2822 4504 2997 4561 fertur
3021 4518 3254 4571 amasse,

2109 4597 2279 4652 Nemo
2308 4596 2426 4666 pari
2453 4611 2584 4651 cura
2611 4595 2940 4666 suscipiebat
2964 4610 3062 4651 eos
3096 4612 3111 4649 :

2039 4689 2096 4744 ln
2121 4703 2227 4759 quo
2254 4702 2424 4757 paene
2448 4688 2667 4743 modum
2695 4688 2867 4758 pietas
2894 4694 3205 4742 excesserat
3241 4687 3373 4750 eius,

2112 4777 2171 4832 Si
2195 4779 2325 4848 quid
2356 4779 2409 4832 in
2450 4779 2553 4832 hoc
2578 4777 2803 4831 nimium
2832 4778 3058 4847 quisque
3086 4786 3263 4848 potest
3284 4777 3468 4837 facere.

2042 4870 2174 4925 Cum
2205 4886 2309 4924 non
2335 4868 2500 4938 regali
2523 4868 2695 4923 solum
2726 4868 2866 4923 foret
2890 4869 3099 4924 advena
3129 4869 3289 4924 turba

2111 4960 2298 5025 Aulae,
2322 4961 2416 5015 sed
2446 4969 2558 5014 toto
2582 4960 2687 5013 iam
2718 4962 2898 5032 gravis
2915 4962 3162 5033 imperio,

2042 5053 2158 5123 Ipse
2195 5052 2317 5122 pius
2335 5052 2717 5122 compensabat
2735 5053 3015 5125 dispendia
3038 5070 3243 5123 rerum,

2115 5146 2375 5201 Mercedis
2404 5146 2546 5201 laeto
2572 5147 2810 5217 perpetis
2840 5148 3058 5203 intuitu.

2045 5236 2159 5292 llac
2179 5237 2389 5292 invitati
2415 5235 2559 5291 fama
2586 5252 2708 5291 cum
2731 5234 2975 5307 partibus
2999 5239 3146 5295 orbis

2116 5329 2191 5383 De
2216 5328 2423 5383 cunctis
2448 5329 2515 5382 ad
2544 5343 2667 5383 eum
2687 5328 3019 5385 conﬂuerent
3046 5331 3253 5401 inopes,

2046 5420 2160 5474 Non
2188 5429 2367 5474 tamen
2392 5419 2448 5473 in
2476 5420 2693 5488 proprio
2721 5421 2853 5476 satis
2877 5436 3135 5477 exercere
3152 5422 3371 5493 putabat

2116 5510 2301 5580 Regno
2328 5512 2558 5580 gratuite
2583 5509 2881 5581 largitionis
2904 5526 3059 5582 opus,

2049 5601 2155 5657 Sed
2177 5616 2276 5671 per
2294 5600 2496 5670 legatos
2523 5600 2772 5656 mittebat
2795 5602 2863 5658 ad
2893 5611 3079 5658 extera
3107 5618 3268 5675 regna

2118 5691 2453 5747 Christicolis
2476 5691 2667 5749 crebro
2689 5708 2910 5749 munera
2942 5695 3297 5765 pauperibus;

1962 3114 2006 3174 C
