3868 6174
267 331 371 387 755
586 325 837 380 ANNAL.
880 327 968 381 DE
1005 326 1249 383 GESTIS
1288 327 1347 381 Β.
1390 327 1794 384 (ΣΑΒΟΙᾸΜΑ4

1965 313 2114 383 nam
2155 318 2217 385 v.
2256 361 2321 369 -
2364 331 2521 386 VlTA
2570 332 2842 391 canon.
2887 367 2955 374 —
2989 335 3118 390 LIB.
3164 334 3226 388 γ.
3418 334 3541 389 πει

270 448 417 513 Quos
444 442 716 512 Aegyptus
742 426 1144 510 Alexandrique
1165 454 1229 494 ex
1249 439 1467 494 nomine
1490 438 1635 495 dicta

342 535 485 592 Urbs
505 528 693 601 inopes
712 529 925 596 habuit,
955 531 1089 585 iuvit
1112 545 1207 586 eos
1233 530 1446 601 opibus.

274 627 453 684 Africa
490 624 806 683 muniﬁcum
832 620 1175 693 Cartagoqne
1201 631 1449 677 senserat
1475 622 1648 687 illum,

344 718 436 771 Est
463 720 690 785 experta
716 713 848 768 satis
877 712 1177 784 largiﬂuum
1209 712 1388 784 Syria.

271 807 350 860 Ad
379 802 793 859 liierosolimam
817 818 910 858 seu
931 811 1110 858 cetera
1135 802 1273 874 quae
1303 802 1420 859 loca
1449 802 1651 859 Christi

343 893 523 949 Cestis
544 893 820 963 corporeis
850 891 1183 946 sanctificata
1214 899 1469 956 manent,

275 984 502 1054 Saepius
526 983 760 1054 indignis
799 981 1045 1037 donanda
1070 981 1321 1037 ﬁdelibus
1348 982 1465 1035 auri

344 1076 488 1130 Misit
510 1084 566 1129 et
591 1075 800 1145 argenti
824 1075 1065 1145 pondera
1093 1089 1198 1129 non
1234 1075 1467 1130 modica.

274 1168 447 1223 Trans
476 1183 627 1222 mare
649 1165 875 1237 gentiles
900 1168 1108 1235 positos
1132 1167 1305 1222 solum
1327 1166 1427 1222 sibi
1455 1182 1608 1236 reges

340 1260 423 1313 Ad
441 1260 546 1314 hoc
578 1259 790 1312 ﬁrmata
817 1259 992 1314 iunxit
1026 1260 1283 1325 amicitia,

270 1353 535 1420 Quatinus
566 1352 800 1417 illorum,
830 1352 918 1421 qui
945 1351 1043 1407 sub
1072 1352 1273 1409 ditioue
1298 1353 1483 1409 fideles

336 1445 557 1508 Essent,
588 1443 929 1514 perciperent
956 1440 1079 1499 inde
1102 1442 1465 1515 refrigerium.

269 1535 515 1604 Praeque
542 1533 672 1587 locis
699 1532 900 1587 sanctis
914 1531 1054 1597 aliis,
1083 1533 1394 1601 specialiter
1418 1534 1534 1588 eius

337 1627 504 1682 Menti
528 1625 807 1682 Romanae
836 1626 977 1682 sedis
998 1626 1231 1682 inhaesit
1256 1642 1442 1691 amor;

266 1720 404 1774 Nam
438 1728 687 1774 sanctum
717 1733 981 1773 venerans
1008 1712 1252 1783 Petrum,
1283 1718 1373 1788 qui
1402 1717 1637 1789 claviger
1662 1727 1810 1774 extat
1870 1774 1912 1843 (1

333 1813 482 1843 noni:
538 1813 735 1843 ι...;η..η
757 1811 905 1843 nam:
931 1811 1136 1843 ...κιαι-,ο
1169 1812 1443 1843 nmmum“:
1468 1800 1473 1804 ’
1858 1792 1859 1797 “
1918 1794 1933 1840 l

332 1813 507 1878 Caeli,
536 1813 735 1883 quique
757 1811 907 1867 chori
931 1811 1139 1881 primus
1168 1800 1473 1882 apostolici,

267 1906 396 1959 Eius
425 1904 494 1958 ad
531 1901 850 1958 aecclesiam
888 1902 1113 1958 donaria
1154 1903 1390 1958 maxima
1419 1918 1544 1973 sepe
1587 1897 1601 1914 '

336 1995 576 2060 Mittens,
609 1996 889 2050 thesauros
918 1993 1142 2048 Contulit
1170 1993 1502 2061 innumeros,

263 2086 446 2158 Atque
474 2086 557 2140 sui
584 2086 757 2156 magis
786 2085 839 2138 in
867 2092 979 2139 toto
1009 2083 1083 2139 nil
1115 2091 1360 2156 tempore
1392 2085 1542 2156 regni

338 2178 585 2243 Curavit,
611 2177 783 2233 maius
813 2194 920 2232 non
946 2177 1136 2233 habuit
1159 2178 1415 2243 studium,

270 2271 449 2339 Quam
480 2272 635 2326 sedes
660 2269 906 2325 Romana
930 2285 1026 2324 suo
1059 2266 1357 2325 munimine
1383 2268 1539 2335 fulta,

341 2360 415 2416 Ut
438 2360 609 2415 veteri
632 2359 839 2430 pollens
870 2358 1147 2415 nobilitate
1176 2357 1333 2414 foret.

271 2453 338 2507 Et
376 2461 559 2508 tamen
595 2452 710 2524 ipse
735 2460 928 2522 quater
957 2459 1163 2506 tantum
1190 2461 1509 2522 pervenerat
1538 2452 1646 2515 illo,

345 2548 481 2603 Vota
504 2561 802 2619 precesque
828 2546 915 2615 pia
944 2544 1154 2600 solvere
1169 2552 1347 2599 mente
1371 2544 1575 2610 volens,

276 2639 505 2693 L'ltimus
528 2637 791 2692 adventus
811 2634 914 2691 hac
942 2651 1103 2691 causa
1129 2636 1354 2708 contigit
1376 2637 1514 2702 eius,

344 2728 497 2796 Quod
529 2728 775 2784 turbatus
799 2735 920 2783 erat
947 2736 1076 2783 tunc
1105 2735 1278 2784 status
1304 2728 1586 2795 ecclesiae,

278 2822 493 2878 Scilicet
515 2823 687 2878 eiecto
714 2821 873 2877 simul
909 2830 963 2879 et
993 2828 1263 2878 tormenta
1291 2821 1472 2878 Leone

344 2913 597 2969 Praesule
621 2929 880 2983 perpesso
906 2913 1113 2969 civibus
1135 2929 1166 2968 a
1189 2914 1460 2984 propriis.

280 3003 385 3059 lloc
405 3003 558 3073 quasi
586 3001 869 3076 naufragio
898 3020 1150 3074 suprema
1171 3003 1409 3077 pericula
1430 3020 1648 3076 passum

346 3098 720 3167 Vexatumquc
744 3097 846 3153 loci
870 3098 1140 3155 sedicione
1161 3106 1380 3165 statum,

278 3188 355 3244 Ad
378 3198 597 3260 portum
621 3190 863 3260 placidae
885 3191 1076 3245 statuit
1109 3206 1363 3246 revocare
1398 3190 1614 3261 quietis,

343 3277 457 3333 Illic
479 3294 580 3348 per
602 3286 769 3333 totam
798 3294 969 3348 poene
997 3294 1220 3335 manens
1251 3281 1506 3337 hiemem.

280 3368 425 3423 Tunc
450 3367 651 3422 ibidem
674 3368 886 3424 culmen
909 3377 1223 3439 susceperat
1252 3370 1549 3442 imperiale,

345 3458 545 3515 Ordine
575 3476 685 3530 quo
721 3468 913 3529 quarto
943 3462 1175 3517 diximus
1201 3470 1325 3518 ante
1352 3462 1507 3518 libro.

279 3552 427 3616 Quod
447 3560 631 3607 tamen
662 3551 859 3606 invitus
880 3567 1016 3622 papa
1043 3561 1265 3622 cogente
1303 3553 1522 3622 recepit,

344 3643 410 3697 Et
439 3640 627 3697 multis
649 3642 832 3714 populi
855 3641 1101 3698 Romulei
1140 3642 1411 3713 precibus.

276 3735 373 3800 Qui
412 3734 460 3789 si
492 3733 777 3789 consilium
807 3732 1131 3803 praescisset
1155 3731 1422 3803 praesulis
1449 3740 1594 3797 ante,

343 3827 499 3883 Tunc
535 3842 594 3882 se
617 3825 962 3881 subtraheret
988 3841 1211 3896 prorsus
1245 3824 1314 3880 ab
1340 3824 1623 3889 aecclesia,

274 3923 515 3992 Denique
550 3921 630 3976 sic
658 3919 840 3975 multis
868 3934 1050 3975 coram
1086 3919 1356 3973 iuraverat
1376 3918 1508 3989 ipse,

343 4010 607 4079 Quamvis
636 4009 727 4064 illa
749 4009 863 4064 dies
884 4009 1041 4064 valde
1072 4007 1209 4063 foret
1231 4008 1481 4063 celebris.

277 4104 491 4159 Videris
515 4104 619 4158 hoc
642 4101 716 4156 illi
745 4110 953 4156 tantum
990 4116 1089 4156 cur
1117 4099 1497 4169 displicuisset,

342 4194 502 4262 Quod
525 4209 644 4250 mos
665 4202 750 4248 est
771 4192 893 4248 aliis
921 4191 1140 4263 regibus
1162 4199 1437 4261 appetere.

276 4285 391 4355 Ipse
420 4268 609 4339 decem
648 4283 907 4353 posthaec
932 4289 987 4336 et
1014 4290 1199 4336 ternos
1226 4281 1447 4336 circiter
1471 4295 1639 4334 annos

346 4375 592 4447 Augusto
612 4374 788 4429 laetus
811 4373 948 4427 vixit
979 4374 1032 4427 in
1062 4373 1308 4442 imperio.

278 4467 333 4521 In
358 4467 555 4535 quibus
577 4465 825 4533 antiquas
850 4464 995 4535 leges
1019 4464 1276 4529 correxit,
1301 4465 1355 4518 in
1378 4464 1508 4534 ipsis

349 4556 507 4612 Uniri
534 4557 797 4610 mandans
820 4555 1035 4611 dissona
1070 4570 1173 4626 que
1205 4554 1437 4609 fuerant.

279 4649 497 4704 Addidit
519 4647 605 4704 his
634 4649 794 4703 etiam
811 4648 1021 4704 noviter
1045 4663 1182 4718 quae
1203 4663 1437 4717 congrua
1478 4647 1643 4707 duxit,

348 4740 531 4794 Pauca
561 4739 775 4810 quidem
800 4756 1026 4795 numero
1046 4738 1201 4794 valde
1233 4739 1327 4793 sed
1354 4738 1526 4801 utilia,

280 4832 719 4901 (Iunctorumqne
743 4831 825 4886 sui
851 4831 997 4901 regni
1028 4829 1174 4899 leges
1205 4828 1523 4898 populorum

349 4921 598 4992 Collegit,
626 4923 811 4992 plures
837 4922 961 4977 inde
987 4923 1153 4977 libros
1182 4920 1405 4975 faciens.

284 5014 393 5069 Nec
430 5031 537 5071 non
561 5030 701 5085 quae
727 5023 971 5069 veterum
995 5014 1320 5085 depromunt
1350 5012 1554 5083 proelia
1583 5027 1794 5082 regum,

352 5106 595 5162 Barbara
624 5108 898 5161 mandavit
923 5108 1162 5162 carmina
1190 5106 1463 5161 litterulis.

283 5196 473 5267 Coepit
500 5204 555 5251 et
583 5197 781 5267 ingenii
811 5196 939 5252 totis
968 5212 1091 5251 eum
1117 5197 1324 5251 viribus
1348 5195 1489 5249 acris

352 5289 410 5342 ln
437 5288 673 5358 linguam
701 5288 974 5358 propriam
1002 5295 1216 5341 vertere
1247 5287 1674 5357 grammaticam.

282 5378 464 5433 Ardua
489 5377 837 5450 phyIOSOpbis
862 5379 1023 5432 etiam
1057 5392 1145 5432 res
1170 5378 1306 5432 haec
1335 5378 1490 5440 foret,
1523 5384 1691 5430 artem

354 5470 436 5523 Ad
463 5470 608 5525 hanc
633 5485 940 5525 sermonem
969 5481 1162 5539 cogere
1184 5467 1550 5523 barbaricum.

286 5564 509 5623 Talibus
539 5582 570 5621 a
599 5564 792 5621 studiis
817 5581 924 5621 non
954 5564 1104 5633 regni
1133 5563 1368 5617 maxima
1397 5577 1545 5623 cura,

356 5658 472 5714 Non
500 5668 654 5713 aetas
681 5659 897 5728 gravior
925 5666 1036 5712 tum
1071 5654 1342 5711 revocavit
1370 5668 1516 5707 eum.

290 5754 581 5829 (Iompotns
612 5754 820 5809 annalis
850 5754 1017 5805 fuerat
1053 5749 1367 5805 notissimus
1403 5746 1500 5808 illi,

1880 440 1938 501 Ἃ
2035 439 2211 506 Quem
2242 441 2541 497 rimabatur
2573 452 2757 498 mente
2792 444 2926 499 satis
2957 444 3126 513 vigili.

1964 532 2212 589 Sidereos
2241 543 2411 601 ortus,
2444 552 2654 601 cursus,
2688 538 2973 607 obitusque
3001 538 3243 602 notabat,

2034 622 2219 681 Nullus
2244 641 2367 680 eum
2392 636 2624 696 punctns
2654 628 2859 683 zodiaci
2890 629 3066 682 latuit.

1962 714 2030 769 Et
2056 717 2230 771 ventis
2254 718 2339 772 bis
2368 734 2462 773 sex
2493 720 2715 774 totidem
2747 736 2960 789 quoque
2990 722 3265 779 mensibus
3293 722 3408 793 ipse

2031 805 2364 863 Francorum
2394 809 2573 881 lingua
2605 811 2817 865 nomina
2848 813 3169 883 composuit.

1960 897 2039 951 llli
2067 914 2299 968 namque
2325 901 2477 970 prius
2506 917 2722 956 menses
2748 901 2934 958 dixere
2963 904 3147 960 latinis

2032 988 2100 1042 Et
2124 990 2324 1059 partim
2351 992 2563 1061 linguae
2589 993 2895 1049 nominibus
2918 996 3201 1064 propriae;

1962 1082 2255 1136 Ventorum
2287 1100 2418 1138 vero
2444 1086 2687 1155 proferre
2714 1088 2976 1142 vocabula
3004 1097 3216 1143 tantum

2034 1176 2238 1231 Norant
2275 1178 2486 1248 eloquio
2525 1186 2782 1247 quattuor
2815 1188 2940 1233 ante
2976 1196 3093 1235 suo.

1962 1267 2148 1322 Nonne
2173 1268 2361 1322 videns
2393 1278 2652 1337 quantum
2681 1270 2891 1324 sudarit
2918 1270 2970 1323 in
2998 1271 3206 1326 artibus
3233 1272 3372 1339 istis,

2030 1358 2241 1413 Proelia
2268 1360 2354 1413 vix
2388 1361 2455 1414 ab
2485 1375 2549 1415 eo
2577 1362 2850 1430 quaelibet
2877 1370 2995 1416 acta
3022 1370 3180 1432 putes
3198 1364 3224 1417 ?

1962 1452 2169 1505 Rursus
2202 1450 2247 1505 si
2277 1466 2531 1506 numeres
2557 1451 2798 1507 eiusdem
2823 1452 2984 1518 bella,
3018 1454 3340 1524 triumphos,
3432 1496 3441 1505 ,

2030 1540 2208 1597 Armis
2238 1548 2321 1596 tot
2348 1548 2515 1614 regna
2542 1542 2777 1610 subdita,
2810 1552 2887 1599 tot
2910 1546 3159 1614 populos,

1961 1629 2083 1686 Otia
2116 1633 2354 1698 mireris,
2387 1633 2603 1702 quando
2632 1634 2717 1689 vel
2749 1651 2915 1705 parva
2947 1637 3188 1707 legendi,

2037 1724 2133 1779 Vel
2160 1724 2289 1794 quid
2318 1724 2556 1780 discendi
2588 1726 2878 1795 contigerit
2907 1727 3195 1798 spacium?

1964 1815 2096 1871 Cum
2131 1816 2312 1885 operis
2346 1812 2529 1870 differs
2565 1816 2725 1872 huius
2762 1817 2920 1872 ﬁnire
2958 1816 3219 1885 laborem,

2034 1906 2167 1959 Dum
2194 1903 2373 1961 Caroli
2404 1907 2639 1976 trepidas
2667 1909 2848 1964 dicere
2878 1924 3034 1965 mens
3061 1909 3291 1977 obitum,

1963 1996 2046 2051 Sit
2076 1996 2203 2052 licet
2232 1997 2334 2050 hoc
2364 1998 2519 2053 nobis
2548 2006 2800 2064 mestnm,
2831 2000 2902 2055 sit
2933 2001 3108 2066 triste,
3137 2003 3232 2057 sed
3257 2003 3391 2059 ordo

2031 2086 2230 2157 Exigit,
2259 2087 2419 2157 idque
2445 2089 2576 2143 nihil
2605 2104 2704 2144 nos
2732 2091 2960 2145 reticere
2988 2090 3153 2146 iuvat.

1962 2179 2101 2246 Quin
2132 2179 2312 2248 potius
2337 2174 2520 2234 dulces
2548 2178 2807 2236 lacrimae
2834 2182 3144 2252 lugentibus
3170 2198 3311 2249 esse,

2030 2270 2207 2340 Atque
2236 2269 2319 2324 sui
2354 2270 2589 2339 gemitus
2626 2270 2741 2341 ipsa
2775 2272 2996 2341 querela
3034 2272 3189 2329 solet.

1961 2356 2135 2431 lpsius
2164 2368 2222 2415 ut
2250 2362 2401 2431 regni
2431 2360 2760 2419 Hludovicns
2789 2363 2932 2419 filius
2958 2365 3117 2420 heres

2032 2453 2101 2506 Et
2130 2466 2355 2508 consors
2382 2452 2577 2519 factus,
2607 2462 2764 2524 patre
2794 2456 3030 2521 iubente,
3061 2455 3162 2511 fuit
3182 2487 3251 2496 —-
3296 2490 3300 2495 ι

1963 2544 2206 2615 Namque
2234 2546 2379 2601 hunc
2402 2545 2705 2616 Angustum
2734 2556 2949 2618 sumpto
2977 2548 3277 2604 diademate
3303 2548 3439 2613 dici,

2033 2635 2106 2692 Ut
2137 2643 2349 2706 regeret
2378 2652 2563 2693 secum
2595 2638 2828 2692 iusserat
2858 2638 3143 2709 imperium
3165 2670 3236 2679 ——

1964 2725 2080 2794 Ipse
2107 2725 2303 2781 dehinc
2335 2728 2526 2781 morbo
2554 2727 2759 2796 pariter
2788 2726 3031 2783 defessus
3061 2734 3115 2781 et
3143 2742 3294 2793 aevo,

2033 2816 2271 2872 Alterius
2295 2816 2440 2872 vitae
2468 2818 2642 2872 tendit
2669 2819 2739 2874 ad
2764 2820 3067 2876 introitum.

1965 2910 2229 2964 Venatum
2260 2919 2439 2963 tamen
2466 2923 2531 2963 ex
2560 2910 2678 2964 aula
2709 2915 2949 2979 perrexit
2969 2913 3229 2983 Aquensi,

2034 2999 2289 3053 Autumni
2322 2999 2472 3069 lapso
2500 3007 2742 3070 tempore
2772 3003 2879 3058 iam
2906 3006 3104 3061 medio.

1967 3091 2103 3147 llinc
2132 3092 2186 3147 in
2215 3092 2544 3162 praedictam
2575 3094 2789 3151 rediens
2819 3112 2876 3151 se
2902 3100 3132 3154 contulit
3156 3101 3353 3166 aulam,

1891 3168 1938 3232 C
2038 3183 2335 3254 Disponens
2367 3184 2421 3238 in
2450 3200 2515 3239 eo
2549 3194 2678 3241 tunc
2708 3186 2946 3242 hiemare
2975 3190 3113 3254 loco,

1966 3272 2037 3327 At
2064 3273 2267 3329 mensis
2292 3275 2511 3330 veniens
2537 3275 2650 3330 lani
2677 3278 2744 3333 de
2772 3280 2989 3336 nomine
3017 3281 3194 3338 dictus

2038 3365 2268 3421 Acribus
2296 3367 2439 3422 hunc
2466 3369 2645 3424 subito
2671 3368 2915 3428 febribus
2946 3374 3210 3445 inplicuit.

1966 3457 2347 3527 Abstinuitque
2376 3458 2530 3525 cibis,
2564 3461 2746 3515 statim
2780 3463 2858 3518 sic
2886 3464 3085 3535 pellere
3114 3469 3334 3522 morbos

2037 3547 2135 3603 Vel
2161 3547 2339 3603 saltim
2370 3548 2541 3605 levius
2566 3547 2710 3607 ferre
2740 3562 2864 3608 sues
2894 3554 3101 3611 solitus.

1970 3638 2077 3695 Sed
2104 3640 2259 3695 dolor
2284 3641 2546 3695 accedens
2574 3641 2780 3707 lateris,
2811 3642 2918 3698 iam
2950 3654 3163 3717 tempus
3192 3648 3382 3702 adesse

2037 3733 2163 3789 Eius
2191 3733 2446 3789 decessus
2474 3732 2675 3790 fecerat
2703 3735 2848 3792 haud
2873 3737 3096 3794 dubium
3124 3757 3136 3791 :

1968 3826 2208 3896 Cumque
2233 3824 2350 3879 dies
2377 3839 2537 3881 senos
2564 3827 2930 3892 decumberet,
2962 3829 3084 3884 inde
3113 3840 3328 3886 secutus

2039 3912 2312 3984 Septimus
2340 3914 2467 3970 huic
2494 3916 2636 3971 vitae
2663 3916 2886 3972 ultimus
2912 3919 3187 3973 extiterat.

1966 4007 2024 4061 In
2055 4023 2162 4078 quo
2186 4014 2442 4079 percepto
2468 4010 2776 4063 venerando
2805 4025 3034 4080 corpore
3060 4010 3283 4076 Christi,

2036 4099 2267 4168 Adiungi
2294 4101 2491 4154 meruit
2518 4098 2727 4155 civibus
2756 4102 3044 4157 aethereis.

1966 4194 2024 4247 ln
2057 4193 2255 4263 templo
2285 4193 2422 4248 situs
2451 4199 2554 4258 est,
2583 4191 2782 4247 ibidem
2811 4193 2953 4260 quod
2981 4193 3226 4249 condidit
3254 4194 3389 4265 ipse,

2039 4284 2195 4351 Quali
2227 4300 2347 4338 cum
2379 4282 2528 4337 luctu
2558 4298 2717 4337 nemo
2746 4282 2954 4337 referre
2980 4282 3143 4338 valet.

1967 4377 2096 4432 Post
2121 4376 2458 4443 octingentos
2483 4374 2689 4431 Christi
2720 4376 2995 4430 nascentis
3024 4375 3093 4430 ab
3121 4386 3247 4432 ortu

2038 4466 2137 4524 Hic
2167 4482 2338 4522 annus
2363 4474 2592 4537 quartus
2620 4467 2796 4521 extitit
2826 4476 2881 4522 et
2906 4468 3179 4535 decimus;

1895 4535 1941 4591 θ
1970 4560 2087 4630 ipse
2115 4559 2199 4613 die
2226 4535 2415 4628 quinta
2442 4557 2748 4612 decesserat
2776 4567 2902 4613 ante
2928 4558 3197 4616 Kalendas

2045 4651 2262 4715 Mensis,
2290 4664 2397 4720 quo
2424 4648 2597 4704 Numa
2626 4664 2722 4703 rex
2750 4649 2963 4706 Febrna
2994 4652 3293 4707 constituit.

1974 4743 2135 4797 Multa
2166 4741 2576 4812 propinquantis
2604 4738 2817 4795 fuerant
2852 4743 3131 4813 praesagia
3162 4742 3303 4808 linis,

2043 4834 2217 4904 Atque
2248 4833 2324 4887 rei
2355 4837 2537 4885 tantae
2566 4846 2802 4901 congrua
2829 4833 3092 4904 prodigia.

1975 4925 2212 4992 Denique
2239 4922 2480 4978 defectus
2507 4923 2637 4977 solis
2666 4923 2899 4994 luneque
2926 4925 3238 4996 frequenter

2043 5014 2215 5069 Annis
2240 5013 2510 5069 continuis
2539 5013 2767 5084 contigit
2795 5023 2920 5069 ante
2947 5016 3139 5071 tribus.

1975 5104 2222 5176 Septenis
2249 5110 2368 5159 ater
2394 5102 2541 5158 color
2567 5112 2648 5159 est
2675 5105 2731 5159 in
2761 5105 2875 5159 sole
2903 5106 3092 5161 diebus

2046 5197 2205 5251 Visus
2233 5194 2533 5263 lucigenam
2562 5195 2962 5250 commaculans
2988 5195 3213 5261 faciem;

1974 5289 2221 5345 Porticus
2248 5288 2543 5341 immensae
2572 5286 2730 5341 molis
2756 5286 3009 5356 collapsa,
3036 5291 3258 5355 repente

2046 5378 2215 5433 Aulae
2244 5377 2351 5431 iam
2379 5377 2553 5431 dictae
2583 5390 2743 5430 omne
2771 5376 2933 5429 decus
2960 5374 3184 5440 minuit;

1970 5469 2244 5539 Quemque
2272 5467 2457 5522 decem
2482 5464 2660 5519 Rheni
2687 5472 2906 5533 pontem
2932 5469 3307 5519 construxerat
3336 5468 3510 5527 annis,

2042 5560 2201 5615 Horis
2230 5557 2562 5627 consumpsit
2592 5556 2808 5610 flamma
2838 5554 3011 5609 tribus
3039 5554 3289 5624 poenitus
3318 5577 3328 5610 :

1974 5654 2105 5706 Nam
2136 5650 2236 5704 nisi
2265 5665 2402 5718 quae
2430 5647 2617 5701 labens
2644 5644 2834 5698 fluvius
2862 5644 3205 5700 subtraxerat
3235 5648 3340 5717 igni
3365 5691 3375 5709 ,

2049 5742 2233 5795 Astula
2267 5756 2363 5795 nec
2392 5739 2579 5793 saltem
2612 5751 2773 5805 parva
2804 5734 3158 5805 superfuerat.
