3878 6172
411 274 515 330 735
1744 269 1942 326 ΡΟΕΤΑ

2082 268 2313 326 LXONIS
3529 263 3613 316 736

409 391 633 460 lpseque
659 387 931 443 Danorum
957 395 1146 443 contra
1175 403 1355 461 regem
1382 387 1731 446 Godel‘ridum
2011 388 2059 448 Α
2157 383 2352 440 Desine
2377 382 2566 438 mirari
2592 380 2849 438 historias
2873 389 3136 437 veterum.

486 478 681 534 Ultima
711 477 1001 546 disponens
1024 477 1163 532 bella
1194 494 1359 535 senex
1387 495 1546 552 agere
2087 474 2204 531 Non
2231 475 2399 540 Decii,
2427 487 2536 528 non
2565 471 2868 543 Scipiadae,
2897 487 3005 528 non
3033 471 3148 543 ipse
3173 469 3444 538 Camillus,

409 569 524 623 Ibat
556 583 652 638 per
677 567 910 638 patriam
936 583 1058 622 cum
1088 567 1260 623 milite
1288 577 1552 635 nostram,
2157 564 2274 620 Non
2299 564 2453 630 Cato,
2485 579 2594 619 non
2617 562 2816 618 Caesar
2841 563 3014 618 maior
3041 577 3105 618 eo
3134 559 3345 629 fuerat;

478 657 625 712 Exiit
649 666 705 712 et
733 658 930 712 castris
955 658 1235 714 exoriente
1262 659 1366 714 die.
2087 657 2205 711 Non
2229 657 2518 728 Pompeius
2543 657 2668 711 huic
2693 656 2908 721 merito,
2936 655 3022 710 vel
3052 669 3183 725 gens
3209 654 3486 712 Fabiorum

409 748 542 803 Nam
572 757 686 803 tum
713 748 938 819 pallenti
967 749 1253 818 spargebat
1282 749 1400 804 luce
1429 764 1679 806 serenum
2155 748 2483 814 Praefertur,
2513 749 2716 819 pariter
2745 757 2958 802 mortua
2986 763 3084 818 pro
3110 748 3305 816 patria,

477 840 616 894 Aéra
646 839 724 894 sol
749 839 957 909 superis
983 840 1230 909 partibus
1255 841 1600 908 appropians.
2088 839 2287 893 Terrea
2315 838 2495 892 forsan
2523 837 2590 893 iis
2617 835 2782 892 fuerit
2807 852 2907 906 par
2932 837 3123 908 gloria,
3152 837 3247 892 sed
3275 852 3416 894 nunc

407 929 659 986 Cernitur
685 945 717 984 a
742 929 952 985 cunctis
981 930 1159 984 subito
1188 930 1405 1000 delapsa
1435 932 1609 985 ruisse
1696 973 1704 982 .
2157 928 2416 984 Caelestis
2442 926 2668 983 Carolus
2694 928 2907 984 culmen
2933 927 3156 982 honoris
3184 927 3363 983 habet.

477 1020 553 1075 De
580 1021 730 1076 coelo
759 1022 968 1089 species
994 1020 1186 1075 sideris
1213 1021 1490 1091 ignivomi,
2083 1018 2196 1074 Illic
2221 1018 2495 1073 Daviticae
2523 1018 2688 1088 pollet
2712 1017 2928 1072 virtutis
2955 1018 3160 1072 honore

409 1112 791 1182 Vibratamque
819 1111 990 1166 facem
1018 1111 1178 1183 longo
1208 1113 1439 1167 traxisse
1468 1112 1665 1176 volatu,
2154 1109 2289 1164 Cum
2315 1107 2669 1164 Constantino
2701 1115 2863 1177 atque
2891 1106 3226 1174 Theodosio;

475 1203 658 1258 Donec
685 1204 739 1256 in
769 1203 977 1257 laevam
1006 1201 1207 1257 decidit
1237 1203 1351 1272 ipsa
1378 1203 1616 1274 plagam.
2086 1202 2199 1258 Illic
2227 1203 2506 1272 antiquum
2535 1201 2735 1272 gaudet
2760 1201 2904 1270 quod
2929 1201 3122 1257 vicerit
3149 1203 3359 1259 hostem

407 1295 518 1351 IIoc
546 1295 906 1350 admirantem
938 1295 1176 1364 sonipes,
1204 1310 1312 1363 quo
1337 1305 1525 1351 vectus
1551 1295 1750 1360 abibat,
2155 1294 2403 1364 Eripiens
2431 1293 2629 1347 multos
2655 1293 2824 1362 ipsius
2852 1309 2882 1346 a
2913 1292 3138 1362 laqueis,

478 1385 636 1440 Elisit
659 1399 787 1439 casu
814 1383 1097 1454 praecipiti
1128 1384 1395 1455 graviter;
2085 1382 2199 1438 Illic
2225 1383 2565 1454 congaudent
2592 1382 2668 1436 illi
2697 1381 2904 1437 salvata
2929 1398 3028 1453 per
3053 1382 3228 1455 ipsum

406 1474 647 1544 Denique
675 1475 871 1546 regalis
896 1475 1141 1529 clamidis
1169 1475 1297 1530 hinc
1322 1474 1484 1530 ﬁbula
1514 1483 1670 1547 rupta
1687 1516 1703 1542 ,
2156 1471 2378 1527 Munere
2401 1471 2618 1528 Christe
2646 1479 2739 1526 tuo
2764 1471 2912 1526 milia
2942 1472 3251 1543 spirituum.

476 1565 868 1634 Disruptusque
896 1563 1056 1618 simul
1086 1562 1294 1618 balteus
1323 1573 1406 1619 est
1433 1565 1628 1636 gladii,
2086 1560 2218 1628 Quis
2243 1570 2508 1626 numeret,
2535 1569 2771 1631 quantas
2795 1561 3024 1628 animas,
3050 1561 3179 1617 dum
3206 1563 3429 1622 credere
3453 1565 3568 1623 fecit

407 1658 812 1724 Excussumquc
842 1669 1003 1708 manu
1035 1654 1220 1720 telum,
1251 1657 1393 1725 quod
1421 1654 1561 1710 forte
1588 1657 1808 1726 gerebat
1825 1696 1868 1731 ,_
2017 1730 2022 1731 γ
2158 1649 2434 1707 Saxonum
2459 1651 2703 1722 populos,
2731 1651 3027 1707 reddiderit
3053 1651 3322 1709 Domino?

473 1748 674 1802 Invitus
702 1747 918 1816 longum
949 1746 1149 1800 iecerat
1175 1747 1229 1800 in
1261 1746 1524 1816 spacium.
1864 1730 1868 1731 ί
2008 1730 2054 1792 Β
2082 1741 2222 1809 Quot
2250 1758 2392 1797 nunc
2417 1742 2712 1798 aecclesiae
2740 1740 2964 1813 fulgent,
2995 1744 3085 1799 ubi
3109 1743 3234 1800 fana
3259 1745 3502 1803 colebant

405 1840 654 1894 Preterea
685 1847 888 1892 tremor
914 1839 1018 1893 hoc
1045 1837 1200 1892 aulae
1224 1839 1493 1908 praedixit
1513 1839 1800 1910 Aquensis,
2146 1834 2387 1906 Antiqui,
2418 1844 2550 1906 quot
2577 1843 2703 1889 sunt
2726 1843 2932 1890 structa
2961 1838 3333 1893 monasteria?

474 1929 802 1985 Terrificans
829 1937 1052 1984 cunctos
1078 1928 1314 1983 motibus
1339 1930 1590 1994 insolitis,
2080 1926 2221 1992 Quot
2247 1924 2432 1980 laudes
2461 1924 2516 1978 in
2545 1924 2642 1990 eis,
2671 1925 2757 1980 vel
2783 1933 2915 1996 quot
2944 1926 3038 1981 tibi
3065 1935 3191 1982 vota
3219 1927 3405 1984 ﬁdeles

401 2020 566 2090 quue
594 2020 785 2075 domus
812 2019 956 2090 regis
983 2019 1195 2088 crepitu
1222 2019 1498 2089 laquearia
1526 2021 1720 2076 crebro
2149 2011 2420 2082 Reddliht,
2452 2023 2532 2072 tot
2556 2016 2750 2072 Carolo
2776 2019 3037 2088 praemia,
3067 2017 3299 2090 Christe,
3329 2021 3506 2084 dabis;

475 2109 745 2178 Tactaque
773 2108 1022 2178 signabat
1048 2106 1269 2163 fulmine
1297 2109 1540 2176 basilica,
2080 2109 2370 2178 ludiciique
2395 2108 2511 2164 dies
2536 2124 2659 2164 cum
2684 2109 2893 2164 venerit
2918 2109 3107 2164 ultima
3131 2115 3342 2183 magni,

399 2202 458 2259 In
487 2217 591 2272 qua
623 2216 717 2271 per
744 2215 936 2273 gyrum
964 2199 1150 2256 lucens
1175 2216 1519 2272 epygramma
1545 2203 1799 2267 canebat,
2151 2201 2267 2267 Qua
2295 2200 2487 2256 reddes
2513 2200 2660 2254 omni
2686 2198 2828 2268 quod
2856 2201 3054 2255 meruit
3081 2202 3307 2268 homini,

472 2291 674 2347 Aedem
704 2294 826 2360 quis
854 2301 1060 2350 tantam
1089 2295 1392 2350 condiderit
1419 2295 1666 2358 Domino,
2081 2287 2125 2346 0
2150 2304 2312 2360 quam
2340 2288 2512 2345 laetus
2538 2292 2662 2355 erit,
2692 2289 2909 2346 sibimet
2933 2293 3219 2348 commissa
3251 2294 3454 2352 talenta

399 2382 604 2437 Idcirco
631 2381 854 2438 Carolus
880 2385 1132 2455 princeps
1160 2386 1234 2440 ibi
1261 2393 1717 2441 commemoratus
2152 2379 2513 2434 Praesentans
2539 2378 2729 2452 grandi
2757 2379 3112 2450 multiplicata
3139 2382 3332 2440 lucro?

472 2471 714 2525 Extremi
739 2487 929 2526 versus
957 2473 1011 2526 in
1039 2474 1181 2528 serie
1209 2471 1413 2538 fuerat;
2083 2471 2269 2526 Nullus
2295 2469 2603 2541 apostolicis
2631 2478 2761 2526 tunc
2785 2470 2905 2526 iure
2932 2472 3282 2544 propinquior
3307 2475 3418 2543 illo,

404 2562 508 2616 Sed
535 2563 731 2632 quibus
760 2570 846 2617 est
871 2564 1152 2633 scriptum,
1183 2579 1447 2628 PRINCEPS,
1479 2563 1727 2619 mirabile
1753 2562 1921 2629 dictu,
2157 2559 2224 2616 Ut
2252 2573 2339 2614 res
2365 2559 2481 2630 ipsa
2507 2560 2682 2626 docet,
2714 2562 2953 2617 caetibus
2981 2577 3102 2618 esse
3127 2565 3286 2619 valet.

473 2653 676 2724 Sponte
704 2668 800 2708 sua
827 2655 1078 2724 poenitus
1108 2654 1418 2724 dispereunt
1443 2654 1645 2724 apices,
2081 2648 2218 2703 Nam
2245 2664 2368 2704 cum
2397 2649 2610 2706 Iudaico
2635 2653 2962 2720 processerit
2986 2656 3198 2723 agmine
3220 2655 3415 2712 Petrus

403 2745 681 2814 Deletique
709 2745 793 2799 sui
819 2745 1042 2815 vestigia
1075 2744 1221 2798 nulla
1249 2743 1590 2813 relinquunt,
2152 2740 2412 2810 Stipatus,
2443 2740 2595 2796 cuius
2619 2741 2871 2813 dogmate
2897 2745 3232 2812 crediderat,

474 2836 745 2892 Mensibus
773 2836 915 2891 haud
941 2836 1125 2891 multis
1156 2837 1323 2907 ipsius
1351 2846 1476 2891 ante
1499 2837 1723 2892 obitum.
2079 2831 2275 2886 Paulus
2305 2833 2576 2902 totiusque
2597 2845 2645 2902 ι,
2677 2832 2802 2888 licet
2831 2834 2878 2890 si
2906 2835 3106 2902 dicere,
3136 2839 3321 2894 mundi

402 2928 554 2995 Quod
578 2929 703 2998 quia
728 2928 812 2982 vis
836 2927 1100 2997 quaedam
1130 2927 1340 2982 cunctis
1368 2928 1638 2998 incognita
1665 2927 1810 2992 fecit,
2147 2922 2348 2978 Gentes
2375 2921 2610 2978 salvatas
2633 2923 2849 2978 duxerit
2874 2940 2969 2980 ore
2999 2941 3098 2984 suo
3127 2945 3139 2982 :

474 3017 776 3072 Tristiciam
806 3016 987 3071 multis
1013 3031 1171 3071 omen
1197 3018 1300 3072 hoc
1328 3016 1601 3071 intulerat.
2006 3071 2047 3087 Α
2077 3012 2317 3068 Andreas
2342 3013 2566 3083 populos
2595 3022 2716 3084 post
2744 3028 2803 3069 se
2828 3017 3092 3085 producet
3117 3017 3378 3087 Achivos,

401 3111 521 3164 Iure
548 3123 699 3164 more
726 3108 896 3162 doluit
923 3108 1089 3178 signis
1118 3107 1408 3162 exterritus
1436 3107 1582 3162 orbis
1999 3071 2050 3136 Ο
2147 3103 2412 3158 Iohannes
2440 3103 2600 3159 Asiae
2631 3104 2872 3174 proferet
2899 3107 3226 3164 aecclesias:

471 3199 644 3265 Ilunc,
675 3199 760 3254 cui
789 3207 911 3267 post
938 3197 1168 3253 similem
1197 3213 1303 3253 non
1333 3199 1619 3254 habiturus
1643 3207 1778 3254 erat.
2079 3195 2323 3250 Matheus
2345 3194 2636 3266 Aethiopes
2663 3197 2850 3252 niveos
2876 3197 3199 3268 baptismate
3227 3201 3418 3268 factos,

399 3291 506 3347 Sed
536 3306 636 3347 nec
662 3291 715 3345 in
743 3291 979 3359 antiquis
1004 3289 1230 3346 ducibus
1257 3305 1351 3346 seu
1380 3292 1596 3360 regibus
1628 3291 1716 3347 illo
2149 3289 2402 3344 Indorum
2427 3287 2663 3344 Thomas
2688 3288 2848 3345 ducet
2874 3291 2943 3346 ad
2970 3299 3117 3346 astra
3143 3309 3373 3364 greges:

467 3381 804 3437 Omnimodis
828 3381 1114 3452 quisquam
1141 3381 1342 3436 clarior
1368 3383 1562 3437 enituit
1588 3401 1600 3436 :
2081 3380 2216 3436 Tum
2249 3379 2500 3436 Carolum
2537 3381 2774 3450 gaudens
2808 3381 3081 3439 Saxonum
3117 3392 3296 3440 turma
3327 3396 3593 3457 sequetur,

399 3472 626 3525 Romani
655 3471 838 3525 multis
864 3471 1091 3526 ducibus
1116 3471 1408 3541 multisque
1435 3475 1534 3529 sub
1559 3475 1716 3531 annis
2102 3492 2126 3506 ν
2148 3473 2229 3529 Illi
2260 3480 2551 3544 perpetuae
2583 3473 2754 3544 gloria
2787 3473 3047 3530 laeticiae.

470 3560 650 3615 Italiae
676 3559 901 3630 pepulos
924 3560 1012 3614 vix
1043 3561 1144 3614 sibi
1173 3561 1544 3628 subdiderant,
2076 3563 2121 3620 Ο
2149 3565 2352 3619 utinam
2380 3563 2464 3618 vel
2493 3571 2807 3619 cunctorum
2837 3580 3034 3635 sequar
3061 3565 3283 3624 ultimus
3314 3570 3536 3635 horum.

400 3649 552 3704 Unus
579 3649 666 3703 hic
694 3650 748 3702 in
780 3649 961 3717 spacio
988 3651 1242 3719 perpauci
1273 3653 1530 3720 temporis
1558 3669 1770 3711 omnem
2147 3654 2250 3722 Qui
2286 3653 2457 3710 nostri
2492 3641 2626 3709 salvi
2659 3655 2726 3709 de
2758 3654 2954 3726 populo
2988 3655 3224 3714 fuerint!

472 3738 714 3793 Subiecit
737 3738 928 3803 victor,
959 3740 1218 3807 disposuit
1243 3741 1519 3809 dominus;
2075 3747 2120 3803 Ο
2149 3747 2196 3801 si
2219 3745 2434 3800 Christe
2461 3744 2590 3800 velis
2618 3745 2849 3800 hoedum
2879 3745 3172 3801 transferre
3198 3749 3474 3805 sinistrum
3491 3791 3505 3815 ,

399 3829 550 3884 Adde
580 3837 659 3884 tot
687 3830 932 3900 Europae
957 3832 1198 3900 populos,
1229 3848 1366 3902 quos
1391 3835 1504 3904 ipse
1529 3838 1767 3910 subegit,
2147 3837 2229 3892 Me
2252 3837 2372 3907 pius
2399 3843 2458 3890 ut
2483 3836 2686 3890 dextris
2712 3837 2990 3892 consocies
3013 3839 3224 3905 ovibus,

470 3920 708 3987 Quorum
737 3920 963 3976 Romani
994 3922 1209 3978 nomina
1240 3925 1544 3981 nescierunt
1568 3945 1580 3983 :
2077 3929 2194 3996 Quo
2222 3943 2330 3982 non
2359 3927 2599 3982 mortalis
2623 3926 2844 3996 psallam
2871 3928 2968 3982 tibi
2998 3930 3254 3986 carminis
3279 3931 3429 3996 odas,

398 4013 481 4072 0b
505 4012 607 4068 hoc
633 4013 891 4068 miriﬁcos
918 4012 1094 4067 Caroli
1123 4015 1215 4083 qui
1245 4015 1440 4085 legeris
1464 4025 1636 4084 actus,
2151 4019 2258 4076 Sed
2287 4019 2497 4075 laudem
2525 4017 2730 4074 valeam
2757 4018 2936 4074 dicere
2960 4023 3312 4090 perpetuam!
3350 4023 3536 4078 Amen.

469 4182 496 4212 ι
521 4167 676 4236 Cod.,
696 4168 891 4238 (otius;
919 4185 1018 4241 que
1039 4171 1195 4225 metri
1222 4187 1386 4227 causa
1416 4171 1612 4242 adjeci;
1646 4175 1941 4236 Leibnitius
1978 4180 2127 4237 liceat
2157 4177 2388 4234 fortasse
2415 4175 2697 4246 legendum
2722 4188 2843 4230 esse
2865 4174 3288 4233 existimaverat.
