3878 6172
239 363 335 417 757
890 354 947 408 S.
990 353 1329 416 SIMPERTI,
1369 350 1517 404 ΑΒΒ.
1561 349 1996 406 MURBACENS.
2050 348 2450 404 REGULARIA
2491 347 2830 405 STATUTA.

241 505 3496 559 Μ

1495 643 1662 687 ANNO
1709 644 1935 687 DOMINI
1981 645 2232 686 DCCCIX.

714 845 1668 992 SANCTUS
1767 846 3037 1066 SIMPEBTUS

1484 1130 1708 1184 ABBAS
1749 1129 2251 1187 MURBACENSIS.

634 1368 1074 1453 NOTITIA
1150 1366 1697 1446 HISTOBICA
1753 1367 1863 1444 IN
1943 1365 2426 1443 SANCTUM
2485 1365 3115 1448 SIMPERTUM.

1228 1527 1321 1594 (Ex
1345 1528 1588 1591 Fabricio,
1612 1526 1844 1578 Bibliolh.
1873 1528 2004 1577 med.
2031 1537 2083 1577 et
2104 1526 2186 1576 ini".
2211 1527 2535 1590 Latinitatis.)

1775 1664 1968 1680 —

317 1776 651 1848 Sindpertus
672 1773 1106 1848 vel_Simpertus,
1136 1770 1702 1848 abbasMurhacensis
1727 1777 1780 1824 et
1809 1769 2114 1839 episcopus.
2147 1771 2469 1848 Expungunt
2492 1787 2614 1848 eum
2639 1772 2880 1848 exseris
2899 1773 3151 1848 abbatum
3186 1773 3508 1831 Murbacen-

254 1848 386 1904 sium
416 1840 583 1902 G'abr.
621 1840 919 1900 Bucelinus'
932 1852 985 1897 et
1010 1843 1135 1897 Car.
1163 1842 1212 1895 le
1235 1842 1424 1896 Cointe
1443 1840 1634 1894 Anna].
1664 1840 2025 1905 Francorum;
2061 1843 2296 1895 restituit
2318 1851 2496 1896 autem
2528 1843 2672 1896 illum
2706 1842 3056 1898 Mabillonius.

315 1918 389 1972 De
417 1919 737 1986 episcopatu
757 1915 872 1986 ejus
901 1930 1006 1986 non
1031 1913 1210 1968 omnia
1240 1913 1343 1986 h_u_c
1383 1925 1567 1986 usque
1590 1910 1808 1964 fuerunt
1841 1909 2007 1986 clara.
2042 1910 2377 1986 Mahillonius
2405 1913 2586 1966 sedem
2625 1913 2734 1986 ip-_i
2774 1913 3006 1982 ignotam
3055 1915 3203 1970 dicit.
3245 1916 3509 1970 Auctorcs

247 1982 492 2043 Historiae
515 1982 792 2041 litterariae
817 1983 1025 2047 Galliaz,
1070 1992 1200 2037 tom.
1245 1982 1333 2045 IV,

1381 1995 1434 2059 ρ.
1467 1979 1590 2059 ἦεξῖ,
1637 1995 1757 2034 eum
1791 1980 2099 2059 episcopum
2124 1980 2611 2059 Augustanum_an_.
2636 1979 2749 2059 _809
2787 1979 3058 2037 mortuum
3087 1987 3287 2059 dicunt:
3321 1986 3510 2059 Melius

247 2059 514 2113 Eccardus
539 2056 739 2110 Rerum
779 2054 1162 2109 Francicarum
1189 2067 1318 2117 xxv,
1346 2051 1436 2115 46,
1479 2050 1568 2114 47,
1605 2065 1671 2104 ex
1701 2051 1867 2105 variis
1900 2050 2236 2106 documentis
2282 2053 2456 2123 ipsum
2482 2052 2948 2119 Ratishonenscm,
2975 2064 3030 2108 et
3071 2071 3159 2110 an.
3193 2055 3290 2109 791
3324 2056 3510 2110 defun-

244 2137 388 2183 ctum
413 2142 554 2189 esse,
583 2126 799 2180 asserit.

318 2196 448 2264 Ejus
492 2195 798 2265 Epistulam,
837 2193 1178 2264 Encyclicam
1239 2192 1525 2265 admodum
1571 2192 1802 2265 brevem
1853 2190 2428 2265 edidit__M_abi_l_lonius,
2451 2190 2643 2246 Annal.

250 2264 584 2352 salutatoris.
638 2264 715 2354 Re

251 2350 556 2402 norissimt,
593 2350 650 2409 p.
682 2350 767 2390 α.

2693 2209 2747 2264 p.
2807 2193 2946 2258 M8,
3007 2195 3092 2248 cui
3149 2195 3355 2250 accedit
3403 2193 3508 2248 alia

790 2264 923 2318 laria
953 2259 1170 2318 'statuta
1209 2262 1522 2316 monasterii
1570 2259 1940 2316 Murbacensis
1975 2261 2144 2316 edidit
2189 2262 2350 2316 Bern.
2397 2262 2524 2317 Pez.
2568 2259 2715 2318 tumo
2757 2264 2799 2318 ll
2829 2265 3086 2319 Thesauri
3113 2266 3510 2319 Anecdotorum

1071 2590 1738 2704 SANC'I‘I
1811 2589 2711 2706 SIMPERTI-

566 2799 1143 2926 BEGULARIA
1207 2795 1686 2924 STATUTA
1765 2796 2405 2998 MQNASTERII
2488 2799 3220 2929 MURBACENSIS.

1236 3049 1400 3112 (Apud
1423 3049 1644 3111 Peaium,
1667 3048 1955 3100 Thesaurus
1977 3048 2164 3100 Anecd.
2192 3062 2324 3115 nov.,
2351 3053 2386 3099 t.
2415 3050 2502 3112 ll.)

318 3279 376 3335 In
415 3273 633 3332 nomine
657 3270 869 3328 Domini
904 3284 1082 3326 amen.
1123 3267 1381 3324 Noveriut
1412 3266 1649 3322 universi
1685 3281 1826 3338 prai-
1853 3272 1901 3329 Α
1931 3265 2272 3322 destinarant
2297 3267 2660 3323 venerabilem
2688 3276 2741 3324 et
2771 3271 3044 3340 egregium
3085 3273 3259 3330 virum
3290 3275 3514 3336 fratrem

248 3384 375 3426 sens
413 3366 688 3438 publicum
724 3363 1162 3425 instrumentum,
1195 3357 1332 3412 infra
1381 3359 1705 3426 scriptorum
1746 3371 1831 3412 re-
1927 3356 2191 3413 Joannem
2217 3357 2436 3429 Naburg
2460 3373 2628 3415 sacrae
2650 3360 2929 3432 theologia:
2955 3363 3312 3434 professorem
3341 3377 3397 3424 et
3422 3372 3520 3424 de-

250 3457 517 3530 gularium
583 3461 904 3510 statutorum
964 3459 1019 3506 et
1082 3448 1524 3506 caeremoniarum
1591 3455 1832 3516 tempore

251 3545 425 3604 sancti
465 3542 718 3614 Simperti
753 3539 989 3612 episcopi
1016 3538 1369 3607 Augustensis
1394 3551 1459 3593 ac
1483 3536 1691 3590 abbatis
1719 3551 1834 3590 mo-

257 3635 483 3693 nasterii
523 3631 886 3689 Murbacensis
918 3627 1374 3701 promulgatorum
1407 3628 1610 3698 pariter
1645 3635 1702 3682 et
1739 3626 1834 3681 ob—

255 3737 591 3785 servatorum
635 3729 1032 3791 transumptum
1080 3734 1176 3774 seu
1231 3719 1612 3787 transcriptum
1657 3718 1832 3773 conti-

253 3834 419 3882 nens,
473 3815 786 3885 inspecturi,
831 3813 978 3883 quod
1021 3828 1164 3867 anno
1207 3826 1238 3865 a
1287 3810 1579 3866 Nativitate
1624 3811 1834 3865 Domini

253 3905 646 3964 lncarnationis
698 3903 982 3958 millesimo
1035 3901 1488 3971 quingentesimo,
1544 3901 1836 3956 indictione

256 3998 434 4063 tertia,
476 3996 562 4052 die
585 3995 758 4065 prima
800 3992 1001 4048 mensis
1030 3992 1177 4058 Maii,
1215 3991 1347 4045 hora
1392 3991 1560 4060 ipsius
1607 3991 1714 4046 diei
1743 4006 1837 4046 oc-

255 4097 378 4143 tava
398 4086 485 4141 vel
510 4084 664 4156 quasi
687 4091 812 4139 ante
840 4082 1142 4146 meridiem,
1170 4083 1224 4135 in
1255 4082 1374 4137 loco
1401 4081 1685 4151 capitulari
1716 4097 1836 4137 mo-

254 4178 478 4234 nasterii
506 4174 891 4240 Murbaeensis,
918 4173 1263 4229 serenissimo
1282 4173 1526 4242 principe
1546 4181 1602 4228 et
1621 4173 1838 4229 domino

255 4271 475 4328 domino
521 4267 883 4323 laximiliano
923 4265 1291 4322 Romanorum
1333 4280 1460 4336 rege
1497 4264 1726 4321 feliciter
1755 4279 1839 4321 reo

255 4372 477 4434 gnante,
505 4362 561 4416 in
587 4359 694 4416 mei
738 4358 932 4416 notarii
960 4357 1159 4428 publici
1189 4356 1516 4428 testiumque
1539 4357 1678 4412 infra
1707 4357 1840 4412 scri-

252 4468 496 4529 ptorum,
522 4456 590 4510 ad
613 4455 717 4512 hoc
744 4453 1046 4525 specialiter
1074 4460 1384 4506 vocatorum
1416 4459 1470 4506 et
1505 4458 1838 4520 rogatorum,

253 4547 544 4618 praesentia
569 4543 922 4614 personaliter
970 4542 1244 4598 constituti
1282 4539 1580 4604 reverendi,
1611 4541 1841 4594 honora-

1932 3457 2203 3504 cretorum
2240 3450 2536 3514 doctorem,
2568 3451 2890 3512 monachum
2919 3455 3162 3523 praedicti
3200 3460 3519 3515 monasterii

1931 3548 1988 3596 et
2021 3541 2366 3610 praepositum
2395 3542 2636 3598 ecclesiae
2679 3545 2850 3600 beata;
2877 3544 3114 3618 Virginis
3148 3549 3200 3603 in
3241 3549 3517 3617 Murbaco,

1933 3633 2026 3701 qui
2065 3633 2135 3687 ob
2177 3634 2350 3688 sancti
2401 3633 2657 3703 Simperti
2705 3645 2760 3690 et
2800 3638 3010 3693 abbatis
3051 3641 3520 3698 honoriﬁcentiam

1935 3723 2066 3780 adiit
2087 3714 2472 3780 monasterium
2498 3728 2671 3782 sancti
2695 3727 2929 3784 Udalrici
2967 3731 3021 3785 in
3047 3731 3285 3801 AuguSta
3313 3736 3522 3791 ordinis

1935 3813 2196 3883 ejusdem,
2227 3822 2300 3879 et,
2332 3825 2391 3871 ut
2420 3817 2560 3872 idem
2591 3819 2886 3885 asserebat,
2928 3821 3070 3890 quod
3105 3823 3224 3877 laeta
3250 3824 3386 3880 inibi
3418 3825 3522 3880 hu-

1935 3906 2180 3961 militatis
2201 3906 2380 3963 fronte
2409 3907 2575 3963 fuerit
2600 3919 2900 3978 susceptus.
2931 3911 3077 3968 lnter
3109 3914 3518 3984 colloquendum

1937 3997 2104 4052 abbas
2125 3999 2296 4054 sancti
2326 3999 2582 4056 Uldalrici
2601 4009 2656 4056 et
2678 4003 2917 4058 non-nulli
2943 4003 3032 4058 alii
3067 4004 3258 4060 Patres
3286 4008 3522 4077 regulari

1936 4085 2198 4154 pollentes
2226 4087 2564 4144 institutione
2587 4090 2756 4144 sancti
2784 4090 3040 4160 Simperti
3067 4092 3149 4162 (ut
3174 4093 3348 4164 decet)
3370 4095 3523 4150 debi-

1941 4185 2055 4230 tum
2080 4176 2502 4233 honorificentia:
2527 4178 2729 4233 cultum
2763 4180 3023 4248 ampliare
3054 4182 3352 4250 cupientes,
3381 4198 3521 4252 pm—

1938 4267 2104 4322 libato
2139 4267 2346 4322 doctori
2392 4283 2458 4322 ac
2498 4269 2761 4323 monacho
2812 4269 3084 4324 humiliter
3129 4273 3518 4341 supplicarunt,

1939 4365 2204 4425 quatenus
2223 4357 2491 4427 regularia
2518 4357 2763 4412 instituta
2798 4367 3038 4427 tempore
3063 4363 3236 4416 sancti
3263 4362 3523 4434 Simperti

1939 4445 2226 4512 custodita,
2249 4455 2304 4502 et
2329 4447 2398 4502 ab
2421 4447 2610 4502 eodem
2633 4449 2965 4520 promulgata
2989 4453 3251 4507 transumi
3271 4461 3325 4508 et
3346 4463 3524 4509 trans-

1942 4536 2074 4591 ferri
2103 4536 2324 4603 faceret,
2355 4545 2410 4593 et
2437 4539 2505 4594 ab
2533 4539 2726 4595 abbate
2754 4539 3088 4598 Murbacensi
3119 4541 3236 4598 fieri
3265 4545 3520 4614 impetra-

255 4639 398 4695 biles
423 4651 488 4692 ac
516 4636 750 4706 religiosi
777 4634 880 4690 viri
905 4633 1106 4689 domini
1128 4631 1439 4687 Waltherus
1466 4631 1533 4686 de
1549 4629 1843 4700 Wiltsperg
1873 4621 1919 4680 Β
1945 4636 2050 4683 ret.

254 4731 448 4793 abbas,
465 4726 814 4782 Leonhardus
838 4725 904 4780 de
921 4722 1304 4778 Reichenstaiu
1334 4722 1594 4784 decanus,
1617 4728 1672 4774 et
1697 4720 1841 4788 capi-

253 4823 454 4887 tulu,
486 4836 581 4876 seu
603 4828 898 4875 conventus
921 4817 1182 4880 ecclesias,
1217 4829 1312 4870 seu
1337 4813 1648 4868 monasterii
1671 4813 1842 4880 impe-

260 4912 420 4967 rialis
461 4909 635 4966 sancti
672 4908 990 4980 Leodegarii
1028 4907 1084 4960 in
1121 4905 1396 4970 Murhaco,
1441 4904 1509 4957 ad
1545 4900 1844 4956 Romanam

253 5002 562 5059 Ecelesiam
607 5000 752 5056 nullo
803 5000 981 5055 medio
1025 4997 1378 5070 pertinentis,
1426 4994 1632 5050 ordinis
1672 4991 1842 5047 sancti

254 5093 538 5149 Benedicti
575 5091 888 5163 Basiliensis
935 5091 1202 5153 diiecesis,
1245 5097 1642 5158 proposuerunt
1667 5092 1724 5141 et
1752 5100 1843 5140 ve—

256 5199 390 5239 rum
407 5198 529 5239 esse
543 5193 908 5247 asseruerunt,
925 5181 1067 5252 quod
1077 5195 1218 5236 anno
1237 5179 1565 5244 indictionis,
1581 5186 1640 5232 ut
1655 5192 1836 5247 supra,

253 5276 356 5331 die
389 5275 560 5344 prima
594 5275 796 5330 mensis
829 5273 1046 5344 Aprilis,
1088 5279 1309 5343 propter
1341 5271 1613 5326 evidentes
1649 5276 1705 5324 et
1745 5284 1841 5322 ur-

253 5374 458 5438 gentes
505 5365 856 5421 necessitates
901 5364 1028 5420 dicti
1084 5360 1398 5418 monasterii
1443 5359 1842 5423 Murbacensis,

251 5469 373 5512 nec
397 5470 504 5510 non
532 5456 603 5511 ob
626 5463 956 5526 praeceptum
989 5452 1167 5523 regale
1193 5451 1371 5507 abbati
1395 5449 1619 5520 praefato
1643 5448 1844 5504 factum

253 5544 336 5601 ad
366 5543 565 5601 dictam
589 5546 731 5601 sacri
767 5544 980 5615 imperii
1007 5541 1337 5614 principibus
1371 5541 1425 5595 in
1446 5539 1686 5611 Augusta
1710 5553 1848 5608 prte-

252 5636 455 5701 ﬁxam,
486 5638 918 5694 ministerialium
950 5638 1118 5707 ipsius
1152 5635 1464 5690 monasterii
1493 5642 1639 5689 certa
1674 5635 1847 5688 scien-

256 5728 344 5782 tia
393 5737 449 5783 et
487 5743 740 5801 expressa
790 5728 1063 5785 voluntate
1105 5725 1392 5783 accedente
1443 5726 1510 5780 ad
1554 5724 1845 5794 Augustam

2014 4718 2166 4775 Unde
2194 4720 2433 4789 praedicti
2464 4720 2763 4785 reverendi,
2791 4721 3134 4777 honorabiles
3173 4737 3240 4778 ac
3284 4723 3520 4795 religiosi

1940 4811 2044 4865 viri
2087 4811 2288 4866 domini
2321 4813 2505 4878 abbas,
2556 4813 2792 4869 decanus
2825 4823 2880 4869 et
2925 4825 3222 4872 conventus
3265 4818 3520 4873 antedicti

1943 4902 2256 4958 monasterii
2279 4903 2646 4958 Murbaeensis
2671 4905 2776 4974 piis
2803 4921 3042 4961 annuere
3061 4909 3202 4962 votis
3228 4916 3284 4964 et
3314 4908 3523 4964 veritati

1943 5007 2049 5047 non
2085 4995 2292 5058 deesse,
2317 5002 2373 5048 et
2399 4995 2738 5065 magniﬁcum
2761 4998 2883 5053 vitae
2911 5014 2975 5054 ac
3002 4998 3160 5055 famae
3195 5001 3360 5055 decus
3396 5015 3522 5054 san-

1948 5083 2021 5137 cti
2049 5081 2303 5152 Simperti
2327 5083 2422 5138 Dei
2447 5084 2664 5152 intuitu,
2695 5087 2785 5156 qui
2821 5088 3084 5158 gloriosus
3112 5097 3194 5144 est
3231 5089 3286 5142 in
3323 5090 3523 5144 sanctis

1947 5173 2080 5237 suis,
2111 5189 2406 5245 propagare
2433 5176 2730 5244 cupientes,
2760 5185 2981 5244 statuta,
3022 5180 3370 5234 caeremonias
3401 5194 3523 5232 san-

1947 5264 2018 5318 cti
2047 5265 2322 5334 Simperti,
2350 5265 2610 5322 illibatam
2638 5268 2801 5322 vitam
2831 5269 3039 5340 piarum
3061 5268 3270 5322 aurium
3291 5267 3523 5322 aediﬁca-

1948 5357 2149 5410 tionem
2177 5357 2447 5422 docentes,
2495 5358 2550 5412 in
2591 5375 2694 5415 una
2743 5367 2950 5414 vetusta
2983 5359 3157 5414 rotula
3197 5373 3290 5412 seu
3333 5360 3522 5414 charta

1949 5459 2272 5515 pergamena
2323 5455 2562 5512 exarata,
2594 5458 2760 5513 certa,
2791 5463 2940 5513 sana,
2974 5449 3200 5519 integra,
3240 5448 3426 5514 ilhnsa,
3469 5449 3524 5503 in

1951 5538 2115 5593 nullis
2140 5539 2543 5594 characteribus
2570 5555 2692 5594 rasa
2723 5548 2815 5592 aut
2847 5539 3064 5603 caduca,
3109 5547 3235 5594 tunc
3260 5539 3391 5595 mihi
3423 5553 3526 5592 no-

1951 5630 2091 5684 tario
2141 5631 2442 5700 subscripto
2496 5631 2875 5693 ostenderunt,
2928 5638 3319 5699 praesentarunt
3365 5638 3526 5699 atque

1952 5721 2230 5787 dederunt,
2249 5737 2440 5791 meque
2469 5721 2520 5775 in
2548 5719 2830 5789 praesentia
2860 5721 3074 5776 testium
3103 5721 3524 5791 subscriptorum
