3868 6174
309 316 417 369 759

307 429 484 487 debita
510 439 632 480 cum

306 498 360 575 ei
387 513 669 574 conventui
705 506 879 562 sancti
924 501 1155 559 Udalrici
1183 500 1237 554 in
1261 496 1521 566 Augusta,
1550 493 1639 547 ubi
1671 497 1892 546 sanctus

309 612 607 678 Simpertus
633 598 930 658 tumulatus
954 608 1073 648 esse
1096 588 1444 660 dignoscitur,
1473 583 1715 639 eamdem
1745 588 1891 634 rotu-

310 674 769 765 lam—regularinm
807 690 1134 741 statutorum
1182 687 1235 731 et
1259 674 1700 731 czcremoniarum
1741 678 1889 765 tran-

308 757 545 843 scribere
574 789 628 838 et
651 782 707 835 in
743 776 1015 851 publicam
1053 770 1277 825 formam
1322 766 1563 834 redigere
1589 761 1800 822 vellem,
1838 757 1893 810 in

310 882 488 938 tinem,
520 884 580 929 ut
606 849 809 929 eisdem
851 864 1024 937 copiis
1064 859 1388 915 anthenticis
1418 866 1673 924 tanquam
1704 849 1894 905 rotulat

306 965 550 1037 originali
587 977 769 1018 coram
802 958 1215 1029 quibuscumque
1236 947 1501 1018 'personis
1531 942 1895 1011 cujuscunque

306 1034 479 1117 status
504 1057 619 1112 sive
643 1053 823 1126 [Cod.,
854 1057 1026 1105 status
1060 1043 1168 1117 sui]
1214 1039 1631 1111 praeeminentim
1673 1034 1894 1088 exstite-

307 1152 436 1211 rint,
467 1154 641 1201 stetur
667 1150 720 1196 et
748 1140 1020 1195 credatur.

377 1239 549 1305 Quam
572 1234 784 1304 quidem
826 1229 1055 1284 rotulam
1083 1225 1195 1279 sive
1234 1221 1482 1277 chartam
1515 1228 1894 1305 pergamenam

308 1303 518 1385 vetusta
541 1303 722 1380 littera
744 1328 1027 1379 exaratam
1052 1314 1380 1384 recepimus,
1407 1308 1514 1363 vidi
1545 1322 1609 1361 ac
1637 1305 1704 1360 de
1731 1303 1895 1357 verbo

308 1421 376 1474 ad
396 1420 618 1474 verbum
646 1410 991 1480 transumpsi,
1019 1403 1357 1473 transcripsi,
1387 1402 1438 1454 et
1469 1396 1692 1467 copinri,
1717 1394 1894 1449 debita

309 1527 430 1566 cum
461 1507 744 1563 collatione
772 1517 870 1574 per
914 1515 1000 1555 me
1027 1513 1148 1553 cum
1178 1496 1382 1550 eisdem
1415 1489 1579 1552 facta,
1609 1486 1730 1550 feci,
1763 1483 1895 1538 nihil

287 1604 496 1658 ‘addito
543 1599 625 1653 vel
652 1604 858 1652 mutato
886 1592 1027 1663 quod
1060 1589 1189 1643 facti
1216 1594 1389 1640 mutet
1418 1580 1773 1636 substantiam
1803 1582 1896 1629 aut

314 1694 484 1748 variet
521 1689 870 1750 intellectum,
901 1684 1178 1755 ipsamque
1225 1680 1469 1733 chartam
1513 1673 1625 1728 sive
1663 1670 1893 1725 rotulam

1312 291 1369 345 s.
1412 286 1734 345 ειιιιιειιτι
1773 283 2064 336 inanis
2106 237 2596 335 ιιιςιίιι.έ(;ι;κςιδ

669 418 925 475 instantia
971 410 1353 480 requisierttnt,
1397 412 1662 474 quatenus
1709 398 1888 458 abbati
1918 407 1965 462 Α
1994 395 2457 465 prmtt-rmittatur,
2501 393 2591 461 qui
2635 391 2687 443 in
2729 389 2907 458 aliqua
2945 387 3290 442 meditatione
3334 386 3581 442 lectionis

3468 274 3501 326 ’ἶ
3517 276 3576 327 ιιι

1989 486 2187 540 divina:
2228 494 2472 553 tempore
2513 483 2765 537 ordinato
2806 488 3101 548 occupatus
3136 494 3245 533 non
3280 479 3384 545 sit,
3427 478 3578 533 verbi

1992 578 2196 649 gratia,
2247 585 2307 630 ut
2344 574 2683 639 scholastici,
2737 580 3020 642 postquam
3068 571 3294 642 psalmi,
3340 571 3577 633 cantica,

1991 681 2045 725 et
2070 670 2253 741 hymni
2281 668 2552 723 memoriae
2579 666 2955 721 commendata
2985 663 3204 728 fuerint,
3249 662 3432 733 regula
3456 669 3585 731 post

1994 765 2192 836 regulae
2220 772 2424 818 textum
2462 762 2750 826 committi,
2776 761 2995 815 interim
3016 775 3148 815 vero
3182 761 3461 815 historiam
3503 760 3589 815 di-

1962 842 2133 927 ,vina:
2155 842 2492 910 auctoritatis
2519 851 2936 933 et'evpositore's
2966 846 3100 922 ejus,
3126 867 3226 907 nec
3250 868 3357 906 non
3393 860 3448 905 et
3471 851 3588 907 col-

1993 943 2222 998 lationes
2250 943 2473 997 Patrum
2508 952 2564 997 et
2608 943 2752 997 vitas
2791 956 2980 998 eorum
3020 941 3264 1010 legendo,
3310 943 3592 1013 magistris

1994 1049 2185 1088 eorum
2221 1033 2563 1088 audientibus
2608 1041 2949 1103 percurram.
3004 1032 3295 1101 Postquam
3343 1047 3473 1086 vero
3530 1034 3595 1087 in

1995 1125 2114 1181 istis
2136 1122 2493 1197 probabiliter
2527 1126 2739 1181 educati
2778 1124 3000 1189 fuerint,
3050 1125 3117 1179 ad
3162 1134 3337 1179 artem
3381 1125 3593 1179 littera-

1996 1224 2215 1272 turznet
2242 1215 2512 1286 spiritales
2541 1229 2600 1269 se
2638 1214 2969 1271 transferant
3008 1213 3185 1269 flores.
3218 1214 3320 1280 Qui
3359 1230 3487 1269 vero
3520 1216 3595 1270 de

1996 1310 2186 1369 habitu
2224 1308 2466 1365 saeculari
2504 1309 2748 1363 conversi
2776 1308 2965 1371 notitia
2998 1307 3300 1361 litterarum
3325 1308 3593 1380 indigent.

1996 1409 2119 1470 post
2164 1415 2350 1456 earum
2396 1399 2759 1469 cognitionem
2806 1400 3105 1453 orationem
3156 1399 3489 1454 Dominicam
3534 1410 3597 1454 et

1996 1491 2331 1561 symbolum,
2380 1499 2436 1545 et
2478 1491 2558 1546 sic
2615 1490 2869 1559 deinceps
2916 1490 3291 1559 poenitentium
3329 1490 3597 1559 psalmos,

1995 1590 2117 1651 post
2136 1582 2252 1636 hate
2272 1581 2512 1651 reliquos
2541 1621 2558 1646 ,
2586 1596 2758 1650 usque
2776 1581 2902 1635 dum
2928 1580 3037 1635 vita
3062 1589 3117 1636 et
3138 1581 3311 1634 virtus
3332 1582 3597 1652 suppetit,

2000 1673 2209 1727 discere
2239 1688 2347 1728 non
2376 1673 2644 1727 desinant.

314 1783 581 1855 regularia
627 1787 825 1835 statuta
880 1773 1051 1829 sancti
1108 1769 1363 1839 Simperti
1413 1765 1783 1822 continentem
1836 1760 1901 1814 de
1934 1756 1999 1814 ii
2076 1762 2279 1855 Tertio,
2310 1768 2369 1816 ut
2390 1778 2578 1818 omnes
2604 1763 2839 1818 cilicium
2868 1764 3042 1819 sancti
3069 1764 3343 1819 Benedicti
3370 1762 3600 1820 faciant.

316 1853 480 1934 verbo
504 1876 571 1931 ad
595 1874 818 1929 verbum
847 1869 979 1924 satis
1007 1866 1132 1930 alta,
1164 1863 1308 1919 clara
1337 1869 1392 1915 et
1419 1853 1741 1927 intelligibili
1771 1867 1903 1905 voce

320 1969 546 2024 testibus
588 1963 889 2019 astantibus
930 1955 1169 2029 perlegi,
1215 1962 1479 2015 tenorem,
1522 1946 1616 2019 qui
1660 1944 1904 2015 sequitur

311 2057 696 2111 continentem.

316 2169 598 2239 liqgularia
627 2166 831 2240 decreta
874 2168 1126 2240 auguria
1156 2155 1354 2240 εμπεάο
1389 2155 1444 2208 in
1484 2148 1715 2240 Francip
1735 2148 1905 2240 jussu

388 2216 767 2305 E25tfn3§hi
789 2216 997 2305 patricii
1017 2240 1064 2285 et
1088 2216 1220 2305 regis
1242 2224 1599 2305 Romanorum
1621 2216 1901 2305 celebrata,

388 2286 479 2363 rid"
827 2286 976 2355 ὑεῖ-[ιο
997 2310 1045 2354 et
1070 2286 1259 2369 scripto
1278 2288 1626 2369 prmaenlibus
1635 2286 1903 2369 fratribus

389 2313 456 2363 ad
496 2313 800 2362 memoriam
827 2313 976 2355 verbo
997 2313 1045 2354 et
1070 2313 1259 2369 scripto
1321 2313 1622 2347 raisemwus
1649 2313 1903 2358 ,ruuwus

389 2376 688 2432 monasterii
735 2371 1094 2427 Murbacensis
1141 2313 1402 2439 patefiicto
1449 2379 1541 2439 per
1590 2359 1904 2439 Simpertunt

330 2474 343 2481 -
387 2447 627 2502 abbatem
662 2444 895 2514 ejusdem
932 2441 1035 2493 loci
1084 2433 1150 2514 et:
1180 2434 1404 2506 episcopi
1435 2433 1792 2500 Augustensis,
1819 2433 1905 2479 cui

390 2516 590 2587 synodo
615 2507 853 2581 interfuit
884 2507 1249 2582 personaliter.

388 2631 468 2686 Ad
505 2626 823 2683 memoriam
850 2631 1111 2684 vestram,
1140 2618 1351 2675 fratres
1380 2611 1706 2677 charissimi,
1753 2624 1907 2665 revo—

312 2737 437 2776 care
478 2719 682 2788 scripto
724 2713 1062 2770 decrevimus
1091 2726 1155 2765 ea
1183 2724 1302 2778 quae
1330 2706 1512 2761 verbis
1547 2713 1601 2758 et
1635 2700 1902 2769 capitulis,

311 2830 432 2885 qua:
453 2812 527 2867 ibi
548 2811 758 2882 digesta
778 2812 919 2871 sunt,
946 2804 1098 2875 quasi
1122 2798 1617 2872 recapitulationem
1647 2788 1905 2850 facientes

313 2900 685 2975 possibilitatis
727 2906 782 2953 et
819 2890 1160 2952 necessitatis
1186 2894 1239 2953 in
1264 2892 1343 2952 eis
1369 2890 1650 2946 commoda
1682 2886 1907 2956 requisi—

313 2994 521 3055 vimus,
580 2989 706 3059 quia
756 2986 1002 3058 quatdam
1050 2985 1123 3039 ibi
1175 2982 1472 3039 secundum
1525 2978 1905 3035 auctoritatem

313 3084 530 3156 regula),
573 3080 818 3152 qutedam
857 3093 987 3134 vero
1021 3092 1124 3133 usu
1171 3085 1225 3131 et
1265 3060 1651 3130 consuetudine
1692 3070 1901 3141 prolata
1926 3094 1973 3156 ε

312 3186 460 3242 sunt,
499 3191 619 3245 qum
647 3172 997 3236 consuetudo,
1029 3170 1073 3225 si
1100 3170 1281 3238 aliquo
1315 3168 1447 3221 vitio
1493 3172 1744 3234 corrupta
1790 3178 1899 3217 non

307 3268 494 3331 fuerit,
514 3281 615 3335 pro
637 3265 750 3335 lege
775 3262 1008 3335 regulari
1026 3260 1299 3331 inculpate
1325 3258 1548 3314 retineri
1574 3256 1792 3327 poterit.

379 3358 565 3413 Primo
610 3357 754 3411 enim
800 3353 1037 3424 capitulo
1071 3350 1448 3407 denuntiatum
1480 3355 1596 3413 est,
1643 3355 1727 3411 ut,
1776 3360 1899 3402 cum

308 3450 533 3506 abbates
587 3448 654 3502 ad
693 3446 912 3516 propria
954 3444 1072 3499 loca
1116 3449 1470 3507 remeassem,
1519 3439 1762 3510 regulam
1804 3453 1901 3508 per

302 3541 519 3612 singula
546 3538 897 3594 discutientes
930 3536 1233 3603 relegerent
1259 3541 1315 3589 et
1354 3531 1733 3603 adimplerent,
1756 3532 1902 3601 quod

306 3650 343 3687 τι
368 3633 528 3688 nobis
567 3633 623 3685 in
649 3630 984 3685 discussione
1012 3627 1300 3681 verborum
1336 3626 1488 3695 juxta
1517 3623 1792 3678 modulum
1819 3623 1900 3677 in-

300 3721 622 3792 telligentiae
665 3728 866 3773 nostrae
912 3724 1091 3771 actum
1135 3724 1236 3770 est.
1288 3715 1382 3769 Illa
1413 3729 1545 3769 vero
1589 3713 1900 3783 adimpletin

304 3824 420 3865 non
444 3811 500 3864 in
520 3809 696 3879 spatio
717 3806 974 3876 temporis
997 3806 1136 3860 sicut
1160 3805 1256 3859 illa
1294 3804 1691 3875 interpretatio,
1723 3806 1818 3860 sed
1844 3806 1900 3863 in

306 3916 474 3956 cursu
496 3900 663 3958 totius
696 3899 825 3954 vitae
851 3904 1050 3951 nostra:
1074 3897 1317 3967 ponenda
1344 3906 1428 3952 est
1457 3898 1665 3952 duobus
1703 3898 1896 3961 modis,

302 3996 409 4044 aut
448 3988 812 4057 arﬁmplendo,
842 3987 1069 4041 Domino
1093 3984 1398 4053 adiuvante,
1428 3988 1770 4056 sponsionem
1799 4004 1899 4043 no-

306 4089 513 4145 stram;
548 4087 642 4133 aut
663 4080 710 4134 si
733 4079 969 4150 peccatis
997 4078 1412 4148 surripientibus
1454 4081 1901 4148 prtevaricatoms

312 4178 518 4227 sanctae
552 4169 762 4240 regula
807 4168 1129 4235 existimas,
1181 4168 1520 4224 emendando
1562 4171 1901 4240 regularibus

316 4258 630 4331 disciplinis.
992 4296 997 4301 υ
1847 4301 1852 4305 ,

388 4352 658 4416 Secundo,
686 4357 767 4412 ut,
801 4350 895 4418 qui
920 4355 1163 4418 possunt,
1193 4348 1433 4419 regulam
1465 4351 1779 4405 memoriter
1819 4351 1900 4406 di-

2005 1848 2157 1916 Quod
2212 1849 2503 1919 capitulum
2568 1850 2674 1904 illis
2734 1850 3128 1905 observandum
3182 1852 3450 1916 convenit,
3498 1853 3603 1921 qui

2004 1942 2266 1996 hactenus
2310 1941 2568 1998 Romanae
2614 1942 2869 1999 Ecclesia:
2917 1942 3092 2000 cilicio
3132 1944 3230 1999 sub
3276 1945 3610 2001 monachico

2005 2034 2194 2090 habitu
2220 2034 2474 2105 degentes
2503 2037 2587 2090 usi
2608 2047 2752 2091 sunt.
2784 2036 2894 2092 Nos
2918 2052 3067 2102 vero,
3094 2039 3184 2107 qui
3208 2039 3278 2093 ab
3304 2038 3433 2108 ipsis
3457 2054 3609 2108 pene

2004 2125 2286 2181 cunabulis
2322 2141 2352 2179 a
2388 2125 2682 2195 majoribus
2720 2129 2918 2183 nostris
2953 2130 3145 2185 eruditi
3184 2129 3238 2182 in
3269 2130 3455 2184 cadent
3484 2131 3611 2186 dis-

2002 2218 2272 2289 positione
2308 2220 2577 2287 viximus,
2625 2222 2883 2290 quidquid
2924 2222 3089 2276 menti
3139 2206 3409 2289 occurrit,
3449 2224 3609 2292 quod

2006 2311 2329 2382 negligentia
2352 2314 2718 2382 Ill‘tDlEI‘llliSil,
2747 2313 3329 2382 emendatiosupplere
3356 2314 3606 2375 debebit,

2006 2404 2058 2455 id
2094 2411 2195 2467 est,
2231 2419 2420 2458 omnes
2450 2406 2597 2459 horae
2635 2407 2910 2459 canonica:
2942 2414 3053 2458 tam
3090 2406 3156 2459 ad
3193 2414 3487 2459 nocturnas
3517 2406 3605 2459 vi-

2004 2493 2180 2561 gilias,
2211 2509 2371 2562 quam
2411 2495 2477 2549 ad
2520 2495 2744 2551 diurnas
2788 2497 2949 2551 horas
2992 2505 3218 2566 excepto
3245 2479 3609 2566 completoric

2005 2583 2314 2653 antiphonis
2360 2585 2740 2649 terminentur.
2790 2587 3206 2643 Iiebdomadarii
3252 2588 3491 2659 legentes
3546 2589 3614 2645 in

2007 2674 2297 2733 refectorio
2351 2676 2610 2733 lectiones
2657 2695 2755 2748 per
2802 2679 3042 2751 singulas
3099 2682 3262 2735 horas
3307 2681 3616 2737 canonicas

2004 2770 2295 2840 unicuique
2318 2772 2555 2849 tempori
2581 2781 2958 2843 congruentes,
2988 2774 3045 2827 in
3083 2773 3313 2829 ecclesia
3338 2774 3613 2839 recitant,

2004 2868 2266 2933 quas~per
2304 2865 2552 2919 ordinem
2583 2865 2858 2920 memoriae
2890 2866 3289 2921 commendent.
3334 2865 3616 2922 Similiter

2003 2962 2060 3007 et
2087 2968 2200 3020 eas,
2228 2970 2349 3024 qua:
2377 2963 2619 3024 tempore
2645 2957 2834 3012 aestivo
2877 2972 2943 3011 ex
2972 2958 3251 3026 prophetis
3281 2958 3346 3012 ad
3375 2964 3618 3011 noctur-

2004 3060 2104 3101 nas
2126 3046 2507 3102 'decantandae
2540 3056 2687 3113 sunt,
2720 3049 3183 3118 pronuntiationes
3218 3049 3272 3103 in
3311 3050 3477 3103 choro
3500 3064 3618 3118 per

2006 3147 2117 3194 tres
2144 3139 2307 3194 horas
2333 3139 2641 3203 canonicas,
2669 3140 2722 3195 id
2755 3149 2859 3203 est,
2885 3140 2950 3195 ad
2972 3149 3286 3206 nocturnos,
3318 3142 3618 3199 matutinis

2003 3243 2060 3289 et
2082 3234 2406 3305 vespertinis
2447 3236 2804 3290 conventibus
2848 3235 2967 3290 sine
3007 3236 3404 3293 intermissione
3441 3235 3616 3293 ﬁant.

1990 3323 2203 3383 Psalmi
2225 3325 2470 3380 ordinate
2493 3326 2698 3394 absque
2726 3326 2831 3382 ulla
2869 3326 3215 3391 festinatione
3243 3327 3621 3386 divisionibus

2005 3414 2060 3470 in
2086 3415 2332 3470 versibus
2374 3416 2659 3472 custoditis
2697 3416 3027 3486 psallantur,
3073 3418 3346 3473 orationes
3390 3433 3519 3487 qua:
3580 3435 3619 3474 a

2004 3508 2283 3563 sacerdote
2317 3508 2634 3574 recitantur,
2670 3523 2841 3579 usque
2888 3510 2958 3565 ad
2995 3510 3314 3566 divisionem
3340 3526 3615 3577 versuum

2005 3598 2075 3653 ab
2097 3598 2289 3654 eodem
2315 3599 2596 3655 sacerdote
2634 3600 2905 3666 dicantur,
2932 3617 2997 3656 ac
3022 3602 3216 3657 deinde
3256 3602 3620 3673 subsequen-

2007 3687 2080 3745 tia
2129 3689 2478 3759 congregatio
2530 3693 2868 3760 respondeat.
2931 3691 3421 3761 Quiuquagesimus
3477 3695 3617 3757 sine

2005 3776 2322 3833 confusione
2365 3778 2594 3848 alicujus
2640 3781 3084 3851 prazcipitationis
3110 3781 3292 3837 choris
3325 3768 3619 3841 alternan-

1988 3870 2152 3926 .tibus
2197 3872 2409 3927 dicatur
2443 3886 2458 3925 :
2500 3872 2660 3943 Kyrie
2704 3873 2912 3944 eleyson
2958 3873 3014 3928 in
3051 3874 3244 3933 ordine
3283 3890 3383 3929 suo
3418 3876 3614 3933 simul

1986 3955 2197 4019 stando
2220 3961 2469 4017 ordinate
2500 3963 2805 4029 decantent.
2838 3964 2917 4019 Ea
2955 3979 3087 4021 vero
3109 3980 3230 4035 qua:
3262 3965 3322 4021 in
3360 3967 3613 4037 regulari

2004 4052 2389 4119 distributione
2424 4054 2755 4124 psalmorum
2790 4055 2858 4111 de
2903 4071 3005 4113 uso
3043 4056 3297 4121 Ruinam:
3338 4056 3616 4115 Ecclesiae

2000 4145 2364 4213 additasunt,
2404 4156 2460 4202 et
2502 4147 2555 4201 in
2585 4148 2907 4217 quibusdam
2942 4148 3203 4207 manliis
3248 4149 3303 4204 in
3351 4165 3456 4204 usu
3486 4166 3613 4213 non

1980 4238 2293 4303 habentur,
2325 4238 2501 4299 adhuc
2540 4238 2698 4295 nobis
2724 4239 3001 4307 retinenda
3045 4238 3375 4307 censuimus,
3424 4239 3619 4297 donec

2004 4330 2253 4385 consultu
2286 4312 2570 4395 meliorum
2616 4337 2710 4385 aut
2763 4329 3122 4397 dimittatur,
3162 4336 3261 4397 aut
3300 4330 3614 4385 tenendum

316 4449 547 4497 soerent.
567 4440 667 4496 Ubi
688 4438 1017 4510 jungendum
1042 4418 1364 4509 putavimus,
1395 4448 1475 4504 ut,
1499 4456 1622 4496 cum
1650 4456 1716 4497 ex
1737 4442 1896 4496 corde
1931 4451 1981 4512 ι)
2005 4418 2241 4487 coruom
2266 4419 2578 4473 reddam".
2618 4476 2623 4481 .

317 4533 590 4591 recitanda
609 4532 833 4595 dicitur,
854 4546 886 4585 a
913 4531 1263 4586 dictatoribus
1287 4531 1553 4587 ordinatis
1577 4533 1899 4589 distantibus

317 4624 719 4690 interpretetur.
749 4622 1017 4688 Quosdam
1044 4637 1174 4677 vero
1208 4631 1376 4678 totam
1401 4638 1499 4691 per
1520 4624 1763 4679 ordinem
1792 4638 1904 4682 rne-

317 4712 505 4766 moria:
533 4712 913 4767 commendare
930 4711 1211 4780 iussimus,
1231 4714 1325 4782 qui
1347 4714 1605 4783 descripti
1634 4716 1688 4769 in
1715 4725 1900 4772 nostro

316 4803 571 4872 catalogo
584 4804 946 4868 continentur,
972 4819 1202 4873 quorum
1227 4820 1485 4860 numerus
1512 4821 1685 4876 usque
1707 4810 1775 4863 ad
1803 4808 1901 4862 tri-

315 4896 466 4965 ginta
494 4908 589 4950 εει
624 4895 909 4948 excrescit.
938 4893 1270 4959 Quibusdam
1293 4910 1423 4951 vero
1454 4897 1689 4967 capitula
1714 4899 1899 4955 decem

318 5001 384 5042 ex
409 4986 599 5041 eadem
641 4983 822 5054 regula
875 4982 1215 5039 denominata
1257 4987 1512 5043 discenda
1547 4988 1895 5058 iniunximus,

314 5079 411 5151 qni
450 5077 613 5134 simili
643 5076 803 5133 modo
839 5076 1093 5146 descripti
1121 5087 1435 5145 noscuntur,
1475 5080 1579 5137 nisi
1604 5062 1747 5139 forte
1771 5088 1902 5139 aeta-

316 5173 386 5229 tis
406 5179 502 5227 aut
527 5170 677 5226 visus
696 5168 1136 5240 impedimentum
1154 5172 1237 5227 ad
1249 5172 1567 5230 discendum
1587 5176 1858 5230 obstiterit
1885 5193 1897 5229 :

312 5265 495 5320 saltim
523 5264 641 5319 hac
675 5262 861 5318 clauso
887 5262 1077 5331 codice
1101 5274 1171 5316 ex
1197 5263 1359 5319 corde
1386 5274 1611 5334 possunt
1632 5266 1895 5335 proferre.

314 5356 417 5421 Qui
454 5370 584 5411 vero
618 5368 720 5410 nec
746 5370 813 5410 ex
849 5354 1063 5425 integro
1101 5368 1201 5409 nec
1229 5368 1297 5408 ex
1337 5363 1490 5424 parte
1532 5356 1638 5411 ista
1676 5370 1899 5426 percur-

315 5461 437 5501 rere
494 5448 835 5516 nequierint,
892 5446 1171 5502 audiendae
1232 5448 1511 5502 sententia:
1566 5446 1897 5518 singulorum

315 5543 601 5600 penetrem
627 5545 683 5593 et
724 5539 889 5595 menti
936 5546 1216 5607 reponant,
1268 5537 1324 5592 in
1364 5552 1472 5607 quo
1510 5552 1569 5593 se
1612 5539 1900 5609 participes

317 5626 548 5690 caeteris,
574 5628 620 5683 si
643 5642 806 5698 opere
839 5629 1021 5684 audita
1049 5630 1418 5700 probaverim,
1446 5644 1567 5685 esse
1613 5645 1718 5684 non
1744 5629 1901 5687 dubi-

319 5722 456 5768 tent.
497 5717 599 5773 Ubi
642 5719 802 5773 etiam
848 5720 1149 5778 addendum
1197 5731 1299 5794 est,
1344 5731 1401 5777 ut
1451 5722 1627 5778 nullus
1669 5722 1897 5777 fratrum

2068 4530 2294 4597 Quarto,
2346 4541 2406 4586 ut
2445 4532 2669 4587 abbates
2707 4548 3022 4589 communes
3061 4535 3440 4590 essedebeant
3476 4535 3614 4605 eius

1999 4623 2280 4678 monachis
2306 4623 2361 4676 in
2391 4624 2784 4689 manducando,
2808 4626 2862 4679 in
2890 4625 3141 4686 bibendo.
3168 4626 3223 4681 in
3250 4626 3605 4695 donﬁendo,

2000 4730 2097 4771 seu
2126 4715 2180 4769 in
2206 4716 2418 4770 caneris
2444 4715 2773 4784 quibuslibet
2815 4716 3023 4771 causis.
3044 4717 3101 4771 In
3144 4716 3247 4771 hoc
3271 4718 3475 4788 quippe
3509 4735 3609 4774 ne-

2000 4810 2147 4878 gotio
2179 4809 2259 4863 uti
2284 4809 2517 4880 regulari
2540 4818 2809 4879 potestate
2832 4809 2976 4874 volo,
3014 4810 3099 4864 cui
3128 4826 3235 4863 non
3278 4809 3609 4880 prtejmiiat

2001 4900 2229 4971 alicujus
2288 4916 2441 4955 novae
2490 4902 2896 4956 constitutionis
2952 4916 3204 4957 censura.
3258 4901 3385 4956 Sive
3443 4906 3607 4961 enim

1998 4993 2273 5048 communi
2298 4993 2464 5057 victu,
2497 5008 2591 5047 seu
2618 4993 2672 5046 in
2703 4993 3030 5049 abstinentia
3057 4993 3339 5064 singulari,
3362 4994 3611 5064 quitibet

2001 5099 2219 5140 rumore
2242 5084 2386 5155 vulgi
2413 5084 2650 5156 respergi
2680 5084 2900 5154 poterit,
2934 5085 3080 5154 quod
3102 5092 3162 5139 et
3188 5084 3440 5154 exentplo
3464 5084 3613 5141 Sul-

2000 5178 2205 5231 vatoris
2239 5177 2436 5246 et-ejus
2458 5176 2813 5245 βιῶσαι-θορῆς
2842 5174 3045 5230 factum
3084 5176 3605 5246 dignoscitur...Nos

1999 5276 2131 5320 vero
2155 5265 2298 5320 sicut
2322 5266 2376 5318 in
2410 5274 2675 5319 conventu
2706 5266 2934 5329 fratrm
2960 5265 3311 5320 inﬁrmitates
3343 5270 3601 5335 corporis

2001 5356 2171 5410 nostri
2215 5354 2599 5426 exposuimus,
2644 5372 2752 5410 non
2798 5356 2857 5411 in
2908 5364 3123 5411 tantam
3160 5358 3603 5426 obtemperanﬁo

2000 5449 2139 5518 gulae
2183 5447 2467 5509 illecebris,
2506 5455 2766 5516 quantum
2811 5448 3141 5503 consulendo
3174 5450 3609 5508 necessitatibus

1999 5538 2265 5606 corporis,
2288 5538 2367 5591 sic
2393 5537 2594 5591 victum
2620 5546 2864 5597 nostrum
2896 5537 3123 5593 Domino
3141 5539 3459 5594 moderante
3486 5544 3606 5598 dis-

2001 5642 2205 5697 ponere
2227 5628 2494 5698 cupirmvs,
2534 5640 2595 5683 ut
2643 5638 2698 5684 et
2735 5629 2998 5686 sustineat
3047 5630 3115 5685 ad
3164 5630 3341 5697 utilia,
3388 5641 3445 5687 et
3484 5646 3601 5690 nun

2002 5732 2194 5778 noceat
2222 5722 2288 5775 ad
2323 5722 2566 5776 adversa.
