3868 6174
257 295 348 351 7-H

1492 289 1624 344 ΠΕΟ
1639 288 1895 344 ULABIA
1941 287 2284 347 STATUTA.

3421 300 3526 356 7M

320 407 537 471 Quinto,
569 413 629 458 ut
660 402 858 458 fratres
883 401 937 457 in
967 402 1218 471 coquina,
1271 402 1325 457 in
1364 402 1613 473 pistrino,
1655 410 1708 456 et
1741 416 1839 456 ca:-
1869 407 1916 463 A
1945 401 2245 457 nullatenus
2275 402 2389 458 ﬁeri
2430 409 2608 472 potest
2638 413 2858 474 propter
2895 407 3141 465 notitiam
3185 411 3446 482 locorum,
3473 420 3528 474 in

257 502 382 557 teris
415 496 609 554 ciliciis
654 497 853 551 artium
899 492 1135 563 propriis
1173 491 1423 551 manibus
1469 491 1733 573 laborent,
1784 500 1840 545 et

254 591 573 647 vestimenta
601 602 699 643 sua
726 586 936 640 lavent:
969 584 1025 638 in
1065 582 1332 637 lavationc
1358 583 1591 638 vestium
1618 582 1838 651 antiqua

256 679 586 739 consuetudo
610 683 873 739 teneatur,
899 683 978 739 ut,
1007 674 1100 745 qui
1122 689 1221 743 per
1244 688 1303 729 se
1330 681 1573 742 possunt,
1598 672 1797 729 faciant
1821 690 1837 738 ;

255 775 346 846 qui
372 788 505 830 vero
538 772 690 828 senio
726 777 822 824 aut
858 768 1173 824 inﬁrmitate
1218 768 1495 835 deficiunt,
1540 784 1668 823 cura
1707 784 1843 838 prte-

256 865 415 936 positi
447 865 518 920 ab
542 863 663 918 aliis
705 860 873 930 adjuti
898 874 1088 915 eorum
1128 859 1426 915 necessitas
1453 859 1755 927 expleatur.
1784 857 1841 911 In

258 954 636 1013 calceamentis
664 968 794 1007 vero
831 959 888 1007 et
922 950 1262 1006 vestimentis
1302 949 1627 1005 consuendis
1667 948 1846 1003 adhuc

257 1046 527 1109 ordinatio
555 1053 743 1100 nostra
791 1051 1054 1105 teneatur,
1100 1042 1172 1096 ita
1199 1048 1261 1095 ut
1293 1041 1386 1111 qui
1414 1056 1512 1110 per
1540 1055 1598 1094 se
1636 1041 1741 1095 hoc
1767 1039 1846 1092 fa-

259 1153 379 1194 cere
406 1134 705 1206 potuerint,
744 1133 946 1213 faciant
972 1150 986 1186 :
1012 1131 1207 1202 quibus
1244 1147 1374 1188 vero
1406 1146 1570 1187 causa
1600 1130 1851 1200 impossi~

259 1228 487 1286 bilitatis
512 1241 677 1297 supra
713 1224 985 1294 descripta
1013 1223 1301 1288 obstiterit,
1331 1238 1462 1277 cura
1496 1220 1766 1291 praepositi
1792 1227 1848 1273 ct

258 1319 547 1378 camerarii
572 1332 760 1375 eorum
801 1314 1094 1370 necessitas
1137 1320 1489 1377 sustentetur,
1518 1327 1588 1367 ne
1631 1312 1698 1364 ab
1728 1310 1848 1364 aliis

258 1412 406 1466 intus
432 1410 633 1465 forisve
654 1406 847 1463 solatio
880 1405 960 1461 eis
1002 1404 1069 1459 ad
1109 1405 1211 1458 hoc
1235 1403 1508 1473 quaerendi
1555 1402 1850 1457 necessitas

260 1501 561 1557 incumbat.
608 1497 825 1554 Interim
870 1509 1022 1559 vero,
1061 1509 1168 1563 quo
1207 1494 1323 1548 haec
1368 1493 1545 1548 taliter
1569 1500 1848 1562 geruntur,

260 1590 566 1647 instruendi
588 1595 712 1644 sunt
736 1586 986 1653 fullones,
1019 1595 1275 1651 sartores,
1307 1595 1518 1640 sutores
1542 1599 1648 1639 non
1682 1583 1849 1638 forin-

259 1697 419 1739 secus
458 1682 599 1738 sicut
625 1681 907 1744 hactenus,
938 1679 1031 1733 sed
1069 1678 1424 1741 intrinsecus,
1466 1676 1559 1746 qui
1596 1675 1700 1732 ista
1733 1673 1849 1728 fra-

1940 494 2136 563 quibus
2156 504 2413 563 praesunt.
2439 496 2659 550 Interim
2682 512 2811 555 vero
2831 507 3044 554 actores
3065 500 3188 555 boni
3214 506 3528 571 providendi

1939 593 2083 649 sunt,
2113 587 2202 655 qui
2234 587 2487 654 praedicta
2515 588 2633 643 loca
2660 589 2714 643 in
2746 599 3023 659 posterum
3060 595 3398 661 provideant.

2013 675 2311 732 Undecimo
2347 695 2360 731 :
2397 687 2457 732 ut
2507 695 2665 749 poma
2702 688 2758 736 et
2798 682 3042 751 lactucae,
3090 685 3193 740 nisi
3233 702 3356 742 cum
3393 690 3533 745 alius

1941 764 2094 820 cibus
2140 766 2392 833 sumitur,
2448 784 2552 824 non
2606 773 2978 839 comedantur,
3017 778 3161 844 quod
3204 781 3389 834 statim
3433 781 3533 836 ad-

1943 857 2222 926 impletum
2252 869 2354 914 est.

2015 949 2342 1005 Duodecimn
2363 968 2493 1009 vero
2514 955 2748 1024 capitulo
2777 971 2874 1014 :ut
2909 970 3116 1030 tempus
3151 965 3533 1032 phlebotomia:

1945 1047 2155 1094 certum
2184 1056 2289 1095 non
2327 1044 2647 1100 terminetur
2675 1066 2689 1100 :
2718 1049 2822 1104 nisi
2864 1054 3079 1120 quando
3104 1056 3400 1112 necessitas
3438 1075 3532 1113 ex-

1947 1317 2202 1365 ercentur
2227 1329 2240 1364 :
2265 1313 2358 1381 qui
2384 1330 2514 1370 vero
2539 1318 2812 1386 potionem
2840 1336 2940 1389 pro
2970 1325 3136 1379 certis
3166 1334 3258 1380 aut
3299 1327 3540 1382 denomi-

1949 1400 2093 1455 natis
2122 1401 2466 1469 passionibus
2509 1406 2773 1475 biberint,
2813 1426 2905 1464 esu
2956 1413 3256 1469 volatilium
3288 1432 3538 1486 reparen-

1950 1499 2059 1546 tur.
2110 1492 2181 1546 Et
2206 1493 2329 1549 ideo
2354 1496 2624 1563 volatilia,
2654 1516 2775 1569 qum
2813 1503 2882 1556 de
2916 1506 3087 1560 curtis
3124 1507 3325 1562 nostris
3351 1509 3535 1562 venire

1952 1599 2130 1641 annuo
2176 1595 2416 1659 tempore
2466 1594 2611 1649 soliti
2662 1595 2892 1663 fuerant,
2926 1602 2991 1654 ad
3018 1602 3119 1655 hoc
3156 1613 3536 1659 reserventur:

1954 1691 2075 1746 quae
2099 1693 2228 1733 vero
2256 1693 2322 1734 ex
2350 1692 2470 1737 acto
2497 1682 2673 1756 [Cod.,
2702 1689 2910 1761 exacte]
2944 1708 3110 1748 censu
3135 1694 3205 1748 ab
3233 1694 3541 1751 hominibus

261 1777 439 1830 tribus
468 1773 840 1829 necessitatem
873 1769 1195 1825 habentibus
1222 1767 1445 1833 faciant,
1469 1782 1589 1839 qua:
1623 1764 1851 1820 inducite
1885 1751 1927 1815 Β
1954 1770 2157 1825 nostris
2181 1781 2461 1840 venerant,
2487 1751 2820 1845 pensandum
2847 1751 3082 1851 qualiter
3111 1784 3164 1838 in
3195 1784 3420 1841 fratrum
3447 1803 3542 1841 ne-

260 1881 435 1936 usque
468 1864 737 1919 Kalendas
774 1860 1118 1931 Septembres
1154 1860 1434 1929 proximas
1474 1857 1666 1913 dandae
1701 1864 1848 1917 sunt.

259 1957 311 2013 ln
360 1954 694 2026 coqu'utandi
736 1967 864 2007 vero
892 1958 947 2006 et
983 1950 1303 2020 pistrinandi
1330 1957 1448 2004 arte
1476 1947 1530 2003 in
1567 1960 1853 2004 commune

257 2052 325 2106 ab
353 2049 615 2105 omnibus
648 2046 948 2115 adjuvetur;
979 2051 1086 2098 tam
1118 2060 1149 2098 a
1181 2042 1590 2115 septemanariis
1632 2055 1792 2110 quam
1821 2055 1853 2094 a

259 2143 491 2212 reliquis
524 2140 794 2203 omnibus,
821 2138 1015 2207 quibus
1051 2135 1245 2190 solatio
1284 2136 1395 2197 sint
1435 2134 1623 2189 novitii
1655 2142 1709 2187 et
1742 2132 1853 2202 pul-

258 2242 448 2289 santes
496 2231 666 2286 nostri
695 2230 763 2284 ad
799 2230 905 2284 hoc
951 2228 1211 2298 deputati,
1253 2228 1424 2283 donec
1452 2227 1507 2287 in
1546 2223 1855 2294 supradicto

258 2326 440 2396 spatio
487 2323 742 2393 temporis
786 2320 986 2389 fratres
1025 2324 1092 2376 ad
1143 2322 1249 2377 hoc
1290 2320 1576 2391 eligantur,
1614 2319 1723 2388 qui
1752 2318 1856 2375 hoc

258 2416 460 2471 annuis
489 2413 821 2484 temporibus
855 2413 1101 2468 excursis
1130 2411 1368 2466 vicissim
1397 2410 1671 2480 expleant,
1696 2417 1857 2466 caete—

259 2524 453 2565 rorum
483 2506 729 2561 omnium
751 2505 967 2570 solatio,
999 2504 1138 2559 sicut
1157 2504 1441 2564 hactenus,
1472 2500 1662 2570 adiuti.

328 2597 529 2664 Sexto,
569 2595 637 2653 de
669 2595 828 2658 modo
863 2595 1168 2666 vigiliarum
1212 2594 1572 2658 observando,
1617 2593 1758 2648 sicut
1801 2594 1855 2647 in

1954 1862 2186 1917 cessaria
2216 1864 2404 1920 utilius
2432 1876 2732 1925 vertantur.

2027 1952 2210 2009 Tertio
2241 1953 2452 2013 decimo
2494 1975 2507 2011 :
2560 1968 2621 2014 ut
2669 1963 2983 2019 mandatum
3016 1977 3137 2036 post
3167 1984 3377 2024 cmnam
3425 1970 3540 2035 ﬁat,

1954 2043 2099 2114 quod
2127 2053 2182 2098 ct
2208 2056 2369 2102 antea
2397 2048 2647 2105 similiter
2672 2051 2918 2109 fecimus.
2962 2108 2969 2111 _

2027 2132 2238 2199 Quarto.
2276 2135 2491 2193 decimo
2523 2156 2535 2191 :
2569 2139 2725 2207 Quod
2751 2143 2819 2198 de
2844 2161 3073 2201 numero
3096 2150 3541 2207 vestimentorum

1957 2236 2051 2276 seu
2082 2222 2571 2296 calceamentorum
2611 2230 2813 2286 dictum
2856 2243 2958 2297 est,
2989 2237 3128 2292 etde
3152 2238 3370 2295 datione
3395 2244 3544 2297 uncti

1956 2319 2012 2365 et
2053 2327 2272 2383 saponc,
2315 2316 2457 2372 sicut
2493 2319 2761 2378 hactenus
2806 2339 2838 2378 a
2878 2326 3034 2381 nobis
3063 2328 3406 2385 observatum
3438 2344 3538 2397 est,

1958 2402 2134 2481 adhuc
2184 2406 2403 2463 inantea
2429 2417 2677 2466 teneatur
2704 2431 2717 2466 :
2746 2424 2808 2469 ut
2835 2416 3195 2485 indigentibus
3222 2422 3544 2479 vestimenta

1956 2496 2331 2564 przebeantur,
2375 2502 2648 2558 veteribus
2694 2503 2750 2557 in
2793 2508 3049 2574 prtesenti
3096 2510 3322 2567 redditis
3364 2531 3377 2565 :
3422 2530 3546 2583 quae

1957 2601 2087 2642 vero
2115 2590 2557 2658 superabundant
2583 2592 2751 2661 priori
2786 2596 3083 2651 reddantur
3106 2608 3326 2670 propter
3348 2616 3547 2672 paupe-

258 2692 357 2749 illo
385 2682 688 2761 capitulare
725 2689 1054 2754 continetur,
1103 2686 1298 2742 sulIicit
1337 2686 1514 2751 nobis,
1559 2686 1613 2742 id
1655 2692 1758 2748 est,
1800 2692 1860 2739 ut
1961 2693 2050 2734 res
2088 2680 2464 2736 consolandos.
2503 2681 2725 2738 Corium
2764 2700 2892 2741 vero
2935 2686 3243 2745 confectum
3290 2691 3550 2748 fratribus

256 2780 739 2854 opusvigiliarum
764 2794 978 2849 semper
1001 2794 1123 2833 cum
1151 2778 1237 2832 die
1282 2776 1519 2842 ﬁniatur,
1568 2776 1672 2831 nisi
1718 2774 1858 2832 forte
1958 2766 2117 2833 de“?
2162 2769 2233 2824 ad
2271 2785 2474 2827 annum
2529 2773 2669 2829 Sicut
2729 2785 2887 2842 ante.
2938 2794 3108 2849 USQuo
3157 2780 3284 2835 dum
3334 2791 3549 2839 sutores

260 2873 537 2930 maturius
574 2871 852 2942 contingat
880 2884 1122 2940 surgere,
1151 2869 1240 2924 ubi
1270 2881 1501 2924 necesse
1538 2875 1622 2924 est
1667 2875 1730 2920 ut
1758 2868 1859 2920 ιω-
1959 2859 2286 2914 nutriantur-
2329 2861 2481 2919 Tunc
2516 2864 2882 2922 calceamenta
2907 2872 3272 2938 praebeantur,
3311 2873 3450 2929 sicut
3487 2875 3544 2929 in

259 2966 541 3023 beeillitas
554 2979 843 3036 corporum
862 2978 1053 3020 somno
1076 2960 1426 3017 refocilletur.
1596 3000 1603 3003 .
1958 2952 2165 3021 synodo
2188 2953 2470 3009 definitum
2501 2965 2602 3010 est.
2637 2957 2880 3017 Radcndi
2911 2977 3040 3017 vero
3073 2980 3224 3030 usus,
3252 2967 3346 3035 qui
3372 2968 3550 3022 media

333 3056 604 3127 Septimo,
624 3063 736 3111 uta
757 3053 1063 3111 volatilibus
1083 3051 1230 3107 omni
1254 3058 1495 3119 tempore
1516 3048 1585 3103 ab
1603 3047 1855 3104 omnibus
1883 3100 1927 3127 η
1958 3043 2371 3113 Quadragesima
2409 3046 2619 3103 solebat
2643 3048 2780 3115 ﬁeri,
2819 3052 2875 3105 in
2910 3052 3197 3109 sabbatum
3244 3056 3417 3110 sancti
3442 3054 3548 3111 Pa-

199 3165 215 3180 °
261 3149 628 3214 abstineatur,
655 3154 880 3217 excepta
915 3160 1077 3202 causa
1103 3142 1454 3208 inﬁrmitatis,
1485 3141 1613 3197 licet
1644 3142 1749 3196 hoc
1772 3156 1856 3195 re-

258 3231 407 3313 guli:
441 3238 741 3296 auctoritas
766 3251 876 3293 non
904 3236 1210 3301 interdicat,
1234 3234 1330 3290 sed
1351 3233 1506 3303 quasi
1546 3234 1605 3287 in
1631 3232 1858 3292 arbitrio.

258 3334 462 3391 edendi
505 3340 602 3388 aut
636 3330 939 3388 abstinendi
977 3328 1335 3397 derelinquat.
1387 3326 1753 3385 Decreverunt
1802 3325 1857 3381 in

261 3425 498 3499 praefata
522 3426 729 3497 synodo
750 3423 922 3479 sancti
949 3423 1137 3477 Patres
1166 3421 1291 3491 quia
1318 3421 1522 3490 optioni
1550 3428 1749 3475 nostrzn
1773 3434 1859 3475 re-

262 3519 458 3576 lictum
497 3525 618 3583 est,
660 3515 1012 3588 religiosioris
1056 3514 1180 3570 vitm
1226 3527 1442 3569 sumere
1484 3510 1856 3581 disciplinam,

263 3625 481 3679 suoque
500 3615 772 3680 praecepto
795 3606 1170 3670 ﬁrmaverunt,
1196 3611 1251 3659 ut
1281 3619 1313 3658 a
1342 3602 1436 3657 tali
1460 3600 1640 3657 edulio
1667 3614 1859 3656 mona-

263 3703 357 3758 chi
391 3701 733 3757 abstinentiaa
778 3698 933 3754 freno
980 3699 1128 3755 omni
1174 3705 1412 3766 tempore
1446 3696 1857 3760 cohiberentur,

264 3798 499 3862 excepta
524 3804 690 3846 causa
715 3790 1055 3845 necessitatis
1082 3788 1468 3856 suprascripta.

338 3882 553 3939 Octavo
588 3890 642 3937 et
680 3896 822 3936 nono
868 3880 1137 3950 capitulis,
1177 3881 1232 3935 in
1272 3881 1468 3949 quibus
1508 3879 1708 3934 lavatio
1764 3892 1862 3945 pe-

266 3974 402 4027 dum
432 3972 488 4025 in
514 3968 935 4040 Quadragesima
967 3977 1024 4025 et
1065 3968 1230 4024 Coena
1271 3968 1485 4024 Domini
1515 3968 1859 4032 describitur,

268 4062 418 4121 facili
434 4060 633 4117 ordine
654 4061 855 4131 poterit
885 4061 1182 4126 observari,
1214 4059 1261 4115 si
1283 4059 1465 4115 abbas
1483 4074 1722 4129 praesens
1749 4056 1863 4113 fne-

266 4154 345 4213 I'it
374 4171 388 4206 :
417 4153 465 4208 si
492 4164 626 4219 non,
650 4152 991 4223 praepositus,
1040 4151 1139 4221 qui’
1181 4151 1234 4206 in
1278 4151 1395 4207 vice
1433 4149 1551 4220 ejus
1588 4158 1698 4216 est,
1721 4150 1862 4207 sicut

268 4243 478 4308 locum,
504 4242 583 4297 ita
610 4240 848 4311 cilicium
871 4240 1157 4310 compleat.

342 4351 568 4406 Decimo
589 4368 613 4404 :—
630 4358 690 4406 ut
712 4350 937 4406 abhates
965 4350 1273 4419 frequenter
1307 4350 1466 4406 villas
1486 4366 1594 4406 non
1628 4350 1860 4406 circum-

1960 3134 2105 3193 schaz
2132 3134 2432 3191 differatur.

2033 3222 2199 3278 Sexto
2239 3223 2452 3279 decimo
2490 3241 2620 3281 vero
2675 3236 2747 3281 et-
2775 3228 2987 3285 decimo
3038 3232 3270 3301 septimo
3316 3235 3552 3304 capitulo

1961 3315 2092 3371 nihil
2131 3315 2437 3371 addendum
2471 3324 2583 3382 est,
2618 3318 2743 3387 quia
2783 3319 2924 3375 sicut
2951 3330 3077 3377 ante
3112 3338 3142 3377 a
3185 3324 3340 3379 nobis
3363 3327 3553 3392 obser-

1960 3413 2146 3461 vatum
2171 3414 2274 3473 est,
2300 3408 2381 3463 sic
2410 3407 2625 3465 inantea
2654 3410 3050 3466 observabitur.

2035 3495 2256 3551 Decimo
2290 3505 2484 3554 octavo
2524 3501 2765 3571 capitulo
2802 3502 2858 3559 in
2898 3519 3006 3573 quo
3039 3519 3229 3561 carcer
3270 3504 3396 3561 talis
3432 3504 3551 3562 ﬁeri

1953 3584 2194 3654 iubetur,
2222 3596 2282 3643 ut
2309 3589 2461 3646 focus
2489 3592 2543 3647 in
2572 3608 2638 3648 eo
2664 3593 2779 3649 fieri
2807 3596 3014 3664 possit;
3045 3597 3148 3652 iste
3173 3613 3335 3667 quem
3360 3601 3548 3656 hacte-

1963 3694 2066 3735 nus
2105 3679 2394 3736 habuimus
2427 3682 2679 3750 sulliciat,
2711 3700 2882 3754 usque
2923 3687 3051 3742 dum
3082 3688 3201 3759 plus
3245 3692 3552 3746 necessaria

1963 3770 2211 3837 tediﬁcia,
2252 3787 2375 3842 quae
2412 3774 2535 3845 igne
2559 3786 2878 3849 consumpta
2909 3786 3055 3844 sunt,
3086 3788 3478 3846 restaurentur.

2034 3861 2256 3917 Decimo
2301 3879 2444 3918 nouo
2492 3864 2729 3935 capitulo
2772 3866 2838 3923 de
2890 3867 3115 3924 Alleluia
3174 3870 3553 3925 decantatione

1963 3955 2199 4023 sicutin
2241 3957 2430 4016 eadem
2474 3958 2683 4028 synodo
2719 3959 2996 4015 deﬁnitum
3028 3969 3132 4026 est,
3161 3962 3419 4017 Romana:
3444 3964 3549 4019 Ece-

1964 4047 2142 4105 desiae
2200 4049 2545 4103 concorditer
2575 4056 2634 4103 ut
2668 4049 2723 4105 in
2754 4048 3162 4121 Septuagesima
3223 4052 3549 4107 dimittatur.

2035 4137 2305 4193 Vicesimo
2361 4139 2601 4208 capitulo
2658 4140 2729 4194 de
2784 4142 3126 4209 susceptione
3189 4143 3550 4209 novitiorum,

1964 4228 2103 4285 sicut
2137 4229 2321 4297 regula
2345 4229 2524 4293 docet,
2553 4230 2628 4285 ita
2668 4238 2881 4300 agatur.
2936 4232 3181 4287 Tousura
3207 4248 3336 4288 vero
3360 4248 3549 4288 eorum

1963 4325 2019 4373 et
2056 4320 2283 4373 mutatio
2307 4321 2756 4375 vestimentorum
2803 4329 3091 4391 postquam
3134 4324 3549 4392 promissionem

264 4448 404 4496 eant
420 4441 523 4496 nisi
556 4456 718 4496 causa
746 4410 1106 4506 necessitatis,
1130 4455 1231 4495 nec
1250 4440 1509 4496 fratribus
1536 4441 1655 4496 illas
1681 4450 1862 4498 custo-
1889 4437 1941 4500 Β
1965 4426 2120 4506 sua"?
2163 4410 2502 4506 ῆῖφθνθτίηι
2523 4420 2754 4506 ﬁgam"
2805 4413 2883 4468 De
2911 4414 3284 4470 “cudamus
3306 4431 3439 4471 vero
3466 4416 3551 4472 νά

262 4531 502 4586 diendas
542 4531 919 4586 committant:
948 4530 1039 4585 ubi
1068 4538 1266 4584 nostrze
1300 4530 1625 4587 visitationis
1666 4533 1862 4587 raritas

262 4622 485 4676 utinam
514 4630 724 4677 noceat.
754 4620 890 4675 Nam
926 4620 1370 4690 frequentationis
1395 4621 1698 4677 circumitio
1722 4622 1864 4677 inter

262 4711 434 4766 villas
461 4711 583 4767 ideo
610 4727 882 4781 nunquam
911 4710 971 4766 fit
1012 4726 1043 4767 a
1082 4712 1257 4776 nobis,
1287 4711 1411 4780 quia
1455 4711 1600 4766 aliud
1638 4713 1864 4783 impedi-

263 4808 519 4857 mentum
548 4808 747 4857 nostrae
794 4801 1158 4870 occupationis
1185 4815 1284 4857 nos
1311 4800 1523 4872 fatigat,
1550 4801 1678 4857 dum
1718 4803 1864 4857 inter

262 4906 441 4947 curas
461 4892 805 4962 episcopatus
825 4901 882 4948 et
920 4892 1186 4962 palatinas
1224 4893 1595 4950 ordinationes
1619 4893 1767 4949 nulla
1792 4894 1862 4949 ad

260 4983 637 5054 providendas
660 4984 1030 5053 possessiones
1056 4992 1271 5040 nostras
1294 4983 1449 5040 nobis
1485 4984 1705 5040 licentia
1736 5000 1863 5055 sup-

262 5070 433 5142 petit.
474 5070 578 5127 Sed
612 5073 758 5131 Deus
795 5083 871 5129 est
906 5075 1072 5139 testis,
1117 5074 1210 5143 qui
1251 5075 1501 5132 conscius
1538 5085 1626 5132 est
1656 5078 1862 5143 cordis,

261 5163 427 5232 quod
448 5163 501 5219 in
522 5166 752 5223 terrenis
762 5165 1213 5237 occupationibus
1237 5182 1346 5223 non
1373 5174 1581 5236 sponte,
1598 5169 1695 5224 sed
1722 5169 1862 5223 invi-

266 5263 370 5309 tus
391 5254 655 5321 hiberno,
691 5258 786 5327 qui
815 5258 1138 5328 quandoque
1170 5273 1201 5313 a
1245 5258 1459 5315 tributis
1487 5259 1719 5316 Caesaris
1761 5273 1861 5314 nos

264 5344 546 5410 absolvat,
593 5347 789 5415 quibus
838 5347 1059 5403 obnoxii
1105 5362 1309 5412 sumus,
1341 5356 1402 5404 ut
1440 5349 1707 5415 securius,
1741 5364 1863 5420 qua:

267 5436 375 5490 Dei
403 5445 548 5501 sunt,
572 5439 893 5508 quandoque
914 5439 1070 5495 nobis
1093 5454 1253 5509 agere
1271 5439 1450 5495 liceat.
1476 5440 1692 5497 Fratres
1710 5458 1861 5508 vero,

265 5527 373 5598 qui
400 5528 457 5582 in
475 5528 707 5585 diversis
727 5530 1043 5587 ministeriis
1068 5531 1202 5586 foris
1218 5532 1466 5601 occupati
1494 5532 1728 5599 fuerant,
1756 5549 1863 5590 me-

264 5617 369 5673 dio
394 5617 659 5689 Augusto,
689 5635 815 5679 cum
839 5622 1066 5677 mutatio
1089 5620 1332 5683 facienda
1369 5622 1494 5686 erit,
1522 5622 1635 5679 sive
1664 5624 1731 5679 de
1754 5626 1863 5683 cel-

262 5708 347 5762 lis
388 5724 481 5764 seu
526 5709 594 5765 de
632 5710 771 5765 villis
817 5713 884 5768 ad
924 5712 1229 5769 emnobium
1273 5712 1519 5777 redeant,
1550 5713 1692 5779 quod
1740 5723 1862 5773 ante

1964 4503 2304 4561 scholasticis
2335 4503 2692 4574 suscipiendis
2716 4514 3043 4575 praeceptum
3079 4507 3272 4577 synodi
3311 4522 3420 4561 non
3448 4508 3550 4562 has

1962 4595 2172 4659 bemus,
2204 4604 2260 4650 et
2288 4595 2411 4651 ideo
2446 4597 2939 4666 susceptioeorum
2979 4598 3263 4670 regularis,
3287 4606 3549 4669 quantum

1961 4685 2291 4755 possibilitas
2332 4684 2499 4749 sinit,
2546 4686 2841 4753 habeatur,
2893 4704 3069 4759 usque
3105 4690 3235 4744 dum
3273 4691 3551 4745 decretum

1965 4776 2301 4839 manifestius
2326 4778 2453 4832 inde
2479 4778 2752 4835 audiatur.

2034 4890 2304 4945 Vieesimo
2345 4889 2520 4958 primo
2569 4891 2808 4959 capitulo
2848 4907 2979 4947 usus
3009 4892 3185 4947 balnei
3230 4893 3550 4950 iuterdictus

1962 4981 2184 5035 omnino
2222 4987 2325 5043 est,
2369 4987 2596 5049 excepto
2637 4981 2835 5050 quibus
2880 4982 3175 5037 necessitas
3216 4982 3551 5038 inﬁrmitatis

1964 5074 2184 5129 insistit.
2232 5073 2388 5129 Unde
2424 5084 2525 5129 nos
2559 5074 2964 5130 considerantes
3007 5076 3344 5129 inﬁrmorum
3378 5062 3548 5127 imbe-

1963 5163 2215 5218 cillitates
2256 5177 2430 5233 usque
2473 5164 2540 5218 ad
2570 5163 2799 5219 initium
2829 5164 3264 5236 Quadragesimze
3317 5164 3547 5231 scaphas

1964 5252 2212 5307 balneum
2250 5252 2616 5308 concedimus.
2660 5250 2880 5308 Interim
2912 5268 3043 5307 vero
3073 5253 3204 5307 ﬁant
3241 5266 3390 5319 cepte
3432 5240 3549 5305 bal-

1964 5343 2162 5399 nearia
2182 5344 2522 5400 abtmdanter
2541 5347 2816 5414 praepositi
2840 5354 2896 5401 et
2919 5344 3184 5401 cellerarii
3207 5343 3550 5401 ordinatione

1966 5434 2145 5501 factm,
2172 5435 2228 5489 in
2267 5436 2465 5506 quibus
2497 5436 2694 5492 fratres
2718 5436 3052 5506 singillatim,
3083 5443 3137 5489 et
3169 5448 3276 5488 non
3305 5447 3548 5488 cominus

1964 5531 2128 5595 niter,
2174 5545 2298 5585 eum
2345 5530 2642 5585 necessitas
2690 5528 2959 5597 exposcit,
3012 5527 3386 5582 benedictione
3423 5536 3551 5583 ante

1965 5631 2238 5692 percepta,
2256 5622 2439 5676 lavare
2457 5621 2684 5691 possint,
2702 5620 2930 5673 invicem
2960 5619 3062 5674 sibi
3085 5619 3275 5673 solatia
3300 5619 3549 5688 praeben-

1969 5716 2112 5769 tibus
2156 5716 2271 5771 sinc
2315 5728 2533 5767 accessu
2580 5723 2979 5767 extraneorum.
3035 5713 3092 5767 In
3141 5712 3243 5768 hac
3287 5712 3545 5765 dilatione
