3868 6174
305 369 410 423 ’1ιό

1293 367 1349 421 S.
1393 365 1714 420 SIMPERTI
1754 364 2044 418 ABBA'HS
2086 365 2567 423 MURBACENSIS

3456 369 3560 426 7N

302 496 411 536 non
458 481 897 550 praevaricatores
945 479 1154 550 synodi,
1185 479 1327 547 quod
1371 480 1531 543 absit,
1563 479 1750 540 simus,
1784 476 1877 531 sed
1907 481 1951 537 Α
2051 479 2339 535 Obviantcs
2359 482 2458 536 sibi
2477 480 2721 549 juniores
2749 493 2780 533 a
2820 478 3086 548 prioribus
3117 494 3284 548 usque
3310 478 3377 534 ad
3418 496 3565 555 genu

302 572 530 627 induciis
569 571 742 634 factis,
771 585 937 637 usque
971 569 1095 622 dum
1126 569 1420 623 necessitas
1451 577 1791 638 procuretur.
1821 575 1880 621 ut

303 661 550 719 illicitum
587 661 797 715 cautius
825 659 1098 713 alfcratur.

336 773 338 776 ·
373 753 641 809 Vicesimo
671 753 906 807 secundo
947 752 1201 820 capitulo,
1235 753 1290 806 in
1333 767 1440 821 quo
1484 752 1796 822 prcecipitur
1821 760 1880 805 ut

302 844 469 900 abbas
492 844 559 898 ad
589 853 799 912 portam
822 860 942 898 cum
971 844 1273 913 hospitibus
1311 859 1417 897 non
1443 843 1710 906 convivet,
1736 843 1879 910 quod

303 950 404 989 nos
441 936 495 988 in
531 951 627 989 usu
655 951 927 1003 nunquam
973 934 1280 988 habuimus.
1327 934 1383 987 lu
1423 934 1690 989 auditorio
1728 947 1877 996 vero,

299 1025 390 1080 ubi
429 1026 596 1079 abbas
621 1024 799 1094 legere
834 1024 969 1078 solet
999 1032 1053 1078 et
1081 1039 1203 1078 cum
1245 1023 1504 1076 fratribus
1537 1032 1592 1076 et
1627 1037 1748 1076 cum
1785 1023 1880 1075 ho-

301 1117 529 1186 spitibus
553 1117 787 1171 vicissim
815 1132 909 1170 seu
937 1117 1298 1171 communiter
1324 1115 1649 1184 colloquium
1678 1116 1880 1170 habere

299 1213 490 1268 solitus
519 1218 622 1274 est,
651 1209 932 1263 comedere
970 1223 1093 1261 cum
1119 1205 1420 1276 hespitihus
1448 1206 1603 1260 valde
1643 1221 1766 1260 raro
1794 1205 1878 1260 usi

299 1320 505 1360 sumus.
545 1304 714 1370 Quem
753 1318 930 1365 usum,
966 1301 1067 1355 nisi
1114 1302 1316 1355 certius
1359 1301 1729 1361 interdicatur,
1780 1300 1878 1353 ha-

298 1395 429 1449 bere
451 1392 717 1447 volumus.
735 1391 834 1456 Qui
861 1391 1010 1444 locus
1036 1389 1090 1443 in
1119 1389 1352 1443 confinio
1375 1387 1594 1442 claustri
1622 1397 1676 1440 et
1699 1385 1880 1454 ianua:

299 1484 611 1540 monasterii
642 1485 776 1538 situs
801 1491 904 1548 est,
933 1483 1007 1536 ita
1033 1491 1092 1536 ut
1121 1480 1317 1535 fratres
1349 1481 1465 1535 sine
1493 1478 1878 1548 impedimento

298 1579 589 1647 hospitum,
619 1587 672 1632 et
697 1576 937 1645 hospites
983 1573 1100 1628 sine
1143 1572 1402 1627 fratribus
1443 1571 1509 1626 ad
1551 1570 1878 1639 colloquium

299 1669 540 1736 recipere
567 1667 756 1737 possit.

368 1762 636 1816 Vicesimo
682 1759 846 1814 tertio
888 1757 1163 1828 capitulo:
1204 1766 1265 1812 ut
1309 1756 1638 1827 hospitibus,
1678 1755 1874 1825 qnii-us

299 1852 514 1907 licentia
560 1851 794 1906 intrandi
835 1858 918 1905 est
955 1819 1018 1904 in
1063 1849 1428 1912 refectorium,
1460 1849 1619 1918 digne
1647 1847 1878 1902 admini-
1907 1819 1952 1884 Β

295 1953 499 1997 stretur
523 1959 535 1996 :
569 1943 705 1999 abba
733 1957 862 1996 vero
890 1950 1174 1998 contentus
1203 1942 1273 1996 sit
1301 1941 1424 1996 cibo
1452 1939 1702 2005 fratrum,
1734 1940 1878 2009 quod

296 2035 453 2091 facile
508 2035 901 2100 observabitur,
939 2043 997 2090 ut
1040 2042 1096 2088 et
1127 2035 1307 2088 abbati
1334 2033 1494 2103 digne
1532 2033 1878 2087 administre-

297 2133 384 2177 tur
410 2133 465 2178 et
496 2124 815 2194 hospitibus.
859 2123 1076 2177 Fratres
1103 2124 1266 2177 etiam
1305 2123 1358 2176 in
1386 2123 1617 2177 adventu
1648 2121 1874 2176 fratrum

295 2215 634 2284 aliquatenus
682 2215 1054 2284 congaudeant
1082 2222 1135 2269 et
1171 2214 1509 2270 abstinentiae
1553 2211 1704 2266 frena
1741 2212 1879 2266 rela-

294 2318 424 2363 xcnt

368 2401 634 2454 \‘icesimo
675 2409 868 2468 quarto
896 2408 950 2454 et
978 2399 1167 2468 quinto
1212 2397 1483 2467 capitulis,
1517 2413 1637 2466 quae
1685 2397 1752 2452 de
1799 2397 1877 2452 le-

295 2492 462 2546 ctoris
489 2491 607 2545 cibo
633 2499 686 2544 et
710 2491 1080 2544 ministrorum
1110 2489 1403 2544 refectione
1433 2487 1704 2558 descripta
1729 2497 1873 2555 sunt,

296 2579 479 2633 statim
514 2579 796 2633 observata
836 2586 979 2631 sunt.

370 2669 566 2724 Ultima
613 2683 742 2723 vero
787 2669 891 2722 duo
936 2667 1198 2736 capitula,
1245 2681 1365 2736 quae
1405 2667 1472 2722 de
1513 2667 1878 2736 prohibitione

295 2758 464 2812 osculi
509 2757 830 2811 feminarum
871 2765 925 2810 ct
964 2763 1022 2810 ut
1071 2757 1319 2810 monachi
1365 2755 1492 2809 nudi
1539 2771 1644 2809 non
1688 2757 1879 2810 verbe-

295 2857 500 2912 rentur,
531 2849 685 2902 istius
714 2847 855 2902 modi
883 2862 1013 2901 usus
1041 2848 1180 2916 apud
1204 2862 1302 2900 nos
1327 2861 1602 2915 nunquam
1632 2845 1750 2907 fuit,
1777 2861 1879 2900 nec

296 2940 524 2995 Domino
573 2938 861 3006 adjuvante
909 2939 1122 2992 inantea
1170 2937 1289 2991 erit.
1336 2937 1410 2992 De
1451 2937 1877 3008 eompatratione

293 3038 349 3084 et
376 3028 821 3083 commatratione
845 3027 1064 3082 omnino
1093 3037 1368 3092 caveatur,
1405 3042 1473 3082 ne
1503 3031 1571 3083 ab
1611 3029 1720 3083 ullo
1755 3042 1876 3084 mo-

295 3121 590 3174 nachorum
617 3119 792 3189 aliqua
823 3119 1106 3173 occasione
1132 3131 1509 3188 praesumatur,
1540 3120 1666 3188 quia
1695 3118 1750 3174 in
1781 3133 1875 3174 ve-

294 3208 454 3263 ritate
484 3223 587 3262 non
615 3209 832 3278 expedit
859 3208 1142 3262 animabus
1171 3223 1380 3273 eorum,
1408 3216 1460 3263 et
1497 3209 1716 3264 omnino
1745 3209 1878 3264 alie-

293 3315 423 3355 num
457 3307 540 3355 est
578 3314 608 3353 a
636 3300 911 3370 proposito
939 3315 1149 3356 eorum.
1185 3301 1457 3357 Hactenus
1481 3303 1752 3373 explicitis
1779 3321 1877 3360 ca-

294 3390 496 3460 pitulis,
533 3405 652 3460 qua:
676 3393 920 3460 proxime
951 3392 1005 3446 in
1036 3407 1131 3447 sua
1166 3393 1372 3464 synodo
1404 3403 1551 3462 gesta
1584 3403 1732 3460 sunt,
1763 3404 1817 3450 et
1846 3411 1879 3450 a

293 3483 448 3536 nobis
478 3482 868 3552 recapitulatis,
886 3491 1175 3553 supersunt
1203 3484 1404 3553 aliqua,
1428 3497 1552 3554 qua:
1579 3485 1666 3539 illa
1691 3486 1878 3541 schola

293 3572 682 3626 monachorum
723 3574 778 3626 in
826 3589 925 3627 usu
966 3574 1125 3628 habet
1157 3573 1311 3643 juxta
1353 3591 1582 3644 quorum
1633 3577 1878 3648 exempla

297 3677 394 3716 nos
425 3660 749 3716 informandi
779 3677 984 3717 sumus.

367 3753 511 3805 Duas
552 3751 749 3806 etenim
806 3753 1008 3807 silentii
1061 3754 1274 3822 regulas
1321 3757 1671 3820 custodiunt,
1715 3773 1878 3812 unam

297 3851 640 3909 nocturnam,
680 3843 904 3897 alteram
950 3844 1219 3900 diurnam.
1266 3846 1359 3901 Illa
1388 3862 1510 3902 cum
1546 3857 1804 3904 nocturna
1847 3866 1876 3905 a

295 3933 583 3992 collatione
645 3935 994 4004 vespertinali
1042 3952 1214 4006 usque
1267 3938 1335 3992 ad
1382 3953 1600 3994 versum
1659 3941 1878 4011 capituli

294 4025 664 4098 protrahitur:
691 4025 783 4080 illa
823 4040 950 4082 vero
980 4027 1172 4082 diurna
1216 4043 1248 4082 α
1274 4043 1433 4082 versu
1456 4029 1677 4099 capituli
1706 4045 1880 4101 usque

300 4115 368 4170 ad
419 4113 781 4185 supradictam
845 4116 1205 4184 vespertinam
1255 4117 1621 4172 collationem.
1685 4118 1740 4172 In
1786 4119 1879 4175 illo

293 4207 438 4261 enim
486 4205 788 4262 nocturnali
841 4205 1054 4262 silentio
1103 4207 1319 4277 penitus
1361 4207 1613 4278 loquendi
1663 4208 1878 4264 licentia

293 4295 579 4351 interdicta
625 4303 710 4350 est
744 4313 758 4349 :
800 4295 853 4350 in
897 4295 1130 4352 diurnali
1157 4313 1289 4352 vero
1322 4313 1445 4352 cum
1476 4298 1615 4353 alter
1647 4299 1878 4354 alterum

294 4389 662 4460 appellaverit,
690 4390 802 4445 sive
821 4388 1007 4458 junior
1032 4407 1062 4446 a
1090 4393 1301 4448 seniore
1323 4392 1523 4462 aliquid
1547 4394 1874 4464 requisierit,

295 4483 518 4538 silenter
541 4483 743 4551 absque
779 4481 888 4536 ullo
913 4483 1139 4553 strepitu
1161 4485 1311 4540 vocis
1338 4493 1392 4539 et
1419 4485 1638 4540 humilis
1667 4486 1726 4539 fit
1747 4501 1878 4542 con-
1905 4522 1954 4580 Β

299 4574 578 4640 fabulatio,
603 4575 790 4644 paucis
824 4575 980 4630 valde
1005 4585 1059 4630 et
1087 4577 1499 4633 rationabilihus
1523 4580 1724 4643 verbis,
1749 4581 1874 4634 nul-

296 4665 455 4735 laque
481 4665 561 4720 eis
585 4672 678 4720 aut
701 4665 861 4720 simul
883 4667 1058 4722 standi
1088 4677 1182 4722 aut
1222 4668 1546 4723 consedendi
1577 4679 1671 4724 aut
1697 4685 1878 4725 coam-

296 4755 515 4811 bulandi
565 4756 761 4811 sinitur
793 4772 966 4825 more,
993 4767 1218 4830 excepto
1263 4759 1506 4814 discendi
1552 4768 1645 4815 aut
1687 4777 1881 4832 coope-

299 4845 455 4900 randi
503 4845 709 4915 gratia,
762 4848 855 4902 sed
903 4863 1118 4918 semper
1170 4850 1352 4904 autin
1403 4850 1634 4908 lectione
1681 4861 1775 4906 aut
1822 4854 1877 4906 in

296 4949 462 5006 opere
495 4949 751 4989 manuum
789 4952 977 4992 omnes
1021 4938 1182 4996 horas
1209 4940 1432 4998 diurnas
1451 4952 1792 4998 consumant.

367 5023 733 5090 Intervallum,
748 5027 893 5094 quod
921 5027 1061 5082 inter
1074 5044 1208 5099 opus
1231 5030 1323 5084 Dei
1339 5040 1394 5086 et
1416 5033 1606 5087 horam
1629 5034 1881 5090 refectio-

299 5118 384 5175 nis
409 5114 719 5184 contigerit,
759 5124 852 5170 aut
877 5118 1084 5172 orando
1133 5129 1226 5174 aut
1273 5121 1498 5192 legendo
1551 5124 1876 5195 transigunt,

297 5217 525 5280 excepto
555 5207 602 5262 si
628 5207 697 5264 ad
723 5208 1102 5263 necessitatem
1153 5219 1360 5267 natura:
1395 5214 1518 5282 quis
1558 5213 1640 5267 ire
1663 5214 1875 5269 debeat.

300 5303 618 5374 Ubicunque
638 5301 809 5374 gloria
841 5310 1043 5357 sanctze
1070 5301 1352 5357 Trinitatis
1403 5305 1517 5359 sive
1557 5306 1610 5360 in
1639 5307 1880 5363 oratorio

298 5397 411 5454 sive
431 5398 487 5453 in
508 5397 752 5469 quolibet
765 5396 884 5454 loco
909 5395 1229 5460 insonuerit,
1253 5396 1298 5452 si
1324 5404 1532 5453 stantes
1549 5409 1692 5463 sunt,
1709 5415 1880 5472 prope

298 5502 470 5558 usque
497 5489 566 5542 ad
591 5489 812 5545 humum
841 5495 1258 5559 prosternuntur
1301 5503 1473 5558 usque
1522 5488 1648 5544 dum
1694 5499 1880 5547 sancta

301 5576 538 5634 Trinitas
564 5582 890 5649 perdicatur.
931 5579 992 5636 Si
1024 5597 1154 5637 vero
1180 5582 1438 5647 sederint,
1468 5582 1536 5638 ab
1566 5583 1732 5640 humo
1758 5601 1882 5641 sur—

299 5677 485 5738 gentes
535 5672 758 5741 gloriam
809 5677 1141 5748 resurgendo
1186 5687 1240 5732 et
1292 5676 1596 5734 inclinanda
1633 5677 1881 5734 deferunt

300 5770 504 5815 sanctxe
534 5762 804 5822 Trinitati.

1981 568 2330 636 deflexionem
2357 586 2583 639 corpora
2620 570 2952 625 humiliando
3001 577 3189 639 petunt
3232 571 3564 625 benedictio-

1984 677 2124 716 nem.
2153 662 2287 718 Cum
2317 665 2370 717 in
2396 665 2612 718 domum
2635 663 2923 732 quamlibet
2951 662 3290 725 intraverint,
3318 663 3407 716 ubi
3433 677 3565 717 con-

1979 760 2172 805 ventus
2227 751 2457 806 fratrum
2504 767 2623 808 esse
2653 754 2831 817 debet,
2884 751 3164 822 genullexo
3209 760 3264 806 et
3321 751 3564 822 supplice

1981 843 2200 896 dextera
2230 852 2419 911 petunt
2441 843 2867 898 benedictionem
2897 841 3235 912 postulando.
3268 842 3324 896 ln
3357 845 3566 898 saluta-

1982 932 2126 986 tione
2148 933 2418 1002 hospitum
2447 933 2694 987 similiter
2719 941 2771 987 ct
2793 933 3176 1002 genuflectunt,
3207 941 3261 986 ct
3279 933 3564 989 dexteram

1983 1031 2285 1078 terratenus
2314 1024 2610 1078 dimittunt.

2049 1111 2182 1167 Cum
2211 1121 2420 1183 tempus
2450 1115 2656 1185 legendi
2679 1124 2782 1180 est,
2811 1130 3084 1185 nunquam
3135 1116 3252 1170 sine
3306 1115 3570 1172 lectorivo

1980 1219 2078 1258 suo
2122 1205 2360 1261 residere
2413 1209 2631 1271 audent,
2683 1209 2775 1262 sed
2817 1208 3008 1278 singuli
3038 1207 3278 1277 singulos
3305 1208 3572 1264 habentes

1982 1296 2264 1352 lectionem
2295 1314 2448 1353 suam
2497 1301 2547 1354 in
2588 1301 2668 1354 eis
2715 1315 2984 1354 memores
3015 1298 3194 1372 [Cod.,
3244 1315 3398 1355 suam
3429 1301 3571 1356 meis

1982 1390 2261 1463 memoris]
2311 1393 2708 1456 commendant,
2764 1393 2855 1461 qui
2910 1394 3289 1462 quoquomodo
3327 1408 3359 1447 a
3411 1393 3572 1449 nobis

1982 1481 2144 1534 etiam
2177 1481 2302 1535 facti
2353 1485 2500 1547 fiant,
2542 1499 2572 1536 a
2622 1483 2775 1537 nobis
2821 1483 3175 1555 ordinandum
3204 1493 3304 1537 est.
3343 1481 3574 1537 Jurandi

1981 1586 2109 1625 usus
2136 1572 2275 1641 apud
2297 1587 2390 1627 eos
2412 1573 2626 1642 penitus
2647 1588 2751 1627 non
2766 1573 3012 1637 habetur,
3033 1575 3175 1642 quod
3195 1574 3574 1643 evangelicum

1980 1663 2296 1718 mandatum
2357 1677 2480 1716 eum
2536 1664 2786 1718 omnibus
2836 1662 3158 1718 Christianis
3219 1664 3506 1718 interdicat
3556 1681 3572 1716 :

1980 1764 2183 1824 quanto
2213 1755 2384 1825 magis
2413 1755 2498 1810 his
2548 1757 2638 1824 qui
2672 1771 2792 1809 cum
2821 1756 3038 1810 nomine
3065 1755 3374 1810 Christiano
3402 1757 3574 1810 etiam

1979 1847 2175 1902 saeculo
2199 1847 2739 1902 abrenuntiaverunt.

2053 1937 2217 1993 Usum
2246 1937 2558 1992 Latinitatis
2586 1939 2764 2007 potius
2809 1953 2970 2006 quam
3004 1937 3344 1993 rusticitatis.
3375 1937 3464 2007 qui
3485 1937 3584 1991 in-

1978 2036 2064 2083 ter
2092 2045 2187 2084 eos
2218 2029 2525 2084 scholastici
2572 2038 2716 2093 sunt,
2769 2039 3087 2100 sequuntur.
3144 2029 3200 2083 In
3254 2031 3348 2084 tali
3401 2032 3579 2084 etiam

1977 2119 2409 2174 confabulatione
2426 2120 2612 2174 notitia
2629 2120 3030 2190 Scripturarum
3050 2120 3372 2190 aliquotiens
3395 2121 3582 2191 magis

1978 2224 2138 2279 quam
2169 2209 2398 2264 lectione
2419 2219 2752 2279 penetratur,
2785 2218 2837 2264 et
2863 2210 3101 2266 dictandi
3144 2226 3275 2264 usus
3320 2211 3578 2278 discitur,

1979 2312 2034 2356 et
2054 2303 2122 2356 ad
2147 2301 2458 2356 discendum
2484 2318 2675 2357 sensus
2695 2303 2924 2356 acuitur.

2052 2392 2178 2448 Haec
2203 2402 2258 2447 et
2281 2392 2385 2447 alia
2414 2393 2612 2447 similia
2642 2393 2743 2458 his,
2775 2408 2894 2462 quae
2915 2394 3080 2448 menti
3104 2409 3211 2448 non
3248 2401 3569 2457 occurrunt,

1980 2482 2035 2537 in
2107 2483 2539 2552 supradictorum
2597 2485 2990 2539 emnobitarum
3067 2485 3574 2540 conversationihua

1979 2579 2252 2640 comperta
2274 2571 2557 2636 habemus,
2583 2572 2650 2626 ad
2674 2588 2902 2641 quorum
2929 2574 3172 2642 exempla
3198 2573 3572 2628 informandos

1979 2677 2076 2732 per
2103 2663 2356 2718 universa
2385 2663 2537 2731 regni
2584 2663 2666 2718 sui
2703 2665 2949 2720 caenobia
2992 2665 3284 2720 monachos
3329 2665 3575 2720 decrevit

1981 2754 2246 2823 imperiali
2270 2768 2521 2816 censum,
2546 2763 2606 2808 ut
2631 2770 2738 2809 uno
2781 2756 2940 2810 modo
2969 2771 3053 2819 ea,
3091 2771 3209 2824 qua:
3240 2771 3307 2809 ex
3336 2754 3581 2809 auctori-

1981 2853 2093 2899 tate
2113 2844 2332 2914 regulze,
2351 2860 2444 2900 seu
2466 2844 2574 2908 illa,
2599 2860 2719 2914 qua:
2754 2861 2819 2899 ex
2845 2846 3291 2900 consuetudinum
3312 2844 3580 2900 adiuven-

1983 2936 2131 2989 tione
2161 2943 2411 3005 aguntur,
2447 2935 2499 2989 in
2527 2952 2624 2989 usu
2650 2937 2966 2991 habeantur.
3019 2936 3172 2991 Unde
3201 2936 3578 2990 necessarium

1982 3040 2124 3090 reor,
2152 3024 2196 3078 si
2226 3035 2416 3080 vestrae
2457 3026 2632 3096 placet
2677 3027 2970 3090 dilectioni,
3000 3035 3058 3080 ut
3083 3027 3137 3080 in
3173 3027 3260 3081 his
3285 3035 3410 3080 ante
3430 3042 3582 3095 prae-

1983 3116 2174 3170 moniti
2203 3124 2478 3171 certamen
2503 3118 2769 3182 habeatis,
2802 3118 2858 3172 in
2881 3118 2964 3172 his
2991 3119 3243 3173 omnibus
3271 3119 3482 3181 instrui,
3511 3127 3580 3173 ut

1980 3206 2139 3262 bonis
2167 3215 2223 3261 et
2250 3207 2494 3262 honestis
2515 3208 2758 3262 moribus
2781 3208 2983 3263 exculti
3008 3224 3115 3263 non
3157 3216 3366 3262 tantum
3385 3223 3582 3265 coram
3639 3224 3652 3231 ‘

1982 3297 2096 3352 Deo
2122 3296 2442 3363 laudabiles,
2474 3299 2568 3357 sed
2596 3299 2758 3352 etiam
2785 3313 2970 3353 coram
2998 3299 3374 3354 hominibus...
3401 3299 3583 3368 possit

1981 3392 2050 3448 ad
2071 3393 2430 3448 humilitatem
2458 3401 2511 3448 et
2538 3393 2834 3462 gratiarum
2857 3394 3124 3447 actionem
3169 3400 3398 3447 caeteros
3419 3407 3582 3448 revo-

1980 3497 2127 3538 care.
2161 3481 2384 3538 Interim
2415 3483 2728 3552 providendi
2756 3493 2881 3537 sunt
2922 3497 3060 3537 unus
3103 3489 3196 3536 aut
3240 3483 3370 3547 duo,
3397 3483 3493 3553 qui
3521 3482 3580 3537 in

1981 3574 2425 3644 unumquodlibet
2464 3590 2528 3630 ex
2559 3576 2645 3630 his
2671 3576 2935 3630 coenobiis
2980 3575 3266 3630 mittantur
3292 3575 3359 3629 ad
3381 3590 3581 3644 specu-

1981 3663 2196 3720 landam
2218 3665 2383 3718 vitam
2403 3673 2459 3719 et
2479 3666 2719 3720 habitum
2738 3667 2972 3731 illorum,
2989 3667 3080 3736 qui
3103 3681 3200 3720 nos
3224 3666 3277 3718 in
3293 3667 3575 3728 erunibus.

1980 3755 2036 3812 in
2063 3756 2258 3826 quibus
2285 3755 2516 3812 fortasse
2564 3759 2878 3823 titubamus,
2909 3759 3169 3814 certiores
3197 3759 3444 3821 reddant,
3479 3759 3576 3828 qui

1980 3854 2034 3902 et
2065 3846 2170 3900 illis
2196 3846 2322 3902 boni
2351 3848 2582 3916 exempli
2612 3848 2784 3904 forma
2807 3849 2920 3904 sint
2959 3850 3024 3904 ad
3049 3864 3185 3918 quos
3226 3849 3574 3912 intraverint,

1979 3945 2033 3992 et
2058 3939 2215 3993 nobis
2240 3939 2358 3993 sine
2380 3939 2604 3996 zizaniis
2645 3941 2873 3996 mixtum
2921 3942 3157 3996 triticum
3201 3943 3573 4010 reponendum

1981 4029 2035 4084 in
2066 4029 2262 4085 horrea
2289 4038 2588 4098 reportant.

2051 4120 2226 4190 Super
2261 4122 2458 4193 quibus
2483 4122 2733 4178 omnibus
2757 4128 2813 4175 et
2857 4119 3083 4192 singulis
3110 4122 3236 4176 dum
3262 4121 3571 4186 reverendi,

1979 4212 2324 4270 honorabiles
2369 4230 2434 4270 ac
2478 4214 2715 4286 religiOsi
2766 4214 2869 4269 viri
2913 4214 3114 4269 domini
3168 4213 3483 4271 Waltherus
3505 4216 3574 4270 de

1980 4302 2272 4376 Wiltsperg
2292 4307 2477 4370 abbas,
2497 4304 2806 4360 Leonardus
2821 4305 2886 4360 de
2906 4304 3288 4360 Reichenstain
3311 4306 3570 4368 decanos,

1979 4394 2271 4464 capitulum
2296 4409 2389 4450 seu
2434 4402 2730 4449 conventus
2758 4394 3052 4465 imperialis
3084 4396 3404 4450 monasterii
3427 4396 3575 4450 hlar-

1979 4485 2232 4540 bacensis
2249 4485 2352 4540 sibi
2369 4501 2398 4539 a
2415 4500 2500 4540 me
2524 4494 2582 4539 ut
2603 4486 2822 4556 publico
2841 4486 3055 4541 notario
3073 4487 3388 4556 subscripta
3404 4503 3572 4543 unum

1979 4574 2063 4629 vel
2109 4574 2266 4644 plura
2310 4574 2585 4644 publicum
2636 4591 2730 4631 seu
2777 4575 2990 4645 publica
3020 4576 3138 4631 fieri
3168 4576 3443 4646 petierunt
3471 4586 3568 4639 tot,

1979 4675 2112 4735 quot
2160 4666 2363 4720 fuerint
2403 4667 2726 4731 necessaria,
2783 4668 3200 4741 instrumentum
3249 4667 3333 4722 vel
3362 4669 3574 4722 instru-

1979 4764 2186 4813 menta.

2051 4867 2184 4922 Acta
2210 4875 2337 4922 sunt
2362 4867 2475 4922 hac
2503 4881 2665 4932 anno,
2697 4865 3009 4931 indictione,
3061 4867 3167 4930 die,
3218 4879 3408 4920 mense
3441 4865 3577 4921 dicti

1980 4958 2329 5014 Maximiliani
2353 4958 2719 5012 Romanorum
2743 4957 2886 5028 regis
2913 4966 3172 5026 tempore,
3201 4956 3323 5012 loco
3349 4965 3407 5011 et
3434 4957 3573 5012 hora

1979 5049 2178 5118 quibus
2201 5062 2383 5117 supra,
2399 5047 2757 5117 praesentibus
2778 5047 2973 5101 ibidem
3000 5047 3299 5102 honorabili
3325 5047 3574 5111 domino,

1980 5145 2035 5192 et
2063 5137 2314 5192 discretis
2342 5136 2475 5192 virls
2500 5134 2708 5192 Joanne
2753 5136 2875 5192 Ortt
2920 5138 3238 5210 presbytero
3291 5136 3575 5208 capellano

1981 5227 2341 5293 Murbaeensi,
2386 5236 2442 5282 et
2490 5226 2766 5283 Richardo
2818 5227 3019 5300 Muling
3059 5237 3223 5298 atque
3265 5226 3478 5283 Joanne
3505 5229 3576 5282 de

1982 5319 2284 5376 Wertheim
2305 5319 2546 5390 ejusdem
2573 5321 2672 5376 loci
2706 5322 2896 5378 incolis
2925 5323 3076 5378 laicis
3123 5322 3376 5378 litteratis
3424 5322 3580 5377 Basi.

1980 5411 2168 5470 liensis
2189 5412 2460 5479 diceeesis,
2484 5413 2716 5468 testibus
2740 5415 2806 5468 ad
2835 5414 3114 5484 praemissa
3135 5414 3338 5469 vocatis
3365 5414 3579 5483 specia-

1981 5502 2106 5558 liter
2131 5511 2187 5558 et
2216 5503 2438 5571 rogatis.

2054 5594 2118 5647 Et
2145 5608 2246 5662 ego
2268 5591 2592 5648 Wilhelmus
2624 5593 2690 5647 de
2717 5591 3054 5658 Hobenhem,
3083 5603 3213 5660 etc.,
3246 5594 3418 5648 laicus
3439 5609 3575 5648 con-

1976 5686 2216 5756 iugatus,
2247 5684 2679 5740 Constantiensis
2705 5685 2894 5740 doctor
2919 5687 3165 5756 publicus
3211 5701 3368 5745 sacra
3396 5686 3575 5754 impe-

1984 5776 2102 5832 riali
2127 5773 2449 5834 auctoritate
2472 5775 2738 5841 notarius,
2767 5776 2892 5846 quia
2934 5773 3089 5832 dicite
3135 5776 3322 5831 rotula:
3378 5790 3576 5846 perga-
