3868 6174
237 363 344 418 ’ἷιεῖ

1069 359 1386 416 SANCTUS
1423 359 1815 418 LUDGERUS.
1852 390 1925 400 —
1961 357 2238 414 NOTITIA
2276 355 2658 414 HISTORICA.

3409 359 3512 413 τίτῖ

235 474 430 528 mineze
484 477 710 525 vetustae
761 484 854 524 seu
905 468 1108 524 chartae
1153 471 1488 524 Statutorum
1532 485 1596 523 ac
1655 485 1820 524 caere-
1846 483 1894 539 Α
1922 469 2238 538 subscripsi,
2267 464 2555 538 publicavi,
2577 474 2638 521 et
2677 465 2731 519 in
2774 464 2914 520 hanc
2959 464 3230 534 publicam
3283 465 3511 523 formam

237 565 543 619 moniarum
615 559 943 629 rcgularium
1017 565 1255 627 tempore
1329 559 1502 613 sancti
1564 556 1821 627 Simpcrti

235 653 580 711 usitatorum,
618 649 1043 719 przesentatioui,
1103 651 1418 719 receptioni,
1458 651 1818 719 requisitioni,

234 741 657 812 transumptioni
707 755 772 794 ac
809 741 1188 796 auscultationi
1236 743 1593 812 omnibusque
1621 744 1744 798 aliis
1768 752 1824 798 et

234 831 462 902 singulis
514 831 826 900 praemissis,
868 831 1016 896 dum,
1055 833 1196 886 sicut
1239 833 1604 902 prmmittitur,
1633 833 1824 889 ﬁerent

233 933 289 977 et
330 929 644 992 agerentur,
677 936 780 974 una
825 937 948 976 cum
985 922 1389 991 prtenominatis
1431 925 1660 978 testibus
1686 940 1822 994 pra:-

231 1028 357 1069 sens
389 1011 631 1074 interfui,
659 1027 829 1080 eaque
853 1012 1032 1066 omnia
1058 1020 1114 1066 et
1137 1012 1346 1082 singula
1372 1012 1448 1066 sic
1486 1012 1600 1067 ﬁeri
1634 1013 1740 1068 vidi
1769 1021 1825 1068 et

233 1104 433 1158 audivi.
468 1103 674 1158 Idcirco
703 1119 942 1172 prznsens
972 1104 1245 1173 publicum
1274 1105 1594 1173 transumpti
1618 1105 1820 1158 instru-

231 1203 472 1251 mentum
528 1211 626 1265 per
667 1210 752 1249 me
801 1193 1032 1250 ﬁdeliter
1074 1195 1332 1264 scriptum
1363 1196 1555 1250 exinde
1590 1195 1820 1260 confeci,

817 1445 906 1525 S.
971 1444 1520 1525 SIMPERTI
1584 1444 2144 1526 EPISTOLA
2205 1442 2889 1526 ENCYCLICA.

1927 560 2130 631 redegi,
2159 559 2418 630 signoque
2436 565 2492 612 et
2518 557 2738 612 nomine
2777 557 2915 610 meis
2956 556 3130 611 solitis
3159 565 3215 612 et
3238 561 3513 616 consuetis

1925 652 2136 722 signavi
2164 659 2382 719 rogatus
2403 649 2607 719 pariter
2625 657 2680 704 et
2702 649 2994 718 requisitus
3017 651 3071 704 in
3091 649 3249 705 ﬁdem
3277 661 3331 706 et
3359 655 3513 707 testi-

1925 741 2170 797 monium
2197 741 2434 795 omnium
2462 749 2517 792 et
2537 739 2891 809 singulorum.
2939 737 3191 794 Attamen
3217 748 3277 795 ut
3310 743 3511 797 veritas

1926 833 2101 902 magis
2122 832 2414 895 elucescat,
2441 839 2496 884 et
2527 829 2659 884 ﬁdes
2703 831 2858 899 plena
2891 831 3229 897 adhibeatur,
3261 847 3511 888 reveren-

1925 925 2032 978 dus
2052 938 2264 991 semper
2287 938 2351 976 ac
2376 921 2630 977 colendus
2659 922 2888 976 domnus
2919 923 3227 979 Waltherus
3265 940 3405 996 smpe
3427 925 3508 979 di-

1924 1022 2050 1069 ctus
2074 1013 2240 1067 abbas
2261 1012 2625 1066 Murbacensis
2638 1026 2880 1080 praesens
2893 1012 3164 1081 publicum
3185 1015 3507 1084 transumpti

1923 1108 2345 1160 instrumentum
2389 1104 2554 1175 sigilli
2601 1105 2769 1172 ipsius
2813 1107 3139 1176 appensione
3186 1106 3507 1161 communiri

1927 1195 2056 1252 fecit
2085 1212 2148 1250 ac
2167 1195 2345 1264 jussit.

2661 1343 2730 1351 —_.

1357 1719 1518 1780 (Apud
1550 1718 1908 1778 Mabilloninm,
1930 1717 2175 1780 Aualect.,
2195 1732 2243 1780 p.
2268 1717 2401 1781 ιιε.)

287 1899 768 1954 Reverentissima:
795 1899 1174 1955 matrifamilim
1206 1899 1282 1954 ill.
1306 1898 1643 1958 Sindhcrtus,
1675 1901 1818 1955 dono
1850 1909 1896 1968 Β
1921 1900 2173 1971 migravit
2199 1898 2280 1972 (ut
2298 1898 2588 1972 credimus)
2615 1898 2680 1952 ad
2702 1896 2996 1962 Christum,
3022 1914 3127 1967 qua
3148 1914 3212 1953 ex
3234 1915 3292 1954 re
3312 1899 3508 1955 obnixe

223 1991 312 2046 Dei
336 1999 569 2045 vocatus
589 1990 874 2060 episcopus
896 1999 1058 2060 atque
1079 1991 1216 2045 abba
1239 1991 1304 2045 de
1326 1993 1654 2044 monasterio
1681 1989 1825 2044 Mor-

223 2084 340 2147 bac,
371 2084 426 2136 in
456 2082 686 2136 Domino
707 2093 968 2137 aeternam
993 2083 1241 2138 salutem.

291 2174 368 2228 De
393 2184 598 2228 cancro
631 2175 929 2243 compcriat
957 2174 1209 2229 melliﬁua
1253 2175 1492 2230 charitas
1540 2183 1724 2230 vestra
1753 2188 1819 2230 eo

217 2265 366 2329 quod
397 2263 573 2318 frater
600 2273 783 2319 vester
808 2266 1028 2320 nomine
1049 2264 1138 2318 ille
1162 2265 1247 2319 vel
1274 2264 1387 2326 ille,
1434 2264 1500 2319 de
1547 2264 1656 2319 hac
1701 2263 1822 2319 luce

1925 1991 2278 2046 obsecramus
2303 1990 2596 2044 almitatem
2623 1989 2883 2054 vestram,
2926 1998 2985 2043 ut
3007 2003 3107 2057 pro
3136 1989 3304 2058 ipsius
3329 1990 3504 2044 anima

1923 2081 2004 2136 sic
2025 2080 2287 2148 jubemini
2326 2079 2442 2154 (sic)
2475 2095 2634 2151 agere
2667 2080 2734 2134 de
2760 2080 2982 2149 psalmis
3013 2094 3104 2134 seu
3135 2080 3315 2133 missis
3346 2089 3507 2150 atque

1924 2171 2144 2243 vigiliis,
2163 2187 2260 2226 ceu
2287 2171 2477 2241 ingens
2504 2171 2718 2226 bonitas
2739 2178 2917 2224 vestra
2931 2170 3228 2224 consuevit.
3247 2169 3506 2238 Optamus

1921 2278 2020 2318 vos
2048 2264 2184 2318 bene
2207 2263 2408 2316 valere.

1126 2506 1484 2567 EIUSDEM
1527 2506 1948 2570 INDICULUS
1988 2510 2099 2570 AD
2145 2465 2606 2572 EPlSCOPUM.

1662 2705 1894 2768 (manu,
1923 2706 2066 2766 ibid.)

281 2905 524 2962 Domino
579 2908 1013 2963 reverentissimo
1058 2910 1309 2980 episcopo
1335 2910 1409 2963 ill.
1462 2910 1803 2978 Sindhcrtus,

1912 2911 1994 2965 rio
2023 2911 2256 2978 Morbac,
2288 2930 2394 2969 una
2422 2931 2544 2970 eum
2583 2915 2860 2983 fratribus,
2891 2926 3149 2973 aeternam
3187 2918 3241 2972 in
3287 2914 3503 2974 Christo

217 2999 393 3068 gratia
420 2998 518 3053 Dei
543 3007 766 3053 vocatus
789 2999 1072 3070 episcopus
1099 3009 1259 3070 atque
1284 3001 1420 3055 abba
1443 3000 1510 3054 de
1540 3011 1811 3058 monaste-
1839 2983 1886 3045 (ἶ
1915 3003 2042 3061 Jesu
2070 3008 2296 3064 Domino
2317 3018 2502 3065 nostro
2533 3011 2784 3077 salutem,
2811 3019 2938 3076 etc.,
2966 3020 3020 3065 ut
3048 3027 3229 3094 supra.

224 3132 3503 3168 Μ

1494 3256 1664 3302 ANNO
1704 3257 1934 3302 DOMINI
1980 3261 2206 3304 DCCCI‘E
2219 3288 2232 3301 .

609 3396 1688 3558 SANCTUS
1823 3401 3128 3562 LUDGERUS

1264 3663 2043 3721 MIMIGARDEFORDENSIS
2083 3666 2473 3724 EPISCOPUS.

641 3878 1078 3959 NOTITlA
1143 3850 1695 3956 HISTORICA
1774 3881 1878 3956 1N
1945 3879 2427 3960 SANCTUM
2489 3880 3087 3960 LUDGERUM.

1248 4036 1415 4097 (Apud
1442 4036 1646 4096 Mabill.,
1671 4036 1779 4087 Art.
1805 4035 1924 4086 0rd.
1949 4037 2001 4086 S.
2023 4037 2237 4100 Bcned.,
2257 4050 2375 4089 suae.
2401 4037 2491 4102 tv.)

1718 4145 1971 4158 ——_

274 4207 296 4260 l
313 4246 325 4258 .
343 4201 650 4271 Liudgerus
665 4213 757 4271 seu
774 4197 1073 4271 Ludgeru‘s,
1092 4196 1210 4271 aliis
1225 4197 1812 4271 Ltiidgcnis,Luidige-

220 4290 410 4339 rusve,
457 4266 1303 4341 primusMimigardcfordensis,
1343 4283 1506 4341 nunc
1538 4266 1807 4325 Monaste-

224 4337 444 4404 riensis,
462 4337 733 4395 Ecclesia:
760 4337 1207 4408 episcopusapud
1231 4337 1573 4408 Westphalos
1597 4355 1690 4394 seu
1720 4356 1811 4394 oc-

225 4412 525 4469 cidentales
559 4406 821 4472 Saxones,
850 4409 938 4477 qui
971 4406 1160 4478 Frisiis
1187 4415 1241 4460 et
1270 4406 1492 4462 Francis
1539 4409 1812 4478 Ripuariis

223 4483 440 4538 ﬁnitimi
473 4487 604 4534 sunt
633 4520 648 4541 ,
687 4495 715 4532 a
748 4479 934 4532 multis
971 4477 1325 4541 scriptoribus
1357 4477 1658 4534 celebratus
1705 4489 1807 4535 est.

225 4555 446 4608 Primus
476 4551 561 4621 (ut
589 4547 1334 4621 puto)_Altfridt_Is,Liudgeri
1364 4548 1811 4621 pos_t_Gcrfridum

225 4617 538 4685 successor,
594 4617 640 4673 is
677 4619 768 4688 qui
797 4633 938 4672 anno
967 4617 1080 4688 8497
1108 4617 1305 4688 ,vivcrc
1362 4619 1540 4684 desiit,
1594 4620 1660 4674 de
1691 4621 1810 4675 Vita

223 4694 402 4748 sancti
435 4689 616 4745 Patris
644 4687 896 4758 Liudgeri
922 4687 1124 4758 aliquid
1167 4702 1417 4757 agressus
1439 4699 1522 4743 est
1553 4691 1810 4752 scribere,

229 4782 250 4811 ‹
288 4769 566 4844 quatenus
600 4767 710 4814 tam
745 4757 1050 4844 veneranda
1078 4757 1220 4812 illius
1247 4759 1493 4844 exempla
1533 4760 1717 4814 multis
1747 4762 1812 4842 ad

227 4827 648 4887 aediﬁcationem
707 4827 1032 4898 proﬁcerent
1074 4847 1093 4880 ›
1120 4869 1134 4890 ,
1184 4827 1580 4898 ηθΐεεᾼρυιειηε
1623 4847 1641 4880 ι
1679 4831 1812 4883 tanti

227 4903 332 4956 viri
356 4901 532 4955 latere
575 4896 803 4953 virtutes
833 4917 879 4955 ι.
910 4897 1042 4965 Qua:
1089 4897 1296 4968 prologi
1325 4896 1441 4966 ejus
1486 4900 1649 4953 verba
1681 4901 1815 4954 satis

227 4973 494 5034 indicant,
533 4969 802 5024 neminem
831 4979 957 5023 ante
994 4984 1117 5024 eum
1148 4969 1200 5022 id
1229 4968 1563 5038 pnestitisse.
1597 4968 1813 5024 Altfridi

231 5041 541 5097 lucubratio
570 5040 779 5094 duobus
806 5039 960 5093 libris
988 5037 1262 5103 contenta,
1301 5039 1354 5092 in
1384 5037 1575 5094 Martio
1603 5040 1814 5094 Bollan-

230 5113 392 5166 diano
421 5110 569 5166 edita
592 5109 828 5179 primum
860 5117 944 5162 est
972 5124 1095 5163 cum
1125 5109 1353 5163 eruditis
1390 5111 1811 5165 commentariis.

232 5181 378 5235 ldem
407 5187 787 5249 argumentum
833 5179 1040 5249 duobus
1074 5179 1262 5234 itidem
1313 5179 1465 5234 libris
1503 5183 1816 5235 retractavit

232 5247 542 5322 anonymus
571 5247 865 5322 monachus
878 5247 1298 5322 Werthinensis,
1321 5249 1565 5322 quaedam
1591 5252 1816 5306 subinde

233 5318 544 5390 admiscens
567 5319 808 5390 nonnihil
845 5320 917 5390 ab
937 5318 1151 5390 Altfridi
1174 5321 1486 5374 narratione
1509 5320 1818 5390 discrepan-

233 5391 312 5443 tia
338 5408 352 5443 :
377 5388 536 5457 cujus
555 5389 795 5443 auctoris
817 5389 1164 5458 scriptionem
1187 5405 1254 5445 ex
1277 5390 1632 5445 Fuldensibus
1653 5388 1819 5446 mem-

235 5461 432 5532 branis
461 5459 611 5532 eruit
637 5458 1060 5532 Christophorus
1079 5460 1386 5532 Browerus,
1418 5461 1509 5530 qui
1543 5458 1816 5532 Othelgri-

235 5545 385 5584 mum
410 5529 663 5596 Liudgeri
685 5529 890 5599 socium
905 5529 1024 5599 ejus
1041 5530 1374 5586 conditorem
1396 5529 1516 5586 esise
1533 5529 1814 5586 existima-

234 5600 334 5653 vit.
369 5599 574 5654 Verum
609 5606 801 5669 auctor
813 5597 947 5669 pejus
987 5598 1121 5655 Vitta
1157 5601 1434 5669 scribebat
1460 5609 1583 5669 post
1613 5616 1814 5656 annum

235 5669 364 5732 864,
402 5678 464 5722 ut
497 5675 644 5738 patet
664 5682 732 5722 ex
769 5667 863 5722 lib.
906 5684 966 5732 ιι,
993 5683 1112 5738 cap.
1144 5668 1234 5723 26.
1265 5667 1501 5724 Tertiam
1528 5671 1704 5725 Vitam
1737 5672 1818 5726 bi-

237 5743 324 5793 nis
373 5739 540 5793 etiam
571 5739 763 5792 libellis
791 5747 1148 5804 constantem,
1195 5754 1317 5809 quae
1349 5754 1414 5793 ex
1441 5741 1648 5795 duobus
1673 5742 1816 5810 prio-

532 5832 607 5890 ΓΑ
625 5847 798 5888 reoL.
839 5829 1068 5892 XCIX.

1917 4202 2067 4275 ribus
2098 4199 2328 4275 conﬂata
2358 4208 2460 4275 est,
2487 4203 2630 4275 typ_is
2656 4201 2894 4275 vulgavit
2917 4202 3107 4275 Surius
3129 4204 3194 4275 in_
3218 4206 3392 4275 prima
3415 4213 3499 4268 sui

1915 4272 2096 4340 operis
2122 4272 2359 4325 editione
2387 4272 2536 4392 Suam
2562 4271 2961 4326 Broweriauam
2988 4273 3106 4328 loco
3151 4271 3268 4341 ejus
3303 4280 3506 4334 substio

1915 4350 2135 4392 tuerunt
2163 4341 2306 4392 tertii
2344 4356 2392 4392 et
2416 4341 2580 4392 iteres
2619 4341 2950 4392 collectionis
2979 4341 3263 4392 Surianml-
3301 4345 3503 4392 Onarm

1914 4341 2306 4412 tucrunttertii
2344 4341 2580 4394 editores
2619 4341 2950 4412 collectionis
2979 4341 3263 4412 Surianm).
3301 4345 3504 4412 Quarta

1918 4411 2220 4480 rhythmica
2244 4418 2348 4480 est,
2365 4426 2394 4462 a
2411 4412 2690 4480 monachis
2706 4410 3176 4467 Werthinensibus
3205 4410 3258 4467 in
3286 4410 3502 4472 modum

1918 4479 2274 4552 litanizejussu
2290 4479 2552 4552 Bernardi
2562 4481 2772 4552 abbatis
2783 4481 2997 4552 condita
3013 4483 3112 4536 sub
3125 4497 3323 4538 annum
3342 4487 3364 4539 l
3383 4487 3502 4552 MO,

1916 4551 2112 4620 partim
2146 4549 2414 4620 indlartio
2441 4547 2791 4605 Bollandiano
2837 4551 3002 4605 edita.
3040 4552 3326 4609 Browerus
3355 4547 3507 4614 addit

1917 4618 2078 4674 aliam
2095 4621 2160 4674 ab
2178 4618 2384 4690 Ullingo
2399 4621 2665 4690 monacho
2683 4621 3034 4690 compositam
3054 4623 3152 4677 sub
3168 4623 3380 4679 initium
3395 4642 3500 4683 sa:-

1916 4691 2021 4762 culi
2046 4707 2100 4752 x,
2129 4705 2248 4758 quae
2266 4688 2450 4762 forsan
2477 4705 2581 4762 non
2601 4688 2821 4762 aliaest
2848 4707 3010 4762 quam
3036 4694 3321 4749 metricum
3338 4695 3503 4752 Liud-

1917 4761 2028 4833 geri
2043 4761 2274 4829 elogium
2291 4776 2320 4833 a
2334 4758 2694 4833 Bollandianis
2711 4758 2897 4833 itidem
2912 4762 3208 4833 vulgatum,
3224 4765 3314 4832 qui
3336 4767 3502 4822 etiam

1917 4830 2079 4884 aliam
2112 4830 2434 4885 recentioris
2465 4832 2702 4885 auctoris
2742 4845 2802 4886 se
2833 4830 3028 4901 legisse
3051 4830 3340 4889 testantur.
3378 4834 3503 4892 Pri-

1917 4916 2061 4954 mam
2085 4915 2150 4955 ex
2180 4901 2264 4954 bis
2288 4909 2344 4954 et
2364 4901 2653 4971 secundam
2680 4901 2768 4971 hic
2789 4903 3046 4958 exhibere
3066 4904 3239 4959 visum
3263 4916 3366 4971 est,
3386 4913 3522 4961 tum'

1917 4971 2043 5047 quia
2077 4978 2308 5047 utraque
2337 4970 2573 5047 auctoris
2616 4980 2702 5033 est
2745 4970 2860 5027 fere
2904 4973 3128 5047 (aqualis
3159 5015 3174 5040 ,
3209 4970 3499 5047 tumA'quia

1916 5040 2261 5113 Broweriana
2329 5039 2584 5113 nonnulla
2647 5050 2890 5097 continet
2937 5039 3057 5113 qua:
3103 5039 3165 5098 in
3222 5039 3500 5101 Altfridia-

1918 5127 1985 5164 na
2007 5110 2443 5186 non__legu_ntur._
2496 5110 2708 5186 Primos
2755 5113 2890 5186 Vitae
2936 5110 3307 5186 Liudgeriana:
3331 5117 3502 5186 scrip-

1919 5189 2065 5236 tores
2082 5180 2478 5235 Werthinensis
2504 5180 2702 5236 litania:
2716 5184 2964 5239 conditor
2986 5185 3063 5238 ait
3080 5180 3252 5238 fuisse
3277 5203 3295 5233 α
3315 5180 3500 5239 Otliél-

1915 5251 2149 5320 grimum
2175 5251 2494 5321 discipulum
2520 5249 2656 5319 ejus,
2700 5251 2987 5308 Altfridum
3018 5253 3494 5308 Monasteriensem

1917 5321 2248 5391 episcopum.
2282 5330 2339 5376 et
2361 5321 2623 5391 Ulliugum
2649 5325 2969 5378 coenobitam
2994 5321 3448 5391 Werthinensem.
3473 5342 3493 5376 ι

1918 5390 2252 5473 ΟιιιεΙςι-ἱιηρ
2282 5390 2536 5473 tanquam
2559 5393 2817 5473 primario
2844 5390 3328 5473 auctori.tribui.sse
3351 5391 3499 5473 vide-

1921 5470 2010 5514 tur
2037 5459 2327 5532 secundam
2349 5459 2694 5531 Vitaquua:
2724 5471 2911 5532 tamen
2943 5459 3107 5532 paulo
3135 5460 3308 5516 serius
3346 5462 3495 5518 edita

1919 5542 2189 5602 estquam
2211 5531 2530 5602 Othelgrimi
2552 5541 2684 5586 aetas
2714 5531 2870 5602 ferat.

1989 5598 2278 5657 QIPrznter
2297 5598 2399 5656 hos
2423 5611 2673 5656 auctores
2691 5601 2793 5671 alii
2817 5615 2923 5655 non
2945 5598 3103 5668 pauci
3129 5599 3196 5656 de
3219 5613 3286 5671 eo
3313 5608 3501 5671 agunt,

1919 5669 2736 5754 pithmarus.liferseburgensis
2778 5671 3065 5754 cpiscopus
3101 5671 3164 5754 in
3208 5669 3501 5754 Chronico,

1917 5741 2153 5797 Joannes
2183 5757 2210 5795 a
2243 5740 2424 5795 Leidis
2450 5740 2501 5793 in
2533 5738 3064 5812 Chronico’Belgieo,
3096 5738 3332 5797 Joannes
3356 5741 3502 5798 Bcka

2985 5834 3063 5894 2h
