3868 6174
221 325 331 390 753

1361 342 1516 401 VITA
1559 347 1617 402 S.
1660 344 1988 404 GREGORU
2024 343 2336 404 AEBATIS.

3399 356 3506 412 75’:

222 452 429 542 abbate
449 459 514 542 et
534 460 872 523 praeceptore
901 469 1022 509 meo
1044 454 1112 509 ab
1139 454 1362 511 infantia
1383 475 1395 510 :
1414 458 1506 527 qui
1544 458 1610 513 de
1637 457 1802 512 nubili
1831 462 1882 521 Α
1907 459 2166 516 athletam
2199 462 2288 518 Dei
2319 465 2662 535 peregrinum
2694 474 2751 522 et
2788 474 3069 538 egentem,
3101 469 3500 542 gratulabunda

217 541 396 613 stirpe
443 540 783 599 Francorum
840 556 868 586 ι
899 546 1236 615 progenitus,
1282 548 1565 604 nobilitate
1600 564 1815 603 morum

146 660 168 681 υ
216 643 275 687 et
298 632 589 705 sapientia:
628 634 970 691 documentis
1011 637 1345 693 nobilitatem
1387 639 1572 693 smculi
1603 638 1817 694 ornavit

217 741 286 782 ac
327 726 629 796 superavit.
672 726 848 794 Quam
888 730 1075 798 utique
1095 730 1431 800 spiritualem
1477 731 1815 787 nobilitatem

213 826 275 875 et
301 819 644 889 prudentiam
684 829 973 877 assecutus
1000 829 1087 878 est
1122 838 1153 877 a
1177 831 1368 879 sancto
1392 831 1633 895 martyre
1656 824 1817 879 Boni-

145 924 157 943 κ
216 911 360 967 facio
396 911 811 984 archiepiscopo
847 921 904 969 et
937 914 1200 985 magistro
1220 930 1359 971 suo:
1395 916 1487 985 qui
1526 916 1584 971 in
1624 917 1817 972 diebus

214 1000 548 1056 nobilissimi
595 1002 857 1074 principis
891 1003 1226 1059 Francorum
1257 1005 1401 1075 regis
1424 1004 1568 1060 Garli
1604 1005 1672 1060 de
1698 1005 1815 1060 Bri-

216 1090 411 1147 tannia
460 1098 517 1145 et
554 1099 715 1164 gente
771 1092 1069 1164 Anglorum
1120 1093 1483 1149 clarissimum
1544 1094 1817 1164 quoddam

214 1183 373 1238 sidus
424 1182 710 1240 Franciam
752 1185 976 1241 veniens
1001 1225 1017 1252 ,
1062 1186 1167 1242 sub
1229 1187 1449 1257 regibus
1492 1185 1817 1243 Carlmanno

214 1282 269 1331 et
303 1272 544 1344 Pippino
567 1272 814 1343 ejusdem
853 1276 999 1346 regis
1029 1274 1175 1331 Carli
1205 1275 1614 1347 gloriosissimis
1644 1275 1773 1331 filiis
1796 1315 1811 1339 ,

213 1362 376 1430 quasi
406 1362 489 1418 sol
515 1363 746 1419 rutilaus
773 1365 826 1418 in
859 1365 1171 1430 sanctitate,
1204 1365 1461 1435 expandit
1498 1365 1680 1421 radios
1705 1364 1816 1418 vir-

212 1454 352 1511 tutis
406 1470 522 1511 ente
555 1464 612 1511 et
638 1458 1042 1527 prtedicationis
1071 1497 1087 1523 ,
1129 1460 1421 1527 omniaque
1455 1473 1626 1529 prope
1650 1472 1847 1529 regna

214 1549 413 1604 vivens
438 1549 499 1603 in
524 1564 754 1620 corpore
798 1550 1122 1621 largissimis
1149 1550 1378 1620 dapibus
1402 1550 1662 1605 doctrina:
1705 1565 1820 1606 suae

212 1637 548 1704 reliciens,ct
573 1639 678 1695 llde
698 1640 1003 1695 metioravit
1028 1648 1085 1697 et
1108 1641 1239 1696 vita.
1271 1640 1452 1711 Atque
1472 1648 1599 1711 post
1623 1648 1816 1695 trans-

213 1729 349 1783 itum
404 1744 564 1784 suum
605 1730 673 1785 de
711 1731 815 1785 hoc
838 1731 1039 1786 mundo
1063 1746 1162 1801 per
1191 1739 1440 1787 sanctum
1471 1731 1814 1803 martyrium,

1915 554 2153 624 suscepit
2176 570 2301 610 eum
2328 556 2382 611 in
2409 558 2697 629 neSpitium
2721 574 2900 627 suum,
2918 562 3149 631 impleas
3163 563 3499 621 Dominieam

1914 645 2349 702 adhortationem
2401 665 2416 703 :
2466 647 2670 720 Hospes
2734 669 2878 707 eram
2905 695 2921 720 ,
2979 662 3026 709 et
3083 654 3363 728 collegistis
3425 675 3510 713 me

1915 734 2131 807 (Matth.
2167 737 2316 808 xxv).
2351 737 2596 809 Cumque
2644 741 2731 797 ille
2774 757 2932 798 sacer
2956 753 3178 800 sanctus
3202 746 3379 802 viator
3406 748 3508 804 Bo-

1914 825 2146 881 nifacius
2197 828 2495 884 secundum
2545 830 2760 886 solitum
2800 849 3005 889 morem
3032 850 3189 890 suum
3217 837 3504 893 missarum

1915 913 2174 984 mysteria
2202 917 2532 987 peregisset,
2560 928 2620 974 ut
2640 923 3028 992 propemodum
3053 925 3199 979 omni
3229 926 3314 981 die
3344 942 3506 998 agere

1915 1008 2195 1061 consuevit
2224 1046 2237 1071 ,
2277 1008 2536 1063 sederunt
2558 1011 2627 1065 ad
2653 1027 2919 1080 mensam,
2951 1014 3067 1084 ipse
3094 1015 3301 1072 scilicet
3326 1025 3382 1072 et
3409 1035 3506 1073 ειη-α

1914 1093 2037 1150 cilia
2069 1094 2163 1150 Dei
2189 1095 2399 1151 Addula
2435 1096 2713 1155 abbatissa
2750 1116 2874 1157 cum
2922 1102 3124 1158 familia
3167 1120 3285 1159 sua.
3316 1105 3504 1175 Coepe-

1916 1193 2045 1241 runt
2082 1194 2263 1241 autem
2285 1187 2354 1242 ad
2381 1188 2557 1259 ipsum
2588 1198 2836 1247 sanetum
2866 1194 3180 1249 convivium‘
3200 1195 3320 1265 plus
3339 1212 3502 1267 quam

1914 1274 2103 1344 epulas
2129 1315 2145 1341 ,
2192 1275 2448 1333 solatium
2495 1288 2699 1335 sanctae
2745 1279 3042 1353 Scriptum
3074 1292 3330 1355 expetere
3352 1327 3367 1353 ,
3398 1303 3506 1356 quo

1915 1363 2083 1422 fieret
2104 1365 2238 1421 fides
2260 1368 2596 1424 audientium
2622 1385 2852 1427 accensa
2876 1413 2891 1437 ,
2916 1388 3148 1444 spesque
3175 1382 3233 1431 et
3266 1377 3508 1433 eharitas

1916 1464 2176 1511 renovata
2218 1457 2272 1511 in
2320 1459 2512 1525 Deum,
2546 1461 2637 1531 qui
2682 1462 2797 1517 vult
2834 1477 3024 1519 omnes
3052 1464 3300 1521 homines
3329 1467 3508 1522 salvos
3544 1468 3555 1477 '

1916 1545 2055 1612 fieri,
2095 1554 2151 1602 et
2178 1547 2247 1602 ad
2276 1549 2607 1619 agnitionem
2653 1553 2899 1608 veritatis
2942 1569 3145 1610 ventre.
3186 1555 3337 1612 Tune
3364 1573 3513 1627 qua:-

1915 1638 2054 1693 situs
2081 1646 2165 1692 est
2192 1638 2364 1693 lector
2394 1679 2409 1705 ,
2457 1649 2515 1695 et
2549 1640 2707 1709 juxta
2755 1642 2849 1697 Dei
2900 1644 3230 1700 voluntatem
3257 1647 3509 1701 inventus

1916 1733 2001 1780 est
2052 1726 2258 1782 electus
2304 1742 2437 1797 puer
2465 1727 2759 1799 Gregorius
2791 1771 2807 1796 ,
2863 1732 2956 1801 qui
2997 1748 3096 1803 per
3124 1733 3267 1789 idem
3297 1743 3510 1805 tempus

212 1820 406 1875 eadem
438 1813 773 1874 Francorum
802 1835 968 1891 regna
994 1836 1094 1891 per
1117 1821 1289 1877 electa
1312 1837 1479 1894 grana
1519 1821 1812 1893 discipulo-
1844 1819 1888 1878 B
1914 1833 2088 1888 nuper
2126 1834 2156 1871 a
2196 1818 2380 1873 schola
2409 1826 2463 1873 et
2502 1819 2702 1890 palatio
2732 1836 3001 1887 reversus,
3033 1824 3134 1879 sub
3164 1823 3301 1880 laico
3326 1826 3515 1881 adhuc

215 1922 335 1964 rum
365 1925 617 1975 suorum,
648 1910 704 1965 in
739 1911 1044 1981 exemplum
1083 1911 1349 1968 Dominici
1375 1913 1602 1969 seminis
1623 1912 1818 1969 fructi-

214 2000 386 2059 ﬁcare
416 2002 550 2059 fecit
571 2044 588 2071 ,
624 2011 675 2059 et
704 2004 971 2075 prolicere
1010 2021 1183 2076 usque
1218 2006 1271 2060 in
1297 2007 1621 2063 hodiernum
1649 2008 1811 2062 diem.

213 2088 365 2152 inter
411 2112 550 2167 quos
594 2098 785 2154 beatus
817 2098 1114 2169 Gregorius
1152 2102 1402 2157 columna
1433 2102 1689 2158 Ecclesia:
1720 2104 1816 2159 Dei

211 2186 473 2241 inventus
501 2193 588 2241 est
618 2203 631 2240 :
656 2187 823 2256 quiin
847 2187 1040 2243 diebus
1080 2189 1469 2260 religiosissimi
1506 2191 1652 2262 regis
1688 2190 1815 2261 Pip-

210 2274 324 2345 pini
371 2274 674 2331 succedens
712 2277 973 2347 magistro
1001 2317 1019 2343 ,
1058 2279 1206 2349 genti
1250 2279 1553 2335 Fresonum
1618 2283 1816 2338 missus

210 2371 294 2422 est
316 2365 653 2437 praxicator
690 2380 706 2420 :
737 2367 824 2422 cui
869 2370 1130 2440 magistro
1166 2378 1222 2427 et
1267 2371 1543 2427 Bonifaeio
1585 2375 1813 2445 martyri

212 2457 415 2514 lentus
466 2455 764 2527 Gregorius
805 2457 909 2513 hoc
946 2460 1107 2516 modo
1136 2460 1416 2517 adhaerere
1452 2464 1620 2535 co‘pit
1655 2472 1711 2518 et
1739 2464 1816 2519 di-

210 2545 550 2617 scipulatum
575 2547 693 2617 ejus
715 2547 923 2603 subire.

277 2635 337 2691 3.
371 2632 511 2690 Cum
536 2635 651 2705 ipse
673 2636 882 2692 electus
930 2637 1026 2693 Dei
1069 2637 1379 2696 Bonifacius
1431 2648 1642 2713 martyr
1689 2650 1813 2712 post

211 2727 487 2784 tredecim
516 2727 546 2768 δ
572 2744 747 2784 annos
774 2737 1010 2800 peracta:
1026 2731 1081 2785 in
1104 2730 1362 2787 Fresonia
1386 2733 1809 2803 prmdicationis,

211 2823 414 2890 quibus
446 2822 502 2877 in
530 2822 759 2877 australi
779 2831 933 2894 parte
961 2824 1062 2880 laci
1084 2824 1290 2881 Almari
1318 2837 1342 2866 ο
1359 2842 1566 2898 pauper
1582 2842 1815 2897 evange-

212 2914 355 2969 licus
394 2922 453 2970 et
483 2913 873 2984 propemodum
914 2916 1194 2972 solitarius
1236 2927 1479 2974 sanetam
1508 2918 1812 2974 sessionem

214 3016 369 3057 suam
418 3002 600 3058 tribus
634 3004 688 3057 in
729 3003 866 3058 locis
911 3007 1241 3077 peregisset,
1283 3022 1514 3077 quorum
1556 3007 1812 3063 vocabula

211 3095 460 3150 locorum
485 3102 613 3149 sunt
632 3095 785 3150 haec:
811 3094 1027 3152 Primus
1049 3106 1277 3152 vocatur
1301 3097 1504 3169 Wyrda
1523 3097 1571 3160 ἀ,
1605 3098 1658 3153 in
1695 3099 1813 3169 ripa

1920 1910 2108 1966 habitu
2137 1909 2293 1980 quasi
2320 1918 2575 1981 quartum
2611 1911 2886 1967 decimum
2922 1921 3015 1968 aut
3044 1915 3311 1971 decimum
3352 1917 3511 1988 quiu-

1919 2012 2033 2058 tum
2084 2018 2252 2075 agens
2294 2003 2473 2059 aetatis
2528 2020 2727 2059 annum
2752 2045 2769 2070 ,
2830 2006 2930 2061 Dei
2972 2006 3231 2063 instinctu
3261 2008 3411 2064 venit
3439 2009 3509 2065 ad

1917 2095 2095 2151 aviam
2118 2110 2296 2160 suam,
2326 2095 2378 2150 id
2407 2105 2490 2151 est
2514 2095 2584 2150 ad
2609 2105 2841 2151 matrem
2871 2098 3043 2167 patris
3069 2098 3150 2152 sui
3189 2097 3392 2155 Albrici
3419 2114 3508 2155 su-

1915 2186 2219 2257 pradiclam
2265 2186 2597 2242 abbatissam
2639 2187 2810 2243 Deum
2862 2189 3139 2245 timentem
3192 2188 3457 2245 Addulam
3489 2206 3544 2245 ε’

1915 2276 2183 2347 datusque
2211 2289 2297 2333 est
2341 2278 2391 2333 ei
2437 2278 2595 2333 liber.
2638 2277 2777 2346 Qui,
2828 2287 3051 2351 accepta
3080 2279 3458 2338 benedictione
3487 2323 3503 2349 ,

1914 2369 2082 2439 coepit
2108 2368 2288 2440 legere
2314 2410 2329 2435 ,
2362 2378 2419 2425 et
2439 2369 2595 2441 juxta
2625 2371 2844 2425 modum
2871 2373 3048 2427 :etatis
3074 2388 3185 2427 suae
3213 2374 3351 2429 bene
3377 2390 3504 2445 per-

1914 2463 2114 2533 legere.
2160 2461 2470 2533 intelligens
2515 2477 2645 2517 vero
2695 2464 2956 2532 magister
2991 2478 3242 2534 sagacem
3270 2473 3506 2521 mentem

1913 2554 2070 2625 pueri
2124 2555 2432 2624 lonamque
2482 2553 2716 2611 indolem
2739 2596 2754 2620 ,
2786 2556 2953 2626 cmpit
2978 2572 3103 2611 eum
3131 2567 3507 2613 wnsummata

1912 2644 2147 2700 lectione
2175 2645 2261 2699 his
2289 2644 2470 2700 verbis
2495 2645 2774 2701 moderate
2796 2645 3020 2703 laudare
3046 2655 3103 2703 et
3121 2648 3303 2704 dicere
3326 2666 3341 2703 :
3362 2647 3508 2705 Bene

1912 2736 2070 2808 legis,
2102 2735 2199 2801 ﬁli,
2229 2737 2274 2791 si
2303 2736 2557 2808 intelligis
2585 2752 2705 2808 quae
2746 2736 2901 2810 legis.
2958 2738 3080 2809 Ipse
3124 2747 3305 2795 autem
3331 2739 3509 2795 adhuc

1916 2824 2179 2894 temporis
2204 2824 2422 2894 sapiens
2445 2833 2505 2879 ut
2530 2824 2808 2894 parvulus,
2832 2835 2888 2882 et
2907 2826 3133 2897 loquens
3147 2836 3216 2883 ut'
3230 2828 3505 2899 parvulus,

1915 2929 1975 2969 se
1996 2914 2137 2969 seire
2163 2914 2442 2985 professus
2468 2923 2553 2970 est
2580 2930 2700 2986 qua:
2739 2915 2968 2987 legebat.
3004 2918 3099 2973 Dic
3129 2918 3284 2985 mihi,
3309 2919 3506 2989 inquit,

1916 3006 2189 3075 quomodo
2211 3005 2465 3077 intelligis
2492 3021 2611 3076 quae
2638 3006 2804 3078 legis?
2830 3006 2949 3078 ipse
2978 3024 3115 3064 vero
3141 3012 3419 3080 repetebat
3438 3010 3507 3064 ab

1918 3098 2146 3152 exordio
2167 3097 2454 3153 lectionem
2484 3113 2639 3153 suam
2665 3137 2680 3163 ,
2711 3098 2899 3153 volens
2941 3099 3120 3170 legere
3156 3101 3299 3157 sicut
3335 3101 3505 3171 prius.

211 3181 362 3237 ﬂuvii
387 3183 568 3239 Rheni
594 3223 611 3250 ,
652 3184 744 3239 ubi
787 3192 993 3254 septem
1035 3186 1195 3243 annis
1216 3187 1500 3243 habitavit.
1531 3187 1815 3245 Secundus
1844 3182 1887 3243 C
1918 3190 2229 3259 Praeceptor
2257 3197 2437 3244 autem
2479 3197 2701 3244 sanctus
2728 3189 3084 3245 distulit-eum
3132 3192 3430 3262 paululum,
3453 3205 3512 3249 et

211 3281 446 3328 vocatur
486 3274 836 3344 Attingohem
864 3275 1018 3347 juxta
1047 3292 1261 3335 amnem
1291 3278 1462 3336 Febta
1493 3293 1517 3321 θ
1540 3321 1555 3346 ,
1596 3280 1689 3335 ubi
1717 3280 1816 3335 ha-

209 3365 414 3423 bitavit
442 3367 604 3426 annis
628 3367 807 3425 tribus
837 3388 850 3424 :
879 3385 988 3440 quo
1019 3372 1074 3426 in
1103 3371 1224 3428 loco
1263 3373 1501 3443 primum
1528 3372 1694 3443 coepit
1716 3373 1818 3428 ha—

212 3456 349 3512 bere
378 3456 705 3528 discipulum
738 3460 956 3516 nomine
983 3460 1357 3517 Gemhertum.
1405 3462 1621 3517 Tertius
1664 3461 1817 3519 locus

211 3546 529 3618 appellatur
562 3546 737 3603 Felisa
769 3587 786 3614 ,
826 3550 918 3618 qui
948 3551 1170 3621 propior
1192 3560 1316 3607 erat
1342 3551 1591 3623 gentibus
1631 3558 1687 3607 et
1718 3566 1818 3623 pa-

212 3640 399 3709 ganis,
434 3637 528 3693 ubi
555 3637 730 3693 tribus
756 3640 1009 3696 similiter
1058 3644 1217 3698 annis
1244 3643 1463 3698 mansit.
1493 3643 1625 3700 Post
1665 3646 1766 3700 hos
1798 3685 1812 3711 ,

211 3728 466 3797 inquam,
499 3727 762 3783 tredecim
813 3745 985 3785 annos
1033 3731 1162 3787 dum
1208 3732 1519 3789 admonitus
1544 3750 1577 3789 a
1607 3734 1718 3791 Deo
1743 3736 1813 3791 ad

213 3816 429 3872 llassos
451 3826 509 3873 et
533 3816 834 3889 Turingeos
857 3820 1149 3876 orientales
1188 3822 1436 3893 regiones
1480 3822 1816 3879 Francorum

211 3908 320 3963 iter
376 3923 544 3978 agere
589 3910 847 3978 coepisset
895 3909 1279 3965 luerandorum
1332 3911 1443 3967 Deo
1497 3913 1817 3984 pepulomm

210 4014 409 4064 causa,
439 3999 690 4069 pervenit
731 4000 801 4054 ad
827 4000 1148 4056 Palatiolum
1184 4000 1202 4039 ί
1238 4004 1626 4059 monasterium
1653 4005 1822 4075 virgi-

214 4103 346 4143 num
392 4102 564 4159 prope
594 4087 849 4145 Treveris
875 4091 1149 4146 civitatem
1175 4131 1190 4156 ,
1218 4092 1270 4145 in
1298 4093 1413 4163 ripa
1444 4094 1679 4150 ﬂuminis
1707 4095 1819 4150 Mo-

212 4182 361 4238 sellae
390 4221 408 4248 ,
462 4182 553 4238 cui
597 4188 723 4237 tunc
760 4192 994 4252 praeerat
1018 4181 1292 4237 abbatissa
1320 4184 1536 4239 nomine
1564 4183 1772 4240 Addula
1799 4227 1815 4252 ,

219 4271 482 4347 religiosa
519 4271 674 4328 valde
710 4280 768 4329 et
816 4271 1011 4328 timens
1038 4271 1229 4328 Deum.
1262 4272 1393 4341 Quae
1418 4289 1545 4331 cum
1595 4275 1822 4334 vidisset

286 4441 315 4470 ι
344 4428 637 4483 Trevirum
658 4425 824 4481 fuisse
844 4427 1016 4481 aiunt.
1029 4426 1248 4483 Patrem
1269 4428 1459 4485 habuit
1478 4430 1816 4496 Alhericum,

214 4496 1157 4589 ‘E‘E..PPP:.§.I‘)£'2°E‘PE‘E';-9“!
1171 4498 1599 4589 insessae
1633 4500 1817 4589 éﬁsls
1845 4529 1892 4589 ι)

215 4567 517 4623 abbatissa:
545 4566 795 4621 Palatioli
841 4566 1092 4625 superius
1132 4567 1200 4621 ad
1248 4583 1448 4623 annum
1502 4570 1605 4623 754
1641 4570 1812 4625 relato

215 4582 517 4623 abbatissa:
545 4582 795 4621 ratatiou
841 4582 901 4620 su
979 4583 1092 4621 rtus
1132 4582 1200 4621 au
1248 4583 1448 4623 annum
1502 4582 1605 4623 Tot
1641 4582 1812 4625 relato

214 4635 575 4707 (Patrologiu:
611 4644 744 4691 tom.
786 4582 1096 4707 LXﬁVll)
1116 4678 1131 4700 ,
1162 4637 1332 4705 ipsius
1356 4638 1537 4694 Adelte
1563 4639 1704 4695 filius
1732 4640 1815 4695 di-

212 4705 397 4778 citur;
419 4705 747 4778 Adelagvero
770 4706 880 4761 lilia
901 4705 1190 4776 Dagoberti
1215 4709 1376 4778 regis,
1407 4708 1812 4778 Austrasiorum

215 4777 433 4832 scilicet
463 4815 481 4841 ,
529 4776 605 4829 uti
643 4776 1018 4831 Henscheuius
1056 4776 1461 4846 interpretatur.
1505 4777 1664 4833 Certe
1704 4779 1813 4833 Ad-

214 4847 344 4901 dula
375 4846 469 4901 hic
501 4861 648 4900 num.
674 4847 708 4901 '5
732 4846 933 4928 Albrici
966 4855 1141 4901 mater
1164 4887 1178 4911 ,
1208 4845 1453 4951 Gregorii
1480 4849 1601 4930 avia
1625 4849 1809 4931 appel-

216 4918 368 4951 Inhu-
437 4915 610 4951 βῆν-ιη
654 4917 792 4951 σπι-ιιι
840 4915 1167 4951 ινιιιυιηιιιηι
1236 4917 1324 4951 ηη,
1350 4934 1434 4951 nm
1484 4935 1534 4951 ιη
1576 4918 1808 4951 ιΙιρίΛιιισι

216 4918 388 4970 latur.
437 4915 610 4971 Porro
653 4917 794 4984 apud
840 4915 1168 4970 Willelmum
1233 4915 1434 4973 "etiam
1483 4918 1535 4972 in
1575 4915 1812 4973 Historia

219 4985 569 5057 Trajecteusi
598 4985 894 5057 Gregorius
921 4996 1150 5041 matrem
1179 4988 1432 5043 habuisse
1474 4987 1648 5042 fertur
1690 5004 1815 5043 san-

215 5053 368 5110 ctam
408 5053 750 5111 Wastradem
774 5095 790 5120 ,
846 5056 900 5109 in
939 5057 1168 5111 ecclesia
1208 5058 1515 5113 Sustereusi
1565 5059 1815 5114 diceecsis

217 5124 579 5181 Leodicensis
606 5129 885 5181 bumatam
911 5166 926 5189 ,
970 5125 1123 5194 cujus
1169 5126 1363 5181 festum
1401 5127 1707 5183 celebratur
1736 5146 1814 5185 xu

218 5194 455 5322 ξίέιαιιι.
501 5195 751 5268 Augusti.
798 5195 875 5251 De
917 5194 1163 5266 Gregorii
1205 5195 1464 5253 fratribus
1489 5197 1629 5252 infra
1660 5215 1810 5254 num.

292 5334 472 5406 FgNisi
504 5336 602 5406 hos
628 5350 802 5392 annos
839 5343 1117 5406 computes
1146 5353 1175 5390 a
1207 5336 1381 5406 prima
1431 5337 1605 5392 sancti
1650 5337 1812 5391 Boni-

216 5403 351 5461 facii
394 5404 729 5476 profectione
774 5406 829 5460 in
867 5403 1119 5466 Frisiam,
1161 5403 1248 5461 hic
1276 5422 1533 5462 numerus
1561 5416 1814 5462 constare

216 5490 332 5530 non
364 5475 607 5547 poterit;
661 5476 929 5545 siquidem
978 5476 1033 5530 in
1064 5476 1671 5547 secundaiprofcctioue
1718 5494 1816 5547 per

220 5554 339 5600 tres
360 5559 535 5600 annos
556 5546 822 5601 duntaxat
843 5555 1089 5602 moratus
1107 5546 1263 5601 estin
1288 5546 1457 5601 l-‘ritia
1481 5546 1812 5610 Bonilacius,

217 5614 607 5697 antequamjn
634 5615 953 5686 Turingiam
986 5632 1046 5673 se
1075 5615 1390 5682 conferret,
1424 5626 1484 5674 ut
1510 5626 1722 5674 constat
1746 5635 1815 5673 ex

220 5685 398 5755 ipsius
424 5684 597 5741 Actis.
812 5684 831 5686 “

299 5765 324 5794 ε
354 5755 469 5813 lloc
498 5765 604 5826 est,
634 5756 787 5814 sinus
810 5756 982 5814 maris
1003 5755 1310 5814 Germanici
1339 5756 1481 5815 inter
1504 5759 1736 5816 Batavos
1760 5766 1816 5815 et

1916 3281 2056 3336 dixit
2085 3298 2097 3333 :
2129 3278 2246 3334 Non
2276 3280 2369 3345 ita,
2401 3277 2499 3345 fili,
2522 3294 2707 3348 quzero
2746 3287 2805 3334 ut
2851 3281 3001 3336 dicas
3039 3281 3173 3337 mihi
3222 3281 3508 3336 lectionem

1920 3380 2088 3437 tuam,
2121 3370 2216 3426 sed
2245 3370 2543 3426 secundum
2593 3371 2980 3440 proprietatem
3036 3371 3231 3443 linguaa
3274 3379 3376 3426 tum
3403 3411 3417 3437 ,
3453 3380 3511 3427 et

1916 3461 2214 3517 secundum
2263 3459 2565 3515 naturalem
2617 3470 2904 3531 parentum
2963 3470 3178 3517 tuorum
3233 3460 3503 3531 loquelam

1918 3554 2158 3610 edissere
2184 3552 2318 3607 mihi
2342 3566 2462 3621 qua:
2492 3550 2644 3623 legis.
2691 3549 2805 3607 Hac
2845 3550 2935 3607 ille
2964 3552 3172 3608 ratione
3200 3552 3502 3617 convictus,

1918 3644 2200 3701 confessus
2219 3644 2451 3714 estquia
2486 3659 2594 3698 non
2638 3651 2820 3715 posset
2871 3643 3071 3699 facere.
3115 3642 3349 3701 Sanetus
3374 3659 3505 3700 vero

1919 3734 1995 3788 ait
2022 3731 2330 3788 Bonifacius
2362 3749 2375 3785 :
2409 3731 2525 3798 Vis,
2556 3730 2631 3786 fili
2657 3771 2673 3797 ,
2705 3739 2766 3787 ut
2793 3746 2894 3802 ego
2924 3733 3019 3787 tibi
3062 3733 3282 3788 dicam?
3332 3732 3465 3789 Volo
3490 3773 3507 3799 ,

1920 3826 2111 3895 inquit.
2162 3824 2314 3879 Tunc
2364 3823 2558 3878 beatus
2610 3822 2919 3879 Bonifacius
2962 3825 3251 3896 :Repete,
3282 3827 3394 3891 ait,
3438 3827 3509 3882 ab

1918 3917 2143 3973 exordio
2166 3915 2454 3971 lectionem
2482 3921 2650 3977 tuam,
2683 3922 2740 3968 et
2763 3914 2997 3969 discrete
3024 3915 3159 3985 lege.
3197 3915 3349 3981 Quod
3378 3916 3504 3970 dum

1919 4007 2142 4072 faceret,
2170 4021 2396 4062 exorsus
2422 4017 2507 4061 est
2533 4013 2756 4061 sanctus
2784 4005 3044 4076 magister
3066 4047 3079 4068 ,
3113 4014 3168 4060 et
3193 4005 3341 4061 clara
3377 4021 3509 4060 voce

1919 4097 2079 4167 C(Bpil
2110 4095 2406 4165 praedicare
2433 4103 2489 4149 et
2516 4094 2677 4149 matri
2706 4102 2761 4149 et
2788 4093 2936 4148 omni
2963 4091 3201 4148 familiar.

1989 4187 2041 4241 4.
2074 4185 2205 4252 Quae
2230 4184 2541 4254 praedicatio
2565 4198 2632 4237 ex
2653 4198 2760 4253 quo
2780 4182 2926 4237 fonte
2945 4181 3300 4252 processerit,
3331 4181 3508 4237 claret

1918 4277 1973 4331 in
2004 4274 2357 4332 conversione
2390 4271 2638 4342 Gregorii
2681 4271 2943 4342 ingeniosi
2977 4270 3132 4342 pueri
3157 4277 3214 4326 et
3254 4270 3466 4340 sagacis
3490 4311 3506 4333 ,

1918 4425 2123 4480 Frisios
2157 4423 2481 4486 hodiernos,
2514 4423 2569 4477 in
2594 4436 2758 4493 quem
2783 4421 2959 4493 Rheni
3004 4420 3190 4493 alveus
3227 4421 3517 4493 orientalis

1919 4512 2041 4552 eum
2087 4494 2220 4548 lsala
2264 4492 2403 4564 apud
2442 4490 2771 4564 Gampenam
2797 4492 2986 4564 urbem
3018 4490 3213 4560 iulluit,
3244 4506 3405 4564 quem
3436 4490 3508 4548 la-

1920 4581 2042 4623 cum
2073 4565 2271 4620 accola:
2298 4561 2451 4619 inare
2477 4561 2729 4617 Australe
2764 4561 3053 4631 appellant.

1987 4635 2015 4676 ἀ
2047 4635 2243 4689 Werda
2276 4634 2552 4704 Oppidum,
2577 4647 2722 4704 nunc
2748 4631 2977 4704 caesaris
3005 4631 3180 4704 insula
3196 4671 3233 4704 ,_
3252 4632 3320 4687 ad
3338 4703 3344 4704 ί
3363 4632 3507 4690 Rhe-

1920 4723 2046 4761 num
2067 4746 2081 4770 ,
2131 4701 2329 4759 medio'
2351 4701 2551 4758 itinere
2593 4703 2737 4757 inter
2773 4702 3051 4757 Coloniam
3081 4710 3137 4757 et
3168 4701 3459 4758 Wasaliam
3488 4746 3502 4770 ,

1921 4776 2161 4846 reliquiis
2187 4774 2360 4846 sancti
2396 4773 2929 4846 Spidbertiepiseopi
2948 4771 3290 4846 decoratum:
3309 4773 3505 4846 distin-

1918 4842 2185 4918 gueuzlum
2229 4862 2259 4898 a
2314 4843 2490 4899 Vorda
2526 4842 3069 4914 oppido’Batavorum
3129 4843 3199 4898 ad
3256 4842 3505 4900 Rhenum

1920 4918 2104 4971 itidem
2129 4917 2313 4970 situm.

1992 5001 2015 5025 η
2067 4985 2452 5055 ιεύιιῑειγωιιιιίε
2495 5000 2603 5039 ιιοη
2670 4985 2857 5054 procul
2900 4984 3255 5041 Vollenhovio
3306 4985 3507 5055 oppido

1917 5056 2092 5111 inﬂuit
2120 5055 2173 5108 in
2218 5054 2441 5111 Flevum
2478 5055 2653 5111 laeum
2681 5096 2695 5121 ,
2733 5057 2826 5126 qui
2863 5056 3069 5114 Frisios
3103 5071 3133 5109 a
3162 5054 3389 5109 Batavis
3426 5056 3505 5109 di-

1917 5126 2084 5181 rimit.
3250 5168 3257 5176 .

1996 5196 2015 5235 ί
2047 5195 2104 5249 lu
2141 5194 2474 5264 pnelaudato
2526 5204 2848 5252 testamento
2901 5196 3067 5251 Adela
3115 5194 3318 5249 dicitur
3349 5207 3506 5248 aocc-

1920 5266 2062 5338 pisse
2083 5264 2601 5345 locum'Palatiolqut
2628 5284 2659 5321 a
2688 5266 2913 5345 Pippiuo
2940 5267 3142 5335 majore
3170 5264 3364 5345 domus
3381 5276 3506 5342 per-

1920 5334 2216 5413 _inutatiouc
2263 5335 2406 5391 facta
2433 5334 2991 5413 ,_ibique_co:mlidisse
3030 5334 3418 5413 utonasteriuLn
3436 5334 3501 5413 in

1917 5408 2178 5461 honorem
2209 5415 2408 5461 sanetee
2434 5401 2613 5461 Maria:
2633 5404 2858 5474 virginis
2886 5414 2940 5458 et
2968 5402 3336 5474 apostolorum
3357 5401 3502 5457 Petri

1916 5486 1974 5533 ct
1998 5476 2169 5541 Pauli,
2202 5476 2254 5529 iu
2293 5492 2400 5545 quo
2440 5495 2458 5527 ‹
2495 5471 2879 5545 monacharum
2898 5471 3099 5527 emtum
3133 5471 3417 5545 disciplina
3443 5481 3500 5527 et

1919 5547 2103 5617 regula
2141 5541 2325 5617 sancti
2346 5546 2620 5601 Benedicti
2650 5541 3305 5617 viventiumaggregavit.
3345 5562 3363 5595 ι
3390 5541 3500 5617 ista

1920 5610 2069 5673 locus
2109 5615 2176 5669 ab
2204 5615 2337 5690 urbe
2376 5618 2582 5671 distans
2627 5625 2883 5690 passuum
2920 5610 3157 5665 circiter
3186 5611 3289 5666 tria
3331 5611 3498 5690 millia

1921 5690 1974 5743 in
2007 5686 2448 5755 septentrionem,
2509 5681 2650 5738 nunc
2700 5681 2972 5738 moenibus
3015 5690 3228 5750 auctus,
3280 5681 3503 5739 canonis

1921 5753 2111 5814 eorum
2137 5753 2360 5823 collegio
2386 5754 2570 5811 cessit.
