3868 6174
307 333 410 350 ut».

318 356 417 387 κιο

1067 322 1123 384 3.
1161 323 1534 384 LUDGERUS
1574 317 2342 376 MlMiGARDEFORDENSlS
2379 315 2775 373 EPISCOPUS.

3460 317 3558 372 756

311 451 439 520 quia
468 464 574 503 non
616 447 684 501 ab
714 448 949 501 humana
1002 441 1255 496 facundia
1286 480 1301 505 ,
1334 453 1454 509 qua:
1480 435 1792 505 frequenter
1819 430 1887 484 ad
1914 434 1961 492 Α
1990 430 2124 484 nihil
2151 441 2273 486 erat
2298 432 2350 484 in
2379 446 2542 485 causa
2570 448 2581 481 :
2614 430 2706 484 sed
2736 432 2838 484 hoc
2870 428 2995 483 fecit
3038 427 3235 482 artifex
3280 443 3524 484 summus
3544 469 3561 495 ,

312 553 525 611 tempus
559 536 791 599 deludit,
820 534 914 589 sed
942 546 1010 588 ex
1053 531 1291 603 Spiritus
1336 527 1510 583 sancti
1564 525 1769 595 gratia,
1801 536 1885 575 se-

311 610 543 685 cundum
586 627 910 697 promissum
951 619 1263 690 Evangelii,
1310 619 1364 671 in
1407 616 1621 669 modum
1650 610 1886 666 ﬂuminis

313 736 465 791 aqua:
491 719 624 772 vivze
653 716 719 770 de
754 722 943 768 ventre
980 710 1132 765 ﬂuxit
1161 707 1397 763 doctoris
1442 704 1621 776 (Joan.
1670 703 1765 770 vn)
1793 717 1806 755 :
1832 708 1888 754 et

313 827 409 866 cor
430 809 666 880 prudens
694 822 758 860 ac
783 804 955 860 docile
983 804 1132 873 pueri
1159 798 1404 869 Gregorii
1436 804 1585 849 tanta
1609 794 1808 846 virtute
1834 798 1889 844 et

310 900 593 956 velocitate
628 895 969 967 penetravit,
997 902 1057 946 ut
1087 891 1154 945 ad
1183 904 1345 944 unam
1385 883 1637 954 incogniti
1667 890 1891 935 eatenus

313 989 557 1061 magistri
583 985 1014 1042 exhortationem
1057 990 1111 1037 et
1138 976 1569 1050 prcedicationem
1610 970 1889 1025 oblivisce-

312 1094 462 1138 retur
497 1091 554 1138 et
579 1088 865 1153 parentum
895 1085 950 1133 et
976 1075 1165 1147 patriae
1217 1090 1231 1125 :
1279 1072 1500 1139 ipsaque
1539 1066 1669 1119 hora
1700 1102 1717 1128 ,
1762 1062 1890 1115 dum

311 1172 633 1242 complesset
676 1170 934 1239 magister
982 1173 1203 1220 sanctus
1238 1158 1674 1232 praedicationem
1715 1168 1890 1215 suam,

312 1268 503 1322 nolens
529 1265 599 1319 ab
623 1278 692 1318 eo
710 1262 851 1316 ultra
877 1258 1133 1329 disjungi,
1164 1256 1260 1308 ivit
1284 1254 1351 1306 ad
1375 1251 1549 1305 aviam
1574 1262 1726 1302 suam
1757 1259 1894 1314 prte-
1918 1258 1955 1272 ’κ

314 1360 515 1414 dictam
556 1355 883 1410 abbatissam
929 1348 1294 1405 venerabilem
1337 1342 1631 1405 Addulam,
1667 1338 1852 1392 dicens
1876 1375 1890 1398 ,

313 1467 371 1507 se
396 1450 533 1505 velle
557 1463 682 1504 eum
702 1445 920 1500 homine
943 1454 1192 1512 pergere,
1207 1446 1263 1493 et
1283 1436 1349 1489 ad
1376 1431 1659 1488 discendus
1686 1428 1895 1483 divinos

316 1543 482 1597 libros
526 1536 899 1607 discipulatum
930 1533 1049 1603 ejus
1077 1529 1278 1584 subire.
1305 1526 1375 1579 At
1401 1525 1537 1593 ipsa,
1567 1518 1774 1575 carnali
1809 1515 1892 1607 af-

318 1632 458 1689 fectu
502 1627 834 1690 constricta,
879 1623 1021 1677 illico
1068 1618 1265 1689 repulit
1305 1630 1458 1679 eum,
1491 1623 1545 1667 et
1573 1606 1898 1665 omnimodis

318 1724 419 1777 hoc
445 1720 562 1775 ﬁeri
587 1732 745 1788 posse
772 1713 969 1778 renuit,
998 1710 1123 1780 quia
1154 1708 1337 1776 utique
1378 1720 1485 1759 non
1512 1708 1695 1757 nosset
1721 1697 1897 1753 homi-

1986 536 2123 575 unus
2145 530 2306 589 atque
2332 521 2472 574 idem
2511 521 2732 589 spiritus
2773 520 2886 583 Dei,
2913 519 3003 587 qui
3030 520 3213 573 omnia
3235 531 3491 589 operatur
3512 523 3566 574 in

1986 612 2256 674 omnibus,
2285 612 2528 667 dividens
2552 611 2775 679 singulis
2794 620 2957 679 prout
2972 612 3102 664 vult.

2058 704 2110 758 5.
2159 704 2309 759 Tunc
2351 704 2508 759 electi
2559 703 2657 758 Dei
2696 703 2802 758 iter
2845 704 3209 758 desideratum
3238 716 3581 773 .peragentes

1988 803 2252 847 venerunt
2308 791 2683 861 Thuringiam.
2728 791 2900 846 Porro
2950 792 3019 845 ad
3063 802 3413 862 augmentum
3444 797 3581 850 boni

1992 886 2098 949 sui,
2129 895 2182 940 et
2210 886 2276 939 ad
2298 886 2750 954 comprobandam
2773 884 2973 939 mentis
2997 899 3186 939 eorum
3210 890 3581 943 constantiam

1991 986 2046 1031 et
2089 976 2570 1046 longanimitatem,
2617 977 2671 1030 in
2716 985 2867 1031 tanta
2908 986 3227 1046 paupertate
3256 980 3587 1035 invenerunt

1991 1069 2244 1139 populum
2272 1069 2440 1134 illum,
2466 1076 2526 1122 ut
2552 1068 2643 1123 vix
2670 1068 2745 1123 ibi
2770 1068 2911 1125 ullus
2937 1070 3164 1126 haberet
3185 1072 3329 1127 unde
3348 1074 3581 1137 viveret,

1992 1159 2097 1213 nisi
2121 1160 2187 1214 de
2212 1159 2501 1229 longinquo
2524 1174 2717 1229 parum
2745 1160 2877 1230 quid
2901 1160 3182 1231 colligeret
3204 1203 3219 1227 ,
3256 1170 3320 1217 ut
3346 1164 3415 1219 ad
3462 1180 3587 1219 mo-

1994 1252 2174 1306 dicum
2225 1259 2438 1320 tempus
2486 1258 2818 1308 sustentaret
2885 1254 3170 1321 penuriam
3215 1269 3390 1309 suam.
3440 1254 3588 1310 Nam

1996 1352 2106 1397 tota
2131 1343 2221 1396 illa
2247 1343 2416 1413 regio,
2447 1342 2500 1396 in
2530 1342 2765 1398 conﬁnio
2807 1358 3142 1412 paganorum
3172 1346 3452 1401 rebellium
3482 1363 3587 1417 po-

1996 1434 2124 1499 sita,
2159 1433 2249 1488 illo
2278 1442 2521 1502 tempore
2547 1434 2767 1488 incensa
2793 1443 2914 1489 erat
2938 1444 2996 1488 et
3025 1436 3207 1491 hostili
3252 1452 3413 1491 manu
3454 1455 3588 1493 vas-

1997 1533 2130 1579 tata.
2164 1524 2294 1591 Qua:
2342 1536 2523 1579 tamen
2570 1526 2798 1594 penuria
2838 1540 3180 1595 nequaquam
3231 1535 3438 1582 terrere
3482 1544 3593 1598 po-

1998 1624 2143 1671 terat
2170 1616 2450 1673 ministros
2486 1615 2710 1680 Christi,
2769 1625 2828 1671 ut
2878 1617 2949 1672 ob
2998 1617 3054 1672 id
3105 1618 3543 1688 subterfugerent
3573 1662 3595 1681 ,

2000 1722 2107 1776 quo
2151 1707 2331 1761 minus
2383 1707 2773 1761 annuntiarent
2805 1708 2885 1762 eis
2912 1723 3073 1762 omne
3109 1709 3392 1763 consilium
3442 1711 3535 1764 Dei
3576 1730 3593 1764 :

317 1827 465 1877 nem,-
493 1783 666 1878 netjue
694 1822 801 1877 quo
824 1805 946 1859 iret.
976 1801 1085 1856 Sed
1116 1800 1258 1853 sicut
1285 1796 1546 1865 scriptum
1574 1799 1658 1847 est
1690 1808 1702 1842 :
1732 1790 1894 1878 Aqua?
1927 1783 1969 1841 Β
1998 1798 2091 1852 sed
2111 1795 2269 1865 juxta
2299 1798 2605 1866 exemplum
2646 1798 2998 1867 apostolicum
3047 1797 3065 1868 (
3089 1798 3115 1851 Ι
3147 1797 3270 1851 Cor.
3297 1798 3380 1868 iv)
3404 1816 3598 1869 cmpe-

316 1903 496 1958 multa:
525 1877 629 1955 non
658 1903 937 1969 potuerunt
977 1892 1306 1959 exstinguere
1353 1884 1658 1940 charilatem
1715 1877 1889 1951 (Cant.

317 1993 437 2063 Vm)
465 2009 482 2058 ;
509 2007 644 2063 puer
666 1985 962 2057 Gregorius
988 1984 1042 2037 in
1072 1978 1345 2052 proposito
1371 1990 1468 2030 suo
1494 1969 1810 2044 permansit,
1841 1973 1897 2021 et

318 2058 453 2140 dixit
480 2058 547 2138 ad
572 2078 840 2135 Addulam
869 2075 1045 2129 aviam
1076 2085 1229 2127 suam
1261 2086 1276 2121 :
1308 2066 1365 2121 Si
1384 2081 1488 2120 non
1511 2063 1594 2117 vis
1614 2060 1745 2115 mihi
1766 2058 1896 2112 dare

318 2191 516 2247 equum
543 2185 605 2229 ut
628 2172 876 2243 equitare
901 2167 1105 2238 possim
1134 2176 1257 2218 cum
1285 2174 1351 2215 eo
1375 2199 1390 2223 ,
1437 2154 1665 2227 pedibus
1710 2148 1899 2204 ambu-

318 2241 478 2327 lando
521 2241 725 2335 absque
757 2261 921 2317 dubio
945 2258 1140 2312 vadam
1167 2268 1291 2309 eum
1318 2251 1429 2305 illo.
1465 2249 1555 2303 Sic
1586 2258 1714 2314 ergo
1737 2241 1899 2335 alter-

320 2361 492 2416 cando
517 2358 582 2413 de
605 2332 788 2427 ignoto
810 2353 1005 2407 itinere
1033 2347 1236 2403 diutius
1259 2338 1630 2412 disceptabant
1654 2336 1723 2427 ad
1766 2332 1901 2427 invi:

323 2463 486 2503 cem:
528 2419 655 2502 sedv
667 2442 885 2499 tandem
923 2436 1207 2510 pnevaluit
1249 2431 1489 2490 charitas
1532 2423 1691 2482 electi
1746 2419 1900 2492 pueri

324 2538 594 2611 Gregorii,
622 2543 701 2601 et,
717 2544 778 2589 ut
802 2534 1022 2604 dignum
1044 2537 1182 2592 erat,
1209 2524 1484 2583 carnalem
1509 2532 1749 2576 amorem
1774 2515 1903 2569 vicit

326 2606 542 2688 dilectio
583 2626 859 2698 spiritalis.
899 2622 1101 2677 Videas
1126 2633 1256 2689 ergo
1284 2614 1483 2670 famula
1513 2611 1607 2665 Dei
1650 2606 1900 2698 A-ddula,

325 2722 452 2794 quia
476 2721 715 2793 prudens
734 2723 854 2771 erat
869 2713 1090 2776 femina,
1109 2710 1347 2763 animum
1369 2700 1711 2760 inﬂexibilem
1726 2697 1901 2768 pueri,

325 2793 473 2870 dedit
506 2813 583 2867 illi
618 2824 817 2881 pueros
851 2815 908 2860 et
933 2818 1122 2872 equos,
1153 2808 1208 2855 et
1235 2797 1439 2854 dimisit
1468 2810 1590 2851 eum
1627 2793 1706 2847 ire
1734 2803 1757 2830 α
1781 2804 1906 2845 cum

326 2912 513 2959 sancto
554 2878 812 2971 magistro
851 2898 905 2952 in
931 2910 1068 2966 opus
1112 2891 1256 2963 quod
1301 2888 1707 2959 compleverunt
1749 2878 1906 2936 simul

328 3008 497 3067 usque
530 2995 598 3049 ad
634 2999 881 3048 sanctum
909 2986 1231 3058 martyrium
1258 2982 1392 3051 ejus.
1432 2976 1711 3047 intelligis,
1737 2975 1909 3028 lector

327 3064 449 3161 pius
468 3096 523 3142 et
543 3085 799 3157 prudens,
828 3097 988 3153 quem
1019 3086 1237 3135 secutus
1278 3075 1348 3130 sit
1389 3072 1592 3127 electus
1618 3082 1752 3140 puer
1775 3064 1909 3119 Gre—

328 3155 511 3249 gorius
544 3155 603 3231 in
632 3175 735 3229 hoc
756 3172 921 3236 facto,
945 3178 1006 3224 ut
1038 3165 1358 3223 inconsultis
1382 3160 1700 3233 parentibus
1737 3155 1912 3211 omni—

330 3244 539 3337 busque
578 3263 915 3336 propinquis,
952 3268 1005 3314 et
1038 3259 1153 3328 ipsa
1186 3270 1305 3325 quae
1333 3264 1571 3323 praesens
1595 3254 1714 3303 erat
1754 3244 1915 3299 resis-

329 3336 477 3413 tente
500 3357 642 3420 avia,
665 3363 775 3407 tam
796 3351 974 3407 subito
1006 3354 1327 3403 mutaretur.
1359 3343 1506 3397 Idem
1529 3339 1672 3394 enim
1695 3336 1917 3407 spiritus

329 3450 542 3505 videtur
577 3446 710 3501 mihi
740 3445 796 3498 in
837 3443 941 3497 hoc
964 3448 1091 3494 tunc
1119 3434 1335 3507 operari
1360 3445 1550 3503 puero,
1582 3428 1674 3499 qui
1702 3435 1917 3497 aposto—

332 3540 414 3596 los
438 3537 641 3593 Christi
670 3545 726 3589 et
745 3534 1151 3601 dispensatores
1177 3523 1557 3595 mysteriorum
1584 3519 1676 3573 Dei
1700 3517 1765 3570 ad
1790 3515 1918 3569 illud

338 3624 696 3685 inﬂammavit
723 3632 781 3677 ut
812 3622 877 3676 ad
905 3634 1069 3675 unam
1098 3630 1285 3670 vocem
1314 3612 1524 3668 Domini
1558 3651 1572 3675 ,
1604 3608 1806 3662 relictis
1835 3621 1919 3660 re-

335 3722 480 3775 tibus
491 3726 547 3773 et
569 3725 743 3785 patre,
756 3718 1114 3781 sequerentur
1134 3707 1569 3774 Rcdemptorem.
1585 3697 1920 3766 Contemptis

338 3812 502 3881 igitur
527 3806 843 3877 parentibus
868 3810 924 3855 et
950 3799 1143 3870 patria,
1159 3796 1515 3862 omnibusque
1546 3798 1693 3844 retro
1720 3787 1921 3841 relictis

340 3878 461 3970 qua:
487 3895 782 3951 carnaliter
810 3890 1041 3947 blandiri
1073 3893 1323 3958 poterant
1348 3884 1512 3939 menti
1545 3878 1918 3941 adolescentis,

340 3989 635 4045 secundum
662 3983 964 4039 Psalmista:
995 3978 1166 4051 (Psal.
1211 3978 1321 4047 xvi)
1351 3976 1550 4031 dictum
1578 3974 1769 4027 beatus
1789 3985 1922 4039 puer

342 4080 635 4152 Gregorius
668 4085 888 4147 propter
936 4073 1101 4128 verba
1156 4069 1416 4122 labiorum
1457 4064 1552 4119 Dei
1594 4070 1810 4117 secutus
1841 4067 1925 4113 cst

342 4176 457 4230 vias
485 4174 667 4228 duras.
699 4170 902 4222 Durum
944 4177 1176 4230 namque
1212 4169 1331 4213 erat
1358 4166 1415 4212 et
1443 4154 1594 4209 valde
1622 4166 1872 4222 asperum
1908 4189 1922 4213 ,

344 4276 404 4321 ut
433 4265 526 4335 qui
550 4264 604 4318 in
634 4260 804 4331 patris
831 4258 991 4313 domo
1013 4253 1237 4308 multum
1265 4249 1446 4305 divitis
1480 4247 1533 4300 in
1561 4244 1701 4315 jocis
1740 4250 1791 4297 et
1829 4241 1922 4295 de-

341 4359 481 4414 liciis
505 4363 626 4412 erat
652 4352 887 4407 nutritus
908 4390 923 4414 ,
967 4361 1133 4401 unum
1182 4341 1522 4412 peregrinum
1553 4347 1607 4392 et
1638 4349 1926 4407 pauperem

2002 1897 2130 1942 runt
2153 1887 2405 1943 laborare
2434 1887 2684 1943 manibus
2711 1889 2826 1945 suis
2849 1903 2967 1957 qua:
2995 1903 3131 1957 Opus
3173 1898 3333 1943 erant
3379 1890 3479 1943 sibi
3531 1900 3601 1944 et

2003 1979 2084 2034 eis
2111 1980 2202 2048 qui
2232 1995 2355 2034 cum
2385 1980 2490 2035 illis
2510 1989 2689 2046 erant,
2719 1989 2883 2050 atque
2904 1996 3030 2036 cum
3054 1982 3143 2035 illo
3169 1982 3363 2055 populo
3386 1984 3436 2036 in
3470 1992 3603 2037 ten-

2007 2071 2300 2127 tationibus
2326 2071 2439 2126 suis
2463 2070 2693 2126 ﬁrmiter
2718 2086 3054 2141 permanere,
3083 2080 3138 2125 et
3165 2071 3604 2141 circumquaque

2004 2163 2346 2233 praedicando
2374 2162 2605 2218 invitare
2633 2163 2701 2218 ad
2733 2162 2977 2219 cmleStia
3030 2176 3216 2233 regna.
3257 2163 3313 2217 ln
3347 2164 3433 2217 his
3458 2179 3606 2235 ergo

2009 2252 2201 2313 studiis
2226 2261 2640 2322 perseverantes
2666 2294 2681 2318 ,
2718 2254 3014 2311 secundum
3044 2254 3273 2308 formam
3303 2254 3611 2323 primitivzn

2009 2342 2266 2397 Ecclesia:
2294 2351 2414 2396 erat
2437 2342 2518 2397 eis
2546 2357 2644 2396 cor
2670 2358 2836 2396 unum
2865 2349 2922 2396 et
2948 2342 3126 2395 anima
3162 2358 3268 2395 uua
3299 2342 3436 2410 (Act.
3471 2346 3549 2411 tv)
3585 2360 3605 2406 ;

2011 2443 2067 2488 et
2081 2435 2314 2504 augebat
2339 2433 2482 2487 Deus
2509 2432 2751 2502 quotidie
2771 2432 3053 2501 multiplici
3076 2447 3321 2497 numero,
3347 2435 3435 2501 qui
3457 2434 3605 2488 salvi

2012 2522 2206 2577 ﬁerent
2234 2524 2288 2577 in
2319 2524 2573 2592 idipsum.

2084 2614 2135 2670 6.
2172 2616 2322 2670 Tune
2354 2614 2501 2670 fama
2537 2616 2709 2670 sancti
2742 2615 2987 2686 magistri
3034 2623 3089 2669 et
3133 2615 3302 2668 futuri
3340 2617 3609 2685 martyris

2013 2705 2274 2761 Bonifacii
2322 2705 2488 2775 cmpit
2524 2705 2739 2760 dilatari
2782 2721 2881 2774 per
2905 2705 3086 2760 omnia
3122 2704 3404 2759 orientalia
3427 2721 3609 2775 regna

2015 2796 2370 2850 Francorum.
2436 2793 2611 2864 Cmpit
2665 2809 2882 2863 quoque
2925 2803 2979 2849 et
3026 2793 3231 2848 electus
3284 2792 3617 2849 adolescens

2017 2885 2311 2956 Gregorius
2357 2885 2411 2938 in
2458 2883 2779 2954 discipulatu
2831 2881 2949 2951 ejus
2993 2882 3261 2952 proﬁcere
3327 2891 3488 2937 aetate
3545 2895 3613 2937 ct

2019 2978 2301 3048 sapientia,
2330 2985 2385 3030 et
2420 2976 2472 3029 in
2505 2985 2711 3029 tantum
2751 2974 3003 3030 amabilis
3033 2973 3148 3028 ﬁeri
3179 2974 3441 3044 magistro
3470 3014 3487 3037 ,
3543 2984 3613 3027 ut

2019 3070 2172 3140 quasi
2222 3070 2439 3123 unicum
2489 3067 2656 3121 ﬁlium
2682 3083 2805 3121 eum
2845 3066 3129 3136 diligeret,
3158 3063 3268 3132 iam
3300 3063 3610 3131 adjutorem

2016 3160 2226 3215 ﬁdelem
2254 3160 2400 3213 illum
2424 3160 2632 3213 habens
2658 3159 2710 3213 in
2737 3158 2882 3213 omni
2906 3173 3071 3227 opere
3097 3157 3257 3211 bono.
3293 3156 3394 3210 llic
3418 3164 3615 3209 autem

2017 3261 2196 3305 tantus
2211 3249 2485 3320 profectus
2520 3249 2814 3303 electorum
2846 3249 2939 3302 Dei
2971 3264 3075 3301 non
3112 3257 3197 3302 est
3225 3248 3470 3301 initiatus
3498 3261 3612 3315 per

2014 3342 2344 3411 opulentiam
2374 3348 2430 3394 et
2456 3339 2758 3393 mundanas
2787 3337 3031 3403 delicias,
3064 3352 3238 3406 neque
3266 3352 3365 3405 per
3393 3337 3616 3389 securi-

2017 3443 2186 3489 tatem
2231 3442 2285 3487 et
2319 3432 2738 3502 prosperitatcm
2768 3430 2891 3483 vita:
2921 3427 3184 3491 mortalis,
3217 3427 3310 3481 sed
3340 3428 3391 3479 in
3421 3425 3573 3480 fatue
3599 3466 3615 3487 ,

2018 3536 2073 3581 et
2097 3528 2358 3590 nuditate,
2385 3536 2441 3579 et
2465 3524 2742 3577 laboribus
2786 3521 2989 3575 multis.
3029 3520 3083 3573 in
3124 3519 3234 3587 qui!
3258 3534 3323 3573 us
3346 3518 3621 3571 erunibus

2018 3629 2072 3673 et
2096 3635 2259 3688 opere
2288 3632 2544 3672 manuum
2573 3615 2753 3668 vivere
2780 3612 3615 3683 cogebantur,etnonnunquam

2018 3709 2253 3761 vicinam
2283 3721 2611 3776 paganorum
2634 3703 3064 3774 persecutionem
3092 3702 3161 3755 ob
3186 3709 3387 3754 metum
3416 3701 3618 3753 mortis

2022 3815 2141 3853 cum
2175 3798 2367 3867 populo
2394 3796 2552 3850 simul
2574 3796 2626 3849 in
2646 3790 2923 3850 civitatem
2956 3792 3161 3863 fugere,
3193 3793 3375 3860 ibique
3405 3792 3461 3845 in
3488 3801 3619 3845 arto

2022 3903 2161 3957 pane
2191 3896 2246 3940 et
2272 3885 2533 3955 angustiis
2583 3900 2677 3953 per
2725 3883 2840 3937 dies
2884 3881 3066 3951 plures
3098 3881 3388 3942 habitare,
3438 3880 3619 3934 donec

2023 3978 2246 4034 collecta
2301 3975 2642 4030 multitudine
2688 3990 2815 4028 suas
2848 3974 2993 4027 cives
3025 3961 3187 4026 manu
3226 3971 3491 4025 validiore
3518 3987 3620 4026 eos

2025 4072 2221 4123 iterum
2250 4067 2566 4136 eilugarent.
2609 4064 2722 4118 Hoc
2760 4079 2890 4134 ergo
2915 4074 3191 4118 certamen
3224 4063 3486 4132 quoniam
3516 4078 3620 4131 per

2026 4160 2338 4213 innumeros
2387 4157 2535 4210 vicos
2572 4156 2713 4209 inter
2739 4170 2979 4224 paganos
3006 4163 3061 4207 et
3084 4152 3427 4208 Christianos
3453 4168 3615 4222 gere-

2026 4252 2205 4314 batur,
2240 4248 2440 4303 ideirco
2466 4246 2591 4300 hinc
2618 4253 2673 4298 et
2706 4245 2828 4298 inde
2851 4259 3044 4313 magna
3077 4260 3206 4313 pars
3235 4243 3516 4311 regionum
3548 4240 3619 4293 il-

2029 4339 2201 4391 larum
2253 4337 2468 4390 redacta
2506 4344 2625 4388 crat
2676 4334 2728 4387 in
2782 4333 3143 4387 solitudinem.
3205 4333 3257 4384 In
3317 4341 3426 4385 tam
3484 4330 3616 4383 forti

345 4452 618 4507 hominem
649 4439 1251 4516 sequeretur,nescicns
1271 4451 1377 4506 quo
1404 4434 1532 4495 iret;
1559 4438 1611 4483 et
1636 4429 1687 4481 in
1722 4435 1925 4481 tantum
1959 4455 2006 4513 ο
2031 4436 2213 4481 autem
2241 4436 2295 4480 et
2318 4425 2616 4496 periculosa
2647 4425 2700 4477 in
2734 4424 2921 4478 diebus
2958 4422 3060 4476 illis
3089 4422 3458 4477 deccrtatioue
3490 4461 3503 4483 ,
3562 4422 3617 4475 in

348 4544 398 4598 ei
430 4540 675 4596 obediret
695 4578 711 4603 ,
741 4543 799 4589 ut
827 4547 1016 4589 omnes
1049 4530 1183 4584 alios
1205 4527 1449 4582 homines
1473 4531 1528 4577 et
1561 4528 1805 4589 potentes
1835 4532 1927 4570 52e—

346 4633 452 4689 euli
483 4639 540 4686 et
566 4628 812 4701 proprios
852 4631 1105 4695 parentes
1135 4629 1391 4686 tanquam
1416 4615 1611 4670 surdus
1646 4628 1748 4665 non
1778 4608 1927 4662 audi-

348 4732 452 4787 ret,
480 4719 772 4777 dummodo
795 4716 939 4771 illius
959 4711 1242 4783 prmceptis
1261 4706 1723 4763 obseeundat-eam
1749 4702 1799 4754 in
1821 4715 1929 4752 om-

349 4812 527 4865 nibus.
572 4808 785 4874 Quanta
814 4804 958 4859 enim
984 4801 1279 4857 auctoritas
1320 4796 1532 4851 lucebat
1567 4794 1676 4863 jam
1714 4802 1837 4845 tunc
1876 4790 1929 4842 in

351 4903 533 4956 futuro
564 4906 804 4966 martyre
840 4892 1157 4956 Bonifacio,
1211 4889 1481 4944 aestimare
1529 4886 1650 4954 quis
1699 4883 1929 4952 poterit,

350 5007 471 5064 qua;
499 5004 595 5045 cor
615 4987 770 5059 pueri
797 4994 907 5039 tam
935 4983 1113 5038 subita
1137 4979 1512 5035 immutatione
1532 4976 1814 5030 incitavit?
1841 4983 1933 5027 aut

350 5087 472 5156 quis
496 5081 659 5136 ardor
683 5075 967 5132 charitatis
993 5074 1060 5128 ad
1089 5071 1445 5127 obediendum
1473 5069 1653 5137 ignoto
1680 5064 1935 5133 magistro

351 5185 586 5235 mentem
629 5169 844 5244 juvenis
886 5164 1257 5227 inﬂammavit,
1289 5170 1347 5215 ut
1372 5161 1547 5214 subito
1583 5157 1781 5211 oblitus
1814 5156 1932 5218 sui,

351 5275 568 5324 secutus
592 5266 663 5321 sit
685 5260 886 5318 Christi
916 5270 1208 5329 pauperem
1235 5294 1250 5316 ,
1283 5253 1460 5308 omnis
1491 5251 1771 5305 mundanae
1807 5249 1934 5303 sub-

355 5361 566 5416 stantiae
592 5354 850 5428 inopem?
878 5351 995 5407 Non
1026 5351 1130 5404 hoc
1150 5346 1281 5403 fecit
1302 5361 1456 5400 amor
1481 5343 1597 5397 auri
1629 5350 1683 5395 et
1705 5341 1936 5410 argenti,

356 5467 463 5507 non
486 5449 680 5522 cupido
703 5428 1028 5520 prtediorum
1051 5452 1106 5496 et
1129 5438 1360 5511 superba
1382 5434 1666 5505 iactantia,
1712 5446 1938 5503 quorum

431 5608 456 5635 α
485 5593 542 5650 ld
567 5596 711 5652 conti
750 5596 791 5649 it
819 5608 959 5647 anno
985 5590 1187 5646 Christi
1216 5588 1323 5643 722
1351 5628 1365 5653 ,
1415 5601 1537 5641 cum
1588 5584 1901 5640 Bonifacius
1924 5627 1936 5648 ,

379 5662 581 5718 limisso
619 5667 671 5718 in
704 5612 875 5718 l§risia
911 5662 1279 5718 Willibrorilo.
1309 5658 1372 5714 ad
1404 5656 1602 5711 llassos
1631 5665 1685 5709 et
1714 5657 1936 5710 Thurin-

361 5680 581 5719 tllIlllSSO
619 5683 671 5719 ιη

363 5749 460 5808 κοῦ
482 5747 541 5788 se
567 5735 827 5790 convertit
854 5775 867 5800 ,
894 5734 1153 5803 Gregorio
1179 5732 1292 5802 jam
1326 5744 1526 5785 annum
1558 5737 1808 5798 quartum
1854 5729 1938 5780 tie-

750 5665 875 5720 risia
911 5662 1279 5724 Willihrortlo,
1309 5658 1372 5714 ad
1404 5656 1602 5711 llassus
1631 5665 1685 5709 et
1714 5657 1942 5710 Thurin-

2036 4524 2181 4571 tanta
2227 4533 2401 4586 pugna
2430 4525 2483 4570 et
2511 4514 2917 4586 perturbatione
2964 4514 3336 4569 dimicantium
3382 4514 3616 4582 populo-

2032 4628 2181 4675 rum,
2234 4612 2439 4665 cleetus
2483 4620 2669 4679 pastor
2718 4608 3028 4662 Bonifacius
3081 4621 3358 4674 nunquam
3396 4621 3620 4659 cessare

2031 4706 2205 4778 potuit
2242 4720 2272 4757 a
2303 4702 2543 4757 custodia
2573 4711 2628 4755 et
2659 4700 3010 4754 instructioue
3058 4680 3236 4768 gregis
3265 4697 3347 4749 sui
3381 4713 3393 4747 :
3426 4710 3618 4749 verum

2036 4804 2184 4849 tanto
2233 4793 2333 4847 fuit
2373 4791 2708 4847 constantior
2755 4800 2809 4844 et
2852 4789 3091 4860 paratior
3131 4801 3230 4857 pro
3274 4786 3467 4840 ovibus
3504 4785 3621 4839 suis

2035 4886 2270 4941 animam
2303 4898 2456 4938 suam
2485 4896 2685 4952 ponere
2715 4922 2729 4946 ,
2777 4889 2977 4949 quanto
3004 4879 3206 4933 rabiem
3233 4877 3481 4947 luporum
3513 4875 3621 4929 fre—

2035 4980 2288 5049 quentius
2314 4978 2450 5032 vidit
2477 4986 2534 5032 et
2576 4976 2814 5029 atrocius
2854 4972 3154 5027 imminere.
3191 4968 3454 5024 Similiter
3478 4976 3533 5021 et
3560 4968 3622 5019 ti-

2037 5072 2170 5126 delis
2196 5069 2489 5140 discipulus
2534 5067 2651 5137 ejus
2696 5065 2988 5136 Gregorius
3012 5060 3242 5129 'adjutor
3271 5056 3622 5129 infatigabilis

2039 5164 2090 5216 in
2120 5176 2283 5231 opere
2311 5159 2408 5215 Dei
2437 5175 2558 5214 cum
2586 5157 2845 5227 magistro
2888 5151 3187 5224 permansit
3212 5150 3264 5204 in
3294 5149 3541 5204 custodia
3567 5156 3624 5200 et

2038 5251 2355 5305 educatione
2382 5248 2559 5319 gregis
2593 5244 2812 5306 Christi,
2845 5242 3018 5296 factus
3048 5239 3314 5294 secundus
3342 5245 3547 5307 pastor.

2109 5341 2161 5392 7.
2198 5340 2272 5393 Eo
2300 5352 2469 5406 usque
2499 5344 2682 5390 autem
2710 5335 2826 5388 haec
2856 5333 2926 5386 ita
2953 5332 3301 5402 gerebantur,
3330 5332 3502 5380 donec
3523 5338 3619 5393 per

2041 5432 2270 5503 gratiam
2296 5427 2496 5485 Christi
2530 5426 2889 5495 triumpharet
2926 5420 3235 5477 Christiana
3276 5429 3472 5471 manus
3501 5454 3515 5477 ,
3564 5422 3619 5468 ct

2043 5596 2239 5648 cimum
2269 5594 2621 5659 pmrtervecto
2644 5625 2659 5650 ,
2706 5584 2795 5652 qui
2849 5578 3075 5651 proinde
3118 5590 3259 5629 anno
3288 5570 3489 5629 Christi
3519 5566 3619 5620 708

2044 5674 2200 5718 natus
2225 5671 2324 5715 est.
