3868 6174
176 369 272 426 737

1311 370 1468 426 γιτΑ
1509 370 1566 426 S.
1609 371 1936 428 CIIECUIIII
1980 373 2291 430 AL’BATIS.

3333 381 3437 436 738

174 500 270 555 pax
300 482 462 553 plena
495 482 588 536 Dei
625 482 883 537 Ecclesiis
919 483 1251 538 redderetur.
1289 485 1352 536 Et
1381 493 1540 538 erant
1585 485 1759 553 magis
1792 493 1835 546 Α
1868 488 2124 556 magistro
2155 490 2204 543 in
2237 490 2382 543 omni
2407 503 2630 559 operum
2654 489 2854 546 virtute
2875 500 2929 546 et
2957 493 3153 548 decore
3179 495 3456 564 sapientia:

172 595 232 632 ac
254 576 432 646 magis
460 585 768 630 crescentes
789 593 852 630 ac
877 577 1218 646 prolicientes
1249 578 1300 630 in
1327 591 1491 646 Opere
1521 577 1754 640 [)olnini,

173 667 308 721 sicut
368 665 839 734 inpraesentiarum
867 668 1113 720 cernitur
1137 706 1152 728 ,
1177 665 1649 720 considerantibus
1674 681 1760 718 re.-

171 759 354 827 gioncs
381 755 658 812 ilias.'Sed
687 757 816 824 quid
849 772 946 809 nos
975 758 1156 810 miseri
1188 797 1202 820 ,
1238 756 1376 826 pigri
1417 766 1474 810 et
1511 757 1715 809 inertes
1743 795 1756 818 ,

173 863 220 902 Ill
244 862 381 916 pace
409 845 668 901 Ecclesiae
706 846 799 900 Dei
827 847 1020 901 dicturi
1049 862 1260 910 sumus,
1299 847 1391 916 qui
1439 861 1544 899 non
1583 845 1760 915 gregis

170 938 338 1001 lucra,
375 938 472 994 sed
496 938 784 994 commoda
813 947 996 992 irostra
1031 949 1246 1006 semper
1272 945 1578 1007 qumrenles
1601 977 1615 1000 ,
1669 936 1757 990 vix

171 1044 406 1098 unquam
441 1028 498 1082 in
530 1028 771 1083 custodia
799 1028 979 1082 ovium
1023 1037 1212 1081 contra
1261 1027 1466 1081 rabiem
1509 1026 1758 1096 luporum

171 1119 244 1173 vel
269 1135 444 1173 unum
467 1118 723 1173 latratum
752 1118 959 1172 minimi
995 1118 1261 1172 sermonis
1280 1116 1619 1172 emittimus?
1643 1115 1755 1184 qui,

170 1213 299 1266 sicut
329 1211 444 1266 dixi
470 1251 484 1274 ,
531 1211 584 1265 in
627 1226 760 1281 pace
798 1211 1056 1266 Ecclesia:
1079 1211 1217 1280 pigri
1245 1225 1432 1264 sumus
1461 1221 1518 1264 et
1541 1223 1762 1264 somno-

173 1303 288 1356 lenti
343 1302 401 1356 in
449 1302 693 1357 custodia
735 1301 933 1371 gregis,
973 1301 1030 1355 in
1073 1301 1242 1356 lucris
1281 1315 1408 1355 vero
1445 1299 1762 1355 carnalibus

171 1391 389 1444 nimium
437 1391 645 1446 strenui
681 1399 736 1446 et
765 1391 1074 1461 pervigiles.
1109 1391 1200 1445 Isti
1243 1400 1426 1445 autem
1467 1390 1531 1444 de
1566 1389 1762 1458 quibus

174 1481 442 1547 loquimur
468 1520 482 1543 ,
515 1480 568 1534 in
601 1487 748 1536 tanta
774 1480 1186 1550 perturbatione
1213 1489 1270 1535 et
1296 1479 1560 1536 bellorum
1583 1487 1764 1534 certa-

172 1573 327 1634 mine,
359 1587 470 1627 non
515 1573 690 1629 solum
740 1574 797 1628 in
846 1574 930 1628 sui
976 1573 1168 1627 intima
1215 1582 1272 1627 et
1317 1581 1470 1627 casta
1515 1571 1759 1626 custodia

173 1665 380 1720 mundis
429 1665 688 1721 cordibus
725 1673 1162 1734 permanserunt,
1195 1664 1291 1718 sed
1319 1663 1484 1718 etiam
1526 1663 1579 1716 in
1610 1661 1762 1715 lucro

173 1757 340 1827 gregis
359 1764 417 1811 et
435 1755 826 1826 discipulorum
849 1755 1188 1811 documentis
1209 1761 1357 1808 tanta
1386 1752 1763 1808 benedictione

1860 579 2073 644 divinae,
2089 582 2386 635 secundum
2417 579 2643 636 l‘muuam
2677 583 2944 654 magistri,
2977 603 3005 640 a
3038 579 3145 656 quo
3172 587 3450 644 didicerat.

1859 667 1928 720 Et
1951 669 2029 723 sie
2057 668 2109 722 in
2137 671 2222 725 his
2263 672 2513 725 omnibus
2533 717 2548 738 ,
2579 673 2876 729 secundum
2902 673 3207 732 Psalmistzc
3252 677 3453 734 dictum

1862 757 2034 829 (ἔδεαι.
2067 760 2316 831 LXXXIII),
2351 763 2444 831 qui
2471 761 2659 818 electis
2687 765 2780 819 Dei
2809 766 2982 836 legem
3009 767 3156 823 dedit
3177 768 3228 822 in
3251 770 3453 826 virtute

1859 865 2102 920 operum,
2136 852 2280 906 dedit
2322 862 2378 908 et
2420 853 2853 911 benedictionem
2905 859 2958 914 in
3003 851 3451 932 nmltiplléationc

1859 949 1914 993 et
1945 939 2188 1008 profectu
2217 941 2601 1012 discipulorum
2633 963 2646 997 :
2676 952 2727 999 ct
2759 946 2835 1001 sic
2866 947 3015 1001 ibant
3056 949 3120 1004 de
3153 950 3356 1006 virtute
3397 952 3450 1006 in

1861 1029 2135 1093 virtutem,
2168 1033 2409 1099 quotidie
2435 1031 2489 1085 in
2521 1033 2712 1088 melius
2737 1036 3082 1103 proﬁcientes
3119 1048 3171 1094 et
3203 1056 3453 1098 crescen-

1863 1127 1943 1172 tes
1973 1118 2026 1172 in
2054 1121 2200 1174 omni
2231 1137 2394 1191 opere
2420 1122 2586 1176 bono.

1931 1209 1984 1263 9.
2027 1209 2254 1276 Interea,
2299 1213 2426 1266 dum
2467 1212 2580 1268 haec
2613 1215 2682 1267 ita
2715 1211 2974 1286 geruntur
3024 1219 3091 1272 ab
3127 1211 3326 1276 “electis
3359 1223 3452 1278 Dei

1860 1300 2138 1356 Benifacio
2166 1311 2219 1357 et
2251 1303 2528 1372 discipulis
2573 1304 2710 1374 ejus,
2756 1318 3138 1363 successerunt
3183 1311 3234 1364 in
3285 1327 3451 1383 regno

1860 1391 2002 1460 patri
2038 1389 2231 1446 Carolo
2262 1394 2494 1463 religiosi
2535 1396 2630 1450 lilii
2673 1396 3033 1454 Car-[mannos
3078 1410 3132 1455 et
3173 1401 3452 1473 Pippinus,

1862 1492 2016 1551 patre
2044 1484 2281 1537 debitum
2314 1487 2581 1540 universa:
2621 1487 2802 1544 carnis
2829 1489 3168 1558 per-solvente
3196 1500 3251 1546 ct
3283 1502 3459 1550 trans-

1861 1583 2022 1628 eunte
2045 1575 2112 1629 de
2138 1577 2239 1630 hoc
2269 1578 2487 1632 mundo.
2517 1577 2670 1634 'I‘unc
2699 1580 2771 1648 pii
2803 1580 2895 1634 ﬁlii
2925 1583 3068 1651 patri
3098 1583 3456 1638 succedentes

1863 1666 1917 1718 in
1967 1679 2214 1734 regnum,
2257 1668 2382 1735 quia
2425 1669 2504 1722 eis
2552 1669 2789 1739 undique
2837 1685 2934 1740 per
2977 1673 3206 1743 gratiam
3257 1671 3457 1728 Christi

1863 1755 2037 1824 major
2058 1757 2210 1826 quies
2231 1766 2347 1812 erat
2373 1759 2563 1828 largita
2595 1761 2856 1815 bellorum
2889 1778 3049 1831 quam
3079 1763 3270 1818 fuisset
3293 1765 3454 1834 patri,

174 1847 254 1901 Dei
277 1846 497 1902 dilatati
525 1853 670 1909 sunt,
703 1853 760 1900 et
784 1845 1004 1916 propria
1033 1844 1315 1915 vigilantia
1345 1859 1446 1913 per
1487 1843 1581 1896 Dei
1612 1842 1762 1911 adju-
1797 1829 1840 1888 Β
1867 1855 2148 1915 coeperunt
2184 1849 2236 1902 in
2271 1863 2436 1918 regno
2481 1864 2599 1914 suo,
2655 1829 2953 1920 inspirante
2997 1849 3130 1917 Deo,
3181 1829 3460 1922 religionis

172 1941 364 1995 torium
391 1937 758 2008 multiplicati.

232 2035 285 2088 8.
315 2032 475 2087 Tunc
519 2032 730 2102 priores
757 2039 816 2088 et
837 2030 1218 2102 prudentiores
1264 2027 1626 2089 Francorum,
1660 2025 1755 2095 qui

172 2122 393 2179 electum
415 2123 513 2178 Dei
541 2131 835 2194 martyrem
865 2120 1200 2177 Bonifacium
1229 2117 1452 2188 ejusque
1463 2115 1757 2186 discipulos

179 2212 542 2270 venerabilem
570 2211 890 2282 Gregorium
910 2221 967 2266 et
985 2211 1164 2267 socios
1183 2209 1298 2280 ejus
1316 2211 1369 2265 in
1393 2218 1544 2264 tanta
1559 2209 1758 2262 virtute

178 2322 396 2378 operum
421 2314 479 2362 et
501 2305 816 2361 fortitudine
837 2304 1157 2360 constantiae
1182 2317 1344 2359 nosse
1369 2310 1426 2357 et
1455 2300 1758 2370 intelligere

175 2403 493 2468 potuerunt,
534 2403 817 2466 coeperunt
866 2395 947 2450 eis
973 2401 1028 2448 et
1064 2408 1161 2448 sua
1197 2391 1394 2448 oll'erre
1446 2388 1756 2460 diligentius

175 2489 234 2543 de
283 2488 376 2542 die
434 2487 489 2541 in
547 2485 728 2550 diem,
767 2491 824 2540 et
846 2484 1062 2539 laudem
1101 2490 1266 2538 tantae
1307 2478 1659 2537 beatitudinis
1703 2484 1760 2532 et

173 2579 390 2633 unitatis
420 2577 564 2647 apud
606 2591 786 2648 regem
830 2577 1164 2632 Francorum
1211 2573 1479 2630 seniorem
1533 2569 1756 2626 Garlum

175 2685 270 2725 non
301 2669 505 2724 celare.
547 2667 833 2739 Cmpitque
859 2675 916 2722 et
943 2667 1058 2736 ipse
1094 2679 1186 2721 rex
1214 2665 1392 2720 virum
1417 2663 1514 2718 Dei
1540 2660 1760 2717 Bonifa-

176 2761 307 2814 cinm
335 2759 481 2815 velle
506 2759 692 2815 videre
717 2799 732 2824 ,
757 2759 1022 2829 iussitque
1048 2772 1170 2812 eum
1199 2757 1384 2812 venire
1431 2755 1500 2811 ad
1541 2770 1620 2810 se.
1655 2752 1760 2820 Qui

177 2866 288 2906 cum
327 2851 608 2915 venisset,
650 2865 759 2905 non
781 2850 966 2906 statim
995 2849 1050 2904 in
1076 2849 1230 2904 initio
1256 2849 1464 2904 honore
1487 2845 1590 2900 sibi
1625 2859 1770 2900 eon-

179 2943 328 3016 digno
373 2953 633 3014 receptus
667 2950 752 2997 est
777 2957 808 2996 a
855 2955 1002 3012 rege,
1034 2941 1130 2996 sed
1164 2941 1244 2995 sic
1283 2945 1652 3010 competenter
1680 2935 1766 2991 di-

182 3044 306 3092 .atus
333 3054 350 3090 :
384 3035 515 3106 quia
545 3033 764 3090 fuerant
795 3033 1012 3104 quidam
1038 3031 1518 3102 pseudo-doctores
1539 3036 1593 3084 et
1627 3025 1763 3082 adu-

179 3126 390 3192 latores,
430 3127 512 3198 lui
543 3123 741 3181 famam
773 3124 946 3180 sancti
980 3123 1084 3178 viri
1121 3129 1178 3190 et
1211 3119 1592 3190 discipulorum
1637 3115 1756 3184 ejus

181 3220 458 3285 obfuseare
485 3225 542 3273 et
562 3216 824 3286 impedire
844 3215 1024 3271 conati
1050 3221 1177 3268 sunt
1201 3213 1342 3282 apud
1371 3222 1553 3280 regem
1576 3221 1623 3262 α.
1650 3209 1756 3264 Ve-

179 3320 478 3366 rumtamen
505 3324 574 3363 ex
601 3309 692 3363 illo
720 3308 808 3364 die
846 3308 1018 3362 crevit
1063 3321 1219 3360 amor
1245 3313 1302 3360 et
1324 3305 1499 3358 honor
1522 3301 1760 3358 hominis

181 3401 266 3455 Dei
288 3410 346 3456 et
373 3397 770 3467 discipulorum
796 3396 915 3468 ejus
937 3396 1078 3465 apud
1105 3408 1317 3458 omnes,
1338 3393 1430 3461 qui
1459 3391 1616 3446 (idem
1644 3389 1762 3445 illo-

181 3507 290 3545 rum
315 3499 374 3546 et
402 3489 575 3544 vitam
601 3489 744 3543 scire
768 3495 826 3542 et
865 3485 1191 3554 investigare
1233 3483 1461 3538 interius
1495 3481 1763 3536 desidera-

182 3582 300 3636 bant
325 3597 342 3635 :
365 3588 424 3635 et
445 3579 604 3648 juxta
645 3578 849 3634 dictum
892 3575 1202 3646 Evangelii,
1226 3571 1520 3642 justilicata
1555 3579 1641 3625 est
1675 3585 1764 3623 sa-

180 3672 371 3741 pientia
402 3686 436 3725 a
481 3669 608 3725 ﬁliis
636 3669 752 3725 suis
779 3667 935 3740 (Luc.
972 3666 1084 3738 vn).
1123 3665 1420 3720 Redierunt
1458 3662 1616 3721 electi
1663 3662 1759 3716 Dei

181 3762 368 3816 iterum
408 3761 478 3816 ad
507 3775 605 3816 sua
627 3800 644 3826 ,
667 3767 724 3814 et
759 3759 814 3814 in
855 3767 1033 3828 empto
1062 3753 1226 3827 opere
1261 3756 1378 3810 sine
1403 3754 1512 3809 ulla
1549 3754 1765 3809 haesita-

184 3853 320 3907 tione
349 3857 729 3922 permanentes
775 3848 831 3902 in
875 3847 1167 3915 Thuringis
1209 3855 1264 3900 et
1315 3845 1369 3898 in
1419 3843 1640 3906 llassis,
1671 3842 1761 3895 ubi

183 3956 304 3999 tunc
351 3943 612 4014 temporis
662 3941 896 3996 maxime
923 3954 1058 4008 Opus
1088 3947 1208 3993 erat
1256 3935 1500 3990 doctrina
1548 3934 1761 3988 illorum

185 4035 249 4088 οἱ)
275 4034 605 4088 vicinitatem
633 4045 968 4102 paganorum
1006 4037 1060 4082 et
1098 4029 1368 4082 indoctam
1398 4026 1626 4095 plebem.
1659 4023 1766 4078 Ibi-

185 4140 284 4193 que
311 4133 588 4196 coeperunt
633 4124 702 4179 ab
741 4121 1094 4178 oll'erentibus
1133 4127 1356 4190 propter
1391 4131 1631 4173 amorem
1669 4117 1764 4172 Dei

186 4225 238 4270 et
281 4216 516 4271 salutem
559 4215 862 4272 animarum
909 4227 1130 4268 suarum
1167 4211 1376 4266 modica
1405 4211 1522 4264 loca
1551 4209 1766 4264 territo-

189 4295 372 4376 riaque
409 4306 689 4376 suscipere
712 4343 729 4371 ,
760 4313 817 4360 et
843 4305 896 4358 in
925 4304 1005 4358 eis
1037 4301 1296 4358 ecclesias
1321 4310 1666 4364 construere,
1711 4308 1768 4354 et

187 4397 242 4450 in
271 4398 372 4452 hoc
407 4410 623 4468 quoque
657 4410 819 4466 opere
845 4435 862 4460 ,
891 4395 1032 4450 sicut
1058 4401 1113 4448 et
1140 4393 1194 4447 in
1222 4391 1603 4462 prmdicatione
1627 4405 1722 4445 sua
1747 4431 1764 4455 ,

188 4499 310 4538 cum
335 4485 707 4540 benedictione
747 4483 841 4538 Dei
887 4483 1116 4538 multum
1147 4480 1409 4551 prolicere
1435 4502 1446 4532 ;
1477 4481 1543 4535 de
1571 4479 1768 4548 quibus

189 4573 322 4627 locis
347 4583 431 4629 est
457 4589 596 4629 unus
621 4575 678 4630 in
707 4573 1001 4642 Thuringia
1033 4611 1052 4636 ,
1101 4571 1318 4626 nomine
1345 4569 1636 4638 Erpesford
1658 4610 1674 4634 ,
1707 4577 1765 4624 et

187 4661 327 4716 alios
359 4663 411 4718 in
441 4663 665 4728 Hassis,
695 4661 1031 4726 Frideshlar,
1060 4675 1182 4716 cum
1216 4661 1426 4714 caeteris
1471 4659 1764 4724 nonnullis,

187 4767 325 4818 quos
351 4753 696 4808 initiavernnt
737 4751 897 4808 electi
947 4750 1080 4816 Dei,
1111 4757 1165 4804 et
1199 4749 1482 4804 excoluere
1511 4749 1658 4803 cultu
1685 4749 1765 4804 di-

191 4848 317 4901 vino
364 4847 514 4904 Tunc
543 4855 833 4904 creverunt
860 4845 978 4902 loca
1007 4844 1244 4908 divitiis,
1273 4843 1551 4911 crevitque
1579 4856 1766 4895 nione-

195 4952 286 4990 rus
319 4936 736 5007 discipulorum;
787 4951 852 4991 ac
909 4935 1106 4988 virtute
1159 4948 1382 5002 Operum
1427 4931 1760 5000 proﬁciebat.

192 5029 371 5082 Crevit
412 5030 575 5084 etiam
614 5029 807 5084 beatus
845 5027 1161 5082 adolescens
1189 5025 1480 5096 Gregorius
1510 5040 1632 5079 cum
1667 5039 1766 5078 suo

254 5171 280 5195 ει
316 5155 376 5210 Et
404 5168 579 5213 tamen
607 5159 860 5213 Carolum
890 5153 1137 5210 'I‘udltem
1167 5153 1363 5209 favisse
1390 5152 1687 5217 Bonifacio,
1714 5163 1768 5207 et

193 5243 318 5299 eum
361 5229 786 5299 inconspectum
831 5227 1156 5299 admisisse,
1191 5233 1402 5299 constat
1431 5240 1495 5279 ex
1523 5224 1764 5299 _cpistol_a

196 5297 362 5368 ipsius
387 5295 602 5363 Caroli',
653 5316 772 5368 quae
819 5297 1077 5368 estinter
1118 5295 1491 5368 Ilouil'a_zciartas
1521 5295 1769 5368 52,‘cpi-

196 5363 400 5432 Scottis,
443 5363 700 5431 ducibus,
751 5365 1069 5431 countibus,
1113 5365 1366 5428 vicariis,
1418 5363 1766 5428 domesticis,

197 5435 418 5510 aliisque
464 5439 614 5510 regni
666 5437 1010 5510 Francorum
1038 5434 1384 5510 optimatibus
1411 5433 1614 5510 directa
1645 5449 1766 5510 curn

201 5505 315 5576 hoc»
338 5503 559 5562 exordio
587 5527 600 5562 :
642 5526 658 5556 ι
690 5506 1043 5576 Cog'noseatis
1069 5503 1298 5574 qualiter
1333 5503 1656 5576 apostolicus
1687 5504 1770 5576 vir

200 5571 258 5627 in
283 5573 485 5632 Christo
509 5577 670 5632 Pater
699 5571 1008 5631 Bonifacius
1047 5571 1330 5645 episcopus
1355 5571 1434 5645 ad;
1458 5590 1556 5645 nos
1584 5573 1766 5645 venit,

202 5651 262 5726 e_t
280 5647 432 5726 pubis
458 5647 724 5718 suggessit
742 5647 883 5726 quod
913 5647 1010 5726 sub
1034 5643 1236 5726 nostro
1274 5643 1660 5726 mundeburgio
1687 5644 1769 5726 vel

206 5712 506 5773 defensioue
525 5712 653 5772 eam
684 5712 922 5776 recipere
962 5716 1332 5775 deberenms,»
1360 5723 1489 5776 clc.,
1521 5713 1660 5776 quod
1687 5721 1766 5766 ta-

211 5798 327 5838 men
348 5788 503 5842 etiam
526 5783 974 5843 commendatitiis
997 5785 1236 5855 Gregorii
1257 5799 1408 5855 pupa:
1432 5783 1498 5838 ad
1521 5783 1769 5838 Carol'nn

1863 1936 2038 1990 oii‘cia
2078 1937 2336 1993 intentius
2364 1953 2608 2009 quazrere
2645 1948 2700 1994 ct
2731 1941 3036 1996 meliorare.
3070 1941 3244 2011 Cu‘pit
3274 1953 3326 1996 ct
3353 1943 3455 1996 hoc

1862 2029 2051 2083 audire
2083 2031 2273 2084 beatus
2298 2029 2608 2087 Bonifacius
2635 2032 2850 2088 futurus
2875 2047 3081 2108 martyr;
3111 2044 3166 2089 ct
3205 2031 3456 2105 discipuli

1861 2119 1995 2187 ejus,
2030 2129 2416 2190 cmperuntque
2451 2124 2784 2193 frequentius
2833 2127 3213 2195 approximare
3255 2126 3456 2194 palatio

1862 2222 2024 2278 quam
2065 2209 2339 2276 fecissent,
2381 2221 2436 2267 et
2483 2214 2626 2283 loqui
2658 2231 2782 2270 eum
2811 2216 3048 2286 regibus,
3077 2226 3132 2270 et
3161 2216 3457 2285 praedicare

1863 2301 2156 2356 secundum
2186 2303 2366 2357 datam
2398 2305 2502 2358 sibi
2533 2321 2563 2359 a
2597 2306 2708 2361 Deo
2734 2309 2962 2377 gratiam
2993 2309 3246 2377 populum
3279 2307 3370 2362 Dei
3402 2307 3455 2362 in

1863 2391 1980 2460 ipso
2025 2391 2245 2459 palatio.
2279 2391 2347 2446 Et
2383 2393 2434 2446 in
2470 2401 2675 2448 tantam
2721 2398 2950 2465 gratiam
2999 2402 3264 2451 venerunt
3314 2398 3454 2467 apud

1864 2494 2020 2550 reges
2045 2481 2386 2550 supradictus
2413 2491 2470 2538 et
2496 2499 2711 2540 omnem
2735 2486 2987 2556 populum
3017 2487 3372 2551 Francormn,
3401 2493 3460 2541 ut

1864 2587 2056 2627 omnes
2093 2587 2202 2626 una
2234 2565 2366 2628 voce
2399 2575 2643 2630 dicerent
2687 2585 2744 2632 et
2789 2580 3199 2644 concordarent,
3237 2580 3456 2634 beatum

1865 2664 2199 2720 Bonifacium
2255 2667 2632 2737 dignissimum
2681 2685 2804 2726 esse
2846 2672 3158 2742 episcopatu
3205 2682 3259 2727 et
3310 2675 3456 2726 omni

1867 2756 2094 2820 honore,
2125 2759 2368 2827 exceptis
2396 2759 2500 2814 illis
2530 2761 3076 2830 pseudo-doctoribus
3113 2762 3142 2802 δ
3174 2771 3229 2815 et
3273 2763 3460 2816 adula-

1871 2849 2095 2915 toribus,
2140 2865 2277 2920 quos
2323 2854 2572 2921 superius
2613 2855 2762 2909 dixi:
2792 2857 2882 2926 qui
2914 2866 2964 2910 et
2997 2871 3120 2911 eum
3153 2856 3462 2910 interﬁcere

1868 2941 2160 3011 aliquando
2207 2945 2380 2998 moliti
2426 2957 2580 3012 sunt;
2633 2948 2727 3001 sed
2759 2963 2862 3002 non
2891 2947 3095 3002 dimisit
3119 2963 3242 3002 eum
3275 2947 3458 3000 Domi-

1868 3048 1972 3088 nus
1996 3043 2271 3103 protector
2293 3035 2406 3104 ejus
2429 3038 2612 3092 venire
2638 3039 2690 3092 in
2715 3039 3004 3094 malevolus
3035 3053 3226 3094 manus
3245 3051 3452 3100 eorum,

1791 3171 1838 3234 ε
1870 3119 2040 3179 donec
2100 3127 2466 3192 annuntiaret,
2533 3131 2828 3184 secundum
2896 3130 3101 3185 dictum
3154 3128 3456 3182 Psalmistm

1871 3212 2044 3285 (Pssl.
2073 3214 2221 3285 cxx),
2262 3217 2544 3272 brachium
2575 3225 2630 3272 et
2669 3219 2966 3285 potentiam
3000 3219 3093 3274 Dei
3125 3219 3456 3285 generationi

1895 3213 2044 3268 Pssl.
2073 3214 2221 3288 cxx),
2262 3217 2544 3272 brachium
2575 3225 2630 3272 et
2669 3219 2966 3288 potentiam
3000 3219 3093 3274 Dei
3125 3219 3456 3288 generationi

1866 3318 1988 3373 qua:
2029 3313 2256 3359 ventura
2298 3313 2437 3360 erat.
2479 3307 2647 3376 Igitur
2669 3308 2770 3377 ipsi
2803 3308 2902 3362 soli
2931 3316 3212 3376 Cir-perunt
3243 3316 3460 3360 contra-

1865 3393 2046 3449 dicere
2074 3403 2276 3450 etcum
2301 3394 2678 3464 blasphemare
2717 3405 2975 3466 quantum
3017 3405 3330 3466 potuerunt,
3371 3405 3456 3446 at-

1867 3499 1974 3553 que
2019 3482 2307 3548 affirmare,
2358 3500 2465 3539 non
2513 3499 2634 3539 esse
2677 3500 2799 3540 eum
2851 3487 3069 3557 dignum
3120 3487 3450 3556 episcopatu,

1864 3574 2006 3644 quod
2031 3575 2348 3646 peregrinus
2377 3583 2513 3630 erat.
2551 3575 2608 3630 In
2652 3584 2860 3631 tantum
2888 3585 3044 3631 erant
3073 3583 3196 3630 tunc
3223 3574 3462 3629 sanioris

1864 3668 2076 3723 consilii
2106 3667 2228 3722 laici
2271 3682 2434 3737 quam
2479 3669 2684 3734 clerici,
2733 3669 2976 3723 videntes
3016 3669 3328 3740 sapientiam
3359 3669 3455 3721 Dei

1864 3767 1920 3812 et
1947 3759 2177 3828 gratiam
2209 3771 2330 3813 esse
2362 3758 2418 3812 in
2457 3758 2678 3812 homine
2707 3758 2818 3823 illo,
2847 3768 2906 3812 ut
2932 3773 3038 3828 quo
3068 3757 3294 3827 amplius
3323 3771 3452 3826 per-

1864 3849 2157 3904 versissimi
2204 3848 2319 3913 illi,
2367 3864 2474 3903 non
2529 3850 2644 3906 .tico
2694 3851 2948 3920 episcopi,
3002 3849 3196 3918 quibus
3244 3863 3443 3903 nmnen

1865 3941 1998 3995 illud
2046 3941 2232 3995 datum
2275 3948 2362 3996 est
2405 3941 2700 4007 immerito,
2741 3957 2864 3994 eum
2911 3943 3220 4012 vituperare
3267 3942 3448 3996 conati

1865 4039 2013 4095 sunt,
2041 4037 2190 4084 tanto
2217 4031 2448 4099 amplius
2474 4031 2788 4102 diligeretur
2811 4032 2879 4085 ab
2907 4032 3176 4094 omnibus,
3207 4041 3260 4084 et
3287 4030 3456 4084 laudi-

1865 4122 1966 4176 bus
1992 4119 2294 4186 ell‘erretur,
2333 4122 2682 4190 quoadusque
2703 4121 2756 4174 in
2787 4130 3059 4175 certamen
3085 4121 3330 4174 venirent
3359 4134 3454 4173 co-

1867 4227 1981 4265 ram
2007 4211 2224 4280 regibus
2246 4219 2300 4264 et
2321 4225 2504 4266 coram
2535 4211 2791 4264 universo
2829 4219 3018 4264 senatu
3059 4210 3242 4277 populi
3283 4207 3448 4261 Fran-

1866 4317 2076 4358 corum.
2109 4301 2216 4356 Sed
2247 4301 2377 4370 quid
2418 4316 2554 4368 opus
2598 4309 2682 4354 est
2725 4299 2904 4354 dicere
2949 4299 3016 4353 de
3063 4299 3152 4352 illa
3186 4299 3454 4366 di..cepta-

1867 4394 2013 4448 tione
2049 4408 2210 4462 quam
2255 4391 2558 4446 habuerunt
2592 4399 2720 4445 tunc
2752 4391 2821 4444 ad
2851 4391 3100 4454 invicem,
3143 4390 3216 4443 illi
3245 4389 3456 4444 scilicet

1791 4514 1846 4574 ο
1867 4483 2282 4556 perversissimi,
2314 4497 2450 4552 quos
2469 4482 2751 4537 nominare
2785 4482 2928 4548 nolo,
2955 4496 3023 4536 ex
3051 4497 3156 4536 una
3185 4490 3371 4551 parte;
3400 4490 3458 4535 ct

1865 4584 2085 4631 sanctus
2112 4572 2422 4628 Bonifacius
2440 4587 2508 4627 ex
2533 4573 2702 4627 altera
2729 4588 2851 4628 cum
2879 4572 3156 4642 discipulis
3181 4573 3296 4626 suis
3319 4572 3456 4628 Gre-

1865 4667 2018 4738 gorio
2060 4675 2116 4721 et
2158 4666 2320 4721 sociis
2366 4664 2518 4733 ejus;
2575 4666 2699 4720 dum
2733 4665 2961 4729 confusi,
3011 4673 3068 4719 et
3114 4665 3333 4720 refutati
3385 4665 3454 4717 ab

1865 4759 2010 4814 omni
2053 4767 2242 4814 senatu
2268 4766 2324 4812 et
2360 4758 2428 4811 ab
2475 4757 2610 4827 ipsis
2661 4757 2896 4826 regibus,
2944 4757 3070 4810 inde
3113 4757 3453 4812 discederent

1866 4851 2182 4913 adversarii,
2217 4857 2274 4904 et
2299 4858 2520 4904 sanctus
2548 4848 2854 4914 Bonifacius
2879 4848 3096 4904 futurus
3139 4859 3353 4920 martyr
3385 4850 3452 4904 ad

1867 4943 1971 4996 hoc
1997 4941 2322 5012 perveniret,
2349 4947 2410 4993 ut
2434 4940 2638 5009 absque
2672 4939 2830 4994 ullius
2865 4941 3314 5005 contradictione,
3344 4957 3448 4994 una

1865 5032 2105 5088 omnium
2147 5045 2280 5086 voce
2317 5031 2609 5101 eligeretur
2654 5030 2708 5084 in
2756 5033 3098 5102 episcopatus
3139 5032 3454 5087 sublimissi—

1868 5162 2067 5216 litteris
2096 5161 2437 5215 tribuendum
2463 5169 2564 5215 est.

1940 5233 1966 5271 b
2007 5231 2236 5284 Fortenu
2267 5230 2545 5284 Clemente
2567 5239 2620 5284 et
2642 5229 2955 5294 Aldebcrto,
2993 5229 3242 5294 pessimis
3283 5229 3456 5282 haere-

1871 5302 2011 5365 ticis,
2041 5302 2108 5356 de
2134 5301 2329 5370 quibus
2356 5301 2408 5354 in
2438 5300 2589 5354 Actis
2635 5302 2805 5354 sancti
2849 5297 3450 5370 Bonifaciitnisi”quod

1869 5382 2058 5426 auctor
2082 5366 2246 5426 etiam
2281 5371 2562 5440 episcopos
2602 5379 2753 5424 notat
2799 5369 2977 5434 infra;
3020 5385 3087 5421 an
3131 5366 3452 5440 Virgilium?

1869 5458 2030 5510 quem
2079 5436 2390 5495 Bonifacius
2428 5436 2570 5510 apud
2606 5440 2924 5510 Zachariam
2961 5436 3244 5510 accusavit
3277 5436 3452 5491 invasi

1869 5506 2228 5581 cpisc0patus,
2256 5526 2321 5563 ex
2353 5506 2516 5564 libfu
2543 5509 2782 5581 Otbloni,
2806 5523 2926 5581 cap.
3035 5514 3091 5560 et.
3117 5506 3367 5566 Clemens
3392 5521 3451 5560 se

1869 5576 2180 5651 episcopum
2211 5581 2540 5638 venditabat,
2567 5579 2696 5634 ibid.
2726 5591 2844 5700 cag.
2875 5577 2929 5629 4.
2957 5576 3071 5658 IIuc
3094 5585 3304 5645 spectat
3321 5591 3450 5632 con-

1872 5653 2053 5700 cilium
2089 5650 2389 5700 Ilertianurn
2430 5649 2656 5700 ibidem:
2701 5655 2757 5700 ct
2831 5661 3176 5700 uessronense
3251 5647 3305 5700 in
3343 5660 3450 5700 uno

1872 5647 2390 5705 ciliunfllomanum
2430 5649 2656 5712 ibidem;
2701 5655 2757 5701 ct
2790 5647 3176 5719 Suessiouense
3251 5647 3305 5701 in
3343 5660 3454 5719 quo

1871 5722 2196 5778 Aldcbertus
2220 5729 2272 5774 et
2299 5719 2548 5774 Clemens
2576 5717 2813 5773 damnati
2843 5731 2983 5772 anno
3013 5715 3132 5771 7M.
