3868 6174
435 352 544 409 759

1212 351 1269 408 S.
1309 349 1686 409 LUDGERUS
1724 345 2498 408 MISIIGARDEFORDENSIS
2538 348 2933 407 EPISCOPUS.
3556 357 3642 416 τεο

436 480 584 520 mum
637 463 886 535 gradum,
918 470 974 519 et
1004 459 1277 533 Maguntia
1324 462 1736 534 metropolitano
1772 461 2011 518 Ecclesia
2043 469 2087 523 Α
2116 470 2172 516 et
2195 471 2439 516 sanctum
2468 477 2666 532 corpus
2694 461 2813 531 ejus
2841 463 3236 533 martyrizatum
3258 465 3311 518 in
3346 468 3518 522 eodem
3542 486 3643 526 sus.

434 558 484 613 ei
512 557 734 612 daretur
757 570 789 609 a
823 555 1039 626 regibus
1068 553 1398 624 providenda
1420 562 1475 611 et
1500 554 1733 625 regenda
1759 566 1809 607 ι.
1842 553 1923 608 Ex
1952 569 2019 609 eo

434 646 525 702 die
568 653 829 717 quantum
868 644 1128 701 claruerit
1155 645 1420 715 sapientia
1458 644 1627 714 ipsius
1666 644 1814 701 omni
1854 658 2020 715 regno

437 737 789 802 Francorum,
837 743 1177 806 quantasque
1220 734 1455 807 synodos
1490 750 1613 790 eum
1641 733 1905 805 religiosis
1930 746 2016 786 re-

434 827 591 899 gibus
611 827 681 884 ad
704 827 1096 883 correctionem
1124 825 1304 897 populi
1324 834 1509 896 postea
1540 824 1879 887 instituisset,
1912 837 2019 877 non

437 917 491 970 in
516 916 620 973 isto
645 916 904 987 opusculo
934 917 1095 972 modo
1118 915 1405 972 dicendum
1430 923 1535 981 est,
1567 915 1693 970 dum
1722 914 1775 968 in
1802 913 2020 968 modum

435 1005 567 1061 solis
588 1005 851 1062 effulserit
880 1007 934 1061 in
963 1006 1164 1075 templo
1196 1005 1312 1069 Dei,
1345 1019 1408 1059 ae
1432 1003 1817 1074 pnndicatione
1841 1018 1939 1057 sua
1964 1011 2020 1056 et

434 1098 696 1168 exemplis
720 1112 910 1153 omnes
939 1096 1164 1153 nebulas
1190 1095 1440 1166 elfugarit
1467 1094 1801 1149 infidelitatis
1832 1101 1886 1147 et
1910 1092 2017 1146 ha:-

436 1188 618 1245 reticaz
652 1188 969 1258 pravitatis:
998 1187 1252 1257 quoniam
1296 1194 1352 1241 et
1392 1185 1494 1240 ista
1539 1183 1718 1238 omnia
1751 1183 1805 1237 in
1834 1181 2013 1237 libello

436 1280 504 1335 de
544 1280 798 1349 passione
844 1278 1016 1350 ipsius
1057 1278 1262 1347 scripto
1301 1276 1457 1346 plene
1482 1282 1538 1331 et
1562 1274 1737 1329 lucide
1782 1272 2012 1328 manife-

436 1379 669 1426 stantur.

508 1460 596 1515 lo.
634 1460 718 1515 Ad
744 1460 859 1517 base
894 1468 1075 1515 autem
1113 1459 1365 1514 universa
1399 1472 1507 1512 non
1552 1455 1759 1511 modice
1802 1454 2019 1523 adjutus

436 1563 521 1611 est
552 1555 621 1610 ab
649 1554 839 1611 electis
867 1551 1145 1624 discipulis
1171 1551 1304 1616 suis,
1333 1558 1456 1619 post
1485 1549 1801 1619 magistrum
1830 1546 2019 1601 claris-

438 1645 591 1699 simis
612 1642 1057 1714 praedicatoribus
1078 1649 1133 1697 et
1155 1641 1419 1698 columnis
1447 1638 1700 1694 Ecclesiae
1723 1638 1818 1693 Dei
1846 1656 1860 1691 :
1889 1652 2018 1707 quo-

438 1752 558 1790 rum
595 1734 964 1805 unusquisque
998 1733 1270 1788 civitatem
1296 1738 1351 1787 et
1374 1730 1648 1800 regionem
1675 1743 1847 1792 suam,
1878 1728 2019 1782 sicut

2117 553 2299 622 cipere
2323 571 2335 606 :
2361 561 2415 608 et
2451 554 2508 607 in
2543 561 2749 608 tantum
2784 554 3078 624 provehere
3106 564 3162 610 et
3204 554 3486 625 glorificare
3513 574 3643 615 enm-

2118 644 2240 698 dem
2286 642 2484 709 locum,
2517 652 2578 699 ut
2611 652 2738 699 ante
2770 645 2974 699 obitum
3016 659 3170 699 suum
3212 645 3276 700 de
3316 645 3413 700 hoc
3453 649 3641 711 mundo,

2119 733 2639 803 quadringentorum
2695 734 2916 789 circiter
2972 732 3347 789 monachorum
3370 773 3385 799 ,
3440 738 3648 806 exceptis

2119 826 2457 895 pulsantibus
2478 826 2506 866 «ι
2540 835 2595 881 et
2638 827 2758 882 aliis
2803 827 3101 882 minoribus
3145 828 3407 897 personis,
3450 844 3644 898 quorum

2121 933 2379 973 numerus
2424 919 2703 988 multiplex
2742 928 2863 975 erat
2903 920 3058 975 valde
3097 919 3152 975 in
3186 920 3300 989 ipso
3337 930 3643 989 monasteno,

2119 1007 2467 1077 positojuxta
2494 1009 2712 1065 ﬂuvium
2760 1011 2949 1076 Fulda,
2983 1010 3145 1067 Pater
3170 1012 3426 1066 exstiterit
3457 1020 3507 1067 et
3533 1029 3647 1082 prte-

2120 1112 2325 1169 ceptor.
2356 1102 2472 1157 Duo
2493 1112 2672 1158 autem
2709 1119 2776 1158 ex
2809 1104 2915 1159 illis
2938 1105 3127 1160 electis
3151 1104 3260 1168 Dei,
3296 1103 3577 1177 Wigbertus
3604 1118 3647 1163 et

2121 1189 2492 1260 Burghardus,
2513 1202 2640 1249 ante
2662 1194 2980 1264 magistrum
3002 1196 3548 1266 migraruntasaaculo.
3562 1199 3648 1255 Sed

2120 1296 2228 1335 non
2252 1289 2378 1336 sunt
2404 1282 2479 1336 illi
2521 1283 2727 1352 absque
2766 1284 2943 1354 palma
2973 1284 3251 1340 electionis
3291 1300 3412 1351 suae,
3454 1287 3563 1342 dum
3592 1290 3647 1343 ad

2124 1388 2285 1439 regna
2313 1374 2556 1429 cmlestia
2591 1375 2907 1447 magistrum
2945 1375 3251 1444 praacederc
3285 1386 3583 1443 meruerunt,
3605 1389 3649 1433 et

2123 1466 2177 1519 in
2213 1465 2524 1537 regionibus
2547 1466 2660 1522 suis
2677 1482 2776 1536 pro
2804 1467 3012 1523 sanctis
3031 1467 3126 1521 Dei
3151 1468 3408 1522 habentur
3429 1477 3479 1523 et
3497 1469 3649 1524 colon-

2127 1562 2214 1610 tur
2238 1557 2305 1611 ab
2333 1556 2584 1611 omnibus
2624 1558 2718 1626 qui
2760 1558 2927 1612 vitam
2966 1556 3180 1612 illorum
3208 1567 3264 1613 et
3285 1559 3516 1613 virtutem
3551 1574 3649 1614 eum

2125 1645 2236 1701 Deo
2273 1661 2435 1702 nosse
2457 1654 2771 1715 potuerunt.
2799 1646 3011 1712 Cernis,
3050 1663 3086 1703 ο
3121 1647 3288 1701 lector
3312 1647 3581 1716 intelligens
3607 1659 3650 1704 et

2119 1740 2365 1811 diligens,
2397 1749 2601 1810 quanta
2627 1739 2956 1796 charismata
2985 1740 3043 1793 in
3072 1754 3180 1794 uno
3223 1738 3430 1794 homine
3460 1738 3650 1794 fuerint;

437 1823 655 1880 Lucifer
695 1838 854 1879 mane
893 1822 1074 1879 oriens
1098 1863 1112 1887 ,
1164 1821 1487 1876 illuminavit
1523 1819 1801 1888 exemplis.
1831 1818 1899 1872 Et
1923 1817 2019 1872 do—
2050 1824 2095 1883 Β
2120 1841 2176 1887 οι
2214 1832 2344 1902 quid
2388 1847 2593 1902 pauper
2630 1832 2739 1898 me,
2780 1833 2874 1901 qui
2899 1831 3179 1887 solitarius
3206 1830 3395 1886 dudum
3419 1830 3468 1885 in
3492 1830 3650 1887 Freso.

437 1917 611 1974 ctrina
658 1932 756 1973 sua
799 1918 990 1973 beatus
1037 1915 1331 1986 Gregorius
1379 1914 1687 1984 Trajectum
1735 1908 2016 1983 [Utrecht],

436 2010 714 2079 antiquam
733 2008 1028 2072 civitatem,
1053 2015 1109 2061 et
1133 2006 1305 2061 vicum
1328 2002 1595 2058 famosum
1618 2000 1883 2056 Dorstalb
1898 2014 2023 2053 eum

436 2100 531 2155 illa
583 2091 863 2156 irradiavit
902 2105 1058 2169 parte
1098 2096 1391 2161 Fresonite,
1438 2110 1559 2165 qua:
1596 2101 1722 2148 tunc
1766 2090 2024 2160 temporis

435 2195 859 2252 Christianitatis
901 2195 1121 2251 nomine
1163 2191 1506 2249 censebatur.
1558 2189 1702 2243 Idem
1753 2199 1927 2255 usque
1969 2183 2022 2237 in

436 2287 611 2357 ripam
652 2286 1044 2343 occidentalem
1081 2284 1319 2340 fluminis
1345 2282 1489 2352 quod
1526 2280 1725 2336 dicitur
1762 2275 2021 2347 Lagbeki,

436 2378 528 2433 ubi
573 2378 867 2434 confinium
893 2385 1014 2434 erat
1040 2376 1472 2433 Christianorum
1515 2372 1813 2427 Fresonum
1841 2384 1906 2423 ac
1931 2383 2025 2437 pa-

438 2486 723 2542 ganorum,
751 2470 966 2525 cunctis
1001 2468 1191 2525 diebus
1221 2466 1433 2538 Pippini
1473 2464 1636 2535 regis.
1678 2462 1864 2517 Lullus
1907 2459 2023 2514 Ma-

439 2562 683 2634 guntiam
734 2561 1207 2632 metropolitanam
1271 2560 1548 2615 civitatem
1609 2573 1735 2615 cum
1788 2560 2025 2613 maxima

437 2663 593 2725 parte
618 2653 1053 2710 Christianorum
1091 2652 1413 2716 Fresonum,
1450 2651 1541 2721 qui
1574 2651 1627 2705 in
1655 2651 1911 2720 parochia
1935 2666 2028 2705 ur-

437 2745 523 2800 bis
549 2744 695 2799 illius
726 2743 1105 2808 constiterunt,
1134 2741 1377 2797 incoluit.
1405 2740 1771 2812 Megingodus,
1803 2756 2026 2795 venera-

438 2836 564 2891 bilis
595 2844 750 2906 pater
775 2842 832 2890 et
864 2841 1052 2906 pastor
1089 2833 1268 2905 gregis
1291 2832 1392 2887 sibi
1424 2831 1718 2897 commissi,
1749 2830 2027 2887 civitatem

440 2928 739 2998 Virzeburg
781 2942 906 2983 eum
949 2927 1066 2983 suis
1108 2925 1429 2995 adjacentiis
1472 2925 1526 2980 in
1572 2939 1669 2980 sua
1719 2933 1864 2980 sorte
1915 2924 2027 2978 sale

440 3017 720 3089 sapientia:
765 3026 823 3075 et
866 3017 1125 3074 doctrinae
1180 3032 1292 3073 sua:
1336 3016 1575 3072 condivit
1618 3023 1674 3069 et
1713 3015 2023 3070 custodivit.

440 3106 799 3174 Willibaldus,
839 3106 1043 3162 electus
1074 3106 1169 3161 Dei
1200 3106 1447 3169 antistes,
1480 3103 1848 3174 episcopatum
1880 3103 2024 3172 quod

441 3168 797 3268 nuncupatur?
823 3196 880 3252 in
923 3195 1182 3252 Hehstedi
1232 3206 1278 3262 ο,
1313 3195 1367 3249 in
1402 3168 1554 3265 parte
1588 3168 1834 3263 proxima
1868 3168 2024 3247 nobis
2052 3168 2099 3230 ο

441 3294 858 3366 Baguariorum;
884 3291 1029 3348 idem
1057 3292 1111 3346 in
1146 3289 1394 3361 Nordgoe
1418 3287 1580 3344 simili
1609 3288 1790 3352 modo,
1823 3293 1884 3340 ut
1905 3286 2027 3354 pius

441 3386 604 3441 Pater
624 3401 654 3439 a
680 3382 1044 3439 fundamentis
1065 3381 1194 3437 illud
1215 3380 1429 3451 erigens
1450 3378 1754 3433 melioravit
1776 3385 1831 3431 et
1851 3382 2027 3430 custo-

441 3479 591 3536 divit.
621 3477 839 3533 Necnon
866 3485 924 3533 et
964 3489 1253 3548 germanus
1288 3472 1535 3543 praedicti
1584 3469 1897 3533 Willibaldi,
1931 3482 2027 3522 no-

442 3570 587 3625 mine
608 3567 1005 3630 Winnibaldus,
1051 3566 1352 3636 presbyter,
1400 3563 1661 3633 magistro
1706 3576 1827 3616 meo
1869 3560 2028 3615 beato

442 3658 705 3729 Gregorio
745 3656 898 3711 valde
937 3657 1156 3717 charos,
1202 3662 1258 3707 et
1302 3654 1415 3722 ipse
1464 3654 1638 3708 locum
1666 3661 1720 3704 ct
1756 3651 2028 3720 regionem

447 3765 602 3807 suam
644 3756 833 3803 sancte
865 3755 922 3803 et
946 3746 1175 3800 feliciter
1206 3744 1530 3799 illustravit:
1562 3744 1650 3811 qui
1674 3751 1795 3810 post
1822 3741 2029 3794 obitum

449 3858 607 3898 suum
647 3841 779 3910 quid
814 3840 1002 3895 vivens
1034 3838 1245 3903 fecerit,
1276 3838 1447 3909 magis
1472 3837 1749 3891 miraculis
1773 3835 2024 3890 ostendit.

450 3931 657 3988 Sturmi
687 3946 817 3986 vero
840 3928 1167 3985 venerabilis
1195 3930 1383 3992 abbas,
1422 3944 1561 3982 unus
1588 3944 1656 3981 ex
1688 3942 1912 3983 numero
1938 3926 2031 3982 illo

454 4025 755 4080 electorum
798 4022 914 4086 Dei,
964 4029 1223 4091 quantum
1266 4020 1554 4089 profecerit
1597 4020 1653 4074 in
1703 4033 1886 4073 eremo
1933 4033 2030 4073 sua

449 4123 571 4185 post
616 4113 938 4186 martyrium
982 4111 1156 4168 sancti
1205 4110 1468 4181 magistri,
1516 4109 1765 4165 Boeauna
1806 4108 1940 4164 silva
1975 4109 2030 4162 in

450 4208 758 4265 testimonio
785 4214 911 4263 est:
940 4221 1061 4276 qua:
1098 4204 1251 4274 prius
1298 4203 1625 4259 omnimodis
1672 4200 1873 4257 inculta
1915 4209 2033 4257 erat

449 4316 514 4355 ac
540 4299 837 4363 desertum,
863 4312 1007 4352 nunc
1042 4303 1222 4351 autem
1249 4295 1317 4350 ab
1357 4294 1568 4350 oriente
1603 4307 1774 4362 usque
1799 4292 1866 4346 ad
1891 4291 2034 4347 occi-

451 4391 689 4457 dentem,
736 4390 1102 4460 septentrione
1139 4402 1310 4457 usque
1345 4386 1414 4442 ad
1451 4386 1754 4451 meridiem,
1790 4384 2036 4441 ecclesiis

2126 1929 2230 1984 nia:
2272 1929 2517 1999 partibus
2555 1926 2754 1994 fuerat,
2782 1944 2880 1999 per
2905 1937 3120 1998 tempus
3144 1928 3454 1983 ostensionis
3476 1943 3570 1983 sua:
3591 1927 3647 1982 fe-

2125 2020 2263 2075 cerit
2297 2019 2365 2074 ad
2393 2019 2626 2075 fructum
2655 2019 2910 2074 Ecclesia:
2936 2019 3056 2074 Dei.
3094 2018 3208 2074 Non
3239 2029 3409 2073 autem
3434 2019 3535 2088 ipse
3562 2019 3652 2073 haec

2123 2124 2222 2178 per
2249 2124 2309 2164 se
2334 2110 2528 2179 potuit,
2577 2110 2671 2164 sed
2707 2109 3006 2164 secundum
3044 2107 3374 2179 Apostolum,
3398 2110 3548 2179 gratia
3575 2106 3652 2161 Det

2124 2219 2242 2256 cum
2275 2218 2336 2257 eo
2380 2202 2502 2272 fecit
2539 2201 2650 2255 ha'c
2688 2200 2930 2255 universa
2974 2210 3030 2255 et
3078 2199 3322 2255 stabilivit
3365 2198 3415 2271 (1
3434 2196 3541 2253 Cor.
3559 2199 3649 2265 xv).

2123 2294 2291 2365 Igitur
2345 2295 2471 2363 quia
2524 2291 2798 2363 paululum
2844 2298 3070 2361 propter
3120 2305 3442 2347 communem
3480 2288 3650 2343 laudem

2126 2385 2509 2455 discipulorum
2554 2383 2728 2439 sancti
2771 2383 3021 2454 magistri
3061 2381 3321 2438 Bonifacii
3357 2396 3386 2435 a
3425 2379 3652 2450 proposito

2126 2476 2322 2532 itinere
2363 2474 2697 2529 narrationis
2740 2473 2955 2544 elapsus
2997 2488 3144 2539 sum,
3172 2487 3311 2527 nunc
3340 2470 3514 2526 iterum
3535 2470 3590 2524 ad
3610 2469 3649 2522 id

2129 2568 2349 2624 redeam
2377 2566 2518 2622 unde
2547 2566 2825 2637 digressus
2850 2580 2992 2620 sum.

2199 2658 2287 2713 il.
2328 2657 2482 2713 Tunc
2515 2657 2707 2712 beatus
2743 2654 3062 2712 Bonifacius
3105 2663 3308 2725 martyr
3348 2652 3550 2715 futurus,
3586 2648 3628 2702 lu

2127 2750 2378 2806 bentibus
2422 2749 2690 2821 religiosis
2739 2749 2999 2819 regibus,
3058 2762 3183 2802 cum
3230 2758 3477 2801 consensu
3513 2739 3656 2796 omnis

2128 2848 2348 2896 senatus
2378 2839 2559 2909 populi
2591 2839 2948 2903 Francorum,
2986 2838 3195 2893 missus
3216 2843 3298 2892 est
3322 2835 3523 2890 Romam
3542 2827 3656 2886 ordi-

2130 2932 2341 2987 nandus
2370 2930 2426 2984 in
2453 2930 2798 3000 episcopatus
2827 2927 3062 2998 gradum
3090 2927 3158 2981 ad
3180 2925 3477 2996 Gregorium
3503 2932 3654 2990 papam

2131 3022 2350 3076 tertium
2380 3032 2404 3059 θ
2423 3035 2453 3074 a
2480 3020 2656 3089 primo
2680 3034 2694 3073 :
2728 3018 2909 3087 ibique
2930 3018 2981 3072 ei
3008 3033 3213 3072 nomen
3238 3030 3385 3070 suum
3410 3012 3547 3068 modo
3566 3025 3655 3065 om-

2131 3114 2291 3168 nibus
2322 3121 2507 3166 notum
2533 3119 2587 3167 et
2615 3109 2965 3180 divulgatum,
3000 3109 3169 3164 simul
3198 3125 3318 3163 cum
3346 3104 3656 3163 benedictione

2127 3213 2182 3260 et
2228 3204 2398 3275 gradu
2440 3202 2800 3272 episcopatus,
2834 3201 2905 3255 ob
2946 3199 3260 3255 facundiam
3302 3199 3478 3269 lingua:
3496 3203 3543 3251 et
3561 3209 3656 3264 gra-

2128 3297 2258 3350 tiam
2290 3294 2555 3349 labiorum
2594 3308 2625 3345 a
2668 3292 2779 3346 Deo
2803 3291 2906 3346 sibi
2948 3291 3233 3355 donatam,
3280 3289 3488 3343 inditum
3512 3292 3581 3339 est
3603 3282 3655 3336 ab

2126 3385 2422 3457 apostolico
2466 3381 2721 3452 pontifice
2766 3380 3104 3446 Bonifacius,
3142 3380 3232 3450 qui
3268 3386 3416 3433 antea
3452 3371 3655 3430 Winfridi

2127 3475 2391 3531 vocabulo
2415 3477 2759 3531 censebatur.
2807 3475 3006 3544 Sicque
3044 3483 3268 3531 sanctus
3311 3473 3405 3536 vir,
3442 3480 3490 3526 et
3524 3468 3654 3537 gradu

2129 3568 2417 3622 decoratus
2455 3573 2511 3620 et
2546 3565 2785 3629 nomine,
2826 3580 3011 3619 coram
3053 3565 3202 3618 omni
3243 3563 3382 3617 clero
3413 3571 3462 3615 et
3498 3554 3655 3612 familia

2128 3659 2275 3713 beati
2304 3657 2449 3711 Petri
2484 3656 2744 3727 principis
2768 3655 3140 3725 apostolorum
3165 3663 3218 3708 et
3243 3667 3417 3708 coram
3442 3652 3541 3721 ipso
3555 3645 3658 3701 Gre-

2130 3749 2282 3819 gorio
2304 3764 2439 3819 papa
2466 3747 2763 3817 prostravit
2788 3762 2866 3809 se,
2893 3754 2948 3801 et
2977 3746 3180 3810 oravit,
3218 3752 3275 3797 ut
3301 3749 3500 3811 propter
3526 3738 3656 3790 Deum

2130 3850 2185 3894 et
2212 3854 2453 3894 amorem
2477 3838 2649 3893 sancti
2684 3836 2825 3890 Petri
2865 3836 3068 3890 ibidem
3102 3835 3246 3889 illico
3270 3833 3320 3886 in
3348 3832 3452 3900 ipsa
3477 3824 3657 3882 ectlcsia

2131 3947 2255 3985 cum
2292 3930 2521 4001 supplici
2550 3929 2834 3984 devotione
2866 3942 2963 3997 pro
2993 3941 3054 3981 se
3084 3927 3322 3981 flecteret
3343 3936 3498 3992 genua
3521 3913 3659 3971 omnis

2133 4021 2310 4076 clerus
2332 4021 2422 4089 qui
2447 4034 2686 4089 praesens
2720 4018 2927 4083 aderat,
2957 4026 3011 4072 et
3042 4016 3367 4071 unanimiter
3385 4023 3548 4067 omnes
3566 4019 3660 4059 οηο

2133 4122 2255 4168 rent
2298 4112 2617 4173 Dominum,
2670 4109 2999 4178 beatumque
3036 4108 3259 4163 Petrum
3309 4106 3656 4160 intercessorem

2134 4205 2391 4259 invitaret
2415 4211 2471 4258 et
2500 4201 2873 4256 auxiliatorem
2905 4200 3173 4255 orationis
3197 4215 3325 4261 sum,
3356 4202 3411 4249 ut
3435 4193 3555 4247 bono
3579 4184 3658 4238 line

2134 4301 2190 4349 et
2231 4293 2341 4347 Deo
2381 4290 2629 4361 plaeabili
2674 4289 2968 4343 terminare
2991 4297 3294 4343 mereretur
3319 4293 3371 4340 et
3396 4274 3659 4361 concludere

2135 4383 2251 4439 dies
2279 4360 2424 4438 suos.
2453 4380 2552 4447 Qui
2577 4380 2740 4434 etiam
2769 4394 2976 4442 omnes,
3026 4378 3323 4447 inspirante
3356 4375 3472 4435 Deo,
3506 4360 3657 4421 unani-

450 4482 546 4538 Dei
574 4489 629 4536 et
661 4480 850 4537 electis
888 4479 1203 4550 palmitibus
1244 4479 1630 4534 monachorum
1681 4475 1883 4545 repleta
1927 4483 2029 4530 est.
2064 4474 2299 4575 l)miter
2338 4486 2463 4526 cum
2506 4485 2716 4525 summa
2760 4469 3046 4524 devotione
3087 4468 3402 4522 inclinantes
3441 4464 3657 4575 secort'tm

451 4572 555 4640 Qui
595 4572 763 4627 etiam
806 4570 1012 4626 Sturmi
1048 4570 1215 4625 abbas
1249 4569 1354 4624 hoc
1397 4569 1594 4624 meruit
1626 4567 1966 4637 privilegium
2002 4582 2032 4620 a

451 4665 565 4719 Deo
603 4671 661 4718 et
706 4670 898 4716 sancto
944 4660 1205 4731 magistro
1247 4674 1358 4730 pra:
1394 4659 1776 4729 condiscipulis
1804 4658 1935 4721 suis,
1980 4664 2039 4712 ut

452 4757 630 4825 ipsum
658 4755 833 4809 locum
862 4766 1024 4823 quem
1057 4751 1315 4822 magister
1341 4758 1562 4806 sanctus
1582 4749 1743 4820 elegit
1771 4748 1840 4802 ad
1864 4747 2042 4816 sepul-

456 4856 631 4900 turam
677 4843 890 4915 eorpori
929 4858 1049 4908 suo,
1086 4842 1360 4913 possidere
1390 4850 1692 4897 mereretur
1718 4848 1773 4895 et
1804 4839 2035 4902 initiare,

526 5032 552 5061 ιι
586 5015 645 5074 ld
690 5016 894 5072 factum
937 5029 1057 5071 esse
1102 5030 1242 5069 anno
1280 5013 1382 5067 745
1418 5023 1513 5068 aut
1552 5013 1874 5083 insequenti,
1915 5029 2041 5083 pro-

455 5090 701 5145 bavimus
737 5087 793 5142 in
829 5086 954 5143 Vita
992 5085 1165 5141 sancti
1200 5083 1481 5151 Bonifacii,
1512 5086 1579 5140 ad
1608 5084 1701 5138 lib.
1735 5099 1772 5136 ll
1802 5083 2039 5149 0thloni,

456 5177 575 5217 can.
605 5159 656 5214 7.

562 5199 575 5214 .
614 5177 656 5214 ι.

521 5177 555 5273 Β
592 5230 747 5286 Nunc
791 5228 1049 5299 oppidum
1096 5227 1264 5282 situm
1296 5227 1379 5299 _ail
1430 5225 1600 5299 liheni
1642 5225 1834 5299 ripam,
1881 5239 1947 5299 eo
1986 5224 2038 5299 in

457 5306 573 5359 loco
597 5301 686 5357 ubi
710 5316 742 5355 e
765 5293 934 5355 vetéri
965 5299 1156 5363 Rheno
1186 5296 1402 5366 profluit
1427 5295 1620 5366 Lecca,
1674 5295 1762 5349 hic
1805 5293 2041 5364 Lagbeki

457 5376 650 5429 dictus.
699 5371 876 5427 Beech
923 5370 1070 5426 enim
1123 5365 1207 5422 vel
1252 5366 1419 5428 Bach,
1459 5365 1769 5421 Teutonicis
1819 5366 2039 5427 flumen,

496 5458 764 5499 rzenomen
807 5442 1037 5497 Leecam
1077 5438 1161 5494 vel
1202 5438 1439 5509 Leggam
1478 5435 1746 5501 admittit,
1795 5444 1855 5490 ut
1896 5444 2044 5490 recte

502 5529 743 5568 I'OWQI'US
773 5523 974 5567 monet.

532 5596 552 5623 ε
595 5584 701 5637 Alii
750 5583 957 5637 Eicstat
998 5579 1286 5651 appellant.
1325 5577 1466 5646 Lege
1500 5574 1837 5651 Acta‘sancti
1870 5576 2045 5632 Willi-

457 5648 603 5709 baldi
624 5661 679 5707 et
705 5652 933 5707 oliorum
957 5646 1048 5706 hic
1066 5646 1468 5707 nominatnrum
1498 5646 1611 5701 suis
1639 5646 1790 5702 locis.

530 5721 557 5761 ιι
607 5721 664 5777 Id
708 5729 794 5776 est
837 5721 1073 5791 novitiis.
1131 5720 1273 5791 Lege
1320 5717 1642 5791 llaeftenum
1700 5719 1753 5772 in
1811 5717 1907 5791 lib:
1957 5734 2042 5783 tv,

467 5797 625 5846 tract.
678 5791 755 5857 ‘3,
806 5790 1075 5860 disquisit.
1129 5788 1295 5859 l,'in
1343 5788 1603 5860 Regulam
1659 5789 1829 5845 sancti
1874 5788 2046 5844 Bene-

2139 4564 2384 4633 reliquiis
2412 4563 2555 4617 beati
2586 4562 2731 4616 Petri
2761 4560 3019 4631 principis
3061 4559 3435 4630 apostolorutn,
3467 4542 3652 4616 complc-

2139 4664 2334 4711 verunt
2368 4654 2683 4725 petitionem
2711 4651 2845 4721 ejus,
2874 4667 3027 4706 sacra
3053 4651 3297 4706 oratione
3322 4655 3375 4700 et
3402 4637 3602 4713 pastoris

2143 4750 2321 4823 gregis
2347 4750 2469 4805 fusa
2503 4749 2570 4803 ad
2609 4748 2799 4803 Deum.
2831 4750 2961 4812 Qum
2988 4746 3166 4800 oratio
3191 4757 3311 4799 cum
3336 4724 3660 4823 sanctis

2145 4821 2213 4896 tis
2249 4821 2421 4913 ipsius
2459 4840 2783 4895 conveniens
2817 4845 3079 4907 quantum
3119 4833 3345 4889 valuerit
3375 4826 3502 4899 apud
3526 4821 3659 4876 Deum

2141 5021 2291 5075 dicti.
2319 5018 2636 5087 Quanquam
2672 5018 2987 5087 Adelardus
3010 5017 3177 5071 abbas
3204 5006 3523 5087 Corbeieusjy‘

2142 5107 2229 5144 cos
2261 5076 2537 5212 egomt-6;
2571 5090 2874 5211 mgnastert't'
2897 5086 3166 5159 pulsantes
3197 5091 3352 5140 vocat
3386 5081 3437 5133 in
3465 5076 3659 5129 Statuit)-

2146 5176 2264 5212 rum
2312 5177 2325 5212 ι
2369 5199 2383 5212 .
2415 5175 2600 5212 Lean.
2661 5199 2673 5212 .

2146 5176 2264 5214 rum
2291 5175 2383 5213 un.
2415 5176 2455 5223 t,
2481 5175 2600 5223 cap.
2621 5175 2673 5212 ο.
3336 5221 3361 5223 ς
3444 5215 3484 5223 ,-
3537 5211 3547 5223 .

2219 5177 2264 5214 m
2291 5175 2383 5213 nn.
2415 5176 2455 5223 t,
2481 5175 2600 5229 cap.
2621 5175 2673 5212 ο.
3537 5211 3547 5223 ο

2219 5240 2243 5269 ο
2284 5229 2382 5283 llic
2428 5230 2623 5299 duplex
2668 5230 2879 5283 menda.
2918 5227 3115 5299 Neque
3145 5226 3288 5281 enim
3334 5215 3662 5299 Bonifactlli:

2142 5299 2404 5371 Gregorio
2456 5287 2638 5371 te‘rtio,
2683 5300 2775 5353 sed
2820 5300 2889 5354 ab
2925 5287 3041 5367 ejus
3088 5298 3366 5371 decessore
3403 5287 3662 5371 ςοεῐξίξξιξξξξίῗ

2144 5361 2424 5425 ordinatus
2450 5378 2535 5425 est
2559 5361 2871 5439 episcopus;
2921 5361 3364 5439 nequegprimun}
3408 5361 3459 5439 in
3500 5361 3663 5439 εξρξξςξξς

2146 5440 2253 5510 pali
2306 5412 2647 5495 ordinatione
2700 5412 3151 5510 nomenae'cepit
3203 5412 3662 5510 Bonifacius!

2148 5487 3248 5580 inrhnquE'EE'Einéii"maneamus
3291 5487 3663 5580 constat.

2149 5582 2250 5636 alia
2275 5551 2519 5651 quaedam
2544 5580 2685 5633 facta
2711 5587 3037 5651 praepostere
3058 5582 3244 5631 narrat
3267 5578 3458 5651 auctor.
3480 5570 3526 5651 ul

2148 5628 3111 5720 {aiio‘pEéKdB—QEG-Jdiiﬁifmina
3144 5658 3288 5699 num.
3326 5641 3378 5705 9,
3416 5648 3519 5705 quin
3543 5628 3664 5692 101³8⁸

2148 5732 2271 5794 post
2296 5721 2557 5779 Bonifacii
2578 5721 2975 5778 ordinationem
3009 5721 3149 5775 facta
3175 5722 3257 5770 est
