3878 6172
285 329 377 389 76!
570 380 571 383 η
1419 339 1578 396 VITA
1616 339 1674 396 S.
1717 338 2045 397 GREGORII
2084 340 2395 400 ABBATIS.

3423 348 3531 405 76?.

273 450 703 519 unuipotentem
728 490 743 516 ,
797 459 1024 506 testatur
1066 462 1313 508 sanctum
1368 454 1691 525 martyrium
1740 455 1859 526 ejus
1886 462 1932 517 Α
1960 470 2125 526 opere
2142 459 2317 525 bono;
2350 460 2608 517 docentes
2642 469 2700 518 et
2737 461 3065 521 instruentes
3087 465 3142 520 in
3170 466 3257 523 via
3282 465 3401 532 Dei,
3426 483 3535 538 qua

272 552 554 613 peractum
577 544 633 598 in
656 543 847 598 diebus
870 545 1181 609 senectutis,
1206 545 1374 599 etiam
1408 554 1535 600 tunc
1559 546 1739 600 nimia:
1766 547 1861 600 im-

271 632 587 690 becillitatis
627 634 872 703 corporis
898 633 999 699 sui,
1032 635 1160 689 dum
1186 634 1241 688 in
1266 634 1539 704 decrepita
1579 644 1739 691 a:tate
1765 650 1861 705 po-

270 726 433 791 situs,
465 725 649 780 vivere
669 724 725 778 in
749 725 853 780 hoc
878 724 1079 780 mundo
1103 740 1209 779 non
1238 725 1446 780 valeret
1467 725 1686 780 diutius.
1718 723 1859 780 Ecce

270 814 550 885 quomodo
574 815 791 886 sapiens
818 816 1149 871 architectus
1176 823 1232 871 et
1263 816 1470 871 electus
1496 816 1591 871 Dei
1616 816 1859 885 pontifex

269 904 607 971 Bonifacius,
635 921 742 961 non
775 921 935 976 super
956 906 1174 962 ﬁuidam
1202 922 1423 961 arenam
1467 907 1688 961 humani
1724 922 1858 963 con-

271 995 378 1053 allii
410 1004 469 1052 et
502 995 750 1065 superba:
778 996 1150 1062 contumaciae,
1188 998 1285 1053 sed
1322 1013 1486 1068 super
1532 999 1857 1054 tutissimam

269 1094 484 1155 petram
524 1086 691 1142 divini
730 1086 941 1142 consilii
974 1095 1030 1142 et
1054 1088 1363 1156 apostolica:
1387 1088 1704 1143 humilitatis
1725 1090 1857 1145 :edi-

270 1177 457 1233 ﬁcavit
480 1176 702 1233 domum
726 1192 899 1232 suam.
942 1177 1011 1232 Et
1050 1177 1274 1244 idcirco,
1316 1179 1444 1234 dum
1473 1179 1718 1234 venirent
1755 1178 1857 1235 ﬁu-

268 1266 419 1321 mina
447 1267 700 1330 humana:
725 1266 1069 1322 adversitatis
1090 1282 1155 1323 ac
1175 1269 1617 1338 perturbationis,
1645 1269 1862 1325 ﬁarent-

270 1374 376 1429 que
428 1359 578 1416 venti
631 1358 911 1415 diabolicae
966 1359 1283 1416 tentationis
1317 1369 1373 1416 et
1410 1362 1753 1429 calliditatis,
1806 1374 1861 1419 et

267 1450 638 1521 impingerent
682 1450 738 1506 in
781 1449 1002 1507 domum
1048 1450 1186 1521 ejus,
1241 1469 1349 1508 non
1398 1462 1693 1524 potuerunt
1739 1471 1859 1511 eam

270 1557 537 1597 movere:
568 1543 697 1611 quia
747 1543 1044 1599 secundum
1092 1543 1306 1599 Domini
1349 1543 1584 1612 dictum,
1637 1545 1860 1601 fundata

269 1640 389 1686 erat
419 1647 586 1703 super
614 1634 826 1688 ﬁrmam
854 1641 1087 1703 petram,
1116 1650 1238 1704 quae
1263 1644 1415 1705 petra
1446 1644 1565 1691 erat
1587 1637 1857 1693 Christus.

270 1722 469 1779 Noster
527 1724 689 1782 modo
739 1725 1067 1781 intercessor
1104 1734 1158 1782 et
1206 1727 1545 1783 certissimus
1596 1737 1861 1799 patronus

270 1815 412 1885 apud
441 1815 611 1869 Deum
637 1814 1000 1871 consideravit
1025 1816 1382 1887 perpendens,
1413 1817 1467 1871 in
1492 1826 1693 1887 quanto
1718 1819 1861 1887 peri-
1895 1803 1936 1861 Β

270 1904 394 1960 culo
430 1913 487 1959 et
527 1903 765 1969 miseria,
812 1905 1048 1960 humana
1095 1906 1389 1961 constituta
1436 1907 1510 1963 sit
1552 1908 1858 1965 inﬁrmitas.

267 1994 389 2051 Non
430 1996 488 2050 in
523 1997 816 2066 semetipso
849 1997 1030 2067 posuit
1066 1996 1317 2053 ﬁduciam
1355 2014 1528 2063 suam,
1560 2000 1716 2071 juxta
1746 2016 1862 2056 mo—

268 2104 390 2143 rem
425 2088 781 2157 superborum
825 2088 999 2159 partis
1037 2088 1321 2144 adversae:
1356 2091 1450 2145 sed
1480 2090 1550 2144 ad
1579 2091 1859 2147 humilita-

269 2192 380 2237 tem
407 2180 759 2250 apostolicam
787 2190 843 2236 et
874 2180 1106 2235 ﬁliorum
1135 2180 1232 2236 Dei
1258 2183 1511 2247 recurrit,
1555 2182 1606 2236 in
1643 2182 1863 2253 largita-

269 2282 379 2326 tem
408 2271 605 2325 divina:
638 2270 1027 2327 misericordia:
1054 2279 1109 2326 et
1136 2271 1383 2326 devotam
1413 2271 1860 2341 supplicationem

269 2361 532 2418 Ecclesia:
557 2361 654 2417 Dei
685 2361 937 2416 solidavit
969 2376 1119 2433 spem
1154 2377 1331 2417 suam.
1363 2360 1455 2417 Sic
1484 2362 1626 2417 enim
1654 2371 1709 2418 et
1735 2379 1864 2433 apo-

268 2453 397 2508 stoli
423 2452 652 2517 Christi,
678 2467 975 2522 eorumque
1000 2468 1344 2508 successores
1371 2461 1427 2508 et
1459 2454 1769 2510 cohmredes
1807 2454 1862 2510 in

268 2560 442 2616 regno
481 2545 601 2609 Dei,
643 2546 697 2600 in
725 2545 873 2600 omni
918 2545 1103 2600 labore
1129 2553 1183 2600 et
1210 2545 1562 2600 tribulatione
1591 2560 1711 2612 sua,
1741 2560 1865 2600 ora-

266 2639 422 2694 tione
448 2637 708 2694 Ecclesite
734 2638 830 2693 Dei
856 2637 975 2693 sine
1014 2637 1423 2693 intermissione
1457 2637 1652 2708 adjuti,
1679 2638 1862 2694 omnia

265 2737 572 2800 potuerunt
611 2728 842 2800 implere
885 2743 1006 2799 quae
1051 2728 1133 2784 eis
1177 2737 1446 2799 praecepta
1479 2738 1639 2785 erant
1678 2746 1710 2784 a
1759 2730 1864 2786 Do-

268 2823 442 2878 mino.
485 2821 586 2876 Eia
612 2820 870 2892 prazsules
904 2828 961 2876 et
999 2820 1386 2891 praedicatores
1414 2821 1594 2891 populi
1625 2822 1741 2887 Dei,
1772 2837 1862 2878 eo-

266 2917 393 2969 dem
438 2912 645 2967 honore
681 2900 738 2966 et
777 2911 898 2981 pari
938 2911 1106 2982 gradu
1144 2910 1201 2966 in
1238 2911 1343 2967 hoc
1374 2910 1573 2966 saeculo
1600 2910 1860 2976 decorati,

267 3005 498 3076 aspicite
541 3012 597 3061 et
645 3004 962 3075 intelligite,
1007 3010 1063 3059 et
1108 3003 1370 3060 assumite
1398 2994 1704 3075 exemplum
1726 3001 1861 3071 justi

268 3095 512 3153 hominis
540 3113 555 3149 :
582 3103 644 3150 ut
676 3110 801 3150 cum
846 3093 1024 3150 vocati
1054 3108 1086 3148 a
1116 3093 1227 3148 Deo
1260 3102 1315 3149 et
1339 3093 1497 3149 electi
1524 3093 1593 3148 ab
1620 3092 1860 3148 Ecclesia

270 3187 395 3253 Dei,
426 3202 535 3242 non
563 3185 882 3241 muneribus
918 3184 1197 3249 obcaecati,
1236 3184 1303 3238 ad
1330 3183 1559 3254 gradum
1581 3183 1860 3254 episcopa-

270 3290 361 3336 tus
380 3288 437 3336 et
456 3281 524 3336 ad
545 3280 786 3350 regimen
807 3286 1054 3334 sanctum
1074 3277 1433 3342 accesseritis,
1447 3274 1602 3346 juxta
1626 3275 1858 3331 formam

266 3370 392 3440 ejus
420 3386 517 3426 vos
544 3371 854 3435 instituere,
878 3366 1222 3438 fructumque
1269 3366 1464 3424 aﬁ'erre
1493 3366 1717 3422 valeatis
1740 3370 1860 3438 pef-

267 3477 591 3517 mansurum
619 3461 674 3515 in
693 3460 861 3516 vitam
891 3467 1178 3515 aeternam.

345 3554 434 3609 l2.
475 3546 543 3609 Et
573 3553 630 3608 in
654 3553 746 3608 illo
781 3567 996 3624 quoque
1030 3552 1246 3617 itinere,
1298 3555 1428 3606 dum
1465 3559 1686 3606 sanctus
1716 3565 1860 3606 mar—

271 3655 363 3717 tyr
390 3644 706 3700 Bonifacius
754 3644 974 3710 Romaa,
1021 3644 1162 3699 sicut
1206 3644 1454 3714 superius
1496 3644 1699 3699 dictum
1742 3650 1858 3710 est,

270 3753 434 3794 sacro
458 3737 628 3808 gradu
661 3736 983 3792 sublimatus
1019 3744 1136 3801 est,
1173 3737 1365 3791 beatus
1401 3735 1694 3805 Gregorius
1721 3749 1861 3805 prte-

269 3837 463 3900 ceptor
515 3844 684 3892 meus,
737 3827 907 3883 electo
957 3827 1218 3898 magistro
1275 3825 1626 3897 infatigabilis
1678 3840 1862 3881 comes

270 3919 603 3991 permansit;
636 3918 867 3984 intrans,
896 3925 952 3973 et
979 3918 1281 3989 egrediens,
1308 3925 1365 3972 et
1391 3930 1620 3987 pergens
1653 3916 1720 3971 ad
1755 3915 1858 3970 im-

269 4014 485 4085 perium
531 4011 669 4081 ejus,
715 4012 856 4067 sicut
895 4026 1109 4081 semper
1159 4009 1366 4066 solebat
1406 4010 1460 4064 in
1506 4009 1654 4063 omni
1699 4022 1863 4078 opere

268 4107 437 4161 bono.
470 4103 537 4159 Et
559 4120 667 4159 non
698 4103 874 4160 solum
905 4102 959 4158 in
984 4103 1086 4158 hoc
1122 4102 1311 4157 eodem
1348 4100 1562 4167 itinere,
1608 4100 1860 4156 meritum

272 4196 603 4253 humilitatis
648 4203 705 4250 et
754 4194 1076 4250 obedientiae
1112 4207 1224 4248 suae
1262 4192 1489 4262 peregit,
1537 4200 1597 4245 ut
1639 4191 1861 4261 dignum

272 4297 358 4343 est
387 4284 638 4356 iuniores
674 4284 833 4341 subdi
879 4283 1186 4338 senioribus
1229 4289 1286 4337 et
1324 4281 1624 4351 majoribus
1661 4281 1775 4335 suis
1806 4281 1861 4334 in

271 4378 557 4444 omnibus;
594 4376 689 4432 sed
710 4375 874 4457 etiam
904 4374 1059 4445 plura
1084 4373 1354 4428 volumina
1384 4380 1692 4428 sanctarum
1715 4370 1863 4426 Scri-

1962 549 2063 619 ipsi
2094 551 2264 616 ibant,
2310 567 2419 607 non
2457 551 2631 609 solum
2667 554 2924 624 populum
2948 562 3004 610 et
3028 571 3281 627 proceres
3300 556 3540 613 Franco-

1962 655 2079 694 rum
2107 658 2120 694 :
2151 641 2247 696 sed
2266 642 2432 698 etiam
2461 643 2607 712 ipsos
2642 659 2797 715 reges
2818 645 3109 717 religiosos
3126 647 3241 702 sale
3261 648 3539 718 sapientia:

1960 730 2155 786 divinze
2195 747 2304 787 non
2344 733 2692 790 mediocriter
2728 736 3066 791 condierunt.
3102 736 3171 792 Et
3204 734 3287 792 sic
3318 737 3375 793 in
3405 753 3537 793 con—

1960 836 2121 876 sensu
2159 830 2215 876 et
2257 825 2616 880 unanimitate
2643 841 2855 899 regum,
2904 834 2958 880 et
3002 828 3183 883 cuncti
3227 828 3412 897 populi
3444 843 3542 899 per

1958 927 2119 969 omne
2157 928 2382 985 regnum
2413 915 2746 972 Francorum
2773 925 3054 986 ceperunt
3079 918 3321 988 quotidie
3365 918 3541 987 magis

1961 1005 2242 1076 magisque
2274 1007 2614 1085 detrimenta
2648 1008 2765 1063 ﬁeri
2801 1009 3046 1075 diabolo,
3097 1016 3153 1064 et
3205 1010 3539 1064 incrementa

1961 1093 2217 1150 Ecclesiae
2246 1096 2372 1163 Dei;
2412 1098 2680 1153 haeretica:
2708 1101 3004 1170 pravitates
3034 1115 3140 1155 non
3171 1114 3451 1169 apparere,
3488 1104 3544 1152 ct

1961 1188 2227 1243 catholica
2257 1188 2391 1245 ﬁdes
2411 1189 2467 1244 in
2490 1190 2741 1246 omnibus
2765 1190 3010 1258 rutilare,
3036 1205 3101 1246 ac
3129 1190 3317 1263 religio
3340 1190 3542 1245 munda

1959 1288 2015 1335 et
2043 1281 2388 1337 immaculata
2418 1283 2573 1353 longe
2604 1283 2817 1353 lateque
2842 1283 3162 1339 clarescere.

2033 1372 2117 1428 l5.
2160 1372 2265 1429 Sed
2292 1374 2417 1444 quia
2442 1375 2620 1431 adhuc
2646 1391 2816 1445 usque
2844 1376 3202 1431 communiter
3226 1383 3281 1430 et
3306 1375 3540 1441 mixtim,

1960 1476 2106 1516 nunc
2129 1461 2198 1517 de
2221 1473 2410 1519 sancto
2442 1466 2702 1537 magistro
2726 1473 2781 1521 et
2807 1474 3047 1536 martyre
3077 1464 3372 1530 Bonifaeio,
3400 1481 3544 1519 nunc

1961 1552 2029 1608 de
2052 1554 2212 1610 beato
2238 1554 2500 1625 Gregorio
2531 1556 2705 1613 electo
2733 1557 2997 1628 discipulo
3024 1555 3157 1625 ejus,
3188 1557 3395 1613 modica
3424 1573 3545 1626 qua:

1958 1648 2109 1718 potui
2148 1663 2217 1703 ex
2251 1650 2478 1721 magnis,
2516 1649 2584 1706 de
2610 1658 2797 1706 saneta
2827 1665 3014 1706 eorum
3040 1651 3450 1707 conversatione
3473 1652 3544 1705 ob

1963 1739 2253 1796 utilitatem
2284 1742 2617 1796 audientium
2652 1752 2705 1797 et
2734 1743 3039 1812 exemplum
3066 1743 3368 1798 futurorum
3396 1744 3544 1797 litte—

1964 1830 2039 1884 ris
2075 1833 2457 1888 commendare
2502 1834 2716 1898 curavi;
2762 1833 3016 1903 deinceps
3056 1834 3360 1905 specialiter
3401 1835 3543 1889 beati

1962 1919 2210 1993 Gregorii
2236 1921 2377 1978 faeta
2404 1930 2459 1978 et
2479 1926 2731 1991 virtutes,
2753 1933 2809 1980 et
2832 1924 3120 1980 salutifera:
3145 1926 3546 1995 praedicationis

1962 2012 2305 2078 documenta,
2358 2014 2556 2083 quibus
2601 2014 2803 2069 erudiri
2837 2014 2961 2070 licet
2989 2015 3256 2087 indignus,
3294 2024 3348 2070 et
3378 2014 3545 2070 inter-

1962 2118 2082 2159 esse
2108 2104 2282 2159 merui
2308 2105 2375 2160 ab
2405 2105 2650 2170 infantia,
2674 2107 2861 2175 paucis
2882 2107 3091 2175 aperire
3116 2122 3223 2162 non
3250 2107 3540 2177 negligam.

1962 2193 2030 2247 Et
2056 2193 2253 2262 primo,
2294 2194 2515 2265 dignum
2558 2203 2614 2250 et
2658 2194 3008 2250 memorabile
3035 2210 3171 2264 opus
3196 2195 3263 2249 ab
3289 2210 3355 2250 eo
3382 2211 3543 2249 evan-

1961 2285 2130 2357 gelice
2162 2294 2458 2355 peractum,
2497 2286 2853 2341 intimandum
2883 2287 3153 2351 existimo,
3191 2288 3336 2357 quod
3366 2287 3431 2342 de
3460 2302 3546 2341 re~

1961 2376 2218 2431 missione
2243 2387 2299 2433 et
2329 2378 2659 2449 indulgentia
2702 2379 3044 2435 inimicorum
3088 2380 3321 2434 mirabili
3364 2379 3542 2435 chari-

1963 2479 2073 2526 tate
2093 2479 2149 2525 et
2173 2471 2407 2540 posteris
2434 2469 2718 2541 profuturo
2747 2472 2995 2543 exemplo
3018 2471 3278 2542 implevit.
3306 2470 3546 2526 Fuerunt

1961 2560 2012 2614 ei
2037 2559 2236 2617 fratres
2262 2561 2469 2617 nobiles
2499 2569 2554 2617 et
2581 2562 2767 2617 eximii
2810 2563 2878 2617 de
2915 2570 3069 2632 patre
3103 2561 3363 2633 generati,
3389 2571 3444 2616 et
3478 2561 3545 2617 de

1963 2664 2137 2709 matre
2182 2653 2298 2723 ejus
2322 2655 2436 2709 nati
2480 2654 2569 2709 alii
2614 2654 2831 2718 fratres,
2876 2663 2931 2710 et
2980 2662 3221 2725 tempore
3259 2661 3314 2709 et
3343 2653 3547 2708 viribus

1962 2745 2255 2801 secundum
2300 2746 2480 2800 szeculi
2521 2746 2840 2817 dignitatem
2886 2745 3174 2801 minores:
3215 2744 3413 2814 quibus
3453 2759 3548 2798 ne-

1963 2853 2114 2893 cesse
2157 2847 2274 2893 erat
2311 2838 2364 2891 in
2400 2837 2659 2910 obsequio
2696 2854 2817 2893 esse
2860 2836 3144 2905 majorum.
3197 2835 3420 2892 Factum
3462 2844 3547 2891 est

1961 2936 2165 2992 autem,
2199 2936 2259 2981 ut
2292 2928 2457 2997 aliqui
2498 2943 2563 2983 ex
2608 2926 2903 2997 majoribus
2939 2925 3200 2982 fratribus
3232 2925 3479 2981 honorati
3512 2943 3542 2981 a

1963 3036 2114 3091 rege,
2158 3021 2507 3076 mitterentur
2530 3022 2583 3075 in
2612 3021 2989 3092 longinquiora
3022 3036 3184 3091 regna
3212 3018 3544 3083 Galliarum;

1966 3109 2094 3164 illuc
2116 3118 2173 3163 et
2200 3110 2480 3179 subsequi,
2518 3118 2573 3164 et
2603 3110 2867 3166 inluerere
2912 3124 3132 3166 necesse
3169 3119 3287 3166 erat
3317 3108 3548 3179 juniori-

1962 3204 2081 3258 bus.
2127 3203 2266 3257 Dum
2292 3217 2421 3257 vero
2472 3210 2595 3271 post
2640 3203 2874 3270 spatium
2921 3202 3181 3271 temporis
3224 3201 3450 3272 peracti,
3491 3210 3547 3256 et

1960 3302 2215 3364 parentes
2242 3293 2466 3347 visitare
2489 3291 2729 3362 placeret
2760 3301 2815 3346 et
2841 3292 3101 3361 patriam;
3130 3300 3351 3363 accepta
3379 3291 3546 3346 licen-

1961 3386 2034 3440 tia
2058 3401 2085 3438 a
2114 3384 2416 3440 senioribus
2448 3383 2579 3447 suis,
2622 3384 2727 3437 duo
2751 3383 2949 3438 uterini
2978 3382 3176 3438 fratres
3199 3383 3547 3453 praeceptoris

1961 3474 2066 3530 mei
2116 3473 2365 3544 Gregorii
2420 3480 2703 3543 cmperunt
2750 3472 2863 3539 ire,
2929 3480 2985 3527 et
3041 3472 3373 3541 propositam
3422 3486 3547 3526 car-

1959 3580 2089 3637 pere
2116 3565 2283 3630 viam,
2321 3573 2379 3619 ut
2408 3565 2477 3619 ad
2507 3564 2816 3631 Franciam,
2856 3564 2910 3619 id
2948 3572 3033 3619 est
3076 3562 3321 3618 naturale
3346 3561 3535 3627 solum,

1961 3659 2245 3729 pervenire
2282 3658 2604 3728 potuissent.
2633 3657 2736 3725 Qui
2766 3657 2895 3713 dum
2929 3659 3071 3714 irent
3106 3658 3158 3712 in
3187 3657 3294 3723 via,
3317 3655 3543 3726 juvenili

1962 3746 2187 3802 audacia
2222 3748 2452 3817 amplius
2491 3747 2665 3802 securi
2694 3761 2857 3817 quam
2895 3754 3190 3817 oporteret,
3220 3746 3274 3801 in
3311 3744 3544 3817 quadam

1961 3838 2097 3892 silva
2145 3838 2418 3892 latronum
2465 3838 2673 3893 crudeli
2726 3853 2889 3893 manu
2929 3838 3248 3895 circumdati
3290 3846 3347 3894 et
3382 3837 3547 3893 occisi

1961 3938 2106 3985 sunt.
2166 3929 2319 3997 Quod
2364 3930 2549 3985 statim
2599 3939 2709 3985 tam
2756 3929 2999 4005 lugubre‘
3018 3930 3265 3984 nuntium
3302 3929 3549 3984 dominos

1962 4036 2151 4078 eorum
2174 4021 2338 4077 celari
2366 4036 2472 4076 non
2501 4021 2695 4091 potuit,
2729 4021 2821 4091 qui
2852 4020 2906 4075 in
2933 4021 3039 4075 illis
3060 4020 3249 4075 diebus
3276 4020 3549 4091 principa-

1962 4121 2078 4168 tum
2112 4127 2219 4166 non
2246 4112 2519 4166 modicum
2554 4111 2685 4181 ipsis
2710 4109 2765 4163 in
2794 4110 2926 4166 locis
2955 4111 3277 4165 habuerunt.
3312 4108 3464 4175 Quod
3491 4119 3550 4163 ut

1961 4201 2271 4263 audierunt,
2316 4200 2585 4255 miserunt
2628 4200 3048 4268 circumquaque
3096 4197 3351 4253 satellites
3397 4213 3546 4255 suos.

1961 4293 2053 4364 qui
2074 4293 2293 4348 eosdem
2318 4292 2552 4346 latrones
2572 4298 2627 4345 et
2649 4289 2935 4344 carniﬁces
2957 4288 3306 4359 exquirerent
3325 4297 3379 4344 et
3400 4304 3548 4343 com-

1962 4383 2381 4455 prehenderent.
2408 4381 2508 4448 Qui
2536 4390 2593 4435 et
2618 4380 2821 4434 inventi
2864 4389 2919 4436 et
2960 4380 3357 4449 comprehensi,
3396 4388 3453 4436 et
3479 4380 3546 4439 li—

273 4480 587 4542 pturarum,
628 4468 891 4541 largiente
935 4466 1185 4531 Domino,
1228 4465 1337 4520 illic
1363 4465 1673 4535 acquisivit,
1701 4471 1757 4518 et
1780 4479 1860 4519 se
1887 4493 1936 4553 ο
1963 4472 2074 4543 gati
2116 4471 2301 4527 statim
2345 4470 2563 4526 adducti
2591 4476 2735 4526 sunt.
2766 4470 2835 4525 Et
2871 4470 2998 4526 licet
3032 4471 3179 4543 digni
3220 4471 3549 4529 haberentur

273 4575 403 4616 cum
441 4558 568 4614 inde
603 4559 672 4614 ad
699 4558 1002 4630 profectum
1042 4559 1322 4629 proprium
1365 4558 1858 4627 discipulorumque

273 4665 501 4706 suorum
529 4664 636 4704 non
664 4649 874 4705 modico
905 4647 1091 4704 labore
1131 4649 1349 4703 advexit
1393 4649 1632 4705 domum.
1673 4651 1779 4705 Sed
1805 4657 1859 4704 ct

273 4756 479 4814 pueros
504 4741 640 4795 duos
669 4755 791 4795 cum
826 4754 1094 4796 consensu
1130 4739 1374 4810 magistri
1402 4740 1454 4794 in
1482 4740 1859 4811 discipulatum

274 4847 458 4896 suum,
509 4829 894 4884 Marchelmum
934 4841 962 4870 ι
997 4828 1248 4885 videlicet
1289 4837 1346 4885 et
1386 4828 1754 4885 Marcuvinum
1793 4831 1861 4886 de

274 4928 438 4992 gente
475 4918 793 4990 Anglorum,
824 4933 1006 4975 secum
1052 4919 1176 4974 inde
1221 4919 1462 4974 adduxit.
1512 4919 1587 4975 De
1630 4935 1860 4989 quorum

276 5012 494 5069 seniore
546 5008 874 5064 Marchelmo
914 5008 1316 5079 religiosissimo
1367 5015 1424 5064 et
1473 5018 1662 5065 sancto
1708 5010 1860 5074 viro,

280 5109 343 5175 ut
363 5099 585 5170 dignum
613 5106 715 5163 est,
746 5098 979 5152 donante
1006 5097 1135 5163 Deo,
1163 5113 1263 5153 suo
1287 5096 1408 5154 loco
1429 5097 1631 5168 aliquid
1652 5098 1864 5168 plenius

282 5191 480 5245 dicam.
543 5188 695 5244 Tunc
757 5186 884 5243 felix
932 5188 1258 5253 comitatus,
1310 5189 1567 5259 magister
1617 5190 1867 5246 videlicet

282 5289 504 5337 sanctus
536 5287 593 5336 et
628 5279 873 5350 discipuli
912 5282 1029 5348 ejus
1071 5278 1246 5342 electi,
1294 5289 1350 5335 et
1387 5280 1619 5350 propriis
1658 5281 1867 5336 meritis

282 5382 337 5427 et
367 5371 753 5426 intercessione
774 5370 952 5425 omnis
981 5369 1113 5424 cieri
1153 5384 1217 5425 ac
1256 5369 1473 5425 familia:
1514 5370 1686 5426 sancti
1716 5372 1863 5427 Petri

282 5462 645 5518 commendati
685 5462 796 5517 Deo
823 5471 878 5517 et
916 5464 1119 5518 sanctis
1155 5460 1300 5530 ejus,
1345 5461 1550 5518 reversi
1595 5472 1720 5517 sunt
1762 5464 1863 5518 do-

282 5567 456 5618 mum,
488 5562 795 5609 crescentes
835 5561 890 5607 et
926 5551 1268 5623 proﬁcientes
1302 5568 1368 5608 ex
1398 5551 1491 5607 illo
1519 5552 1607 5607 die
1630 5551 1690 5609 in
1715 5553 1865 5609 omni

1962 4562 2107 4617 omni
2157 4576 2336 4632 poena,
2370 4568 2426 4615 et
2449 4560 2826 4616 crudelissima
2862 4569 3038 4617 morte
3076 4561 3337 4631 interﬁci;
3369 4571 3547 4620 tamen

1963 4652 2032 4706 ob
2056 4651 2413 4706 reverentiam
2444 4658 2498 4706 et
2525 4665 2769 4705 amorem
2789 4649 2976 4705 fratris
3001 4665 3189 4705 eorum
3215 4652 3397 4707 domni
3416 4651 3552 4708 Gre-

1963 4743 2124 4814 gorii,
2153 4742 2484 4813 cogitabant,
2512 4749 2573 4796 ut
2606 4756 2728 4795 eum
2759 4742 2961 4812 aliquid
2989 4742 3043 4797 in
3067 4742 3171 4798 hoc
3199 4744 3546 4799 consolaren-

1966 4842 2054 4887 tur
2079 4841 2199 4903 post
2223 4840 2451 4886 mortem
2483 4832 2797 4897 charorum,
2819 4832 2864 4887 si
2893 4831 3038 4902 ipsos
3067 4833 3364 4890 homicidas
3386 4841 3441 4889 et
3468 4833 3549 4887 in-

1966 4922 2282 4977 terfectores
2325 4936 2516 4976 eorum
2541 4921 2608 4975 ad
2634 4919 2752 4988 ejus
2784 4921 3081 4977 dominium
3119 4931 3175 4978 et
3207 4930 3548 4995 pmsentiam

1965 5012 2250 5082 pervenire
2280 5010 2540 5077 facerent,
2585 5020 2644 5066 ut
2685 5012 2754 5067 ad
2797 5012 3224 5071 satisfactionem
3251 5028 3306 5072 et
3338 5020 3551 5091 mitiga-

1967 5103 2169 5158 tionem
2202 5102 2404 5158 doloris
2434 5104 2541 5170 sui,
2570 5103 2716 5174 quali
2748 5103 2905 5159 vellet
2932 5113 3107 5161 morte
3134 5107 3247 5176 ipse
3269 5124 3365 5164 eos
3383 5110 3549 5164 inter-

1967 5195 2054 5250 ﬁci
2082 5194 2314 5265 juberet.
2348 5195 2502 5262 Quod
2530 5204 2584 5252 et
2613 5193 2886 5265 fecerunt;
2939 5197 3073 5253 duos
3098 5213 3165 5252 ex
3188 5198 3294 5254 illis
3316 5215 3553 5269 prmsen-

1970 5285 2072 5340 tari
2094 5283 2369 5352 jubentes.
2397 5287 2689 5342 carnaliter
2730 5288 2994 5342 duntaxat
3029 5287 3328 5358 cogitantes
3356 5304 3547 5344 secun-

1971 5376 2099 5430 dum
2137 5375 2355 5431 stultam
2396 5377 2718 5446 sapientiam
2757 5377 2936 5432 saeculi
2963 5376 3141 5446 hujus,
3167 5392 3287 5446 quae
3315 5378 3485 5433 inimic
3502 5381 3548 5436 is

1972 5466 2056 5536 pie
2080 5481 2304 5536 palcere
2333 5482 2438 5521 non
2468 5468 2634 5522 novit.
2667 5466 2785 5537 Ipse
2810 5480 2961 5530 vero,
2994 5473 3053 5520 ut
3077 5474 3196 5522 erat
3219 5467 3306 5523 vir
3326 5467 3547 5539 spirita-

1972 5556 2061 5622 lis,
2092 5556 2283 5613 doctus
2306 5574 2337 5612 a
2360 5557 2589 5613 Domino
2612 5555 2738 5613 Jesu
2765 5555 2981 5611 Christo
3012 5562 3068 5611 et
3093 5564 3282 5614 sancto
3304 5557 3549 5632 Evange-

359 5698 386 5727 ι
425 5686 652 5791 llic'es't
680 5685 1048 5791 .l‘l‘larcbelmus
1096 5683 1265 5766 sancti
1310 5682 1584 5791 ξὶιίάϋεῆξί
1606 5683 1864 5765 .episcopi
1904 5700 2085 5740 comes
2121 5702 2181 5741 ac
2218 5686 2532 5757 discipulus,
2568 5685 2652 5740 cui
2683 5686 2864 5757 spuria
2918 5686 2985 5742 de
3016 5696 3231 5745 sancto
3262 5686 3551 5791 Suidbertn

359 5773 532 5791 πυτ-οη
567 5774 591 5791 ρ.
962 5773 1020 5791 ρ..
1048 5774 1058 5791 .
1332 5790 1335 5791 ν
1380 5770 1504 5791 ,προ
1548 5771 1617 5791 ιη.

288 5764 593 5813 Commenta
624 5758 932 5813 tribuuntur
962 5757 1058 5814 sub
1086 5755 1298 5809 nomine
1327 5753 1639 5810 Marcellini.
