3878 6172
434 313 537 367 763

430 429 502 485 lio
523 422 660 494 ejus,
692 425 744 479 in
772 439 878 494 quo
902 423 1167 478 didicerat
1191 423 1452 491 scripIum
1480 437 1496 474 :
1526 421 1737 491 Diligite
1773 419 2009 472 inimicos

430 529 660 582 vestros;
701 514 987 585 benefacite
1022 514 1105 567 his
1135 514 1223 584 qui
1260 512 1481 566 oderunt
1515 528 1621 569 vos.
1666 519 1722 565 ut
1765 511 1881 563 sitis
1911 509 2011 577 ﬁlii

431 606 611 663 Patris
637 607 790 661 vestri
830 607 919 676 qui
962 606 1019 658 in
1055 604 1196 658 uelis
1236 613 1310 656 est
1351 602 1566 673 (Matth.
1595 601 1674 673 v),
1701 600 2013 669 spiritaliter

428 712 524 752 eos
557 706 612 752 et
639 704 916 767 gratanter
955 694 1225 761 suscepit;
1263 693 1510 762 cogitans
1554 691 1828 758 utrinque,
1864 698 1919 742 et
1947 687 2012 741 de

428 802 526 841 sua
557 787 731 841 salute
758 785 1108 856 sempiterna,
1141 792 1195 837 et
1228 783 1293 837 de
1337 782 1568 836 fratrum
1605 779 2010 834 interfectorum

427 878 768 934 absolutione
792 896 804 929 :
830 875 1183 944 exemploque
1204 873 1437 942 posteris
1458 870 1760 940 profuturo,
1785 878 1839 924 et
1851 868 2016 936 jussit

427 984 522 1024 eos
560 968 786 1033 absolvi,
827 975 883 1020 et
914 965 1179 1028 balneari,
1214 964 1454 1017 vestibus
1481 963 1627 1017 indui
1658 963 1893 1025 mundis,
1933 969 2015 1014 at-

424 1075 530 1131 que
556 1059 692 1114 cibis
720 1057 888 1113 reﬁci.
921 1058 1071 1111 Tunc
1108 1056 1176 1110 ad
1217 1070 1274 1110 se
1300 1055 1477 1109 ductis
1503 1055 1759 1122 praecepit
1785 1054 1971 1107 dicens
1997 1070 2009 1104 :

424 1152 501 1207 Ite
546 1152 603 1206 in
640 1165 807 1220 pace;
840 1156 895 1203 et
921 1157 1129 1212 cavete,
1161 1155 1219 1200 ut
1258 1162 1364 1201 non
1403 1146 1626 1201 ulterius
1669 1145 1774 1198 tale
1811 1143 2012 1197 malum

422 1242 770 1314 perpetretis,
810 1256 878 1295 ne
905 1239 1146 1295 deterius
1171 1238 1326 1293 vobis
1364 1237 1567 1307 aliquid
1606 1237 1903 1305 contingat.
1948 1234 2015 1287 Et

418 1337 583 1407 jussit
624 1335 678 1389 in
713 1349 846 1403 pace
883 1332 1096 1396 deduci,
1145 1331 1444 1385 admonens
1475 1338 1696 1399 paterna
1722 1327 2011 1393 charitate,

423 1435 485 1481 ut
520 1442 550 1480 a
581 1426 794 1481 caeteris
828 1424 1147 1493 propinquis
1195 1422 1307 1477 suis
1351 1428 1510 1475 caute
1550 1435 1608 1475 se
1651 1418 2008 1474 custodirent.

424 1516 562 1584 Quid
589 1531 689 1571 nos
722 1515 916 1570 modici
936 1523 991 1569 et
1014 1514 1215 1568 inﬁrmi
1236 1514 1302 1568 ad
1331 1514 1447 1567 haec
1467 1511 1661 1565 dicturi
1688 1525 1895 1573 sumus,
1918 1510 2010 1579 qui

423 1623 524 1663 nec
552 1608 759 1662 minimi
781 1608 930 1661 verbi
957 1606 1231 1660 laesionem
1274 1606 1476 1674 absque
1513 1604 1741 1668 ultione,
1789 1603 1881 1657 ubi
1930 1602 2012 1655 fa-

423 1700 597 1754 cultas
637 1698 891 1768 suppetit,
937 1696 1082 1752 ferre
1134 1696 1417 1751 valemus?
1446 1695 1582 1749 Dum
1633 1695 1699 1748 de
1750 1693 2008 1764 perfectis

424 1792 554 1846 talia
586 1790 981 1861 cognoscimus,
1022 1802 1330 1857 pensemus,
1372 1788 1463 1840 ubi
1502 1794 1685 1840 nostra
1728 1784 2015 1838 inﬁrmitas

422 1890 693 1953 prostrata
736 1880 959 1950 jaceat,
1012 1895 1132 1949 qua:
1183 1894 1459 1949 nunquam
1516 1878 1623 1932 tale
1670 1877 1872 1946 aliquid
1928 1876 2014 1931 vel

425 1981 606 2030 mente
632 1973 915 2042 concepit:
942 1980 1000 2026 ut
1037 1970 1164 2026 ﬁere
1200 1972 1374 2042 magis
1402 1971 1589 2035 libeat,
1621 1986 1783 2040 quam
1813 1970 2015 2038 aliquid

424 2066 623 2121 dicere.
662 2064 912 2120 Forsitan
952 2061 1273 2117 obtinebunt
1318 2062 1472 2116 nobis
1518 2062 1727 2116 veniam
1763 2061 2017 2130 lacrymte

424 2156 567 2226 apud
605 2156 753 2226 pium
799 2154 1040 2225 judicem
1077 2153 1267 2218 Deum,
1309 2153 1400 2221 qui
1434 2152 1487 2206 in
1520 2153 1729 2208 meritis
1763 2152 2014 2207 ﬁduciam

423 2245 627 2301 habere
652 2261 759 2301 non
788 2260 1097 2315 possumus.

496 2335 581 2390 li.
609 2335 715 2390 Sed
742 2343 796 2388 el.
824 2336 929 2389 hoc
950 2334 1163 2389 silentio
1184 2334 1407 2388 minime
1432 2333 1720 2403 tegendum
1745 2340 1848 2397 est,
1873 2332 2016 2400 quod

426 2426 754 2481 Marchelmo
800 2425 1099 2482 venerabili
1148 2425 1267 2479 viro
1314 2432 1573 2478 narrante
1618 2424 1815 2487 didici,
1865 2424 2019 2492 cujus

422 2517 675 2586 superius
717 2516 1035 2570 memoriam
1080 2514 1216 2569 feci:
1250 2514 1375 2582 quia
1402 2522 1524 2583 post
1546 2514 1866 2584 martyrium
1895 2529 2019 2566 san-

422 2606 496 2662 cti
527 2605 792 2675 magistri,
832 2620 862 2658 a
888 2620 995 2674 quo
1020 2619 1117 2673 per
1157 2605 1386 2674 gratiam
1419 2603 1618 2658 Christi
1667 2612 1720 2658 et
1764 2603 2018 2657 meritum

424 2696 727 2751 sanctitatis
772 2694 889 2762 ejus
921 2710 1111 2749 omnes
1151 2694 1389 2749 conﬁnes
1420 2694 1664 2748 nationes
1705 2694 2020 2748 illuminatae

424 2796 571 2853 sunt,
602 2789 716 2856 ipse
744 2799 957 2856 quoque
986 2786 1049 2841 B.
1083 2785 1377 2857 Gregorius
1416 2802 1447 2840 a
1487 2784 1761 2856 Stephano
1801 2793 2017 2855 aposto—

426 2882 543 2937 licce
587 2881 731 2937 sedis
768 2880 1004 2952 praesule
1054 2891 1110 2935 et
1158 2881 1227 2935 ab
1274 2880 1470 2934 illustri
1516 2889 1570 2933 et
1611 2880 1862 2951 religioso
1894 2894 2019 2950 rege

428 2977 654 3049 Pippino
720 2977 957 3048 suscepit
1006 2979 1389 3032 auctoritatem
1441 2979 1742 3033 seminandi
1794 2979 2019 3033 verbum

427 3070 524 3125 Dei
551 3070 606 3123 in
627 3069 885 3125 Fresonia
905 3085 920 3124 :
941 3071 1115 3139 inqua
1144 3070 1350 3140 primus
1373 3077 1591 3125 sanctus
1614 3071 2015 3138 Willibrordus,

427 3169 786 3232 cognomento
825 3162 1297 3231 archiepiscopus,
1348 3161 1404 3216 in
1444 3163 1795 3218 conversione
1841 3164 2018 3233 gentis

427 3253 572 3309 illius
600 3254 831 3308 initiavit
860 3253 1164 3307 rudimenta
1203 3251 1524 3308 Christiana:
1552 3252 1674 3307 ﬁdei
1704 3268 1826 3307 cum
1857 3254 2018 3309 disci-

431 3345 573 3416 pulis
600 3343 730 3399 suis.
781 3343 984 3398 Deinde
1029 3352 1346 3398 senescente
1379 3358 1445 3397 eo
1491 3343 1755 3410 irrepere
1798 3342 1914 3408 Dei,
1964 3353 2018 3398 et

432 3435 671 3491 stabilito
711 3432 1022 3506 episc0patu
1056 3435 1109 3488 in
1149 3434 1267 3489 loco
1309 3434 1401 3503 qui
1449 3442 1790 3503 nuncupatur
1836 3434 2020 3504 Traje-

428 3536 573 3583 ctum
601 3538 657 3582 et
680 3528 785 3582 alio
811 3528 1027 3581 nomine
1070 3527 1394 3597 Wiltaburg,
1445 3535 1499 3581 et
1526 3527 1795 3595 migrante
1823 3528 1891 3581 ad
1917 3527 2021 3582 Do-

431 3616 637 3670 minum
685 3616 753 3671 de
789 3617 894 3671 hac
937 3616 1075 3681 luce,
1132 3616 1396 3671 successit
1442 3625 1663 3672 sanctus
1711 3618 2021 3673 Bonifacius

430 3704 575 3760 idem
624 3706 1062 3774 archiepiscopus
1106 3715 1162 3761 et
1191 3716 1429 3777 martyr,
1476 3723 1639 3776 quem
1668 3709 1843 3764 oculis
1885 3711 2022 3765 meis

432 3797 548 3867 ipse
592 3796 701 3850 vidi
744 3797 1029 3851 candidum
1059 3798 1256 3853 canitie
1280 3806 1336 3852 et
1361 3798 1692 3868 decrepitum
1723 3809 2018 3867 senectute,

432 3885 648 3955 plenum
682 3885 973 3940 virtutibus
1013 3896 1067 3942 et
1100 3888 1225 3943 vitae
1266 3889 1494 3944 meritis.
1536 3888 1655 3955 Quo
1687 3899 1925 3960 tempore
1966 3892 2019 3947 in

431 3972 548 4044 ejus
575 3975 917 4045 discipulatu,
948 3977 1090 4032 sicut
1113 3978 1360 4049 superius
1386 3981 1700 4045 memoravi,
1730 3980 1791 4033 B.
1820 3980 2023 4051 Grego-

433 4066 548 4122 rius
570 4074 872 4138 praaceptor
898 4082 1050 4122 meus
1078 4067 1147 4122 ab
1178 4069 1397 4124 ineunte
1429 4077 1589 4124 astate
1616 4069 1794 4129 fuerat
1815 4071 2021 4125 enutri-

432 4168 541 4225 tus,
581 4159 669 4215 cui
712 4167 768 4215 et
806 4160 1070 4216 successit
1105 4173 1131 4201 α
1165 4160 1287 4230 pius
1336 4162 1512 4217 haeres
1556 4161 1798 4231 ejusdem
1846 4163 2023 4233 gentis

433 4249 731 4304 Fresonum
758 4258 945 4318 pastor
976 4257 1032 4303 et
1068 4250 1393 4320 praedicator
1419 4252 1700 4307 ordinatus
1728 4267 1759 4307 a
1795 4253 2024 4309 Domino

428 4352 485 4396 et
511 4356 540 4395 a
567 4340 900 4410 principibus
925 4342 1250 4411 supradictis
1280 4343 1534 4400 Ecclesiae
1565 4345 1680 4400 Dei.
1712 4345 2024 4415 Eademque

428 4432 695 4486 charitate
715 4472 730 4497 ,
762 4433 903 4489 sicut
930 4443 982 4488 et
1009 4433 1132 4488 ﬁdei
1163 4433 1435 4501 ﬁrmitate,
1469 4453 1574 4506 qua
1600 4439 2023 4507 praedecessores

431 4526 547 4589 sui,
589 4534 807 4582 sanctus
862 4526 1111 4582 videlicet
1165 4527 1543 4584 Willibrordus
1583 4530 2021 4601 archiepisc0pus

430 4625 485 4670 et
520 4614 796 4672 confessor
841 4625 896 4671 et
948 4617 1255 4673 Bonifacius
1290 4629 1497 4690 martyr
1553 4628 1715 4689 atque
1755 4622 2023 4692 archiepi-

432 4720 647 4775 scopus,
690 4706 840 4776 larga
868 4716 924 4762 et
960 4707 1215 4763 melliﬁua
1261 4711 1565 4766 eruditione
1594 4713 1851 4782 populum
1880 4714 2019 4768 irra-

433 4797 601 4852 diavit
638 4798 799 4852 simul
825 4814 948 4853 cum
979 4800 1366 4869 chorepiscnpo
1406 4811 1461 4857 et
1493 4803 1735 4872 adjutore
1769 4820 1867 4859 suo
1893 4804 2022 4858 Aln-

435 4890 589 4942 berto
617 4887 671 4953 ι),
699 4888 791 4958 qui
820 4889 886 4943 de
914 4889 1191 4945 Britannia
1219 4901 1274 4946 et
1315 4902 1474 4963 gente
1499 4894 1794 4966 Anglorum
1835 4898 2018 4953 venie-

434 4980 550 5042 bat,
593 4978 804 5048 magnis
831 4978 956 5033 vitaa
985 4980 1194 5035 meritis
1223 4982 1471 5049 pollens:
1520 4994 1576 5039 et
1621 4986 1810 5040 eadem
1854 4987 2019 5043 bene-

434 5070 667 5126 volentia
687 5068 840 5139 juxta
881 5072 1026 5127 vires
1054 5074 1281 5131 Domino
1306 5079 1512 5133 studuit
1535 5081 1837 5135 animarum
1871 5083 2017 5136 lucra

434 5164 739 5234 acquirere.

507 5255 593 5310 l5.
626 5254 778 5324 Quod
802 5258 968 5314 e'iam
1009 5265 1066 5312 et
1101 5257 1157 5312 in
1191 5257 1575 5329 discipulorum
1609 5263 1891 5333 multiplici
1922 5266 2018 5318 be-

436 5348 740 5404 nedictione
766 5349 968 5405 ditatus
1002 5357 1086 5405 est
1112 5349 1173 5403 Β.
1201 5348 1515 5421 Gregorius,
1564 5369 1724 5408 nemo
1753 5355 1962 5410 dubitat
1990 5371 2019 5408 a

509 5518 678 5597 {Non
704 5530 883 5597 tamen
912 5523 1194 5597 ordinatus
1218 5526 1524 5597 episcopus,
1555 5536 1612 5581 ut
1644 5536 1789 5597 patet
1819 5536 1929 5583 tum
1958 5544 2023 5584 ex

440 5583 591 5667 Actis
616 5587 672 5641 S.
704 5586 960 5667 Bonifacii
985 5634 1000 5659 ,
1042 5603 1155 5648 tum
1183 5583 1267 5649 ex'
1295 5583 1774 5653 Observation'ibus
1809 5583 2023 5667 praeviis

441 5653 511 5710 ad
535 5656 673 5712 hanc
710 5661 901 5714 Vitam.

515 5722 543 5764 δ
579 5722 654 5780 De
685 5728 941 5786 Alubcrto
968 5730 1213 5804 Gregorii
1243 5736 1628 5807 chorcpiscopo
1657 5738 1709 5793 in
1735 5739 2024 5795 commissa

1211 305 1268 361 S.
1310 305 1690 361 LUDCERUS
1728 300 2145 357 MlMlGAHDEl‘
2164 300 2503 355 UltDENSlS
2542 302 2940 360 EPISCOPUS.

3561 319 3647 376 76$

2041 422 2086 476 Α
2118 416 2222 468 Deo
2246 415 2298 469 ei
2326 417 2508 471 datum
2557 416 2742 481 fuisse,
2779 420 2869 488 qui
2914 417 3146 486 ejusdem
3174 425 3325 480 electi
3357 430 3448 483 viri
3476 440 3525 485 et
3547 434 3651 493 vim:

2115 510 2369 564 meritum
2395 524 2623 577 pensare
2649 511 2900 575 \‘oluerit,
2935 523 2989 565 et
3020 515 3448 582 pretiosissimum
3474 527 3652 594 sapient.

2116 601 2205 654 tia:
2234 598 2351 667 ejus
2398 601 2711 655 thesaurum
2759 602 3103 673 investigare.
3159 606 3438 677 Propterea
3484 624 3530 667 et
3570 618 3652 672 hoc

2117 690 2333 759 dignum
2382 706 2502 744 esse
2550 693 2811 745 memoria
2842 694 3087 759 videtur,
3139 697 3367 764 qualiter
3402 701 3652 773 discipulos

2114 794 2241 835 suos
2268 781 2428 836 simul
2457 797 2581 834 cum
2606 784 2686 837 eis
2727 785 3001 838 communi
3043 786 3154 839 vita
3196 795 3560 858 conversamlo,
3605 809 3653 852 ut

2114 879 2269 938 pater
2313 869 2452 926 ﬁlios
2496 872 2743 926 educarit
2786 882 2840 927 et
2870 875 3138 941 dilexerit,
3187 878 3499 950 singulisque
3530 893 3653 942 tanto

2113 960 2395 1014 charitatis
2443 962 2651 1030 glutino
2691 961 3049 1033 jungeretur,
3094 975 3154 1020 ut
3183 970 3515 1037 apostolicum
3550 974 3654 1030 illud

2113 1059 2360 1105 sanctum
2401 1060 2457 1107 et
2486 1054 2803 1122 praeclarum
2848 1057 3218 1112 testimonium
3249 1075 3350 1113 non
3396 1072 3579 1118 tantum
3604 1083 3654 1121 ex

2111 1156 2209 1194 ore
2238 1140 2508 1210 proferret
2530 1143 2595 1197 ad
2621 1142 3032 1200 aediﬁcationem
3054 1149 3401 1215 audientium,
3420 1155 3506 1207 sed
3524 1171 3655 1225 opere

2076 1241 2167 1289 ,ει
2205 1232 2435 1287 veritate
2480 1234 2548 1288 ad
2574 1233 2897 1289 imitandum
2923 1239 3135 1291 cunctis
3181 1241 3494 1305 ostenderet,
3541 1247 3655 1312 quod

2113 1324 2179 1378 de
2206 1325 2488 1379 vocatione
2514 1335 2570 1379 et
2585 1326 2849 1382 electione
2876 1328 3119 1382 omnium
3146 1332 3379 1399 gentium
3404 1348 3433 1386 a
3450 1333 3503 1385 Β.
3526 1334 3654 1392 Petro

2114 1407 2355 1484 apostolo
2371 1417 2575 1471 dictum
2601 1426 2852 1472 constat:
2881 1418 3157 1483 Quomodo
3185 1422 3239 1474 in
3264 1423 3398 1475 omni
3421 1433 3567 1493 gente,
3585 1427 3655 1495 qui

2111 1506 2256 1561 timet
2296 1505 2481 1569 Deum,
2531 1516 2579 1561 et
2611 1518 2859 1579 operatur
2882 1509 3186 1578 justitiam,
3234 1522 3465 1583 acceptus
3499 1526 3564 1569 est
3592 1516 3655 1569 illi

2113 1597 2251 1669 (Act.
2283 1598 2360 1668 Χ).
2411 1597 2528 1653 Non
2551 1599 2698 1652 enim
2725 1614 2792 1652 ex
2817 1615 2921 1654 una
2952 1601 3200 1670 qualibet
3225 1613 3378 1674 gente
3408 1607 3512 1675 ejus
3533 1618 3658 1664 erant

2111 1687 2359 1754 discipuli
2393 1690 2740 1760 congregati,
2774 1690 2878 1745 sed
2907 1706 2975 1745 ex
3012 1693 3256 1748 omnium
3283 1695 3554 1751 vicinarum
3575 1715 3655 1753 na-

2047 1776 2325 1833 B'tionum
2374 1759 2899 1843 ﬂoribusadunati;
2945 1792 3000 1836 et
3048 1791 3202 1838 tanta
3254 1759 3587 1842 familiaritate
3612 1798 3656 1843 et

2115 1870 2528 1925 mansuetudine
2574 1870 2867 1940 lmtitiaque
2900 1871 3132 1941 spiritali
3163 1874 3437 1931 illuminati
3465 1889 3584 1941 sunt,
3612 1889 3657 1933 ut

2114 1962 2235 2017 luce
2261 1962 2459 2017 clarius
2487 1963 2709 2018 daretur
2736 1965 2975 2033 agnosci,
3009 1966 3141 2035 quia
3168 1967 3235 2021 de
3263 1979 3518 2036 unopatre
3533 1970 3658 2039 Spiri-

2117 2053 2210 2108 tali
2239 2062 2295 2109 et
2318 2054 2384 2108 de
2417 2062 2593 2107 matre
2621 2056 2864 2109 omnium
2905 2056 3178 2111 charitate
3222 2061 3451 2128 generati
3476 2070 3581 2115 sunt
3617 2071 3657 2116 et

2118 2144 2424 2198 coadunati.
2456 2143 2683 2209 Quidam
2710 2146 2855 2199 enim
2877 2161 3065 2200 eorum
3091 2159 3254 2202 erant
3274 2151 3336 2204 de
3360 2151 3507 2205 nolili
3527 2153 3657 2222 stirpe

2118 2234 2472 2300 Francorum,
2506 2235 2724 2305 quidam
2756 2245 2811 2291 et
2836 2237 2903 2291 de
2930 2238 3191 2308 religiosa
3220 2241 3653 2312 genteAnglorum;

2118 2325 2334 2394 quidam
2380 2342 2507 2381 vero
2553 2334 2608 2381 et
2637 2326 2704 2381 de
2746 2328 2957 2382 novella
3005 2329 3101 2383 Dei
3150 2326 3467 2399 plantatione
3509 2332 3655 2387 diebus

2120 2418 2321 2472 nostris
2368 2418 2620 2472 inchoata
2665 2418 2963 2473 Fresonum
3012 2427 3069 2475 et
3130 2420 3436 2486 Saxonum;
3480 2423 3656 2492 quidam

2120 2520 2299 2563 autem
2321 2517 2375 2563 et
2401 2511 2467 2565 de
2492 2511 2794 2581 Baguariis,
2840 2520 2894 2565 et
2935 2512 3154 2578 Suevis,
3184 2514 3267 2567 vel
3298 2515 3359 2569 de
3394 2529 3657 2584 quacunque

2122 2601 2340 2655 natione
2355 2613 2409 2657 et
2433 2611 2592 2673 gente
2611 2602 2851 2657 misisset
2868 2618 2963 2657 eos
2990 2604 3143 2659 Dens
3167 2623 3180 2657 :
3207 2620 3427 2673 quorum
3451 2607 3656 2660 minimus

2121 2708 2223 2763 ego
2246 2708 2386 2757 sum,
2404 2694 2647 2748 modicus
2665 2701 2720 2747 et
2741 2692 2989 2749 inﬁrmus
3012 2694 3288 2751 alumnus.
3313 2697 3501 2763 Quibus
3519 2699 3654 2752 omni-

2124 2784 2223 2838 bus
2247 2784 2621 2852 undecunque,
2667 2785 2821 2852 quasi
2845 2786 2913 2839 ad
2938 2802 3111 2842 unum
3145 2790 3286 2869 ovile
3309 2790 3539 2855 collectis,
3562 2791 3655 2861 pius

2121 2875 2284 2929 Pater
2303 2885 2356 2930 et
2379 2885 2564 2976 pastor
2582 2875 2875 2947 Gregorius
2898 2888 2953 2933 et
2982 2881 3252 2950 spiritalia
3275 2885 3569 2939 nutrimenta
3586 2883 3657 2937 do-

2124 2966 2420 3020 ctrinarum
2448 2966 2502 3021 et
2521 2967 2857 3037 eloquiorum
2888 2972 3000 3036 Dei,
3047 2982 3106 3027 et
3136 2977 3426 3046 corporalia
3454 2977 3654 3031 alimenta

2123 3055 2311 3110 eadem
2342 3056 2627 3112 devotione
2650 3063 2961 3127 procuravit
2986 3072 3042 3117 et
3068 3065 3299 3122 donavit
3325 3084 3337 3122 :
3373 3078 3423 3123 et
3446 3070 3510 3123 ita
3531 3069 3657 3138 inspi-

2047 3125 2093 3188 (ἶ
2126 3155 2274 3201 ratus
2300 3164 2329 3201 a
2354 3148 2465 3203 Deo
2489 3125 2693 3206 exarsit
2736 3153 2790 3205 in
2828 3168 3014 3209 amore
3037 3165 3093 3210 et
3128 3159 3450 3215 institutione
3473 3125 3657 3229 discipu-

2124 3241 2326 3306 lorum,
2382 3250 2441 3296 ut
2485 3244 2667 3299 nullus
2718 3261 2858 3316 pene
2904 3252 3219 3317 praeteriret
3263 3254 3404 3317 dies,
3452 3268 3544 3322 quo
3577 3267 3657 3305 non

2123 3335 2299 3405 primo
2341 3351 2499 3391 mane
2534 3345 2761 3406 paterna
2788 3339 3157 3397 sollicitudine
3187 3345 3488 3409 eonsedens,
3515 3343 3657 3413 singu-

2125 3429 2190 3483 lis
2226 3429 2529 3498 quihusque
2567 3431 2927 3496 venientibus,
2977 3443 3147 3502 prout
3185 3438 3409 3506 quisque
3438 3435 3654 3506 qumsivit.

2123 3519 2371 3587 poculum
2408 3521 2534 3575 vitm
2556 3522 2886 3591 propinaret.
2923 3534 2977 3579 et
3007 3526 3266 3598 irrigaret
3289 3527 3484 3597 eloquio
3511 3527 3602 3580 Dei.

2195 3610 2281 3664 16.
2306 3610 2545 3679 Ipsorum
2573 3627 2787 3682 quoque
2816 3616 3208 3685 discipulorum
3238 3617 3350 3686 ejus
3368 3617 3555 3688 plurimi
3577 3626 3656 3669 tam

2125 3700 2332 3755 nobiles
2359 3710 2530 3765 erant,
2580 3710 2837 3772 tantoque
2864 3706 3074 3773 praediti
3125 3708 3341 3779 ingenio
3375 3717 3427 3763 et
3463 3706 3656 3762 doctrina

2124 3792 2242 3857 Dei,
2289 3801 2347 3847 ut
2374 3796 2440 3847 ad
2482 3808 2664 3848 arcem
2699 3797 3040 3867 episcopatus
3075 3810 3097 3839 ο
3138 3811 3197 3855 et
3226 3803 3415 3857 merito
3448 3812 3656 3855 vocaren-

2125 3892 2229 3945 tur,
2257 3893 2311 3938 et
2333 3884 2580 3938 venirent
2604 3902 2619 3950 ;
2647 3886 2860 3955 plurimi
2892 3904 3019 3944 vero
3043 3904 3262 3957 eorum,
3289 3893 3540 3963 aequaliter
3561 3890 3655 3944 edo-

2124 3978 2195 4031 cti
2235 3985 2291 4032 et
2317 3977 2674 4047 disciplinati,
2726 3982 2827 4035 etsi
2875 3996 2980 4036 non
3029 3991 3185 4039 tanto
3232 3988 3397 4057 gradu
3438 3981 3656 4040 sublimati

2124 4081 2268 4132 sunt,
2297 4071 2505 4124 meritis
2532 4078 2710 4125 tamen
2739 4087 2843 4126 non
2871 4083 3029 4128 erant
3054 4079 3259 4148 exigui,
3294 4078 3383 4134 sed
3404 4077 3595 4133 scientia
3617 4082 3657 4127 et

2125 4162 2393 4216 charitate
2419 4164 2511 4218 Dei
2542 4165 2747 4219 eximii.
2797 4165 2988 4236 Operae
3015 4171 3254 4236 pretium
3278 4182 3331 4227 et
3354 4173 3547 4241 dignum
3570 4181 3658 4223 esse

2124 4253 2356 4320 videtur,
2386 4265 2447 4310 ut
2474 4272 2689 4326 quoquo
2733 4258 2893 4313 modo
2933 4260 3165 4328 valeam,
3199 4264 3510 4334 singulorum
3545 4258 3658 4315 ιδειί-

2126 4345 2327 4410 monia,
2356 4347 2467 4401 suis
2498 4348 2550 4400 in
2580 4348 2732 4414 locis,
2777 4357 2831 4402 et
2856 4350 3008 4418 signa
3035 4353 3327 4411 charitatis
3353 4347 3448 4410 non
3477 4353 3657 4407 abscon-

2127 4438 2270 4492 dam.
2302 4438 2520 4492 Interim
2550 4448 2730 4495 tamen
2759 4442 2826 4496 de
2850 4442 2909 4495 Β.
2943 4442 3232 4513 Gregorio,
3278 4462 3393 4515 qua:
3418 4455 3653 4514 «cperam,

2128 4543 2298 4598 pauca
2322 4529 2388 4582 de
2416 4529 2601 4585 multis
2619 4572 2633 4595 ,
2683 4532 2748 4585 ad
2770 4532 3070 4600 profectum
3099 4536 3425 4591 audientium
3464 4533 3656 4606 prolem:

2127 4622 2405 4675 conabor:
2445 4623 2702 4690 quoniam
2746 4626 2952 4692 peccati
2996 4640 3123 4682 reus
3152 4641 3273 4683 esse
3298 4629 3600 4699 pertimesco,
3622 4621 3656 4675 si
3720 4670 3725 4675 ,

2126 4712 2192 4766 de
2233 4712 2496 4781 cognitis,
2547 4721 2603 4767 et
2644 4721 2753 4768 tam
2796 4715 3089 4784 profuturis
3120 4719 3305 4785 bonis,
3357 4718 3434 4773 vel
3462 4726 3656 4771 extrema

2125 4803 2370 4871 quaedam
2400 4818 2623 4858 narrare
2646 4820 2753 4859 non
2780 4806 3059 4874 incipiam.

2199 4894 2285 4946 17.
2315 4894 2445 4947 Erat
2472 4895 2614 4948 enim
2652 4894 2738 4948 vir
2763 4894 2852 4949 ille
2879 4898 3235 4961 venerabilis,
3283 4897 3549 4953 secundum
3582 4887 3657 4947 Sa-

2127 4987 2343 5055 pientiae
2373 4987 2599 5052 dictum,
2640 4988 2733 5056 qui
2762 4996 2885 5056 post
2914 5005 3105 5044 aurum
3137 5004 3245 5045 non
3276 4991 3422 5054 abiit,
3459 5001 3544 5041 nec
3567 4995 3657 5051 spc-

2130 5080 2267 5131 ravit
2289 5080 2342 5133 in
2374 5079 2647 5133 thesauris
2674 5080 2916 5149 pecuniae
2949 5095 2962 5132 :
2996 5081 3117 5135 ideo
3140 5081 3373 5136 stabilita
3398 5087 3510 5133 sunt
3549 5076 3653 5127 bona

2128 5170 2271 5224 illius
2300 5171 2352 5224 in
2384 5169 2496 5224 Deo
2516 5210 2532 5238 ,
2573 5178 2628 5223 et
2656 5169 3028 5241 eleemosynas
3055 5169 3171 5240 ejus
3200 5169 3432 5241 divulgat
3464 5162 3653 5220 Ecclesia

2127 5272 2456 5316 sanctorum.
2486 5262 2719 5318 Noverat
2744 5264 2932 5333 utique
2960 5265 3220 5334 scriptum
3245 5280 3258 5328 ;
3291 5273 3343 5317 et
3368 5274 3513 5329 opere
3531 5266 3654 5308 nove-

2128 5362 2210 5407 rat
2246 5365 2299 5407 et
2324 5353 2568 5420 veritate,
2617 5368 2723 5409 non
2753 5370 3000 5410 sermone
3039 5358 3232 5411 casso:
3277 5356 3394 5425 quia
3437 5351 3567 5405 radix
3596 5352 3653 5397 est

2128 5530 2554 5654 Trajecft‘FSillln
2583 5548 2733 5599 Cura,
2766 5536 2918 5604 plura
2946 5535 3088 5604 leges
3120 5537 3167 5589 in
3198 5534 3345 5590 Actis
3369 5526 3521 5585 sancti
3544 5520 3652 5578 Ι,υὼ

2129 5616 2263 5654 aeri.
2313 5619 2363 5654 Ili
2397 5622 2471 5654 i‘il.

2164 5616 2263 5657 el'l.
2313 5616 2471 5657 Ilili‘il.

2201 5618 2224 5652 r
2251 5641 2263 5661 ,
2354 5622 2359 5629 ~
2397 5622 2471 5657 ιιι.

2129 5617 2400 5725 gec'ldldiii
2437 5622 2678 5728 .tcstatur
2724 5674 2985 5730 Altfrillus
3013 5678 3063 5729 in
3095 5676 3209 5730 Vita
3255 5672 3414 5727 sancti
3440 5658 3647 5735 Ludgeri.

2128 5758 2275 5796 num.
2307 5745 2359 5805 8,
2393 5759 2526 5811 quos
2564 5746 2701 5800 inter
2732 5748 3092 5801 numerandus
3127 5746 3236 5814 ipse
3266 5745 3531 5811 Ludgcrus.
