3868 6174
230 355 338 414 765

1364 352 1523 406 “TA
1559 350 1615 405 S.
1657 348 1985 405 GREGORII
2022 351 2335 406 ABBATIS.

3395 358 3497 414 766

225 478 461 532 omnium
511 474 769 529 malorum
816 473 1074 542 cupiditas
1103 469 1155 540 (Ι
1188 468 1321 522 Tim.
1360 468 1434 536 vi)
1463 485 1476 531 ;
1517 477 1573 520 et
1605 466 1803 519 idcirco
1835 471 1877 526 Α
1906 467 2091 520 sedqu
2118 468 2170 520 in
2201 469 2407 522 caelesti
2442 469 2825 537 praedicatione
2850 483 2945 523 sua
2978 470 3078 524 hoc
3120 484 3246 524 usus
3270 484 3354 528 est
3377 489 3501 530 ora-

223 583 346 622 eam
371 566 527 635 quasi
561 566 793 619 immane
820 561 1170 632 praecipitium
1198 569 1250 614 et
1276 558 1467 613 inferni
1494 558 1700 611 foveam
1728 572 1818 611 ex-

223 661 457 723 horruit,
500 665 555 713 et
587 656 923 727 prmcavebat
952 654 1005 707 in
1052 652 1321 707 omnibus.
1372 649 1523 704 Sicut
1549 649 1691 703 enim
1724 664 1817 703 cu-

220 752 334 821 pidi
366 749 741 820 pecuniarum,
785 754 839 800 et
869 744 1015 799 avari
1056 743 1144 812 qui
1194 742 1429 795 animam
1457 755 1610 795 suam
1654 753 1814 793 vena-

222 841 329 895 lem
361 841 585 903 habent,
613 838 802 891 timent
842 853 910 889 ne
936 835 1166 903 prodant
1194 841 1247 887 et
1273 832 1501 901 perdant
1528 831 1676 885 lucra
1701 838 1813 883 ter—

220 947 398 996 rena;
445 930 527 985 sie
551 928 741 983 metuit
778 927 865 980 vir
888 925 976 980 ille
1004 933 1258 988 sanctus,
1303 937 1371 976 ne
1412 920 1550 975 forte
1588 920 1813 974 abscon-

220 1022 400 1077 dendo
424 1036 491 1076 ea
514 1027 568 1075 et
594 1018 942 1074 custodiendo
961 1016 1211 1085 perderet
1233 1013 1491 1068 ccelestia.
1520 1012 1588 1065 Et
1612 1009 1812 1065 idcirco

220 1113 655 1183 quotiescunque
688 1109 804 1163 auri
830 1117 883 1163 et
908 1107 1117 1178 argenti
1141 1106 1193 1159 in
1218 1110 1537 1173 potestatem
1581 1100 1697 1170 ejus
1722 1100 1814 1154 ali-

217 1204 350 1273 quid
375 1203 704 1266 devenerat,
747 1200 933 1255 statim
957 1199 1260 1267 expendere
1287 1195 1496 1251 curavit
1534 1202 1589 1248 et
1611 1207 1814 1262 paupe-

217 1296 374 1350 ribus
425 1295 751 1350 distribuere
778 1334 793 1359 ,
853 1301 914 1346 ut
976 1292 1062 1345 vir
1114 1288 1455 1360 evangelicus
1517 1286 1810 1342 secundum

215 1387 501 1458 Evangelii
557 1387 869 1440 mandatum
918 1383 1121 1438 faceret
1173 1390 1227 1436 et
1271 1381 1669 1436 thesaurizarct
1709 1377 1810 1433 sibi

215 1484 508 1537 thesauros
534 1480 588 1533 in
620 1479 776 1542 cmlo,
810 1478 898 1531 ubi
928 1492 1026 1531 nec
1063 1490 1245 1545 mrugo
1272 1489 1371 1528 nec
1410 1472 1553 1526 tinea
1590 1470 1812 1525 demoli-

214 1581 324 1635 tur,
359 1578 417 1624 et
442 1568 593 1622 fures
625 1583 732 1621 non
758 1566 1016 1622 ell'odiunt
1052 1578 1152 1619 nec
1192 1562 1440 1616 furantur
1467 1559 1680 1632 (Matth.
1710 1557 1807 1628 γι).

213 1659 278 1714 Et
306 1659 572 1730 quoniam
601 1664 769 1711 totam
799 1671 947 1725 spem
978 1669 1130 1709 suam
1175 1660 1286 1706 tam
1317 1651 1546 1705 ﬁrmiter
1573 1657 1627 1703 et
1650 1662 1812 1717 expe-

214 1754 324 1808 dite
354 1750 642 1807 collocavit
670 1750 724 1804 in
753 1747 1084 1810 cmlestibus,
1112 1743 1242 1798 nihil
1269 1758 1391 1797 eum
1423 1756 1617 1795 nocere
1636 1737 1813 1808 potuit

1916 555 2040 609 culo
2071 562 2126 610 et
2156 559 2496 612 hortamento
2520 557 2797 612 virtuttmt.

1988 648 2074 703 18.
2107 648 2173 702 Et
2216 651 2471 718 quoniam
2501 652 2749 719 superius
2794 668 2903 707 uno
2946 656 3126 723 Operis
3168 658 3502 724 testimonio,

1915 740 2058 809 quod
2099 748 2209 793 tam
2251 740 2498 809 religiose
2524 741 2606 793 vir
2629 741 2721 793 Dei
2753 740 3043 811 Gregorius
3067 744 3360 812 secundum
3396 745 3504 800 Do-

1913 831 2167 884 miuieam
2189 829 2490 884 orationem
2515 831 2579 884 de
2601 831 2916 885 remissione
2938 832 3195 901 implevit,
3220 834 3384 887 multa
3407 835 3503 888 bo-

1912 937 2105 978 norum
2125 936 2350 991 operum
2378 923 2607 992 insignia
2633 923 3107 989 demonstrantur;
3141 926 3271 979 libet
3294 934 3350 979 et
3374 926 3501 980 illud

1912 1012 2140 1079 referre,
2187 1014 2421 1083 qualiter
2464 1012 2591 1067 fecit
2625 1013 2678 1066 in
2723 1015 3036 1083 quotidiana
3088 1017 3500 1072 conversatione

1912 1117 2007 1158 sua
2032 1103 2098 1158 de
2119 1102 2368 1157 omnibus
2388 1102 2840 1157 obtrectatoribus
2858 1104 2993 1168 suis,
3021 1104 3111 1173 qui
3137 1104 3189 1159 ei
3209 1105 3500 1175 aliquando

1912 1193 2246 1265 derogabant
2269 1195 2503 1263 propriis
2524 1194 2672 1248 vitiis
2692 1194 2962 1264 instigati:
3012 1196 3248 1265 qualiter
3268 1211 3363 1251 eos
3389 1212 3495 1251 non

1912 1285 2065 1354 quasi
2115 1298 2215 1353 pro
2277 1283 2672 1338 detractoribus
2721 1285 3003 1339 exhorruit
3049 1295 3105 1340 et
3148 1287 3357 1353 odivit,
3407 1288 3502 1342 sed

1912 1376 2066 1445 quasi
2094 1376 2298 1430 amicos
2318 1384 2373 1430 et
2398 1376 2671 1447 adjutores
2700 1392 2913 1446 semper
2940 1379 3141 1432 amavit
3168 1387 3222 1432 et
3243 1381 3375 1434 adiit
3398 1396 3411 1445 ;
3449 1390 3505 1435 et

1912 1466 2206 1519 secundum
2248 1466 2548 1522 Psalmista:
2595 1468 2795 1523 dictum
2841 1469 3032 1541 (Psal.
3075 1478 3293 1538 xxxvn)
3319 1480 3501 1534 ,‘tan-

1913 1570 2071 1624 quam
2102 1557 2298 1611 surdus
2326 1570 2418 1611 eos
2462 1573 2566 1611 non
2598 1560 2853 1624 audiens,
2893 1568 2947 1615 et
2991 1561 3149 1631 quasi
3184 1571 3366 1616 mutus
3393 1578 3499 1617 non

1913 1647 2162 1717 aperiens
2186 1663 2247 1702 os
2269 1663 2422 1702 suum
2443 1689 2458 1713 ,
2502 1650 2731 1720 benigne
2757 1666 2879 1704 cum
2910 1652 3114 1706 eisdem
3153 1660 3510 1707 conversatus

1913 1747 2016 1801 est,
2055 1737 2295 1806 nihilque
2325 1738 2402 1791 eis
2435 1739 2668 1808 negavit,
2700 1755 2819 1807 qua:
2860 1740 3049 1792 amicis
3081 1741 3391 1809 impendere
3414 1742 3509 1795 de-

213 1861 313 1901 nec
342 1844 586 1908 irretire,
635 1842 777 1913 quod
807 1841 875 1894 de
912 1838 1142 1893 terrenis
1167 1845 1221 1891 et
1248 1834 1464 1889 caducis
1492 1831 1809 1886 delectabile
1839 1816 1887 1875 Β
1914 1829 2051 1883 buit.
2085 1829 2232 1883 Unde
2261 1831 2361 1883 hoc
2387 1830 2459 1894 ei,
2488 1830 2588 1883 nisi
2620 1830 2789 1900 gratia
2822 1845 3051 1898 superna
3084 1831 3363 1901 largiente,
3394 1848 3507 1902 prte

210 1951 334 1991 esse
379 1935 668 1989 videbatur
709 1933 763 1986 in
807 1930 1025 1985 mundo.
1069 1926 1112 1983 Ο
1150 1928 1327 1981 virum
1353 1924 1716 1980 venerabilem
1758 1929 1813 1978 et

209 2025 474 2089 electum,
517 2030 857 2078 mansuetum
883 2028 936 2075 et
958 2020 1126 2089 pium,
1158 2017 1470 2071 caelestibus
1491 2029 1705 2084 semper
1729 2014 1812 2067 in-

211 2125 451 2180 tentum,
499 2122 555 2170 et
582 2114 649 2168 de
675 2111 892 2168 caducis
928 2120 983 2165 et
1009 2110 1239 2164 terrenis
1278 2109 1456 2162 minus
1484 2114 1764 2161 curantem
1795 2124 1808 2158 :

209 2207 361 2278 quod
391 2213 448 2260 et
476 2204 660 2259 habitu
681 2204 1018 2258 monstrabat
1041 2209 1094 2257 et
1124 2209 1247 2255 actu
1274 2202 1287 2257 ἲ
1319 2199 1535 2253 ΝιιΙΙιιιιι
1562 2199 1615 2252 in
1647 2212 1711 2252 eo
1737 2198 1813 2251 lo-

210 2312 336 2351 cum
386 2294 597 2349 invenit
639 2293 951 2363 superstitio
1001 2291 1232 2346 vestium
1281 2299 1336 2344 et
1383 2288 1658 2350 ciborum,
1704 2302 1810 2341 non

207 2390 503 2457 iactantia,
542 2395 595 2443 et
643 2387 945 2441 detractio:
992 2383 1085 2439 sed
1132 2399 1241 2437 uno
1284 2381 1581 2451 eodemque
1618 2378 1811 2448 :equali

208 2497 339 2538 cum
388 2479 603 2535 caeteris
645 2478 966 2533 vestimento
995 2484 1049 2531 et
1094 2474 1240 2528 victu
1270 2486 1482 2541 semper
1529 2476 1813 2525 contentus

209 2582 374 2629 erat:
428 2578 485 2624 et
509 2586 575 2625 ex
620 2570 724 2624 hac
746 2568 945 2639 lingua:
976 2574 1031 2621 et
1055 2566 1180 2619 vitae
1207 2563 1469 2618 munditia
1500 2560 1632 2615 foris
1660 2560 1815 2613 inno-

211 2668 344 2730 tuit,
397 2672 616 2734 quanta:
660 2661 912 2732 puritatis
954 2658 1241 2714 dilectione
1290 2672 1384 2711 cor
1424 2656 1540 2725 ejus
1586 2653 1814 2709 interius

210 2760 441 2830 plenum
485 2763 625 2811 erat.
669 2754 750 2809 Ex
794 2752 1023 2823 simplici
1051 2765 1182 2805 vero
1219 2749 1662 2803 vestimentorum
1714 2761 1815 2801 usu

212 2858 383 2918 atque
412 2847 684 2910 ciborum,
711 2841 1033 2898 monstravit
1055 2839 1301 2908 exemplo
1316 2837 1650 2915 auditoribus
1679 2834 1811 2899 suis,

209 2941 360 3011 quod
385 2951 641 2994 sermone
682 2934 865 2990 docuit
890 2948 955 2987 ex
981 2930 1266 3002 prmceptis
1294 2928 1387 2983 Dei
1417 2936 1469 2983 et
1505 2934 1813 2982 sanctorum

214 3033 359 3103 ejus.
387 3029 529 3084 Nam
558 3028 764 3098 legerat
786 3023 1048 3093 scriptum
1086 3018 1246 3075 beato
1268 3018 1432 3072 Petro
1452 3014 1694 3086 apostolo
1723 3012 1814 3067 ad-

214 3129 483 3180 monente
510 3137 524 3173 :
566 3118 691 3173 Non
712 3118 770 3170 in
804 3123 938 3170 veste
964 3113 1190 3184 pretiosa
1222 3107 1274 3179 (Ι
1298 3107 1442 3162 Petr.
1474 3104 1559 3178 ιιι)
1587 3120 1601 3158 :
1642 3113 1695 3159 et
1724 3118 1816 3159 co-

1910 1922 2172 1976 munditia
2224 1921 2419 1997 mentis
2463 1923 2693 1992 egregia:
2732 1922 2915 1975 venire
2964 1923 3159 1990 potuit,
3199 1924 3342 1991 quod
3391 1932 3505 1976 tan—

1911 2026 2070 2081 quam
2099 2011 2353 2080 parvulus
2376 2019 2483 2064 tam
2513 2012 2805 2065 obliviosos
2832 2005 3170 2081 injuriarum,
3205 2022 3313 2065 tam
3346 2023 3505 2068 tenax

1909 2103 2169 2156 virtutum
2202 2100 2315 2155 fieri
2347 2102 2552 2155 valuit?
2583 2101 2787 2170 Sagitta
2821 2102 2963 2155 enim
2995 2103 3261 2156 sermonis
3292 2102 3501 2155 Domini

1911 2209 2017 2249 non
2066 2203 2273 2248 tantum
2323 2194 2440 2264 ejus
2488 2194 2734 2263 corporis
2762 2208 2921 2247 aures
2970 2194 3174 2262 tetigit,
3214 2193 3306 2247 sed
3337 2194 3504 2246 etiam

1914 2289 2093 2342 cordis
2135 2303 2297 2343 aures
2343 2287 2609 2341 veraciter
2654 2286 2996 2356 penetravit,
3046 2293 3101 2339 et
3141 2284 3498 2338 illuminavit:

1912 2378 2002 2434 ubi
2033 2379 2087 2433 in
2116 2378 2426 2449 Evangelio,
2458 2378 2682 2448 parvulo
2705 2379 2770 2430 ad
2798 2390 2856 2431 se
2885 2384 3076 2430 vocato
3096 2416 3109 2439 ,
3142 2376 3315 2429 adhuc
3342 2375 3505 2429 rudes

1913 2472 2185 2542 apostolos
2213 2486 2360 2537 suos,
2406 2478 2460 2525 et
2498 2485 2619 2525 cum
2666 2470 2796 2539 ipsis
2826 2466 2985 2523 simul
3028 2482 3186 2521 omne
3227 2466 3503 2519 hominum

1913 2578 2082 2634 genus
2108 2562 2249 2616 viam
2296 2562 2446 2632 regni
2475 2561 2734 2615 caalorum
2781 2558 3015 2629 qualiter
3042 2558 3250 2611 intrare
3273 2555 3509 2611 debeant

1914 2652 2209 2715 admonuit,
2242 2652 2426 2706 dicens
2452 2666 2467 2703 :
2494 2651 2656 2704 Amen
2682 2650 2798 2702 dico
2827 2649 2990 2712 vobis,
3016 2648 3116 2700 nisi
3140 2647 3371 2699 conversi
3393 2645 3508 2714 fue-

1915 2742 2028 2795 ritis
2070 2751 2116 2795 et
2152 2741 2447 2812 eﬂiciamim’
2474 2741 2606 2801 sicut
2631 2736 2856 2808 parvuli,
2891 2754 2994 2790 non
3018 2735 3282 2789 intrabitis
3313 2735 3367 2787 in
3394 2750 3509 2803 reg-

1915 2848 2039 2885 num
2067 2829 2313 2884 caelorum
2346 2829 2365 2901 (
2382 2829 2570 2883 llattlz.
2592 2827 2770 2899 xvm).
2824 2826 2935 2880 Hoc
2960 2839 3090 2896 ergo
3119 2834 3171 2879 et
3197 2840 3318 2879 cum
3351 2822 3505 2882 lami—

1914 2923 2141 2977 liaribus
2180 2933 2235 2977 et
2270 2936 2393 2977 cum
2432 2921 2710 2975 extraneis
2748 2934 2855 2973 non
2887 2917 3052 2972 semel
3095 2916 3363 2981 exercuit,
3412 2915 3505 2969 sed

1918 3016 2152 3081 assidue,
2198 3014 2299 3068 nisi
2327 3013 2415 3067 ubi
2452 3012 2716 3067 districtio
2754 3008 3047 3085 disciplinm
3073 3014 3129 3062 et
3152 3005 3505 3060 correctioni-

1917 3108 2003 3163 nis
2031 3109 2172 3161 inter
2201 3104 2470 3172 subjectos
2498 3104 2640 3157 aliud
2676 3102 2942 3171 exigebat.
2997 3099 3101 3153 Sed
3129 3098 3257 3151 dum
3284 3098 3369 3151 vir
3400 3097 3501 3151 iste

214 3212 468 3285 apostolo
495 3209 614 3280 ejus
658 3207 824 3263 Paulo
850 3177 1169 3260 adhortante
1212 3177 1474 3256 didicerat
1501 3240 1516 3264 ,
1556 3197 1812 3268 quoniam
1839 3177 1881 3235 (ἶ
1918 3208 2029 3252 tam
2070 3194 2289 3251 humilis
2315 3203 2369 3249 et
2394 3194 2638 3263 patiens,
2682 3206 2781 3261 pro
2819 3204 3003 3244 amore
3029 3188 3211 3242 divino
3240 3195 3350 3241 tam
3378 3199 3507 3241 con-

215 3320 335 3360 eaca
363 3312 413 3355 et
442 3310 594 3372 potus
624 3315 729 3352 non
761 3307 835 3352 est
872 3310 1087 3365 regnum
1118 3292 1213 3346 Dei
1236 3309 1254 3356 ;
1301 3291 1389 3345 sed
1426 3290 1656 3361 justitia,
1685 3304 1811 3359 pax,

211 3395 579 3468 gaudiumque
619 3392 675 3444 in
706 3388 915 3459 Spiritu
959 3396 1140 3440 sancto
1188 3383 1365 3457 (Rom.
1413 3380 1545 3453 xxv).
1586 3381 1658 3435 De
1685 3386 1814 3450 potu

216 3504 354 3545 vero
377 3486 503 3557 ejus
528 3483 655 3554 quid
680 3479 899 3536 dicam?
937 3480 990 3534 in
1019 3493 1125 3549 quo
1149 3477 1197 3532 ei
1230 3484 1438 3531 tantum
1463 3480 1579 3528 erat
1608 3481 1813 3540 tempe-

217 3586 554 3642 ramentum,
600 3583 660 3629 ut
701 3575 790 3629 vix
832 3588 1103 3643 unquam,
1151 3567 1442 3625 secundum
1470 3564 1710 3635 Apostoli
1738 3563 1818 3618 di-

213 3681 392 3733 ctum,
423 3666 639 3721 modico
664 3664 793 3718 vino
829 3670 1010 3715 utetur
1039 3659 1088 3731 (1
1115 3659 1246 3712 Tim.
1277 3657 1351 3729 v),
1379 3657 1519 3726 quod
1543 3670 1648 3707 non
1676 3660 1819 3706 esset

213 3777 362 3832 aqua
420 3758 672 3813 mixtum.
729 3755 797 3809 Et
842 3768 950 3809 non
1009 3760 1215 3805 tantum
1269 3749 1323 3803 in
1376 3746 1663 3814 semetipso
1714 3743 1818 3798 hoc

215 3848 540 3919 adimplevit
582 3844 935 3915 apostolicum
980 3841 1216 3904 dictum;
1261 3838 1353 3893 sed
1391 3845 1447 3890 et
1484 3850 1672 3890 omnes
1715 3832 1817 3889 sibi

215 3942 499 4010 subjectos
524 3937 875 3991 vehementer
902 3946 1118 4002 semper
1134 3928 1429 3992 admonuit,
1461 3934 1519 3980 ut
1543 3940 1816 3995 nunquam

217 4029 510 4086 ebrietatis
546 4024 747 4079 malum
792 4023 1153 4085 incurrerent,
1205 4019 1297 4073 sed
1323 4017 1469 4071 velut
1511 4014 1706 4069 inferni
1740 4014 1820 4068 l‘o—

218 4136 378 4176 veam
426 4120 801 4188 praecaverent
835 4120 997 4180 atque
1038 4110 1296 4163 vitarent.
1347 4107 1416 4161 Et
1461 4107 1525 4161 de
1563 4105 1818 4159 vitiorum

218 4210 468 4267 omnium
497 4204 861 4259 destructione
881 4200 1248 4267 virtutumque
1267 4194 1618 4249 tedilicatione
1647 4194 1699 4246 in
1722 4208 1817 4245 sua

218 4298 610 4374 przedicatione
654 4292 1029 4364 propheticum
1081 4287 1207 4341 illud
1238 4286 1545 4354 frequenter
1577 4280 1820 4352 proferre

220 4371 433 4445 solebat
460 4403 476 4440 :
510 4385 671 4439 Posui
695 4393 743 4436 te
773 4393 826 4435 ut
853 4378 1041 4434 evellas
1081 4389 1126 4430 et
1152 4376 1411 4435 destruas,
1460 4382 1507 4426 et
1548 4371 1820 4441 disperdas

220 4489 268 4532 et
311 4476 562 4544 dissipes,
610 4480 656 4525 et
688 4469 914 4539 wdiﬁces
958 4476 1006 4521 et
1034 4465 1235 4536 plantas
1267 4462 1479 4536 (Jerem.
1513 4460 1552 4530 ι)
1582 4477 1596 4525 ;
1636 4459 1821 4514 volens

1915 3286 2231 3356 temptibilia
2261 3293 2315 3338 et
2353 3299 2463 3338 suze
2506 3296 2752 3352 personae
2790 3280 3007 3350 indigna
3050 3288 3106 3333 et
3153 3277 3293 3332 ferre
3340 3276 3510 3331 voluit

1916 3378 2321 3449 mquanimiter,
2353 3384 2406 3429 et
2431 3376 2604 3444 potuit
2632 3390 2646 3438 ;
2685 3373 2865 3427 evenit
2888 3371 3011 3435 hoc,
3041 3371 3185 3440 quod
3220 3370 3271 3423 in
3317 3370 3506 3423 diebus

1916 3469 2032 3538 ejus
2079 3483 2213 3538 pene
2254 3466 2505 3521 omnibus
2551 3466 2640 3535 qui
2688 3479 2812 3519 eum
2862 3470 3126 3516 noverant
3175 3459 3504 3529 incognitum

1919 3575 2023 3614 non
2053 3567 2170 3613 erat
2210 3577 2221 3611 :
2267 3558 2391 3628 quia
2423 3571 2559 3626 pene
2587 3569 2774 3609 omnes
2797 3553 2850 3607 hi
2884 3553 2975 3622 qui
3015 3560 3164 3606 tanto
3192 3550 3310 3605 viro
3339 3550 3507 3603 hono-

1918 3666 2034 3705 rem
2062 3649 2301 3704 debitum
2350 3646 2659 3716 impendere
2702 3643 3028 3707 noluerunt,
3078 3641 3281 3695 ultione
3325 3639 3505 3694 divina

1916 3741 2159 3809 percussi
2190 3746 2334 3802 sunt,
2375 3746 2428 3791 et
2470 3736 2535 3790 ad
2567 3734 2927 3804 cognitionem
2958 3733 3061 3793 sui,
3106 3731 3231 3786 licet
3252 3729 3423 3785 coacti
3451 3736 3509 3782 et

1919 3832 2092 3897 inviti,
2122 3830 2329 3885 reducti
2365 3836 2424 3882 ut
2449 3827 2628 3897 palam
2658 3824 2882 3879 daretur
2908 3822 3127 3892 intelligi
3158 3821 3299 3876 scire
3323 3820 3539 3874 volen--

1920 3923 2083 3987 tibus,
2125 3922 2249 3991 quia
2277 3920 2375 3974 sub
2416 3919 2594 3973 divina
2620 3916 2865 3972 custodia
2897 3915 3111 3968 fortiter
3146 3913 3291 3966 intus
3326 3920 3508 3981 prote-

1919 4013 2166 4083 gebalur,
2214 4009 2459 4080 quamvis
2505 4008 2774 4061 interdum
2823 4014 2947 4057 ante
2993 4002 3177 4056 oculos
3225 4001 3505 4054 hominum

1920 4104 2271 4173 superborum
2304 4099 2446 4155 ferre
2483 4099 2759 4153 videretur
2802 4096 3018 4166 indigna
3043 4092 3350 4162 Opprobria.
3398 4089 3505 4145 Sed

1921 4196 2011 4265 qui
2043 4197 2145 4249 hoc
2171 4195 2445 4247 attendere
2462 4190 2691 4244 voluerit
2716 4187 3007 4246 etimitari,
3039 4200 3142 4237 non
3163 4182 3508 4237 mediocriter

1922 4287 1969 4339 ei
1998 4285 2241 4355 proﬁciet
2259 4283 2328 4337 ad
2355 4281 2632 4335 introitum
2654 4277 2805 4346 regni
2834 4275 3068 4330 caelestis
3092 4288 3104 4325 :
3135 4273 3257 4327 dum
3291 4286 3506 4338 omnes,

1921 4376 2013 4445 qui
2052 4375 2298 4429 eamdem
2349 4372 2491 4424 viam
2530 4373 2940 4439 prareesseruut,
2994 4363 3118 4416 talia
3166 4368 3504 4432 paterentur,

1923 4463 2213 4518 secundum
2240 4461 2439 4514 dictum
2471 4466 2526 4511 et
2562 4454 2791 4510 formam
2826 4450 3209 4522 apostolorum,
3242 4448 3332 4518 qui
3356 4448 3508 4501 ibant

223 4568 508 4621 auditores
545 4575 672 4616 SUOS
714 4572 904 4614 omnes
945 4558 1144 4611 dmum
1196 4555 1297 4607 hoc
1324 4551 1642 4621 intelligere.
1696 4550 1819 4619 quia
1854 4530 1898 4586 ί)
1921 4556 2171 4626 ﬂagellati
2197 4569 2227 4605 a
2258 4558 2544 4619 conspectu
2578 4545 2787 4602 consilii
2829 4543 3125 4614 gaudentes
3159 4549 3215 4595 et
3243 4541 3504 4605 dicentes,

225 4671 510 4728 nunquam
559 4652 815 4707 virtutum
865 4650 1029 4703 decor
1065 4655 1117 4700 et
1158 4646 1416 4698 bonorum
1446 4657 1669 4710 operum
1699 4641 1827 4693 tedi-

223 4751 410 4805 lieium
443 4745 639 4813 surgit,
668 4742 770 4796 nisi
813 4740 1067 4795 vitiorum
1102 4737 1249 4790 labes
1286 4743 1339 4788 et
1369 4733 1705 4787 immunditia
1733 4732 1826 4786 de-

224 4849 497 4896 struatur.
532 4835 640 4891 Sed
668 4842 723 4888 et
744 4831 1093 4902 apostolicum
1123 4825 1250 4882 illud
1279 4825 1567 4896 gloriosum
1601 4831 1654 4876 ct
1677 4825 1822 4877 omni

226 4934 388 4988 laude
421 4929 640 4999 dignum
693 4924 1055 4979 testimonium
1085 4962 1098 4984 ,
1151 4927 1371 4989 propter
1413 4915 1821 4968 incitamentum

225 5022 521 5079 charitatis
541 5017 634 5072 Dei
668 5024 721 5071 et
745 5013 977 5086 proximi
998 5021 1157 5081 atque
1185 5008 1507 5063 desiderium
1540 5006 1685 5075 regni
1714 5020 1825 5060 ca:-

230 5114 425 5176 lestis,
472 5107 906 5178 frequentissime
946 5106 1000 5157 in
1043 5101 1382 5156 conclusione
1425 5096 1826 5168 praedicationis

230 5219 343 5258 sua:
370 5200 581 5255 solebat
606 5207 791 5268 aptare
816 5213 828 5247 :
869 5192 1021 5258 Quod
1048 5190 1228 5244 oculus
1252 5204 1354 5242 non
1381 5188 1526 5253 vidit,
1562 5203 1652 5240 nec
1678 5186 1824 5239 auris

233 5295 459 5356 audivit,
492 5307 653 5361 neque
682 5290 735 5341 in
771 5303 861 5341 cor
907 5284 1127 5338 hominis
1169 5281 1395 5335 ascendit
1415 5296 1531 5350 qua!
1556 5294 1826 5349 pra'para-

234 5388 301 5440 rit
339 5384 480 5437 Deus
500 5378 834 5451 diligentibus
852 5394 907 5430 sc
938 5374 990 5445 (Ι
1017 5373 1136 5428 Cor.
1170 5373 1249 5441 ιι).
1280 5371 1471 5426 Sciens
1500 5371 1663 5437 igitur
1693 5385 1828 5438 prae-

234 5475 449 5529 dicator
471 5472 593 5542 pius
613 5472 699 5525 his
723 5468 932 5523 duobus
961 5463 1300 5526 testimoniis,
1342 5461 1652 5531 prephetieo
1681 5459 1819 5513 scili-

234 5575 325 5621 cet
354 5574 411 5619 et
442 5562 758 5635 apostolico,
806 5558 1026 5614 intentis
1070 5553 1405 5609 auditoribus
1437 5551 1662 5605 nmltum
1692 5565 1823 5603 con-

238 5657 376 5712 ferri
396 5672 494 5727 per
524 5656 794 5711 charisma
822 5650 1191 5706 absconditum
1211 5646 1443 5716 Spiritus
1470 5645 1663 5706 sancti,
1686 5642 1829 5713 quod

238 5757 297 5803 et
332 5750 652 5820 prophetam
694 5745 933 5815 implevit
956 5751 1010 5798 et
1034 5740 1364 5811 apostolum;
1398 5747 1451 5791 et
1483 5738 1681 5791 idcirco
1723 5745 1828 5789 tam

1922 4648 2047 4717 quia
2080 4662 2175 4717 per
2204 4644 2399 4697 rnultas
2438 4638 2809 4694 tribulatioues
2846 4640 3058 4704 oportet
3083 4648 3180 4688 nos
3219 4632 3423 4685 intrare
3452 4631 3507 4684 in

1923 4752 2144 4808 regnum
2175 4735 2433 4788 enatorum
2458 4729 2592 4799 (Act.
2624 4726 2698 4800 v).

1998 4827 2079 4879 l9.
2112 4824 2309 4877 Verum
2336 4819 2461 4890 quia
2493 4818 2633 4871 inter
2655 4816 2884 4869 virtutes
2910 4814 3175 4867 maximas
3201 4826 3336 4881 opus
3362 4809 3504 4864 elec-

1924 4929 2266 4986 mosynarum
2312 4910 2380 4964 ab
2428 4909 2543 4978 ipso
2587 4906 2812 4960 Domino
2840 4912 2894 4959 et
2924 4904 3282 4972 Redemptore
3324 4908 3512 4954 nostro

1920 5017 2003 5063 est
2043 5007 2384 5069 ordinatum,
2449 5010 2504 5056 et
2548 5014 2735 5054 omnes
2789 4995 3080 5065 Scriptura:
3129 5001 3328 5047 saneta:
3373 4988 3508 5043 Novi

1926 5096 2256 5154 Testamenti
2294 5102 2350 5149 et
2374 5092 2587 5149 Veteris
2617 5092 2718 5145 hoc
2744 5104 2879 5158 Opus
2923 5084 3257 5142 salutiferum
3286 5079 3507 5133 laudant

1924 5200 1980 5246 et
2018 5188 2356 5261 glorificant;
2411 5186 2476 5240 de
2503 5181 2744 5253 largiﬂua
2790 5180 3247 5248 eleemosynarum
3292 5172 3509 5226 datione

1928 5285 1986 5337 li.
2020 5258 2264 5350 Gregorii
2291 5277 2358 5330 ad
2404 5274 2721 5330 memoriam
2746 5268 3079 5340 posteritatis
3108 5272 3162 5317 et
3191 5258 3508 5315 imitationis

1930 5347 2233 5440 exemplum
2276 5379 2449 5437 pauca
2485 5371 2609 5418 sunt
2634 5359 2971 5432 proferenda.
3020 5351 3222 5407 Floruit
3249 5349 3391 5403 enim
3426 5347 3509 5399 vir

1931 5461 2017 5516 ille
2066 5458 2355 5514 virtutibus
2401 5455 2521 5510 aliis
2550 5453 2753 5514 multis,
2799 5447 2890 5502 scd
2940 5443 3169 5498 maxime
3195 5440 3246 5493 in
3276 5436 3508 5492 elcemo-

1932 5564 2186 5621 synarum
2210 5562 2365 5603 saera
2394 5541 2765 5615 puriﬁcatione
2791 5536 2890 5591 fuit
2917 5547 3127 5601 semper
3159 5530 3415 5590 intentus,
3453 5527 3507 5579 in

1937 5616 2145 5694 tantum
2184 5644 2245 5691 ut
2273 5634 2403 5689 nihil
2431 5632 2531 5688 sibi
2568 5629 2708 5692 auri,
2757 5624 2891 5681 nihil
2919 5620 3125 5692 argenti
3172 5626 3367 5689 praeter
3408 5616 3511 5671 Ec-

1938 5731 2113 5785 clesite
2158 5725 2461 5782 necessaria
2512 5717 2806 5777 ministeria
2846 5727 3083 5784 unquam
3114 5723 3392 5767 reservare
3416 5723 3511 5762 vo-
