3878 6172
412 329 520 386 767

1319 325 1377 381 S.
1419 323 1808 382 LUDGEllUS.
1850 319 2007 377 VlTA
2048 320 2105 374 S.
2142 313 2469 373 GllEGOllll
2506 310 2812 371 ABBATlS.

3556 317 3654 372 ἴδε

412 442 621 498 luisset.
651 439 759 497 sed
782 448 838 495 ει
857 440 925 496 de
945 440 1051 495 alia
1076 438 1378 495 substantia
1404 436 1727 502 summae")
1747 435 1990 505 benigni-
2022 423 2064 475 Α
2095 430 2290 483 fectum
2339 428 2614 498 proprium
2656 437 2710 479 et
2753 426 3084 480 subditorum
3127 440 3346 481 suorum
3373 467 3388 489 ,
3433 436 3485 481 ct
3520 428 3661 496 loqui

416 542 527 589 tate
567 533 747 603 largus
783 531 1083 586 habebatur
1126 538 1182 585 et
1222 529 1513 595 dilatatus,
1564 525 1994 598 pauperibusque

413 623 616 681 Christt
666 636 882 693 semper
916 620 1189 691 proficuus
1230 627 1287 673 et
1327 619 1486 689 pius:
1531 618 1769 687 nihilque
1798 616 1898 671 sibi
1926 631 1994 669 ex

412 729 500 776 ea,
527 722 754 783 excepto
781 712 923 766 victu
950 710 1263 785 quotidiano
1291 716 1348 764 et
1384 709 1580 764 vestitu
1607 707 1857 777 simplici,
1902 720 1996 760 vo-

413 802 513 856 luit
542 815 841 863 reservare,
888 814 1094 869 ponens
1136 812 1286 867 spem
1331 812 1486 853 suam
1528 804 1694 850 totam
1735 795 1907 865 magis
1941 795 1995 849 in

414 890 678 947 tremendi
720 888 1119 945 examinatione
1143 886 1354 958 judicii,
1381 901 1545 956 quam
1572 885 1625 939 in
1650 884 1900 955 prtesenti
1922 884 1999 938 lo-

413 981 775 1052 cupletatione
803 980 1177 1034 thesaurorum
1199 986 1255 1033 et
1279 977 1589 1033 divuiarum
1615 976 1819 1031 mundi.
1849 975 1998 1030 Ideo-

414 1086 521 1142 que
561 1078 672 1126 tam
700 1068 859 1125 facile
888 1083 986 1139 pro
1024 1081 1210 1122 amore
1236 1066 1438 1122 Christi
1465 1066 1647 1120 omnia
1678 1064 1863 1136 largiri
1903 1078 1998 1133 po-

415 1161 520 1216 tuit
541 1175 662 1230 qua:
705 1157 939 1214 habebat
960 1197 977 1222 ,
1021 1172 1089 1212 ex
1117 1158 1271 1227 cujus
1312 1170 1406 1210 ore
1448 1162 1504 1210 et
1539 1153 1786 1223 exemplo
1811 1153 1997 1207 eadem

415 1252 682 1307 didicerat
730 1264 852 1321 quae
901 1248 1172 1304 faciebat:
1225 1245 1378 1312 Quod
1418 1253 1649 1315 superest
1695 1244 1835 1298 vobis
1877 1243 1998 1296 date

412 1343 793 1412 elemosynam
817 1358 835 1405 ;
863 1350 911 1394 et
935 1356 1049 1393 ecce
1077 1340 1251 1393 omn'a
1296 1337 1491 1391 munda
1514 1344 1635 1389 sunt
1676 1335 1815 1388 vobis
1844 1331 1994 1405 (Luc.

417 1433 517 1502 xi).
557 1431 931 1487 Consideravit
956 1429 1143 1484 eadem
1170 1427 1273 1481 [ide
1296 1436 1351 1481 et
1375 1426 1637 1481 charitate
1663 1433 1878 1478 sanctos
1899 1423 1999 1477 Pa-

419 1532 531 1580 tres
558 1522 611 1576 in
641 1520 823 1576 Veteri
853 1520 1198 1574 Testamento
1225 1533 1254 1572 a
1285 1517 1393 1572 Deo
1418 1516 1665 1579 donatos,
1696 1514 1883 1569 eadem
1905 1528 1999 1581 spe

423 1611 871 1668 remunerationis
914 1610 1253 1679 sempiterna:
1292 1608 1358 1661 de
1386 1606 1844 1674 cleeutosynarum
1873 1617 2001 1672 ope-

420 1706 569 1764 ribus
594 1702 882 1758 fructuosis
923 1714 1138 1768 semper
1178 1695 1342 1751 fuisse
1369 1694 1640 1750 sollicitos.
1697 1692 1845 1748 Unde
1866 1691 2001 1745 etin

418 1792 626 1865 psalmo
653 1799 873 1846 sanctus
897 1787 1164 1857 Propheta
1189 1798 1288 1855 pro
1323 1783 1667 1837 beatitudinis
1697 1779 2000 1834 testimonio

420 1885 580 1955 hujus
606 1883 786 1953 operis
814 1880 1150 1937 devotionem
1177 1876 1354 1946 posuit
1382 1875 1566 1930 dicens
1609 1891 1622 1926 :
1671 1872 1862 1925 Beatus
1910 1870 1999 1941 qui

416 1974 658 2044 intelligit
686 1988 842 2043 super
867 1985 1081 2041 egenum
1110 1976 1156 2022 et
1179 1983 1456 2038 pauperem
1478 1983 1490 2018 :
1523 1967 1575 2018 in
1600 1965 1684 2018 die
1710 1962 1850 2017 mala
1876 1962 2002 2017 libe-

420 2063 556 2117 rabit
578 2078 695 2116 eum
722 2060 973 2115 Dominus
1004 2056 1175 2123 (Psal.
1218 2054 1323 2127 χι.)
1359 2054 1466 2109 Sed
1495 2063 1549 2108 et
1574 2054 1713 2109 alius
1740 2053 2001 2125 propheta

418 2155 488 2210 de
534 2153 723 2209 eodem
760 2165 925 2221 opere
967 2155 1155 2204 sancto
1182 2144 1523 2199 laudaliliter
1566 2143 1793 2198 canitet
1831 2134 1998 2198 dicit:

423 2246 574 2304 Sicut
601 2261 739 2315 aqua
759 2241 1039 2312 exstinguit
1067 2241 1259 2310 ignem,
1285 2239 1358 2291 ita
1374 2236 1698 2306 eleemosgna
1723 2236 2003 2306 exstinguit

421 2348 688 2408 peccatum
716 2333 913 2405 (Eccle.
963 2332 1068 2404 tu).
1101 2330 1360 2386 Dominus
1389 2344 1602 2400 quoque
1630 2329 1744 2398 ipso
1772 2343 1872 2399 pro
1899 2328 2004 2384 hoc

421 2440 585 2496 opere
614 2426 669 2478 in
689 2425 776 2479 die
800 2422 1078 2477 tremendo
1113 2428 1329 2474 sanctos
1352 2434 1479 2474 suos
1507 2418 1678 2488 gratia
1706 2433 1802 2472 sua
1829 2425 1884 2473 et
1910 2417 2005 2473 be-

422 2517 725 2573 nedictione
761 2513 1084 2583 sempiterna
1126 2510 1281 2566 etl'ert
1308 2519 1362 2565 et
1390 2510 1599 2565 extollit
1644 2510 1860 2565 dicens:
1901 2507 2003 2564 γε.

425 2610 551 2674 uite,
574 2606 823 2662 benedicti
851 2604 1029 2659 Patris
1053 2604 1179 2670 mei,
1200 2602 1441 2673 percipite
1465 2618 1678 2671 regnum
1705 2600 1844 2672 quod
1864 2601 2005 2657 vobis

419 2706 665 2754 oaratum
688 2703 763 2750 est
794 2693 859 2749 ab
889 2696 1088 2764 origine
1113 2691 1294 2747 mundi
1334 2707 1354 2746 :
1380 2692 1505 2763 quia
1531 2692 1743 2755 esuriri,
1786 2700 1832 2745 et
1858 2690 2007 2746 dedi-

421 2787 516 2844 stis
542 2786 667 2841 mihi
704 2783 1064 2847 manducare;
1105 2780 1265 2847 sitivi,
1293 2788 1342 2835 et
1384 2780 1598 2834 dedistis
1626 2780 1752 2833 milii
1790 2779 1959 2833 bibere
1983 2795 2004 2844 ;

427 2877 600 2933 nudus
622 2875 721 2946 fui,
750 2883 796 2928 et
820 2873 1096 2944 operuistis
1117 2886 1222 2937 me,
1261 2876 1370 2926 etc.
1411 2869 1624 2942 (Matth.
1654 2868 1804 2941 xxv).
1855 2868 2005 2924 Talia

424 2969 484 3026 Β.
516 2968 810 3038 Gregorius
832 2966 896 3023 de
935 2973 1165 3035 utroque
1191 2961 1556 3028 Testamento,
1596 2962 1652 3016 in
1690 2961 1886 3033 quibus
1911 2961 2007 3017 do-

2091 537 2210 591 qua:
2235 521 2303 574 ad
2316 520 2720 574 aedificationem
2740 518 3097 589 pertinebant.
3129 519 3277 586 Quod
3302 522 3482 590 utique
3508 538 3664 592 agere

2093 620 2305 665 nonest
2346 610 2580 674 oblitus;
2627 610 2718 664 sed
2748 610 2890 665 sicut
2931 626 3144 680 semper
3183 608 3408 673 solebat,
3458 616 3667 667 tra'Eere

2093 715 2198 753 non
2240 700 2444 754 destitit
2482 700 2818 755 auditorib:.s
2846 700 2961 756 suis
3010 700 3178 756 libros
3214 702 3409 757 divina:
3452 704 3585 772 legis
3616 714 3668 759 et

2094 790 2297 845 monita
2340 790 2530 845 salutis
2556 799 2792 846 aeternae.
2839 789 2976 845 Nam
3002 799 3058 846 et
3082 793 3459 863 condiscipulis
3488 796 3670 848 melio-

2097 880 2353 950 ribusque
2396 881 2532 934 meis
2595 880 2647 934 in
2696 881 2883 935 eadem
2936 881 3180 936 molestia
3229 883 3408 953 plures
3454 888 3674 941 tradidit

2096 970 2300 1034 libros;
2330 979 2384 1024 et
2414 970 2541 1025 mihi
2564 971 2774 1025 modico
2803 970 3048 1042 Ludgero
3069 972 3263 1028 librant
3292 977 3460 1029 sancti
3491 976 3666 1045 Augu-

2095 1059 2221 1114 stini
2245 1060 2481 1125 tradidit.
2505 1075 2662 1130 quem
2689 1060 3058 1120 Euchiridion.
3087 1061 3138 1117 id
3162 1072 3245 1118 est
3265 1063 3533 1128 Manuale,
3564 1067 3672 1136 ipse

2096 1148 2450 1218 nuncupavit.

2165 1239 2255 1293 21.
2286 1238 2411 1295 llaec
2434 1239 2508 1295 ita
2528 1240 2735 1311 agendo
2757 1239 2950 1299 beatus
2972 1242 3135 1300 homo
3154 1242 3462 1316 Gregorius,
3488 1263 3522 1301 a
3549 1264 3672 1317 p-o-

2097 1327 2239 1383 fectu
2283 1328 2640 1397 spiritualium
2682 1332 3083 1388 successionum
3108 1335 3163 1388 in
3204 1335 3318 1404 ipsa
3357 1339 3676 1407 aegritudine

2097 1434 2194 1474 sua
2248 1434 2522 1489 nunquam
2570 1420 2900 1488 desinendo,
2950 1424 3101 1478 auxit
3139 1439 3237 1494 per
3282 1426 3523 1498 singulos
3566 1431 3678 1484 dies

2098 1523 2243 1563 same
2267 1510 2465 1564 mentis
2483 1510 2764 1579 sapientia,
2787 1511 2915 1567 licet
2944 1512 3194 1569 imbecilli
3235 1532 3483 1587 corpore,
3535 1523 3676 1589 quod

2098 1598 2200 1654 sibi
2228 1598 2446 1668 suisque
2470 1601 2537 1654 ad
2570 1600 2870 1670 ingressum
2896 1603 3047 1675 regni
3074 1606 3310 1662 caelestis
3336 1617 3393 1663 et
3421 1612 3676 1680 gaudium

2099 1689 2387 1759 proficeret
2440 1691 2846 1762 sempiternum.
2902 1694 3084 1751 Tertio
3137 1697 3352 1753 tandem
3401 1714 3546 1755 anno
3594 1703 3679 1756 in-

2101 1784 2310 1839 choatae
2332 1784 2684 1856 aegritudinis,
2713 1787 2865 1856 quasi
2894 1789 3011 1843 auri
3040 1804 3190 1846 more
3212 1791 3355 1861 quod
3377 1807 3477 1861 per
3502 1794 3678 1865 ignem

2104 1875 2332 1938 transiit,
2355 1877 2599 1945 corporis
2620 1876 2932 1949 fatigatione
2958 1891 3215 1951 purgatus
3242 1884 3309 1938 ad
3336 1884 3390 1938 id
3411 1888 3681 1954 pervenit,

2102 1973 2163 2020 ut
2202 1966 2506 2038 ubicunque
2543 1982 2679 2040 opus
2710 1979 2857 2037 erat,
2907 1972 3050 2028 inter
3077 1974 3461 2045 discipulorum
3490 1994 3685 2034 manus

2103 2063 2320 2125 portare
2340 2071 2560 2113 necesse
2584 2066 2747 2114 esset.
2794 2061 2863 2116 Et
2885 2076 2985 2119 nec
3014 2071 3142 2119 tunc
3161 2066 3378 2135 quidem
3410 2069 3496 2122 vir
3517 2084 3682 2125 vene-

2105 2146 2289 2201 rabilis
2315 2148 2382 2202 ab
2401 2163 2562 2217 opere
2597 2150 2690 2206 Dei
2720 2168 2954 2224 unquam
2980 2157 3250 2212 cessavit:
3282 2159 3381 2214 sed
3418 2169 3516 2215 aut
3544 2161 3685 2217 divi-

2104 2253 2204 2293 nos
2231 2235 2397 2295 libros
2438 2237 2616 2312 legere
2641 2258 2826 2300 coram
2868 2260 2944 2310 se,
2991 2255 3084 2302 aut
3124 2264 3220 2318 pro
3259 2251 3453 2307 eadem
3490 2256 3686 2311 mentis

2105 2342 2216 2382 suae
2250 2329 2635 2387 exercitatione
2661 2332 2728 2387 ad
2753 2333 2996 2391 caelestia
3027 2338 3263 2406 psalmos
3291 2352 3520 2400 cantare
3547 2348 3684 2402 assi-

2105 2417 2209 2472 due
2262 2415 2425 2473 fecit:
2479 2420 2665 2491 sicque
2712 2424 2780 2477 ad
2820 2432 3063 2482 extrema
3110 2431 3368 2500 perducto
3420 2435 3684 2493 imlecilla

2105 2506 2347 2563 membra
2368 2511 2631 2579 corporis,
2652 2528 2772 2584 qua:
2786 2514 2900 2585 jam
2925 2525 3051 2574 tunc
3076 2518 3216 2577 lecto
3242 2538 3459 2595 semper
3480 2539 3694 2586 susten-

2105 2603 2222 2651 tare
2249 2612 2472 2654 necesse
2496 2607 2613 2654 erat
2636 2641 2652 2665 ,
2698 2602 2928 2660 candida
2967 2604 3110 2662 facta
3154 2618 3281 2666 sunt
3305 2628 3374 2667 ac
3413 2616 3579 2671 nitida
3624 2621 3687 2672 ad

2104 2689 2276 2744 instar
2298 2689 2455 2746 lactis
2481 2691 2565 2746 vel
2602 2692 2740 2748 lana:
2764 2694 2899 2751 albae
2922 2737 2938 2764 ,
2981 2707 3042 2753 ut
3068 2699 3435 2761 innotesceret
3463 2708 3689 2763 videnti-

2103 2780 2205 2836 hus
2231 2780 2283 2836 in
2307 2790 2507 2851 quanta
2533 2784 2794 2840 munditia
2836 2788 3059 2857 spiritus
3093 2790 3243 2847 intus
3266 2793 3567 2851 haberetur
3593 2815 3687 2852 co-

2105 2885 2219 2925 ram
2247 2872 2418 2928 oculis
2446 2872 2561 2929 Dei.
2606 2874 2757 2933 Tunc
2781 2890 3060 2949 coeperunt
3102 2886 3365 2956 conqueri
3406 2897 3463 2943 et
3484 2891 3688 2945 contri-

2103 2962 2237 3016 stari
2258 2963 2351 3032 qui
2377 2964 2572 3020 ibidem
2594 2965 2881 3025 adfuerunt
2900 2972 3179 3043 utriusque
3205 2991 3369 3032 sexus
3396 2983 3685 3036 necessarii

421 3060 697 3123 missimus
720 3064 861 3122 erat,
906 3053 1249 3126 intelligendo
1274 3060 1331 3108 et
1356 3052 1692 3124 penetrando
1732 3060 2002 3122 praecepta
2032 3087 2078 3148 (ε)
2105 3052 2286 3117 amici,
2319 3062 2427 3108 tam
2466 3055 2529 3110 de
2556 3054 2675 3125 ejus
2714 3059 2938 3114 transitu
2968 3062 3131 3118 citius
3157 3064 3492 3133 imminente,
3523 3086 3685 3139 quam

422 3158 482 3205 et
507 3148 742 3204 divinam
784 3144 1141 3215 Scripturam,
1191 3141 1360 3213 legem
1400 3142 1564 3195 vertit
1607 3141 1661 3195 in
1701 3155 1904 3211 opera:
1950 3149 2006 3196 et

425 3255 532 3296 non
570 3238 784 3293 auditor
807 3235 1096 3291 obliviosus
1138 3232 1333 3298 factus,
1384 3233 1478 3288 sed
1509 3232 1682 3287 factor
1707 3234 1915 3303 Operis,
1946 3233 2002 3288 in

424 3333 542 3403 lege
559 3330 658 3386 Dei
699 3344 910 3399 semper
932 3335 1071 3384 erat.
1117 3328 1214 3383 Eia
1256 3328 1454 3382 milites
1490 3326 1713 3392 Christi,
1744 3328 1925 3383 audite
1949 3336 2004 3382 et

422 3422 723 3493 intelligite,
755 3410 811 3476 et
837 3420 1095 3476 assumite
1128 3420 1372 3490 exempla
1400 3419 1578 3476 Patris
1618 3419 1778 3489 hujus
1818 3420 2004 3475 rectis-

420 3515 560 3569 sima
601 3520 656 3567 et
679 3510 958 3582 praeclara,
993 3518 1056 3565 ut
1093 3510 1248 3565 vobis
1283 3510 1448 3565 etiam
1479 3511 1652 3566 adhuc
1679 3511 1733 3565 in
1777 3524 2004 3580 corpore

424 3601 746 3666 viventibus,
796 3608 853 3655 et
878 3600 1209 3654 intuentibus
1251 3615 1314 3655 ac
1361 3599 1703 3671 diligentibus
1744 3614 1830 3665 ea,
1882 3600 2004 3654 inde

419 3696 638 3746 crescat
659 3689 829 3760 gratia
856 3688 951 3744 Dei
975 3726 992 3753 ,
1021 3686 1255 3759 largiens
1276 3688 1560 3744 vulnerum
1589 3697 1895 3744 nostrorum
1919 3702 2005 3743 re-

426 3780 630 3845 media,
661 3780 802 3834 unde
827 3777 902 3832 illi
930 3785 1218 3833 creverunt
1244 3785 1515 3833 tantarum
1543 3778 1799 3833 virtutum
1844 3793 2002 3833 oma-

416 3877 626 3925 menta.

492 3957 581 4014 20.
614 3956 832 4012 Talibus
864 3956 1204 4013 successibus
1228 3964 1286 4013 et
1309 3957 1435 4012 vita:
1458 3957 1666 4013 meritis
1692 3956 1882 4013 beatus
1908 3956 2001 4011 ab-

419 4050 521 4105 bas
566 4063 717 4104 meus
753 4056 808 4102 et
833 4056 1133 4118 praeceptor
1175 4046 1498 4116 Gregorius,
1549 4047 1674 4101 dum
1705 4063 1918 4117 semper
1946 4048 2001 4102 in

424 4139 616 4196 melius
644 4136 942 4195 crescendo
963 4136 1267 4208 proficeret,
1293 4144 1348 4192 et
1374 4150 1539 4206 prope
1558 4135 1671 4206 jam
1699 4137 1766 4191 ad
1794 4144 2003 4206 septua-

416 4233 566 4302 ginta
595 4245 857 4285 annorum
877 4238 1093 4286 aetatem
1109 4236 1218 4284 tam
1242 4229 1440 4284 charus
1465 4229 1575 4284 Deo
1602 4244 1765 4299 quam
1785 4229 1999 4287 cunctis

421 4324 728 4379 hominibus
765 4321 1110 4392 perveniret;
1156 4318 1328 4374 adfuit
1370 4321 1485 4376 dies
1508 4360 1524 4387 ,
1562 4320 1616 4374 in
1645 4335 1748 4390 qua
1775 4320 1998 4375 militem

2060 3126 2078 3150 ’
2105 3142 2171 3197 de
2202 3144 2501 3225 tardatione
2544 3145 2702 3203 electi
2745 3147 2840 3205 lilii
2873 3149 2991 3221 ejus
3013 3152 3255 3221 Albrici,
3306 3158 3359 3213 in
3385 3126 3494 3230 qu.
3522 3126 3687 3218 tum

2101 3232 2291 3322 domus
2314 3247 2339 3274 ιι
2368 3250 2492 3304 spes
2521 3252 2711 3309 magna
2738 3239 3009 3299 incubuit:
3050 3246 3142 3315 qui
3188 3255 3316 3305 tunc
3347 3254 3608 3322 temporis
3636 3256 3684 3309 in

2099 3320 2253 3378 italia
2281 3333 2401 3379 erat
2439 3328 2603 3396 regali
2641 3331 2860 3387 servitio
2899 3344 3231 3405 occupatus;
3260 3348 3318 3395 et
3346 3320 3547 3398 nemini
3587 3362 3687 3402 no-

2102 3420 2215 3467 tum
2250 3415 2465 3484 quando
2501 3427 2646 3473 esset
2667 3428 2943 3478 venturus.
2989 3423 3115 3482 Haec
3137 3429 3364 3490 audiens
3390 3429 3551 3487 Pater
3574 3435 3684 3491 Deo

2099 3501 2328 3559 dilectus
2351 3505 2664 3577 Gregorius,
2702 3512 2867 3580 cmpit
2889 3513 3175 3572 condolere
3213 3522 3590 3587 maerentibus,
3623 3525 3684 3578 de

2100 3593 2274 3662 seipsu
2301 3610 2542 3661 securus,
2589 3606 2642 3653 et
2685 3600 2750 3654 de
2775 3601 2885 3656 filio
2929 3603 3231 3661 sollicitus:
3276 3617 3333 3663 et
3373 3611 3680 3667 consolatus

2099 3697 2192 3738 eos
2218 3686 2401 3754 coepit,
2442 3686 2582 3742 sicut
2606 3687 2917 3758 frequenter
2941 3709 3103 3750 sanus
3143 3712 3372 3768 corpore
3400 3711 3529 3757 ante
3547 3704 3680 3759 sole-

2099 3776 2192 3867 bat
2218 3775 2356 3830 inter
2375 3781 2677 3834 communia
2699 3783 2979 3854 colloquia,
3010 3789 3385 3859 propheticum
3403 3793 3535 3850 illud
3560 3813 3678 3867 pro-

2100 3862 2241 3921 ferre
2270 3882 2334 3922 ac
2361 3868 2539 3924 dicere
2566 3888 2579 3924 :
2609 3868 2784 3927 Nolite
2812 3874 3018 3942 timere,
3057 3894 3160 3932 non
3187 3882 3451 3945 transibo,
3486 3862 3673 3954 inquit,

2099 3962 2385 4024 antequam
2422 3957 2535 4027 ipse
2565 3959 2764 4013 veniat.
2810 3960 2960 4029 Quod
2988 3980 3149 4034 quam
3184 3970 3450 4027 veraciter
3487 3974 3675 4043 spiritu

2098 4057 2500 4115 praenosceret,
2531 4049 2606 4103 rei
2635 4048 2882 4120 probavit
2918 4063 3161 4112 eventus.
3208 4057 3345 4115 Nam
3388 4062 3571 4119 triduo
3599 4065 3677 4119 vel

2099 4137 2387 4206 quatriduo
2415 4147 2539 4194 ante
2571 4141 2850 4197 transitum
2885 4143 3022 4214 ejus,
3071 4147 3219 4202 venit
3252 4150 3347 4205 diu
3380 4163 3599 4221 optatus
3622 4164 3674 4209 et

2099 4228 2302 4286 electus
2324 4230 2468 4286 filius
2488 4230 2604 4300 ejus
2617 4231 2865 4288 Albricus
2886 4235 3182 4306 inopinate,
3211 4242 3422 4296 cunctis
3438 4246 3673 4299 nescien-

2100 4323 2244 4378 tibus
2270 4363 2286 4388 ,
2333 4332 2561 4394 excepto
2595 4324 2755 4380 Patre
2788 4327 3037 4398 spiritali,
3094 4331 3185 4400 qui
3232 4331 3349 4402 ejus
3388 4337 3669 4392 advtnlum

419 4429 576 4469 suum
598 4412 857 4467 Dominus
879 4412 1054 4467 adhuc
1077 4408 1406 4466 meliorando
1431 4410 1730 4466 subvehere
1753 4411 1912 4466 vellet
1933 4416 1999 4467 ad
2032 4434 2082 4493 ι)
2104 4414 2259 4485 longe
2295 4423 2420 4469 ante
2448 4417 2713 4486 pwedixit.

418 4508 755 4572 sublimiora,
786 4514 843 4561 et
867 4504 1318 4561 remunerationis
1337 4505 1385 4559 ei
1409 4504 1628 4573 praemia
1651 4504 1857 4576 largiri,
1885 4520 2004 4573 quae

404 4598 630 4655 meritis
654 4594 771 4665 ejus
808 4595 1142 4651 debebantur
1168 4600 1224 4648 et
1251 4593 1504 4662 operibus
1544 4591 1851 4647 fructuosis.
1900 4593 2005 4647 'l‘a-

418 4697 542 4745 ctus
565 4688 745 4758 itaque
782 4694 868 4743 est
908 4702 972 4742 ea
1011 4685 1256 4740 molestia
1298 4683 1565 4754 corporali
1595 4684 1650 4738 in
1677 4683 1895 4739 sinistro
1926 4683 2003 4738 la-

422 4787 559 4843 tere,
600 4791 762 4846 quam
799 4774 1069 4845 paralysin
1112 4772 1306 4830 medici
1348 4780 1580 4829 vocant:
1620 4780 1677 4828 et
1722 4783 2002 4828 crescente

418 4866 610 4922 eadem
627 4864 871 4919 molestia
884 4871 939 4917 et
963 4864 1369 4934 ingravescente
1382 4877 1482 4932 per
1501 4861 1617 4916 dies
1637 4861 1892 4932 singulos,
1916 4877 2002 4917 se-

419 4952 653 5009 cundum
705 4951 999 5022 Scriptura:
1065 4951 1429 5006 testimonium
1456 4992 1471 5017 ,
1531 4950 1816 5021 flagellavit
1856 4952 1999 5008 Deus

421 5042 590 5099 filium
620 5056 774 5096 suum
797 5040 850 5094 in
879 5041 981 5095 hac
1006 5040 1438 5110 peregrinatione
1466 5038 1651 5113 (Hebr.
1684 5040 1808 5113 xu),
1838 5056 1997 5110 quem

418 5149 452 5189 e
470 5132 647 5188 vicino
673 5138 793 5186 erat
828 5139 1138 5198 recepturus
1166 5130 1234 5184 ad
1262 5131 1489 5200 patriam
1520 5129 1818 5186 caelestium
1846 5147 1997 5186 man-

416 5223 664 5288 sionum;
700 5219 872 5276 tribus
903 5219 1046 5274 enim
1076 5220 1232 5274 anuis
1252 5227 1376 5275 ante
1398 5219 1601 5275 obitum
1627 5236 1805 5285 suum,
1841 5236 1995 5275 arre-

415 5320 541 5385 ptus
560 5318 643 5366 est
665 5309 754 5364 illa
773 5308 1102 5364 infirmitate.
1133 5306 1239 5363 Sed
1270 5315 1389 5363 erat
1414 5307 1638 5379 languor
1668 5308 1808 5373 talis,
1852 5315 1909 5362 ut
1939 5309 1993 5363 in

417 5401 606 5472 primis
631 5400 723 5456 vix
743 5398 1020 5454 ambulare
1041 5403 1245 5469 posset,
1269 5396 1353 5451 vel
1378 5411 1539 5452 manu
1562 5396 1752 5453 deduci
1778 5397 1847 5453 ad
1868 5413 1993 5467 pro-

488 5552 740 5624 eﬁempe
786 5554 968 5624 stirpis
1008 5554 1328 5624 acggeneris
1366 5552 1447 5624 sui
1474 5591 1487 5617 ,
1536 5566 1602 5606 ex
1647 5568 1753 5622 quo
1794 5554 1991 5624 prodiit

420 5621 740 5692 Albricus’in
769 5621 1053 5678 commissa
1079 5621 1498 5690 Trajectensium
1541 5621 1676 5692 cura
1699 5621 1817 5692 post
1849 5623 1985 5677 Gre-

418 5689 627 5761 gorium
675 5706 972 5756 successor,
1010 5701 1064 5747 at
1096 5692 1414 5764 episcopus.
1456 5701 1513 5745 ut
1538 5707 1603 5746 ex
1638 5689 1784 5747 Actis
1813 5694 1984 5751 sancti

2171 4505 2261 4559 22.
2294 4504 2444 4560 Tunc
2486 4507 2770 4562 continuos
2797 4507 2919 4565 illos
2964 4519 3075 4567 tres
3103 4514 3219 4570 dies
3245 4526 3339 4571 aut
3358 4526 3593 4587 quatuor
3615 4517 3665 4573 in

2100 4593 2372 4648 communi
2400 4593 2633 4650 utilitate
2672 4605 2728 4651 et
2763 4598 2930 4654 totius
2970 4598 3187 4658 familia:
3227 4604 3431 4672 saJubri
3459 4608 3664 4679 negotio

2099 4681 2225 4736 dum
2255 4682 2541 4750 ducerent,
2586 4700 2718 4741 sano
2746 4702 2908 4743 sensu
2936 4705 3269 4762 qua-cunque
3295 4694 3663 4752 desiderabant

2099 4773 2328 4830 invicem
2351 4774 2724 4845 conferentes;
2770 4779 2916 4835 venit
2953 4782 3004 4836 ei
3032 4782 3146 4838 dies
3168 4792 3445 4841 extremus
3472 4798 3663 4843 morta-

2099 4862 2266 4919 litatis
2291 4863 2468 4933 hujus,
2517 4864 2585 4920 ad
2624 4866 2925 4937 ingressum
2951 4872 3101 4943 regni
3127 4882 3184 4927 et
3217 4885 3493 4946 perpetuae
3513 4878 3659 4933 saluti

2095 4956 2523 5026 pratdestinatus.
2565 4956 3051 5017 Circumsteterunt
3094 4978 3219 5020 eum
3246 4964 3492 5038 discipuli
3535 4969 3655 5036 ejus,

2096 5047 2460 5105 desiderantes
2490 5051 2667 5106 adhuc
2706 5053 2953 5122 quamvis
2988 5053 3261 5111 inﬁrmum
3306 5058 3522 5114 Patrem
3553 5061 3655 5115 diu-

2097 5141 2202 5194 tius
2227 5156 2407 5195 secum
2437 5141 2658 5208 habere,
2687 5151 2745 5198 et
2770 5144 2837 5198 de
2866 5159 2934 5200 eo
2960 5147 3191 5214 optando
3219 5148 3399 5204 dicere
3432 5154 3499 5205 ad
3527 5151 3650 5205 invi-

2094 5244 2250 5283 cem:
2280 5228 2398 5284 Non
2435 5230 2663 5284 moritur
2699 5231 2883 5298 hodie,
2920 5249 3027 5288 non
3065 5236 3299 5290 moritur
3320 5237 3495 5293 hodie.
3548 5238 3650 5307 Ipse

2094 5335 2243 5384 vero,
2275 5320 2477 5376 viribus
2498 5322 2805 5391 assumptis,
2822 5323 3017 5393 quibus
3040 5324 3234 5380 valuit:
3262 5325 3450 5392 Hedie,
3468 5327 3642 5398 inquit,

2093 5407 2212 5463 volo
2239 5409 2509 5466 licentiam
2535 5410 2752 5467 habere.
2799 5411 2870 5467 Et
2909 5411 2994 5468 his
3035 5414 3214 5482 dictis,
3253 5415 3415 5487 jussit
3449 5434 3507 5474 se
3533 5426 3642 5487 ante

2090 5559 2321 5684 {aggeri
2358 5569 2568 5617 constat
2592 5601 2606 5626 ,
2656 5562 2745 5619 ubi
2770 5561 3017 5620 Albricus
3057 5563 3300 5638 Gregorii
3328 5582 3485 5639 nepos
3522 5563 3645 5621 dici'
