3868 6174
179 414 282 466 76‘.)

778 407 871 459 AD
910 405 965 458 S.
1009 402 1307 460 LUDGl-Ilil
1353 401 1636 456 SCllli’TA
1678 397 2040 452 AI’E‘ENDIX.
2077 427 2146 436 σ-
2193 394 2369 448 ACTA
2415 393 2470 446 S.
2514 391 2836 447 LUDGERI.

3338 387 3442 442 770

175 525 472 578 oratorium
505 519 674 573 sancti
710 516 1007 571 Salvatoris
1050 531 1080 568 a
1125 513 1400 582 discipulis
1430 513 1654 582 portari,
1703 519 1758 563 ct
1787 531 1828 581 Α
1862 507 2143 561 Dominum
2190 505 2428 574 perrexit
2481 517 2504 544 ιι
2534 544 2549 569 ,
2597 503 2680 557 cui
2741 511 2890 557 tanto
2949 511 3186 570 tempore
3235 499 3444 554 sincera

173 615 370 669 ostium
413 609 650 680 aperiri:
711 609 890 676 ibique
935 605 1179 660 oratione
1226 602 1367 657 facta
1417 610 1474 655 et
1520 615 1758 655 commu-

175 705 334 756 nione
375 700 516 754 sacri
563 696 810 765 corporis
840 703 893 748 et
938 693 1215 763 sanguinis
1261 690 1469 745 Domini
1517 696 1757 756 accepta,

1863 606 2040 651 mente
2065 596 2307 658 servivit,
2338 603 2628 664 prmstante
2648 596 2834 645 eodem
2863 592 3088 646 Domino
3113 600 3295 648 nostro
3320 589 3447 644 Jesu

1862 687 2108 746 Christo,
2159 687 2400 754 quicum
2449 683 2607 738 Patre
2654 692 2708 737 et
2754 683 2954 753 Spiritu
2999 694 3185 738 sancto
3231 683 3363 737 vivit
3395 689 3454 736 et

174 791 444 862 aspiciens
486 789 552 841 ad
597 787 788 850 altare,
843 791 1019 838 mente
1048 780 1358 836 ccelestibus
1387 779 1655 839 intentus,
1693 778 1761 830 ad
1862 785 2053 846 regnat
2079 777 2218 830 Deus
2246 791 2343 845 per
2364 775 2542 829 omnia
2574 774 2767 828 smcula
2795 775 3131 829 smculorum.
3163 772 3358 828 Amen.

246 941 270 967 ιι
307 928 466 982 Anno
493 924 698 980 scilicet
721 923 898 977 aetatis
931 924 1001 976 75
1030 924 1176 994 (nam
1206 921 1651 994 septuagenarius
1675 935 1768 990 pa-

176 999 346 1068 ralysi
373 1003 674 1068 correptus,
701 993 1056 1068 tribusannis
1073 1004 1346 1062 superstes
1372 993 1504 1045 vixit
1523 1008 1588 1044 ex
1616 1007 1763 1045 num.

173 1061 284 1136 ἰξυῖ,
319 1061 682 1136 Οιλῐὶδιίήγθῐςο
713 1064 832 1136 ³78⁸1.
859 1061 1153 1136 Siquidem
1179 1079 1377 1136 anitum
1401 1061 1769 1136 quintu_n_1_de-

177 1130 376 1194 ciuium
418 1151 605 1204 agens,
634 1132 907 1204 Bonifacio
928 1130 1203 1204 adbaarcre
1225 1134 1387 1202 cwpit
1418 1148 1559 1204 anno
1587 1130 1689 1184 722
1703 1147 1766 1186 ex

179 1207 381 1263 notatis
406 1202 556 1259 num.
586 1204 641 1256 4.
668 1203 816 1256 Diem
853 1204 1031 1273 signat
1057 1203 1296 1256 Molanus
1330 1202 1770 1273 inAdditionibus

179 1279 244 1332 ad
283 1277 592 1332 Usuardum
641 1271 1004 1343 vmpKalend.
1057 1273 1331 1343 Septemb.
1380 1273 1436 1326 In
1475 1271 1770 1343 Annalibus

180 1345 603 1424 heodicensihns
621 1360 650 1397 a
667 1342 932 1424 Willelmo
949 1342 1558 1424 ll_cdii_citatis‘sepultus
1571 1342 1770 1422 dicitur

181 1417 477 1482 Gregorius
500 1430 621 1468 cum
657 1422 829 1468 matre
851 1421 1035 1467 sancta
1063 1412 1346 1466 Wastrade
1382 1405 1435 1466 in
1465 1411 1770 1465 Susterensi
1805 1405 1850 1460 Β

195 1561 546 1573 -W
559 1561 1014 1570 ηοω-σ’-

1015 1558 1396 1567 .__._.——-—

1869 921 2118 976 coenobio
2146 921 2404 976 nobilium
2442 920 2714 988 virginum
2759 912 3227 988 Benedictinarnm
3253 911 3452 988 dicace-

1870 993 1947 1046 sis
1969 992 2335 1047 Leodicensis.
2379 979 2662 1059 Repugnat
2687 986 2920 1059 Joannes
2951 983 3015 1059 de
3037 982 3183 1059 [Belia
3213 981 3268 1033 in
3293 979 3454 1059 Albe-

1872 1065 2004 1127 rico,
2028 1078 2191 1132 quem
2221 1062 2275 1132 in
2303 1061 2417 1132 (ede
2444 1050 2598 1132 sacra
2713 1052 3008 1132 Salvator-is
3030 1050 3175 1132 (quat.
3201 1061 3308 1102 tum
3338 1050 3452 1130 pri-

1871 1119 2191 1188 maria-erat
2222 1130 2453 1199 Trajecti
2481 1128 2706 1199 ecclesia
2730 1119 3091 1199 __e'x_dictis_in
3116 1119 3458 1199 Observatio-

1872 1186 2114 1258 nibusad
2143 1186 2399 1258 Vitam-8.
2428 1195 2782 1266 Willibrordi)
2806 1192 3065 1266 Gregqrio
3085 1186 3454 1266 consepultum

1871 1272 2037 1328 fuisse
2064 1273 2317 1326 allirmat.
2357 1269 2500 1324 Sane
2529 1269 2582 1321 in
2605 1260 2844 1322 oratorio
2873 1260 2937 1316 SI
2963 1260 3256 1316 Salvatoris
3281 1272 3458 1312 extre-

1873 1359 2020 1398 mum
2046 1341 2296 1412 spiritum
2323 1339 2623 1394 reddidisse
2643 1335 2955 1407 perhibetur
2981 1345 3162 1399 supra.

1677 1536 3434 1562 Μ

1413 1689 2280 1796 APPENDIX.

447 2006 864 2137 ACTA
929 2005 1226 2134 SEU
1318 1996 1716 2134 VITA
1840 1993 2412 2126 SANCTI
2507 1988 3207 2119 LUDGERI

856 2217 1232 2282 AUCTORE
1275 2211 1684 2300 ALTFRIDO
1719 2208 2105 2274 EPISCOPO
2146 2201 2817 2271 MONASTERIENSI.

1251 2419 1420 2484 (Apud
1442 2418 1687 2479 Leibuitz,
1711 2417 1898 2478 Script.
1921 2427 2090 2465 rerum
2116 2411 2416 2472 Brunswic.)

633 2652 888 2714 INDEX
942 2648 1323 2712 CAPITUM.

248 2798 331 2849 De
356 2791 992 2860 persecutioneAVursingi.

248 2860 331 2909 De
358 2854 658 2919 expulsione
684 2854 809 2919 ejus.

248 2910 508 2980 Quomodo
536 2910 730 2980 ttadbod
755 2915 959 2965 tentavit
981 2923 1216 2964 revocare
1241 2910 1394 2962 illum.

251 2979 330 3033 De
354 2985 496 3030 obitu
524 2979 732 3040 Pippiui.

250 3046 331 3094 De
353 3045 491 3091 obitu
523 3043 611 3088 Vni
624 3041 768 3099 singi.

254 3107 331 3156 De
355 3108 476 3153 uatit
491 3106 611 3152 itate
636 3101 920 3157 Liallutrge.

254 3165 514 3226 Quomodo
536 3161 895 3226 Liafburgede
922 3159 1142 3226 periculo
1161 3159 1332 3208 mortis
1351 3160 1523 3219 erepta
1549 3162 1632 3206 snt.

254 3223 332 3278 De
355 3228 613 3274 nativitale
640 3225 690 3273 S.
717 3223 952 3283 Ludgeri.

258 3292 333 3338 De
357 3290 597 3336 intlnstt’ia
624 3285 748 3344 ejus.

235 3337 334 3401 'De
363 3351 578 3397 adventu
605 3337 868 3406 AIuberli,
915 3348 968 3394 et
1011 3343 1222 3406 qualiter
1251 3354 1346 3390 una
1394 3354 1505 3390 cum
1553 3337 1790 3401 Ludgero

197 3423 334 3465 trans
366 3423 505 3459 mare
532 3411 699 3457 rediit.

259 3473 517 3530 Quomodo
544 3472 723 3520 iterum
749 3469 800 3517 S.
825 3465 1084 3527 Ludgerus
1104 3465 1440 3530 transmarina
1465 3465 1630 3526 petiit.

261 3527 518 3595 Quomodo
543 3532 596 3580 S.
627 3533 882 3595 Ludggrus
905 3529 1196 3595 adpatriam
1222 3527 1382 3575 rediit.

263 3588 338 3647 f)».
360 3597 576 3642 adventu
603 3595 655 3642 8.
686 3588 943 3639 ιῆιὶἰιγὶηἱ.
974 3588 980 3593 ’

265 3661 341 3709 De
373 3659 512 3703 obitu
540 3655 590 3703 S.
619 3653 872 3701 Lial'ttvini.

267 3705 521 3780 ὂᾶοηιοιιο
545 3717 596 3764 S.
626 3715 881 3780 Ludgerus
905 3714 950 3760 in
977 3711 1154 3780 fresia.
1169 3705 1295 3780 idola
1315 3706 1578 3756 destruxit.

267 3769 340 3831 De
362 3779 680 3826 ordinatione
702 3775 881 3824 Albrici
903 3782 952 3821 et
975 3775 1026 3822 S.
1052 3769 1289 3831 Ludgeri.

265 3825 490 3903 auaiiier
546 3839 600 3887 S.
651 3838 878 3898 Ludgero
924 3825 1258 3896 gubernacula
1318 3828 1534 3890 plebium
1572 3825 1792 3874 revelata

203 3910 318 3957 siut.
935 3954 1010 3957 __
1092 3954 1100 3957 _
1175 3953 1186 3957 _
1270 3904 1278 3914 ’

267 3953 422 4025 ὑὶιεὶὶ*
434 3976 494 4012 er
507 3962 566 4025 _S.
589 3960 904 4025 Ludgernsiu
920 3954 1132 4025 _Ell‘_resia
1157 3953 1425 4025 docuisset.

267 4005 784 4084 viiga;'i3sé§n°ad
822 4021 875 4070 S.
918 4018 1100 4066 Lud....
1151 4016 1366 4078 (ϐωτιπή
1422 4005 1570 4072 huius
1609 4005 1796 4058 inditis

208 4090 421 4148 denunt.)

617 4292 986 4353 PROLOGUS
1022 4289 1391 4348 AUCTORIS.

1887 2643 2088 2698 torium
2116 2642 2171 2695 in
2201 2636 2466 2708 exemplis
2493 2636 2732 2689 Patrum.
2751 2628 3010 2699 Exempla
3033 2627 3200 2684 etiam
3236 2634 3292 2682 et
3322 2636 3479 2682 actus

1887 2732 2060 2788 sancti
2102 2729 2336 2800 Ludgeri
2394 2727 2516 2782 ideo
2557 2725 2715 2796 plene
2753 2718 3219 2790 comprehendere
3247 2733 3476 2786 nequeo,

1887 2825 2011 2896 quia
2045 2839 2150 2877 non
2177 2839 2238 2875 ea
2262 2821 2397 2884 risu,
2427 2816 2517 2872 sed
2542 2815 2728 2870 auditu
2749 2813 2934 2876 didici,
2959 2811 3069 2865 illis
3091 2808 3481 2870 ottestantibus,

1889 2915 1978 2984 qui
2006 2913 2071 2966 ab
2100 2911 2328 2980 infantia
2373 2907 2524 2962 illum
2578 2913 2872 2960 noverant.
2912 2901 3234 2972 llildigrimo
3285 2899 3484 2954 scilicet

1890 3005 2130 3074 episcopo
2172 3001 2339 3071 fratre,
2364 3000 2498 3069 ejus,
2523 3007 2570 3052 et
2599 2994 2844 3066 Gerfrido
2869 2995 3107 3064 episcopo
3137 3001 3319 3064 nepote
3343 2997 3483 3063 ejus,

1814 3105 1860 3165 (ζ
1890 3094 1980 3148 sed
2008 3102 2056 3147 et
2089 3087 2481 3146 sanctimoniali
2522 3087 2719 3156 femina
2757 3083 3036 3154 Herburga
3067 3098 3319 3152 germana
3344 3080 3483 3152 ejus,

1891 3201 1993 3241 nec
2022 3199 2130 3238 non
2158 3191 2212 3237 et
2235 3180 2638 3236 venerabilibus
2671 3177 2788 3245 ejus
2825 3175 3157 3246 presbyteris
3181 3174 3443 3227 Aluberto
3468 3213 3490 3235 ,

1892 3280 2094 3347 Atingo
2124 3284 2179 3330 et
2208 3270 2550 3329 Thiatbaldo.
2579 3269 2886 3330 Virtutibus
2915 3267 3087 3336 igitur
3115 3263 3298 3318 multis
3323 3272 3487 3330 atque

1892 3372 2088 3442 signis,
2118 3383 2239 3439 qua:
2261 3382 2360 3437 per
2381 3364 2528 3418 illum
2555 3361 2831 3416 Dominus?
2845 3366 3102 3428 operatus
3132 3365 3236 3410 est.
3263 3369 3362 3424 per
3389 3367 3487 3406 ne-

1892 3463 2205 3536 gligentiam
2232 3454 2634 3530 praetermissis,
2663 3467 2726 3508 ea
2763 3451 2876 3506 sola
2901 3451 3028 3504 huic
3048 3448 3230 3503 libello
3257 3444 3480 3500 inscribi

1892 3555 1995 3610 feci
2022 3593 2039 3620 ,
2085 3566 2207 3621 quae
2234 3563 2341 3605 una
2366 3547 2646 3602 vobiscum
2690 3551 2784 3598 aut
2809 3542 2931 3597 visu
2961 3539 3293 3612 deprehendi
3320 3576 3338 3606 ,
3389 3545 3487 3590 aut

1891 3646 2036 3702 facta
2068 3650 2218 3699 certe
2245 3638 2494 3711 cognovi.
3269 3647 3275 3654 -

2315 3785 2715 3866 INCIPIT
2772 3782 3049 3861 VITA.

1965 3945 2020 3998 ‘3.
2059 3945 2237 4000 Vitam
2276 3941 2449 3997 sancti
2491 3938 2729 4010 Ludgeri
2759 3937 3082 4005 scripturus,
3132 3941 3310 3988 ratum
3360 3930 3491 3984 duxi

1897 4035 2060 4089 altius
2089 4031 2432 4102 repetendam
2453 4071 2467 4096 ,
2503 4037 2564 4083 ut
2591 4029 2788 4098 quibus
2838 4026 2891 4078 in
2936 4024 3039 4078 hoc
3068 4021 3263 4076 smculo
3288 4020 3359 4074 sit
3383 4034 3484 4088 pa-

1898 4127 2146 4181 rentibus
2193 4124 2405 4186 editus,
2440 4121 2704 4177 evolvam.
2756 4117 2882 4171 Fuit
2928 4116 2982 4169 in
3012 4114 3201 4168 diebus
3244 4110 3490 4165 Radbodi

1900 4217 2046 4286 regis
2069 4213 2401 4268 Frcdsonum
2425 4212 2508 4265 vir
2530 4210 2748 4278 quidam
2777 4205 2975 4259 nobilis
3005 4203 3055 4256 in
3085 4217 3148 4257 ea
3168 4209 3327 4271 gente
3359 4200 3495 4253 Vur—

1902 4307 2090 4376 singus
2133 4303 2351 4357 nomine
2374 4341 2389 4367 ,
2441 4305 2799 4369 cognomento
2829 4293 2978 4358 Ado;
3013 4291 3107 4361 qui
3145 4289 3394 4359 quamvis
3426 4287 3492 4340 li-

284 4430 336 4484 l.
365 4425 634 4484 ‘Altl'ridus
661 4424 758 4479 Dei
785 4421 959 4494 gratia
1001 4420 1285 4490 episcopus
1307 4417 1518 4473 dilectis
1541 4394 1793 4469 fra‘tribus.

1902 4395 2027 4450 dem
2077 4401 2278 4448 sanctae
2306 4389 2590 4445 Trinitatis
2620 4385 2856 4441 nondum
2886 4382 3090 4448 sciret,
3144 4387 3262 4435 erat
3313 4387 3496 4433 tamen

1959 4484 1991 4494 ..
2044 4493 2049 4494 ,
2512 4481 2527 4494 1
2568 4478 2591 4494 ρ
2666 4491 2749 4494 κ-..
2778 4487 3151 4494 ,ᾼΔ-----..--..Α
3209 4471 3258 4494 ε..
3291 4469 3493 4494 ε...ιε,.ε,.

213 4529 268 4576 et
314 4517 599 4575 monachis
643 4516 697 4570 in
746 4469 994 4570 egenobio
1122 4469 1422 4565 SaIvatoris
1451 4515 1506 4562 et
1534 4504 1592 4560 S.
1622 4503 1804 4558 Patris
1837 4479 1884 4538 θ
1909 4484 2123 4554 adimo“
2147 4495 2465 4576 Ρδυρθτυξην
2497 4478 2751 4533 defensor
2771 4487 3178 4576 ggpressorum.
3209 4471 3261 4525 in
3285 4469 3496 4572 ἱξιάίείο

213 4611 448 4682 Ludgeri
479 4609 708 4682 Domino
736 4604 1093 4661 servientibus
1120 4601 1172 4655 in
1195 4601 1430 4655 Christo.

285 4697 544 4754 Petitioni
570 4679 764 4749 vestra:
787 4694 986 4747 idcirco
1027 4703 1353 4746 consensum
1392 4685 1597 4757 prtebui
1627 4726 1640 4749 ,
1681 4684 1806 4753 quia

217 4789 474 4847 charitati
496 4796 692 4843 vestra:
708 4785 838 4840 nihil
854 4785 1117 4853 denegare
1129 4780 1300 4850 potui.
1313 4777 1633 4833 Postulastis
1647 4776 1811 4844 igitur

217 4881 430 4937 crebris
475 4877 762 4950 precibus,
811 4883 872 4929 ut
917 4874 981 4928 de
1009 4873 1132 4927 Vita
1162 4872 1220 4925 S.
1248 4868 1429 4923 Patris
1458 4865 1690 4935 Lux'geri
1716 4864 1811 4917 ali-

218 4973 347 5042 quid
387 4971 630 5025 scribere
659 4967 930 5024 studerem
959 5007 974 5030 ,
1022 4972 1291 5034 quatenus
1343 4969 1455 5014 tam
1502 4956 1807 5011 veneranda

221 5063 367 5117 illius
401 5058 651 5128 exempla
694 5057 877 5111 multis
920 5056 986 5110 ad
1018 5053 1428 5110 mdiﬁcationem
1462 5047 1808 5118 proficerent.

222 5154 303 5207 Ad
327 5153 475 5222 quod
499 5152 798 5206 studiosum
827 5163 961 5217 opus
1005 5147 1367 5216 peragendum
1395 5183 1408 5208 ,
1437 5141 1686 5211 quamvis
1712 5140 1813 5192 im-

224 5260 410 5315 parem
445 5258 529 5297 me
566 5258 710 5307 esse,
737 5249 791 5296 et
816 5241 1041 5296 scientia
1070 5247 1124 5293 et
1149 5238 1392 5292 doctrina
1432 5235 1661 5290 debilem
1703 5233 1814 5286 sci-

227 5353 339 5392 rem
367 5377 382 5400 ,
434 5346 611 5389 tamen
664 5333 929 5387 charitate
958 5339 1181 5401 cogente
1214 5338 1279 5382 an
1310 5327 1441 5381 illud
1470 5324 1814 5380 scribendum

229 5429 470 5482 animum
501 5425 705 5496 appuli,
733 5423 857 5494 quia
889 5421 1043 5476 nefas
1071 5420 1326 5490 putabam
1358 5415 1490 5471 tanti
1519 5415 1620 5470 viri
1647 5414 1816 5468 latere

231 5520 480 5573 virtutes.
513 5516 648 5570 Cum
683 5514 826 5569 beati
856 5511 1100 5582 Gregorii
1138 5512 1205 5564 ad
1237 5509 1635 5578 indagationem
1675 5504 1816 5558 sacri

231 5607 385 5662 verbi
434 5621 601 5660 sonus
642 5604 787 5659 dicat
818 5621 830 5656 :
872 5601 1008 5657 Sunt
1034 5599 1292 5661 nonnulli,
1323 5613 1458 5667 quos
1481 5597 1547 5650 ad
1577 5608 1816 5648 amorem

231 5698 470 5753 (scelestis
496 5696 686 5766 patria:
717 5694 840 5764 plus
890 5691 1136 5761 exempla
1182 5705 1342 5758 quam
1402 5686 1817 5756 praedicamenta

238 5791 548 5846 incendunt.
583 5786 672 5840 Fit
705 5801 834 5841 vero
879 5784 1192 5854 plerumque
1229 5780 1408 5833 animo
1449 5776 1640 5844 duplex
1671 5772 1820 5842 adju—

1907 4593 2122 4650 quoque
2145 4575 2345 4644 justus.
2375 4573 2442 4628 Et
2470 4572 2595 4642 quia
2621 4584 2751 4639 gens
2781 4567 2870 4622 illa
2907 4580 2973 4622 eo
3021 4573 3263 4632 tempore
3310 4561 3363 4616 in
3405 4573 3496 4614 er-

1909 4648 2033 4726 rore
2065 4666 2398 4722 infidelitatis
2427 4671 2544 4718 erat
2570 4669 2860 4723 excmcata,
2904 4656 3061 4712 multi
3096 4653 3268 4708 multa
3298 4648 3497 4718 injusta

1911 4777 1940 4814 a
1966 4774 2092 4829 rege
2115 4757 2258 4811 etab
2281 4753 2396 4822 ejus
2434 4749 2697 4807 ministris
2734 4755 2858 4802 sunt
2878 4745 3143 4817 perpessi.
3173 4741 3323 4796 Alios
3351 4741 3500 4794 enim

1911 4867 2008 4906 rex
2035 4850 2175 4904 idem
2202 4843 2505 4901 insidiando
2530 4845 2842 4902 necaverat,
2857 4846 2912 4891 et
2935 4833 3285 4890 hzereditates
3307 4844 3501 4885 eorum

1910 4941 2267 5014 possidebat,
2319 4944 2373 4991 et
2416 4933 2767 4989 nihilominus
2794 4928 2898 4986 sibi
2939 4926 3286 4983 haereditates
3313 4937 3502 4978 eorum

1911 5033 2241 5088 vindicabat.
2284 5027 2390 5081 Sed
2416 5025 2499 5080 vir
2519 5023 2772 5095 praefatus
2794 5036 2852 5076 se
2879 5019 3102 5073 minime
3136 5014 3461 5071 subtrahens
3483 5050 3499 5076 ,

1913 5125 2203 5196 quominus
2231 5121 2514 5174 veritatem
2544 5129 2725 5171 coram
2765 5128 2892 5179 rege
2921 5119 2977 5166 et
3016 5109 3132 5180 ejus
3167 5103 3503 5177 principibus

1915 5193 2251 5279 defenderet,
2277 5211 2476 5266 nullius
2507 5221 2796 5280 personam
2824 5205 2878 5260 in
2899 5198 3192 5272 judicando
3227 5193 3375 5263 juste
3399 5231 3415 5257 ,
3447 5199 3503 5245 et

1917 5307 2291 5379 amplectenth
2335 5304 2622 5358 veritatem
2660 5299 3003 5369 respiciebat.
3034 5291 3146 5358 Qua
3179 5288 3244 5342 de
3281 5300 3340 5339 re
3373 5299 3504 5339 con-

1917 5376 2062 5474 tigit,
2085 5411 2144 5455 ut
2165 5414 2392 5469 magnas
2417 5413 2447 5451 a
2477 5409 2602 5465 rege
2625 5390 2828 5447 crudeli
2855 5385 3079 5440 insidias
3101 5384 3402 5471 pateretur,
3428 5376 3501 5428 ita

1917 5462 1993 5552 ll:
2023 5462 2441 5564 juberet'illum
2490 5462 2682 5544 callide
2710 5479 2961 5543 interﬁci,
2985 5484 3041 5531 et
3066 5462 3350 5527 facultates
3377 5482 3507 5523 suas

1920 5591 2054 5646 tolli.
2088 5587 2242 5655 Quod
2286 5584 2480 5640 letbale
2508 5579 2788 5637 consilium
2838 5572 2912 5626 illi
2949 5568 3205 5624 continuo
3251 5575 3394 5617 unus
3439 5573 3502 5613 ex

1920 5678 2245 5737 consiliariis
2288 5675 2430 5744 regis
2466 5671 2714 5726 nuntiare
2757 5662 3000 5727 curavit,
3043 5675 3108 5716 eo
3151 5657 3295 5728 quod
3321 5669 3352 5710 a
3393 5650 3509 5727 plu—

1923 5775 2073 5828 ribus
2101 5771 2449 5838 diligeretur.
