3878 6172
343 294 442 346 7η

1346 282 1424 339 AD
1464 284 1521 339 S.
1565 281 1861 339 LUDGERI
1902 278 2184 334 SCRiP'M
2227 276 2590 333 APPENDIX.

3490 268 3601 323 772

409 405 464 458 5.
496 398 957 467 Tuchursingns
977 410 1084 449 una
1104 409 1227 450 cum
1247 392 1471 463 conjuge
1490 408 1585 447 sua
1612 389 1911 459 Adalgarda
1941 404 1990 460 Α
2016 388 2144 440 mini
2175 386 2424 455 conjugio
2470 384 2730 454 copulata:
2766 389 2909 443 sunt,
2940 381 3152 434 vivente
3186 386 3358 448 patre,
3384 378 3604 433 habuit-

338 501 394 548 et
441 492 549 546 ﬁlio
591 504 715 551 uno,
746 502 905 557 quem
955 486 1207 549 habebat,
1238 483 1554 553 Nothgrimo
1602 481 1836 542 nomine,
1864 486 1917 531 et

340 600 461 639 cum
491 580 675 652 paucis
701 577 1006 633 domesticis
1036 576 1148 630 suis
1170 576 1379 630 occulte
1407 574 1616 645 fugiens
1638 574 1704 626 ad
1727 572 1916 625 ducem

340 674 689 734 Francorum,
721 669 936 722 nomine
964 666 1299 722 Grimoldum
1329 679 1352 706 ιι
1380 665 1642 734 pervenit.
1688 661 1789 729 Qui
1827 661 1918 713 beo

339 765 499 834 nigne
527 763 594 814 ab
625 760 811 814 eodem
843 758 975 812 duce
994 764 1298 824 susceptus,
1325 755 1588 807 habitavit
1616 753 1666 805 in
1700 750 1918 819 regione

319 838 675 906 Francorum
706 856 762 903 et
788 848 1027 901 imbutus
1063 845 1163 901 ﬁde
1204 845 1468 899 catholica
1512 841 1760 911 baptismi
1792 856 1919 894 con-

339 950 559 996 secutus
584 945 669 993 est
694 937 944 1007 gratiam,
973 950 1079 989 una
1109 949 1231 989 cum
1257 931 1481 1002 conjuge
1511 947 1607 986 sua
1637 940 1695 985 et
1722 929 1832 982 ﬁlio
1858 943 1921 982 ac

339 1033 500 1087 domo
524 1030 749 1099 reliqua.
773 1027 903 1082 Post
923 1025 1131 1096 praefati
1162 1040 1289 1080 vero
1316 1026 1466 1079 ducis
1489 1023 1694 1077 obitum
1726 1021 1920 1091 singuli

339 1125 510 1180 duces
550 1122 882 1177 Francorum
921 1117 1282 1173 venerabilem
1319 1116 1644 1185 V’ursingum
1688 1114 1921 1166 honora-

341 1222 457 1266 tum
498 1210 772 1267 beneﬁciis
799 1209 1139 1263 retinuerunt
1167 1221 1381 1269 secum;
1403 1220 1543 1259 uxor.
1565 1220 1693 1258 vero
1721 1202 1839 1270 eius
1868 1203 1922 1256 in

341 1303 769 1371 peregrinatione
791 1300 905 1369 ejus
927 1301 1154 1353 alterum
1181 1298 1281 1352 sibi
1304 1297 1495 1366 genuit
1515 1295 1681 1349 ﬁlium
1706 1294 1925 1348 nomine

342 1393 755 1463 Thiatgrimum,
787 1400 841 1445 et
886 1390 1022 1444 ﬁlias
1065 1404 1280 1452 novem,
1323 1395 1378 1441 ct
1426 1388 1675 1441 defuncta
1708 1385 1842 1439 obiit
1871 1384 1924 1436 in

343 1500 505 1553 pace,
535 1499 634 1539 nec
665 1499 769 1537 non
798 1490 850 1537 et
879 1498 973 1537 sex
1003 1482 1123 1535 ﬁliae
1154 1481 1268 1549 ejus
1298 1480 1350 1533 in
1379 1479 1687 1548 virginitate
1716 1476 1926 1530 subtra-

345 1584 445 1629 ctae
471 1581 616 1628 sunt.
641 1573 803 1626 Pater
835 1573 996 1643 igitur
1018 1570 1155 1623 ﬁlios
1176 1570 1310 1623 duos
1338 1583 1460 1621 cum
1490 1567 1704 1632 ﬁliabus,
1733 1566 1929 1633 tribus,

2019 495 2122 547 que
2148 479 2432 547 progenies
2464 477 2550 529 illa
2582 490 2828 546 magnam
2878 472 3296 526 familiaritatem
3329 486 3451 524 cum
3477 487 3605 525 san-

2018 583 2104 627 cto
2136 573 2500 633 Willibrordo,
2536 587 2634 625 nec
2681 587 2784 624 non
2830 579 2882 623 ct
2912 585 3033 623 eum
3083 578 3271 621 sancto
3301 565 3605 630 Bonifacio,

2019 663 2109 730 qui
2138 671 2255 730 post
2287 678 2408 716 cum
2453 661 2694 730 partibus
2745 659 2849 729 illis
2892 659 3079 712 doctor
3124 672 3347 711 serenus
3395 657 3599 720 illuxit,

2019 752 2365 819 quoadusque
2392 766 2488 818 pro
2518 750 2620 803 ﬁde
2644 748 2845 803 Christi
2873 748 3128 816 martyrio
3152 755 3457 809 coronatus,
3486 748 3602 815 spi-

2022 843 2183 896 ritum
2209 842 2441 895 reddidit
2483 841 2535 893 in
2562 855 2720 909 pago,
2749 838 2835 893 cui
2864 854 3055 892 nomen
3086 838 3344 892 Astrache
3362 878 3377 900 ,
3404 837 3460 890 in
3489 838 3614 891 loco

2021 934 2111 1002 qui
2138 934 2400 1004 Doccinga
2428 943 2671 997 vocatur,
2703 932 2842 987 sicut
2867 942 2922 986 et
2957 932 3021 985 de
3042 930 3131 983 illo
3161 931 3359 998 scripta
3385 937 3605 983 testari-

2025 1034 2135 1081 tur.

2036 1186 2045 1195 ,
2092 1119 2223 1173 Post
2249 1119 2454 1173 obitum
2480 1131 2609 1171 vero
2652 1116 2822 1185 patris
2864 1116 3232 1186 Thiatgrimus
3263 1113 3399 1169 ﬁlius
3428 1112 3619 1182 junior

2023 1211 2301 1262 memorati
2333 1208 2581 1277 Vnrsingi
2608 1207 2760 1260 duxit
2788 1221 3031 1269 uxorem,
3063 1206 3280 1259 nomine
3316 1203 3618 1258 Liafburch

2027 1298 2364 1369 (llafburch),
2394 1298 2558 1351 ﬁliam
2583 1298 2858 1367 cujusdau
2893 1296 3153 1350 Nothradi
3180 1306 3234 1350 et
3259 1294 3614 1365 Adelburgte;

2026 1407 2145 1458 qua:
2170 1391 2418 1443 videlicet
2446 1389 2750 1443 Adelburch
2775 1387 2981 1458 pridem
3010 1388 3144 1441 duos
3168 1402 3295 1441 suos
3321 1401 3619 1457 germanos

2030 1485 2224 1538 fratres
2255 1490 2442 1538 sancto
2486 1483 2957 1537 commendaverat
2996 1480 3379 1542 Willibrordo,
3412 1479 3479 1532 de
3507 1492 3620 1546 quo

2030 1576 2277 1644 superius
2307 1575 2558 1634 diximus,
2587 1572 2814 1626 Domino
2845 1571 3188 1633 nutriendos;
3222 1584 3455 1638 quorum
3502 1584 3627 1621 ma—

344 1682 466 1736 qum
498 1672 893 1724 remanserant,
919 1678 1040 1717 Cum
1065 1661 1256 1715 timore
1280 1658 1489 1713 Domini
1520 1658 1786 1721 nutriens,
1816 1672 1937 1715 ser-
2024 1664 2114 1733 jor
2158 1662 2466 1726 Wuliihrat,
2500 1662 2678 1715 minor
2720 1669 2899 1715 autem
2941 1660 3240 1729 Tliyatbrat
3279 1658 3582 1711 vocabatur
3602 1674 3619 1707 :

346 1757 490 1811 vavit
519 1755 820 1810 castitatem
853 1767 1006 1807 suam
1042 1752 1306 1819 reliquum
1336 1757 1547 1818 tempus
1571 1749 1696 1802 vitae
1722 1762 1852 1803 sua).

415 1848 469 1901 4.
511 1846 606 1901 His
648 1846 721 1899 ita
770 1844 957 1915 gestis,
991 1858 1084 1895 rex
1134 1840 1425 1895 Radbodus
1472 1838 1736 1892 inﬁrmari
1767 1837 1931 1906 cmpit

353 1939 686 1999 inﬁrmitate,
718 1951 821 2005 qua
851 1943 906 1990 et
932 1940 1318 1997 mortuus-esti,
1347 1939 1401 1985 et
1432 1930 1714 1992 semannis
1756 1928 1943 1983 eontiJ

347 2009 625 2085 nuisante
663 2028 802 2081 diem
858 2026 1048 2080 mortis
1097 2039 1207 2079 sum
1260 2023 1537 2092 paulatim"
1565 2022 1729 2075 traxit
1770 2020 1953 2074 dolo——

350 2135 463 2174 rem
491 2160 507 2181 ,
567 2118 837 2186 coepitque
909 2130 1134 2183 regnum
1200 2115 1318 2185 ejus
1381 2113 1675 2176 deﬁcere,
1709 2126 1937 2183 regnum

354 2227 570 2282 quoque
641 2210 973 2264 Francorum
1044 2205 1437 2276 augmentando
1490 2203 1773 2273 proﬁcere.
1853 2201 1939 2257 ln-

351 2305 600 2356 ﬁrmatus
643 2309 824 2353 autem
872 2298 1020 2352 misit
1068 2297 1137 2350 ad
1178 2297 1352 2349 virum
1396 2301 1753 2349 memoratum
1802 2294 1941 2369 Yor-

352 2393 588 2463 singum,
612 2390 892 2459 postulans
921 2396 980 2442 ut
1004 2388 1071 2441 ad
1102 2402 1162 2442 se
1191 2386 1390 2441 rediret
1427 2392 1741 2454 recepturus
1763 2385 1937 2439 luere—

352 2481 576 2534 ditatem
624 2494 796 2541 suam,
830 2468 1047 2547 insuper
1075 2484 1129 2529 et
1156 2476 1260 2529 alia
1305 2474 1469 2528 multa
1508 2488 1567 2527 se
1611 2473 1862 2527 daturum
1888 2473 1939 2527 ei

353 2569 663 2640 spopondit,
693 2569 739 2625 si
768 2584 956 2638 pacem
988 2583 1179 2623 secum
1201 2573 1385 2622 tenere
1413 2566 1691 2623 voluisset.
1723 2566 1830 2621 Sed
1858 2564 1953 2619 vir:

353 2661 655 2718 catholicus
674 2660 925 2730 precibus
942 2658 1061 2727 ejus
1079 2674 1189 2713 non
1210 2657 1499 2728 acquievit.
1531 2658 1735 2712 lterum
1760 2663 1955 2711 autem.

357 2750 647 2806 Radbodus
691 2749 840 2804 misit
863 2748 1079 2804 adeum
1104 2747 1384 2817 postulans
1406 2785 1422 2811 ,
1454 2753 1514 2801 ut
1543 2746 1587 2801 si
1618 2746 1731 2815 ipse
1754 2744 1957 2799 venire.

357 2837 638 2899 noluisset,
684 2837 877 2892 saltem
907 2836 1077 2893 ﬁlium
1123 2850 1278 2890 suum
1309 2836 1377 2891 ad
1401 2847 1459 2891 se
1486 2835 1747 2899 mitteret,
1777 2840 1834 2888 et
1856 2831 1942 2900 ju-

356 2927 502 2983 ravit
521 2943 579 2983 se
603 2928 654 2982 ci
682 2928 932 2983 daturum
973 2926 1236 2997 quidquid
1261 2925 1362 2980 sibi
1390 2925 1729 3000 promiserat.
1775 2923 1943 2992 lgitur

364 3019 661 3088 Vursingus
686 3018 938 3086 precibus
966 3017 1144 3073 victus
1169 3016 1316 3071 misit
1339 3016 1407 3071 ad
1432 3030 1558 3069 eum
1588 3014 1758 3068 ﬁlium
1784 3028 1942 3068 suum

357 3108 650 3179 iuniorem,
676 3123 838 3177 quem
870 3108 958 3163 ille
982 3107 1211 3176 benigne
1240 3106 1541 3176 suscipiens
1566 3104 1695 3159 fecit
1727 3106 1947 3163 honori-
1972 3094 2016 3159 C

364 3202 465 3256 tice
507 3199 752 3255 habitare
781 3212 989 3262 secum,
1018 3205 1075 3252 et
1099 3196 1338 3253 restituit
1369 3196 1420 3251 ei
1447 3196 1817 3251 haereditatem
1845 3209 1945 3263 pa-

364 3292 484 3347 tris.
512 3291 630 3360 Ipse
672 3297 854 3344 tamen
883 3296 1039 3357 pater
1079 3302 1201 3342 eum
1244 3286 1457 3343 seniore
1499 3285 1607 3340 ﬁlio
1637 3295 1695 3339 et
1736 3285 1961 3341 ﬁliabus.

363 3382 628 3439 habitavit
663 3382 717 3436 in
763 3379 987 3451 regione
1031 3378 1362 3441 Francorum
1407 3393 1577 3447 usque
1627 3378 1695 3437 ad
1739 3377 1959 3437 obitum,

367 3472 511 3542 regis
541 3472 592 3525 δ.
618 3510 631 3523 .
665 3508 683 3525 .

435 3562 673 3632 Contigit
717 3569 898 3614 autem
944 3560 1232 3629 Pippinum
1276 3560 1470 3615 ducem
1511 3558 1844 3614 Francorum
1883 3559 1951 3613 de

365 3656 473 3709 hac
500 3653 620 3708 luce
646 3652 938 3723 migrasse,
966 3660 1020 3704 et
1052 3650 1219 3704 ﬁlium
1245 3649 1361 3718 ejus
1390 3651 1642 3705 Carolum
1669 3665 1833 3720 regno
1856 3664 1949 3718 po-

366 3744 457 3799 tiri
482 3744 673 3814 patris,
705 3743 796 3813 qui
842 3741 1039 3796 multas
1064 3750 1251 3812 gentes
1277 3742 1511 3810 sceptris
1552 3742 1749 3812 adjecit
1778 3742 1951 3797 Fran-

366 3849 577 3899 corum,
605 3835 747 3887 inter
773 3820 906 3902 qu‘as
945 3833 1108 3887 etiam
1154 3849 1276 3887 cum
1320 3833 1575 3902 triumphi
1608 3833 1776 3904 gloria
1821 3833 1952 3888 Fre-

371 3924 528 3989 siam,
560 3922 830 3979 exstincto
868 3922 1147 3986 Radbodo,
1178 3930 1404 3991 paterno
1442 3922 1589 3978 addit
1620 3923 1866 3994 imperio,
1898 3924 1953 3978 in

367 4030 476 4085 qua
499 4022 627 4068 tunc
647 4020 804 4082 gente
829 4021 1047 4068 sanctus
1070 4012 1448 4067 Willihrordns
1470 4013 1683 4081 positus
1711 4022 1793 4068 est
1817 4029 1955 4082 pra:-

372 4106 601 4169 dicator,
626 4104 887 4173 sedesque
914 4102 1233 4173 episcopalis
1258 4102 1310 4156 in
1343 4102 1590 4175 Trajecto
1616 4104 1836 4158 castello
1866 4104 1987 4163 de--

371 4198 547 4266 legata
586 4202 687 4259 est,
718 4195 858 4250 sicut
887 4194 942 4248 in
968 4194 1149 4249 libello
1174 4193 1241 4248 de
1268 4194 1388 4249 Via
1420 4193 1589 4263 ipsius
1618 4194 1953 4250 Willibrordi

371 4289 633 4358 scriptum
686 4287 900 4359 legitur.
973 4288 1130 4342 Dedit
1176 4287 1339 4358 igitur
1386 4287 1609 4343 Carolus
1660 4299 1956 4345 memorato

374 4378 642 4448 Vursingo
662 4377 979 4433 beneﬁcium
1005 4378 1059 4431 in
1083 4379 1316 4433 conﬁnio
1344 4378 1659 4445 Fresonum,
1683 4388 1738 4436 et
1760 4380 1955 4435 direxit

378 4481 501 4520 eum
542 4467 610 4520 ad
650 4466 879 4537 patriam
919 4482 1071 4521 suam
1114 4482 1276 4521 causa
1322 4466 1446 4522 ﬁdei
1489 4470 1823 4524 roborandre.
1856 4469 1955 4537 Qui
1988 4439 2035 4498 θ

354 4550 621 4618 veniens,
650 4564 868 4624 accepta
891 4555 1202 4610 haereditate
1222 4558 1457 4626 propria,
1473 4559 1737 4615 habitavit
1761 4560 1816 4613 in
1842 4560 1960 4614 loco

379 4648 471 4716 qui
499 4647 696 4701 dicitur
717 4645 963 4700 Suabsna
990 4657 1012 4685 ε
1040 4646 1194 4716 juxta
1218 4646 1547 4717 Trajectum,
1570 4659 1623 4703 et
1654 4650 1815 4718 cmpit
1843 4665 1963 4705 esse

377 4736 594 4806 adjutor
637 4737 808 4792 sancti
857 4735 1192 4791 Will’ibrordi
1237 4754 1358 4792 cum
1404 4738 1529 4794 ﬁliis
1569 4748 1622 4795 et
1648 4741 1965 4810 propinquis

379 4829 511 4888 suis,
543 4828 597 4880 in
625 4827 1033 4895 quibuscunque
1061 4834 1330 4896 potuerat.
1386 4829 1650 4900 Diligebat
1681 4845 1803 4884 eum
1835 4847 1961 4885 san-

381 4930 503 4974 ctus
530 4918 912 4973 Willibrordus
945 4918 1120 4982 valde,
1149 4934 1214 4972 eo
1246 4919 1388 4989 quod
1418 4929 1560 4976 esset
1602 4923 1684 4976 vir
1707 4924 1882 4978 bonus
1911 4930 1965 4976 et

383 5010 575 5080 plenus
604 5008 710 5064 ﬁde
731 5016 788 5065 et
819 5009 1163 5079 acceptabilis
1190 5010 1452 5065 universa:
1493 5012 1636 5082 plebi
1662 5022 1716 5067 et
1750 5014 1968 5068 castita—

387 5110 495 5156 tem
532 5115 775 5156 servans.

456 5192 510 5247 5.
545 5191 894 5264 Nothgrimus
942 5193 1105 5263 igitur
1133 5191 1273 5247 ﬁlius
1308 5191 1426 5263 ejus
1451 5194 1632 5248 senior
1660 5195 1813 5248 duxit
1836 5211 1965 5247 uxo-

385 5300 503 5341 rem
546 5284 760 5340 ﬁdelem
800 5284 1069 5349 similiter,
1101 5292 1154 5339 et
1183 5284 1306 5339 ﬁlice
1333 5293 1442 5339 tres
1482 5301 1602 5340 cum
1638 5286 1827 5341 timore
1857 5283 1964 5339 Do-

455 5430 487 5497 }
526 5417 629 5497 Hie
651 5418 962 5497 Grinioldus
989 5419 1105 5497 dux
1135 5426 1253 5474 erat
1293 5419 1522 5488 Pippini,
1556 5418 1970 5488 majorisdomus

390 5485 557 5551 ﬁlius,
583 5496 639 5542 et
662 5489 796 5542 obiit
820 5504 961 5543 anno
989 5488 1111 5541 7M.

468 5556 495 5593 δ
531 5554 631 5619 Qui
655 5558 878 5619 contigit
907 5574 1049 5611 anno
1079 5558 1180 5612 719

468 5576 495 5593 ι·
531 5576 631 5619 υιιι
655 5576 878 5625 contigit
907 5576 1049 5611 anno
1088 5576 1201 5612 1w.

468 5631 493 5658 ο
533 5620 591 5675 In
617 5623 916 5692 rhythmica
932 5627 1053 5680 Vita
1078 5626 1326 5681 Sualima
1345 5628 1568 5693 dicitur;
1596 5629 1648 5682 in
1666 5645 1765 5683 ms.
1784 5629 1969 5685 Budic.

956 5849 982 5865 Α
1011 5848 1015 5853 .

1959 1761 2002 1823 Β
2032 1755 2120 1825 qui
2152 1755 2317 1808 etiam
2346 1753 2503 1822 primi
2531 1752 2770 1806 omnium
2798 1749 2972 1821 gentis
3001 1749 3295 1802 Fresonum
3329 1747 3627 1801 clericatus

2034 1845 2267 1901 oﬁicium
2305 1851 2646 1913 acceperunt.
2687 1843 2888 1895 [lorum
2914 1841 3060 1909 prior
3090 1840 3142 1892 in
3168 1840 3453 1892 levitarum
3485 1837 3629 1890 obiit

2035 1939 2223 2009 gradu,
2252 1932 2436 2003 iunior
2461 1950 2565 1989 non
2593 1932 2836 2002 pervenit
2863 1931 2929 1985 ad
2953 1930 3198 2000 gradum,
3227 1927 3321 1983 sed
3346 1927 3426 1980 ita
3452 1927 3507 1980 in
3531 1925 3630 1993 ju-

2035 2036 2256 2084 ventute
2287 2026 2479 2081 de'hae
2509 2025 2628 2078 luce
2660 2023 2947 2092 migrabat.

2106 2121 2165 2175 6.
2203 2120 2502 2177 Memorem
2522 2115 2835 2176 Liafliurch,
2873 2128 2995 2167 cum
3041 2119 3167 2165 nata
3193 2116 3359 2173 esset,
3389 2108 3633 2162 habebat

2038 2212 2213 2265 aviam
2259 2209 2535 2279 gentilem,
2565 2213 2793 2260 matrem
2823 2202 3075 2257 videlicet
3117 2200 3287 2270 patris
3333 2199 3420 2253 sui
3467 2199 3633 2253 abre-

2039 2298 2624 2369 nuntiantemomnino
2649 2296 2773 2351 ﬁdei
2808 2294 3086 2349 catholica:
3111 2310 3125 2346 :
3152 2307 3272 2361 quae
3314 2306 3423 2344 non
3449 2290 3632 2344 nomi-

2041 2394 2215 2449 nanda
2241 2408 2361 2447 cum
2396 2390 2579 2445 furore
2603 2388 2631 2428 ἀ
2662 2403 2943 2450 conversa,
2970 2399 3036 2439 eo
3064 2384 3204 2454 quod
3234 2384 3633 2453 pnenominata

2040 2482 2234 2552 conjux
2276 2483 2413 2536 ﬁlias
2458 2488 2667 2536 tantum
2711 2479 3004 2549 genuisset,
3046 2483 3101 2528 et
3135 2474 3307 2527 ﬁlium
3354 2472 3633 2525 viventem

2042 2593 2146 2632 non
2197 2577 2436 2637 haberet,
2467 2574 2610 2629 misit
2660 2572 2898 2633 liuores,
2937 2568 3029 2637 qni
3081 2572 3335 2634 reparent
3381 2562 3633 2617 eamdem

2044 2669 2207 2723 ﬁliam
2237 2675 2365 2721 tunc
2387 2674 2572 2719 natam
2602 2663 2668 2718 de
2695 2664 2817 2716 sinu
2843 2659 3052 2723 matris,
3078 2665 3132 2712 et
3165 2663 3427 2711 necarent
3450 2654 3634 2723 prius-

2043 2774 2203 2830 quam
2235 2757 2319 2811 lac
2347 2762 2561 2825 sngerct
2586 2754 2803 2817 matris,
2836 2751 2962 2820 quia
2998 2749 3076 2804 sic
3109 2762 3225 2801 mos
3252 2753 3371 2801 erat
3397 2757 3637 2813 pagano—

2046 2865 2184 2910 rum,
2212 2856 2271 2901 ut
2298 2847 2342 2901 si
2374 2847 2540 2900 ﬁlium
2563 2850 2655 2898 aut
2678 2843 2842 2896 ﬁliam
2868 2854 3067 2895 necare
3084 2837 3400 2896 voluissent,
3429 2834 3636 2901 absque

2045 2941 2165 2996 cibo
2194 2947 2410 2993 terreno
2456 2942 2797 2991 necarentur.
2843 2932 3086 2986 Lictores
3112 2937 3311 2989 autem,
3342 2927 3485 2981 sicut
3527 2924 3637 2978 illis

2047 3032 2220 3085 fuerat
2245 3031 2586 3098 imperatum,
2613 3034 2909 3097 rapuerunt
2929 3039 3050 3079 eam
3072 3029 3126 3077 et
3149 3022 3487 3077 deduxerunt
3510 3032 3636 3072 eam

2048 3132 2101 3179 et
2132 3123 2364 3193 portavit
2412 3120 2555 3174 illam
2587 3134 2753 3172 unum
2785 3116 3109 3185 mancipium
3140 3115 3205 3170 ad
3233 3112 3450 3167 situlam
3491 3124 3636 3179 aqua

2046 3215 2278 3286 plenam,
2309 3213 2530 3282 cupiens
2570 3226 2689 3264 eam
2728 3208 2781 3262 in
2824 3208 2995 3276 ipsam
3038 3219 3234 3275 aquam
3278 3215 3546 3272 mergere,
3575 3208 3638 3253 ut

2048 3306 2228 3360 ﬁniret
2272 3304 2458 3357 vitam.
2511 3301 2616 3356 Sed
2671 3299 2809 3352 miro
2857 3295 3248 3366 Omnipotentis
3279 3294 3421 3349 dono
3452 3301 3639 3347 actum

2049 3406 2151 3461 est,
2180 3404 2237 3449 ut
2266 3394 2473 3464 puella,
2507 3407 2627 3461 quae
2674 3388 2903 3444 necdum
2952 3394 3169 3441 suxerat
3213 3386 3379 3438 ubera
3422 3381 3634 3445 matris,

2021 3477 2290 3541 'extensis
2318 3482 2557 3538 brachiis
2597 3480 2708 3534 suis
2741 3488 2967 3547 utraque
3010 3492 3169 3531 manu
3205 3473 3640 3544 apprchenderet

2053 3576 2350 3645 marginem
2379 3572 2571 3634 situlaz,
2600 3571 2839 3624 renitens
2866 3582 2932 3622 ne
2954 3576 3307 3638 mergeretur.
3337 3564 3488 3618 Hanc
3510 3577 3639 3632 ergo

2054 3664 2424 3718 fortitudinem
2467 3659 2771 3715 tenerrimze
2796 3657 2989 3727 puella:
3030 3672 3095 3710 ex
3138 3654 3320 3709 divina
3368 3650 3639 3706 credimus

2055 3764 2231 3810 actam
2276 3750 2770 3822 praedestinatione,
2799 3762 2865 3802 eo
2892 3748 3036 3816 quod
3067 3762 3134 3801 ex
3161 3760 3226 3800 ea
3252 3746 3358 3797 duo
3401 3742 3635 3811 episcopi

2054 3845 2281 3899 fuissent
2320 3841 2553 3902 oriundi.
2590 3848 2811 3897 sanctus
2853 3838 3102 3893 videlicet
3143 3836 3423 3904 Lngerus
3448 3844 3499 3889 et
3532 3833 3636 3887 liii-

2056 3936 2336 4005 digrimus.
2381 3933 2440 3987 In
2484 3934 2586 3987 hac
2626 3946 2756 4001 ergo
2796 3929 3175 3984 colluctatione
3223 3926 3455 3979 mirabili
3485 3926 3633 3995 juxta

2057 4023 2422 4077 misericordis
2474 4021 2570 4075 Dei
2641 4019 3046 4089 dispositionem
3104 4017 3412 4086 supervenit
3464 4015 3633 4069 vicina

2057 4117 2269 4178 mulier,
2288 4124 2341 4169 et
2363 4113 2731 4169 misericordia
2755 4120 2897 4165 mota
2917 4110 3116 4179 eripuit
3132 4108 3365 4178 puellam
3389 4107 3454 4161 de
3479 4122 3630 4159 manu

2057 4206 2267 4275 prmfati
2317 4204 2595 4272 mancipii,
2634 4202 2976 4270 cucurritque
3025 4214 3149 4254 cum
3195 4211 3259 4253 ea
3310 4196 3376 4251 ad
3423 4197 3633 4250 domum

2059 4302 2321 4359 suam,-ct
2348 4294 2604 4347 claudens
2627 4300 2748 4362 post
2771 4306 2829 4346 se
2869 4292 3088 4355 ostium,
3117 4290 3363 4360 pervenit
3390 4290 3457 4344 ad
3486 4289 3631 4345 cubi-

2060 4385 2239 4439 culum
2265 4385 2318 4438 in
2347 4400 2453 4452 quo
2485 4392 2603 4437 erat
2629 4382 2764 4442 mel,
2798 4391 2851 4435 et
2889 4382 3034 4436 misit
3059 4397 3125 4437 ex
3154 4380 3309 4435 melle
3350 4380 3438 4435 illo
3484 4382 3534 4434 in
3572 4395 3633 4433 os

2056 4474 2378 4546 juvenculzc,
2416 4489 2535 4542 quze
2564 4474 2749 4528 statim
2784 4473 2992 4527 sorbuit
3042 4472 3193 4527 illud.
3241 4474 3511 4528 Venerunt
3547 4473 3629 4527 in-

2064 4575 2212 4620 terea
2251 4563 2494 4634 praedicti
2526 4563 2811 4618 carnitices
2829 4562 2979 4632 jussa
3027 4564 3257 4618 domina:
3305 4579 3415 4617 sua:
3463 4563 3631 4633 exple-

2068 4661 2209 4716 turi:
2235 4659 2613 4713 dominabatur
2639 4659 2782 4713 enim
2827 4658 2915 4711 illa
2949 4656 3234 4712 furibunda
3262 4658 3316 4710 in
3344 4666 3453 4711 tota
3482 4659 3630 4710 domo

2069 4752 2163 4806 ﬁlii
2194 4753 2298 4806 sui.
2346 4751 2535 4805 Mulier
2579 4758 2756 4804 autem
2783 4765 2903 4817 qua:
2930 4747 3188 4802 infantem
3229 4749 3424 4816 rapuit,
3454 4762 3632 4802 occur-

2070 4859 2195 4898 rens
2225 4844 2506 4898 lictoribus
2547 4842 2700 4904 dixit,
2732 4841 2838 4895 mel
2882 4840 3181 4895 comedisse
3210 4841 3461 4911 puellam,
3489 4849 3537 4892 et
3559 4838 3630 4891 si-

2072 4936 2179 4988 mul
2208 4935 2442 4989 ostendit
2477 4934 2579 4988 illis
2600 4949 2719 4988 eam
2748 4934 2924 4988 adhuc
2950 4934 3089 4988 labia
3131 4950 3229 4988 sua
3257 4934 3551 5005 ﬁngentem,
3576 4938 3631 4983 et

2071 5035 2286 5094 propter
2332 5027 2435 5081 hoc
2484 5026 2728 5080 illicitum
2768 5032 2887 5079 erat
2922 5024 3077 5094 juxta
3118 5040 3323 5079 morem
3373 5022 3628 5094 gentilium

2072 5131 2263 5170 nccare
2294 5116 2458 5169 illam.
2489 5116 2640 5169 Tunc
2664 5114 2884 5168 lictores
2913 5114 3234 5168 dimiserunt
3261 5114 3425 5179 illam,
3454 5124 3504 5167 ct
3526 5127 3628 5165 mu-

2070 5205 2169 5258 lier
2190 5222 2309 5275 qua)
2328 5222 2446 5259 eam
2474 5214 2743 5273 rapuerat,
2769 5204 2977 5259 occulte
3002 5205 3226 5259 nutrivit
3248 5222 3367 5260 eam
3390 5204 3627 5260 mittendo

2071 5295 2151 5349 lac
2180 5311 2275 5364 per
2304 5311 2472 5349 cornu
2500 5295 2549 5348 in
2578 5311 2639 5349 os
2665 5294 2802 5363 ejus.
2836 5293 3005 5349 Mater
3028 5310 3241 5364 quoque
3261 5296 3470 5352 occulte
3499 5292 3626 5347 misit

2074 5428 2317 5553 tSztlaItsna
2348 5470 2363 5494 ,
2412 5430 2797 5484 adnotantibus
2848 5431 2951 5486 hoc
3007 5430 3503 5501 Antvverpiensibus
3543 5430 3627 5481 Pa-

2100 5516 2142 5553 I‘I
2164 5516 2267 5553 ius.

2100 5516 2142 5553 I‘I
2151 5516 2267 5553 nus.

2145 5570 2169 5607 ἀ
2210 5569 2485 5639 Antvverp.
2520 5578 2573 5623 ct
2603 5569 2899 5637 Bcnedict.,
2932 5571 2986 5624 in
3020 5570 3276 5642 furorem.
