3868 6174
243 360 351 418 773

238 567 479 627 fuerant,
509 563 859 632 quoadusque
887 560 1108 630 prtefata
1137 559 1227 613 illa
1263 557 1413 612 ferox
1442 559 1635 612 mulier
1659 558 1825 612 vitam

236 656 538 711 finiretzet
566 662 692 707 tunc
738 651 953 705 demum
997 650 1204 717 accepit
1250 658 1423 704 mater
1459 648 1623 703 ﬁliam
1671 665 1823 703 suam

234 743 603 800 nutriendam.
635 740 742 795 Sed
766 742 833 796 de
856 741 940 794 his
973 740 1074 793 ista
1100 737 1386 795 sulliciant.

305 835 358 886 7.
397 832 553 887 Nunc
583 831 747 887 etiam
772 831 896 900 quia
935 830 1001 884 de
1042 838 1229 884 sancto
1269 829 1519 899 Ludgero
1558 828 1703 898 loqui
1743 829 1824 882 in-

233 927 575 991 choavimus,
599 924 756 979 libuit
774 924 841 977 de
861 937 926 977 eo
948 937 1136 977 verum
1164 934 1191 962 ι
1211 921 1474 990 replicare
1495 935 1818 976 sermonem.

228 1018 365 1074 Cum
394 1017 636 1071 venisset
656 1023 834 1069 autem
861 1013 1248 1085 Thiatgrimus,
1267 1020 1423 1082 pater
1441 1012 1578 1082 ejus,
1599 1013 1667 1066 de
1689 1027 1823 1081 quo-

231 1111 353 1164 dam
384 1110 609 1173 itinere,
629 1115 685 1161 et
709 1113 880 1160 mater
900 1105 1016 1174 ejus
1035 1120 1321 1175 przegnans
1347 1111 1510 1168 esset,
1538 1104 1822 1172 vicinaque

227 1199 407 1270 partui
437 1206 658 1268 gestans
685 1195 737 1248 in
761 1202 914 1248 utero
935 1193 1181 1248 eumdem
1209 1191 1447 1246 futurum
1479 1191 1813 1261 episcopum,

226 1290 416 1344 audito
460 1286 603 1357 quod
644 1286 727 1339 vir
771 1282 888 1352 ejus
930 1284 1158 1347 veniret,
1192 1283 1543 1339 immoderate
1581 1284 1820 1351 gaudens

224 1378 541 1449 properavit
570 1376 635 1430 ad
668 1391 812 1440 eum,
839 1382 894 1429 et
921 1373 1126 1429 offenso
1151 1374 1288 1443 pede
1315 1374 1541 1437 corruit,
1569 1374 1818 1427 intravit-

223 1485 328 1540 que
360 1468 523 1538 palus
572 1481 669 1535 per
710 1465 852 1520 latus
892 1463 1028 1532 ejus,
1056 1472 1110 1518 et
1143 1464 1321 1518 ablata
1363 1474 1446 1519 est
1477 1472 1707 1528 mortua,
1744 1466 1817 1519 ita

223 1569 282 1612 ut
328 1557 517 1611 nullus
562 1563 779 1626 putaret
822 1569 941 1607 eam
974 1554 1058 1607 vel
1089 1554 1212 1607 vita:
1236 1555 1486 1623 prmsenti
1528 1556 1818 1610 restituen-

223 1650 370 1709 dam,
405 1648 491 1701 vel
542 1647 708 1701 tilium
758 1661 919 1715 quem
949 1647 1180 1715 gestavit
1212 1647 1266 1701 in
1310 1655 1497 1712 utero;
1533 1648 1626 1703 sed
1657 1648 1817 1702 mise-

224 1747 384 1793 rante
413 1737 595 1793 divina
627 1736 911 1791 clementia
940 1736 1136 1791 revixit
1164 1738 1388 1804 spiritus
1416 1738 1561 1807 ejus,
1594 1746 1650 1791 et
1679 1740 1815 1791 bene

223 1832 402 1885 fuerat
424 1837 612 1884 comta
633 1846 647 1892 ;
680 1830 732 1882 in
756 1844 923 1899 puero
940 1843 1156 1897 quoque
1176 1837 1297 1898 post
1312 1844 1514 1897 paucos
1537 1829 1652 1883 dies
1671 1830 1817 1884 edito

221 1923 368 1977 nulla
423 1921 662 1976 lmsionis
707 1919 915 1975 macula
966 1920 1232 1988 apparuit.
1279 1919 1589 1987 Baptizatus
1634 1929 1815 1973 autem

221 2012 437 2081 accepit
476 2009 797 2065 vocabulum
842 2008 1138 2077 Ludgcrus.
1179 2008 1281 2075 Qui
1326 2010 1506 2063 statim
1539 2018 1597 2062 ut
1624 2010 1814 2063 ambu-

220 2104 337 2158 lare
386 2108 444 2155 et
488 2100 635 2170 loqui
676 2107 918 2169 poterat,
945 2100 1109 2167 cmpit
1158 2099 1408 2169 colligere
1448 2098 1727 2168 pelliculas
1762 2108 1818 2153 et

220 2193 464 2247 cortices
505 2192 759 2244 arborum
794 2193 857 2252 ιι,
898 2190 1096 2258 quibus
1136 2188 1203 2243 ad
1246 2190 1533 2243 luminaria
1570 2190 1645 2244 uti
1674 2190 1814 2244 sole-

220 2300 361 2345 mus,
385 2291 447 2336 et
471 2282 729 2352 quidquid
755 2283 860 2335 tale
888 2282 1127 2335 invenire
1147 2290 1381 2351 poterat,
1400 2281 1816 2352 ludentibusque

219 2378 408 2446 pueris
439 2376 582 2436 aliis,
611 2376 725 2444 ipse
767 2376 980 2430 censuit
1007 2376 1109 2430 sibi
1140 2377 1205 2431 de
1234 2377 1364 2445 ipsis
1408 2377 1817 2434 collectionibus

218 2467 380 2538 quasi
415 2466 642 2520 libellos.
670 2465 912 2535 Cumque
940 2466 1233 2521 invenisset
1258 2467 1360 2522 sibi
1398 2468 1660 2537 liquorem
1689 2471 1814 2523 imi-

221 2560 446 2612 tabatur
488 2558 800 2625 scriptores,
852 2565 907 2612 et
956 2558 1216 2611 ati’erebat
1258 2559 1455 2613 nutrici
1504 2575 1615 2614 suze
1660 2562 1812 2629 quasi

221 2654 384 2708 utiles
414 2654 584 2707 libros
613 2650 991 2707 custodiendos
1017 2668 1029 2703 :
1055 2652 1122 2704 Et
1165 2666 1286 2705 cum
1333 2652 1382 2705 ei
1425 2652 1546 2719 quis
1587 2651 1813 2713 diceret,

219 2743 359 2809 Quid
390 2742 568 2797 fecisti
597 2741 785 2795 hodie?
814 2742 949 2795 dixit
976 2756 1033 2796 se
1054 2757 1151 2810 per
1178 2749 1347 2795 totum
1370 2742 1514 2796 diem
1546 2750 1639 2796 aut
1666 2758 1814 2796 com-

218 2848 427 2902 ponere
448 2832 620 2887 libros
650 2841 741 2885 aut
767 2832 1024 2895 scribere,
1042 2839 1133 2885 aut
1157 2831 1319 2885 etiam
1347 2832 1542 2900 legere.
1571 2831 1815 2901 Cumque

218 2924 422 2978 iterum
480 2923 927 2992 interrogaretur,
955 2921 1089 2989 Quis
1137 2930 1189 2976 te
1229 2922 1448 2977 docuit?
1479 2922 1812 2991 Respondit:

220 3018 361 3072 Deus
404 3032 491 3071 me
516 3015 719 3070 docuit.
765 3014 1123 3069 Meditabatur
1152 3021 1334 3068 autem
1366 3014 1418 3067 in
1452 3022 1634 3068 tenera
1656 3022 1815 3068 aetate

216 3111 359 3180 quod
388 3117 580 3177 postea
610 3108 832 3162 devotus
864 3106 1123 3175 implevit.

283 3204 340 3257 8.
384 3200 519 3254 Post
563 3199 680 3253 hcce
719 3198 882 3252 etiam
920 3205 1112 3251 auctus
1158 3196 1348 3267 majori
1379 3196 1573 3269 gratia,
1605 3196 1814 3267 rogavit

216 3302 479 3364 parentes
526 3306 654 3346 suos
688 3299 749 3344 ut
797 3305 855 3344 se
895 3289 1056 3343 alicui
1102 3289 1221 3342 viro
1266 3287 1362 3342 Dei
1409 3289 1813 3343 committerent

216 3383 602 3439 erudiendum.
633 3380 701 3433 At
726 3379 820 3444 illi,
853 3394 974 3434 cum
1002 3387 1184 3433 essent
1215 3379 1449 3448 benigni,
1477 3378 1650 3448 gloriti
1687 3395 1815 3433 ave-

218 3482 345 3526 runt
382 3472 582 3535 Deum,
607 3470 850 3523 videntes
889 3469 1244 3523 intentionem
1278 3468 1513 3536 juvenis,
1542 3485 1813 3524 commen-

217 3565 598 3630 daveruntque
628 3574 750 3614 eum
775 3560 891 3614 viro
915 3561 1213 3615 venerabili
1241 3560 1507 3631 Gregorio
1551 3560 1813 3630 discipulo

216 3664 270 3709 et
311 3652 625 3709 successori
654 3652 826 3706 sancti
871 3652 1131 3707 Bonifaeii
1160 3654 1437 3723 martyris,
1466 3653 1692 3708 Domino
1719 3668 1813 3706 nu-

216 3746 519 3809 triendum,
555 3744 644 3813 qui
693 3744 921 3800 libenter
964 3760 1087 3799 eum
1132 3746 1401 3814 suscepit,
1435 3753 1490 3800 et
1538 3754 1812 3815 comperta

216 3836 529 3906 sagacitate.
562 3834 735 3903 pueri,
788 3834 1026 3888 studiose
1073 3834 1222 3887 illum
1274 3836 1574 3889 erudiebat.
1630 3835 1813 3889 Crevit

216 3930 405 3997 itaque
428 3926 709 3991 Ludgerus
738 3926 1024 3995 proficiens
1050 3927 1108 3980 in
1133 3927 1327 3981 timore
1352 3927 1468 3990 Dei,
1497 3936 1552 3981 et
1571 3926 1814 3997 deposito

218 4019 471 4073 szeculari
500 4018 685 4072 habitu
718 4017 769 4070 in
816 4017 1032 4071 ’l‘riecto
1071 4017 1365 4088 (Trajeeto)
1394 4019 1726 4074 monasterio
1756 4033 1813 4073 se

218 4111 455 4164 cmitulit
486 4111 551 4163 ad
579 4110 815 4165 studium
843 4108 976 4162 artis
999 4109 1319 4179 spiritualis.
1354 4110 1522 4162 Erant
1548 4118 1730 4164 autem
1759 4109 1814 4162 in

220 4203 307 4256 illa
356 4200 547 4255 schola
580 4199 824 4269 Gregorii
876 4208 931 4253 et
976 4199 1064 4253 alii
1112 4199 1464 4268 condiscipuli
1512 4200 1719 4255 nobiles
1759 4208 1816 4255 et

217 4292 541 4361 prudentes,
568 4304 597 4342 e
622 4290 819 4359 quibus
865 4289 956 4342 alii
994 4289 1229 4357 episcopi
1258 4296 1443 4357 postea
1468 4289 1813 4353 exstiterunt,

218 4383 311 4435 alii
359 4382 417 4434 in
468 4382 768 4435 minoribus
818 4382 1074 4451 gradibus
1122 4380 1370 4435 doctores
1429 4380 1811 4444 ecclesiarum;

219 4474 368 4542 apud
405 4487 546 4540 quos
569 4471 709 4524 idem
742 4470 1020 4541 Ludgerus
1053 4470 1107 4523 in
1139 4485 1332 4539 magno
1358 4470 1661 4524 habebatur
1687 4468 1815 4522 affe-
1846 4495 1894 4556 υ

217 4573 337 4625 ctu,
384 4578 452 4616 eo
501 4562 645 4631 quod
691 4569 836 4616 esset
879 4562 962 4614 vir
986 4561 1135 4615 mirae
1184 4560 1635 4623 mansuetudinis,
1662 4559 1815 4612 vultu

223 4653 412 4716 hilari,
447 4667 553 4705 non
581 4660 758 4717 tamen
780 4650 956 4708 facilis
988 4651 1041 4704 in
1068 4650 1197 4713 risu,
1231 4637 1285 4703 et
1326 4650 1379 4703 in
1404 4650 1656 4705 omnibus
1683 4649 1817 4703 aeti-

221 4744 328 4797 bus
361 4741 704 4811 prudentiam
748 4756 877 4796 cum
903 4740 1255 4808 temperantia
1298 4739 1651 4807 amplectens.
1686 4740 1817 4795 Erat

220 4838 374 4892 enim
424 4834 677 4888 assiduus
709 4832 999 4888 meditator
1030 4832 1227 4887 divina:
1262 4829 1572 4898 Scriptum,
1597 4840 1652 4885 et
1700 4832 1815 4899 ejus

218 4928 501 4998 praecipue
530 4941 651 4994 quae
670 4926 746 4980 ad
775 4925 987 4981 laudem
1019 4924 1110 4979 Dei
1134 4964 1149 4987 ,
1179 4932 1233 4978 et
1261 4924 1326 4978 ad
1366 4922 1666 4977 doctrinam
1695 4938 1818 4992 per-

221 5019 440 5073 tinebat
466 5016 920 5084 catholicam,pro
940 5016 1135 5084 quibus
1155 5032 1185 5068 a
1212 5013 1502 5070 venerabili
1533 5014 1811 5084 magistro,

217 5111 377 5167 velut
407 5111 605 5165 unicus
629 5109 792 5173 filius,
818 5108 1163 5178 diligebatur.

294 5281 325 5309 ιι
362 5267 645 5336 Antwerp.
677 5274 734 5319 et
760 5263 983 5336 Bened.,
1018 5262 1203 5313 iterum

296 5338 328 5378 ι)
366 5329 634 5409 [τειργιςιιῖῐι
664 5334 1012 5409 appellabant
1031 5340 1260 5409 veteres.
1296 5329 1525 5409 M.\BIL_L.

297 5419 321 5445 ε
365 5396 594 5469 Βεὶιῖξιὶ.,
640 5396 911 5457 ΑΙίίὸειίΙι.
966 5401 1062 5455 Ms.
1103 5401 1311 5463 Budic.,
1342 5399 1485 5469 quod
1535 5396 1812 5466 Antvverp.

221 5476 540 5548 laudabant,
566 5475 933 5548 Αάειὺε-νιιιε..
1015 5539 1045 5548 Α
1153 5540 1182 5548 η
1239 5540 1250 5548 _
1333 5540 1343 5548 _
1416 5541 1427 5548 _
1500 5538 1511 5548 _
1596 5535 1636 5548 η,
1780 5536 1791 5548 ,

294 5547 325 5586 ἀ
367 5535 643 5615 Antwerp.
674 5555 728 5599 et
756 5541 980 5603 Bened.,
1005 5539 1182 5615 Caroli
1211 5540 1453 5615 ‘junforis
1493 5538 1547 5615 in
1596 5535 1819 5615 feroni-

224 5616 346 5669 bus.
399 5616 502 5670 Per
537 5606 810 5683 ju'niorem
843 5620 1023 5664 autem
1070 5606 1320 5683 Carol'utn
1368 5610 1456 5683 hic
1481 5606 1819 5683 intelligitur

224 5684 454 5756 Carolus
487 5676 730 5756 Magnus,
770 5682 953 5737 habita
1000 5680 1209 5734 ratione
1251 5678 1430 5734 Caroli
1480 5676 1701 5730 Martelli
1730 5676 1813 5729 avi

227 5755 400 5810 illius.

1563 352 1743 407 ACTA
1782 351 1838 407 S.
1880 350 2196 408 LL’DGERI.

238 476 310 533 ad
334 489 457 531 eam
499 473 764 529 nutricem
795 470 984 540 puellze
1017 469 1326 524 ati'erentem
1366 484 1485 538 quae
1519 469 1821 523 necessaria
1855 475 1898 527 Α

3401 366 3499 421 774

1998 471 2049 523 9.
2090 471 2249 526 Vertit
2290 472 2493 528 interea
2540 473 2624 529 vir
2662 477 2878 545 quidam
2922 479 2987 535 de
3030 486 3172 535 terra
3206 478 3499 551 Anglorum

1926 561 2146 614 Alubret
2177 572 2200 600 ο
2236 565 2452 620 nomine
2498 566 2562 620 ad
2602 569 2851 623 abbatem
2897 568 3234 639 Gregorium,
3279 574 3502 642 cupiens

1926 650 2151 705 Domino
2197 665 2517 721 cooperante
2565 658 2705 725 plebi
2757 661 2925 728 partis
2975 660 3114 715 illius
3158 663 3212 716 in
3254 663 3500 718 doctrina

1922 742 2179 811 prodesse
2222 741 2401 815 (erant
2444 749 2587 802 enim
2632 751 2791 807 rudes
2831 752 2884 805 in
2935 751 3057 821 fide)
3084 793 3097 815 ,
3129 768 3287 821 quem
3333 755 3503 808 abbas

1922 830 2217 902 Gregorius
2249 834 2480 895 libenter
2509 840 2773 907 suscepit,
2805 849 2861 893 et
2887 852 3163 909 comperto
3190 844 3332 912 quod
3359 852 3501 899 esset

1921 923 2005 976 vir
2038 924 2212 980 bonus
2240 927 2531 990 etdoctus,
2564 931 2735 989 suasit
2759 939 2819 987 ut
2860 932 2961 985 sibi
2992 934 3273 1002 episcopus
3305 934 3455 995 fieret
3483 954 3494 987 :

1923 1029 2028 1069 non
2059 1015 2201 1069 enim
2238 1014 2413 1071 fuerat
2450 1018 2590 1073 idem
2619 1018 2916 1088 Gregorius
2947 1024 3015 1075 ad
3039 1024 3261 1092 gradum
3288 1024 3497 1091 episeo-

1920 1103 2096 1173 palem
2155 1105 2472 1171 ordinatus,
2521 1109 2612 1162 sed
2660 1112 2977 1179 presbyterii
3029 1114 3392 1179 perseveravit
3446 1114 3496 1167 in

1920 1191 2113 1260 gradu.
2145 1193 2241 1247 Vir
2269 1193 2433 1261 igitur
2461 1196 2718 1264 prudens,
2747 1198 2813 1250 ad
2841 1198 2956 1263 haec
2982 1217 2992 1251 :
3022 1199 3092 1257 Ut
3115 1200 3274 1264 scias,
3306 1202 3496 1270 inquit,

1920 1298 2008 1338 me
2037 1298 2159 1338 cum
2189 1284 2401 1339 licentia
2438 1294 2490 1339 et
2521 1288 2746 1343 consilio
2791 1290 3030 1360 episcopi
3058 1293 3160 1349 mei
3190 1292 3295 1346 huc
3321 1301 3498 1347 trans-

1922 1388 2123 1438 meare,
2147 1375 2301 1429 mitte
2332 1392 2538 1431 mecum
2562 1377 2758 1433 fratres
2784 1378 2967 1435 ﬁdeles
2993 1381 3058 1435 ad
3085 1389 3283 1437 terram
3305 1384 3368 1437 de
3391 1401 3497 1452 qua

1919 1480 2172 1535 egressus
2198 1484 2337 1531 sum,
2362 1470 2428 1523 ad
2453 1471 2761 1540 episcopum
2790 1490 2987 1538 meum,
3017 1484 3075 1529 ut
3103 1477 3169 1531 ab
3191 1492 3256 1532 eo
3283 1478 3500 1532 ordiner

1918 1572 2018 1626 ego
2045 1568 2099 1611 et
2125 1558 2220 1623 illi,
2252 1560 2342 1614 tali
2370 1563 2529 1617 modo
2554 1579 2875 1619 consensum
2899 1567 3129 1634 prtebeo.
3156 1566 3306 1634 Quod
3335 1570 3501 1625 abbas

1918 1649 2210 1721 Gregorius
2244 1653 2474 1709 libenter
2514 1656 2759 1721 audiens,
2788 1659 2984 1713 direxit
3028 1675 3150 1713 eum
3180 1670 3233 1714 et
3271 1676 3390 1713 cum
3434 1677 3501 1715 eo

1918 1740 2223 1810 Ludgerum
2264 1742 2533 1811 aliumque
2574 1745 2796 1799 fratrem
2848 1747 3123 1801 fortiorem
3154 1756 3331 1810 aetate,
3357 1748 3500 1818 Sigi-

1850 1807 1892 1864 B
1923 1834 2121 1889 bodum
2162 1834 2377 1891 nomine
2402 1873 2416 1899 ,
2451 1836 2517 1889 ad
2570 1837 2900 1906 episcopum,
2942 1838 3009 1893 de
3064 1855 3169 1909 quo
3212 1807 3501 1899 Alubertvus

1924 1924 2291 1994 dixeratzqut
2329 1926 2574 1981 euindem
2622 1927 2937 1982 AJubertum
2981 1930 3250 1984 ordinavit
3295 1931 3501 1999 episeo-

1920 2032 2069 2085 pum,
2102 2015 2413 2085 Sigibodum
2444 2018 2835 2087 presbyterum,
2859 2018 3161 2085 Ludgerum
3191 2019 3498 2085 diaconum,

1920 2117 1975 2164 et
2001 2116 2311 2165 manserunt
2353 2108 2459 2164 illic
2502 2125 2642 2164 anno
2672 2126 2796 2163 uno.
2837 2109 3095 2164 Alcuinus
3132 2110 3290 2164 etiam
3324 2110 3414 2164 illo
3443 2111 3503 2167 in

1919 2198 2037 2254 loco
2071 2207 2197 2254 tunc
2229 2200 2482 2269 magister
2521 2208 2658 2265 erat,
2687 2200 2787 2269 qui.
2811 2207 2997 2269 postea
3038 2201 3371 2270 temporibus
3397 2197 3502 2256 Ca-

1921 2291 2021 2345 roli
2052 2290 2281 2344 Turonis
2309 2290 2336 2330 d
2365 2298 2420 2344 et
2447 2290 2501 2344 in
2548 2289 2775 2345 Francia
2822 2291 3190 2362 magisterium
3234 2291 3501 2347 exercuit.

1918 2379 2013 2433 Cui
2042 2379 2224 2433 statim
2255 2378 2528 2448 Ludgerus
2554 2380 2811 2435 hauriens
2835 2380 3095 2449 spiritalia
3124 2382 3373 2449 dogmata
3402 2393 3496 2435 ο...

1916 2476 2038 2538 post
2066 2470 2191 2523 anni
2216 2485 2344 2525 vero
2375 2468 2632 2537 circulum
2661 2478 3011 2533 revertentes,
3035 2470 3126 2538 qui
3150 2470 3300 2523 missi
3320 2478 3495 2536 erant,

1918 2558 2144 2615 Domino
2192 2562 2541 2629 gubernante,
2581 2568 2847 2614 venerunt
2890 2562 2956 2613 ad
3004 2561 3250 2615 abbatem
3296 2559 3497 2634 Grego—

1917 2651 2080 2712 rium,
2104 2639 2216 2718 qui'
2242 2650 2472 2719 benigne
2503 2650 2803 2719 suscipiens
2840 2665 2961 2712 eos,
2993 2651 3210 2720 gavisus
3236 2661 3316 2705 est
3343 2650 3501 2707 valde

1917 2734 1972 2788 in
2002 2735 2234 2788 adventu
2260 2749 2471 2799 eorum,
2502 2742 2556 2789 et
2585 2736 2783 2789 mansit
2810 2750 2931 2789 cum
2957 2748 3021 2788 eo
3051 2734 3357 2800 Alubertus,
3386 2735 3497 2791 col-

1918 2826 2170 2881 laborans
2193 2826 2245 2880 in
2275 2840 2438 2894 opere
2464 2824 2697 2879 Domini.

1989 2915 2074 2968 10.
2117 2914 2174 2969 S.
2207 2915 2483 2983 Ludgerus
2532 2915 2696 2985 igitur
2724 2915 2947 2984 cupiens
2978 2929 3036 2969 se
3063 2923 3308 2969 saturare
3354 2930 3497 2985 prte-

1918 3007 2066 3062 libati
2092 3006 2370 3060 dulcedine
2398 3004 2504 3060 favi
2536 3005 2581 3071 ῖ,
2618 3006 2769 3075 petiit
2811 3007 2878 3060 ab
2922 3007 3114 3060 abbate
3142 3005 3402 3075 Gregorio
3438 3005 3502 3060 li-

1919 3097 2149 3152 centiam
2181 3096 2438 3150 redeundi
2469 3097 2535 3149 ad
2564 3098 2879 3165 magistrum
2907 3096 3212 3161 Alcuinum,
3245 3099 3388 3166 quod
3413 3098 3501 3152 ille

1917 3187 2142 3241 moleste
2183 3185 2384 3251 ferens,
2427 3186 2541 3242 fieri
2572 3187 2821 3251 retinuit;
2861 3187 3031 3240 noluit
3073 3194 3252 3240 tamen
3298 3190 3499 3242 contri-

1914 3277 2045 3331 stati
2074 3284 2343 3346 petentem
2362 3316 2377 3341 ,
2408 3276 2502 3330 sed
2539 3276 2747 3331 blandis
2777 3276 3116 3331 sermonibus
3157 3279 3322 3344 coepit
3351 3293 3497 3331 com—

1912 3380 2133 3433 pescere
2157 3379 2301 3417 euut.
2350 3364 2591 3433 Cumque
2635 3372 2881 3418 cerneret
2910 3380 2968 3419 se
2996 3364 3156 3418 nullis
3181 3364 3498 3432 objectioui-

1912 3456 2013 3509 bus
2055 3454 2205 3508 illum
2230 3468 2261 3507 a
2284 3469 2379 3508 sua
2411 3453 2704 3508 intentione
2733 3468 2986 3507 revocare
3020 3468 3196 3523 posse,
3229 3454 3493 3507 accersito

1911 3556 2063 3615 patre
2092 3545 2235 3600 illius
2263 3545 2588 3615 postulavit,
2616 3553 2675 3599 ut
2704 3553 2993 3599 conaretur
3028 3560 3282 3599 revocare
3309 3560 3431 3599 cum
3460 3559 3492 3599 a

1913 3646 2088 3707 empto
2118 3638 2330 3702 itinere,
2377 3637 2469 3691 sed
2514 3637 2786 3692 studiosus
2814 3636 2972 3690 levita
3010 3637 3273 3690 instanter
3302 3637 3355 3688 in
3397 3650 3496 3691 suo

1911 3738 2038 3784 voto
2064 3730 2381 3799 permansit.
2423 3727 2571 3782 Tune
2601 3735 2856 3796 parentes
2898 3725 3137 3795 ejusdem
3179 3724 3410 3795 Ludgeri
3439 3732 3495 3779 et

1912 3821 2228 3892 Gregorius,
2250 3821 2531 3890 quandove
2552 3820 2802 3890 precibus
2831 3818 3014 3883 evicti,
3043 3818 3350 3873 direxerunt
3373 3832 3497 3871 eum

1913 3915 1980 3968 ad
2010 3912 2293 3981 pratfatum
2336 3912 2653 3982 magistrum
2706 3911 2986 3965 Eboraie'e
3021 3909 3254 3965 civitatis
3296 3908 3499 3981 Anglo-

1914 4016 2056 4064 rum,
2101 4002 2401 4070 pra:bcutcs
2440 4016 2567 4068 quae
2609 3998 2684 4052 illi
2724 4014 2857 4067 opus
2891 3991 3047 4053 erant
3094 3999 3144 4051 in
3192 3999 3498 4066 viazquem

1913 4093 2173 4163 magister
2199 4091 2423 4145 illustris
2452 4088 2710 4144 Alcuinus
2738 4104 2858 4143 cum
2890 4082 3085 4158 magno
3111 4086 3348 4155 suscepit
3369 4102 3500 4156 gau-

1915 4183 2024 4238 dio.
2051 4182 2347 4252 Susceptus
2378 4182 2557 4249 itaque
2588 4180 2887 4248 Ludgerus,
2918 4186 3035 4233 erat
3063 4185 3320 4231 consueto
3349 4192 3499 4232 more

1915 4276 2165 4329 omnibus
2191 4274 2408 4335 charus,
2439 4286 2504 4325 eo
2530 4271 2671 4338 quod
2713 4276 2857 4322 esset
2881 4278 3103 4321 ornatus
3129 4267 3369 4319 moribus
3394 4266 3489 4319 bo-

1917 4366 2020 4428 nis,
2050 4373 2105 4418 et
2134 4363 2325 4417 studiis
2351 4361 2582 4422 sanctis,
2610 4369 2665 4415 et
2692 4358 2891 4412 mansit
2926 4357 2999 4411 ibi
3040 4357 3195 4410 annis
3236 4356 3409 4410 tribus
3444 4362 3501 4408 et

1918 4455 2196 4510 mensibus
2242 4468 2356 4515 sex,
2385 4450 2673 4520 proficiens
2704 4449 2756 4503 in
2784 4449 3043 4503 doctrinae
3073 4446 3271 4501 studio.
3304 4445 3500 4515 Cupie-

1916 4546 2009 4600 bat
2055 4544 2199 4599 enim
2240 4543 2438 4598 ibidem
2468 4542 2669 4597 diutius
2699 4542 2753 4595 in
2792 4548 2977 4595 sancto
3020 4552 3240 4594 manere
3278 4538 3496 4604 studio;

1915 4638 2009 4692 sed
2037 4653 2141 4691 non
2171 4635 2271 4690 fuit
2306 4650 2563 4690 concessa
2606 4634 2831 4687 facultas
2858 4648 2873 4686 :
2897 4648 3022 4686 nam
3069 4630 3497 4701 ingredientibus

1914 4731 2125 4785 civibus
2154 4729 2258 4784 illis
2287 4728 2354 4782 ad
2381 4728 2576 4782 bellum
2599 4734 2786 4781 contra
2827 4722 3074 4777 inimicos
3102 4734 3248 4783 suos,
3277 4719 3501 4788 contigit

1916 4832 1975 4876 ut
2007 4838 2104 4891 per
2144 4823 2315 4874 rixam
2358 4819 2752 4872 interﬁceretur
2782 4814 2921 4869 ﬁlius
2965 4811 3241 4882 cujusdam
3285 4810 3501 4865 comitis

1916 4918 2083 4986 ipsius
2136 4914 2427 4986 provinciae
2452 4928 2481 4966 a
2510 4912 2745 4966 Fresone
2778 4910 3012 4979 quodam
3064 4906 3416 4975 negotiatore,
3446 4913 3500 4958 et

1918 5010 2117 5063 ideirco
2166 5007 2429 5060 Fresones
2483 5004 2870 5058 festinaverunt
2922 4999 3105 5071 egredi
3152 4997 3217 5052 de
3279 4996 3499 5064 regione

1916 5097 2228 5164 Anglorum,
2278 5096 2529 5148 timentes
2580 5094 2712 5145 iram
2756 5091 3178 5160 propinquorum
3226 5084 3497 5139 interfecti

1992 5266 2014 5292 ε
2056 5251 2254 5321 Supple
2302 5265 2369 5304 ex
2420 5250 2692 5315 Antwcrp.
2737 5256 2792 5300 et
2835 5245 3057 5305 Bened.,
3088 5238 3267 5294 sedulo
3307 5235 3498 5304 junge-

1918 5323 2110 5446 (minii)
2135 5390 2366 5445 Suriana
2380 5388 2610 5458 Ludgeri
2633 5387 2748 5440 Vita
2772 5384 2875 5437 alia
2898 5381 3033 5434 ratio
3048 5376 3287 5458 affertur:

1916 5442 2393 5534 qttodnl'aidgerus,
2419 5442 2530 5513 ιιιιῖί
2550 5442 2837 5534 βίῑιιθιιιιβ,
2867 5466 2986 5504 cum
3016 5442 3496 5534 ettrammGgego‘rjo

2533 5511 2603 5602 _iu
2658 5511 2885 5600 quodam
2936 5517 3099 5602 verbo
3143 5511 3493 5602 οᾳειξξῖἐεξιςξ

1916 5578 2292 5658 Edié'iit’iaiiiéi
2322 5578 2620 5668 Gregorio,
2664 5578 2850 5668 statuit
2898 5585 3092 5667 reverti
3142 5583 3208 5668 ad
3258 5578 3496 5668 scholam

1916 5654 2461 5738 chuiniﬁndignutii
2489 5682 2547 5718 se
2578 5654 2770 5734 putans
2790 5656 3016 5712 diaconii
3043 5654 3236 5726 gradu,
3266 5654 3356 5722 qui
3390 5663 3498 5705 non

1915 5724 2405 5814 emendate
2435 5724 2629 5805 legere.

3593 2086 3647 2107 Α
