3878 6172
330 266 341 271 “
386 281 495 335 775

1387 285 1479 338 AD
1517 286 1574 340 S.
1618 286 1920 346 LUDGERI
1956 287 2242 344 SCRIPTA
2280 286 2653 343 APPENDIX.

3553 288 3651 345 776

381 398 620 471 juvenis.
650 397 801 452 Tunc
820 394 1079 451 Alcuinus
1100 395 1420 451 necessitate
1444 399 1755 467 compulsus
1776 398 1974 454 direxit
2002 403 2046 461 Α
2077 397 2456 453 dieens:Nunc
2486 399 2613 469 quia
2641 396 2807 452 frater
2839 412 2992 453 meus
3021 397 3403 456 dilectissimus
3428 414 3512 468 es,
3533 411 3649 472 peto

392 495 718 564 Ludgerum,
740 498 795 544 ct
818 504 941 544 cum
969 503 1034 543 eo
1063 487 1339 543 diaconem
1370 503 1525 543 suum
1551 491 1765 545 nomine
1784 490 1965 554 Putnl,

387 601 512 640 eum
555 581 795 654 praefatis
847 580 1272 652 negotiatoribus
1318 593 1374 647 ι,
1419 580 1616 637 timens
1662 597 1730 637 ne
1785 599 1971 639 amore

386 676 627 732 discendi
650 674 809 729 aliam
840 672 1075 745 regionis
1103 672 1245 728 illius
1267 673 1543 728 civitatem
1570 674 1763 739 adiret,
1792 684 1849 730 et
1869 690 1970 746 pro

384 768 590 826 ultione
625 764 870 837 prtedicti
896 762 1112 832 juvenis
1155 764 1364 835 aliquas
1404 771 1681 835 pateretur
1724 766 1966 823 insidias.

386 858 609 913 Dicebat
630 856 773 911 enim
793 870 851 911 se
874 855 1056 926 potius
1080 854 1219 910 velle
1241 855 1377 909 mori
1404 869 1564 924 quam
1590 862 1652 910 ut
1677 855 1821 912 filius
1840 872 1970 914 suus

387 950 617 1005 dilectus
644 947 937 1018 quidquam
967 952 1247 1016 pateretur
1284 946 1499 1001 lethalis
1543 945 1690 1000 mali.
1723 946 1970 1005 Directus

384 1044 568 1112 itaque
586 1041 892 1112 Ludgerus,
913 1053 1175 1110 prospero
1197 1054 1357 1093 cursu
1378 1040 1625 1108 pervenit
1649 1040 1716 1093 ad
1737 1041 1968 1109 patriam

384 1147 537 1185 suam
577 1131 715 1185 bene
770 1128 1072 1184 instructus
1098 1167 1115 1194 ,
1166 1127 1374 1183 habens
1420 1128 1631 1196 copiam
1682 1127 1965 1193 librorum,

381 1231 607 1293 eratque
634 1222 775 1293 patri
804 1219 1067 1291 Gregorio
1108 1225 1163 1274 et
1195 1218 1406 1274 eaateris
1430 1226 1580 1273 tanto
1607 1226 1734 1273 tunc
1755 1218 1968 1291 dignior

381 1325 436 1370 et
465 1315 757 1387 acceptior,
788 1321 992 1383 quanto
1024 1312 1127 1367 fuit
1148 1321 1204 1367 et
1231 1312 1285 1366 in
1309 1312 1623 1367 monasticis
1646 1313 1967 1367 eruditioni-

384 1410 487 1464 bus
530 1408 809 1462 illustrior.
858 1406 1126 1461 Diaconus
1151 1419 1302 1469 vero,
1332 1404 1423 1473 qui
1463 1412 1686 1458 venerat
1724 1419 1849 1458 cum
1877 1419 1962 1471 eo,

373 1498 531 1570 juxta
554 1496 956 1567 dispositionem
986 1494 1198 1549 Alcuini
1233 1494 1473 1563 perrexit
1497 1492 1746 1558 Romam,
1769 1493 1963 1548 iterum

381 1604 718 1653 reversurus,
746 1588 838 1657 qui
885 1588 1052 1643 etiam
1096 1594 1283 1656 postea
1313 1602 1434 1641 cum
1480 1584 1710 1642 Alcuino
1735 1587 1883 1642 venit
1909 1588 1965 1642 in

380 1680 608 1737 Galliam
637 1680 690 1734 in
720 1678 910 1734 ordine
932 1677 1277 1748 presbyterii.

2069 499 2129 543 ut
2171 490 2496 545 desiderium
2543 505 2722 545 meum
2770 491 3029 560 impleas;
3065 490 3216 547 locus
3249 493 3398 547 enim
3443 494 3498 549 in
3549 510 3651 566 quo

2068 578 2288 635 sanctus
2314 579 2549 646 Domini,
2578 580 2896 635 Liafuvinus
2920 582 3204 653 presbyter
3224 624 3241 649 ,
3274 599 3436 653 quem
3490 587 3649 652 nosti,

2069 670 2122 723 in
2149 686 2311 740 opere
2335 671 2545 727 Domini
2582 687 2753 742 usque
2781 672 2849 727 ad
2878 680 3107 728 mortem
3134 675 3476 743 persistendo
3502 676 3652 733 labo-

2069 762 2229 826 ravit,
2266 763 2356 817 ubi
2386 777 2601 818 sacrum
2631 762 2748 831 ejus
2788 777 2988 832 corpus
3033 765 3307 834 sepultura
3347 767 3572 838 tegitur,
3600 769 3653 823 in

2068 849 2411 907 solitudinem
2441 860 2526 907 est
2554 852 2833 919 redactus;
2882 855 3234 923 quamobrem
3278 866 3406 926 peto
3433 866 3495 913 ut
3534 874 3654 915 eum

2068 947 2376 996 restaurare
2409 943 2648 1001 studeas.
2680 951 2735 997 et
2767 956 2931 1012 super
2955 958 3151 1014 corpus
3174 947 3343 1002 sancti
3365 947 3654 1004 ecclesiam

2069 1030 2386 1086 reasdiﬂces.

2140 1118 2226 1173 14.
2266 1120 2359 1174 Dei
2397 1120 2563 1192 igitur
2607 1121 2839 1177 famulus
2876 1123 3156 1194 Ludgerus
3200 1128 3446 1199 magistri
3487 1130 3655 1200 jussis

2066 1209 2449 1279 obtemperans
2492 1213 2743 1281 qumsivit
2778 1214 2832 1267 in
2864 1213 2984 1270 loco
3022 1219 3416 1285 prmnominato
3462 1235 3655 1289 corpus

2068 1301 2241 1356 sancti
2277 1308 2331 1356 et
2372 1317 2479 1356 non
2514 1303 2734 1368 invenit,
2766 1304 2861 1359 sed
2897 1312 3077 1361 tamen
3105 1306 3246 1360 intra
3274 1309 3512 1378 spatium
3554 1310 3654 1364 loci

2068 1391 2160 1445 ubi
2200 1390 2330 1446 illud
2356 1406 2476 1447 esse
2501 1393 2741 1462 putabat,
2770 1394 2936 1463 coepit
2983 1403 3301 1452 construere
3344 1398 3651 1453 ecclesiam.

2066 1480 2308 1552 Cumque
2354 1483 2621 1551 posuisset
2650 1483 2810 1539 bases
2828 1525 2843 1548 ,
2872 1492 2929 1539 et
2954 1486 3191 1554 parietes
3217 1500 3511 1543 conaretur
3540 1490 3648 1544 eri—

2067 1587 2216 1643 gere,
2268 1574 2518 1643 apparuit
2561 1575 2610 1629 ei
2667 1576 2918 1631 sacerdos
2964 1576 3177 1632 Domini
3218 1578 3549 1635 Liafuvinus
3603 1581 3654 1634 in

2067 1656 2306 1727 somniis,
2336 1665 2522 1721 dicens
2546 1683 2559 1719 :
2583 1665 2777 1720 Frater
2824 1667 3174 1725 dilectissime
3217 1670 3484 1743 Ludgere,
3520 1672 3657 1727 bene

450 1774 538 1827 Η,
579 1771 714 1827 cum
742 1770 868 1825 {alia
894 1739 1242 1842 εέιιεωξηυιι,
1270 1769 1419 1825 venit
1438 1770 1657 1839 quidam
1681 1770 1965 1840 presbyter
1995 1739 2040 1800 Β
2067 1754 2242 1811 fecisti
2276 1757 2629 1812 restaurando
2655 1757 2749 1811 Dei
2795 1758 3053 1829 templum
3081 1739 3393 1828 iamdudum
3416 1762 3653 1817 deletum

379 1872 599 1919 sanctus
628 1870 683 1917 et
704 1861 914 1927 doetus,
939 1862 1005 1917 de
1032 1876 1230 1931 genere
1253 1860 1570 1932 Anglorum,
1595 1861 1813 1915 nomine
1841 1860 1964 1914 Lia-

378 1954 613 2016 fuvinus,
629 1953 696 2007 ad
717 1953 968 2007 abbatem
992 1951 1335 2024 Gregorium,
1354 1952 1537 2007 dicens
1559 1952 1659 2007 sibi
1681 1966 1711 2005 a
1735 1950 1962 2006 Domino

378 2047 697 2102 terribiliter
739 2046 880 2100 trina
921 2046 1290 2100 admonitione
1319 2046 1487 2100 fuisse
1524 2054 1873 2115 praeceptum,
1904 2051 1964 2099 ut

376 2140 431 2193 in
459 2138 692 2194 conﬁnio
720 2137 1051 2192 Francorum
1082 2144 1245 2205 atque
1266 2135 1539 2190 Saxonum
1565 2149 1720 2189 secus
1741 2132 1961 2188 ﬂuvium

373 2230 476 2285 lsla
503 2229 643 2299 plebi
678 2229 732 2283 in
773 2228 1018 2283 doctrina
1060 2229 1316 2297 prodesse
1359 2226 1597 2291 deberet,
1648 2224 1963 2294 rogavitque

374 2329 436 2375 ut
470 2320 537 2374 ad
564 2321 740 2375 locum
768 2319 915 2373 illum
962 2333 1021 2372 se.
1061 2318 1276 2388 perduci
1314 2316 1531 2386 juberet
1557 2324 1612 2370 et
1645 2316 1713 2371 ad
1738 2314 1961 2369 ﬂuvium

374 2410 477 2465 sibi
509 2425 539 2463 a
572 2409 799 2464 Domino
837 2409 1305 2479 prrcnomiuatum.
1350 2407 1502 2461 Tunc
1543 2405 1867 2477 Gregorius,
1895 2420 1962 2460 co

373 2500 518 2570 quod
545 2499 695 2554 locus
726 2497 865 2553 idem
891 2497 957 2551 ad
983 2496 1293 2567 parochiam
1319 2510 1471 2550 suam
1516 2495 1832 2563 pertineret,
1861 2494 1960 2549 be-

374 2592 536 2662 nigne
561 2604 682 2643 eum
714 2589 821 2642 illic
849 2588 1083 2659 dirigere
1111 2586 1319 2650 statuit,
1341 2600 1507 2654 agens
1527 2586 1731 2655 gratias
1753 2584 1959 2656 pastori

372 2697 608 2755 summo,
638 2696 704 2736 eo
733 2679 876 2749 quod
905 2679 1149 2733 visitarct
1174 2678 1384 2748 plebem
1415 2693 1589 2731 suam.
1623 2677 1768 2732 Misit
1794 2679 1959 2732 etiam

370 2787 497 2829 cum
540 2788 606 2826 eo
631 2780 686 2827 et
717 2769 1101 2825 Marchelmum
1131 2784 1345 2824 servum
1377 2768 1473 2822 Dei
1503 2768 1569 2823 de
1610 2783 1807 2839 genere
1849 2768 1959 2822 An-

372 2864 581 2935 glorum
601 2904 615 2928 ,
648 2870 705 2918 et
744 2879 773 2916 a
805 2870 993 2918 sancto
1020 2860 1370 2916 Willibrordo
1394 2861 1645 2930 episeopo
1673 2875 1703 2915 a
1727 2861 1958 2931 pueritia

372 2956 573 3011 sanctis
616 2954 939 3009 instructum
981 2952 1243 3016 moribus,
1265 2959 1325 3005 ut
1353 2967 1474 3007 eum
1505 2959 1841 3022 praeponeret
1865 2966 1961 3021 po-

370 3045 515 3116 pulo.
544 3044 840 3115 Susceptus
862 3059 992 3116 ergo
1011 3045 1294 3113 presbyter
1314 3042 1628 3098 Liafuvinus
1654 3059 1683 3097 a
1711 3050 1955 3099 matrona

369 3139 602 3209 quadam
646 3139 865 3195 nomine
907 3137 1217 3201 Avcrbilda,
1249 3138 1566 3207 cazterisque
1594 3135 1844 3191 fidelibus
1872 3152 1958 3191 sc-

369 3230 612 3284 minabat
626 3230 945 3286 documenta
962 3230 1171 3296 salutis,
1187 3238 1243 3286 et
1263 3231 1474 3301 rigabat
1494 3237 1648 3299 prata
1671 3230 1951 3283 mentium.

366 3319 637 3377 Fecerunt
684 3330 865 3377 autem
894 3321 943 3376 ei
985 3321 1282 3377 oratorium
1334 3322 1387 3376 in
1431 3320 1758 3376 Occidentali
1802 3329 1956 3390 parte

363 3409 575 3482 praefati
604 3410 862 3476 ﬂuminis,
900 3412 955 3466 in
981 3412 1103 3467 loco
1131 3412 1224 3482 qui
1254 3410 1426 3480 Hulpa
1461 3420 1704 3466 vocatur.

441 3500 527 3555 12.
567 3500 697 3557 Post
735 3502 850 3557 hsce
891 3503 1054 3557 etiam
1082 3501 1485 3557 mdiﬂcavcrunt
1512 3504 1562 3557 ei
1590 3503 1873 3557 ecclesiam
1901 3504 1953 3557 in

366 3590 549 3644 littore
572 3590 823 3646 orientali
849 3589 1087 3658 ejusdem
1114 3588 1371 3655 ﬂuminis,
1400 3592 1453 3645 in
1476 3591 1593 3645 loco
1617 3589 1771 3658 cujus
1795 3607 1955 3646 voca-

365 3680 550 3734 bulum
577 3687 661 3735 est
691 3681 977 3744 Daventre,
1002 3696 1235 3750 cumque
1262 3682 1330 3736 ad
1355 3696 1475 3736 eam
1502 3680 1728 3751 populus
1756 3681 1826 3736 ob
1851 3681 1950 3736 viri

363 3770 539 3824 sancti
562 3770 865 3825 doctrinam
893 3771 1208 3837 conﬂueret,
1234 3772 1478 3827 Saxones
1503 3773 1594 3842 qui
1621 3788 1688 3828 eo
1709 3781 1952 3843 tempore

366 3861 589 3933 paganis
635 3861 992 3919 fuscabantur
1051 3864 1283 3929 ritibus,
1318 3865 1372 3918 in
1425 3863 1658 3919 furorem
1704 3866 1950 3921 conversi

362 3951 590 4007 collecto
634 3953 879 4008 exercitu
931 3952 1303 4024 effugaverunt
1350 3952 1685 4010 Christianos
1733 3956 1800 4011 ab
1845 3956 1951 4012 illis

363 4038 514 4107 locis,
551 4052 606 4097 et
634 4043 918 4099 ecclesiam
945 4045 1362 4101 combusserunt
1390 4045 1519 4116 igni.
1568 4046 1717 4102 Tune
1747 4048 1831 4100 vir
1854 4047 1948 4102 Dei

362 4135 679 4193 Liafuvinus
728 4153 981 4193 reversus
1009 4138 1076 4192 ad
1103 4138 1349 4192 abbatem
1374 4136 1693 4209 Gregorium
1725 4147 1950 4208 praesto-

359 4227 575 4282 labatur
602 4228 1024 4284 consolationem
1054 4244 1083 4282 a
1114 4227 1361 4284 Domino.
1408 4227 1609 4283 Sedato
1657 4230 1823 4299 igitur
1872 4238 1948 4285 tn-

361 4317 535 4372 multu
556 4320 894 4389 reversisquc
923 4320 1269 4390 przcdonibus
1298 4322 1350 4376 in
1378 4336 1494 4387 sua,
1528 4322 1612 4375 vir
1635 4323 1727 4377 Dei
1760 4325 1947 4379 remdi-

359 4409 541 4464 ficavit
564 4411 848 4468 ecclesiam
879 4429 1001 4483 qua:
1041 4412 1219 4469 fuerat
1246 4417 1558 4483 combusta;
1593 4425 1648 4471 et
1676 4433 1825 4473 more
1853 4435 1944 4474 so—

357 4503 453 4557 lito
481 4518 586 4557 non
611 4504 860 4560 cessnbat
889 4505 1211 4561 documenta
1229 4506 1420 4562 salutis
1440 4507 1750 4577 impendere
1767 4510 1942 4581 gregi,

355 4591 707 4663 quoadusque
743 4594 950 4663 pastori
1001 4610 1214 4650 summo
1250 4596 1502 4651 dilectam
1554 4598 1803 4653 redderet
1830 4600 1945 4653 ani-

356 4697 522 4749 mam,
552 4691 607 4736 et
656 4683 940 4741 defunctus
992 4686 1045 4741 in
1095 4688 1285 4742 eadem
1342 4687 1571 4743 ecclesia
1624 4698 1708 4744 est
1758 4690 1940 4761 sepulc

356 4778 466 4826 tus.

428 4864 515 4917 15.
558 4863 688 4919 Post
715 4864 772 4920 S.
804 4866 1076 4923 Liafuvini
1106 4870 1313 4924 obitum
1346 4870 1541 4925 iterum
1573 4872 1722 4942 impii
1770 4872 1940 4930 Saxo-

356 4968 454 5008 nes
485 4962 835 5011 vastaverunt
860 4957 1038 5013 locum
1062 4959 1233 5025 illum,
1264 4968 1320 5016 et
1345 4963 1743 5020 succenderunt
1767 4966 1941 5022 eccle-

354 5044 513 5109 siam,
544 5060 847 5116 corpusque
873 5045 990 5116 ejus
1016 5064 1114 5118 per
1148 5058 1261 5105 tres
1282 5052 1399 5108 dies
1426 5055 1805 5123 quaesiverunt,
1839 5071 1942 5114 nec

353 5132 600 5189 invenire
622 5143 935 5206 potuerunt.
964 5136 1070 5193 Sed
1095 5147 1150 5194 et
1178 5141 1346 5198 abbas
1369 5141 1663 5215 Gregorius
1688 5147 1942 5217 migravit

352 5224 421 5279 ad
450 5225 737 5282 Dominum
767 5229 796 5269 ι)
815 5271 829 5294 ,
856 5237 907 5285 et
940 5232 1175 5302 suscepit
1200 5248 1386 5288 curam
1412 5237 1736 5304 pastoralem
1762 5239 1941 5293 Albri-

353 5329 451 5368 cus
476 5331 643 5386 nepos
666 5315 802 5387 ejus,
832 5321 922 5390 qui
948 5322 1307 5377 venerabilem
1333 5321 1639 5394 Ludgerum
1670 5340 1792 5380 cum
1823 5342 1938 5381 ma-

352 5419 460 5472 gno
505 5406 758 5478 diligebat
804 5410 1014 5473 affectu,
1047 5422 1209 5481 atque
1249 5426 1374 5467 cum
1417 5412 1490 5468 ita
1525 5413 1793 5473 allocutus
1830 5427 1934 5484 est,

426 5538 870 5618 §_A‘nhverp.i_et
887 5536 1128 5599 Benel.:
1161 5543 1414 5618 rdirex‘it
1459 5545 1764 5618 Ludgerum
1810 5567 1932 5607 eum

356 5604 592 5670 prazfatis
637 5604 1088 5678 negotiatoribus,
1123 5613 1269 5667 misit
1303 5614 1466 5670 etiam
1497 5604 1620 5672 cum
1648 5633 1713 5673 eo
1739 5630 1792 5675 et
1819 5604 1937 5678 dia:

357 5683 552 5726 canum
578 5688 758 5743 suum,
793 5676 1009 5732 nomine
1037 5679 1218 5751 l’utul,
1250 5682 1466 5752 timens,
1489 5705 1506 5736 ι
1540 5696 1646 5742 etc.

2064 1863 2094 1902 a
2121 1849 2432 1918 gentilibus,
2461 1850 2558 1905 sed
2581 1859 2639 1905 et
2680 1866 2877 1922 corpus
2906 1869 3085 1908 meum
3115 1854 3259 1925 quod
3298 1856 3546 1926 quassisti
3578 1858 3657 1912 in-

2063 1939 2250 1995 venies
2279 1940 2379 1994 sub
2400 1941 2650 2007 australi,
2667 1956 2827 2011 quem
2853 1944 3320 2015 erexisti,pariete
3346 1946 3651 2002 humatum.

2062 2031 2342 2105 Ludgerus
2371 2033 2535 2103 igitur
2554 2049 2714 2089 mane
2736 2035 2948 2090 Domini
2979 2036 3227 2094 laudibus
3247 2038 3481 2109 expletis
3510 2041 3657 2096 inve-

2061 2122 2141 2177 nit
2171 2138 2366 2193 corpus
2394 2125 2566 2180 sancti
2599 2125 2654 2180 in
2685 2125 2802 2181 loco
2826 2126 2930 2182 sibi
2955 2126 3012 2181 in
3039 2127 3249 2185 visione
3285 2131 3574 2200 praedicto,
3604 2141 3657 2187 et

2061 2214 2284 2270 collecta
2328 2216 2669 2271 multitudine
2713 2215 2839 2272 fecit
2888 2218 3163 2274 transvehi
3202 2219 3364 2276 bases
3408 2220 3654 2292 ejusdem

2060 2305 2273 2361 aedificii
2305 2306 2358 2360 in
2388 2314 2597 2376 partem
2629 2308 2944 2374 australem,
2980 2316 3036 2364 et
3062 2309 3136 2364 ita
3173 2304 3315 2365 infra
3360 2311 3653 2368 ecclesiam

2061 2398 2279 2470 collegit
2300 2398 2608 2468 sepulcrum
2641 2399 2745 2453 viri
2789 2399 2904 2455 Dei.
2934 2399 3179 2456 Perfecta
3209 2400 3394 2471 itaque
3421 2410 3513 2458 est
3542 2403 3650 2473 ipsa

2059 2493 2289 2548 ecclesia
2336 2500 2390 2547 et
2433 2501 2771 2558 consecrata,
2822 2507 2943 2562 qua:
2986 2508 3262 2563 nunquam
3317 2495 3581 2566 deinceps
3621 2511 3652 2557 a

2058 2583 2348 2654 gentilibus
2374 2581 2549 2637 fuerat
2575 2583 2960 2638 contaminata.
3009 2584 3117 2640 Sed
3151 2585 3205 2639 in
3251 2583 3374 2640 loco
3422 2586 3521 2642 illo
3556 2602 3652 2657 per

2059 2689 2274 2729 servum
2301 2689 2457 2729 suum
2497 2673 2839 2729 Liafuvinnm
2875 2675 3132 2732 Dominus
3150 2677 3371 2759 .multas
3418 2680 3650 2736 virtutes

2058 2771 2315 2833 operatur
2359 2778 2531 2834 usque
2571 2765 2625 2820 in
2665 2766 2986 2821 hodiernum
3032 2766 3197 2830 diem,
3227 2768 3318 2823 ubi
3352 2776 3445 2824 cst
3487 2771 3648 2826 etiam

2058 2869 2201 2910 nunc
2272 2854 2577 2910 coenobium
2648 2855 3033 2913 eanonicorum
3085 2856 3315 2912 Domino
3382 2857 3648 2914 famulan-

2062 2945 2218 3000 tium.

2134 3036 2221 3091 15.
2257 3035 2387 3093 Post
2423 3038 2540 3093 haec
2567 3037 2716 3092 misit
2742 3036 2991 3093 Albricus
3018 3037 3327 3110 Ludgerum
3352 3048 3411 3095 et
3431 3055 3554 3097 cum
3578 3055 3644 3097 eo

2061 3132 2197 3189 alios
2238 3146 2426 3188 servos
2455 3131 2550 3187 Dei
2579 3138 2638 3186 ut
2667 3130 3008 3187 destrucrent
3036 3130 3159 3187 fana
3197 3133 3446 3200 deorum,
3472 3140 3526 3189 et
3552 3146 3638 3189 va-

2060 3222 2169 3278 rias
2211 3221 2449 3278 culturas
2497 3221 2762 3277 idolorum
2796 3221 2850 3276 in
2899 3231 3058 3293 gente
3098 3222 3425 3279 Fresonum.
3457 3225 3528 3280 At
3568 3225 3647 3281 illi

2051 3312 2202 3381 jussa
2222 3312 2554 3382 complentes
2565 3310 2859 3366 attulerunt
2877 3326 3129 3384 magnum
3147 3314 3470 3370 thesaurum
3485 3326 3642 3372 eume

2056 3419 2231 3474 quem
2256 3406 2313 3459 in
2345 3403 2584 3460 delubris
2620 3404 2967 3471 invenerant,
2995 3420 3060 3461 ex
3089 3421 3196 3476 quo
3219 3406 3454 3465 Carolus
3481 3409 3646 3481 impe-

2058 3506 2211 3555 rator
2249 3498 2384 3553 duas
2428 3504 2613 3566 partes
2654 3497 2884 3567 accepit,
2911 3498 3126 3553 tertiam
3155 3513 3286 3554 vero
3330 3508 3545 3569 partem
3578 3500 3644 3554 ad

2055 3604 2188 3644 usus
2218 3604 2346 3644 suos
2374 3587 2655 3643 Albricum
2686 3588 2928 3657 recipere
2950 3588 3228 3660 praecepit.
3370 3630 3428 3654 ἡ

2125 3683 2378 3739 Albricus
2402 3689 2583 3737 autem
2609 3694 2734 3735 cum
2764 3681 2818 3737 in
2842 3681 3062 3738 Colonia
3090 3681 3318 3755 gradum
3346 3683 3642 3751 accepisset

2054 3775 2436 3847 episcopalem,
2468 3772 2595 3829 fecit
2633 3783 2689 3830 ct
2730 3771 3040 3843 Ludgerum
3091 3786 3278 3828 secum
3319 3771 3641 3842 presbyterii

2051 3868 2331 3938 percipere
2358 3866 2600 3935 gradum,
2626 3875 2684 3920 et
2706 3863 2989 3919 constituit
3010 3877 3133 3919 eum
3163 3862 3448 3917 doctorem
3470 3860 3636 3917 cccleo

2053 3959 2147 4013 size.
2175 3959 2227 4012 in
2271 3974 2431 4028 pago,
2461 3958 2545 4013 cui
2574 3974 2768 4014 nomen
2797 3958 3063 4015 Ostrache
3093 3956 3171 4030 (id
3193 3966 3302 4023 est,
3330 3956 3632 4029 Ostergau).

2052 4048 2104 4102 in
2138 4050 2255 4103 loco
2281 4051 2369 4104 ubi
2396 4059 2615 4106 sanctus
2656 4050 2964 4106 Bonifacius
2994 4050 3257 4122 martyrio
3285 4059 3375 4106 est
3415 4064 3632 4106 corona-

2052 4152 2159 4197 tus.
2193 4142 2488 4212 Divisitque
2514 4142 2656 4197 idem
2695 4142 2948 4198 Albricus
2987 4156 3187 4197 annum
3217 4141 3276 4196 in
3306 4141 3630 4198 distributio-

2050 4246 2147 4287 nes
2190 4241 2445 4302 quatuor,
2475 4236 2548 4289 ita
2577 4244 2637 4291 ut
2668 4236 2723 4290 in
2751 4234 3002 4305 Trajecto
3039 4236 3373 4293 monasterio
3398 4252 3509 4308 pra:
3534 4250 3628 4293 ca-

2049 4322 2182 4377 teris
2204 4325 2507 4395 prazpositis
2547 4325 2664 4395 ipse
2693 4326 2748 4381 in
2775 4334 3019 4397 tempore
3057 4327 3264 4383 vernali
3292 4327 3351 4384 in
3381 4328 3628 4384 doctrina:

2050 4414 2226 4469 studio
2265 4424 2321 4469 et
2371 4429 2573 4472 sanctae
2618 4420 3044 4476 conversationis
3072 4429 3332 4491 prmesset
3379 4419 3627 4476 fratribus

2052 4516 2263 4558 menses
2316 4513 2449 4571 tres,
2479 4508 2673 4565 deinde
2713 4517 2838 4580 post
2882 4523 3006 4565 eum
3060 4511 3117 4567 in
3165 4520 3357 4568 testate
3404 4512 3625 4583 Adalger

2050 4595 2329 4665 presbyter
2350 4597 2403 4650 in
2429 4598 2548 4654 vice
2574 4614 2670 4655 sua
2697 4615 2913 4657 menses
2938 4609 3074 4670 tres,
3103 4611 3231 4674 post
3253 4604 3402 4660 hunc
3420 4602 3621 4673 Ludge-

2054 4698 2144 4738 rus
2187 4687 2471 4758 presbyter
2498 4704 2714 4747 menses
2744 4702 2856 4748 tres
2875 4732 2891 4759 ,
2921 4692 3118 4750 deinde
3143 4693 3200 4750 in
3227 4693 3412 4752 hieme
3442 4695 3623 4751 Thiat-

2045 4776 2171 4831 brat
2194 4780 2478 4850 presbyter
2499 4796 2713 4839 menses
2736 4791 2869 4840 tres.

2117 4866 2205 4921 16.
2243 4866 2523 4941 Ludgerus
2546 4870 2713 4943 igitur
2745 4874 2798 4929 in
2824 4875 3017 4932 ordine
3035 4876 3174 4934 vicis
3199 4890 3313 4934 sua:
3338 4876 3621 4945 Inocturnis

2044 4961 2380 5030 temporibus
2402 4972 2525 5033 post
2546 4965 2902 5034 psalmodiam
2927 4975 2985 5024 et
3008 4969 3310 5036 orationes,
3335 4985 3474 5041 quas
3492 4984 3609 5026 sem

2042 5063 2140 5119 per
2161 5062 2471 5121 amaverat,
2497 5053 2552 5109 in
2582 5055 2783 5113 solario
2811 5058 3058 5117 ecclesia:
3087 5060 3266 5116 sancti
3307 5058 3622 5123 δίκαιοι-ξε,

2041 5155 2204 5210 quam
2254 5145 2904 5205 sanctus.Willibrordus
2953 5149 3293 5207 conﬂuxerat
3314 5191 3334 5219 ,
3387 5151 3624 5207 membra

2041 5232 2212 5300 quieti
2235 5234 2364 5290 dare
2410 5247 2784 5305 consueverat,
2815 5240 2907 5295 ubi
2934 5239 2983 5295 ei
3010 5249 3172 5298 nocte
3198 5241 3439 5313 quadam
3462 5254 3621 5297 vale—

2044 5322 2230 5377 rabilis
2245 5325 2414 5380 abbas
2434 5325 2724 5399 Gregorius
2743 5345 2845 5400 per
2867 5331 3126 5389 visionem
3145 5335 3400 5405 apparuit
3418 5333 3619 5390 dicens:

2041 5412 2232 5470 Frater
2251 5415 2762 5489 Ludgere,sequere
2786 5437 2908 5490 me;
2945 5437 3110 5493 quem
3136 5424 3266 5479 dum
3293 5423 3413 5494 ipse
3434 5435 3621 5493 seque—

2110 5552 2139 5592 ιι
2177 5552 2497 5623 Gregorium
2520 5556 2768 5613 abbatem
2798 5575 2940 5615 anno
2956 5560 3382 5619 776deccssisse
3406 5561 3616 5617 demon-

2040 5630 2284 5698 strarunt
2315 5623 2503 5679 Patres
2527 5626 2985 5698 Aptwerpienses.

2114 5705 2136 5732 ε
2173 5693 2451 5762 Antwerp.
2484 5704 2539 5751 et
2562 5693 2767 5752 Bencd:
2811 5702 2879 5752 ei.
