3878 6172
172 321 278 376 ΤΠ

1488 316 1669 372 ACTA
1709 314 1766 371 S.
1806 314 2129 370 LUDCEBI.

3328 315 3432 371 778

170 438 347 493 κων,
380 425 628 482 ascendit
655 426 713 480 in
756 425 1169 482 eminentiorem
1197 426 1397 489 nicum,
1416 424 1756 495 jactavitque
1785 430 1834 488 Δ
1936 424 2135 481 Ultima
2164 423 2460 494 cespitibus
2490 422 2608 478 istis
2638 424 2862 494 vestigia
2889 424 3158 495 linquens.

171 534 364 576 coram
407 532 476 574 eo
516 517 883 587 particulatim
928 517 1083 585 quasi
1130 517 1474 573 membranas
1498 523 1555 571 et
1592 515 1758 573 vesti-

170 616 482 667 mentorum
528 615 728 677 partes,
756 616 812 663 et
842 608 1015 663 dixit:
1035 606 1240 677 Collige
1278 621 1347 661 ex
1385 607 1468 663 eis
1510 621 1753 662 acervos.

170 702 420 769 Cumque
445 706 828 770 congregasset
854 713 923 754 ex
957 698 1036 753 eis
1059 704 1172 753 tres
1199 697 1456 760 tumulos,
1487 696 1624 752 dixit
1663 697 1712 751 ei
1739 715 1753 750 :

170 790 449 846 Distribue
474 789 575 844 ista
603 790 741 845 bene
778 789 832 844 in
861 804 1024 859 opere
1049 789 1262 844 Domini
1293 798 1350 843 et
1373 805 1474 859 ego
1501 789 1598 845 tibi
1627 790 1760 846 satis

169 880 345 943 dabo;
373 887 429 933 et
453 880 687 950 signavit
711 894 834 934 eum
864 878 1139 951 signaculo
1164 880 1344 935 crucis
1380 889 1436 936 et
1475 880 1755 936 abscessit.

169 970 417 1039 Cumque
469 986 629 1026 mane
670 969 814 1026 facto
857 973 1131 1028 retulisset
1162 972 1429 1029 somnium
1471 972 1760 1042 praeposito

170 1060 489 1116 monasterii
531 1059 757 1115 Haldoni
795 1061 1013 1117 nomine
1045 1071 1100 1117 et
1128 1061 1339 1117 custodi
1366 1062 1609 1117 ecclesiae
1638 1078 1761 1117 san-

169 1152 359 1207 ctitate
384 1152 608 1222 przedito
624 1152 968 1219 Marchelmo,
992 1154 1148 1223 cujus
1170 1155 1417 1224 superius
1438 1156 1758 1211 memoriam

168 1240 278 1299 feci
303 1261 316 1296 :
343 1242 631 1298 confestim
654 1242 1017 1299 Marchelmus
1041 1245 1108 1299 ad
1132 1246 1250 1299 haec
1279 1258 1343 1298 ea
1366 1258 1487 1313 qua
1510 1244 1762 1314 probavit

172 1334 251 1389 rei
283 1342 530 1397 eventus.
562 1350 787 1389 exorsus
815 1344 922 1397 est,
969 1336 1154 1390 dicens
1181 1354 1194 1388 :
1223 1334 1359 1391 Tres
1388 1336 1600 1401 tumuli,
1626 1351 1764 1407 quos

170 1426 537 1495 congregasti,
560 1426 721 1479 trium
748 1434 878 1480 sunt
897 1427 1258 1496 gubernacula
1285 1427 1546 1496 plebium,
1568 1428 1766 1497 quibus

174 1517 353 1571 adhuc
376 1516 636 1585 pastorali
663 1516 926 1587 regimine
968 1525 1020 1571 te
1047 1526 1263 1588 oportet
1287 1534 1539 1588 prteesse.
1578 1518 1648 1573 At
1676 1519 1765 1574 ille

172 1606 351 1659 dixit:
377 1605 595 1662 Utinam
631 1606 687 1660 in
717 1606 837 1662 loco
860 1606 992 1661 mihi
1027 1607 1235 1662 credito
1272 1606 1506 1680 aliquem
1537 1608 1765 1664 Domino

175 1693 413 1749 fructum
454 1693 750 1764 perﬁciam.
785 1694 887 1750 llic
915 1696 1081 1751 etiam
1110 1696 1419 1767 Ludgerus,
1447 1698 1682 1769 qualiter
1709 1700 1761 1753 in

1930 512 2147 569 Suadeo
2165 527 2286 582 quae
2311 522 2530 585 propter
2558 522 2783 568 curvato
2808 513 3013 584 poplite
3038 515 3285 586 supplex,

1926 600 2009 657 ‘fu
2036 602 2363 672 quicumque
2391 603 2544 674 legis,
2579 604 2737 658 terris
2764 603 2850 659 bis
2877 605 3062 660 oscula
3101 606 3227 678 ﬁge.

1931 692 2067 762 Spes
2100 694 2196 749 tibi
2224 710 2419 765 magna
2448 694 2543 749 llat
2572 692 2775 766 [Forte
2809 692 2923 767 fiet]
2954 694 3225 768 lacrymas
3249 713 3439 754 ascen-

2994 787 3146 861 [dere
3169 789 3374 846 calum

1937 875 2072 931 Hinc
2094 877 2334 947 potuisse
2369 887 2492 934 tuas
2518 876 2681 934 fultas
2706 881 3026 951 patronibus
3048 892 3070 921 ο
3102 881 3241 938 istis.

1934 967 2025 1020 Sic
2051 968 2270 1023 manetd
2301 968 2389 1024 ille
2416 985 2581 1024 cruor
2613 980 2810 1026 cuncto
2832 971 3121 1040 pretiosior
3146 987 3281 1029 auro
3301 1012 3317 1033 .

1938 1060 2284 1130 Membraque
2310 1062 2518 1117 caelesti
2545 1078 2670 1119 rore
2695 1065 2781 1119 hic
2809 1064 3024 1135 perfusa
3053 1066 3363 1133 quiescunt.

1931 1148 2162 1217 Adjuvat
2185 1150 2309 1207 hinc
2330 1151 2529 1206 Paulus
2553 1152 2761 1217 doctor,
2786 1153 3093 1209 Bonifacius
3121 1155 3266 1220 inde,

1934 1238 2061 1295 Haec
2091 1240 2194 1296 illis
2216 1241 2431 1310 quando
2457 1251 2671 1297 constat
2695 1242 2854 1298 simul
2882 1243 3004 1297 aula
3030 1243 3231 1300 dicata.

1941 1332 2026 1385 18.
2053 1331 2298 1402 Cumque
2340 1333 2426 1387 vir
2450 1334 2544 1388 Dei
2572 1334 2852 1405 Ludgerus
2897 1336 2949 1389 in
2995 1337 3186 1392 eadem
3232 1338 3453 1409 regione

1865 1420 2024 1476 annis
2068 1420 2182 1475 fere
2226 1430 2432 1491 septem
2480 1423 2535 1477 in
2581 1424 2841 1478 doctrina:
2871 1423 3052 1479 studio
3096 1425 3451 1495 persisteret,

1864 1512 2207 1565 consurrexit
2242 1513 2392 1567 radix
2439 1513 2661 1568 sceleris
2686 1513 2973 1570 Wutukint
3012 1512 3120 1570 dux
3168 1514 3447 1573 Savouum

1865 1607 2091 1655 eatenus
2112 1600 2418 1671 gentilium,
2435 1603 2631 1656 evertit
2647 1602 2910 1658 Fresones
2931 1618 2962 1656 a
2977 1603 3064 1658 via
3078 1603 3173 1657 Dei
3197 1605 3447 1660 combus-

1867 1692 2050 1767 sitque
2071 1694 2329 1749 ecclesias
2363 1704 2421 1750 et
2442 1695 2649 1766 expulit
2673 1695 2767 1749 Dei
2807 1694 3039 1751 famulos
3079 1706 3135 1751 et
3168 1712 3341 1767 usque
3386 1698 3455 1752 ad

177 1796 337 1857 genie
370 1786 669 1842 Fresonum
706 1794 951 1857 qualum
976 1788 1383 1859 evangelizandi
1426 1792 1763 1846 exercuisse;
1796 1771 1840 1832 Β
1868 1781 1902 1837 l-‘
1909 1782 1995 1839 leo
2016 1782 2236 1840 ﬂuvium
2257 1783 2386 1841 fecit
2410 1785 2677 1841 Fresones
2696 1785 2898 1842 Christi
2938 1787 3100 1843 fidem
3126 1788 3454 1857 relinquere,

176 1878 438 1942 cilicium,
465 1887 520 1933 et
564 1878 771 1933 semina
818 1878 941 1934 vita:
984 1894 1232 1949 superna:
1258 1867 1449 1951 gratiae
1474 1897 1599 1937 rore
1632 1882 1767 1937 irri-

170 1980 372 2043 gante,
402 1971 460 2026 in
497 1972 642 2042 agris
670 1970 961 2029 multorum
989 1971 1231 2027 cordium
1258 1972 1331 2027 ad
1357 1971 1476 2041 ejus
1502 1974 1764 2043 praedica-

176 2065 384 2119 tionem
412 2062 684 2117 uberrime
704 2062 1080 2131 pullulassent,
1100 2072 1278 2119 testes
1307 2074 1435 2120 sunt
1472 2082 1642 2136 usque
1673 2068 1768 2122 ho-

178 2155 272 2209 die
315 2152 497 2223 pepuli
528 2152 762 2221 regionis
806 2153 970 2217 illius,
998 2154 1141 2222 quod
1169 2157 1237 2209 ad
1268 2155 1509 2211 veritatis
1534 2157 1769 2228 agnitio-

173 2260 304 2300 nem
320 2260 350 2298 a
364 2244 545 2313 prisco
571 2244 844 2298 revocavit
857 2258 1042 2300 errore
1057 2261 1072 2310 ;
1096 2252 1264 2301 testes
1278 2262 1491 2317 quoque
1505 2248 1766 2312 ecclesiae,

170 2351 320 2404 quas
343 2349 443 2404 per
467 2334 585 2388 loca
613 2333 821 2405 singula
843 2336 1173 2399 construxit;
1203 2345 1369 2391 testes
1410 2347 1465 2392 et
1501 2338 1768 2394 famulan-

180 2429 321 2482 tium
366 2428 478 2481 Deo
503 2426 965 2498 congregationes,
990 2442 1125 2497 quas
1150 2429 1420 2499 aliquibus
1448 2431 1771 2487 coadunavit

178 2524 238 2579 in
273 2523 429 2578 locis.

252 2640 340 2694 i'i.
372 2638 472 2695 Cui
501 2637 661 2695 etiam
703 2638 1071 2696 testimonium
1101 2641 1377 2712 perhibuit
1417 2641 1637 2712 quidam
1680 2640 1771 2693 Al-

180 2732 329 2785 cuini
360 2731 658 2801 discipulus
705 2746 732 2773 ιι
767 2732 1015 2787 versibus
1044 2734 1279 2789 heroicis
1308 2733 1437 2788 talia
1467 2732 1724 2788 mandans
1750 2746 1766 2784 :

252 2820 448 2875 Frater
473 2836 659 2876 amore
688 2821 781 2875 Dei
809 2830 1040 2892 cognato
1069 2822 1277 2877 dulcior
1300 2822 1448 2877 omni

252 2912 763 2983 Et‘consanguineis
790 2914 985 2968 merito
1012 2914 1300 2985 pretiosior
1325 2914 1475 2984 ipsis.

252 2999 467 3070 Ludger
493 3008 668 3054 amate
699 3001 853 3065 mihi,
876 3000 1079 3056 Christi
1111 3008 1163 3056 te
1191 3001 1364 3072 gratia
1395 3001 1596 3057 salvet:

254 3089 391 3143 Vive
423 3097 529 3144 tute
554 3090 729 3159 gentis
751 3089 1051 3146 Fresonum
1083 3092 1230 3146 clara
1254 3090 1526 3155 columna,

252 3180 552 3252 Presbyter
578 3182 819 3237 occiduis
856 3182 1142 3239 laudabilis
1169 3183 1319 3239 orbis
1349 3183 1403 3238 in
1427 3183 1562 3248 oris,

253 3273 483 3338 Doctus,
515 3273 570 3327 in
590 3271 805 3342 eloquio
829 3273 1086 3342 prudens,
1121 3283 1174 3329 et
1200 3282 1381 3329 mente
1406 3273 1739 3347 profundus;

254 3364 375 3435 ipse
402 3364 632 3435 gradum
659 3364 871 3420 meritis
896 3380 1080 3431 emas,
1110 3374 1165 3421 et
1185 3366 1428 3422 moribus
1456 3367 1633 3422 almis.

259 3456 329 3511 Et
353 3472 510 3527 puer,
539 3470 629 3521 en,
654 3455 875 3512 senibus
901 3456 1089 3511 humili
1116 3457 1181 3513 de
1211 3458 1373 3513 corde
1396 3458 1703 3513 ministras:

260 3548 331 3603 Et
347 3562 642 3619 germanus
681 3547 801 3617 agis
832 3549 1043 3603 cunctis
1066 3548 1367 3619 aequalibus
1393 3564 1543 3604 aevo:

256 3637 441 3707 Atque
456 3652 657 3708 parens
681 3638 866 3708 pueris
890 3638 1017 3693 vita:
1043 3639 1365 3695 documenta
1396 3638 1666 3710 rependis.

255 3730 315 3784 In
347 3716 544 3784 meliu's
565 3717 878 3794 crescendo,
906 3729 1014 3785 mei
1038 3745 1249 3786 memor
1277 3732 1415 3797 c‘sto,
1446 3731 1720 3795 sacerdos,

256 3817 317 3873 in
346 3817 711 3889 precibusque
740 3818 848 3873 tuis
872 3820 1215 3876 commendes
1243 3835 1425 3889 quaeso
1449 3820 1678 3874 Tonanti

256 3907 356 3963 His
381 3907 641 3963 brevibus
662 3917 863 3975 vatem,
890 3910 982 3981 qui
1015 3919 1066 3965 te
1097 3911 1335 3967 laudavit
1363 3912 1416 3966 in
1447 3912 1595 3978 edis;

256 3996 361 4053 Cui
386 3996 577 4052 teretis
599 3998 776 4053 baculi
801 4015 903 4070 pro
943 4000 1035 4055 tali
1065 4002 1307 4057 carmine
1330 4001 1531 4059 donum

259 4087 549 4143 lunificus
571 4088 801 4144 tribuas.
829 4089 965 4145 Fors
989 4091 1103 4147 haec
1128 4090 1435 4147 mercedula
1466 4093 1574 4146 vati

258 4176 571 4234 Concordat
601 4179 833 4235 modico.
858 4179 1009 4236 Felix
1038 4181 1155 4237 sine
1183 4181 1289 4239 fine
1318 4182 1512 4238 valeto.

261 4269 361 4325 Hie
381 4270 413 4310 δ
433 4268 601 4324 Pater
628 4270 876 4340 egregius
908 4272 1119 4327 meritis
1145 4270 1453 4329 Bonifacius
1476 4272 1631 4329 almis

256 4359 397 4417 Cum
423 4360 589 4417 sociis
611 4361 817 4431 pariter
837 4360 1097 4419 fundebat
1123 4363 1401 4433 sanguinis
1423 4365 1641 4429 undam,

261 4449 466 4521 Inclyta
494 4449 741 4523 martyrii
775 4462 1052 4507 sumentes
1081 4461 1368 4507 stemmata
1399 4453 1559 4509 sacri.

259 4539 435 4597 Terra
462 4541 620 4595 beata
645 4542 807 4598 nimis
832 4552 1145 4599 sanewrum
1172 4543 1432 4614 sanguine
1461 4543 1630 4608 dives,

260 4631 588 4688 Transvolat
615 4635 743 4690 hinc
768 4634 939 4690 victor
964 4635 1121 4689 miles
1146 4632 1210 4687 ad
1240 4636 1459 4705 praemia
1490 4635 1630 4697 cmli,

262 4776 290 4805 ι
323 4763 404 4820 Ex
445 4765 626 4823 indice
679 4767 917 4836 capitum
960 4773 1108 4835 patet
1154 4762 1447 4836 losepbum
1491 4764 1777 4834 quemdam

184 4849 315 4890 esse
332 4843 609 4890 auctorem
625 4833 817 4890 horum
839 4833 1113 4905 versuum.
1144 4835 1212 4905 Et
1232 4833 1423 4905 Surius
1446 4833 1659 4905 quoque
1684 4850 1781 4888 uo-

186 4911 273 4985 tat
301 4905 357 4958 in
372 4920 511 4985 ‘msz
529 4905 843 4985 codicelrgj
868 4923 881 4957 :
929 4903 1119 4959 Versus
1130 4903 1352 4985 Ioseph.
1380 4900 1776 4985 ⁸(ζεῖ-μεηῖοςνειριιι

180 4975 339 5028 inter
359 4974 575 5030 Alcuini
600 4974 896 5045 discipulos
928 4973 1291 5045 computatur,
1330 4981 1400 5045 ut
1424 4981 1571 5045 patet
1590 4986 1689 5045 _es_
1712 4973 1779 5045 iis

180 5057 318 5114 qua:
492 5059 561 5114 iv
592 5041 960 5114 Benedictino,
992 5041 1149 5114 parte
1178 5058 1219 5109 ι,
1247 5044 1305 5098 in
1329 5041 1518 5113 Elogio
1539 5041 1775 5107 Alcuini,

179 5111 319 5185 pag.
340 5112 457 5179 l80,
487 5113 541 5167 in
567 5114 802 5168 medium
825 5111 1142 5168 afferuntur.

266 5222 300 5262 δ
350 5220 410 5276 in
456 5222 786 5292 editionibus
824 5222 960 5277 Vita:
985 5220 1046 5276 S.
1072 5220 1327 5292 Ludgeri,
1370 5235 1506 5290 quas
1532 5221 1781 5275 Antwer-

180 5292 413 5364 pienses
441 5300 497 5364 et
521 5290 858 5364 lienedictini
898 5290 1282 5361 procurarunt,
1311 5305 1500 5345 versus
1547 5305 1779 5364 sequen-

181 5355 280 5418 tes
323 5374 353 5412 a
376 5360 650 5431 prioribus
679 5355 1186 5431 distinguuntur,et
1206 5367 1574 5431 anterversum
1615 5355 1641 5413 ε’
1675 5355 1779 5413 Hic

181 5438 350 5502 prun
371 5430 780 5502 egregins,e_to.,
811 5430 969 5502 talem
998 5430 1220 5502 titulum
1236 5430 1477 5502 positum
1496 5430 1778 5502 invenere:

199 5498 635 5581 Υιηαέριζιείηὶ
658 5499 1242 5581 ἀεοςαριαὶαλλιίιθενξ.
1274 5498 1376 5565 Qui
1404 5499 1784 5581 etiamﬁtulus

182 5569 438 5652 praponi
469 5567 668 5650 debere
689 5569 922 5650 videtur.
950 5565 1286 5650 .Nam'prius
1309 5582 1530 5625 carmen
1564 5565 1783 5651 Iosephi

186 5638 389 5692 ﬁnitur
414 5654 472 5694 tn
492 5637 675 5693 verbis
699 5654 712 5689 :
739 5636 894 5692 Felix
916 5654 1028 5692 sine
1050 5635 1156 5706 ﬁne
1179 5636 1364 5691 valeto.
1395 5638 1461 5692 Et
1484 5649 1680 5693 novum
1708 5653 1785 5691 tn-

180 5706 339 5780 cipit
361 5708 416 5763 in
436 5707 618 5763 verbis
640 5725 654 5760 :
684 5706 784 5761 Hic
808 5717 957 5777 pater
980 5707 1239 5777 egregius,
1261 5716 1367 5760 etc.

616 5842 891 5903 ΡΑτιοι..
941 5841 1138 5901 XCIX

1863 1888 1925 1930 et
1966 1876 2248 1932 immolare
2290 1877 2448 1933 idolis
2501 1875 2658 1944 juxta
2723 1893 2930 1932 morem
2973 1879 3178 1934 erroris
3219 1879 3452 1949 pristini.

1870 1967 1977 2023 Sed
1998 1976 2053 2022 et
2077 1967 2326 2023 Albricus
2357 1968 2641 2038 cpiscopus
2692 1968 2744 2022 in
2775 1969 2887 2037 ipsa
2914 1983 3168 2038 perversa
3211 1984 3455 2024 commo-

1869 2060 2016 2115 tione
2045 2060 2297 2131 migravit
2339 2060 2406 2114 ad
2430 2061 2739 2115 Dominum.
2786 2060 2937 2115 Tunc
2960 2060 3240 2130 Ludgerus
3263 2076 3455 2117 ncces-

1867 2153 2030 2206 sitate
2077 2151 2386 2221 compulsus
2422 2151 2660 2206 deseruit
2702 2160 2888 2222 partes
2932 2151 3071 2217 illas,
3098 2160 3154 2208 et
3197 2152 3455 2222 disposita

1869 2243 2026 2298 turba
2072 2242 2478 2313 discipulorum,
2504 2244 2638 2297 duos
2686 2257 2753 2297 ex
2798 2243 2880 2298 eis
2924 2258 3106 2299 secum
3143 2258 3452 2309 assumens,

1869 2332 2243 2403 llildigrimum
2286 2334 2490 2389 scilicet
2519 2350 2835 2405 germanum
2861 2331 2997 2402 ejus,
3026 2343 3075 2388 ct
3105 2334 3453 2398 Gerbertum,

1867 2424 1960 2493 qui
2008 2425 2492 2492 cognominabatur
2520 2425 2732 2490 Castus,
2768 2426 3008 2495 perrexit
3038 2425 3266 2480 Romam
3311 2436 3359 2491 ο,
3399 2432 3458 2480 et

1870 2516 1996 2570 inde
2018 2514 2368 2585 progrediens
2395 2515 2643 2584 pervenit
2687 2516 2753 2569 ad
2784 2515 3171 2569 monasterium
3203 2514 3260 2567 S.
3289 2514 3460 2569 Bene-

1870 2606 2002 2661 dicti
2032 2607 2085 2661 in
2117 2621 2283 2678 regno
2305 2606 2692 2670 Beneventino,
2721 2615 2777 2661 et
2806 2607 2915 2663 illic
2946 2607 2998 2661 in
3024 2614 3212 2662 sancta
3236 2621 3463 2662 conver-

1872 2697 2083 2751 satione
2132 2698 2435 2752 consistens
2480 2697 2668 2751 didicit
2709 2697 2952 2766 regulam
2999 2697 3238 2765 ejusdem
3287 2699 3461 2753 sancti

1873 2786 2052 2841 Patris
2078 2787 2376 2842 Benedicti.
2409 2786 2542 2840 Erat
2569 2787 2711 2840 enim
2758 2786 2985 2856 cupiens
3025 2785 3338 2840 haereditate
3364 2803 3460 2841 sua

1871 2876 2180 2931 ccenobium
2207 2887 2523 2932 construere
2568 2877 2975 2938 monachorum,
2998 2878 3143 2945 quod
3169 2877 3243 2930 ita
3269 2886 3460 2946 postea

1879 2969 2109 3023 Domino
2133 2969 2430 3039 opitulante
2459 2984 2779 3023 concessum
2808 2977 2893 3023 est
2932 2968 2989 3022 in
3017 2970 3136 3024 loco
3173 2970 3265 3041 qui
3300 2986 3461 3027 voca-

1878 3069 1970 3114 tur
1996 3060 2312 3116 Vuerthina.

1951 3173 2039 3229 19.
2064 3170 2194 3228 Post
2218 3173 2352 3229 duos
2378 3173 2540 3244 igitur
2564 3190 2735 3229 annos
2760 3184 2815 3229 et
2840 3189 3052 3230 menses
3086 3190 3180 3231 sex
3216 3190 3464 3231 reversus

1879 3272 1962 3320 est
1992 3265 2060 3320 ad
2083 3266 2311 3335 patriam
2338 3280 2512 3331 suam,
2541 3272 2595 3319 ct
2624 3265 2870 3336 pervenit
2896 3266 3009 3333 ejus
3039 3265 3179 3321 fama
3209 3268 3275 3321 ad
3304 3283 3465 3322 aures

1878 3354 2095 3424 gloriosi
2143 3354 2404 3427 principis
2434 3353 2631 3419 Caroli,
2659 3354 2749 3424 qui
2780 3356 3060 3410 constituit
3106 3371 3229 3409 eum
3278 3356 3464 3411 docto-

1880 3459 1993 3500 rem
2041 3444 2095 3499 in
2126 3452 2286 3513 gente
2311 3443 2608 3498 Fresonum
2640 3444 2708 3499 ab
2735 3444 2986 3499 orientali
3030 3453 3185 3514 parte
3228 3442 3466 3500 ﬂuminis

1876 3533 2077 3590 Labelti
2111 3533 2131 3573 ί
2175 3549 2337 3603 super
2362 3548 2529 3604 pagos
2551 3532 2787 3602 quinque
2812 3548 3041 3603 quorum
3074 3534 3190 3588 haec
3215 3544 3341 3589 sunt
3368 3549 3464 3588 vo-

1877 3624 2067 3680 cabula
2094 3627 2119 3664 ⁸
2146 3642 2158 3676 :
2190 3623 2553 3696 llugmerchi,
2606 3623 2891 3693 llunusga,
2937 3622 3172 3693 Fuulga,
3224 3621 3463 3695 Emisga,

1877 3716 2101 3788 Fedirga
2125 3724 2180 3772 et
2206 3732 2366 3770 unam
2394 3715 2641 3780 insulam,
2668 3730 2786 3785 qua:
2810 3715 3006 3769 dicitur
3020 3713 3176 3769 Bant.
3193 3714 3310 3784 ipse
3332 3731 3461 3771 vero

1876 3822 2005 3861 cura
2022 3805 2230 3871 solerti,
2243 3805 2500 3859 doctrinm
2513 3803 2723 3859 Domini
2740 3803 2887 3875 gregi
2918 3804 3019 3858 sibi
3044 3804 3241 3859 tradito
3261 3803 3459 3859 ﬂuenta

1877 3896 2185 3951 ministrare
2213 3895 2447 3961 studuit,
2479 3894 2604 3950 fana
2631 3896 2931 3961 destruere,
2961 3904 3017 3951 et
3044 3912 3229 3952 omnes
3256 3898 3461 3954 erroris

1873 3989 2089 4059 pristini
2140 3987 2361 4043 abluere
2413 3988 2618 4043 sordes.
2669 3986 2892 4042 Curavit
2949 4003 3166 4058 quoque
3231 3989 3462 4046 ulterius

1876 4079 2134 4133 doctrina:
2155 4078 2403 4133 derivare
2433 4076 2671 4137 ﬂumina,
2695 4085 2751 4131 et
2778 4078 3000 4131 consilio
3030 4079 3099 4132 ab
3131 4079 3459 4147 imperatore

1877 4179 2097 4241 accepto
2142 4169 2512 4225 trausfretavit
2559 4169 2612 4222 in
2663 4168 2897 4223 confinio
2938 4168 3232 4222 Fresonum
3296 4176 3460 4238 atque

1876 4259 2150 4315 Danorum
2188 4260 2253 4314 ad
2282 4261 2568 4329 quamdam
2616 4257 2844 4313 insulam
2896 4273 3015 4326 quae
3055 4273 3083 4310 ει
3117 4257 3333 4313 nomine.
3360 4259 3453 4312 Dei

1877 4348 1959 4402 sui
2006 4347 2124 4403 falsi
2168 4348 2382 4411 Foscte,
2431 4346 2765 4401 Fose'teslant
2808 4347 2836 4387 ιι
2874 4354 2959 4400 est
3010 4346 3297 4416 appellata.
3354 4347 3454 4404 Cui

1807 4455 1855 4515 υ
1876 4451 2001 4493 cum
2023 4437 2322 4508 navigando
2341 4437 2876 4507 appropinquassent,
2896 4444 3084 4491 tenens
3110 4437 3161 4490 in
3177 4451 3336 4493 manu
3359 4455 3459 4496 sua

1877 4541 2120 4592 crucem,
2146 4535 2201 4581 et
2236 4527 2302 4581 ad
2326 4526 2610 4581 Dominum
2650 4540 2838 4595 preces
2881 4541 3005 4579 cum
3049 4526 3299 4582 laudibus
3338 4529 3431 4583 fun

1875 4619 2033 4681 dens,
2060 4617 2330 4681 videram,
2370 4615 2461 4685 qui
2500 4615 2553 4670 in
2599 4629 2665 4667 ea
2709 4616 2830 4669 navi
2853 4623 3032 4680 erant,
3052 4614 3338 4686 caliginem
3381 4625 3439 4673 te

1955 4750 2303 4832 {inclinante
2331 4750 2621 4831 Latinitate
2656 4750 2821 4823 etiam
2864 4763 3004 4820 saepe
3030 4749 3338 4807 diaconibus
3381 4751 3435 4807 dt
3475 4787 3479 4793 -

1882 4828 2032 4883 cum,
2061 4834 2162 4890 pro
2190 4823 2447 4874 diaconis.

1954 4890 1979 4929 (1
2012 4890 2098 4971 ἐι.
2131 4891 2223 4971 hic
2246 4904 2344 4971 pro
2367 4899 2549 4971 manet.
2567 4887 2705 4944 forte
2730 4899 2928 4971 manat;

1959 4971 1983 4998 ο
2013 4958 2370 5015 νιειηαιῖιοο
2397 4966 2481 5015 est
2501 4959 2649 5015 circa
2677 4973 2876 5014 annum
2907 4958 3030 5014 783.

1962 5028 1995 5111 ξ
2021 5028 2211 5111 vulgo,
2241 5036 2301 5111 ut
2322 5027 2484 5111 Corn.
2508 5027 2767 5111 Kempius
2782 5030 2843 5111 in
2872 5029 3129 5110 descript.
3148 5031 3337 5095 Frisiis
3358 5034 3395 5087 l.
3426 5034 3475 5094 Ι,

1887 5116 1937 5156 c.
1964 5097 2016 5163 ϐ,
2048 5096 2224 5154 dictus
2249 5098 2314 5154 de
2337 5096 2601 5161 Lemn,
2625 5096 2746 5154 aliis
2772 5096 2986 5152 Lavica.
3050 5096 3071 5100 ⁷

1899 5170 1987 5252 ..ε
2019 5168 2077 5223 ιη
2116 5168 2237 5252 «2n-
2266 5167 2559 5252 ,ςκιιινεεφι
2587 5175 2665 5252 ,ξεί
2685 5166 2906 5252 renes
2940 5170 3305 5252 scaenai:
3344 5185 3468 5241 ραει

1889 5236 2225 5308 Emerui,
2257 5234 2543 5319 ῌαηειιςᾰ,
2578 5235 2807 5318 Fivifga,
2836 5235 3070 5319 Em'lga,
3099 5234 3392 5360 Γεᾴὲήιῖἇ.
3417 5234 3443 5241 ⁷

1958 5310 1985 5349 ιι
2010 5306 2512 5388 Δηεπθςμεηξὼᾳδ
2564 5306 2681 5388 δέξο
2728 5306 2900 5361 insula
2939 5307 3152 5388 videtur
3188 5306 3291 5388 illa
3317 5309 3470 5388 uisse

1886 5391 2069 5499 quam.
2095 5374 2313 5457 Tacitus
2351 5374 2567 5431 Gutum
2600 5374 2799 5431 Nemus
2835 5374 3065 5457 vocavit,
3096 5375 3222 5430 licet
3257 5375 3467 5460 ibinon

1940 5455 2069 5499 osett
2096 5445 2205 5499 dei.
2249 5445 2344 5499 sed
2370 5443 2551 5499 Herm
2577 5444 2692 5499 dea
2720 5452 3045 5499 meminerit.
3078 5454 3131 5498 et
3156 5444 3467 5499 credibilius

1940 5445 2069 5501 oseti
2096 5445 2205 5511 dei,
2249 5445 2344 5501 sed
2370 5443 2551 5499 Herm
2577 5444 2692 5501 dea
2720 5445 3045 5508 meminerit,
3078 5454 3131 5498 et
3156 5444 3468 5505 credibilius

1887 5518 1961 5596 sit
1986 5516 2236 5596 iurgium
2262 5516 2332 5596 ab
2368 5529 2434 5596 eo
2462 5514 2703 5596 intelligi.
2728 5513 3319 5596 Adamnsltremensis,
3348 5515 3386 5570 l.
3415 5532 3473 5596 tv

1889 5556 2434 5641 ἓὲὶῗῖὗέέιὲὲῖυέἴ
2728 5556 3470 5642 ’Ἑῖίᾶἰῖἷτῖἱτοῖνέἇ

1889 5653 2083 5717 insula,
2131 5672 2149 5705 ο
2182 5670 2300 5723 quae
2336 5654 2390 5709 in
2424 5654 2564 5723 ostio
2590 5651 2825 5723 ﬂuminis
2849 5652 3016 5723 Albia:
3063 5653 3220 5723 longo
3250 5670 3469 5711 recessu

1784 5774 1787 5777 λ
1891 5725 2041 5779 latet.
2068 5720 2544 5795 alias’ﬂetligclant
2572 5721 2849 5791 appellata,
2880 5720 2930 5775 id
2957 5731 3058 5785 est,
3084 5720 3229 5778 terra
3258 5736 3468 5782 sancta.

2040 5882 2095 5894 ⁴ι

2180 5898 2200 5909 ο
2250 5904 2291 5909 ι-
2328 5898 2341 5910 4
