3878 6172
475 263 580 319 Ἰ79

1462 267 1555 321 AD
1594 268 1651 323 S.
1694 268 1998 325 LUDGERI
2036 268 2326 325 SCRIPTA
2365 266 2728 323 APPE'NDlX.
2822 314 2826 318 Α
3595 260 3678 320 780

473 380 767 434 nebrosam
809 377 877 431 de
917 377 1104 431 eadem
1146 377 1265 429 navi
1313 376 1695 446 egredientem,
1739 391 1844 445 qua
1892 391 2038 431 rece-
2065 379 2313 441 Adesse,
2355 378 2629 445 erutisque
2660 372 3180 443 idololatriae-spinis
3215 373 3444 428 verbum
3472 371 3684 429 Deidili-

476 470 660 535 dente,
688 481 879 536 magna
910 466 961 519 in
985 480 1051 520 ea
1080 466 1344 520 serenitas
1368 465 1622 534 perstitit.
1656 465 1807 535 Tunc
1845 465 1928 517 vir
1952 465 2046 517 Dei

476 560 552 612 ait
577 576 590 611 :
616 556 844 620 Videtis,
868 554 1100 624 qualiter
1123 568 1223 625 per
1261 554 1687 609 misericordiam
1718 554 1811 607 Dei
1839 546 2043 621 effuga-

474 660 560 704 tus
587 656 672 704 est
697 647 965 711 inimicus,
993 644 1085 715 qui
1112 646 1262 716 prius
1301 645 1533 715 caligine
1570 651 1929 715 occupaverat
1965 643 2048 697 in-

473 741 646 796 sulam
674 740 834 793 hanc.
884 736 1266 791 Pcrvenientes
1310 746 1489 792 autem
1525 737 1593 792 ad
1623 736 1865 791 eamdem
1898 735 2047 790 insu-

472 831 600 893 lam,
634 830 1029 884 dexttuxerunt
1044 829 1236 885 omnia
1262 826 1501 897 ejusdem
1522 829 1732 884 Fosetis
1751 828 1896 892 fana,
1927 842 2045 896 quze

470 920 580 974 illic
600 919 753 974 fuere
773 926 1105 982 constructa,
1123 927 1289 987 etpro
1319 918 1398 973 eis
1419 917 1619 973 Christi
1647 918 2047 972 fabricaverunt

468 1010 748 1064 ecclesias.
779 1008 1022 1078 Cumque
1044 1009 1378 1064 habitatores
1414 1017 1573 1064 terrae
1599 1000 1745 1063 illius
1767 1007 1871 1062 ﬁde
1890 1006 2047 1062 Chri—

469 1100 538 1154 sti
570 1100 855 1163 imbueret,
884 1098 1179 1169 baptizavit
1200 1113 1294 1153 eos
1318 1114 1440 1154 cum
1483 1099 1820 1154 invocatione
1845 1107 2046 1154 sancta:

468 1191 772 1256 Trinitatis,
798 1189 851 1243 in
874 1188 1043 1254 fonte,
1065 1189 1158 1258 qui
1185 1188 1260 1243 ibi
1281 1189 1591 1254 ebulliebat,
1620 1190 1673 1243 in
1702 1204 1810 1259 quo
1832 1188 1887 1243 S.
1909 1188 2046 1243 Wil-

469 1283 740 1338 iibrordus
773 1282 925 1351 prius
964 1280 1211 1335 homines
1253 1280 1641 1349 baptizavcrat,
1685 1294 1716 1333 a
1744 1293 1851 1348 quo
1879 1278 2045 1333 etiam

468 1372 618 1428 fonte
647 1386 807 1426 nemo
828 1371 977 1440 prius
996 1370 1215 1424 haurire
1247 1384 1444 1439 aquam
1472 1370 1575 1423 nisi
1615 1376 1801 1423 tacens
1834 1382 2044 1437 praesu-

469 1464 667 1518 mebat.
700 1457 990 1528 Cuiusdam
1018 1459 1183 1513 etiam
1208 1472 1393 1513 eorum
1420 1457 1681 1528 principis
1710 1457 1879 1512 ﬁlium
1906 1457 2045 1510 Lan-

449 1551 676 1607 ~dricum
704 1549 919 1604 nomine
944 1549 1154 1618 accepit
1195 1563 1224 1602 a
1256 1547 1424 1613 fonte,
1452 1562 1617 1617 quem
1657 1548 1824 1602 sacris
1851 1545 2044 1600 litteris

469 1645 731 1699 imbutum
762 1640 1032 1696 ordinavit
1073 1640 1470 1710 presbyterum,
1517 1640 1611 1709 qui
1657 1637 1839 1692 multis
1887 1637 2043 1691 annis

466 1736 614 1807 genti
652 1734 953 1788 Fresonum
997 1730 1052 1785 in
1099 1731 1358 1785 doctrinm
1398 1728 1610 1799 praefuit
1650 1729 1847 1784 studio.
1893 1729 2063 1784 Tunc-

445 1830 665 1882 iterum
699 1830 957 1894 operante
980 1821 1216 1891 maligno
1242 1820 1312 1875 ab
1336 1821 1688 1876 orientalibus
1715 1820 2045 1876 Fresonibus

469 1932 578 1971 nox
603 1914 933 1971 inﬁdelitatis
954 1926 1160 1981 magna“:
1184 1910 1357 1965 fuerat
1370 1919 1579 1977 exorta,
1602 1909 1755 1979 cujus
1775 1910 2045 1965 Maluinno

473 2002 786 2078 (Malumno)
810 2011 866 2059 et
886 2002 1059 2056 Eilrat
1081 2012 1106 2040 ι
1134 1999 1287 2055 fuere
1324 2001 1615 2071 principes,
1654 2009 1709 2056 et
1748 2001 2045 2056 combusta:

467 2105 594 2152 sunt
633 2096 877 2152 ecclesiae
924 2091 1173 2160 servique
1218 2090 1313 2146 Dei
1361 2091 1597 2161 repulsi;
1648 2090 1745 2146 sed
1801 2090 2045 2145 radiante

466 2188 579 2244 sole
597 2185 820 2256 justitize
849 2182 1091 2253 effugata:
1123 2191 1249 2236 sunt
1272 2182 1509 2237 tenebrae
1535 2181 1796 2236 radiantis
1818 2181 2042 2246 erroris,

469 2281 543 2335 ita
566 2287 627 2333 ut
650 2284 770 2347 post
795 2274 922 2330 anni
947 2271 1207 2328 circulum
1250 2270 1307 2325 S.
1331 2270 1612 2341 Ludgerus
1639 2286 1763 2326 cum
1788 2270 1901 2324 suis
1926 2269 2041 2338 pri-

467 2384 559 2425 sca
600 2364 986 2422 consuetudine
1033 2361 1353 2418 fiducialiter
1398 2361 1541 2432 plebi
1588 2360 1666 2415 illi
1696 2360 1890 2430 pabula
1920 2358 2043 2413 fidei

470 2457 781 2512 ministrare
823 2466 933 2507 non
978 2450 1285 2516 desisteret,
1313 2457 1367 2504 et
1396 2441 1623 2504 Domino
1663 2448 1958 2518 opitulante
1988 2448 2045 2502 in

444 2563 552 2613 ea,
577 2560 740 2616 quam
770 2550 900 2597 tunc
925 2547 1261 2610 receperant,
1288 2526 1707 2609 perseverabant
1730 2536 1854 2593 fide.

444 2666 449 2671 -
537 2637 627 2692 20.
676 2635 887 2690 Interea
933 2646 1030 2701 per
1073 2628 1480 2698 dispositionem
1528 2626 1898 2682 misericordis
1944 2626 2045 2683 Dei

472 2731 718 2786 Saxones
762 2722 1006 2780 conversi
1039 2729 1166 2778 sunt
1201 2720 1269 2775 ad
1291 2720 1596 2784 Dominum,
1622 2726 1677 2773 et
1702 2733 1796 2773 rex
1821 2717 2047 2775 Carolus

470 2817 719 2875 eumdem
742 2815 919 2869 virum
943 2811 1040 2866 Dei
1065 2809 1373 2881 Ludgerum
1394 2817 1669 2879 pastorem
1710 2808 1766 2862 in
1797 2808 2046 2863 orientali

438 2952 443 2957 .
468 2917 626 2979 parte
652 2905 927 2960 Saxonum
957 2898 1258 2965 constituit,
1288 2897 1441 2966 cujus
1469 2897 1738 2968 parochia:
1771 2896 1928 2952 sedes
1962 2904 2046 2952 est

471 2995 786 3068 principalis
814 2993 842 3033 ιι
872 2994 928 3047 in
976 2991 1094 3046 loco
1133 2986 1533 3059 Mimigernefor
1559 2986 1776 3058 (Infra:
1801 2987 2047 3058 Miniger—

2145 477 2334 538 genter
2358 480 2458 537 per
2487 466 2604 520 loca
2624 464 2839 533 singula
2860 474 3062 527 serere,
3093 463 3353 518 ecclesias
3377 469 3683 526 construere,

2142 569 2199 614 et
2226 573 2321 629 per
2348 572 2441 613 eas
2466 556 2702 626 singulos
2722 556 2980 610 ordinare
3014 556 3382 625 presbyteros,
3410 569 3544 625 quos
3563 544 3688 613 verti

2145 650 2238 704 Dei
2274 657 2652 719 cooperatores
2677 647 2779 701 sibi
2814 646 2917 716 ipsi
2955 647 3276 701 nutriverat.
3311 645 3573 716 Cupiebat
3609 647 3691 719 igi.

2140 749 2235 794 tur
2276 740 2331 794 in
2358 747 2536 807 erepto
2577 736 2980 809 evangelizaudi
3013 750 3176 806 opere
3206 735 3393 792 multis
3432 737 3693 791 subvenire

2143 831 2419 899 gentibus;
2456 829 2552 884 sed
2591 836 2768 882 tamen
2794 826 3157 897 pontificalem
3186 826 3412 896 gradum
3440 825 3692 880 humiliter

2144 922 2456 977 declinare:
2485 920 2688 975 idcirco
2729 932 2858 973 suos
2899 917 3213 988 frequenter
3249 916 3406 987 petiit
3453 916 3690 981 alumnos,

2143 1018 2204 1065 ut
2231 1011 2425 1080 aliquis
2449 1023 2518 1065 ex
2547 1009 2627 1064 eis
2650 1023 2753 1078 pro
2775 1024 2840 1063 eo
2865 1007 3219 1079 episcopalem
3249 1008 3550 1075 susciperet
3575 1007 3693 1062 ordi-

2142 1117 2289 1157 nem.
2330 1100 2427 1156 Cui
2452 1115 2577 1156 cum
2602 1098 2939 1155 Hildibaldus
2960 1098 3244 1168 episcopus
3266 1098 3628 1167 persuaderet,
3649 1106 3693 1151 ut

2143 1191 2433 1261 episcopus
2470 1189 2712 1244 ordinari
2759 1188 3065 1253 debuisset;
3110 1187 3243 1242 illud
3269 1187 3619 1257 apostolicum
3653 1187 3694 1241 ei

2143 1280 2440 1349 respondit,
2485 1279 2710 1334 dicens:
2750 1277 3304 1349 Oporterepiscopam
3342 1276 3693 1348 irrepreltensi-

2144 1370 2297 1425 bilem
2321 1386 2449 1425 esse.
2472 1369 2541 1424 At
2556 1369 2672 1434 ille,
2694 1375 2755 1423 ut
2776 1376 2895 1423 erat
2936 1367 3171 1429 humilis,
3214 1374 3272 1421 et
3300 1366 3421 1420 viro
3448 1364 3545 1420 Dei
3585 1366 3696 1420 ami-

2143 1462 2426 1525 cissimus,
2471 1475 2596 1515 cum
2645 1459 2845 1529 gemitu
2897 1458 3031 1513 dixit
3070 1474 3086 1511 :
3124 1456 3238 1512 Hoc
3285 1456 3448 1512 inse
3500 1457 3696 1511 minime

2142 1548 2309 1605 fuisse
2335 1549 2679 1618 completum.
2718 1548 2957 1603 Tandem
2994 1562 3258 1602 consensu
3285 1547 3528 1601 omnium
3558 1560 3695 1616 supe-

2145 1648 2317 1705 ratus,
2344 1649 2400 1695 et
2430 1638 2604 1709 magis
2627 1638 2722 1692 Dei
2758 1637 3111 1707 dispositione
3145 1644 3384 1702 coactus,
3424 1637 3694 1706 acquievit,

2145 1746 2214 1785 ne
2248 1731 2607 1802 plurimorum
2662 1730 2922 1795 consilio,
2976 1728 3086 1784 imo
3132 1729 3230 1785 Dei
3281 1728 3547 1783 voluntati
3591 1744 3693 1784 mn-

2145 1823 2346 1877 trarius
2374 1836 2495 1878 esse
2518 1822 2812 1878 videretur.

2212 1913 2303 1967 9.1.
2330 1912 2569 1983 Accepto
2615 1912 2797 1982 itaque
2842 1925 3001 1966 sacro
3024 1911 3214 1966 ordine
3252 1910 3553 1981 pontificali
3595 1924 3701 1967 cum

2143 2004 2286 2059 omni
2313 2003 2609 2073 sagacitate
2633 2010 2688 2057 et
2713 2001 2975 2056 modestia
3003 2001 3152 2072 gregi
3179 2000 3453 2057 Saxonico
3475 2002 3578 2056 sibi
3603 2016 3705 2056 ore»

2144 2092 2258 2157 dite
2302 2092 2621 2147 documenta
2667 2090 2858 2147 salutis
2904 2090 3177 2145 uberrime
3213 2090 3560 2156 ministravit,
3586 2105 3689 2159 quo

2145 2181 2388 2250 adusque
2415 2181 2641 2236 Domino
2664 2180 2927 2251 largiente
2954 2181 3021 2234 ad
3049 2179 3341 2249 perfectam
3374 2176 3704 2251 illos'perdu-

2144 2279 2297 2328 ceret
2344 2271 2525 2327 fidem.
2572 2272 2683 2326 lllis
2731 2272 2893 2327 etiam
2937 2272 3173 2340 quinque
3200 2270 3448 2342 pagellis,
3488 2287 3618 2341 quos
3656 2272 3704 2325 in

2144 2363 2331 2418 Fresia
2376 2364 2444 2419 ad
2486 2362 2815 2434 agnitionem
2859 2376 3000 2416 veras
3030 2370 3084 2415 et
3129 2361 3419 2417 individua:
3445 2361 3706 2417 Trinitatis

2145 2453 2211 2507 de
2262 2451 2560 2523 gentilitate
2606 2452 2931 2520 perduxerat
2975 2449 3063 2521 (eo
3085 2450 3224 2520 quod
3247 2451 3400 2520 prius
3430 2465 3533 2505 non
3558 2452 3705 2507 habe-

2146 2548 2266 2596 rent
2306 2538 2635 2612 episcopum)
2667 2540 2828 2596 simili
2870 2540 3030 2594 modo
3052 2539 3350 2610 pontificali
3384 2548 3608 2610 prmerat
3633 2556 3705 2596 re-

2145 2630 2363 2700 gimine.
2389 2630 2496 2685 Sed
2516 2638 2572 2685 et
2591 2646 2931 2686 successores
2952 2628 3068 2698 ejus
3094 2639 3323 2700 utraque
3345 2630 3464 2685 loca
3492 2645 3585 2699 pro
3612 2644 3705 2685 una

2146 2722 2451 2777 habuerunt
2496 2722 2771 2792 parochia,
2834 2722 3093 2791 deditque
3139 2720 3190 2775 ei
3239 2734 3334 2774 rex
3384 2720 3607 2776 Karoius
3656 2730 3709 2773 ut

2145 2811 2203 2865 in
2239 2826 2402 2882 regno
2425 2810 2755 2866 Francorum
2788 2812 2842 2865 in
2864 2826 2996 2881 pago
3019 2809 3321 2864 Brachante
3359 2807 3706 2881 (Brachante),

2148 2901 2203 2955 in
2231 2901 2349 2956 loco
2380 2903 2471 2972 qui
2500 2901 2675 2957 Locus
2698 2913 2720 2941 ο
2762 2912 2986 2957 vocatur
3012 2901 3402 2957 monasterium
3431 2900 3592 2955 sancti
3621 2898 3707 2952 Pe-

2146 2994 2217 3048 tri
2268 2995 2674 3065 gubernandum
2715 3010 2841 3050 cum
2887 2994 3137 3049 omnibus
3177 2992 3541 3065 adjacentibus
3582 2992 3706 3055 suis,

471 3054 708 3155 neford).
736 3083 826 3137 ubi
851 3079 1079 3137 Domino
1122 3078 1238 3151 ipse
1267 3079 1552 3134 honestum
1580 3078 1883 3132 construxit
1924 3093 2041 3133 mo-
2073 3054 2118 3117 ε
2148 3054 2390 3141 εεοὶέεῑῑε
2416 3094 2470 3142 et
2505 3086 2722 3142 villulis.
2769 3088 2920 3142 Tunc
2958 3054 3308 3156 adimpletum
3335 3091 3421 3139 est
3456 3054 3706 3139 somnium

473 3173 769 3229 nasterium
790 3170 888 3225 sub
910 3168 1093 3240 regula
1115 3168 1373 3224 canonica
1396 3167 1623 3221 Domino
1644 3164 2040 3221 famulantium.

468 3264 657 3336 Itaque
674 3277 826 3320 more
846 3260 1003 3317 solito
1021 3274 1145 3314 cum
1165 3259 1311 3314 omni
1336 3258 1593 3313 aviditate
1613 3265 1669 3313 et
1689 3252 2047 3314 sollicitudine

470 3358 693 3418 rudibus
717 3356 993 3411 Saxonum
1025 3352 1237 3425 populis
1277 3350 1527 3407 studebat
1574 3351 1629 3405 in
1656 3351 1899 3406 doctrina
1924 3368 2047 3422 pro-

542 3510 569 3539 ιι
594 3495 988 3562 Antwcrpiens.
1020 3501 1077 3547 et
1117 3489 1450 3546 Benedictini
1494 3507 1508 3543 :
1550 3490 1703 3559 cujus
1733 3490 1861 3544 mali
1888 3489 2044 3545 Hunc

474 3577 521 3621 et
543 3565 762 3628 Cilrac.,
787 3572 892 3617 etc.

545 3635 574 3674 ι»
610 3631 1003 3698 Antwerpicns.
1022 3638 1083 3700 et
1107 3628 1440 3700 Benedictini
1473 3646 1486 3700 ς
1529 3646 1547 3680 ‹
1577 3627 1745 3700 Sedes
1772 3637 1855 3683 est
1901 3630 2050 3700 prin-

476 3702 663 3771 cipalis
712 3702 766 3755 in
816 3697 952 3770 pago
1015 3697 1306 3768 Sudergoe,
1366 3698 1422 3752 in
1476 3699 1595 3753 loco
1652 3699 1805 3769 cujus
1845 3697 2052 3755 vocabu

2148 3175 2290 3246 quod
2315 3175 2366 3232 ei
2388 3177 2469 3230 vir
2498 3177 2592 3232 Dei
2621 3177 2976 3233 Marchelmus
3006 3176 3157 3247 prius
3196 3174 3375 3229 fuerat
3403 3175 3709 3243 interpreta-

2152 3274 2238 3320 tus
2264 3267 2327 3322 de
2357 3266 2669 3323 collectione
2714 3269 2875 3322 trium
2914 3266 3262 3332 tumulorum,
3307 3264 3705 3337 significantium

2152 3360 2314 3414 trium
2343 3361 2704 3432 gubernacula
2733 3361 3069 3432 pepulerum.

2148 3496 2258 3551 lum
2284 3498 2842 3570 estMimigerneford,
2890 3520 2909 3553 ι
2948 3508 3053 3554 etc.
3086 3498 3145 3554 Id
3167 3497 3331 3570 hodie
3353 3496 3701 3570 esthit‘mster.

2222 3578 2243 3606 ο
2259 3568 2378 3639 AAlii
2402 3567 2561 3624 codd.
2585 3570 2768 3635 Lotus,
2791 3569 3004 3625 Lotusm
3026 3569 3197 3639 Vulgo
3216 3567 3405 3633 leuce,
3433 3567 3703 3622 Hannonis

2150 3637 2404 3708 oppidum
2444 3639 2587 3694 inter
2609 3639 2808 3695 Athum
2846 3649 2902 3694 et
2929 3637 3251 3694 Tornacum.

1640 3949 1939 4025 LIBER
1992 3947 2549 4027 SECUNDUS.

549 4192 601 4245 i.
634 4188 891 4257 Quamvis
918 4183 1342 4258 ‘prmponendum
1382 4182 1454 4237 sit
1494 4182 1850 4237 ministerium
1886 4197 2049 4238 evan-

2152 4198 2302 4254 perc,
2328 4195 2656 4257 acceptaque
2675 4187 2745 4243 ab
2769 4203 2834 4244 eo
2855 4188 3014 4258 hujus
3039 4190 3118 4245 rei
3141 4191 3453 4261 sponsione,
3471 4188 3625 4261 jussit
3645 4197 3697 4243 ut

478 4286 660 4359 gelicte
696 4279 1117 4353 praedicationis,
1153 4285 1211 4333 et
1244 4275 1538 4331 multorum
1569 4274 1891 4328 illuminatio
1928 4288 2049 4328 cor—
2073 4300 2125 4360 υ
2152 4273 2239 4328 die
2267 4274 2502 4330 crastina
2530 4276 2739 4332 veniret
2773 4277 2842 4331 ad
2866 4293 2944 4333 se.
2991 4277 3237 4334 Crastina
3282 4294 3417 4336 vero
3462 4278 3696 4349 equitatui

476 4377 625 4432 dium
668 4367 1075 4443 operationibus
1114 4364 1519 4429 miraculorum,
1547 4362 2048 4433 ostensionibusque

475 4468 774 4537 signorum,
803 4461 871 4516 ad
892 4460 1152 4514 honorem
1175 4465 1354 4512 tamen
1376 4454 1657 4524 largientis
1673 4454 1885 4509 Domini
1910 4454 2049 4524 style

476 4553 687 4625 alligari
724 4549 972 4614 fecimus,
1016 4561 1137 4615 qua:
1182 4543 1251 4599 ab
1293 4544 1479 4600 eodem
1526 4550 1715 4599 sancto
1748 4544 1866 4599 viro
1904 4542 2048 4600 facta

483 4644 789 4701 recolimus.

551 4731 684 4787 Cum
720 4727 1121 4800 evangelizandi
1149 4724 1325 4797 gratia
1356 4725 1409 4778 in
1438 4722 1622 4779 Fresia
1663 4725 1729 4779 ad
1759 4724 2049 4794 quamdam

477 4823 660 4878 villam
675 4819 890 4876 nomine
904 4816 1160 4873 Helewirt
1169 4804 1523 4885 pervenisset,
1542 4823 1787 4868 matrona
1805 4814 2050 4883 quaedam

481 4913 712 4970 Mensuit
757 4910 972 4966 nomine
1015 4907 1225 4976 excepit
1261 4906 1410 4960 illum
1440 4907 1495 4961 in
1543 4906 1761 4960 domum
1795 4919 1968 4970 suam,
1996 4914 2052 4960 et

481 5018 607 5060 ecce
642 5000 732 5056 illo
761 4997 1127 5053 discumbente
1151 5011 1271 5050 cum
1298 4995 1572 5065 discipulis
1598 4995 1709 5049 suis
1732 4993 1945 5050 oblatus
1969 5002 2052 5049 est

482 5105 676 5155 caecus,
695 5085 957 5144 vocabulo
978 5082 1213 5150 Bernlef,
1236 5074 1325 5153 qui
1351 5100 1381 5138 a
1408 5084 1599 5139 vicinis
1618 5082 1730 5138 suis
1756 5082 1907 5137 valde
1933 5082 2053 5137 dili-

480 5181 726 5256 gebatur,
751 5192 818 5233 eo
845 5174 990 5248 quod
1007 5181 1153 5230 esset
1176 5173 1424 5239 affabilis,
1448 5182 1505 5229 et
1530 5175 1875 5243 antiquorum
1898 5181 2053 5230 actus

481 5284 537 5332 et
585 5286 773 5345 regum
818 5269 1112 5327 certamina
1159 5268 1297 5325 bene
1342 5276 1568 5325 noverat
1610 5269 1887 5339 psallendo
1927 5284 2054 5340 pro-

483 5379 663 5430 mere;
702 5361 797 5419 sed
831 5376 930 5431 per
955 5360 1244 5424 triennium
1279 5360 1533 5416 continua
1568 5356 1809 5415 czecitate
1835 5374 2052 5429 percus-

486 5469 578 5508 sus
631 5459 735 5517 est,
764 5452 839 5506 ita
876 5458 937 5505 ut
969 5450 1172 5505 nullum
1214 5449 1317 5504 sibi
1351 5448 1532 5503 lumen
1559 5448 1644 5503 vel
1692 5457 1946 5503 extremae
1971 5449 2050 5502 vi-

486 5539 653 5595 sionis
687 5547 1012 5595 remaneret.
1043 5542 1213 5604 Quem
1240 5539 1365 5592 dum
1400 5538 1549 5591 vultu
1591 5537 1751 5592 hilari
1790 5546 1933 5592 esset
1971 5538 2051 5591 in-

488 5629 676 5693 tuitus,
710 5628 1055 5698 interrogavit
1083 5629 1126 5684 si
1157 5629 1523 5699 pmnitcntiam
1563 5646 1593 5683 a
1628 5646 1683 5686 se
1720 5630 1875 5685 vcllct
1905 5628 2049 5683 acci-

2148 4363 2266 4417 viro
2287 4363 2383 4418 Dei
2412 4365 2603 4420 obvius
2628 4365 2807 4423 factus
2829 4377 2910 4423 est
2940 4369 3082 4424 idem
3106 4383 3319 4426 caecus:
3347 4380 3566 4442 accepto
3586 4381 3695 4438 ergo

2148 4452 2243 4506 Dei
2286 4452 2516 4509 famulus
2550 4470 2648 4526 per
2687 4455 2899 4513 frenum
2928 4457 3300 4531 ejusjcaballo,
3328 4469 3387 4516 et
3412 4461 3563 4516 duxit
3591 4472 3691 4514 eum

2148 4556 2179 4595 a
2211 4540 2368 4596 turba
2412 4557 2656 4603 seorsum
2685 4554 2739 4602 et
2762 4548 3037 4605 confitenti
3070 4558 3294 4620 peccata
3334 4567 3434 4607 sua
3462 4550 3693 4622 perniten—

2149 4631 2281 4685 tiam
2322 4630 2534 4687 indixit.
2593 4634 2793 4690 Deinde
2837 4637 3047 4706 signum
3091 4649 3293 4695 sanctae
3334 4641 3517 4695 crucis
3552 4636 3694 4693 oculis

2148 4718 2265 4787 ejus
2312 4719 2584 4791 imposuit,
2629 4730 2685 4777 et
2726 4731 2916 4781 tenens
2956 4741 3173 4781 manum
3210 4742 3376 4784 suam
3412 4740 3591 4785 coram
3627 4739 3690 4783 eo.

2149 4808 2503 4881 interrogavit
2548 4812 2594 4868 si
2630 4814 2835 4884 aliquid
2858 4816 3103 4872 videret?
3136 4816 3254 4887 Ipse
3284 4833 3417 4874 vero
3443 4834 3568 4875 cum
3599 4829 3694 4870 uta-

2148 4918 2255 4972 gno
2275 4903 2472 4972 gaudio
2496 4904 2653 4969 dixit,
2674 4920 2740 4961 se
2777 4922 2997 4962 manum
3041 4908 3186 4962 illius
3223 4909 3411 4965 videre
3452 4921 3630 4978 pinea;
3657 4908 3697 4955 ιι

2151 4992 2259 5058 ille,
2276 4994 2410 5063 Age,
2440 4994 2633 5063 inquit,
2664 4997 3019 5066 omnipotenti
3045 4998 3157 5055 Deo
3184 4999 3407 5071 gratias.
3450 4994 3695 5056 Scr-mnci-

2151 5085 2403 5140 nantibus
2425 5100 2638 5156 quoque
2661 5088 2741 5141 eis
2766 5088 2833 5145 de
2857 5090 2960 5144 fide
2981 5090 3245 5145 catholica
3273 5099 3629 5161 pervenerunt
3646 5085 3697 5140 ad

2150 5176 2329 5230 villam
2355 5177 2573 5232 nomine
2599 5164 2871 5235 Vuerthen
2913 5178 3046 5251 ML,
3068 5179 3372 5248 Werfhem,
3393 5177 3697 5236 Wersheim.

2129 5265 2482 5340 .lmerfhem],
2531 5276 2588 5324 et
2630 5269 2983 5341 interrogavit
3028 5289 3041 5324 :
3091 5271 3135 5326 si
3184 5272 3359 5342 ipsam
3396 5272 3579 5327 videre
3620 5280 3699 5336 po-

2153 5359 2381 5415 tuisset?
2419 5359 2516 5415 llle
2550 5374 2682 5415 vero
2729 5361 2912 5415 statim
2957 5361 3075 5430 ipso
3116 5362 3379 5417 vocabulo
3424 5351 3701 5415 uanius?“

2148 5463 2270 5504 eam
2293 5460 2349 5505 et
2372 5450 2594 5506 arbores
2610 5459 2667 5505 et
2691 5464 2915 5521 quaeque
2941 5449 3056 5519 ejus
3077 5450 3303 5505 aediﬁcia
3323 5465 3384 5506 se
3400 5449 3536 5504 bene
3560 5455 3702 5515 posse

2150 5542 2459 5613 conspicere
2492 5542 2765 5613 professus
2802 5551 2903 5598 est.
2954 5541 3043 5601 Ait
3090 5550 3272 5597 autem
3316 5531 3705 5600 ilie:0mnip0-

2152 5633 2282 5687 tenti
2328 5631 2438 5689 Deo
2466 5648 2564 5703 age
2603 5633 2825 5704 gratias,
2854 5633 2946 5702 qui
2994 5641 3047 5689 te
3095 5632 3433 5687 illuminavit.
3477 5625 3707 5690 Cum
