3878 6172
200 297 293 356 ’181

1513 292 1690 349 ACTA
1734 293 1790 347 S.
1833 293 2157 350 LUDGERL

3348 302 3449 357 78?.

202 413 476 466 venissent
508 410 575 464 ad
618 409 796 464 villam
823 408 1121 466 Wiscuuirt
1169 408 1304 481 [Αιη
1333 408 1605 477 Εεῳωιιύ,
1641 408 1774 462 Vus—
1803 416 1849 466 Α
1881 409 2088 462 videbo.
2134 408 2303 475 Hujus
2342 423 2474 479 ergo
2495 410 2736 465 vaticinii
2764 411 2961 468 veritas
2987 412 3227 483 ejusdem
3251 418 3455 472 sororis

196 503 455 567 cuurdis,
480 501 722 571 Vusgurd
743 541 757 565 ,
790 499 1145 571 Wuscurdus]
1192 500 1431 563 nomine,
1463 499 1555 552 ubi
1595 508 1779 553 orato-

200 598 339 652 rium
387 602 506 650 erat
554 601 943 655 constructum,
978 592 1103 648 fecit
1152 607 1274 647 eum
1302 606 1485 645 secum
1519 605 1676 644 orare
1726 596 1782 642 ει

202 690 310 742 Deo
338 685 549 757 gratias
579 699 757 754 agere.
789 684 1218 751 constrinxitque
1241 696 1364 735 eum
1413 688 1777 743 sacramento,

200 789 261 831 ut
291 785 422 830 ante
459 776 602 830 diem
643 774 821 828 obitus
861 773 945 827 sui
989 772 1138 835 nulli,
1179 770 1412 839 qualiter
1450 769 1783 823 illuminatus

202 867 391 931 ferit,
414 866 697 919 indicaret.
729 862 1026 932 Complevit
1066 862 1155 915 ille
1178 860 1281 915 viri
1304 859 1399 913 Dei
1427 868 1779 928 praeceptum,

201 965 256 1011 et
299 969 402 1024 per
446 954 563 1008 dies
616 953 825 1021 aliquos
875 952 1174 1006 caecitatem
1230 946 1534 1002 simulando
1582 947 1778 999 ducatu

203 1049 381 1102 alieno
415 1046 697 1105 utebatur;
729 1041 823 1095 sed
852 1051 974 1110 post
997 1039 1203 1093 obitum
1231 1035 1369 1105 ejus,
1397 1035 1631 1105 qualiter
1657 1035 1780 1088 illu-

205 1138 444 1191 minatus
474 1132 656 1195 fuerit,
684 1131 934 1186 asseruit.

270 1227 325 1279 2.
373 1224 436 1279 In
483 1222 716 1277 secunda
752 1221 916 1290 igitur
951 1217 1267 1287 expuisione
1301 1230 1582 1271 servorum
1624 1214 1717 1268 Dei
1749 1230 1780 1268 a

205 1316 414 1379 Fresia,
440 1315 506 1369 de
535 1327 639 1381 qua
677 1311 925 1381 superius
947 1309 1057 1377 jam
1090 1309 1343 1372 diximus,
1372 1308 1534 1378 jussit
1563 1314 1782 1363 sanctus

203 1410 287 1463 vir
312 1408 594 1475 [mrigerus
620 1404 868 1457 eumdem
896 1402 1217 1456 Bernlevum
1248 1400 1333 1471 (eo
1363 1400 1504 1469 quod
1533 1398 1781 1468 diligere-

205 1507 291 1551 tur
326 1510 357 1548 a
390 1494 596 1563 multis)
628 1508 724 1562 per
753 1491 1083 1561 singulorum
1124 1491 1313 1545 domos
1347 1490 1686 1546 discurrere.
1728 1496 1784 1542 et

203 1586 480 1658 persuasis
533 1584 830 1648 matronis,
883 1584 1176 1637 morituros
1225 1579 1434 1634 illorum
1492 1578 1782 1633 infantulos

206 1677 503 1745 baptizare,
536 1674 816 1729 benedicta
844 1672 1159 1743 Simpliciter
1191 1687 1328 1740 aqua
1360 1672 1412 1724 in
1439 1670 1654 1725 nomine
1680 1669 1780 1723 Do-

208 1766 335 1820 mini
360 1765 618 1819 intinctos
636 1764 719 1817 vel
740 1761 1050 1832 superfusus
1075 1777 1197 1816 cum
1228 1758 1567 1815 invocatione
1590 1767 1789 1813 sancta:

208 1855 509 1909 Trinitatis.
551 1853 620 1907 At
656 1853 742 1907 ille
773 1851 940 1919 jussis
976 1851 1091 1919 ejus
1134 1851 1363 1905 libenter
1396 1848 1654 1904 obediens
1685 1848 1785 1901 ba-

205 1947 431 2016 ptizavit
472 1946 524 1998 in
574 1946 687 2014 ipsa
731 1942 1134 2013 perturbatione
1206 1939 1439 1994 infantes
1497 1942 1680 1993 decem
1734 1945 1789 1990 et

204 2047 346 2100 octo,
373 2036 464 2104 qui
490 2050 679 2089 omnes
703 2049 891 2103 nuper,
917 2041 975 2087 ut
999 2033 1257 2101 baptizati
1287 2030 1520 2093 fuerant,
1549 2027 1785 2085 defuncti

204 2136 353 2191 sunt,
405 2127 643 2195 exceptis
693 2125 901 2180 duobus
944 2139 1082 2193 quos
1125 2122 1315 2177 beatus
1363 2122 1663 2191 Ludgerus,
1700 2134 1785 2172 re-

206 2220 404 2274 deunte
430 2232 583 2287 pace,
612 2232 733 2271 cum
766 2224 947 2271 sancta
977 2214 1283 2270 chrismatis
1309 2213 1562 2267 unctione
1591 2210 1788 2265 conﬁr-

203 2310 392 2363 mavit.
421 2308 539 2378 Ipse
573 2322 701 2361 vero
724 2305 945 2362 Bernlef
966 2306 1269 2374 ubicunque
1308 2305 1481 2358 virum
1514 2303 1607 2356 Dei
1636 2317 1788 2371 repe-

204 2400 389 2464 tisset,
423 2397 610 2452 didicit
637 2398 705 2451 ab
725 2411 790 2451 eo
813 2396 1073 2461 Psalmos,
1100 2403 1155 2451 et
1186 2396 1239 2449 in
1269 2410 1354 2458 ea,
1380 2411 1541 2463 quam
1572 2408 1788 2463 recepe-

204 2496 292 2543 rat
324 2486 715 2542 illuminatione
752 2487 1075 2557 permansit,
1118 2487 1465 2555 quoadusque
1514 2501 1701 2549 senex,
1732 2491 1789 2539 et

202 2581 397 2651 plenus
423 2579 630 2633 dierum
657 2578 833 2631 obiret
858 2578 912 2632 in
940 2592 1089 2647 pace.
1114 2578 1284 2644 Quem
1313 2577 1439 2631 dum
1470 2576 1787 2630 morientem

205 2688 345 2729 uxor
372 2688 471 2726 sua
502 2670 674 2725 flendo
720 2670 1112 2739 interrogaret,
1137 2668 1370 2737 qualiter
1399 2674 1521 2737 post
1558 2681 1681 2720 eum
1710 2667 1789 2720 vi-

206 2778 333 2819 vere
359 2762 642 2832 potuisset,
674 2759 951 2829 respondit
991 2759 1213 2814 dicens:
1258 2756 1313 2812 Si
1350 2772 1450 2827 ego
1499 2774 1529 2811 a
1559 2757 1788 2811 Domino

204 2854 416 2923 aliquid
459 2854 750 2923 impetrare
796 2858 1008 2921 potero,
1038 2859 1159 2920 post
1204 2865 1381 2906 meum
1429 2849 1633 2904 obitum
1680 2864 1788 2904 non

206 2946 367 3015 longo
411 2952 650 3014 tempore
688 2944 744 2997 in
770 2943 875 2998 hoc
910 2941 1105 2997 saeculo
1138 2941 1249 2997 eris
1276 2941 1504 2995 victura.
1545 2940 1790 3009 Dumque

207 3054 340 3093 sana
367 3046 426 3092 et
477 3036 760 3091 incolumis
790 3035 928 3089 hanc
952 3035 1067 3106 ejus
1091 3033 1497 3105 responsionem
1526 3032 1782 3096 audisset,

212 3128 297 3182 die
327 3127 521 3196 quinto
546 3126 754 3182 decimo
777 3125 1055 3180 moriendo
1083 3126 1370 3180 subsecuta
1401 3131 1503 3179 est.

281 3216 337 3270 ὅ.
366 3216 489 3270 Alio
525 3230 738 3287 quoque
771 3223 1008 3283 tempore
1037 3213 1163 3268 dum
1192 3221 1337 3269 esset
1367 3213 1557 3268 beatus
1582 3212 1787 3283 Ludge-

213 3323 308 3361 rus
338 3322 500 3362 secus
547 3321 715 3370 mare,
762 3306 817 3360 in
862 3305 981 3360 loco
1005 3305 1098 3374 qui
1141 3313 1362 3360 vocatur
1390 3304 1669 3369 Werdina,
1699 3306 1791 3360 ubi

211 3399 328 3469 ipse
369 3398 474 3453 sibi
531 3399 583 3452 iu
630 3398 941 3453 haereditate
979 3404 1200 3466 paterna
1264 3397 1567 3451 construxit
1612 3395 1792 3450 eccle-

212 3490 391 3554 siam,
425 3489 664 3544 terribile
699 3490 829 3544 vidit
873 3488 1172 3552 somnium,
1212 3488 1355 3557 quod
1402 3501 1631 3541 narrans
1660 3486 1791 3540 lier-

212 3582 403 3651 buer
445 3581 620 3636 sorori
656 3595 765 3634 suae
804 3580 939 3635 dixit
973 3597 985 3632 :
1026 3579 1145 3635 Vidi
1181 3594 1279 3649 per
1329 3578 1594 3635 somnium
1640 3577 1792 3646 quasi

212 3674 384 3730 solem
430 3672 723 3743 fugientem
762 3685 926 3740 supra
968 3686 1115 3725 mare
1160 3686 1189 3724 a
1222 3671 1463 3742 partibus
1490 3670 1790 3741 Aquilonis,

210 3775 270 3821 et
298 3765 472 3820 nubes
498 3763 803 3818 teter-rimas
856 3770 1157 3831 sequentes,
1190 3762 1284 3831 qui
1327 3760 1537 3833 fugiens
1564 3777 1629 3816 ac
1658 3761 1793 3815 deft-

214 3859 368 3913 ciens
394 3856 742 3928 pertransivit
771 3870 887 3920 nos,
904 3856 976 3910 ita
1003 3863 1063 3908 ut
1088 3855 1371 3922 elongatus
1399 3869 1429 3908 a
1450 3855 1604 3907 nobis
1624 3853 1795 3908 videri

215 3964 323 4003 non
352 3955 647 4020 possethet
672 3946 928 4016 caligines
969 3961 1088 4016 qua:
1117 3952 1275 4001 erant
1300 3952 1520 4010 secutae,
1550 3945 1798 4000 obtinue-

217 4050 345 4095 runt
401 4039 589 4093 omnia
619 4037 735 4093 loca
766 4039 881 4092 haec
925 4037 1216 4091 maritima.
1263 4036 1391 4091 Post
1419 4035 1644 4091 multum
1670 4051 1799 4091 vero

220 4129 499 4200 temporis,
529 4144 777 4184 reversus
813 4136 897 4184 est
925 4129 1005 4183 sol
1035 4128 1211 4182 minor
1245 4135 1300 4182 et
1328 4127 1595 4197 pallidior,
1636 4142 1795 4195 quam

218 4220 414 4275 fuisset
439 4220 611 4291 prius,
657 4219 1015 4291 effugavitque
1046 4219 1303 4290 caligines
1332 4231 1482 4274 trans
1522 4235 1693 4276 mare.
1732 4220 1801 4274 Et

217 4312 337 4365 haec
360 4311 566 4375 dicens,
597 4310 825 4364 ubertim
854 4308 1043 4364 faciem
1071 4325 1222 4364 suam
1256 4309 1502 4380 irrigavit
1524 4309 1797 4380 lacrymis.

220 4400 392 4466 Quem
434 4400 559 4453 dum
597 4400 811 4455 flentem
850 4416 1004 4456 soror
1039 4415 1134 4454 sua
1173 4401 1527 4470 conspiceret,
1571 4398 1718 4454 flevit
1744 4408 1798 4454 et

214 4492 354 4561 ipsa,
387 4491 572 4547 dicens
602 4510 614 4544 :
640 4491 778 4558 Quid
812 4492 914 4546 sibi
942 4491 1056 4545 vult
1081 4492 1185 4546 hoc
1211 4492 1549 4561 sompnium?
1582 4490 1680 4546 Cui
1706 4490 1797 4547 ille

218 4582 500 4650 respondit
527 4600 539 4634 :
567 4582 816 4636 Venturae
843 4588 967 4636 sunt
995 4596 1025 4634 a
1059 4580 1445 4635 Northmannis
1471 4583 1798 4647 persecutio-

216 4689 321 4728 nes
368 4686 600 4743 magnae,
626 4683 681 4728 et
718 4674 972 4727 instantia
1010 4672 1176 4727 bella.
1226 4673 1659 4740 vastationesque
1700 4671 1799 4725 im-

214 4782 445 4830 mensae,
468 4768 541 4821 ita
572 4775 631 4821 ut
657 4768 775 4821 haec
808 4767 1143 4822 delectabilia
1173 4766 1290 4822 loca
1312 4765 1582 4818 maritima
1607 4780 1801 4833 pecca-

217 4859 291 4912 tis
318 4857 660 4926 exigentibus
681 4872 816 4926 pene
846 4856 1212 4913 inhabitabilia
1243 4861 1573 4911 remaneant.
1598 4854 1802 4909 Deinde

210 4949 479 5016 posthaec,
530 4947 744 5003 favente
768 4948 897 5014 Deo,
926 4947 1135 5003 reddita
1169 4948 1272 5004 erit
1314 4963 1420 5017 pax
1448 4946 1711 5009 ecclesiae,
1744 4952 1801 5000 et

213 5039 566 5094 severissima
616 5040 771 5110 plaga
823 5056 943 5110 quae
994 5042 1303 5109 regionibus
1341 5041 1426 5096 his
1463 5038 1799 5104 incubuerat,

212 5126 366 5182 infra
398 5128 541 5197 ipsos
572 5129 971 5185 Northmannos
1017 5132 1435 5201 retorquebitur.
1460 5130 1529 5184 At
1561 5131 1648 5184 illa
1679 5145 1800 5185 cum

211 5221 427 5289 gemitu
472 5221 651 5275 dixit:
680 5221 725 5277 Ο
757 5223 960 5277 utinam
1006 5224 1254 5292 dignetur
1300 5239 1385 5277 me
1424 5223 1680 5276 Dominus
1710 5237 1804 5274 au-

210 5311 367 5367 ferre
407 5312 474 5367 de
508 5314 611 5368 hoc
648 5314 863 5378 steculo,
907 5316 1223 5384 priusquam
1261 5314 1656 5384 superveniunt.
1694 5311 1803 5366 .Cui

210 5407 355 5461 ille:
386 5407 503 5462 Non
544 5409 619 5463 ita
666 5411 789 5473 erit,
836 5411 1031 5481 inquit,
1080 5410 1173 5464 sed
1221 5410 1272 5463 in
1318 5408 1508 5463 diebus
1555 5408 1662 5462 tuis
1689 5408 1803 5461 haec

208 5506 416 5565 erant;
446 5513 547 5568 ego
588 5514 718 5555 vero
756 5511 961 5572 pestem
1011 5500 1159 5555 illam
1208 5502 1262 5552 in
1291 5500 1393 5553 hoc
1418 5512 1645 5567 corpore
1692 5511 1800 5550 non

1882 512 1991 550 sure
2021 509 2134 554 n03!
2145 500 2324 569 risque
2352 509 2435 555 est
2462 501 2687 571 probata
2713 503 3062 571 temporibus.
3321 572 3325 576 ἢ

1950 588 2085 643 Nam
2114 590 2363 645 omnibus
2388 591 2576 645 diebus
2605 591 2803 661 quibus
2831 593 2971 647 idem
2995 593 3089 648 Dei
3135 593 3370 651 famulus
3405 598 3457 652 in

1882 680 1984 734 hoc
2011 679 2194 734 seculo
2223 681 2455 745 vixerat,
2483 696 2587 751 pax
2635 680 2735 735 fuit
2763 685 2998 753 undique
3026 685 3170 751 laeta,
3194 695 3257 741 ut
3286 689 3461 742 nullus

1878 779 2094 839 putaret
2139 770 2224 824 his
2276 771 2587 841 regionibus
2637 772 2871 841 aliquam
2922 775 3388 844 perturbationem
3432 798 3461 832 ει

1880 859 2268 913 Northmannis
2310 861 2527 916 evenire
2568 877 2758 931 posse;
2814 864 2905 918 sed
2946 874 3066 934 post
3111 868 3314 921 obitum
3348 868 3464 935 ejus

1882 967 1910 1005 a
1940 960 2099 1022 gente
2140 953 2479 1007 severissima
2509 953 2790 1026 [Amwerp.
2818 966 2866 1009 et
2893 956 3108 1021 Bened.,
3138 959 3458 1031 saevissima]

1880 1042 2370 1096 Northmannorum
2408 1044 2817 1099 innumerabilia
2859 1061 2994 1115 pene
3042 1049 3198 1104 annis
3237 1051 3462 1121 singulis

1881 1132 2121 1204 perpessi
2148 1148 2331 1187 sumtis
2359 1134 2522 1187 mala.
2566 1134 2700 1188 Nam
2743 1144 3097 1191 concremata:
3131 1145 3254 1193 sunt
3288 1142 3460 1196 eccle-

1884 1222 2010 1286 siae;
2041 1222 2368 1276 monasteria
2396 1223 2702 1288 destructa;
2741 1224 2949 1279 deserta
2975 1226 3043 1279 ab
3067 1226 3461 1286 habitatoribus

1882 1311 2112 1379 praedia,
2133 1310 2186 1365 in
2215 1320 2420 1365 tantum
2442 1353 2457 1377 ,
2492 1322 2555 1367 ut
2582 1315 2819 1383 peccatis
2847 1315 3187 1386 exigentibus
3214 1319 3462 1389 regiones

1885 1399 2191 1465 maritimte,
2217 1416 2350 1469 quas
2392 1404 2543 1471 prius
2590 1404 2879 1459 multitudo
2918 1406 3137 1462 tenebat
3164 1409 3460 1471 hominum,

1881 1506 2019 1560 pene
2053 1493 2161 1546 sint
2203 1493 2256 1547 in
2287 1494 2625 1549 solitudinem
2673 1497 2926 1552 redactae.
2957 1496 3067 1554 Sed
3097 1500 3263 1555 solem
3307 1501 3461 1571 justi~

1886 1579 1992 1643 tim,
2021 1580 2111 1649 qui
2142 1596 2239 1650 pro
2270 1582 2470 1636 nostris
2493 1584 2733 1651 peccatis
2760 1584 3040 1653 clongatus
3066 1586 3351 1654 abscessit,
3382 1604 3467 1642 re-

1885 1684 2168 1724 versurum
2199 1685 2498 1740 speramus,
2527 1680 2581 1726 et
2598 1670 2753 1741 juxta
2777 1676 3102 1748 pmsagium
3125 1678 3224 1732 viri
3254 1679 3345 1734 Dei
3372 1694 3466 1748 pa-

1825 1752 1864 1809 li
1895 1773 2013 1813 cem
2037 1759 2279 1817 ecclesiae
2317 1762 2634 1818 redituram.

1956 1848 2010 1902 4.
2043 1851 2203 1906 Venit
2231 1867 2444 1922 quoque
2472 1852 2610 1906 idem
2639 1853 2723 1906 vir
2746 1853 2841 1909 Dei
2875 1855 2927 1909 in
2958 1855 3099 1922 loco,
3126 1858 3218 1926 qui
3246 1866 3471 1915 vocatur

1887 1938 2161 1995 Bilurbike
2199 1940 2344 2011 [Ant.
2376 1953 2425 1996 et
2447 1942 2668 2008 Bened.,
2694 1944 3008 2019 Billurbeki]
3052 1950 3119 2004 ad
3159 1950 3465 2016 ecclesiam,

1887 2039 1941 2085 et
1969 2047 2094 2086 ecce
2134 2033 2330 2088 mulier
2359 2035 2622 2104 quredam,
2655 2053 2773 2106 qua)
2803 2039 2989 2093 illicito
3036 2051 3155 2096 erat
3174 2106 3177 2111 Q
3199 2047 3468 2101 connubio

1889 2138 1986 2177 suo
2029 2125 2275 2194 capulata
2326 2127 2463 2191 viro,
2497 2126 2614 2195 ejus
2644 2130 2825 2185 volens
2879 2133 3126 2202 mitigare
3177 2147 3463 2204 terrorem,

1888 2215 2037 2270 misit
2081 2216 2156 2270 illi
2201 2217 2308 2272 mel
2339 2220 2493 2288 quasi
2536 2236 2634 2289 pro
2674 2222 3077 2289 benedictione;
3136 2235 3193 2279 at
3235 2225 3320 2280 ille
3360 2228 3465 2282 tale

1887 2323 2083 2362 munus
2109 2308 2357 2378 accipere
2386 2309 2727 2379 despiciendo
2755 2314 2950 2367 renuit.
3020 2314 3249 2381 Quidam
3286 2327 3467 2373 tamen

1881 2398 2109 2469 juvenes
2151 2414 2220 2457 ex
2258 2399 2535 2468 discipulis
2576 2400 2694 2470 ejus
2736 2404 2864 2458 illud
2894 2404 2999 2459 mel
3025 2408 3468 2478 concupiscentes

1890 2499 2237 2563 acceperunt,
2280 2499 2335 2544 et
2366 2491 2419 2543 in
2468 2492 2698 2547 ecclesia
2749 2501 2892 2548 retro
2921 2494 3091 2549 altare
3137 2497 3348 2553 occulte
3374 2513 3469 2567 po.

1890 2588 2135 2647 suerunt,
2159 2596 2389 2651 cumque
2412 2581 2496 2635 vir
2518 2580 2613 2636 Dei
2644 2584 2711 2636 ad
2756 2584 2895 2637 idem
2927 2585 3097 2639 altare
3134 2586 3355 2642 missam
3384 2604 3472 2643 ce-

1892 2673 2216 2737 lebraturus,
2266 2673 2564 2739 accederet,
2612 2682 2667 2730 et
2705 2691 2768 2729 os
2815 2674 2880 2729 ad
2922 2692 3113 2745 preces
3142 2680 3462 2748 aperuisset,

1891 2763 2174 2819 confestim
2224 2780 2321 2820 vas
2373 2772 2623 2830 testeum,
2672 2767 2724 2820 in
2769 2782 2877 2836 quo
2914 2768 3040 2822 illud
3092 2769 3466 2825 inobedicntiae

1890 2852 1995 2907 mel
2026 2854 2347 2918 habebatur,
2381 2856 2683 2910 minutatim
2716 2859 2943 2925 crepuit,
2972 2866 3026 2912 et
3054 2859 3354 2929 dispersum
3384 2870 3470 2917 est

1891 2941 1996 2996 mel
2020 2943 2162 3011 quod
2186 2944 2501 3013 colligentes
2522 2944 2866 3014 projecerunt
2895 2946 3059 3002 foras.
3093 2948 3208 3004 Non
3234 2952 3469 3007 cessavit

1892 3038 2073 3086 autem
2114 3032 2268 3087 miles
2333 3032 2536 3087 Christi
2579 3036 2866 3104 quominus
2908 3036 3037 3091 illud
3101 3037 3345 3094 illicitum
3377 3042 3470 3096 de-

1812 3105 1859 3166 C
1892 3128 2125 3176 strueret
2169 3121 2495 3193 coniugium,
2529 3126 2623 3179 sed
2653 3135 2707 3179 ct
2746 3127 2923 3180 virum
2971 3128 3167 3197 ipsum,
3198 3131 3288 3200 qui
3337 3131 3467 3187 illud

1892 3221 2206 3282 perpetrare
2237 3228 2401 3268 ausus
2433 3223 2536 3278 est,
2564 3216 2945 3270 exterminavit
2970 3233 3000 3270 a
3025 3218 3224 3286 patria.

1962 3302 2016 3357 5.
2057 3303 2190 3358 Cum
2220 3304 2385 3373 igitur
2424 3304 2477 3359 in
2506 3305 2691 3359 Fresia
2729 3305 2955 3360 docendi
2984 3308 3155 3378 gratia
3200 3310 3266 3364 ad
3303 3311 3475 3367 cccle-

1894 3394 2026 3448 siam
2062 3409 2213 3449 suam
2238 3395 2491 3461 venisset,
2510 3393 2666 3464 juxta
2697 3396 2917 3451 fluvium
2947 3398 3091 3453 Ladc
3129 3401 3285 3468 petiit
3326 3401 3469 3456 illius

1894 3484 1998 3538 luci
2027 3486 2347 3553 piscatores,
2372 3488 2464 3556 qui
2494 3488 2542 3543 ei
2577 3488 2750 3558 pisces
2777 3488 2968 3545 afferre
2993 3490 3255 3559 solebant,
3284 3503 3342 3547 ut
3371 3495 3470 3548 ali—

1893 3594 2054 3647 quem
2081 3580 2376 3634 sturionem
2405 3581 2854 3650 comprehensum
2880 3580 3154 3637 afferrent.
3174 3584 3248 3638 At
3282 3584 3354 3639 illi
3392 3586 3472 3640 di-

1895 3680 2092 3726 xerunt
2139 3672 2294 3741 longe
2321 3686 2442 3727 esse
2468 3672 2802 3743 praeteritum
2833 3680 3063 3743 tempus,
3096 3690 3205 3745 quo
3231 3675 3366 3731 tales
3391 3677 3474 3746 pi-

1894 3777 2015 3817 sces
2056 3763 2436 3833 comprehendi
2482 3770 2733 3833 poterant
2772 3763 2912 3833 (erat
2937 3765 3082 3820 enim
3128 3766 3181 3820 in
3222 3768 3469 3837 proximo

1896 3862 2107 3924 tempus
2157 3854 2392 3925 hiemis).
2452 3854 2659 3920 Quibus
2713 3854 2803 3909 ille
2853 3855 2976 3910 laeto
3022 3856 3172 3912 vultu
3222 3860 3334 3912 ait:
3369 3860 3469 3924 Ite,

1895 3943 2010 4008 filii,
2043 3942 2202 3999 facite
2239 3960 2358 4013 qua:
2384 3944 2524 4009 dixi;
2555 3955 2749 4014 potens
2775 3953 2861 4000 est
2894 3946 3038 4001 Deus
3062 3948 3208 4001 omni
3239 3956 3480 4018 tempore

1898 4034 2071 4089 servis
2101 4035 2212 4089 suis
2258 4036 2561 4091 desiderata
2607 4045 2887 4106 prmstare.
2937 4037 3042 4106 ipsi
3074 4053 3202 4093 vero
3228 4040 3479 4108 precibus

1895 4126 1999 4178 viri
2030 4125 2122 4179 Dei
2157 4128 2330 4180 coacti
2360 4136 2640 4196 creperum
2669 4141 2820 4182 more
2847 4129 3006 4183 solito
3049 4137 3164 4184 rete
3189 4145 3286 4198 per
3313 4146 3480 4200 aquas

1897 4217 2133 4281 trahere,
2182 4226 2255 4281 ct,
2307 4232 2463 4282 ecce,
2517 4220 2695 4272 subito
2738 4219 2964 4273 elevatis
2990 4219 3180 4282 oculis,
3224 4221 3478 4275 viderunt

1895 4323 2052 4363 avem
2098 4324 2349 4379 magnam
2398 4310 2809 4365 descendentem
2841 4309 2908 4365 de
2937 4309 3074 4365 caelo
3099 4326 3283 4366 coram
3313 4328 3390 4377 se,
3423 4321 3479 4368 ct

1900 4398 2025 4452 dum
2070 4399 2273 4452 intente
2315 4399 2368 4451 in
2396 4399 2540 4453 illam
2570 4398 2846 4454 oculorum
2871 4399 3097 4469 figerent
3125 4401 3320 4467 aciem,
3345 4403 3482 4465 dixit

1903 4505 2042 4544 unus
2067 4492 2134 4545 ad
2159 4489 2389 4545 alterum
2420 4510 2431 4544 :
2459 4491 2599 4546 Vere
2641 4491 3045 4548 similitudinem
3086 4493 3248 4550 habet
3293 4496 3475 4565 piscis.

1904 4582 2223 4638 Mirantihus
2270 4583 2450 4652 itaque
2488 4582 2568 4637 eis
2610 4597 2674 4636 ac
2715 4598 2912 4653 pavore
2946 4586 3250 4654 perterritis
3287 4586 3478 4643 cecidit

1905 4676 2019 4746 ipsa
2048 4675 2212 4745 piscis
2240 4673 2443 4745 efligies
2484 4674 2597 4729 sive
2641 4674 2756 4729 avis
2783 4689 2966 4729 coram
3012 4676 3144 4746 ipsis
3174 4677 3228 4731 in
3256 4693 3476 4748 aquam,

1905 4780 2139 4836 cumque
2180 4766 2247 4819 ad
2292 4766 2466 4835 ipsum
2511 4764 2690 4819 locum
2722 4765 3116 4835 pervenissent,
3164 4766 3387 4824 intravit
3423 4771 3478 4825 in

1906 4859 2120 4913 illorum
2145 4864 2261 4911 rete
2284 4855 2450 4925 piscis
2474 4855 2625 4911 mirae
2654 4855 3062 4926 magnitudinis,
3095 4872 3255 4928 quem
3287 4861 3488 4916 sturio-

1905 4962 2027 5001 nem
2074 4958 2100 4986 ι
2149 4952 2361 5009 vocant,
2414 4958 2576 5014 quem
2620 4946 2705 4999 vir
2730 4946 2825 5001 Dei
2877 4930 3241 5004 desiderabat.
3297 4951 3368 5004 At
3407 4951 3483 5005 illi

1905 5037 2351 5106 comprehensum
2398 5034 2546 5097 illum
2577 5036 2878 5091 attulerunt
2903 5038 3023 5093 viro
3045 5038 3163 5103 Dei,
3200 5050 3489 5095 narrantes

1907 5125 2188 5189 miracula,
2218 5138 2338 5194 qua:
2384 5122 2601 5179 fuerunt
2645 5135 2814 5195 gesta.
2840 5126 3050 5194 Quibus
3079 5128 3168 5183 ille
3188 5144 3203 5181 :
3222 5128 3488 5198 Agamus.

1907 5218 2103 5288 inquit,
2134 5216 2485 5285 omnipotenti
2517 5216 2624 5271 Deo
2650 5218 2871 5287 gratias,
2901 5220 2990 5286 qui
3018 5219 3108 5272 dat
3131 5233 3307 5273 escam
3336 5220 3485 5272 omni

1909 5310 2081 5365 carni.
2117 5308 2462 5364 Commonuit
2508 5309 2670 5363 etiam
2704 5325 2815 5373 eos,
2849 5324 2918 5364 ne
2945 5311 3047 5363 hoc
3094 5308 3234 5364 idem
3264 5324 3362 5380 pro
3390 5326 3455 5366 cu

1897 5403 2152 5471 jusquam
2195 5401 2482 5455 sanctitate
2510 5401 2595 5456 vel
2634 5401 2842 5456 meritis
2871 5407 3049 5457 actum
3086 5414 3310 5456 narrare
3345 5416 3489 5473 prm-

1904 5500 2202 5548 sumerent.

298 5649 321 5675 ι
343 5634 516 5704 Vulgo
544 5634 681 5690 Sior.
702 5637 953 5708 Antiquis
974 5635 1298 5699 Saxonibus,
1325 5642 1381 5687 ut
1401 5632 1561 5688 hodie
1586 5629 2136 5703 Septentrionalibus,
2163 5637 2273 5681 sior
2296 5643 2546 5698 magnum
2582 5626 2866 5697 significat,
2908 5634 2964 5679 ct
3012 5624 3198 5696 Anglis
3236 5634 3375 5683 ποτε
3404 5638 3488 5684 est

217 5707 409 5760 abund
432 5708 583 5761 :ntia.
