3878 6172
432 288 539 346 785

1407 278 1500 332 AD
1540 277 1596 334 S.
1639 274 1939 333 LUDGERI
1985 273 2273 331 SCRII’TA
2315 271 2678 328 APPENDIX.

3547 277 3628 336 πει

495 400 550 455 6.
589 397 721 455 Erat
747 394 807 451 S.
839 396 1117 465 Ludgerus
1140 392 1196 446 in
1217 390 1512 461 Scripturis
1541 391 1711 447 sacris
1753 405 1859 444 non
1892 403 2002 443 mc-
2032 392 2080 450 Α
2105 393 2413 454 nuncupato
2454 384 2763 449 Billurbikc,
2796 384 2884 438 ubi
2930 381 3228 439 infirmatus
3276 383 3384 454 ipse
3422 400 3629 457 corpore,

430 488 687 546 dioeriter
711 485 973 549 eruditus,
1006 484 1146 539 sicut
1170 484 1223 536 in
1245 480 1385 536 libro
1428 481 1497 536 ab
1522 495 1588 535 eo
1620 480 1920 549 composito
1945 479 2014 532 de

436 581 556 635 Vita
585 575 972 633 venerabilium
1001 574 1118 644 ejus
1146 572 1427 627 doctorum
1456 570 1703 640 Gregorii
1731 570 1939 625 scilicet
1961 575 2016 622 et

429 670 631 729 Albrici
681 675 865 738 aperte
903 668 1192 735 probatur;
1226 663 1322 719 sed
1369 671 1425 718 et
1451 662 1745 732 primordia
1774 660 1832 717 S.
1859 661 2019 716 Boni-

430 762 558 818 faeii
609 761 870 817 adventus
922 764 1084 826 atque
1123 754 1494 819 ordinationis,
1551 769 1671 823 qnce
1721 752 1933 806 fuerant
1962 751 2016 804 in

431 851 537 905 alio
580 849 839 919 opusculo
896 845 1293 917 praetermissa,
1339 844 1566 914 pulchro
1602 857 1849 897 sermone
1905 842 2019 910 ipse

433 941 774 1009 conscripsit.
799 937 1089 1006 Discipulis
1108 936 1268 991 etiam
1295 936 1410 990 suis
1434 949 1592 989 mane
1615 934 1805 989 diebus
1829 932 2018 1002 singu-

432 1032 501 1086 lis
525 1032 736 1086 tradere
758 1045 855 1100 per
881 1044 938 1083 se
967 1027 1226 1083 lectiones
1265 1041 1375 1081 non
1400 1025 1659 1096 neglexit,
1688 1031 1743 1078 et
1763 1022 2020 1093 quicquid

360 1138 365 1142 ‘
440 1124 497 1179 in
531 1123 703 1177 sacris
729 1121 1017 1177 Codicibus
1045 1119 1347 1174 faciendum
1392 1117 1611 1179 invenit,
1646 1115 1776 1170 illud
1814 1116 2023 1170 instan-

438 1212 645 1268 tissime
664 1211 869 1267 studuit
894 1210 1184 1266 observare
1212 1216 1267 1264 et
1293 1210 1507 1261 docere.
1530 1206 1760 1262 Caverat
1781 1220 1932 1275 ergo,
1954 1219 2022 1258 ne

437 1303 541 1358 sibi
565 1301 854 1370 aliquando
878 1314 1077 1356 nomen
1102 1298 1306 1353 faceret
1326 1298 1507 1363 inane,
1533 1305 1588 1350 et
1616 1296 1818 1350 idcirco
1834 1308 2024 1349 secun-

438 1396 565 1449 dum
594 1392 914 1463 Apostolum
933 1392 1115 1447 omnia
1136 1396 1444 1445 mensurate
1482 1388 1662 1443 facere
1694 1386 2021 1454 concupivit.

438 1482 740 1547 Cucullam,
764 1496 830 1537 eo
873 1481 1015 1551 quod
1042 1480 1455 1550 promissionem
1487 1476 1881 1534 observationis
1911 1489 2027 1529 mo-

442 1575 740 1629 nachorum
763 1587 870 1627 non
902 1571 1126 1636 fecerat,
1156 1579 1374 1640 portare
1409 1568 1621 1631 desivit,
1655 1568 1813 1623 cilicii
1846 1574 2025 1621 tamen

440 1665 837 1730 indumentum,
856 1663 997 1731 quod
1021 1662 1190 1732 magis
1209 1659 1465 1715 abscondi
1497 1659 1692 1728 potuit,
1715 1657 1781 1712 ad
1804 1671 2023 1712 carnem

439 1771 611 1826 usque
641 1755 707 1810 ad
731 1754 894 1809 finem
915 1754 1036 1808 vitae
1065 1768 1175 1807 sua:
1199 1752 1405 1806 habuit.
1434 1749 1626 1806 Carnis
1665 1764 1816 1805 esum
1859 1748 2024 1803 certis

440 1846 774 1915 temporibus
801 1860 907 1899 non
968 1843 1177 1908 renuit;
1211 1842 1464 1896 satiatum
1511 1848 1692 1895 tamen
1724 1840 1873 1893 illum
1903 1839 2024 1893 cibo

438 1935 523 1990 vel
542 1943 693 2005 potu,
722 1933 1108 2003 discipulorum
1133 1930 1247 2000 ejus
1269 1947 1429 1988 nemo
1464 1947 1701 2000 unquam
1732 1930 1893 1995 vidit;
1931 1929 2024 1984 sed

440 2043 562 2082 cum
593 2028 660 2082 ad
683 2043 741 2083 se
767 2042 916 2082 more
949 2026 1106 2082 solito
1126 2040 1392 2095 pauperes
1423 2040 1488 2079 ac
1513 2023 1708 2078 divites
1728 2036 2025 2093 pransuros

440 2121 742 2185 invitasset,
776 2119 950 2174 dulcia
1004 2126 1221 2173 anet-na:
1250 2116 1373 2171 vitae
1404 2116 1616 2171 illorum
1658 2114 1910 2170 cordibus
1939 2113 2026 2167 in-

444 2211 673 2266 fundere
706 2210 1026 2265 documenta
1053 2224 1159 2264 non
1188 2208 1441 2272 cessavit,
1466 2208 1536 2261 ita
1560 2215 1620 2260 ut
1640 2206 1760 2276 plus
1778 2204 2028 2273 spiritua-

446 2302 607 2365 lihus,
658 2317 820 2372 quam
866 2301 1174 2355 carnalibus
1224 2299 1432 2354 deliciis
1479 2297 1658 2352 satiati
1702 2301 2023 2351 remearent.

442 2392 572 2445 Erat
598 2391 778 2458 itaque
800 2399 951 2459 pater
975 2404 1263 2459 egenorum
1290 2396 1345 2442 et
1374 2389 1656 2457 despector
1698 2386 1781 2441 sui
1813 2400 1826 2438 :
1857 2391 1910 2439 et
1938 2398 2025 2438 se-

444 2482 679 2536 cundum
715 2479 1050 2550 Apostolum,
1092 2480 1171 2534 sic
1217 2494 1276 2533 se
1308 2479 1559 2533 omnibus
1587 2485 1838 2546 coaptare
1864 2490 2025 2530 cura-

445 2573 544 2638 vit,
572 2580 632 2626 nt
677 2571 928 2627 omnibus
952 2572 1207 2639 prodesse
1247 2570 1530 2639 potuisset.
1564 2569 1689 2623 Fuit
1727 2576 1906 2622 autem
1932 2583 2027 2622 cu-

443 2663 598 2732 piens
619 2661 798 2726 anxie,
826 2662 1000 2731 gratia
1028 2661 1278 2726 docendi,
1302 2660 1700 2715 Northmannos
1731 2660 1902 2725 adire,
1934 2662 2027 2715 sed

446 2766 541 2804 rex
565 2749 793 2805 Carolus
816 2749 1122 2804 nullatenus
1143 2764 1420 2804 assensum
1446 2750 1692 2818 praebuit.

515 2843 571 2921 7.
619 2840 863 2911 Cumque
908 2841 1249 2910 omnipotens
1294 2842 1435 2896 Deus
1480 2856 1767 2910 perennem
1826 2857 2030 2897 merce-

448 2933 570 2987 dem
588 2932 813 2987 reddere
841 2932 953 2986 suis
971 2932 1073 3001 piis
1101 2931 1292 2986 studiis
1312 2931 1654 2994 decrevisset,
1681 2940 1805 2987 ante
1826 2933 2028 2987 obitum

447 3038 604 3078 suum
623 3022 896 3092 aliquanto
923 3030 1160 3092 tempore
1183 3024 1426 3093 corporis
1473 3023 1716 3079 molestia
1743 3026 2029 3093 depressus

446 3123 548 3169 est.
578 3113 636 3169 In
663 3114 976 3169 infirmitate
1006 3122 1185 3168 tamen
1209 3115 1418 3183 positus
1445 3123 1702 3170 consueto
1731 3131 1878 3169 more
1905 3130 2029 3169 san-

441 3203 550 3258 ctis
579 3218 793 3274 semper
819 3203 1030 3258 actibus
1060 3204 1422 3259 intentissime
1448 3212 1681 3261 mentem
1727 3206 2031 3276 occupavit,

448 3300 542 3347 aut
570 3294 623 3349 in
644 3294 965 3350 lectionibus
990 3295 1158 3349 sacris
1187 3295 1472 3360 audiendo,
1494 3305 1587 3351 aut
1607 3296 1661 3350 in
1681 3296 1909 3351 Psalmis
1937 3312 2029 3351 ca-

450 3387 646 3452 uendo,
675 3384 760 3441 vel
789 3385 952 3440 etiam
976 3384 1033 3440 in
1062 3385 1183 3439 aliis
1208 3384 1538 3454 quibuslibet
1582 3387 1744 3441 rebus
1780 3386 2032 3454 spiritua—

449 3480 594 3535 libus
622 3479 864 3550 agendo;
892 3494 968 3533 ne
1000 3493 1237 3547 unquam
1263 3493 1293 3531 a
1323 3493 1555 3547 superna
1580 3478 2033 3547 contemplatione

451 3570 708 3625 dissoluta
754 3585 907 3624 mens
951 3578 1269 3637 tepesceret,
1318 3577 1372 3625 et
1403 3585 1540 3639 pene
1568 3571 1757 3625 diebus
1807 3571 2035 3640 singulis

450 3663 741 3717 missarum
770 3668 1106 3716 sacramenta
1126 3660 1375 3729 quamvis
1398 3668 1633 3731 azgrotus
1676 3676 1920 3730 corpore,
1955 3661 2027 3715 in-

454 3751 706 3823 fatigatus
732 3761 911 3807 tamen
934 3751 1115 3806 animo
1142 3751 1452 3806 celebravit.
1494 3752 1616 3823 Ipso
1655 3767 1785 3808 vero
1810 3753 1896 3808 die
1925 3754 2032 3809 Do—

459 3842 674 3906 nainico,
694 3858 816 3897 eum
834 3841 888 3895 in
911 3842 1259 3911 subsequenti
1280 3850 1436 3897 nocte
1457 3844 1522 3898 de
1544 3844 1648 3898 hoc
1667 3844 1865 3898 mundo
1889 3852 2035 3900 esset

456 3934 630 3987 iturus
674 3934 740 3988 ad
780 3932 1085 3996 Dominum,
1113 3932 1265 4002 quasi
1303 3932 1623 3990 valefaciens
1667 3935 1888 3990 creditis
1930 3936 2032 3990 sibi

456 4025 705 4079 omnibus
730 4023 784 4077 in
813 4023 1024 4078 duabus
1045 4024 1157 4079 suis
1182 4023 1428 4079 ecclesiis
1448 4024 1659 4094 publice
1697 4025 2032 4095 praedicavit,

459 4130 614 4170 mane
659 4113 862 4169 scilicet
904 4113 959 4166 in
1000 4112 1136 4177 loco,
1188 4114 1281 4181 qui
1305 4113 1502 4168 dicitur
1524 4113 1775 4181 Coasfelt,
1806 4124 2035 4171 canente

457 4207 770 4277 presbytero
796 4206 1032 4272 missam,
1066 4212 1121 4259 et
1158 4205 1299 4261 circa
1348 4206 1537 4262 horam
1586 4210 1802 4266 tertiam
1832 4212 1888 4266 in
1914 4212 2032 4269 loco

2116 486 2175 531 ut
2199 491 2361 547 supra
2389 477 2691 541 retulimus,
2716 476 2809 531 sed
2835 474 3047 531 fervore
3071 474 3341 530 cbaritatis
3359 477 3542 533 validus
3560 482 3636 535 de-

2116 580 2241 627 vote
2259 571 2546 625 missarum
2567 570 2754 624 ultima
2786 568 3078 624 celebravit
3101 568 3372 636 solemnia;
3396 571 3477 625 ubi
3502 575 3633 633 etiam

2116 661 2232 730 ipsa
2284 660 2633 728 subsequenti
2664 668 2821 714 nocte
2865 658 3238 715 assistentibus
3265 659 3514 730 discipulis
3532 662 3636 718 dile-

2117 761 2259 807 ctam
2288 752 2518 807 Domino
2547 752 2779 807 reddidit
2805 752 3062 805 animam.
3108 750 3164 805 In
3191 751 3298 820 ipsa
3325 752 3475 822 igitur
3494 755 3639 810 exitus

2118 847 2201 899 sui
2228 845 2362 900 hora
2389 844 2691 899 clementiae
2718 858 2829 897 suae
2855 841 3116 897 Dominus
3142 842 3379 912 dignatus
3395 850 3468 897 est
3492 854 3638 899 osten-

2121 938 2251 992 dere
2273 938 2508 1007 signum.
2537 936 2673 990 Nam
2696 934 2977 990 Gerfridus
3003 936 3280 1006 presbyter
3305 950 3458 1005 nepos
3479 935 3578 1005 ejus
3600 944 3641 991 et

2119 1045 2403 1085 successor
2426 1046 2549 1084 cum
2575 1037 2734 1083 nocte
2762 1027 2951 1082 eadem
2978 1041 3085 1080 una
3111 1041 3229 1081 cum
3264 1024 3515 1090 fratribus,
3539 1040 3641 1095 gra-

2120 1121 2195 1175 tia
2220 1121 2495 1183 visitandi,
2521 1119 2589 1174 ad
2611 1118 2761 1171 illum
2794 1117 3022 1171 festinus
3047 1122 3400 1185 properasset,
3427 1114 3641 1185 etpaulu-

2121 1212 2232 1265 lum
2256 1211 2430 1266 adhuc
2454 1211 2662 1265 itineris
2682 1217 3004 1271 remaneret,
3028 1208 3281 1261 viderunt
3299 1215 3416 1261 ante
3434 1221 3486 1261 se
3502 1206 3643 1260 lumen

2122 1319 2397 1374 magnum,
2431 1302 2583 1372 quasi
2613 1301 2788 1372 ignem
2818 1300 2871 1354 in
2899 1298 3127 1353 sublime
3149 1298 3446 1360 ascendere,
3472 1312 3527 1352 ac
3545 1312 3645 1351 eun-

2123 1406 2239 1452 ctas
2258 1403 2411 1450 tetra:
2440 1393 2614 1448 noctis
2642 1392 2785 1446 illius
2814 1389 3077 1461 ell'ugasse
3101 1390 3366 1444 tenebras.
3389 1388 3451 1442 Et
3468 1402 3550 1457 per
3564 1388 3643 1442 hoc

2124 1486 2307 1539 statim
2344 1485 2601 1540 indicium
2647 1483 3007 1553 intelligentes
3056 1482 3228 1537 sancti
3277 1496 3340 1535 ac
3381 1478 3647 1535 venerabilis

2124 1579 2226 1633 viri
2260 1579 2486 1643 obitum,
2536 1577 2680 1648 quod
2717 1576 2987 1645 reliquum
3025 1583 3142 1630 erat
3178 1575 3301 1637 vite,
3349 1589 3459 1628 cum
3495 1588 3649 1642 magna

2124 1668 2410 1723 velocitate
2437 1673 2780 1736 peregerunt,
2805 1663 3024 1733 jamque
3062 1679 3190 1719 eum
3233 1661 3515 1718 defunctum
3537 1662 3651 1713 inve-

2127 1767 2343 1825 nerunt,
2375 1767 2431 1814 et
2481 1757 2753 1813 subtiliter
2791 1756 3150 1825 requirentes,
3195 1760 3505 1824 agnoverunt
3541 1752 3653 1821 quod

2128 1852 2317 1906 eodem
2343 1857 2617 1905 momento
2636 1847 2751 1902 veri
2789 1845 3010 1900 luminis
3046 1846 3297 1900 assiduus
3324 1843 3587 1912 speculator
3606 1850 3648 1895 et

2129 1950 2337 1997 amator
2368 1941 2619 2011 migravit
2641 1940 2707 1995 ad
2732 1941 3041 2007 Dominum,
3059 1955 3169 2011 quo
3188 1940 3266 1994 eis
3289 1938 3383 1993 fuit
3402 1954 3487 2008 per
3508 1937 3653 1990 lumen

2127 2041 2425 2088 ostensum.

2199 2122 2252 2176 8.
2275 2121 2456 2190 'lgitur
2475 2122 2721 2193 discipuli
2747 2137 2855 2177 non
2898 2122 3272 2188 immemores,
3302 2119 3513 2191 qualiter
3548 2118 3656 2172 idem

2132 2213 2386 2268 sacerdos
2411 2213 2622 2267 Domini
2651 2214 2987 2283 disposuerat
3016 2213 3196 2268 adhuc
3219 2212 3413 2277 vivens,
3432 2218 3485 2264 ut
3507 2208 3657 2263 inloco

2130 2313 2437 2372 nuneupato
2466 2302 2772 2370 Werthina,
2801 2303 2891 2358 ubi
2924 2303 2979 2357 in
3019 2303 3337 2357 haereditate
3381 2299 3569 2371 propria
3606 2297 3659 2351 ob

2131 2396 2497 2451 habitaculum
2527 2396 2913 2450 monachorum
2943 2395 2997 2449 in
3045 2395 3257 2451 honore
3301 2394 3355 2449 S.
3398 2391 3657 2448 Salvatoris.

2131 2494 2332 2541 sanetze
2353 2486 2448 2539 Dei
2479 2486 2779 2556 genitricis,
2811 2487 3090 2555 sanctique
3128 2486 3481 2555 apostolorum
3507 2482 3657 2553 princi-

2129 2576 2215 2645 pis
2241 2576 2389 2629 Petri
2419 2576 2533 2645 ipse
2560 2577 2864 2631 construxit
2913 2578 3227 2643 ecclesiam,
3268 2578 3378 2647 ejus
3405 2574 3659 2644 sepeliretur

2132 2685 2349 2739 corpus.
2384 2668 2488 2723 Sed
2518 2686 2639 2724 cum
2692 2670 2761 2725 ad
2814 2672 2917 2726 hoc
2964 2672 3257 2743 agendum,
3306 2670 3514 2741 populus
3553 2666 3661 2721 illius

2133 2768 2315 2814 sancta
2349 2760 2593 2815 recolens
2620 2761 2834 2826 merita,
2884 2764 3240 2817 vehementer
3268 2763 3536 2821 resisteret,
3563 2757 3661 2811 inito

2132 2850 2358 2904 consilio
2388 2852 2454 2904 ad
2481 2852 2870 2906 monasterium
2899 2854 2965 2906 ab
2984 2867 3050 2907 eo
3063 2861 3432 2908 constructum
3455 2845 3662 2905 vocabulo

2133 2941 2595 3010 Mimigcrneford,
2627 2943 2694 2997 de
2740 2957 2848 3013 quo
2893 2944 3004 3015 jam
3049 2945 3304 3014 superius
3324 2944 3546 3003 diximus,
3572 2954 3662 3010 pcr-

2132 3031 2404 3086 duxerunt
2436 3031 2594 3096 illud;
2628 3039 2789 3101 atque
2825 3032 2877 3086 in
2902 3033 3135 3088 ecclesia
3186 3041 3384 3089 sancte
3428 3031 3580 3085 Maria.
3602 3028 3662 3081 in-

2055 3094 2101 3157 C
2130 3120 2414 3175 humatum
2443 3094 2794 3189 reliquerunt,
2838 3121 3011 3177 donec
3062 3122 3387 3178 venerabilis
3436 3121 3664 3191 episcopus

2130 3210 2373 3266 ecclesiae
2403 3210 2810 3276 Cadolonensis,
2843 3211 3202 3285 Hildigrimus
3240 3215 3465 3276 nomine,
3502 3222 3663 3280 gema'

2139 3315 2243 3354 nus
2274 3299 2515 3369 ejusdem
2544 3299 2646 3353 viri
2676 3299 2771 3354 Dei
2801 3309 2962 3370 atque
3007 3303 3259 3358 eruditus
3305 3302 3371 3357 ab
3403 3316 3480 3365 eo,
3525 3302 3665 3368 agi‘ff‘l

2134 3407 2254 3445 cum
2278 3391 2514 3462 glorioso
2541 3406 2667 3461 rege
2692 3391 2908 3459 Carolo,
2936 3402 2995 3447 ut
3032 3393 3152 3463 ejus
3205 3395 3443 3466 imperio,
3472 3392 3565 3445 imo
3595 3386 3663 3441 Dei

2135 3483 2379 3549 consilio,
2408 3484 2463 3538 in
2491 3484 2630 3549 loco,
2661 3486 2753 3540 ubi
2784 3486 2897 3555 ipse
2923 3487 3079 3541 vivus
3114 3487 3448 3549 decreverat,
3472 3490 3664 3539 sanctum

2135 3576 2281 3632 illius
2328 3578 2654 3633 moderetur
2705 3593 2920 3648 corpus,
2971 3587 3122 3633 extra
3175 3579 3451 3635 ecclesiam
3485 3576 3531 3629 in
3552 3579 3664 3641 parte

2135 3669 2383 3733 orientis,
2413 3678 2474 3724 ut
2505 3668 2743 3738 jusserat
2781 3671 2893 3741 ipse
2925 3689 2937 3724 :
2976 3686 3083 3726 non
3134 3672 3285 3726 enim
3327 3679 3441 3726 erat
3480 3678 3665 3734 unquam

2137 3761 2500 3827 consentiens,
2523 3770 2585 3815 ut
2611 3760 2664 3815 in
2683 3762 2915 3817 ecclesia
2940 3778 3035 3817 sua
3059 3771 3379 3818 consecrata
3406 3759 3666 3828 sepeliretur

2136 3865 2333 3923 corpus
2358 3853 2672 3908 humanum.
2720 3853 3017 3909 Defunctus
3044 3863 3129 3910 est
3174 3856 3360 3924 itaque
3386 3867 3515 3907 anno
3537 3843 3667 3901 domi.

2137 3945 2274 3999 nica:
2329 3945 2718 3999 incarnationis
2768 3946 3221 4015 octingentesimo
3276 3959 3440 4003 nono.
3490 3938 3664 4007 εθριῑιηπ

2136 4034 2407 4090 Kalendas
2426 4034 2647 4106 Aprilis,
2679 4043 2732 4089 et
2761 4036 3036 4091 tricesimo
3064 4035 3308 4090 secundo
3332 4034 3415 4089 die
3440 4031 3512 4086 sui
3536 4022 3666 4081 sancti

2131 4127 2331 4191 obitus,
2358 4127 2459 4182 hoc
2485 4134 2587 4193 est,
2616 4136 2769 4183 sexto
2794 4128 3062 4183 Kalendas
3077 4127 3206 4183 Maii
3230 4125 3452 4196 miriﬁce
3469 4121 3663 4189 fragm"s

2132 4217 2186 4271 in
2212 4218 2403 4274 eodem
2431 4221 2549 4276 loco
2572 4220 2810 4291 sepultus
2832 4230 2929 4276 est.

2056 1745 2099 1804 Β

2519 4330 3660 4356 _________________________.._.

1661 4441 1962 4520 LIBER
2023 4446 2498 4525 TERTIUS.

1912 4586 2258 4602 ἡ

532 4659 582 4709 l.
620 4656 810 4710 Divina
836 4655 1000 4726 igitur
1022 4654 1258 4712 donante
1302 4655 1609 4722 clementia,
1642 4666 1701 4712 ut
1730 4659 1885 4713 vivus
1912 4667 2037 4713 ante

460 4748 783 4805 desideravit
810 4746 1078 4817 profuisse
1108 4746 1309 4813 multis,
1337 4749 1416 4803 sic
1440 4749 1602 4804 etiam
1640 4760 1763 4818 post
1790 4750 1905 4819 ejus
1925 4748 2039 4803 obi-

462 4850 575 4894 tum
606 4844 790 4893 saneta
815 4837 959 4891 illius
1001 4839 1190 4892 merita
1220 4838 1500 4910 sutl‘ragari
1529 4855 1634 4895 non
1660 4849 1893 4905 cessant,
1921 4841 2040 4909 qui—

462 4928 686 4985 busdam
712 4926 868 4996 longe
890 4926 1248 4991 manentibus,
1281 4928 1596 4996 quibusdam
1619 4930 1783 4984 etiam
1810 4928 1876 4983 ad
1899 4930 2041 4985 illius

462 5017 767 5087 sepulcrum
813 5015 1153 5080 meantibus,
1204 5016 1323 5071 aliis
1362 5032 1488 5073 vero
1526 5018 1635 5073 illic
1677 5020 2038 5087 manentibus,

461 5107 547 5162 vel
575 5106 698 5161 inde
724 5105 939 5160 domum
966 5103 1345 5171 redeuntibus;
1372 5121 1439 5160 ex
1464 5107 1658 5176 quibus
1680 5124 1766 5172 ea,
1810 5123 1929 5175 quae
1972 5110 2040 5165 ad

462 5196 781 5253 memoriam
811 5192 1055 5258 veniunt,
1076 5192 1404 5249 iutimamus.

536 5287 663 5342 Fuit
688 5284 903 5357 quidam
935 5282 987 5336 in
1013 5296 1151 5352 pago
1197 5281 1397 5354 North
1437 5285 1761 5357 lrmingerus
1802 5289 2039 5354 nomine,

467 5382 557 5451 qui
588 5379 761 5434 eidem
779 5383 966 5432 sancto
991 5375 1236 5446 Ludgero
1266 5372 1614 5443 injuventute
1639 5377 1925 5441 serviebat,
1954 5380 2042 5434 cui

466 5469 708 5539 contigit,
736 5476 796 5521 ut
821 5467 1000 5522 lumen
1027 5464 1304 5521 oculorum
1353 5463 1645 5530 amitteret,
1686 5474 1747 5521 et
1786 5468 2042 5522 tredecim

470 5561 627 5615 annis
651 5560 919 5615 continuis
941 5553 994 5612 in
1017 5558 1257 5613 caecitate
1287 5558 1602 5627 permansit.
1619 5557 1714 5612 Cui
1736 5567 1892 5613 nocte
1912 5575 2044 5629 qua-

471 5649 595 5704 dam
612 5658 826 5705 sanctus
844 5650 930 5704 vir
941 5662 1038 5720 per
1052 5649 1311 5705 visionem
1329 5649 1594 5719 apparuit,
1611 5656 1664 5705 et
1685 5664 1805 5705 eum
1829 5650 2044 5706 nomine

2066 4662 2115 4721 D
2143 4660 2359 4730 proprio
2382 4659 2612 4726 vocavit,
2641 4660 2825 4716 dicens
2853 4677 2866 4714 :
2898 4660 3191 4732 lrmenger,
3212 4660 3439 4733 vigilas?
3460 4657 3549 4725 Qui
3572 4666 3665 4711 cum

2141 4762 2201 4803 se
2223 4747 2447 4818 vigilare
2470 4748 2701 4813 diceret,
2735 4748 2911 4819 tetigit
2937 4746 3130 4803 faciem
3158 4749 3276 4820 ejus
3295 4750 3504 4804 dicens:
3533 4739 3665 4799 Sicuti

2142 4840 2362 4910 reliqua:
2391 4841 2495 4895 hoc
2520 4841 2576 4896 in
2598 4841 2716 4896 loco
2766 4840 2916 4896 color
2951 4839 3227 4896 dissimilis
3272 4837 3579 4910 apparuer'l.
3604 4832 3667 4887 ὅ(

2143 4931 2372 4987 Dindoni
2398 4932 2615 4988 domino
2647 4941 2759 4998 tuo,
2790 4941 2851 4987 ut
2877 4940 2932 4987 te
2961 4932 3120 4987 faciat
3140 4932 3327 4987 venire
3348 4931 3415 4986 ad
3432 4925 3667 4984 ecclesiam

2144 5037 2321 5077 meam
2347 5022 2403 5077 in
2427 5022 2727 5089 Werthina,
2754 5038 2918 5093 quam
2960 5023 3157 5078 ibidem
3189 5023 3418 5078 Domino
3438 5013 3665 5074 fabricari.

2142 5112 2235 5167 ubi
2260 5113 2425 5167 etiam
2450 5127 2645 5182 corpus
2671 5128 2850 5168 meum
2875 5114 3148 5184 sepultura
3174 5113 3391 5184 tegitur,
3432 5119 3486 5163 et
3508 5106 3570 5161 ibi
3590 5102 3670 5156 Do-

2145 5202 2293 5256 mino
2317 5201 2576 5274 largiente
2626 5203 2806 5259 lumen
2857 5203 3137 5260 oculorum
3175 5204 3425 5274 recipies.
3459 5198 3670 5265 Quium

2142 5292 2323 5347 taliter
2349 5291 2541 5348 fuisset
2566 5294 2892 5359 admonitus,
2919 5294 3159 5349 narravit
3183 5293 3406 5348 domino
3424 5302 3515 5345 suo
3542 5279 3668 5355 quale

2142 5395 2174 5434 a
2203 5389 2391 5436 sancto
2419 5382 2536 5438 viro
2560 5383 2871 5439 mandatum
2906 5390 3207 5453 acceperat.
3247 5388 3304 5436 et
3344 5376 3513 5440 simul.
3559 5368 3671 5443 ψκκί

2141 5468 2298 5525 faciei
2344 5467 2464 5539 ejus
2504 5470 2831 5542 imposuerat
2873 5473 3104 5543 signum,
3132 5470 3384 5534 ostendit,
3418 5466 3548 5538 quod
3575 5465 3671 5514 em

2129 5560 2288 5630 juxta
2319 5562 2541 5617 verbum
2564 5561 2660 5618 Dei
2683 5563 2782 5617 viri
2805 5562 3064 5619 dissimile
3094 5562 3198 5618 cuti
3228 5559 3445 5630 reliqua!
3461 5549 3671 5610 omnibus

2145 5650 2330 5707 diebus
2359 5652 2480 5707 vitae
2502 5666 2630 5707 suam
2679 5651 2832 5708 Tunc
2865 5652 3111 5709 dominus
3138 5664 3266 5706 suus
3295 5664 3396 5704 una
3435 5658 3544 5700 cura
3567 5649 3671 5693 con-
