3878 6172
217 355 323 412 785

1537 350 1717 406 ACTA
1756 350 1814 406 S.
1854 348 2174 408 LL'DGERI.

3380 358 3481 414 736

202 468 330 539 iuge
357 485 459 525 sua
487 468 554 524 ad
581 467 831 521 eumdem
878 472 1052 520 locum
1096 464 1514 536 gratulabundus
1539 477 1790 535 pergens,
1820 462 1870 519 Α
1896 458 2070 515 baculi
2108 478 2205 533 per
2230 465 2344 520 dies
2368 466 2643 534 plurimos.
2685 467 2926 539 Cumque
2972 477 3125 542 pater
3164 471 3306 526 illius
3346 471 3483 539 533i-

206 575 395 617 secum
424 559 602 631 ipsum
630 556 986 627 lrmingerum
1015 555 1184 611 duxit.
1233 554 1468 625 Contigit
1510 553 1697 618 etiam,
1737 560 1796 609 ut

206 653 524 711 Gerfridum
543 652 855 722 episcopum
882 650 941 705 S.
963 650 1192 719 Ludgeri
1223 659 1471 720 nepotem
1502 658 1559 703 et
1576 664 1794 705 succes-

205 764 388 805 sorem
414 760 523 802 una
542 761 665 801 cum
686 745 949 799 fratribus
966 751 1021 798 et
1045 743 1325 798 monachis
1370 743 1675 798 invenirent
1696 741 1792 808 ibi,

204 839 402 909 quibus
432 852 555 891 cum
572 845 723 907 gesta
745 826 1047 899 narrarent,
1072 832 1315 889 fecerunt
1334 833 1583 887 eumdem
1604 830 1795 886 Irmin-

204 944 396 999 gerum
446 928 502 984 in
555 926 776 997 praefata
824 925 1051 981 ecclesia
1074 939 1138 978 ea
1166 934 1322 979 nocte
1357 923 1562 991 jacere,
1603 923 1657 977 in
1686 939 1789 993 qua

206 1037 327 1076 cuu‘
360 1029 571 1074 orasset
599 1025 653 1072 et
692 1018 989 1089 vigilasset,
1014 1017 1268 1071 continuo
1310 1030 1407 1085 per
1430 1014 1526 1069 Dei
1560 1015 1789 1084 gratiam

203 1111 388 1166 lumen
410 1108 690 1164 oculorum
712 1106 915 1176 recepit
939 1107 1232 1162 secundum
1259 1107 1423 1160 verba
1449 1104 1551 1158 viri
1580 1103 1694 1158 Dei.
1733 1104 1790 1157 ln

202 1203 396 1258 eadem
422 1209 581 1256 nocte
596 1201 738 1255 circa
762 1196 1025 1268 gallorum
1044 1207 1284 1262 cautum,
1306 1205 1432 1252 ante
1482 1197 1788 1266 sepulcrum

202 1292 306 1346 viri
339 1292 437 1347 Dei
488 1291 680 1346 mulier
703 1290 949 1360 qumdam
980 1288 1281 1359 paralytica
1319 1296 1540 1357 repente
1566 1287 1787 1342 sanitati

203 1384 448 1455 corporis
471 1386 718 1439 restituta
746 1391 850 1446 est,
880 1391 934 1436 et
963 1382 1096 1436 abiit
1116 1380 1790 1451 incolumis,magnificans

201 1478 397 1543 Deum,
423 1479 515 1547 qui
545 1493 644 1545 per
667 1491 883 1532 servum
912 1489 1069 1529 suum
1093 1481 1201 1528 tam
1233 1473 1411 1529 subito
1434 1488 1555 1528 eam
1596 1484 1789 1528 curare

200 1570 455 1639 dignatus
479 1576 581 1622 est.

267 1658 324 1712 2.
360 1656 420 1712 ln
446 1673 584 1727 pago
606 1655 845 1727 Suderge
870 1656 1004 1729 [Al.,
1037 1655 1334 1729 Sudergoe]
1365 1665 1612 1711 matrona
1643 1672 1788 1725 qua:-

198 1750 333 1815 dam.
378 1748 595 1801 nomine
641 1746 927 1818 Sigihurch
956 1748 1204 1802 colonum
1236 1747 1423 1803 habuit
1468 1731 1785 1801 Reinoldum

1898 551 2084 606 bcrtus
2106 554 2340 620 nomine,
2358 556 2471 625 jam
2494 566 2620 614 tunc
2640 560 2936 616 monachus
2951 569 3185 618 tractare
3206 564 3480 634 coepisset,

1898 641 1945 695 si
1974 642 2152 712 aliqua
2178 647 2509 701 medicorum
2550 651 2829 707 curatione
2859 655 3159 707 contractio
3192 670 3482 709 nervorum

1897 731 2014 803 ejus
2041 730 2272 790 relaxari
2298 738 2592 807 potuisset;
2622 756 2748 795 ecce
2771 744 3024 799 sacerdos
3042 744 3254 799 Domini
3276 745 3485 816 Lndge—

1896 837 1990 877 rus
2010 824 2191 879 eidem
2215 828 2538 883 scholastico
2566 830 2620 885 in
2645 840 2795 887 veste
2829 835 3147 890 sacerdotali
3172 836 3398 891 cidarim
3428 838 3482 891 in

1894 916 2071 985 capite
2096 926 2335 987 gestans,
2357 936 2454 991 per
2480 922 2742 977 visionem
2771 927 3038 994 apparuit,
3069 928 3253 983 dicens
3284 948 3295 982 :
3326 929 3479 993 Vide,

1895 1022 1962 1061 ne
1987 1022 2087 1075 pro
2118 1023 2205 1075 eo,
2236 1012 2376 1079 quod
2399 1014 2619 1081 pateris,
2638 1016 2911 1071 carnalem
2936 1019 3129 1073 alicubi
3160 1020 3483 1076 medicinam

1892 1112 2138 1166 quaerere
2159 1113 2452 1168 prtesumas
2468 1119 2481 1167 ;
2497 1104 2623 1171 quia
2649 1105 2695 1160 si
2720 1106 2825 1160 hoc
2851 1105 3064 1173 feceris,
3085 1110 3287 1164 nullam
3312 1112 3484 1181 ipsius

1892 1188 2265 1246 medicaminis
2307 1193 2642 1248 curationem
2694 1195 2947 1267 recipies,
2994 1206 3049 1253 et
3098 1200 3349 1255 similiter
3384 1217 3483 1271 pro

1891 1277 2111 1334 levitate
2124 1296 2189 1336 ac
2202 1283 2393 1352 puerili
2417 1285 2718 1340 mobilitate
2731 1287 3163 1358 increpaviteum
3188 1298 3242 1345 et
3267 1292 3483 1349 absces.

1891 1368 1980 1422 sit.
2008 1370 2162 1425 Mane
2181 1383 2362 1428 autem
2392 1374 2556 1441 facto,
2587 1378 2831 1432 narravit
2856 1394 2977 1449 qum
3001 1380 3211 1435 viderat
3235 1400 3247 1434 :
3279 1390 3333 1437 et
3359 1399 3482 1438 cum

1891 1458 1982 1513 die
2007 1462 2195 1517 eodem
2222 1466 2456 1534 peractis
2472 1469 2797 1537 vespertinis
2819 1469 3067 1527 laudibus
3088 1472 3307 1527 domum
3335 1475 3486 1530 infir-

1891 1566 2125 1619 morum,
2158 1556 2213 1609 in
2239 1571 2345 1625 qua
2370 1557 2418 1611 ei
2446 1558 2626 1627 priore
2656 1567 2813 1616 nocte
2838 1562 2923 1617 vir
2950 1572 3168 1617 sanctus
3195 1578 3295 1633 per
3320 1566 3483 1621 visio-

1892 1658 2015 1699 nem
2047 1648 2311 1717 apparuit,
2343 1650 2617 1716 intrasset,
2668 1654 3014 1710 cernentibus
3060 1654 3337 1723 fratribus,
3388 1659 3491 1726 qui

1892 1736 2002 1792 illic
2029 1738 2254 1793 aderant
2282 1755 2347 1793 ex
2378 1741 2578 1811 templo
2623 1743 2692 1797 ad
2739 1752 2939 1799 terram
2970 1748 3193 1812 corruit,
3222 1757 3277 1802 et
3301 1758 3478 1804 erecta

199 1840 436 1902 nomine,
472 1838 625 1907 cujus
652 1852 786 1896 ηχοι-
816 1841 971 1911 longa
1014 1840 1331 1911 agritudine
1358 1841 1610 1909 depressa
1636 1840 1786 1910 iace.
1818 1831 1865 1890 B
1891 1834 1974 1881 est
2000 1826 2114 1895 ejus
2141 1828 2274 1882 tibia
2301 1829 2419 1885 sine
2445 1831 2647 1897 dolore,
2680 1834 3105 1905 audiebaturque
3124 1839 3332 1893 sonitus
3358 1856 3482 1893 ner-
3517 1852 3533 1915 κ

196 1934 313 1997 bat,
340 1947 406 1985 ac
435 1945 572 2001 pene
597 1930 932 2000 corporalem
954 1931 1237 2000 desperata
1260 1931 1508 1985 salutem.
1536 1928 1669 1985 Cum
1693 1930 1789 2001 igi-

195 2032 286 2076 tur
332 2030 492 2077 nocte
555 2022 786 2091 quadam
831 2020 975 2077 inter
1031 2037 1174 2092 {egra
1223 2021 1454 2091 suspiria
1510 2020 1786 2090 paululum

194 2109 441 2166 membra
496 2110 704 2166 defessa
737 2111 1050 2166 laberentur
1084 2112 1137 2165 in
1196 2126 1462 2175 somnum,
1516 2111 1651 2165 vidit
1692 2125 1789 2180 per

194 2204 469 2258 somnium
513 2203 797 2272 quemdam
842 2203 1184 2259 assistentem
1228 2210 1283 2256 et
1328 2202 1599 2257 dicentem
1641 2203 1784 2257 sibi:

193 2293 447 2363 Loquere
493 2310 616 2349 cum
643 2293 890 2364 Ludgero
920 2295 1189 2364 episcopo.
1238 2294 1310 2348 At
1354 2292 1463 2358 illa,
1494 2300 1555 2346 ut
1597 2301 1784 2362 postea

193 2399 424 2439 narrare
442 2383 670 2449 solebat,
706 2400 806 2438 nec
834 2384 1072 2454 graviter
1103 2384 1394 2449 dormiens,
1429 2399 1527 2438 nec
1552 2384 1787 2453 perfecte

192 2474 448 2542 vigilans,
476 2473 609 2527 vidit
626 2474 773 2527 illum
796 2481 1028 2528 stantem
1051 2474 1118 2528 ad
1137 2475 1400 2529 orientem
1421 2489 1738 2530 conversum
1768 2493 1781 2528 :

194 2580 431 2634 cumque
448 2580 570 2619 eum
597 2564 795 2637 alloqui
821 2581 927 2620 non
945 2573 1314 2636 praesumeret,
1345 2566 1432 2621 ille
1456 2582 1615 2621 verso
1634 2565 1786 2620 vultu

192 2655 260 2710 ad
282 2668 409 2709 eam
436 2656 609 2723 inquit
636 2670 652 2709 :
676 2655 900 2710 Probavi
925 2657 1240 2726 patientiam
1277 2664 1444 2721 tuam,
1468 2656 1783 2725 patientiam

194 2747 397 2799 habeto
422 2754 476 2800 et
502 2744 758 2800 Dominus
784 2748 998 2802 curabit
1027 2755 1098 2801 te.
1127 2746 1399 2817 Completa
1424 2762 1552 2818 ergo
1577 2748 1784 2803 visione

193 2842 410 2901 tantum
437 2836 677 2907 vigorem
698 2839 906 2908 accepit
933 2853 1129 2908 corpus
1155 2839 1292 2907 ejus,
1338 2845 1399 2891 ut
1426 2854 1560 2907 pene
1607 2836 1674 2892 ab
1720 2853 1783 2893 ea

195 2926 481 2982 tolleretur
502 2927 760 2982 memoria
784 2928 981 2997 prioris
1030 2928 1319 2994 molestiae;
1357 2938 1411 2982 et
1446 2928 1590 2983 facto
1625 2944 1784 2984 mane

195 3016 315 3071 laeta
344 3018 604 3083 surrexit,
653 3032 883 3071 narrans
929 3020 1171 3072 ordinem
1214 3033 1324 3073 sum
1353 3019 1779 3073 restaurationis.

196 3109 293 3164 Vir
317 3118 501 3163 autem
525 3108 642 3176 ejus
668 3116 722 3163 et
745 3108 840 3163 filii
865 3124 987 3163 cum
1026 3108 1227 3163 familia
1274 3110 1667 3179 congaudentes
1690 3109 1783 3163 be-

195 3200 523 3255 nedixerunt
552 3173 749 3255 Deum.
778 3199 847 3257 At
868 3199 957 3254 illa
998 3200 1249 3270 deinceps
1279 3199 1335 3254 S.
1370 3173 1602 3270 Dudgcri
1649 3216 1780 3255 con-
1809 3173 1854 3237 ο

196 3301 447 3349 sueverat
470 3308 590 3347 cum
612 3284 916 3362 gratiarum
962 3292 1175 3348 actione
1201 3284 1421 3347 visitare
1451 3292 1775 3362 sepulcrum,

194 3385 284 3441 cui
330 3385 499 3438 etiam
543 3384 780 3453 posthaec
832 3384 1124 3438 revelatum
1167 3391 1251 3438 est
1294 3382 1438 3456 quod
1470 3398 1626 3438 sacro
1672 3398 1779 3437 non

196 3486 342 3532 esset
366 3475 544 3530 abluta
566 3476 911 3545 baptismate,
936 3484 990 3530 et
1016 3473 1256 3544 ejusdem
1276 3475 1620 3532 revelationis
1640 3476 1781 3528 veri-

195 3577 305 3623 tate
325 3576 601 3637 comperta
628 3568 881 3638 baptismi
906 3568 1141 3637 suscepit
1168 3570 1419 3639 gratiam.

263 3660 317 3713 5.
359 3657 513 3712 Alius
539 3658 758 3727 quidam
783 3657 1094 3714 Berthricus
1117 3660 1333 3714 nomine
1354 3660 1410 3714 in
1437 3661 1623 3715 eodem
1641 3676 1780 3731 pago

194 3751 418 3805 colonus
444 3749 622 3820 lgouis
658 3750 830 3804 nostri
857 3751 1179 3821 presbyteri,
1229 3759 1284 3805 et
1307 3752 1510 3806 alumni
1551 3752 1608 3807 S.
1639 3753 1780 3807 Lud-

194 3841 331 3912 geri,
361 3840 531 3894 filiam
572 3840 770 3895 habuit
816 3842 1266 3897 adolescentulam
1295 3843 1530 3915 paralysi
1583 3843 1779 3897 dolori-

195 3935 404 4005 busque
426 3934 758 3989 destitutam.
784 3933 887 4001 Qui
928 3950 1048 3989 cum
1084 3934 1282 3989 famam
1310 3936 1482 3989 sancti
1516 3935 1773 4001 audisset,

196 4042 287 4096 spe
314 4026 510 4097 puella:
531 4026 776 4082 sanitatis
822 4041 1081 4081 accensus
1125 4036 1341 4096 arrepto
1369 4027 1563 4082 itinere
1587 4029 1654 4083 ad
1685 4045 1774 4083 sa-

199 4134 347 4173 crum
374 4118 517 4172 illius
543 4118 846 4187 sepulcrum
871 4120 1166 4186 perducere
1192 4133 1310 4173 eam
1334 4116 1626 4174 festinavit.
1648 4120 1776 4186 Qni-

197 4209 296 4264 bus
325 4210 453 4263 illuc
505 4207 870 4278 pergentibus,
907 4207 1045 4261 dixit
1087 4207 1174 4260 illa
1203 4205 1361 4261 fratri
1393 4223 1510 4273 suo,
1540 4209 1630 4281 qui
1655 4223 1772 4263 eam

201 4308 323 4353 ante
346 4314 407 4354 se
425 4298 715 4368 equitando
746 4299 799 4351 in
826 4313 954 4367 sago
983 4297 1207 4361 ferebat,
1239 4298 1445 4352 nullum
1473 4314 1532 4353 se
1561 4298 1614 4352 in
1657 4314 1776 4353 cor-

196 4406 328 4460 pore
348 4391 584 4445 sensisse
605 4389 865 4444 dolorem.
889 4388 966 4444 Ac
980 4389 1172 4444 deinde
1193 4390 1469 4459 subiunxit
1485 4405 1499 4442 :
1516 4390 1775 4457 Deponite

1888 1936 2076 1976 verum
2103 1922 2156 1975 in
2182 1923 2400 1993 p0plite,
2449 1939 2513 1979 ac
2555 1926 2600 1980 si
2648 1926 2759 1982 illic
2787 1939 3060 1984 sarmenta
3093 1932 3234 1987 sicca
3267 1931 3482 2004 frange-

1889 2023 2097 2079 rentur,
2127 2022 2182 2070 et
2211 2018 2449 2072 surrexit
2469 2019 2725 2075 continuo
2750 2034 2936 2087 sanus,
2964 2022 3097 2077 nihil
3128 2025 3364 2079 sentiens
3387 2026 3483 2080 dc-

1886 2103 2110 2160 bilitatis
2159 2106 2419 2174 pristinze,
2470 2109 2565 2164 sed
2612 2111 2859 2167 exultans
2908 2129 3013 2167 una
3053 2129 3172 2167 cum
3218 2114 3479 2170 fratribus

1888 2197 2160 2253 referebat
2186 2200 2296 2254 Deo
2323 2201 2528 2257 laudes.
2559 2202 2677 2273 ipse
2705 2219 2836 2259 vero
2867 2205 3118 2275 deinceps
3158 2204 3311 2273 juxta
3356 2221 3479 2260 ver-

1886 2292 2015 2347 bum
2061 2293 2164 2348 viri
2214 2293 2309 2347 Dei
2355 2295 2521 2349 vitam
2580 2311 2735 2351 suam
2780 2299 2992 2353 cautius
3040 2299 3314 2369 ‘corrigerc
3365 2310 3477 2355 stu-

1890 2384 2026 2439 duit.

1955 2475 2007 2528 5.
2050 2477 2232 2531 Puella
2264 2480 2508 2548 quaedam
2537 2481 2755 2536 nomine
2801 2481 3087 2537 Modswith
3136 2484 3315 2537 lumen
3344 2486 3478 2538 ami-

1886 2574 2030 2620 serat
2054 2567 2355 2635 oculorum,
2379 2578 2432 2623 et
2463 2570 2578 2625 sine
2603 2570 2804 2626 lumine
2829 2573 3102 2627 duodenos
3124 2578 3335 2628 menses
3354 2589 3478 2642 per-

1887 2657 2102 2721 mansit,
2128 2665 2189 2711 ut
2213 2672 2315 2712 nec
2344 2666 2601 2715 extrema:
2631 2659 2735 2713 frui
2763 2661 2970 2715 valeret
3017 2662 3260 2717 visionis.
3317 2664 3478 2718 Pater

1885 2762 2012 2802 vero
2030 2755 2269 2802 ctmater
2294 2749 2571 2804 audientes
2589 2748 2787 2804 famam
2813 2754 2984 2807 sancti
3002 2752 3256 2825 Ludgeri,
3274 2764 3474 2824 quanta

1883 2857 1979 2911 per
1998 2857 2119 2896 eum
2145 2842 2345 2897 faceret
2371 2844 2629 2900 Dominus
2656 2846 2720 2899 ad
2744 2848 3167 2903 consolationem
3196 2850 3475 2906 infirman-

1884 2932 2038 2995 tium,
2055 2941 2273 3000 peracto
2290 2933 2483 2989 itinere
2498 2939 2866 3004 perduxerunt
2886 2954 3003 2992 eam
3023 2940 3088 2993 ad
3112 2942 3473 3010 supradictam

1884 3022 2185 3086 ecclesiam,
2218 3022 2271 3076 in
2303 3038 2407 3091 qua
2435 3035 2651 3094 accepta
2680 3027 2893 3082 licentia
2923 3046 3026 3084 una
3050 3047 3170 3086 cum
3202 3048 3342 3088 cmca
3366 3034 3472 3090 filia

1887 3124 2010 3167 ante
2031 3114 2332 3183 sepulcrum
2351 3118 2549 3187 egregii
2565 3119 2888 3175 confessoris
2914 3122 2966 3176 in
2992 3125 3237 3180 oratione
3289 3136 3469 3182 trans-

1883 3223 2042 3278 cgere
2067 3218 2278 3264 noctem
2304 3228 2316 3263 :
2350 3226 2507 3266 mane
2532 3222 2709 3267 autem
2739 3215 2883 3269 facto
2927 3217 3060 3270 dixit
3088 3233 3144 3272 se
3166 3220 3337 3287 puella
3358 3219 3470 3288 jam

1883 3301 2129 3370 proprias
2148 3302 2331 3356 videre
2360 3316 2518 3373 posse
2542 3320 2733 3359 manus
2767 3323 2778 3358 :
2809 3315 2864 3361 et
2906 3308 2984 3361 sic
3009 3308 3268 3378 largiente
3292 3311 3472 3365 Domi-

1884 3407 1954 3446 no
1980 3391 2160 3447 lumen
2180 3393 2439 3462 paulatim
2470 3410 2716 3450 crescere
2743 3397 2926 3466 coepit,
2954 3407 3015 3452 ut
3068 3408 3353 3469 antequam
3382 3408 3474 3454 (ξο-

1882 3497 2027 3543 mum
2066 3483 2336 3549 rediisset,
2379 3483 2523 3539 clare
2555 3485 2738 3542 videre
2766 3487 3050 3559 potuisset,
3099 3498 3263 3559 atque
3308 3492 3359 3545 in
3409 3506 3470 3545 ea

1883 3571 2103 3636 donum,
2130 3572 2271 3642 quod
2302 3582 2451 3629 caret
2480 3574 2753 3643 figmento,
2788 3585 2897 3631 tota
2914 3581 3210 3649 permansit
3234 3589 3411 3633 aetate.

1952 3663 2004 3716 6.
2040 3664 2157 3718 Alia
2214 3680 2426 3735 quoque
2476 3665 2651 3734 puella
2703 3682 2734 3720 a
2789 3668 3054 3723 dmmonio
3108 3678 3256 3724 muto
3282 3679 3471 3724 vexata

1882 3755 2135 3825 perducta
2164 3763 2246 3808 est
2275 3756 2342 3812 ad
2373 3766 2725 3811 memoratam
2747 3758 3055 3826 ecclesiam,
3083 3776 3243 3830 quam
3269 3776 3389 3814 mox
3415 3768 3472 3813 ut

1882 3846 2122 3917 ingressa
2151 3846 2272 3912 fuit,
2290 3847 2473 3902 statim
2503 3848 2570 3903 ab
2593 3864 2655 3903 ea
2676 3850 2897 3920 spiritus
2925 3850 3233 3906 immundus
3254 3851 3468 3906 absces-

1884 3935 1975 4001 sit,
2006 3944 2060 3989 et
2088 3937 2264 3991 locuta
2292 3947 2390 4002 est,
2422 3953 2542 4007 qua:
2572 3938 2750 3993 fuerat
2787 3948 2962 4006 muta;
3018 3942 3473 4012 interrogavitque

1882 4035 2108 4081 matrem
2138 4043 2321 4092 suam;
2350 4031 2619 4098 quomodo
2649 4030 2773 4085 illuc
2798 4032 3111 4087 adveniret?
3141 4033 3206 4086 Et
3235 4033 3369 4086 dixit
3413 4048 3472 4087 se

1881 4114 2077 4177 famem
2104 4118 2236 4186 pati.
2268 4118 2364 4172 Cui
2396 4134 2517 4172 cum
2550 4126 2727 4173 mater
2776 4121 3138 4175 miserabilem
3162 4120 3466 4190 passionem

1880 4222 2035 4262 suam
2062 4222 2126 4262 ex
2154 4207 2343 4262 ordine
2365 4208 2661 4273 retulisset,
2685 4210 2980 4278 prostravit
3010 4224 3068 4262 se
3119 4217 3242 4261 ante
3294 4209 3470 4278 sepul-

1876 4313 2027 4352 crum
2053 4297 2267 4352 atbletze
2294 4298 2408 4363 Dei,
2440 4299 2641 4368 gratias
2686 4314 2850 4368 agens
2898 4298 3125 4353 Domino
3173 4298 3464 4364 Salvatori,

1875 4387 1967 4457 qui
1996 4400 2094 4455 per
2122 4402 2337 4440 servum
2369 4402 2523 4441 suum
2556 4388 2620 4442 de
2648 4397 2755 4441 tam
2809 4388 3012 4442 crudeli
3044 4405 3164 4443 eam
3196 4390 3461 4443 contami-

196 4495 284 4536 me
307 4488 365 4535 et
385 4480 548 4535 sinite
562 4479 745 4545 abire;
773 4480 913 4548 quod
933 4495 1055 4533 cum
1078 4478 1349 4545 fecissent,
1369 4480 1617 4535 stetitilla
1641 4496 1772 4535 sano
1804 4510 1854 4568 Ι)
1880 4478 2097 4533 natione
2127 4477 2357 4532 liberare
2379 4478 2627 4549 dignatus
2661 4488 2775 4545 est;
2805 4490 2857 4537 et
2902 4489 3123 4550 accepta
3149 4482 3469 4551 pmniteutia

197 4585 423 4641 corpore
448 4578 505 4625 et
528 4571 867 4635 ambulabat;
898 4577 953 4626 et
998 4570 1224 4626 exiliens
1264 4572 1524 4635 cucurrit,
1576 4570 1779 4642 gaude-

196 4663 401 4732 batque
417 4664 767 4716 vehementer
788 4662 840 4716 in
856 4661 1197 4719 ambulando.
1213 4661 1291 4717 llli
1315 4676 1443 4715 vero
1462 4662 1577 4717 bcec
1596 4663 1782 4718 viden—

198 4765 280 4808 tes
300 4753 743 4823 gloriﬁcaverunt
773 4754 960 4819 Deum,
1005 4754 1488 4823 pcrvenientcsque
1513 4755 1580 4809 ad
1605 4755 1782 4809 locum

196 4844 505 4916 prmfatum,
536 4852 891 4898 narraveruut
915 4844 1169 4898 miracula
1220 4858 1339 4912 quae
1367 4853 1517 4911 gesta
1545 4851 1699 4896 erant
1729 4843 1782 4896 in

199 4938 310 5001 via,
338 4936 503 4992 simul
548 4936 895 4990 ostendentes
926 4934 1069 4988 illam
1099 4935 1297 4989 nullam
1323 4934 1557 4989 lmsionis
1581 4934 1785 4989 halen-

202 5036 310 5082 tem
337 5026 626 5080 maculam.
656 5024 1038 5094 Completaquc
1077 5024 1320 5079 oratione
1375 5039 1436 5078 ac
1488 5023 1780 5091 gratiarum

199 5117 414 5173 actione
435 5131 560 5170 cum
591 5115 786 5186 gaudio
812 5116 1090 5170 redierunt
1113 5115 1180 5169 ad
1200 5115 1439 5183 propria.

272 5207 330 5262 ι.
370 5206 596 5265 Cuidam
625 5217 811 5262 nostro
830 5207 1058 5263 diacono
1097 5207 1358 5261 monacho
1387 5204 1584 5260 accidit
1618 5204 1784 5259 llildi-

204 5299 339 5353 rado
366 5298 603 5363 nomine,
633 5297 761 5353 dum
791 5299 969 5354 adhuc
996 5298 1051 5352 in
1094 5297 1282 5352 eodem
1326 5294 1653 5350 monasterio
1681 5294 1784 5348 viri

206 5390 301 5445 Dei
346 5389 705 5444 scholasticus
747 5398 912 5455 esset,
943 5389 1082 5444 utin
1120 5388 1275 5457 longa
1302 5385 1619 5456 aegritudine
1657 5400 1784 5440 cou-

204 5479 403 5535 tractis
423 5480 608 5535 nervis
632 5480 939 5551 popliteque
965 5488 1207 5542 curvato,
1240 5476 1357 5546 ejus
1378 5477 1505 5530 tibia
1527 5476 1783 5546 iungere-

208 5578 297 5623 tur
319 5569 536 5635 femori,
565 5580 620 5625 et
649 5578 770 5639 post
808 5570 1022 5642 longam
1049 5568 1418 5639 fatigationem
1458 5577 1644 5622 sanato
1666 5581 1785 5623 cor-

209 5674 341 5728 pore
390 5659 598 5728 reliquo
624 5659 737 5730 ipsa
769 5661 916 5726 tibia,
946 5669 1004 5714 ut
1037 5659 1225 5722 fuerat,
1257 5669 1475 5712 etn'vata
1503 5656 1779 5711 remansit.

214 5748 479 5807 Utebatur
524 5751 665 5806 enim
713 5766 812 5823 pro
852 5767 915 5807 ea
944 5754 996 5807 in
1043 5750 1360 5806 ambulando
1396 5748 1780 5804 sustentatione

1883 4584 1982 4638 pro
2005 4569 2140 4623 actis
2168 4568 2279 4622 suis
2307 4568 2441 4622 abiit
2471 4569 2772 4623 incolumis.

1954 4661 2004 4714 7.
2041 4660 2276 4731 Contigit
2326 4661 2490 4730 igitur
2531 4660 2785 4729 juvenem
2837 4666 3145 4733 quemdam,
3183 4667 3467 4724 lleliduvin

1881 4752 2406 4823 nomine,paralysin
2434 4752 2729 4817 incurrere,
2759 4762 2814 4807 et
2838 4754 3029 4810 diebus
3074 4756 3276 4822 multis,
3304 4759 3469 4814 desti-

1887 4850 2003 4895 tuto
2029 4842 2271 4896 omnium
2301 4842 2663 4898 membrorum
2699 4841 2893 4906 ofﬁcio,
2945 4843 3084 4900 lecto
3133 4846 3469 4914 incumbere,

1883 4932 2037 5001 cujus
2060 4932 2190 4985 tibia
2216 4930 2434 4985 sinistra
2462 4940 2737 4987 contracta
2761 4932 2985 4989 adhxcsit
3012 4933 3227 5001 femori,
3264 4946 3319 4992 et
3345 4939 3475 4993 bra-

1883 5025 2063 5077 chium
2091 5024 2337 5077 dextrum
2361 5023 2610 5079 similiter
2633 5031 2966 5079 contractum
2991 5026 3241 5098 abriguit.
3261 5026 3463 5083 Caetera

1883 5126 2012 5166 vero
2038 5112 2301 5175 membra,
2333 5121 2394 5165 ut
2436 5112 2801 5182 praediximus,
2848 5114 2949 5168 sibi
2979 5115 3189 5170 inutilia
3216 5132 3464 5171 remane-

1883 5202 2033 5266 bant,
2056 5200 2148 5255 sed
2171 5207 2224 5253 et
2246 5215 2368 5254 eum
2403 5200 2690 5255 emissione
2728 5201 3054 5259 miserabilis
3099 5204 3237 5267 soni,
3275 5203 3465 5257 indicis

1883 5291 2103 5356 doloris,
2127 5288 2474 5348 foraseﬂ‘erri
2502 5290 2724 5346 solebat.
2752 5290 2993 5360 Cumque
3032 5291 3122 5345 diu
3175 5292 3291 5344 haec
3315 5299 3465 5360 pate-

1884 5391 2050 5446 retur,
2079 5383 2428 5450 die‘quadam
2452 5396 2691 5437 sororem
2714 5397 2891 5446 suam,
2949 5396 3068 5450 quae
3112 5397 3223 5450 prae
3252 5382 3463 5438 caeteris

1884 5471 2001 5540 ejus
2033 5472 2463 5541 compatiebatur
2511 5471 2802 5534 doloribus,
2848 5469 3040 5524 affatus
3088 5477 3171 5523 est
3224 5470 3457 5525 dicens:

1881 5560 2075 5615 Audivi
2106 5564 2170 5616 de
2192 5570 2379 5616 sancto
2401 5561 2668 5630 Ludgero,
2710 5559 2943 5628 qualiter
2974 5574 3071 5628 per
3122 5559 3270 5613 illum
3321 5560 3462 5613 Deus

1884 5649 2278 5704 infirmantibus
2333 5650 2590 5703 sanitates
2636 5654 2892 5717 praestare
2948 5647 3196 5717 dignatus
3246 5656 3350 5712 est,
3404 5648 3460 5703 in

1882 5743 2017 5806 loco,
2050 5740 2138 5797 ubi
2168 5748 2351 5795 sancta
2379 5737 2493 5807 ejus
2544 5737 2783 5792 membra
2829 5736 3097 5793 tumulata
3132 5734 3455 5808 quiescunt:
