3868 6174
469 305 570 361 78⁸2

1435 301 1524 352 AD
1566 299 1623 354 S.
1662 300 1962 355 LUDGERI
2001 300 2287 356 SCRIPTA
2328 303 2689 358 APPENDIX.
2730 340 2775 368 ρ,

3546 324 3631 379 788

469 411 550 464 fac
575 418 735 464 etiam
758 424 844 464 me
869 407 1015 462 foras
1041 405 1193 471 ferri,
1222 415 1279 460 et
1309 413 1499 460 contra
1535 406 1675 460 viam
1728 422 1848 476 qum
1891 406 2037 460 ducit
2068 412 2111 469 Α
2144 417 2269 461 runt
2311 420 2499 464 contra
2525 411 2668 465 viam
2701 427 2820 481 quae
2857 413 3000 469 ducit
3039 418 3107 472 ad
3146 421 3433 488 ecclesiam,
3468 428 3515 483 in
3546 445 3632 500 qua

462 503 607 565 illuc,
653 500 799 570 poni.
854 508 913 553 ut
964 514 1048 554 me
1079 514 1298 553 voveam
1341 498 1417 552 illi
1452 499 1794 564 serviturum,
1836 500 1882 554 si
1920 497 2037 566 ejus

461 588 668 643 meritis
710 588 997 642 sanitatem
1043 587 1173 641 mihi
1226 587 1487 642 Dominus
1538 588 1741 644 donare
1786 589 2036 660 dignatus

457 679 639 735 fuerit.
657 678 809 745 Quod
833 694 956 734 cum
984 674 1184 734 factum
1213 678 1421 745 fuisset,
1447 680 1630 735 statim
1656 682 1708 736 in
1738 682 1852 752 ipsa
1878 693 2037 740 nocte

457 778 742 840 przestante
772 770 949 825 divina
973 771 1167 840 gratia,
1197 771 1400 839 quievit
1424 770 1576 826 dolor
1621 770 1759 840 ejus,
1790 774 2038 829 restituta

456 870 581 916 sunt
606 862 657 915 ei
684 862 862 916 omnia
887 861 1129 930 corporis
1173 861 1364 927 ofﬁcia,
1414 870 1612 931 praeter
1639 880 1800 919 unam
1826 865 2032 930 tibiam,

456 966 575 1020 quae
601 952 673 1005 ita
710 952 1031 1021 permansit,
1078 958 1138 1004 ut
1162 960 1281 1005 erat
1304 961 1597 1007 contracta.
1625 952 1849 1009 Peracta
1873 955 2037 1025 igitur

454 1042 757 1113 gratiarum
801 1041 1010 1096 actione
1052 1042 1262 1111 rogavit
1309 1040 1585 1095 dominum
1635 1057 1815 1108 suum,
1866 1051 1926 1096 ut
1968 1044 2032 1099 ad

456 1142 812 1191 memoratum
850 1146 909 1187 se
935 1131 1111 1187 locum
1130 1133 1351 1201 perduci
1374 1130 1607 1201 juberct.
1649 1134 2037 1191 Dissimulanle

458 1231 638 1278 autem
658 1221 771 1287 illo,
796 1223 843 1276 is
864 1237 1022 1290 quem
1040 1222 1332 1277 necessitas
1358 1223 1595 1293 regebat,
1614 1224 1805 1280 baculo
1820 1234 2036 1295 regente

457 1311 633 1366 debile
659 1310 803 1367 latus
820 1313 1084 1381 corporis,
1104 1314 1353 1382 pervenit
1380 1313 1449 1369 ad
1489 1315 1792 1384 sepulcrum
1823 1330 2035 1386 pramo—

459 1403 737 1459 minatum.
769 1402 1009 1458 Peractis
1033 1420 1161 1474 ergo
1205 1404 1279 1459 ibi
1320 1406 1573 1463 noctibus
1594 1406 1829 1476 quirqne
1851 1422 2037 1476 super-

459 1493 606 1547 venit
630 1492 940 1548 solemnitas
984 1494 1223 1563 ejusdem
1252 1493 1309 1547 S.
1340 1493 1589 1565 Ludgeri.
1621 1494 1863 1565 Cumque
1888 1496 1944 1550 in
1971 1511 2036 1551 ea

459 1581 688 1652 porticu,
721 1599 845 1653 qua:
870 1591 953 1637 est
991 1591 1115 1637 ante
1144 1583 1379 1639 basilica:
1419 1582 1665 1651 januam,
1713 1584 1853 1638 infra
1875 1599 2036 1653 quam

458 1674 633 1727 sancti
650 1674 946 1728 sacerdotis
970 1675 1275 1743 sepulcrum
1297 1683 1601 1744 susceptum
1622 1682 1728 1741 est,
1745 1676 1858 1745 ipsa
1882 1684 2038 1731 nocte

2138 497 2279 551 idem
2307 497 2516 555 Domini
2548 502 2800 557 sacerdos
2835 518 3058 575 corpore
3090 519 3300 575 pausat,
3335 497 3632 576 devoverent-

2135 605 2241 659 que
2271 606 2328 645 se
2357 591 2504 645 illum
2542 592 2606 645 ad
2643 592 2770 647 illud
2800 610 3013 650 sacrum
3060 601 3341 669 sepulcrum
3379 621 3484 661 eum
3517 611 3632 666 obla-

2136 683 2373 738 tionibus
2434 685 2775 739 aJducturos.
2844 686 2955 742 Hac
2996 688 3174 759 itaque
3214 696 3472 762 sponsione
3519 699 3633 759 facta

2136 773 2366 842 ingressi
2405 782 2530 828 sunt
2562 774 2776 828 domum
2796 815 2815 841 ,
2851 785 2906 830 et
2935 792 3058 831 ecce
3093 782 3259 835 subito
3289 800 3410 852 puer
3441 786 3513 841 ille
3549 799 3633 844 ter-

2136 863 2207 917 sit
2234 863 2446 917 oculum
2482 865 2754 931 dextrum,
2783 875 2837 920 et
2876 877 3059 936 aperto
3091 884 3153 923 eo
3183 873 3349 927 statim
3373 876 3531 931 videre
3560 896 3633 948 po-

2138 953 2260 1018 tuit;
2304 955 2457 1008 tersit
2482 954 2713 1010 alterum
2732 995 2746 1022 ,
2785 964 2839 1010 et
2871 958 3116 1013 similiter
3138 975 3201 1014 eo
3225 973 3442 1018 reserato
3463 969 3634 1037 accepit

2135 1043 2342 1108 visum,
2401 1043 2814 1114 exelamansquc
2861 1062 2983 1103 cum
3020 1049 3214 1119 gaudio
3266 1051 3389 1106 dixit
3431 1070 3481 1109 se
3516 1056 3632 1112 clare

2133 1148 2291 1204 posse
2317 1133 2519 1189 videre.
2558 1135 2883 1209 Quo‘agnito
2920 1148 3170 1207 parentes
3203 1141 3311 1209 ejus
3337 1157 3444 1196 cum
3471 1143 3632 1201 familia

2136 1223 2397 1281 immenso
2423 1227 2610 1295 repleti
2639 1236 2763 1284 sunt
2786 1229 3000 1298 gaudio,
3028 1238 3081 1284 et
3103 1231 3464 1287 benedixerunt
3482 1236 3633 1302 Deum,

2134 1314 2225 1382 qui
2253 1330 2349 1385 per
2373 1306 2588 1371 servum
2631 1332 2785 1371 suum
2832 1327 2938 1373 tam
2988 1320 3163 1373 subito
3207 1322 3463 1376 sanitatem
3502 1340 3631 1393 puero

2133 1412 2393 1476 praestare
2435 1406 2684 1475 dignatus
2723 1417 2825 1462 est.
2866 1406 2973 1465 Sed
2997 1417 3052 1461 et
3077 1410 3327 1477 promissa
3360 1412 3634 1480 complentes

2134 1495 2199 1549 ad
2233 1505 2582 1551 memoratam
2610 1497 2893 1551 ecclesiam
2920 1499 3278 1567 perduxerunt
3298 1515 3434 1561 eum,
3468 1509 3632 1555 etcum

2136 1593 2260 1640 voto
2304 1586 2676 1657 gratulationis
2715 1587 3135 1663 designaverunt.
3173 1588 3314 1643 illum
3353 1589 3478 1644 nulla
3516 1595 3635 1662 signa

2135 1674 2368 1731 lmsionis
2396 1676 2449 1730 in
2477 1676 2647 1730 oculis
2674 1677 2979 1731 habentem.

460 1765 701 1818 membra
748 1766 926 1834 sopori
965 1765 1217 1829 dedisset,
1239 1766 1289 1820 ei
1324 1782 1423 1834 per
1456 1767 1629 1822 visum
1660 1767 1801 1821 idem
1827 1767 1910 1821 vir
1940 1765 2034 1822 Dei
2066 1752 2110 1815 Β
2207 1765 2291 1818 ll.
2325 1765 2664 1821 Offerebatur
2683 1776 2862 1821 autem
2884 1769 3058 1837 puella
3080 1770 3328 1841 quaedam,
3351 1787 3492 1840 quam
3511 1760 3632 1840 leuga

456 1856 743 1911 romitatus
768 1871 959 1926 magno
991 1856 1190 1911 lumine
1216 1864 1378 1925 atque
1407 1857 1728 1915 clericorum
1755 1860 2033 1928 obsequio,

454 1948 722 2017 apparuit,
748 1947 1028 2018 tetigitque
1050 1948 1292 2002 membra
1318 1947 1477 2012 illius,
1501 1959 1558 2003 et
1581 1948 1859 2014 abscessit,
1890 1965 1954 2004 eo
1981 1951 2036 2005 in

459 2051 651 2106 sapore
687 2038 896 2092 relicto.
933 2037 1055 2104 Qui,
1085 2039 1210 2093 dum
1236 2039 1387 2110 signa
1418 2040 1483 2093 ad
1510 2049 1802 2094 nocturnas
1825 2041 2038 2111 vigilias

454 2128 861 2198 expergefactus
900 2131 1166 2195 audisset,
1221 2131 1459 2185 surrexit
1509 2146 1694 2197 sanus,
1748 2140 1804 2186 et
1837 2133 2035 2187 oblitus

451 2220 647 2284 baculi,
678 2220 979 2290 priorisque
1028 2221 1337 2286 debilitatis,
1397 2221 1620 2275 intravit
1665 2236 1790 2279 eum
1838 2221 2033 2276 aliisin

451 2310 706 2378 templum
735 2310 888 2365 laetus
914 2321 967 2364 et
1000 2311 1298 2365 incolumis.
1316 2311 1569 2366 Oratione
1596 2321 1774 2366 autem
1802 2310 1941 2366 facta
1965 2312 2031 2367 ad

453 2413 548 2453 cor
598 2388 1099 2453 rediens'narravit
1143 2400 1323 2453 omnia
1366 2415 1484 2467 qua:
1533 2401 1677 2454 circa
1721 2415 1778 2454 se
1822 2399 2033 2454 fuerant

446 2500 622 2562 gesta,
651 2501 706 2547 et
731 2500 945 2562 peracta
968 2493 1327 2547 celebratione
1349 2493 1527 2561 operis
1551 2492 1761 2545 Domini
1785 2507 2031 2561 egressus

448 2591 552 2644 cst,
578 2581 934 2651 baculumque
978 2597 1134 2636 suum
1171 2582 1220 2634 in
1254 2582 1495 2651 ingressu
1520 2581 1757 2650 ejusdem
1797 2580 2030 2635 basilica:

449 2672 504 2725 in
531 2671 670 2735 loco,
696 2672 785 2725 ubi
810 2670 988 2724 fuerat
1019 2680 1256 2734 sanatus,
1289 2671 1464 2725 infixit
1496 2686 1595 2740 pro
1620 2672 1771 2741 signo
1796 2672 2031 2727 curatio-

447 2764 553 2828 nis,
576 2778 674 2818 nec
701 2764 984 2818 immemor
1009 2765 1116 2818 voti
1146 2764 1341 2833 prioris
1365 2764 1591 2818 redemit
1612 2778 1668 2818 se
1692 2779 1722 2817 a
1744 2762 2026 2832 temporali

446 2855 666 2909 domino
688 2869 805 2919 suo,
833 2863 887 2907 et
916 2863 1097 2908 votum
1124 2855 1397 2909 servitutis
1426 2853 1685 2922 implevit.

517 2947 571 3001 8.
609 2943 865 3011 Qnmdam
891 2953 1064 2998 autem
1103 2945 1302 2998 femina
1342 2944 1409 2999 ad
1460 2944 1707 2998 eumdem
1738 2943 1914 2998 locum
1962 2945 2027 2998 de

449 3035 680 3091 Saxonia
711 3051 850 3090 caeca
874 3036 1129 3106 perducta
1154 3044 1255 3089 est.
1284 3035 1523 3104 Cumque
1572 3051 1753 3090 coram
1782 3034 2026 3106 sepulcro

2133 1855 2392 1925 agritudo
2417 1856 2811 1925 continuusque
2851 1857 3004 1911 dolor
3042 1858 3374 1929 paralyticam
3408 1857 3635 1923 fecerant,

2133 1960 2250 2014 quae
2274 1946 2436 2001 etiam
2463 1946 2703 2001 brachiis
2729 1949 2982 2003 continue
3008 1958 3167 2017 caput
3190 1950 3519 2021 constringere
3537 1964 3635 2002 cou-

2132 2042 2410 2099 sueverat,
2446 2036 2532 2089 cui
2562 2036 2830 2090 maximus
2859 2037 3178 2093 incubuerat
3202 2037 3361 2104 dolor,
3403 2039 3468 2091 ita
3505 2047 3553 2090 ut
3585 2039 3637 2092 de

2129 2122 2352 2179 cerebro
2378 2139 2544 2178 sonus
2565 2124 2719 2194 quasi
2747 2125 2933 2179 sibilus
2958 2127 3219 2195 potuisset
3240 2127 3417 2180 audiri.
3441 2125 3634 2195 Cumque

2130 2208 2184 2264 in
2209 2220 2395 2280 crypta
2440 2228 2574 2265 nova
2615 2213 2843 2267 necdum
2871 2222 3094 2283 peracta
3131 2214 3195 2269 ad
3233 2215 3506 2285 sepulcrum
3526 2213 3639 2268 Lud-

2129 2302 2242 2370 geri
2270 2302 2438 2356 Deum
2465 2313 2717 2374 rogatura
2747 2304 3128 2374 deponeretur,
3159 2306 3290 2359 mira
3316 2305 3636 2374 omnipotentis

2129 2391 2221 2445 Dei
2251 2392 2444 2461 gratia,
2478 2394 2714 2448 surrexit
2739 2394 2995 2450 continuo
3026 2404 3211 2450 curata
3238 2395 3302 2450 ab
3325 2395 3457 2450 omni
3482 2394 3634 2448 debili-

2128 2492 2239 2537 tate
2266 2485 2526 2553 corporis,
2559 2494 2613 2539 et
2636 2484 2961 2540 benedicens
2986 2485 3156 2540 Deum
3182 2486 3305 2541 abiit
3328 2485 3583 2539 incolumis.

2199 2574 2283 2626 12.
2325 2574 2561 2645 Contigit
2599 2575 2809 2629 cuidam
2846 2576 2960 2629 viro
3002 2578 3069 2631 de
3098 2576 3321 2630 Saxonia
3358 2576 3404 2629 in
3435 2575 3536 2637 loco
3563 2575 3632 2642 qui

2127 2665 2323 2719 dicitur
2357 2664 2653 2721 Vuertbina
2685 2664 2828 2736 [Ant
2878 2675 2925 2719 et
2967 2667 3125 2730 Ben.,
3166 2665 3394 2737 Werina]
3418 2707 3432 2728 ,
3473 2673 3525 2718 ut
3561 2680 3636 2734 per

2128 2755 2476 2809 tentationem
2504 2754 2657 2810 fieret
2680 2756 2900 2818 surdus,
2944 2755 3020 2810 ita
3050 2766 3111 2810 ut
3136 2756 3330 2809 nullum
3356 2755 3544 2808 omnino
3568 2768 3635 2807 εοτ

2128 2856 2253 2894 num
2293 2842 2513 2895 auribus
2540 2849 2777 2911 caperet.
2825 2841 2927 2909 Qui
2964 2859 3089 2898 cum
3126 2842 3216 2898 diu
3251 2843 3469 2897 funditus
3498 2838 3635 2894 ollicio

2127 2938 2336 2985 careret
2367 2932 2607 2995 aurium,
2652 2931 2867 2986 tandem
2899 2948 2994 3002 spe
3025 2932 3430 3003 recuperationis
3454 2930 3632 2989 ductus,

2128 3019 2369 3088 pervenit
2401 3019 2467 3073 ad
2496 3019 2798 3089 sepulcrum
2825 3020 2916 3074 Dei
2954 3019 3142 3076 famuli
3171 3018 3416 3091 Ludgeri;
3452 3031 3636 3086 cumque

448 3126 542 3180 Dei
575 3125 780 3186 famuli,
821 3125 1105 3179 missarum
1162 3124 1418 3178 solemnia
1471 3132 1774 3194 agerentur,
1805 3124 1859 3177 in
1887 3124 2020 3178 hora

2128 3108 2277 3177 signa
2314 3108 2382 3161 ad
2415 3117 2705 3163 nocturnas
2727 3109 2935 3180 vigilias
2963 3118 3250 3176 sonarent,
3288 3110 3448 3164 subito
3477 3113 3636 3177 apertae

445 3214 767 3284 evangelica
794 3213 1038 3267 lectionis
1056 3221 1274 3282 repente
1292 3213 1469 3267 lumen
1495 3213 1721 3282 accepit,
1738 3219 1792 3268 et
1806 3220 2022 3283 peracta

444 3306 738 3378 gratiarum
764 3305 973 3359 actione
996 3304 1277 3357 incolumis
1298 3303 1362 3356 ad
1388 3302 1603 3373 propria
1633 3303 1807 3356 rediit.

512 3398 564 3452 9.
606 3395 831 3461 Quidam
871 3395 1085 3465 juvenis
1129 3394 1182 3447 in
1228 3393 1412 3447 Fresia
1455 3392 1671 3447 nomine
1711 3391 1901 3445 Osbrat
1928 3431 1942 3455 ,
1992 3406 2022 3443 a

442 3488 707 3547 dzemonio
742 3494 890 3540 muto
920 3494 1165 3547 vexatus,
1198 3499 1293 3553 per
1332 3481 1569 3550 singulas
1592 3480 1848 3535 ecclesias
1873 3498 1902 3534 a
1930 3495 2023 3549 pa-
2068 3502 2073 3507 ο

446 3586 527 3629 tre
554 3590 650 3629 suo
679 3575 938 3629 deductus
962 3581 1070 3635 est,
1119 3579 1177 3624 ut
1217 3570 1394 3624 curari
1434 3569 1714 3638 potuisset.
1765 3568 1869 3622 Sed
1899 3582 2021 3621 cum

442 3665 499 3719 in
530 3662 672 3714 nulla
700 3676 887 3715 earum
915 3661 1093 3714 curari
1128 3658 1423 3728 potuisset,
1470 3657 1685 3710 tandem
1725 3664 1877 3726 pater
1904 3657 2021 3725 ejus

443 3748 654 3803 emlitus
702 3747 998 3816 inspiratus
1047 3755 1267 3816 peracto
1316 3745 1474 3815 longo
1528 3745 1720 3798 itinere
1772 3745 2022 3813 perduxit

444 3851 566 3891 eum
595 3837 660 3890 ad
689 3842 1042 3890 memoratam
1072 3834 1357 3889 ecclesiam
1375 3875 1389 3898 ,
1419 3842 1473 3889 et
1498 3841 1715 3903 accepta
1742 3833 1955 3888 licentia
1990 3849 2019 3887 a

445 3926 759 3983 custodibus
801 3933 925 3981 ante
967 3924 1272 3996 sepulcrum
1301 3924 1599 3979 sacerdotis
1650 3922 1849 3978 Christi
1877 3923 2021 3977 Lud—

445 4019 561 4091 geri
581 4027 845 4073 nocturno
866 4025 1105 4086 tempore
1127 4016 1181 4070 in
1202 4016 1442 4071 oratione
1462 4013 1773 4082 persistens,
1788 4014 2021 4068 habebat

442 4124 626 4165 secum
653 4107 901 4162 eumdem
943 4106 1109 4161 filium
1150 4120 1307 4159 sensu
1342 4111 1398 4159 et
1424 4118 1554 4157 voce
1580 4108 1873 4156 carentem.
1920 4102 2017 4155 Cui

442 4213 540 4267 per
565 4194 991 4252 misericordiam
1017 4194 1114 4249 Dei
1143 4195 1383 4250 dmmone
1423 4193 1645 4263 expulso
1687 4194 1893 4263 integra
1933 4208 2019 4246 sa—

442 4288 586 4341 nitas
606 4285 782 4340 fuerat
802 4300 1057 4341 concessa
1074 4284 1300 4355 loquela:
1324 4291 1380 4338 et
1401 4298 1611 4338 sensus.
1642 4282 1751 4338 Sed
1771 4292 1825 4337 et
1845 4283 2015 4338 vicina

442 4374 681 4444 ejusdem
709 4373 926 4429 Osberti
953 4415 967 4439 ,
1014 4388 1135 4443 quae
1179 4380 1297 4427 erat
1333 4371 1650 4442 paralytica,
1678 4372 1744 4426 ad
1772 4371 2016 4426 eamdem

441 4462 726 4519 ecclesiam
766 4462 1024 4533 perducta
1061 4470 1144 4517 est
1166 4502 1182 4526 ,
1230 4468 1285 4515 et
1320 4469 1536 4531 accepta
1574 4462 1827 4516 continuo
1866 4458 2015 4530 plena

446 4553 840 4608 restauratione
889 4552 1121 4621 propriis
1172 4551 1445 4621 gressibus
1497 4552 1759 4605 remeavit
1809 4552 1877 4605 ad
1920 4566 2019 4620 pa-

448 4644 641 4708 triam,
684 4643 887 4713 gratias
923 4656 1086 4713 agens
1122 4640 1352 4695 salvanti
1379 4639 1628 4704 Domino,
1659 4641 1747 4709 qui
1776 4656 1876 4709 per
1904 4655 2019 4694 ser-

446 4747 573 4785 vum
604 4747 759 4786 suum
790 4731 905 4800 ejus
942 4745 1138 4799 corpus
1179 4735 1498 4783 cunctorum
1540 4730 1906 4783 membrorum
1938 4727 2022 4784 of-

449 4820 569 4876 ﬁcio
589 4821 899 4876 destitutum
921 4827 1029 4873 tam
1047 4820 1303 4873 velociter
1321 4826 1628 4873 restaurare
1649 4817 1899 4885 dignatus
1919 4825 2020 4870 est-

516 4911 605 4965 w.
642 4910 812 4981 Igitur
840 4910 891 4962 in
922 4924 1056 4979 pago
1081 4909 1344 4963 Borathra
1370 4910 1590 4964 colonus
1614 4908 1830 4977 quidam
1857 4907 2019 4961 Follit

447 5001 608 5072 (Ant.
650 4984 708 5053 ἐι
756 4997 910 5059 Ben.,
964 4996 1237 5069 Folcbad)
1294 4998 1549 5061 nomine,
1608 4996 1775 5050 filium
1831 4994 2019 5049 habuit

444 5103 647 5147 ciccum
707 5087 923 5141 nomine
973 5085 1332 5149 Gerhaldum,
1388 5088 1479 5156 qui
1526 5085 1653 5139 dum
1700 5099 1801 5155 per
1850 5083 2017 5137 multa

444 5195 599 5237 sacra
636 5179 757 5234 loca
794 5176 1088 5242 deductus,
1132 5175 1331 5230 nullam
1376 5176 1637 5231 medelam
1684 5174 2017 5243 susciperet,

442 5273 532 5342 pio
573 5270 795 5325 domino
840 5266 1130 5336 instigante
1191 5265 1404 5319 demum
1458 5265 1515 5321 S.
1574 5265 1807 5335 Ludgeri
1873 5264 2017 5317 fama

443 5361 513 5416 ad
542 5359 859 5416 memoriam
883 5358 1058 5421 venit;
1101 5356 1354 5411 continuo
1382 5364 1633 5426 parentes
1680 5356 1820 5410 illius
1864 5356 2014 5424 pueri

447 5465 538 5518 spe
585 5451 917 5520 gaudentes,
976 5448 1246 5502 duxerunt
1287 5460 1411 5500 eum
1463 5444 1642 5507 foras,
1708 5451 1764 5497 et
1811 5451 2013 5498 statue-

2121 3207 2247 3253 sunt
2273 3215 2432 3254 aures
2456 3198 2592 3269 ejus,
2618 3209 2673 3255 et
2696 3201 2829 3255 dixit
2871 3218 2930 3257 se
2964 3210 3151 3273 aperte
3179 3217 3362 3257 sonum
3383 3201 3635 3255 cloccarnm

2123 3288 2309 3341 audire
2334 3304 2509 3358 posse,
2543 3292 2939 3360 monachosque
2973 3293 3281 3362 psallentes.
3324 3292 3386 3346 Et
3408 3291 3473 3344 ita
3498 3288 3635 3343 conti-

2122 3395 2229 3434 nuo
2276 3388 2526 3450 percepta
2570 3382 2961 3436 restauratione
2992 3383 3241 3447 auditus,
3290 3380 3434 3436 rediit
3462 3378 3637 3431 domum

2122 3468 2474 3539 magnificans
2503 3469 2690 3523 Deum.

2192 3564 2275 3617 l5.
2314 3563 2615 3632 Aliquando
2643 3565 2804 3618 etiam
2836 3566 3007 3634 ipsam
3044 3566 3341 3629 ecclesiam,
3368 3562 3489 3619 infra
3511 3572 3637 3629 quam

2121 3652 2423 3719 sepulcrum
2446 3652 2683 3721 ejusdem
2704 3652 2799 3708 Dei
2821 3652 3006 3708 famuli
3031 3664 3298 3726 receptum
3318 3664 3410 3717 est,
3423 3658 3637 3706 nocturno

2123 3745 2361 3808 tempore
2382 3739 2629 3793 columna
2654 3740 2789 3795 lucis
2807 3740 3100 3798 obtinendo
3124 3743 3371 3814 protexit,
3408 3748 3459 3795 et
3483 3737 3538 3791 ad
3555 3748 3638 3788 cui-

2119 3829 2231 3882 lum
2277 3844 2448 3899 usque
2493 3837 2744 3899 porrecta
2796 3827 2927 3884 fo'ris
2968 3832 3358 3886 excubantibus
3399 3824 3638 3895 conspicua

2120 3918 2326 3984 stabat;
2361 3919 2453 3973 sed
2483 3926 2537 3973 et
2563 3918 2864 3973 cloccarum
2892 3919 2999 3976 illic
3030 3922 3243 3977 sonitus
3267 3919 3546 3989 frequenter
3567 3925 3639 3971 au-

2119 4006 2384 4070 diebatur,
2428 4007 2660 4060 humana
2700 4022 2805 4061 non
2850 4015 3106 4078 tangente
3147 4026 3325 4074 manu,
3369 4008 3453 4062 sed
3489 4006 3640 4073 agente

2116 4094 2295 4163 potius
2320 4095 2624 4164 cognitione
2650 4096 2877 4151 Deitatis
2904 4113 3157 4153 arccana.

2186 4186 2274 4240 Η.
2315 4186 2502 4242 Cmcus
2523 4187 2741 4256 quidam
2763 4200 2787 4227 ιι
2807 4189 2875 4243 ad
2899 4190 3206 4258 sepulcrum
3232 4191 3322 4245 Dei
3350 4184 3511 4242 famuli
3529 4178 3639 4235 Lud-

2117 4275 2230 4344 geri
2259 4275 2553 4344 perductus
2580 4284 2692 4340 est,
2726 4278 2818 4331 ubi
2847 4279 2973 4333 dum
2998 4288 3304 4348 prostratus
3329 4279 3543 4335 orasset.
3569 4282 3635 4323 ι’θ-

2115 4373 2275 4434 pente
2306 4381 2336 4419 a
2366 4365 2593 4420 Domino
2621 4365 2800 4420 lumen
2828 4368 3054 4437 recepit.

2192 4453 2276 4505 15.
2315 4452 2468 4507 Alius
2495 4454 2712 4522 quidam
2743 4470 2918 4510 aecus
2959 4458 3181 4511 nomine
3220 4456 3548 4510 Ricbbertus,
3584 4444 3636 4497 ad

2120 4542 2263 4596 idem
2289 4552 2531 4597 sanetum
2557 4546 2856 4612 sepulcrum
2885 4547 3148 4602 adductus
3175 4556 3273 4611 est,
3302 4546 3390 4601 sed
3413 4543 3508 4597 illic
3528 4538 3637 4593 cele-

2120 4638 2255 4690 riter
2281 4637 2509 4693 Domino
2538 4639 2826 4692 miserante
2848 4639 3216 4703 illuminatus,
3261 4646 3313 4691 et
3356 4638 3454 4690 Deo
3476 4628 3636 4701 gratias

2122 4744 2305 4799 agens,
2334 4745 2497 4783 sanus
2522 4730 2587 4782 ad
2614 4731 2828 4798 propria
2858 4731 3034 4784 rediit.

2195 4817 2281 4871 16.
2323 4818 2610 4872 Monachus
2635 4826 2816 4872 noster
2840 4820 3054 4871 nomine
3074 4816 3398 4871 Adalvardus
3418 4810 3636 4864 alﬁmiare

2116 4909 2253 4962 solet
2277 4924 2416 4972 rem,
2462 4923 2581 4976 quze
2613 4922 2678 4963 eo
2704 4916 2943 4976 tempore
2967 4916 3118 4978 gesta
3143 4918 3258 4972 est,
3299 4920 3401 4976 quo
3435 4894 3634 4957 custodia

2115 4996 2355 5065 ejusdem
2402 4997 2644 5051 ecclesiae
2697 4995 2753 5050 S.
2804 4997 3034 5067 Ludgeri
3086 4998 3188 5052 sibi
3238 4995 3430 5051 credita
3470 4988 3629 5042 fuerat.

2115 5086 2306 5140 Narrat
2335 5088 2476 5157 quod
2500 5086 2731 5155 quodam
2769 5096 3027 5156 tempore,
3058 5088 3146 5141 die
3180 5082 3629 5153 advesperascente.

2117 5194 2237 5233 cum
2271 5179 2336 5233 ad
2363 5180 2604 5233 eamdem
2635 5179 2918 5233 ecclesiam
2947 5179 3147 5240 lumen,
3172 5176 3313 5245 quod
3340 5173 3440 5227 illic
3462 5175 3635 5232 semper

2117 5268 2309 5322 ardere
2332 5268 2554 5330 solebat,
2583 5275 2983 5323 restauraturus
3008 5266 3308 5327 accederet,
3332 5262 3472 5330 juxta
3496 5253 3632 5323 ipsius

2119 5357 2356 5412 ecclesiae
2382 5357 2633 5427 angulum
2649 5396 2667 5423 ,
2706 5357 2797 5411 ubi
2834 5358 3058 5413 interius
3086 5355 3308 5410 lectulus
3332 5350 3444 5420 ejus
3465 5344 3635 5415 ροεὶῑιιε

2114 5444 2309 5509 fuerat,
2335 5446 2611 5514 antiquum
2638 5446 2844 5500 hostem
2869 5455 3098 5502 stantem
3121 5444 3345 5515 aspexit,
3368 5437 3504 5505 cujus
3521 5428 3632 5484 visio

517 5590 544 5618 ι
566 5580 840 5650 Antwerp.
901 5587 956 5634 et
1013 5579 1207 5650 B¢nd.,
1269 5577 1473 5650 Circus-
1493 5576 1953 5650 quidam__nominc
1998 5574 2217 5630 Eilwold
2242 5576 2303 5630 de
2331 5576 2440 5631 loco
2466 5577 2552 5646 qni
2581 5585 2789 5631 vocatur
2812 5574 3047 5630 Amaloh.
3112 5574 3389 5628 Brotverus
3412 5572 3565 5621 autem
3588 5554 3632 5607 in

451 5648 689 5719 margine
713 5645 865 5706 noiat
890 5650 1034 5707 hunc
1057 5649 1236 5707 locum
1261 5648 1417 5719 vulgo
1441 5645 1674 5717 Almeloy
1700 5645 1825 5702 dici.
