3878 6172
238 298 343 357 739

1548 282 1729 339 ACTA
1773 279 1831 333 S.
1870 276 2191 335 LUDGERI.

3386 272 3489 327 790

232 406 539 479 nigerriina
572 418 637 458 ac
671 400 947 465 teterrima
975 398 1094 451 fuit.
1140 394 1255 462 Quo
1282 395 1397 449 viso
1420 391 1676 462 praefatus
1703 404 1818 444 mo-
1850 393 1895 448 A
1922 389 2014 458 qui
2039 388 2286 443 eumdem
2314 395 2558 442 sanctum
2577 385 2880 457 Ludgerum
2911 385 2965 440 in
2979 397 3204 453 corpore
3227 356 3494 449 viderant,

233 500 446 557 nachus
480 498 693 566 signum
727 498 927 557 sancta:
960 490 1136 544 crucis
1173 486 1275 541 sibi
1312 483 1598 553 imposuit,
1635 488 1721 543 et,
1758 485 1820 533 ιιι

233 592 476 655 asserit,
519 586 806 643 interritus
845 588 1035 638 contra
1076 579 1324 633 eumdem
1354 576 1649 630 daemonem
1679 571 1822 640 aspi-

235 687 390 743 ciens
408 683 504 737 diu
526 681 694 736 stetit.
723 674 856 735 Cum
879 683 1059 728 autem
1079 678 1281 725 tantam
1310 667 1559 722 ﬁduciam
1583 664 1821 736 ejusdem

235 769 497 828 monachi
524 764 1067 832 diaboluscerneret,
1107 758 1267 813 talem
1298 772 1361 812 ac
1390 763 1596 809 tantum
1631 766 1822 807 sonum

231 859 531 923 excitavit,
577 865 637 912 ut
680 855 859 924 paries
903 851 1147 907 ecclesia:
1185 857 1239 903 et
1275 848 1503 903 lectulus
1539 843 1687 915 ejus,
1730 842 1821 913 qui

238 952 474 1007 interius
505 950 712 1003 locatus
742 946 946 1009 fuerat,
985 942 1290 997 minutatim
1318 938 1582 1010 confringi
1610 937 1821 991 videre-

240 1052 347 1097 tur.
408 1039 529 1107 Quo
575 1037 716 1092 facto
760 1035 900 1090 idem
947 1032 1244 1088 monachus
1291 1028 1543 1085 clamavit
1592 1026 1819 1081 dicens:

242 1130 444 1185 Sancte
469 1127 749 1195 Ludgere,
794 1121 1006 1191 adjuva.
1060 1119 1302 1189 Cumque
1346 1130 1537 1171 nomen
1580 1116 1682 1169 viri
1729 1111 1825 1169 Dei

236 1219 546 1276 invocanda
580 1216 935 1277 nominasset,
976 1219 1244 1266 annuente
1282 1207 1507 1263 Domino
1536 1202 1674 1261 idem
1708 1204 1823 1259 dia-

239 1312 403 1369 bolus
428 1316 648 1379 repente
673 1304 1019 1366 constrictus,
1048 1309 1104 1356 et
1128 1301 1180 1354 in
1210 1308 1416 1370 partem
1440 1296 1826 1352 occidentalem

244 1402 555 1457 abstractus
581 1404 693 1459 est,
741 1402 899 1462 atque
928 1407 1052 1447 eum
1081 1405 1187 1460 qua
1213 1388 1464 1443 violentia
1500 1387 1824 1451 traheretur,

244 1489 551 1563 garriendo,
569 1495 625 1542 et
646 1484 981 1541 miserabiles
995 1495 1153 1536 voces
1174 1477 1466 1534 emittendo
1487 1476 1824 1530 monstravit.

246 1578 547 1634 Monachus
585 1590 712 1630 vero
757 1573 843 1628 ille
890 1572 1106 1641 lumen,
1157 1568 1301 1640 quod
1345 1568 1455 1621 illic
1499 1565 1658 1635 paulo
1705 1572 1828 1617 ante

246 1670 493 1741 reliquit,
522 1667 744 1731 invenit,
779 1673 833 1721 et
863 1663 1065 1719 lectum
1094 1677 1248 1717 suum
1279 1668 1332 1714 et
1360 1675 1517 1714 omne
1544 1657 1675 1711 illud
1701 1654 1828 1709 tedi-

1918 487 1976 535 et
2000 486 2185 536 sancta
2213 478 2330 550 ejus
2358 478 2534 537 studia
2563 478 2702 533 bene
2733 484 2993 532 noverant
3018 517 3033 542 ,
3079 473 3267 529 Rome
3294 474 3498 528 inventi

1920 576 2077 632 sunt;
2110 568 2199 638 qui
2229 583 2352 625 cum
2378 567 2518 622 viam
2550 566 2676 621 illuc
2703 566 2885 629 eundi,
2916 574 2969 619 et
2998 565 3177 620 locum
3203 563 3503 620 venerandi

1921 658 2151 727 sepulcri
2193 657 2295 727 ipsi
2330 654 2514 725 juveni
2556 655 2925 720 intimasscnt;
2958 662 3179 724 peracto
3209 652 3404 707 itinere
3435 652 3502 706 ad

1922 755 2278 802 memoratum
2307 746 2611 817 sepulcrum
2656 745 2714 800 S.
2746 745 2980 816 Ludgeri
3007 760 3071 800 eo
3099 751 3357 815 tempore,
3395 759 3503 814 quo

1922 840 2032 895 illic
2060 838 2307 894 monachi
2337 839 2629 892 matutinas
2656 835 2840 891 laudes
2866 835 3095 889 Domino
3124 832 3505 896 celebrabant,

1922 929 2124 985 ferrum
2170 928 2312 1005 quod
2366 929 2617 985 dextrum
2646 926 2931 1003 brachium»
2965 925 3239 990 cinxerat,
3278 930 3507 994 repente

1925 1018 2213 1083 dissiliens,
2240 1018 2448 1090 longius
2472 1017 2685 1072 Domini
2711 1017 2908 1070 virtute
2932 1014 3230 1087 projectum
3258 1024 3361 1070 est.

1998 1113 2083 1166 l9.
2126 1124 2151 1153 ει
2176 1110 2364 1165 Mulier
2392 1111 2637 1180 qumdam
2664 1108 2854 1163 debilis
2880 1114 3014 1169 erat,
3045 1105 3194 1174 cujus
3220 1106 3505 1161 brachium

1926 1205 2178 1259 dextrum
2222 1202 2540 1257 inﬁrmitate
2585 1208 2777 1272 agente
2820 1197 3108 1253 inflexibile
3154 1196 3291 1262 fuit;
3342 1212 3502 1251 manu

1926 1312 2053 1352 vero
2078 1304 2301 1352 curvata
2328 1294 2652 1364 persistente
2678 1306 2883 1363 ungues
2908 1289 3098 1362 palmae
3124 1288 3267 1344 illius
3293 1288 3505 1343 fortiter

1928 1387 2394 1458 imprimebautur.
2427 1383 2557 1451 Quae
2583 1384 2708 1438 dum
2734 1382 2823 1436 diu
2847 1381 2961 1435 hcce
2982 1389 3279 1451 pateretur,
3302 1394 3505 1434 memo-

1926 1478 2029 1533 rati
2056 1477 2156 1553 viri
2188 1476 2280 1529 Dei
2312 1474 2452 1529 fama
2483 1475 2548 1530 ad
2578 1481 2811 1528 mentem
2841 1472 2958 1542 ejus
2983 1472 3247 1542 pervenit,
3276 1484 3507 1540 cumque

1926 1582 2018 1639 spe
2046 1567 2294 1622 sanitatis
2319 1566 2477 1641 ducta
2521 1566 2586 1621 ad
2627 1565 2934 1635 sepulcrum
2975 1562 3093 1631 ejus
3128 1572 3503 1634 properasset,

1926 1660 2237 1731 priusquam
2279 1673 2343 1713 eo
2383 1657 2754 1726 pervenisset,
2806 1654 2859 1708 in
2902 1654 3017 1724 ipso
3059 1654 3251 1709 itinere
3290 1653 3506 1722 plenam

247 1733 430 1819 ﬁciu-m
461 1775 652 1817 sanum
680 1757 974 1812 consistere
998 1754 1166 1818 vidit,
1210 1760 1266 1807 et
1295 1751 1468 1804 adhuc
1496 1762 1682 1820 vocem
1719 1747 1826 1801 dte-
1856 1733 1901 1793 Β
1931 1749 2171 1820 corporis
2198 1748 2483 1803 sanitatem
2510 1747 2560 1802 ei
2592 1746 2849 1800 Dominus
2876 1759 2976 1815 pro
3004 1744 3178 1798 sancti
3203 1744 3306 1797 viri
3347 1743 3511 1797 meri-

249 1851 429 1906 monis
454 1848 508 1903 in
534 1853 686 1917 parte
710 1843 1029 1901 occidentali
1056 1840 1343 1913 garrientis
1370 1816 1589 1892 audivit.

320 1940 411 1993 17.
452 1937 643 1991 Mulier
670 1935 914 2007 quaedam
942 1947 1065 1988 cum
1092 1932 1260 1986 multo
1289 1938 1529 2000 tempore
1559 1928 1830 1982 membro—

250 2041 373 2081 rum
400 2023 574 2080 oﬂieio
601 2024 881 2087 destituta,
920 2019 1414 2088 miserabiliumque
1440 2031 1632 2072 vocum
1659 2016 1833 2085 suspi-

250 2119 334 2173 ria
361 2116 613 2171 emittens
641 2113 780 2191 lecto
807 2111 1163 2181 incumberet,
1188 2109 1509 2179 quandoque
1539 2107 1603 2161 ad
1628 2120 1833 2160 memo-

248 2216 434 2261 ratum
456 2202 756 2274 sepulcrum
777 2203 880 2257 viri
906 2203 997 2255 Dei
1021 2201 1251 2272 Ludgeri
1277 2215 1398 2254 cum
1421 2214 1615 2268 magno
1639 2197 1832 2266 gaudio

252 2304 309 2348 et
342 2294 531 2351 labore
565 2292 723 2347 allata
761 2300 862 2348 est.
902 2283 1005 2351 Ubi
1040 2293 1165 2346 dum
1203 2274 1310 2344 Deo
1339 2288 1549 2342 favenze
1584 2287 1833 2341 celeriter

250 2385 543 2454 pristinam
572 2385 936 2457 membrorum
965 2383 1247 2438 sanitatem
1278 2381 1568 2449 reciperet,
1599 2378 1834 2450 gratula-

253 2475 440 2529 bunda
465 2485 521 2530 et
544 2475 794 2531 exultans
819 2474 1094 2545 Deumque
1127 2473 1376 2537 laudans,
1421 2471 1653 2542 prepriis
1679 2486 1830 2541 gres-

255 2567 412 2622 sibus
436 2566 505 2621 ad
530 2581 626 2623 sua
654 2581 869 2621 reversa
894 2574 995 2621 est.

330 2655 421 2711 18.
460 2656 627 2725 Igitur
652 2656 937 2725 instigante
964 2656 1217 2723 maligno,
1230 2654 1444 2724 juvenis
1470 2655 1704 2725 quidam,
1735 2670 1833 2708 no-

257 2747 410 2802 mine
453 2746 663 2812 Adam,
712 2745 999 2806 llenricum
1048 2742 1271 2799 fratrem
1320 2760 1475 2799 suum
1520 2760 1618 2814 per
1660 2745 1833 2797 rixam

258 2837 557 2902 interfecit,
573 2846 628 2890 et
643 2852 739 2906 pro
756 2837 857 2891 hac
888 2852 1071 2900 causa,
1093 2834 1367 2903 judicante
1395 2832 1528 2890 Jona
1556 2833 1829 2903 episcopo,

256 2924 563 2995 ﬂagellatus
583 2934 745 2996 atque
770 2926 822 2980 in
843 2939 1114 2980 carcerem
1142 2921 1331 2978 trusus’
1341 2932 1441 2986 est,
1466 2924 1519 2977 in
1545 2937 1651 2993 quo
1675 2916 1834 2976 etiam

262 3030 372 3070 uno
400 3031 541 3071 anno
566 3014 738 3083 jacuit
762 3054 776 3079 ,
820 3012 1011 3069 deinde
1044 3013 1389 3067 circumdatis
1422 3010 1659 3065 brachiis
1690 3008 1832 3064 ferro

261 3117 318 3162 et
343 3122 574 3177 corpore
600 3107 805 3171 medio,
851 3099 1050 3159 indicto
1076 3090 1370 3159 fortissimo
1404 3102 1609 3174 jejunio
1647 3102 1840 3157 discal-

261 3195 469 3263 eeaius,
512 3205 567 3275 et
602 3192 719 3253 sine
756 3196 898 3251 lineo
931 3195 1243 3251 indumento
1279 3193 1334 3247 in
1368 3193 1618 3247 exsilium
1645 3193 1841 3248 missus

261 3297 366 3345 est.

333 3378 543 3445 Quarto
574 3395 702 3435 vero
729 3379 905 3435 exsilii
935 3377 1016 3433 sui
1058 3393 1198 3434 anno
1234 3386 1357 3435 ante
1385 3377 1685 3449 sepulcrum
1710 3376 1843 3432 Ger-

261 3469 483 3524 thrudis
528 3466 729 3523 ferrum
782 3469 846 3523 de
897 3468 1115 3522 sinistro
1164 3465 1282 3536 ejus
1329 3467 1551 3523 brachio
1600 3466 1836 3530 cecidit;

260 3558 460 3615 deinde
506 3566 627 3628 post
671 3558 797 3612 anni
822 3556 1086 3613 circulum
1121 3546 1382 3611 in‘Roma
1418 3557 1472 3610 in
1507 3557 1619 3625 ipsa
1651 3563 1839 3625 crypta

262 3650 321 3705 S.
350 3649 504 3704 Petri
534 3648 736 3704 ferrum
756 3689 772 3713 ,
816 3664 922 3719 quo
950 3648 1273 3721 praecinctus
1304 3655 1452 3714 erat,
1493 3642 1842 3701 nihilominus

259 3736 481 3792 cecidit.
515 3735 647 3791 Cum
670 3746 849 3792 autem
872 3739 1067 3795 iterum
1089 3730 1313 3813 Romam
1339 3746 1567 3806 peteret,
1595 3734 1839 3806 contigit,

257 3838 317 3883 ut
354 3827 668 3882 inﬁrmi'ate
691 3828 865 3883 valida
910 3828 1018 3883 illic
1058 3826 1469 3899 deprimeretur,
1515 3841 1744 3895 cumque
1786 3826 1842 3880 in

258 3916 381 3985 ipsa
416 3916 734 3983 aegritudine
759 3917 868 3971 vita
897 3916 1013 3987 ejus
1043 3917 1326 3986 desperata
1356 3913 1580 3980 fuisset,
1625 3915 1843 3986 quidam

257 4004 315 4058 in
345 4003 534 4072 specie
561 4005 881 4059 sacerdotali
909 3996 1007 4075 per
1033 4005 1206 4059 visum
1237 4003 1483 4075 apparuit
1508 4004 1558 4058 ei
1576 4045 1589 4069 ,
1619 4002 1838 4062 dicens:

257 4093 466 4163 Surge,
492 4091 627 4146 vade
653 4099 709 4147 et
760 4092 1062 4163 sepulcrum
1094 4090 1152 4146 S.
1179 4091 1412 4164 Ludgeri
1438 4092 1707 4163 quondam
1734 4091 1845 4161 epi-

254 4181 418 4251 scopi
468 4179 742 4236 Saxonum
780 4180 1184 4253 Fresonumque
1225 4183 1498 4253 perquire,
1531 4190 1585 4238 et
1610 4182 1718 4236 illic
1744 4174 1842 4237 do-

256 4270 416 4325 mino
448 4269 737 4324 miserante
763 4287 861 4341 pro
890 4271 1097 4325 meritis
1134 4272 1245 4327 suis
1279 4273 1563 4327 sanitatem
1594 4273 1839 4342 recipies.

257 4358 385 4425 Qua
415 4357 621 4414 visione
664 4359 872 4429 expleta
917 4358 1199 4413 confestim
1231 4360 1297 4414 de
1339 4359 1685 4424 inﬁrmitate,
1737 4374 1842 4429 qua

262 4448 692 4518 deprimebatur,
734 4450 1009 4506 absolutus
1050 4458 1163 4516 est,
1208 4453 1382 4507 adhuc
1421 4460 1601 4506 tamen
1640 4449 1843 4507 ferrum

259 4540 556 4596 brachium
582 4539 697 4609 ejus
723 4542 968 4597 dextrum
996 4552 1054 4597 ιιι
1082 4543 1229 4617 prius
1265 4543 1478 4598 fortiter
1504 4542 1752 4608 strinxit,
1791 4552 1845 4598 et

261 4632 343 4686 ita
365 4640 685 4702 consumpta
704 4648 862 4688 carne
886 4635 1169 4704 nervisque
1191 4635 1365 4705 ipsum
1388 4636 1549 4691 etiam
1572 4651 1634 4690 os
1654 4636 1843 4691 eodem

261 4723 417 4778 ferro
451 4731 563 4777 tam
589 4724 760 4778 valide
800 4726 1144 4794 praecinctum
1173 4734 1275 4790 est,
1304 4734 1363 4780 ut
1390 4742 1577 4782 omnes
1604 4724 1843 4794 ejusdem

262 4819 513 4874 dextera:
537 4817 687 4889 digiti
717 4827 914 4888 praeter
942 4808 1185 4888 pollicem
1210 4828 1265 4873 et
1290 4819 1520 4874 indicem
1549 4819 1748 4875 debiles
1779 4836 1844 4876 ac

264 4910 434 4980 rigidi
462 4918 857 4977 permanerent.
887 4911 1016 4965 Erat
1036 4912 1179 4966 enim
1213 4898 1539 4965 memoratus
1566 4911 1731 4965 miser
1754 4911 1842 4980 ju-

262 4999 450 5061 venis,
471 5005 527 5052 et
546 4999 666 5054 ideo
681 5000 743 5055 δι’
778 5007 1111 5070 mgmentum
1128 4999 1323 5055 doloris
1349 5002 1430 5054 sui
1447 4998 1637 5056 carnes
1653 4998 1767 5071 ejus
1787 5012 1842 5055 et

263 5107 397 5147 ossa
424 5091 481 5144 in
504 5098 740 5161 tempore
764 5092 1089 5145 vinculorum
1118 5106 1336 5144 suorum
1364 5099 1663 5145 creverunt.
1683 5090 1841 5145 Cum-

264 5196 382 5253 que
412 5197 569 5237 mane
596 5182 861 5237 somnium
892 5181 1182 5245 retuiisset,
1213 5178 1413 5236 ibidem
1440 5180 1621 5234 statim
1662 5181 1837 5247 multi,

345 5321 376 5350 ι
399 5308 792 5378 Antwerpiens.
823 5318 879 5364 et
908 5308 1233 5378 Bchedietini
1262 5327 1273 5361 :
1312 5306 1378 5362 1η
1404 5307 1668 5378 Ripnariis
1686 5310 1847 5378 juxta

266 5382 569 5441 ingressum
593 5376 734 5433 ιίιυω
763 5377 1084 5441 Hamaritlu‘,
1112 5377 1235 5432 villa
1262 5376 1476 5431 nomine
1496 5376 1698 5431 Budied
1725 5395 1847 5433 con-

267 5447 462 5503 stituta
490 5456 586 5511 est,
615 5448 673 5518 in
693 5465 797 5518 qua
823 5447 1014 5518 mulier
1039 5447 1299 5518 quadam,
1329 5456 1433 5502 etc.

349 5464 462 5502 mra
490 5464 586 5511 ea,
615 5464 671 5501 ιη
693 5465 797 5518 qua
823 5464 1014 5501 mulier
1072 5464 1299 5512 uwaam,
1329 5464 1433 5502 etc.

349 5519 379 5557 δ
401 5517 794 5584 Antwerpicns.
817 5526 872 5572 et
889 5464 1162 5589 Benegiet.
1186 5533 1197 5568 :
1226 5532 1482 5589 sanesque
1504 5518 1673 5589 rediit,
1697 5527 1849 5589 atque

264 5591 329 5644 in
359 5603 453 5648 ea,
505 5600 661 5656 quam
690 5598 985 5656 acceperat,
1033 5587 1272 5656 sanitate,
1313 5585 1540 5656 Domino
1577 5585 1846 5656 largiente,

261 5655 584 5732 permansit.
633 5655 818 5727 Atque
850 5657 905 5711 in
951 5657 1035 5711 his
1074 5655 1252 5710 verbis
1290 5655 1487 5713 desinit
1513 5656 1634 5711 Vita
1674 5658 1845 5712 sancti

1874 4406 1920 4466 ι)

1932 1841 2002 1895 tis
2042 1847 2259 1910 repente
2288 1838 2495 1892 tribuit.
2549 1835 2679 1902 Quae
2722 1843 2900 1889 tamen
2946 1842 3167 1904 peracto
3209 1834 3401 1888 itinere
3445 1834 3512 1886 ad

1934 1930 2073 1986 idem
2100 1930 2408 2000 sepulcrum
2440 1944 2562 1982 cum
2590 1926 2950 1981 oblationibus
2977 1939 3107 1979 sana
3137 1923 3418 1988 exultans,
3456 1930 3512 1978 et

1933 2021 2252 2076 salvatorem
2278 2018 2503 2073 laudans
2524 2017 2788 2089 pervenit,
2812 2024 2867 2071 et
2888 2016 2961 2070 ita
2984 2015 3271 2071 incolumis
3296 2015 3361 2069 ad
3387 2029 3515 2086 pro-

1935 2114 2051 2182 pria
2079 2110 2256 2165 rediit.

2004 2203 2092 2256 2’).
2130 2201 2400 2257 Cobbonis
2426 2200 2750 2255 venerabilis
2777 2201 2991 2255 comitis
3028 2199 3252 2255 colonus
3292 2198 3510 2268 quidam

1935 2294 2329 2348 adolescentem
2376 2292 2542 2348 ﬁlium
2585 2292 2977 2348 Warmundum
3024 2291 3240 2345 nomine
3285 2289 3510 2354 habuit,

1934 2403 2092 2457 quem
2124 2386 2387 2458 malignus
2417 2388 2638 2457 spiritus
2666 2385 2892 2451 invasit,
2939 2394 2995 2439 et
3027 2392 3138 2439 tam
3164 2384 3512 2438 vehementer

1935 2495 2134 2536 vexare
2178 2481 2379 2550 cmpit,
2430 2487 2490 2532 ut
2534 2477 2602 2532 ad
2650 2478 3080 2548 desperationem
3107 2476 3217 2529 vita
3246 2474 3360 2542 ejus
3387 2486 3510 2544 pcr-

1936 2574 2094 2627 ducta
2120 2581 2281 2627 esset.
2332 2570 2496 2638 Cujus
2524 2576 2698 2624 mater
2725 2571 2842 2623 haec
2871 2567 3101 2623 domina:
3126 2581 3237 2621 suae
3263 2566 3517 2623 videlicet

1936 2661 2092 2717 uxori
2121 2660 2388 2715 Cobbonis
2414 2660 2639 2715 sollicite
2683 2673 2779 2728 per
2808 2659 3070 2712 ‘nuntium
3115 2655 3356 2710 indicare
3400 2663 3515 2710 stu-

1937 2751 2070 2806 duit.
2125 2749 2216 2803 llla
2260 2764 2390 2803 vero
2438 2748 2721 2805 e0nfestim
2770 2746 3043 2801 mandavit
3087 2744 3138 2800 ei
3183 2745 3367 2799 dicens
3406 2762 3418 2796 :
3457 2742 3516 2798 Si

1936 2842 2111 2896 adhuc
2140 2838 2279 2895 ﬁlius
2304 2840 2453 2902 vivit,
2491 2839 2573 2894 fac
2600 2854 2725 2893 eum
2754 2838 3004 2893 celeriter
3031 2836 3230 2900 efferri,
3260 2843 3314 2889 et
3339 2841 3517 2890 statue

1932 2930 2085 2985 iilum
2113 2938 2299 2985 contra
2326 2929 2466 2983 viam
2495 2944 2614 2998 quze
2664 2929 2810 2983 ducit
2845 2928 2911 2982 ad
2953 2927 3257 2997 sepulcrum
3287 2924 3344 2979 S.
3374 2925 3517 2979 Lud-

1941 3021 2085 3089 geri,
2114 3029 2169 3073 et
2214 3020 2375 3074 credo
2406 3019 2546 3089 quod
2572 3034 2671 3089 pro
2702 3016 2939 3085 ejusdem
2971 3016 3157 3070 famuli
3187 3017 3280 3071 Dei
3309 3016 3519 3071 meritis

1941 3110 2211 3165 sanandus
2235 3109 2323 3163 sit.
2371 3107 2505 3164 Cum
2535 3124 2663 3177 ergo
2689 3116 2864 3162 mater
2891 3123 2990 3177 pro
3020 3108 3206 3161 eodem
3258 3108 3519 3162 semivivo

1940 3214 2107 3269 puero
2125 3196 2278 3266 juxta
2305 3205 2630 3268 prmeeptum
2663 3196 2895 3252 domina:
2920 3213 3029 3252 suae
3052 3206 3172 3251 vota
3199 3206 3514 3268 perageret;

1941 3288 2191 3341 continuo
2220 3287 2274 3340 in
2300 3286 2487 3340 eodem
2512 3284 2649 3350 loco,
2682 3294 2737 3339 et
2766 3285 2820 3337 in
2851 3284 3038 3339 eodem
3076 3292 3368 3349 momento,
3411 3284 3518 3339 dae-

1939 3392 2097 3432 mone
2114 3376 2355 3446 expulso,
2374 3375 2587 3445 plenam
2619 3375 2906 3429 sanitatem
2940 3374 3167 3443 accepit.
3203 3372 3408 3429 Deinde
3435 3390 3520 3428 se-

1941 3471 2171 3525 cundum
2202 3468 2504 3540 Sponsionis
2528 3476 2711 3523 votum
2732 3509 2745 3533 ,
2784 3468 2852 3522 ad
2882 3476 3242 3521 memoratum
3277 3466 3380 3520 viri
3423 3467 3518 3521 Dei

1943 3559 2246 3631 sepulcrum
2275 3574 2436 3613 sanus
2477 3574 2507 3612 a
2550 3570 2723 3612 matre
2764 3558 3052 3628 perductus
3091 3565 3205 3622 est,
3252 3572 3519 3625 sanusque

1942 3650 2103 3704 rediit
2124 3649 2173 3701 δ.

2012 3739 2101 3793 2i.
2140 3740 2338 3794 Verum
2377 3739 2655 3808 Ludgerus
2689 3739 2936 3807 quamvis
2978 3748 3170 3801 cuncta
3213 3736 3521 3807 hujusmodi

1942 3844 2107 3899 opera
2131 3828 2402 3882 occultare
2428 3827 2614 3893 vellet,
2644 3842 2748 3881 non
2782 3834 2963 3882 tamen
2995 3828 3077 3882 ha:
3108 3827 3217 3882 Deo
3250 3827 3523 3882 revelante

1943 3932 2325 3988 usquequaque
2361 3916 2558 3972 effecit.
2610 3916 2746 3972 Villa
2791 3926 2875 3972 est
2920 3919 2974 3971 in
3022 3917 3255 3974 Saxonia
3294 3916 3349 3972 in
3386 3933 3523 3987 pago

1946 4007 2205 4078 Suderge,
2229 4007 2364 4061 Alna
2387 4018 2407 4046 ο
2431 4015 2758 4076 nuncupata.
2786 4007 2867 4062 Ad
2891 4008 3037 4062 hanc
3080 4008 3206 4061 dum
3234 4008 3523 4077 parochias

1945 4111 2069 4153 suas
2104 4097 2369 4151 circuiens
2398 4097 2638 4161 veniret,
2683 4096 2769 4150 die
2804 4095 3039 4166 quadam
3080 4096 3303 4151 sedente
3343 4112 3408 4151 eo
3452 4098 3521 4151 ad

1945 4204 2220 4254 mensam,
2267 4188 2585 4243 audiebatur
2631 4185 2762 4241 foris
2805 4186 3039 4240 clamare
3082 4200 3309 4255 pauper,
3359 4190 3521 4242 anxie

1944 4281 2265 4340 obsecrans,
2308 4286 2369 4331 ut
2407 4278 2689 4345 episcopus
2718 4290 2920 4328 caecum
2950 4275 3221 4329 hominem
3250 4276 3521 4345 respicere

1946 4368 2275 4438 dignaretur.
2310 4365 2608 4418 Festinavit
2630 4363 2907 4428 diaconus,
2939 4362 3090 4432 cujus
3117 4364 3168 4417 id
3193 4373 3310 4418 erat
3335 4364 3519 4429 ofﬁcii,

1945 4466 2137 4528 putans
2160 4470 2324 4510 unum
2349 4469 2467 4509 esse
2487 4455 2550 4509 de
2570 4454 2915 4525 pauperibus,
2946 4453 3037 4523 qui
3066 4455 3259 4523 stipem
3282 4456 3518 4525 petierit,

1945 4560 2267 4614 sumensque
2301 4559 2490 4615 panem
2519 4555 2573 4599 et
2598 4544 2775 4599 cibum
2803 4543 3049 4614 porrexit
3076 4543 3170 4598 illi.
3204 4544 3403 4600 [lenuit
3433 4546 3523 4606 ille

1946 4638 2206 4707 accipere,
2242 4634 2381 4689 aliud
2412 4635 2514 4690 sibi
2568 4635 2752 4689 dicens
2796 4649 2915 4689 esse
2942 4636 3331 4690 necessarium.
3365 4636 3520 4692 Defe-

1944 4727 2163 4781 rebatur
2187 4733 2363 4795 potus.
2407 4723 2516 4789 ille,
2548 4738 2647 4778 nec
2679 4726 2781 4779 hoc
2816 4738 2876 4779 se
2916 4724 3049 4779 velle
3076 4728 3373 4797 respondit,
3419 4744 3519 4784 nec

1946 4826 2166 4889 propter
2194 4817 2386 4886 stipem
2426 4815 2711 4884 petendam
2751 4829 2809 4870 se
2838 4815 3095 4881 venisse,
3146 4816 3241 4870 sed
3284 4825 3346 4873 ut
3395 4826 3521 4875 ante

1947 4910 2254 4977 episcopum
2304 4907 2791 4972 intromitteretur,
2838 4914 2900 4960 ut
2949 4920 3092 4963 caeco
3132 4907 3336 4965 homini
3368 4913 3515 4967 'sub'

1945 4998 2170 5051 veniret.
2518 5002 2525 5008 '
2679 4992 2685 5001 ⁷

2016 5088 2085 5141 At
2111 5089 2384 5151 diaconus,
2416 5100 2524 5139 non
2549 5085 2819 5141 intellecto
2849 5086 2992 5155 quod
3017 5088 3401 5156 postulaverit,
3437 5090 3516 5145 di-

1946 5179 2110 5233 misso
2132 5177 2222 5235 illo
2243 5178 2296 5231 in
2317 5177 2530 5231 domum
2552 5188 2829 5246 regressus
2849 5185 2950 5232 est.
2984 5177 3154 5231 Porro
3175 5177 3262 5231 ille
3281 5177 3413 5232 foris
3436 5192 3515 5232 re-

1931 5308 2198 5379 -Ludgeri,
2218 5322 2385 5379 quam
2399 5306 2615 5361 edidere
2632 5306 3066 5379 Antwerpienses
3085 5312 3140 5359 et
3159 5304 3508 5360 Benedictini.

1945 5375 2277 5442 Qum‘autem
2306 5377 2362 5430 in
2390 5383 2576 5430 nostro
2602 5375 2894 5444 exemplari
2923 5381 3247 5444 sequuntur,
3269 5382 3362 5427 aut
3387 5389 3515 5429 con-

1945 5449 2231 5502 tinuatoris
2253 5487 2268 5512 ,
2315 5454 2408 5500 aut
2444 5446 2611 5515 ipsius
2644 5443 2858 5498 Altfi'idi
2883 5483 2897 5507 ,
2924 5458 3011 5515 ‘ea
3058 5443 3323 5515 habente;
3347 5443 3511 5515 etiam

1947 5516 2135 5571 iisdem
2177 5510 2346 5570 ferme
2373 5510 2553 5569 verbis
2591 5515 2646 5568 in
2685 5511 3235 5582 anonymicoaatanei
3270 5510 3511 5571 Frisonit

1945 5586 2097 5640 Actis
2126 5601 2156 5639 ιι
2184 5585 2437 5639 Browero
2463 5583 2621 5637 editis
2648 5597 2715 5636 ex
2742 5580 2843 5635 ms.
2873 5580 3146 5637 Fuldensi.
3415 5603 3419 5608 -

2019 5665 2041 5693 ο
2070 5655 2382 5710 Cincinnius
2409 5654 2465 5708 in
2488 5651 2618 5719 Tit.,
2646 5667 2698 5706 c.
2722 5650 2811 5715 24,
2846 5648 2972 5705 Alea
2999 5658 3172 5705 vocat.
