3878 6172
412 291 511 357 ’191

1316 291 1418 351 AD
1456 289 1515 354 S.
1560 287 1905 351 LUDGERI
1941 295 2228 353 SCRIPTA
2267 297 2633 356 APPENDIX.

3554 304 3655 364 70!

411 403 574 458 licius
595 418 718 457 cum
744 402 934 457 iterato
956 400 1043 456 diu
1067 399 1475 473 vociferaretur,
1495 398 1707 455 tandem
1740 401 1976 455 cireum-
2000 409 2044 467 Α
2075 409 2470 483 permitterem,
2494 407 2724 462 Factum
2751 418 2835 463 est
2854 408 2977 463 hoc.
3023 407 3283 467 Discessit
3306 412 3535 469 antistes
3556 454 3572 478 ,
3605 425 3658 472 α

408 493 649 560 spiciens
672 490 953 562 Ludgerus
972 508 987 545 :
1008 490 1208 558 Quare,
1235 491 1408 561 inquit
1428 490 1495 546 ad
1529 490 1839 553 diaconum,
1860 500 1969 543 tam

406 584 498 635 diu
513 580 855 637 dissimulare
875 580 978 643 vis,
996 582 1139 650 quod
1157 578 1349 635 audis?
1381 577 1448 635 Et
1468 578 1743 650 respondit
1764 595 1779 633 :
1801 575 1976 633 Detull

406 678 482 732 ilti
518 677 698 733 cibum
755 686 1086 748 potumque;
1121 679 1215 731 sed
1253 676 1343 730 ille
1389 674 1525 731 nihil
1558 674 1754 730 horum
1794 682 1967 728 curat.

404 765 719 833 Nummum,
757 768 854 830 ait,
888 766 954 822 da
991 770 1079 832 ei;
1106 764 1252 837 quod
1277 781 1399 821 cum
1421 764 1663 828 fecisset.
1689 773 1740 821 et
1775 763 1971 818 nihilo-

403 859 585 914 minus
607 866 979 927 sperneretur,
998 857 1302 927 jussiteum
1324 857 1612 928 episcopus
1632 855 1699 912 ad
1726 869 1785 911 se
1803 855 1973 911 intro-

403 950 551 1005 duci.
568 948 702 1003 Dum
726 949 1066 1005 introductus
1083 958 1249 1014 esset,
1265 949 1339 1005 ait
1361 948 1434 1005 illi
1456 965 1471 1004 :
1495 946 1636 1015 Quid
1666 955 1769 1013 est,
1787 946 1974 1012 frater,

402 1040 549 1110 quod
588 1040 795 1105 habes;
829 1041 959 1114 quid
987 1053 1074 1098 est
1098 1041 1241 1111 quod
1270 1040 1521 1111 expetis?
1549 1040 1639 1096 ille
1666 1038 1970 1109 respondit:

401 1132 508 1187 Fac
544 1143 605 1188 ut
636 1131 868 1197 videam,
909 1148 1065 1203 rogo,
1096 1141 1314 1202 propter
1341 1146 1581 1187 amorem
1618 1128 1970 1195 Dei.\'ideas,

404 1225 584 1295 inquit
618 1224 924 1297 Ludgerus,
959 1235 1180 1296 propter
1201 1241 1442 1281 amorem
1471 1222 1586 1279 Dei.
1605 1221 1672 1278 Et
1692 1223 1889 1279 mirum
1918 1223 1971 1277 in

406 1316 650 1381 modum,
673 1331 795 1371 cum
818 1317 921 1371 hoc
947 1331 1053 1370 non
1074 1316 1390 1386 imperando
1407 1315 1621 1379 dixerit,
1647 1314 1741 1371 sed
1765 1324 1971 1369 tantum

409 1404 641 1459 miratus
659 1405 996 1476 petitionem,
1012 1406 1211 1460 similia
1230 1406 1388 1461 verba
1408 1405 1770 1476 responderit;
1790 1404 1970 1459 statim

404 1495 493 1550 ille
518 1497 670 1562 vidit,
682 1498 976 1568 jussusquc
996 1498 1254 1552 accedere
1268 1499 1335 1554 ad
1358 1512 1599 1554 mensam
1622 1496 1795 1552 latior
1818 1510 1974 1552 com-

404 1584 514 1641 edit
535 1594 590 1641 et
620 1587 753 1641 bibit
786 1587 1024 1658 abiitque
1059 1587 1112 1642 in
1143 1590 1285 1643 viam
1321 1604 1495 1645 suam.

476 1678 563 1731 2‘2.
603 1676 867 1733 Ferebant
903 1685 1082 1732 autem
1109 1679 1437 1734 veracissimi
1466 1679 1565 1734 viri
1595 1678 1661 1733 de
1688 1679 1973 1748 discipulis

402 1773 540 1841 ejus,
570 1770 713 1841 quod
774 1770 1008 1840 quodam
1068 1780 1330 1841 tempore,
1391 1774 1518 1825 dum
1555 1771 1621 1826 ad
1657 1771 1968 1827 comitatum
1999 1755 2044 1816 Β

403 1877 651 1933 pergens.
687 1877 781 1932 per
819 1863 1197 1930 provinciales,
1229 1866 1321 1934 qui
1360 1863 1516 1918 llassi
1549 1865 1822 1929 dicuntur,
1870 1865 1971 1919 iter

405 1964 607 2026 ageret,
643 1972 740 2027 per
768 1957 1046 2012 orationes
1074 1956 1192 2024 ejus
1226 1961 1386 2012 homo
1414 1968 1662 2013 mortuus
1692 1957 1965 2013 revixerit.

406 2051 509 2117 Qui
541 2051 749 2106 scilicet
792 2061 1013 2122 propter
1043 2050 1250 2107 furtum
1281 2052 1611 2107 caballorum
1665 2050 1969 2107 Widekindi

402 2143 558 2199 ducis
580 2141 856 2198 Saxonum
887 2152 906 2174 ·
930 2143 1055 2198 huic
1093 2142 1254 2199 morti
1277 2144 1613 2216 adjudicatus
1654 2144 1777 2209 luit,
1827 2155 1883 2199 ut
1913 2146 1964 2198 in

404 2251 603 2307 campo
632 2240 698 2293 ad
727 2239 966 2307 stipitem
994 2238 1208 2308 ligatus,
1228 2239 1443 2310 jactatis
1486 2239 1540 2292 in
1593 2254 1715 2294 eum
1741 2241 1969 2297 sudibus

403 2330 583 2386 acutis
611 2339 665 2385 et
718 2331 983 2399 lapidibus
1019 2342 1326 2387 necaretur.
1386 2332 1537 2398 Quod
1578 2332 1706 2387 dum
1760 2332 1962 2387 factum

400 2422 833 2492 fuisset,eorpus
860 2424 1113 2478 exanime
1137 2425 1188 2477 in
1212 2440 1401 2494 campo
1418 2424 1665 2479 relictum
1688 2434 1789 2479 est.
1813 2422 1968 2480 Venit

400 2518 582 2566 autem
615 2511 896 2581 Ludgerus
946 2528 1105 2568 secus
1135 2515 1335 2578 locum,
1385 2524 1439 2569 et
1483 2524 1764 2584 comperto
1818 2517 1965 2586 quod

400 2602 749 2659 Christianus
772 2603 957 2668 fuerit,
991 2605 1209 2660 mittens
1232 2607 1298 2659 ad
1321 2604 1701 2673 Witlkindum,
1721 2622 1967 2677 penetra—

398 2695 474 2749 vit
510 2694 576 2749 ad
603 2694 937 2750 humandum
969 2711 1190 2767 corpus.
1222 2697 1425 2754 Dehinc
1472 2698 1743 2768 discerpta
1798 2700 1964 2756 tatius

403 2784 651 2854 corporis
683 2788 923 2839 membra
959 2786 1121 2854 pallio
1145 2786 1322 2857 colligi
1350 2787 1535 2857 jussit,
1582 2798 1634 2842 et
1662 2787 1850 2843 inferri
1903 2787 1958 2842 in

398 2875 688 2928 tentorium
715 2890 897 2937 suum,
917 2877 1090 2929 donec
1111 2874 1389 2930 bumando
1405 2876 1619 2944 corpori
1648 2876 1957 2945 sepulcrum

400 2974 704 3031 pararetur.
737 2965 870 3018 Dum
910 2966 977 3019 ad
1004 2966 1105 3020 hoc
1132 2976 1351 3021 ventum
1381 2978 1546 3031 esset,
1570 2976 1628 3020 ut
1652 2967 1854 3021 elatum
1887 2967 1955 3043 de

395 3056 652 3117 tentorio,
700 3054 754 3109 in
797 3053 1001 3111 fossam
1068 3065 1369 3123 ponerent,
1420 3066 1632 3112 astante
1678 3059 1954 3128 episcopo,

394 3145 610 3210 lilIerIe,
632 3146 831 3215 inquit,
850 3163 971 3203 eum
989 3163 1051 3202 ea
1073 3149 1300 3215 tumulo,
1321 3164 1445 3203 nam
1468 3147 1540 3204 illi
1561 3149 1954 3217 spiritusinest.

395 3238 496 3306 Qui
527 3239 654 3295 dum
686 3241 933 3295 elevatus
953 3254 1118 3305 esset,
1151 3243 1417 3309 respirare
1448 3244 1637 3311 capit,
1670 3252 1723 3298 et
1755 3243 1953 3298 iterum

2075 498 2236 554 homo
2258 501 2311 554 in
2334 498 2571 573 patibulo
2599 506 2682 553 est
2711 513 3023 568 suspensus.
3071 499 3144 555 At
3171 515 3300 556 vero
3326 516 3556 573 vespere
3596 505 3658 559 il.

2072 590 2179 645 lius
2204 589 2332 654 diei,
2359 605 2485 645 cum
2507 589 2794 658 episcopus
2820 586 3035 644 itineris
3060 603 3153 644 sex
3183 590 3253 645 ab
3276 603 3344 645 eo
3372 590 3495 647 loco
3539 592 3658 647 mil-

2071 680 2225 737 liaria
2240 681 2554 753 peregisset,
2578 694 2807 736 manens
2826 679 2880 734 in
2894 678 3021 734 villa
3045 695 3167 750 qua:
3178 689 3409 737 vocatur
3420 680 3662 738 Asehan‘

2072 772 2206 843 dorp
2229 815 2243 839 ,
2274 790 2342 829 en
2378 773 2602 828 veniens
2636 773 2799 828 homo
2840 771 2947 837 ille,
2995 786 3157 843 quem
3192 772 3355 843 paulo
3392 780 3523 827 ante
3552 788 3663 828 sus»

2070 864 2385 936 penderant,
2420 863 2489 919 ad
2513 863 2679 933 pedes
2705 862 2944 933 episcopi
2974 864 3203 918 corruit.
3246 862 3577 918 mirantibus
3606 880 3662 920 ae

2070 956 2473 1012 sciscitantibus
2492 957 2701 1011 cunctis
2714 996 2730 1021 ,
2753 954 3026 1025 quomodo
3044 955 3111 1010 de
3136 970 3200 1010 eo
3215 963 3521 1025 gereretur,
3555 970 3665 1011 rem

2070 1048 2253 1104 taliter
2276 1047 2463 1121 pandit
2493 1066 2506 1101 :
2538 1046 2674 1103 Cum
2712 1061 2813 1118 ego
2839 1087 2855 1113 ,
2902 1046 3191 1117 inquiens,
3245 1049 3502 1118 episcopo
3546 1048 3668 1104 inde

2072 1140 2318 1210 digresso
2341 1180 2357 1206 ,
2403 1153 2619 1195 sursum
2646 1138 2698 1193 in
2729 1137 3032 1209 patibulum
3081 1132 3367 1203 traherer,
3410 1137 3666 1193 videbam

2071 1233 2207 1289 duos
2242 1233 2390 1288 viros
2414 1248 2447 1287 a
2491 1231 2660 1287 latere
2701 1232 2940 1301 episcopi
2993 1230 3301 1302 equitantes
3346 1228 3667 1299 aliquandiu

2070 1338 2192 1378 cum
2218 1338 2285 1378 eo
2307 1339 2407 1395 per
2441 1322 2547 1377 iter
2574 1321 2721 1393 loqui
2749 1362 2765 1388 ,
2805 1321 3005 1377 dehinc
3048 1330 3171 1390 post
3199 1320 3478 1390 paululum
3531 1318 3669 1375 alter

2069 1413 2263 1481 festiue
2286 1413 2618 1484 regrediens,
2653 1412 2838 1467 nescio
2858 1410 2989 1481 quid
3016 1410 3150 1465 mihi
3176 1410 3433 1480 pendenti
3462 1425 3668 1480 suppo-

2071 1506 2200 1571 suit,
2231 1519 2394 1576 super
2420 1503 2564 1574 quod
2594 1502 2827 1557 firmiter
2858 1508 3008 1555 stans
3033 1516 3138 1554 non
3188 1499 3495 1554 sentiebam
3546 1515 3669 1553 cru-

2068 1595 2308 1657 ciatum;
2345 1594 2519 1649 donec
2557 1593 2817 1663 diSpersis
2858 1591 2964 1645 hiis
3002 1591 3093 1660 qui
3130 1605 3218 1645 me
3246 1589 3666 1660 suspendet-ant,

2070 1694 2127 1741 et
2152 1686 2220 1741 ad
2245 1698 2499 1740 occasum
2528 1690 2783 1755 vergente
2805 1680 2919 1738 sole
2938 1722 2954 1747 ,
3002 1695 3091 1735 me
3131 1680 3270 1735 idem
3298 1679 3400 1750 ipsi
3431 1680 3667 1750 depone-

2070 1785 2171 1831 ret.
2206 1775 2516 1847 Depositum
2555 1773 2717 1844 jussit
2757 1774 2863 1828 iter
2890 1780 3130 1827 vestrum
3157 1771 3484 1841 quantocius
3513 1769 3671 1841 sequi

2068 1876 2122 1923 et
2144 1881 2247 1939 pro
2274 1880 2534 1922 concessa
2576 1864 2686 1920 vita
2714 1873 2907 1920 sancto
2944 1861 3187 1917 Antistiti
3232 1863 3438 1932 gratias
3482 1876 3667 1932 agere,

2068 1975 2230 2030 quam
2262 1957 2395 2013 mihi
2440 1959 2557 2027 ipse
2582 1956 2713 2010 dum
2750 1970 2781 2009 a
2811 1952 2977 2009 fatuis
3005 1961 3470 2017 contemneretur,
3504 1968 3537 2006 a
3570 1953 3699 2007 Do-~

2067 2048 2215 2102 mino
2244 2045 2571 2117 impetravit,
2620 2043 2932 2113 addiditque
2978 2057 3037 2097 se
3080 2041 3226 2096 nullo
3272 2050 3437 2111 pacto
3483 2042 3666 2106 scire;

2067 2138 2302 2209 qualiter
2332 2137 2446 2208 ipse
2484 2144 2609 2206 post
2627 2136 2804 2189 virum
2835 2134 2930 2188 Dei
2956 2141 3163 2188 tantum
3202 2134 3304 2187 vite
3332 2134 3582 2204 spatium
3618 2135 3671 2188 in

2067 2236 2342 2284 momento
2363 2227 2715 2298 percurrerit.
2745 2224 2952 2279 Ferunt
2980 2233 3037 2280 et
3078 2224 3183 2278 alia
3213 2224 3385 2279 multa
3416 2224 3671 2279 miranda

2067 2318 2405 2374 venerabiles
2456 2316 2558 2371 viri
2611 2316 2681 2370 de
2716 2314 2995 2385 discipulis
3020 2313 3138 2383 ejus
3165 2329 3195 2368 a
3225 2314 3386 2370 beato
3412 2314 3674 2386 Ludgero

2066 2418 2212 2480 gesta
2237 2409 2321 2464 vel
2347 2410 2487 2465 dicta
2506 2450 2520 2474 ,
2548 2423 2669 2479 qua:
2711 2415 2905 2463 cuncta
2953 2421 3154 2478 ponere
3202 2404 3671 2462 immoderatioris

2062 2499 2294 2555 fortasse
2329 2497 2655 2570 prolixitatis
2679 2497 2976 2553 videretur.

2136 2589 2226 2645 24.
2257 2588 2526 2645 Praeterea
2547 2587 2935 2643 monasterium
2959 2587 3101 2657 quod
3129 2586 3183 2641 in
3212 2588 3419 2642 honore
3445 2596 3669 2642 sancta-

2069 2696 2185 2734 rum
2210 2679 2584 2750 reliquiarum,
2624 2692 2761 2747 quas
2785 2677 2852 2732 ab
2874 2676 3172 2745 apostolico
3194 2684 3506 2746 acceperat,
3539 2677 3673 2732 olim

2066 2780 2384 2828 construere
2448 2769 2729 2835 decrevit,
2792 2767 2883 2823 ubi
2932 2775 3117 2838 posset
3152 2767 3438 2832 construi,
3479 2766 3669 2838 agnita

2066 2864 2461 2931 maritimarum
2504 2861 2785 2932 regionum
2812 2858 3179 2924 desolatione,
3208 2858 3436 2914 sollicite
3478 2858 3670 2930 requi-

2066 2957 2236 3012 rebat.
2270 2955 2386 3010 Duo
2410 2962 2588 3008 autem
2618 2952 2735 3007 loca
2762 2951 3137 3006 construendis
3159 2951 3510 3005 monasteriis
3540 2961 3671 3021 apta

2066 3044 2403 3106 videbantur,
2438 3057 2578 3097 unus
2602 3041 2658 3096 in
2682 3040 2983 3097 Witmundi
3011 3040 3039 3079 ι»
3079 3039 3235 3110 juxta
3282 3038 3512 3094 fluvium
3538 3040 3663 3105 ista,

1993 3115 2038 3177 ο
2068 3134 2206 3189 alter
2226 3134 2319 3205 qui
2347 3133 2433 3188 Ad
2461 3132 2663 3188 Cruces
2684 3131 2882 3186 dicitur
2903 3146 3059 3186 secus
3086 3130 3306 3186 [luvium
3335 3131 3567 3202 Arnapa
3598 3142 3660 3197 c;

2066 3223 2162 3279 sed
2184 3223 2379 3279 divina:
2404 3222 2755 3294 pnescientiae
2768 3221 3099 3276 voluntatem
3125 3236 3287 3290 super
3301 3221 3407 3276 hiis
3428 3221 3673 3277 demon-

375 3316 557 3375 illatus
601 3322 657 3375 in
702 3322 997 3376 tentorium
1042 3321 1227 3378 oblato
1267 3330 1398 3392 potu
1442 3322 1863 3392 refocillabatur,
1912 3335 1962 3385 et

2069 3315 2230 3370 strari
2259 3315 2364 3369 sibi
2385 3313 2592 3369 devotis
2617 3311 2838 3384 jejuniis
2862 3319 2919 3369 et
2945 3312 3281 3367 orationibus
3304 3311 3664 3383 deposcebat.

373 3412 528 3482 ligari
559 3411 723 3481 jussit
754 3415 983 3469 antistes
1010 3413 1231 3468 vulnera
1259 3412 1377 3482 ejus
1399 3455 1414 3480 ,
1461 3422 1517 3469 et
1563 3416 1617 3470 in
1647 3416 1799 3473 brevi
1824 3425 1963 3472 tem-

374 3517 503 3570 pore
530 3501 825 3557 convaluit.
880 3500 999 3556 Stat
1029 3503 1206 3557 adhuc
1238 3501 1289 3555 in
1326 3516 1393 3556 eo
1420 3501 1538 3556 loco
1579 3501 1785 3573 lapidea
1830 3519 1965 3559 crux

372 3609 428 3646 in
466 3603 872 3647 monumentum
913 3592 1157 3648 miraculi
1193 3590 1351 3660 hujus
1396 3593 1463 3647 ab
1510 3593 1700 3648 incolis
1739 3605 1960 3650 erecta:

370 3693 433 3740 et
453 3696 518 3736 ex
549 3683 768 3738 nomine
794 3681 910 3752 ejus
939 3683 1062 3738 dein
1090 3683 1224 3747 viri,
1269 3684 1395 3752 quia
1429 3681 1617 3737 Buddo
1644 3684 1961 3751 vocabatur,

371 3792 601 3847 campus
626 3776 714 3831 ille
738 3775 1075 3830 Buddonuclt
1100 3791 1271 3844 usque
1297 3774 1457 3830 hodie
1485 3774 1819 3830 nominatur.

443 3868 533 3925 25.
575 3868 841 3940 Oppidum
868 3876 955 3923 est
979 3868 1032 3921 in
1061 3866 1297 3922 Saxonia
1326 3875 1512 3922 notum
1540 3866 1789 3936 plurimis
1817 3866 1962 3937 Mep-

2066 3400 2219 3457 Unde
2248 3417 2371 3456 cum
2413 3401 2481 3457 ad
2516 3401 2722 3464 locum,
2774 3415 2934 3470 quem
2959 3399 3116 3469 juxta
3169 3414 3384 3454 amnem
3436 3399 3665 3473 Arnapa

2063 3506 2187 3546 eum
2217 3491 2444 3564 elegisse
2469 3492 2722 3555 diximus,
2748 3491 2944 3546 hiemis
2981 3502 3226 3560 tempore
3264 3491 3497 3555 veniret,
3532 3509 3663 3546 cru-

2063 3598 2181 3638 cem
2209 3581 2443 3652 ligneam
2476 3582 2531 3635 in
2578 3595 2643 3634 eo
2675 3579 2794 3634 loco
2833 3578 2999 3648 jussit
3046 3580 3204 3650 erigi,
3236 3588 3292 3634 et
3348 3580 3462 3649 ipse
3511 3581 3665 3636 solus

2061 3688 2245 3729 coram
2278 3686 2438 3726 cruce
2479 3671 2534 3725 in
2560 3670 2685 3725 nive
2725 3670 2963 3723 maxima
2992 3670 3112 3725 duri
3150 3668 3370 3740 frigoris
3405 3679 3461 3724 et
3481 3670 3665 3741 longe

2064 3765 2239 3821 noctis
2266 3763 2506 3835 prolixae
2539 3775 2712 3832 usque
2742 3761 2810 3816 ad
2832 3761 3005 3816 lucem
3035 3762 3088 3815 in
3110 3762 3357 3818 oratione
3384 3766 3666 3833 protraxit

2061 3855 2291 3925 vigilias.
2320 3853 2553 3909 Proinde
2577 3853 2758 3908 divina
2794 3853 3127 3909 revelatione
3156 3854 3545 3908 monasterium
3574 3854 3664 3909 ibi

369 3974 477 4029 pea
496 3961 861 4025 nominatum,
901 3959 957 4015 in
982 3958 1138 4029 cujus
1164 3956 1363 4012 vicinia
1380 3998 1396 4023 ,
1427 3957 1554 4012 dum
1583 3958 1813 4012 antistes
1838 3973 1962 4012 san-

2069 3961 2182 4002 esse
2227 3961 2336 4001 non
2362 3961 2544 4019 posse,
2599 3944 2889 4016 cognovit;
2947 3943 3044 3998 sed
3088 3944 3267 4000 locum
3319 3944 3373 3998 in
3414 3945 3662 4014 quodam

370 4062 493 4109 ctus
519 4051 765 4107 Fresiam
787 4064 1018 4121 pergens
1042 4048 1257 4104 veniret
1282 4088 1299 4113 ,
1353 4048 1563 4116 aspexit
1607 4063 1715 4103 non
1742 4048 1901 4120 longe
1928 4064 1957 4102 a
2060 4037 2198 4095 saltu
2213 4037 2368 4107 juxta
2398 4036 2616 4092 fluvium
2647 4051 2775 4091 rura
2802 4035 3075 4091 fundanda
3117 4037 3443 4092 monasterio
3469 4053 3501 4091 a
3536 4037 3663 4093 Deo

370 4144 456 4198 via
483 4184 509 4208 ν
537 4142 683 4213 vulgi
703 4141 991 4197 concilium
1015 4139 1103 4195 die
1129 4138 1401 4195 dominica
1426 4147 1831 4210 congregatum.
1874 4140 1961 4195 Di-

2069 4129 2176 4185 l‘ore
2195 4128 2523 4199 prtescitum.
2556 4125 2898 4195 Quapropter
2917 4125 3045 4179 dum
3075 4140 3186 4180 sua:
3235 4126 3337 4179 via:
3361 4125 3656 4181 comitibus

368 4233 537 4287 vertit
562 4233 691 4288 illuc
718 4230 905 4286 volens
931 4244 1258 4301 cognoscere
1297 4243 1417 4299 quae
1454 4242 1618 4283 causa
1653 4225 1957 4297 hujusmodi

2069 4234 2178 4289 quae
2205 4217 2460 4273 divinitus
2486 4224 2834 4287 cognoverat,
2862 4214 3114 4279 referret,
3153 4215 3221 4268 ad
3249 4215 3574 4285 promissum
3621 4233 3652 4271 a

367 4324 729 4380 conventiculi
749 4324 1012 4379 existeret
1035 4322 1127 4376 tali
1149 4321 1512 4389 die,'viditque
1533 4320 1586 4373 in
1614 4319 1955 4389 colle,'quem

2069 4308 2170 4363 Deo
2194 4309 2373 4365 locum
2400 4310 2730 4381 properavit,
2750 4316 2803 4363 et
2824 4323 2945 4363 cum
2967 4322 3279 4376 possessore
3293 4306 3414 4375 ejus
3434 4308 3652 4397 locutus

368 4413 907 4469 circumvallaverant
930 4412 1011 4466 rei
1026 4411 1238 4466 cuidam
1253 4410 1601 4480 suspendium
1624 4412 1949 4479 prceparari;
2057 4397 2235 4453 locum
2258 4398 2409 4452 illum
2435 4399 2560 4453 data
2590 4406 2735 4453 tem
2756 4397 2860 4451 an“
2876 4396 3231 4465 εοωρεηανίι·
3258 4394 3525 4451 Ροδιιιωο
3546 4412 3643 4450 δυ·

367 4504 739 4573 accedensque
762 4502 985 4572 propius
1006 4499 1198 4554 allatus
1219 4508 1301 4554 est
1322 4514 1417 4553 eos
1434 4498 1651 4564 blande,
1680 4499 1959 4568 postulans
1989 4480 2040 4541 Ι)
2063 4498 2193 4556 tem,
2232 4505 2355 4543 cum
2389 4488 2833 4557 occupationibus
2871 4488 3039 4541 variis
3062 4486 3284 4540 liberior
3309 4484 3484 4541 factus
3512 4495 3649 4543 tem-

368 4597 481 4651 sihi
502 4594 731 4649 concedi
759 4592 1034 4647 hominem
1055 4630 1079 4655 ,.
1103 4597 1198 4643 aut
1218 4590 1264 4643 si
1294 4601 1517 4644 necesse
1550 4594 1696 4645 esset
1721 4603 1844 4643 eum
1873 4587 1956 4642 in-

371 4685 570 4750 terfici,
594 4686 700 4740 boc
744 4698 811 4739 ω
852 4682 940 4738 die
980 4695 1322 4750 nequaquam
1350 4677 1622 4742 facerent,
1653 4678 1829 4749 magis
1853 4678 1954 4748 ipsi

367 4779 436 4835 ad
464 4776 749 4832 ecclesiam
777 4775 972 4829 missas
993 4770 1179 4827 audire
1199 4769 1573 4826 convenirent.
1602 4766 1844 4837 Cumque
1873 4767 1955 4823 ni-

366 4866 446 4923 hil
464 4866 658 4921 horum
678 4879 709 4918 a
731 4863 952 4919 rusticis
974 4861 1267 4931 impetrare
1293 4866 1500 4931 posset,
1549 4857 1955 4915 contumeliosis

368 4958 591 5027 insuper
615 4953 798 5009 verbis
822 4952 1020 5008 clerico
1042 4949 1387 5015 insultantes,
1409 4949 1536 5019 quia
1562 4948 1629 5003 ad
1652 4948 1769 5019 ejus
1792 4962 1955 5019 paro-

367 5047 553 5102 chiam
578 5045 731 5101 locus
752 5043 841 5098 ille
861 5057 970 5097 non
993 5040 1318 5110 pertinebat,
1344 5040 1433 5094 vix
1475 5040 1721 5096 obtinere
1740 5039 1913 5108 potuit
1936 5081 1951 5104 ,

366 5146 429 5195 ut
457 5149 747 5209 parumper
792 5147 917 5191 cum
966 5130 1185 5186 homine
1233 5129 1299 5185 de
1344 5127 1661 5200 paenitentia
1711 5142 1769 5183 se
1806 5127 1952 5198 loqui

439 5303 474 5373 ι.
491 5289 639 5373 tim
658 5288 712 5373 ξιξ
735 5284 1244 5373 θρίδαξ
1487 5279 1720 5351 «Mm
1741 5279 1953 5337 δυάδο-

365 5359 477 5415 feld
499 5354 858 5415 Widekindus
876 5356 1247 5427 possessiones
1270 5354 1477 5427 habuit.

441 5430 469 5470 δ
503 5429 678 5485 Locus
703 5419 969 5497 hodieque
1000 5435 1160 5497 notus
1178 5423 1233 5497 in
1249 5422 1466 5488 tabulis,
1489 5419 1777 5477 intervallo
1788 5420 1949 5476 unius

322 5558 325 5561 .
369 5498 634 5578 ιωεψ
660 5500 794 5578 urbe
823 5492 1245 5578 ﬁﬁtrhaeieeri:
1283 5561 1323 5578 ,η
1402 5577 1409 5578 ,
1624 5560 1647 5578 ,.

442 5578 476 5642 ξ.
506 5568 683 5642 Vulgo
706 5567 798 5642 hic
816 5560 1015 5642 ﬂuvius
1037 5563 1179 5642 ξυμ
1196 5571 1251 5617 et
1274 5561 1413 5642 τρε
1439 5560 1948 5642 diei_tur',nva_riaque

370 5635 527 5693 Julia
563 5630 755 5705 oppida
782 5635 936 5690 alluit
959 5643 1018 5691 et
1043 5630 1231 5690 Rheno
1282 5630 1624 5702 immergitur
1666 5630 1945 5688 Coloniam

375 5709 517 5763 inter
546 5715 599 5761 et
628 5706 1015 5777 Doesburgum.

2056 4595 2159 4650 pus
2194 4580 2321 4635 huic
2347 4579 2615 4634 vacationi
2655 4587 2839 4649 aptum
2864 4578 3107 4632 invenire
3134 4578 3328 4646 potuit,
3353 4578 3651 4649 assumptis

2057 4688 2261 4740 secum,
2285 4689 2422 4744 quos
2464 4674 2593 4729 huic
2621 4674 2769 4745 operi
2798 4673 3132 4729 necessarios
3161 4673 3338 4741 scivit,
3368 4674 3435 4729 ad
3464 4674 3644 4747 ipsum

2057 4764 2232 4820 denuo
2257 4764 2434 4819 locum
2461 4765 2733 4835 profectus
2761 4774 2862 4819 est.

2125 4854 2215 4909 25.
2232 4854 2364 4912 Erat
2376 4855 2448 4911 ibi
2469 4854 2739 4911 sarculum
2751 4855 2776 4895 ά
2795 4856 3063 4925 quoddam
3077 4855 3333 4911 arborum
3348 4856 3637 4928 opacitate,

2057 4955 2113 5000 et
2154 4947 2411 5004 silvarum
2439 4946 2708 5002 densitate
2736 4947 2972 5018 undique
3010 4948 3371 5013 conclusmn,
3406 4949 3483 5004 ibi
3522 4948 3639 5005 fixis

2059 5037 2306 5092 tentoriis
2331 5052 2489 5093 mane
2514 5036 2692 5109 primo
2718 5038 2943 5094 arbores
2980 5036 3198 5093 diruere
3236 5046 3295 5095 et
3317 5038 3498 5095 locum
3524 5052 3635 5094 mo-

2057 5128 2248 5182 nendis
2267 5126 2511 5183 :edificiis
2538 5142 2839 5199 expurgare
2860 5168 2875 5193 ,
2917 5128 2962 5184 si
2992 5144 3097 5200 qua
3134 5128 3364 5187 facultas
3390 5129 3633 5194 daretur.

2127 5278 2153 5319 ιι
2196 5278 2391 5364 Serius
2417 5279 2580 5364 vertit
2613 5297 2626 5333 :
2660 5295 2860 5364 ρςηιαε.
2886 5279 3327 5364 Antvverpienaes

2058 5356 2149 5405 tur
2169 5350 2427 5405 sartulttm
2447 5363 2567 5403 esse
2591 5350 2956 5415 scribendum,
2998 5359 3059 5406 ut
3084 5350 3162 5406 sit
3199 5350 3571 5411 ﬂminutivum
3590 5364 3622 5403 a

2053 5419 2487 5503 sart_:l‘eutonica
2504 5433 2675 5503 voce,“
2683 5417 2967 5503 Germanis
2982 5419 3350 5503 superioribus
3371 5421 3491 5503 {art
3508 5434 3623 5503 pro:

2047 5490 2293 5573 nuntiata
2313 5505 2328 5554 ;
2345 5503 2466 5573 “qua
2501 5488 2835 5573 significetur
2849 5504 2979 5573 non
3013 5487 3621 5573 simpliciter.silva,'sgd

2046 5560 2182 5632 silva
2201 5574 2314 5629 pra:
2341 5557 2594 5632 fruticum
2629 5559 2898 5615 densitate
2939 5574 3080 5630 pene
3122 5557 3417 5631 impervia;
3456 5558 3620 5632 qualis

2050 5630 2138 5685 hic
2159 5627 2309 5688 locus
2334 5627 2679 5687 describitur.
