  <div class='ocr_page' id='page_1' title='image "/cluster/home/n/w/nwhite01/storage/ocr_20150623/99/hvd.32044023429921/402.png"; bbox 0 0 3868 6174; ppageno 0'>
   <div class='ocr_carea' id='block_1_1' title="bbox 240 336 341 394">
    <p class='ocr_par' dir='ltr' id='par_1_1' title="bbox 240 336 341 394">
     <span class='ocr_line' id='line_1_1' title="bbox 240 336 341 394; baseline 0.02 -2"><span class='ocrx_word' id='word_1_1' title='bbox 240 336 341 394; x_wconf 78' lang='grc'><strong>’195</strong></span> 
     </span>
    </p>
   </div>
   <div class='ocr_carea' id='block_1_2' title="bbox 1559 326 2203 386">
    <p class='ocr_par' dir='ltr' id='par_1_2' title="bbox 1559 326 2203 386">
     <span class='ocr_line' id='line_1_2' title="bbox 1559 326 2203 386; baseline -0.006 1"><span class='ocrx_word' id='word_1_2' title='bbox 1559 328 1738 386; x_wconf 74' lang='lat' dir='ltr'><strong>ACTA</strong></span> <span class='ocrx_word' id='word_1_3' title='bbox 1779 327 1837 381; x_wconf 88' lang='lat' dir='ltr'><strong>S.</strong></span> <span class='ocrx_word' id='word_1_4' title='bbox 1878 326 2060 383; x_wconf 73' lang='lat' dir='ltr'><strong>LCDG</strong></span> <span class='ocrx_word' id='word_1_5' title='bbox 2070 328 2203 383; x_wconf 65' lang='lat' dir='ltr'><strong>Elii.</strong></span> 
     </span>
    </p>
   </div>
   <div class='ocr_carea' id='block_1_3' title="bbox 3402 326 3508 384">
    <p class='ocr_par' dir='ltr' id='par_1_3' title="bbox 3402 326 3508 384">
     <span class='ocr_line' id='line_1_3' title="bbox 3402 326 3508 384; baseline 0 0"><span class='ocrx_word' id='word_1_6' title='bbox 3402 326 3508 384; x_wconf 64' lang='grc'><strong>’194</strong></span> 
     </span>
    </p>
   </div>
   <div class='ocr_carea' id='block_1_4' title="bbox 240 414 3517 528">
    <p class='ocr_par' dir='ltr' id='par_1_4' title="bbox 240 414 3517 528">
     <span class='ocr_line' id='line_1_4' title="bbox 240 414 3517 528; baseline -0.002 -17"><span class='ocrx_word' id='word_1_7' title='bbox 240 456 620 528; x_wconf 68' lang='lat' dir='ltr'><strong>disponebant.</strong></span> <span class='ocrx_word' id='word_1_8' title='bbox 645 453 800 521; x_wconf 83' lang='lat' dir='ltr'><strong>Quod</strong></span> <span class='ocrx_word' id='word_1_9' title='bbox 830 462 1008 508; x_wconf 80' lang='lat' dir='ltr'><strong>tamen</strong></span> <span class='ocrx_word' id='word_1_10' title='bbox 1041 451 1146 507; x_wconf 88' lang='lat' dir='ltr'><strong>illis</strong></span> <span class='ocrx_word' id='word_1_11' title='bbox 1177 449 1293 504; x_wconf 83' lang='lat' dir='ltr'><strong>lteri</strong></span> <span class='ocrx_word' id='word_1_12' title='bbox 1321 447 1543 504; x_wconf 81' lang='lat' dir='ltr'><strong>omnino</strong></span> <span class='ocrx_word' id='word_1_13' title='bbox 1580 444 1829 516; x_wconf 83' lang='lat' dir='ltr'><strong>impossi-</strong></span> <span class='ocrx_word' id='word_1_14' title='bbox 1859 444 1904 503; x_wconf 78' lang='grc' dir='ltr'><strong>Α</strong></span> <span class='ocrx_word' id='word_1_15' title='bbox 1933 444 2168 498; x_wconf 80' lang='lat' dir='ltr'><strong>cundum</strong></span> <span class='ocrx_word' id='word_1_16' title='bbox 2206 442 2538 498; x_wconf 79' lang='lat' dir='ltr'><strong>voluntatem</strong></span> <span class='ocrx_word' id='word_1_17' title='bbox 2590 457 2769 499; x_wconf 87' lang='lat' dir='ltr'><strong>meam</strong></span> <span class='ocrx_word' id='word_1_18' title='bbox 2812 442 3026 500; x_wconf 83' lang='lat' dir='ltr'><strong>locutus</strong></span> <span class='ocrx_word' id='word_1_19' title='bbox 3057 444 3517 515; x_wconf 67' lang='lat' dir='ltr'><strong>benevolentiam,</strong></span> 
     </span>
    </p>
   </div>
   <div class='ocr_carea' id='block_1_5' title="bbox 236 538 1828 601">
    <p class='ocr_par' dir='ltr' id='par_1_5' title="bbox 236 538 1828 601">
     <span class='ocr_line' id='line_1_5' title="bbox 236 538 1828 601; baseline -0.007 0"><span class='ocrx_word' id='word_1_20' title='bbox 236 545 343 601; x_wconf 85' lang='lat' dir='ltr'><strong>bile</strong></span> <span class='ocrx_word' id='word_1_21' title='bbox 369 543 863 601; x_wconf 77' lang='lat' dir='ltr'><strong>videbaturzuude</strong></span> <span class='ocrx_word' id='word_1_22' title='bbox 915 551 969 599; x_wconf 89' lang='lat' dir='ltr'><strong>et</strong></span> <span class='ocrx_word' id='word_1_23' title='bbox 996 543 1214 599; x_wconf 87' lang='lat' dir='ltr'><strong>beatum</strong></span> <span class='ocrx_word' id='word_1_24' title='bbox 1258 541 1435 595; x_wconf 86' lang='lat' dir='ltr'><strong>virum</strong></span> <span class='ocrx_word' id='word_1_25' title='bbox 1475 554 1506 596; x_wconf 90' lang='lat' dir='ltr'><strong>a</strong></span> <span class='ocrx_word' id='word_1_26' title='bbox 1532 552 1627 594; x_wconf 88' lang='lat' dir='ltr'><strong>sua</strong></span> <span class='ocrx_word' id='word_1_27' title='bbox 1654 538 1828 592; x_wconf 90' lang='lat' dir='ltr'><strong>inten-</strong></span> 
     </span>
    </p>
   </div>
   <div class='ocr_carea' id='block_1_6' title="bbox 238 627 1823 709">
    <p class='ocr_par' dir='ltr' id='par_1_6' title="bbox 238 627 1823 709">
     <span class='ocr_line' id='line_1_6' title="bbox 238 627 1823 709; baseline -0.007 -18"><span class='ocrx_word' id='word_1_28' title='bbox 238 635 386 691; x_wconf 87' lang='lat' dir='ltr'><strong>tione</strong></span> <span class='ocrx_word' id='word_1_29' title='bbox 439 633 659 709; x_wconf 86' lang='lat' dir='ltr'><strong>penitus</strong></span> <span class='ocrx_word' id='word_1_30' title='bbox 688 647 944 687; x_wconf 88' lang='lat' dir='ltr'><strong>revocare</strong></span> <span class='ocrx_word' id='word_1_31' title='bbox 988 631 1288 699; x_wconf 79' lang='lat' dir='ltr'><strong>studentes,</strong></span> <span class='ocrx_word' id='word_1_32' title='bbox 1339 629 1592 686; x_wconf 84' lang='lat' dir='ltr'><strong>dixerunt</strong></span> <span class='ocrx_word' id='word_1_33' title='bbox 1642 627 1823 682; x_wconf 89' lang='lat' dir='ltr'><strong>incre-</strong></span> 
     </span>
    </p>
   </div>
   <div class='ocr_carea' id='block_1_7' title="bbox 242 719 1823 797">
    <p class='ocr_par' dir='ltr' id='par_1_7' title="bbox 242 719 1823 797">
     <span class='ocr_line' id='line_1_7' title="bbox 242 719 1823 797; baseline -0.006 -13"><span class='ocrx_word' id='word_1_34' title='bbox 242 727 403 785; x_wconf 65' lang='lat' dir='ltr'><strong>dibile</strong></span> <span class='ocrx_word' id='word_1_35' title='bbox 432 742 661 797; x_wconf 80' lang='lat' dir='ltr'><strong>prorsus</strong></span> <span class='ocrx_word' id='word_1_36' title='bbox 683 724 857 780; x_wconf 85' lang='lat' dir='ltr'><strong>videri</strong></span> <span class='ocrx_word' id='word_1_37' title='bbox 896 724 1045 779; x_wconf 89' lang='lat' dir='ltr'><strong>illum</strong></span> <span class='ocrx_word' id='word_1_38' title='bbox 1093 723 1273 778; x_wconf 90' lang='lat' dir='ltr'><strong>locum</strong></span> <span class='ocrx_word' id='word_1_39' title='bbox 1332 736 1570 792; x_wconf 86' lang='lat' dir='ltr'><strong>unquam</strong></span> <span class='ocrx_word' id='word_1_40' title='bbox 1605 719 1823 775; x_wconf 80' lang='lat' dir='ltr'><strong>habita-</strong></span> 
     </span>
    </p>
   </div>
   <div class='ocr_carea' id='block_1_8' title="bbox 241 810 1826 891">
    <p class='ocr_par' dir='ltr' id='par_1_8' title="bbox 241 810 1826 891">
     <span class='ocr_line' id='line_1_8' title="bbox 241 810 1826 891; baseline -0.003 -18"><span class='ocrx_word' id='word_1_41' title='bbox 241 820 402 880; x_wconf 77' lang='lat' dir='ltr'><strong>bilem</strong></span> <span class='ocrx_word' id='word_1_42' title='bbox 456 818 575 874; x_wconf 78' lang='lat' dir='ltr'><strong>ﬁeri</strong></span> <span class='ocrx_word' id='word_1_43' title='bbox 604 810 804 890; x_wconf 69' lang='lat' dir='ltr'><strong>posse‘,</strong></span> <span class='ocrx_word' id='word_1_44' title='bbox 852 817 1109 891; x_wconf 88' lang='lat' dir='ltr'><strong>quoniam</strong></span> <span class='ocrx_word' id='word_1_45' title='bbox 1157 817 1413 870; x_wconf 89' lang='lat' dir='ltr'><strong>arborum</strong></span> <span class='ocrx_word' id='word_1_46' title='bbox 1456 814 1725 870; x_wconf 87' lang='lat' dir='ltr'><strong>densitate</strong></span> <span class='ocrx_word' id='word_1_47' title='bbox 1770 820 1826 868; x_wconf 90' lang='lat' dir='ltr'><strong>et</strong></span> 
     </span>
    </p>
   </div>
   <div class='ocr_carea' id='block_1_9' title="bbox 243 905 1824 976">
    <p class='ocr_par' dir='ltr' id='par_1_9' title="bbox 243 905 1824 976">
     <span class='ocr_line' id='line_1_9' title="bbox 243 905 1824 976; baseline -0.006 -9"><span class='ocrx_word' id='word_1_48' title='bbox 243 926 519 967; x_wconf 78' lang='lat' dir='ltr'><strong>ramorum</strong></span> <span class='ocrx_word' id='word_1_49' title='bbox 554 909 881 965; x_wconf 88' lang='lat' dir='ltr'><strong>obductione</strong></span> <span class='ocrx_word' id='word_1_50' title='bbox 914 907 1110 963; x_wconf 61' lang='lat' dir='ltr'><strong>caelum</strong></span> <span class='ocrx_word' id='word_1_51' title='bbox 1139 920 1355 976; x_wconf 88' lang='lat' dir='ltr'><strong>quoque</strong></span> <span class='ocrx_word' id='word_1_52' title='bbox 1389 905 1564 976; x_wconf 90' lang='lat' dir='ltr'><strong>ipsum</strong></span> <span class='ocrx_word' id='word_1_53' title='bbox 1593 906 1824 961; x_wconf 84' lang='lat' dir='ltr'><strong>abscon-</strong></span> 
     </span>
    </p>
   </div>
   <div class='ocr_carea' id='block_1_10' title="bbox 238 998 1824 1075">
    <p class='ocr_par' dir='ltr' id='par_1_10' title="bbox 238 998 1824 1075">
     <span class='ocr_line' id='line_1_10' title="bbox 238 998 1824 1075; baseline -0.003 -19"><span class='ocrx_word' id='word_1_54' title='bbox 238 1004 480 1056; x_wconf 70' lang='lat' dir='ltr'><strong>deretur.</strong></span> <span class='ocrx_word' id='word_1_55' title='bbox 510 1000 693 1055; x_wconf 78' lang='lat' dir='ltr'><strong>Atille</strong></span> <span class='ocrx_word' id='word_1_56' title='bbox 725 1012 875 1069; x_wconf 85' lang='lat' dir='ltr'><strong>spem</strong></span> <span class='ocrx_word' id='word_1_57' title='bbox 902 1014 1052 1054; x_wconf 89' lang='lat' dir='ltr'><strong>suam</strong></span> <span class='ocrx_word' id='word_1_58' title='bbox 1087 999 1142 1054; x_wconf 91' lang='lat' dir='ltr'><strong>in</strong></span> <span class='ocrx_word' id='word_1_59' title='bbox 1171 998 1400 1055; x_wconf 85' lang='lat' dir='ltr'><strong>Domino</strong></span> <span class='ocrx_word' id='word_1_60' title='bbox 1424 1012 1631 1068; x_wconf 88' lang='lat' dir='ltr'><strong>ponens</strong></span> <span class='ocrx_word' id='word_1_61' title='bbox 1657 1012 1679 1075; x_wconf 41' lang='lat'><strong>;.</strong></span> <span class='ocrx_word' id='word_1_62' title='bbox 1703 1012 1824 1066; x_wconf 76' lang='lat' dir='ltr'><strong>qua:</strong></span> 
     </span>
    </p>
   </div>
   <div class='ocr_carea' id='block_1_11' title="bbox 232 1090 1823 1164">
    <p class='ocr_par' dir='ltr' id='par_1_11' title="bbox 232 1090 1823 1164">
     <span class='ocr_line' id='line_1_11' title="bbox 232 1090 1823 1164; baseline -0.003 -15"><span class='ocrx_word' id='word_1_63' title='bbox 232 1093 553 1149; x_wconf 85' lang='lat' dir='ltr'><strong>hominibus</strong></span> <span class='ocrx_word' id='word_1_64' title='bbox 572 1134 587 1159; x_wconf 91' lang='lat'><strong>,</strong></span> <span class='ocrx_word' id='word_1_65' title='bbox 617 1093 820 1164; x_wconf 77' lang='lat' dir='ltr'><strong>inquit,</strong></span> <span class='ocrx_word' id='word_1_66' title='bbox 866 1092 1217 1164; x_wconf 83' lang='lat' dir='ltr'><strong>impossibilia</strong></span> <span class='ocrx_word' id='word_1_67' title='bbox 1242 1096 1384 1155; x_wconf 86' lang='lat' dir='ltr'><strong>sunt,</strong></span> <span class='ocrx_word' id='word_1_68' title='bbox 1416 1091 1527 1146; x_wconf 91' lang='lat' dir='ltr'><strong>Deo</strong></span> <span class='ocrx_word' id='word_1_69' title='bbox 1546 1090 1823 1162; x_wconf 75' lang='lat' dir='ltr'><strong>possibilia</strong></span> 
     </span>
    </p>
   </div>
   <div class='ocr_carea' id='block_1_12' title="bbox 235 1180 1827 1255">
    <p class='ocr_par' dir='ltr' id='par_1_12' title="bbox 235 1180 1827 1255">
     <span class='ocr_line' id='line_1_12' title="bbox 235 1180 1827 1255; baseline -0.003 -15"><span class='ocrx_word' id='word_1_70' title='bbox 235 1192 381 1241; x_wconf 84' lang='lat' dir='ltr'><strong>sunt.</strong></span> <span class='ocrx_word' id='word_1_71' title='bbox 404 1184 595 1254; x_wconf 85' lang='lat' dir='ltr'><strong>Itaque</strong></span> <span class='ocrx_word' id='word_1_72' title='bbox 622 1190 780 1240; x_wconf 87' lang='lat' dir='ltr'><strong>nocte</strong></span> <span class='ocrx_word' id='word_1_73' title='bbox 821 1184 1107 1255; x_wconf 77' lang='lat' dir='ltr'><strong>ingruente</strong></span> <span class='ocrx_word' id='word_1_74' title='bbox 1129 1199 1252 1239; x_wconf 92' lang='lat' dir='ltr'><strong>cum</strong></span> <span class='ocrx_word' id='word_1_75' title='bbox 1283 1183 1580 1252; x_wconf 86' lang='lat' dir='ltr'><strong>temperius</strong></span> <span class='ocrx_word' id='word_1_76' title='bbox 1601 1180 1669 1236; x_wconf 88' lang='lat' dir='ltr'><strong>ad</strong></span> <span class='ocrx_word' id='word_1_77' title='bbox 1694 1180 1827 1251; x_wconf 79' lang='lat' dir='ltr'><strong>vigi-</strong></span> 
     </span>
    </p>
   </div>
   <div class='ocr_carea' id='block_1_13' title="bbox 236 1270 1821 1346">
    <p class='ocr_par' dir='ltr' id='par_1_13' title="bbox 236 1270 1821 1346">
     <span class='ocr_line' id='line_1_13' title="bbox 236 1270 1821 1346; baseline -0.003 -15"><span class='ocrx_word' id='word_1_78' title='bbox 236 1277 335 1331; x_wconf 85' lang='lat' dir='ltr'><strong>lias</strong></span> <span class='ocrx_word' id='word_1_79' title='bbox 354 1275 707 1331; x_wconf 87' lang='lat' dir='ltr'><strong>nocturnales</strong></span> <span class='ocrx_word' id='word_1_80' title='bbox 724 1275 1109 1340; x_wconf 77' lang='lat' dir='ltr'><strong>surrexissent,</strong></span> <span class='ocrx_word' id='word_1_81' title='bbox 1138 1284 1261 1346; x_wconf 89' lang='lat' dir='ltr'><strong>post</strong></span> <span class='ocrx_word' id='word_1_82' title='bbox 1277 1280 1561 1345; x_wconf 85' lang='lat' dir='ltr'><strong>peractum</strong></span> <span class='ocrx_word' id='word_1_83' title='bbox 1589 1270 1821 1327; x_wconf 77' lang='lat' dir='ltr'><strong>ofﬁcium</strong></span> 
     </span>
    </p>
   </div>
   <div class='ocr_carea' id='block_1_14' title="bbox 234 1363 1823 1437">
    <p class='ocr_par' dir='ltr' id='par_1_14' title="bbox 234 1363 1823 1437">
     <span class='ocr_line' id='line_1_14' title="bbox 234 1363 1823 1437; baseline -0.002 -10"><span class='ocrx_word' id='word_1_84' title='bbox 234 1384 291 1428; x_wconf 87' lang='lat' dir='ltr'><strong>se</strong></span> <span class='ocrx_word' id='word_1_85' title='bbox 317 1368 570 1424; x_wconf 85' lang='lat' dir='ltr'><strong>cubitum</strong></span> <span class='ocrx_word' id='word_1_86' title='bbox 598 1368 775 1423; x_wconf 88' lang='lat' dir='ltr'><strong>denuo</strong></span> <span class='ocrx_word' id='word_1_87' title='bbox 803 1374 1163 1437; x_wconf 89' lang='lat' dir='ltr'><strong>receperunt;</strong></span> <span class='ocrx_word' id='word_1_88' title='bbox 1212 1381 1443 1437; x_wconf 89' lang='lat' dir='ltr'><strong>cumque</strong></span> <span class='ocrx_word' id='word_1_89' title='bbox 1479 1363 1591 1434; x_wconf 86' lang='lat' dir='ltr'><strong>jam</strong></span> <span class='ocrx_word' id='word_1_90' title='bbox 1636 1379 1823 1424; x_wconf 87' lang='lat' dir='ltr'><strong>omnes</strong></span> 
     </span>
    </p>
   </div>
   <div class='ocr_carea' id='block_1_15' title="bbox 233 1459 1832 1531">
    <p class='ocr_par' dir='ltr' id='par_1_15' title="bbox 233 1459 1832 1531">
     <span class='ocr_line' id='line_1_15' title="bbox 233 1459 1832 1531; baseline -0.001 -15"><span class='ocrx_word' id='word_1_91' title='bbox 233 1461 478 1516; x_wconf 79' lang='lat' dir='ltr'><strong>dormire</strong></span> <span class='ocrx_word' id='word_1_92' title='bbox 505 1468 748 1531; x_wconf 78' lang='lat' dir='ltr'><strong>putaret,</strong></span> <span class='ocrx_word' id='word_1_93' title='bbox 791 1460 953 1515; x_wconf 86' lang='lat' dir='ltr'><strong>tacite</strong></span> <span class='ocrx_word' id='word_1_94' title='bbox 982 1460 1219 1515; x_wconf 81' lang='lat' dir='ltr'><strong>surrexit</strong></span> <span class='ocrx_word' id='word_1_95' title='bbox 1246 1466 1301 1513; x_wconf 91' lang='lat' dir='ltr'><strong>et</strong></span> <span class='ocrx_word' id='word_1_96' title='bbox 1330 1459 1621 1514; x_wconf 88' lang='lat' dir='ltr'><strong>tentorium</strong></span> <span class='ocrx_word' id='word_1_97' title='bbox 1644 1473 1832 1530; x_wconf 74' lang='lat' dir='ltr'><strong>egres-</strong></span> 
     </span>
    </p>
   </div>
   <div class='ocr_carea' id='block_1_16' title="bbox 233 1550 1822 1625">
    <p class='ocr_par' dir='ltr' id='par_1_16' title="bbox 233 1550 1822 1625">
     <span class='ocr_line' id='line_1_16' title="bbox 233 1550 1822 1625; baseline -0.003 -15"><span class='ocrx_word' id='word_1_98' title='bbox 233 1570 325 1610; x_wconf 88' lang='lat' dir='ltr'><strong>sus</strong></span> <span class='ocrx_word' id='word_1_99' title='bbox 370 1554 655 1625; x_wconf 75' lang='lat' dir='ltr'><strong>paululum</strong></span> <span class='ocrx_word' id='word_1_100' title='bbox 709 1553 971 1608; x_wconf 81' lang='lat' dir='ltr'><strong>orationis</strong></span> <span class='ocrx_word' id='word_1_101' title='bbox 1021 1553 1194 1623; x_wconf 78' lang='lat' dir='ltr'><strong>gratia</strong></span> <span class='ocrx_word' id='word_1_102' title='bbox 1246 1552 1472 1607; x_wconf 83' lang='lat' dir='ltr'><strong>secessit</strong></span> <span class='ocrx_word' id='word_1_103' title='bbox 1509 1570 1522 1606; x_wconf 93' lang='lat'><strong>:</strong></span> <span class='ocrx_word' id='word_1_104' title='bbox 1555 1550 1651 1607; x_wconf 87' lang='lat' dir='ltr'><strong>sed</strong></span> <span class='ocrx_word' id='word_1_105' title='bbox 1697 1551 1822 1620; x_wconf 86' lang='lat' dir='ltr'><strong>quia</strong></span> 
     </span>
    </p>
   </div>
   <div class='ocr_carea' id='block_1_17' title="bbox 231 1643 1821 1716">
    <p class='ocr_par' dir='ltr' id='par_1_17' title="bbox 231 1643 1821 1716">
     <span class='ocr_line' id='line_1_17' title="bbox 231 1643 1821 1716; baseline -0.002 -16"><span class='ocrx_word' id='word_1_106' title='bbox 231 1647 454 1716; x_wconf 85' lang='lat' dir='ltr'><strong>quidam</strong></span> <span class='ocrx_word' id='word_1_107' title='bbox 483 1661 552 1701; x_wconf 88' lang='lat' dir='ltr'><strong>ex</strong></span> <span class='ocrx_word' id='word_1_108' title='bbox 578 1645 697 1715; x_wconf 85' lang='lat' dir='ltr'><strong>ejus</strong></span> <span class='ocrx_word' id='word_1_109' title='bbox 722 1646 1078 1700; x_wconf 88' lang='lat' dir='ltr'><strong>contubernio</strong></span> <span class='ocrx_word' id='word_1_110' title='bbox 1107 1644 1336 1699; x_wconf 87' lang='lat' dir='ltr'><strong>clericus</strong></span> <span class='ocrx_word' id='word_1_111' title='bbox 1383 1645 1602 1699; x_wconf 89' lang='lat' dir='ltr'><strong>nomine</strong></span> <span class='ocrx_word' id='word_1_112' title='bbox 1631 1643 1821 1698; x_wconf 87' lang='lat' dir='ltr'><strong>Thiat-</strong></span> 
     </span>
    </p>
   </div>
   <div class='ocr_carea' id='block_1_18' title="bbox 231 1722 1822 1805">
    <p class='ocr_par' dir='ltr' id='par_1_18' title="bbox 231 1722 1822 1805">
     <span class='ocr_line' id='line_1_18' title="bbox 231 1722 1822 1805; baseline 0 -17"><span class='ocrx_word' id='word_1_113' title='bbox 231 1736 323 1789; x_wconf 87' lang='lat' dir='ltr'><strong>bat</strong></span> <span class='ocrx_word' id='word_1_114' title='bbox 374 1733 570 1790; x_wconf 87' lang='lat' dir='ltr'><strong>eadem</strong></span> <span class='ocrx_word' id='word_1_115' title='bbox 632 1735 766 1790; x_wconf 90' lang='lat' dir='ltr'><strong>hora</strong></span> <span class='ocrx_word' id='word_1_116' title='bbox 826 1722 1108 1803; x_wconf 78' lang='lat' dir='ltr'><strong>vigilavit,</strong></span> <span class='ocrx_word' id='word_1_117' title='bbox 1157 1734 1333 1805; x_wconf 89' lang='lat' dir='ltr'><strong>ipsum</strong></span> <span class='ocrx_word' id='word_1_118' title='bbox 1363 1732 1648 1788; x_wconf 80' lang='lat' dir='ltr'><strong>confestim</strong></span> <span class='ocrx_word' id='word_1_119' title='bbox 1676 1732 1822 1790; x_wconf 81' lang='lat' dir='ltr'><strong>foras</strong></span> 
     </span>
    </p>
   </div>
   <div class='ocr_carea' id='block_1_19' title="bbox 140 1823 1823 1896">
    <p class='ocr_par' dir='ltr' id='par_1_19' title="bbox 140 1823 1823 1896">
     <span class='ocr_line' id='line_1_19' title="bbox 140 1823 1823 1896; baseline 0.001 -18"><span class='ocrx_word' id='word_1_120' title='bbox 140 1828 145 1833; x_wconf 82' lang='grc'><strong>’</strong></span> <span class='ocrx_word' id='word_1_121' title='bbox 230 1832 521 1879; x_wconf 81' lang='lat' dir='ltr'><strong>exeuntem</strong></span> <span class='ocrx_word' id='word_1_122' title='bbox 544 1833 760 1880; x_wconf 82' lang='lat' dir='ltr'><strong>secutus</strong></span> <span class='ocrx_word' id='word_1_123' title='bbox 787 1832 889 1887; x_wconf 91' lang='lat' dir='ltr'><strong>est,</strong></span> <span class='ocrx_word' id='word_1_124' title='bbox 914 1824 1055 1895; x_wconf 88' lang='lat' dir='ltr'><strong>quod</strong></span> <span class='ocrx_word' id='word_1_125' title='bbox 1079 1839 1202 1879; x_wconf 87' lang='lat' dir='ltr'><strong>mox</strong></span> <span class='ocrx_word' id='word_1_126' title='bbox 1232 1823 1316 1878; x_wconf 89' lang='lat' dir='ltr'><strong>vir</strong></span> <span class='ocrx_word' id='word_1_127' title='bbox 1342 1823 1437 1880; x_wconf 87' lang='lat' dir='ltr'><strong>Dei</strong></span> <span class='ocrx_word' id='word_1_128' title='bbox 1466 1825 1738 1896; x_wconf 79' lang='lat' dir='ltr'><strong>cognovit,</strong></span> <span class='ocrx_word' id='word_1_129' title='bbox 1768 1834 1823 1880; x_wconf 90' lang='lat' dir='ltr'><strong>et</strong></span> 
     </span>
    </p>
   </div>
   <div class='ocr_carea' id='block_1_20' title="bbox 229 1916 1821 1988">
    <p class='ocr_par' dir='ltr' id='par_1_20' title="bbox 229 1916 1821 1988">
     <span class='ocr_line' id='line_1_20' title="bbox 229 1916 1821 1988; baseline 0.002 -18"><span class='ocrx_word' id='word_1_130' title='bbox 229 1916 510 1988; x_wconf 74' lang='lat' dir='ltr'><strong>paulisper</strong></span> <span class='ocrx_word' id='word_1_131' title='bbox 524 1917 674 1987; x_wconf 87' lang='lat' dir='ltr'><strong>quasi</strong></span> <span class='ocrx_word' id='word_1_132' title='bbox 708 1933 805 1988; x_wconf 92' lang='lat' dir='ltr'><strong>pro</strong></span> <span class='ocrx_word' id='word_1_133' title='bbox 826 1920 974 1972; x_wconf 66' lang='lat' dir='ltr'><strong>horae</strong></span> <span class='ocrx_word' id='word_1_134' title='bbox 993 1917 1326 1988; x_wconf 81' lang='lat' dir='ltr'><strong>inspectione</strong></span> <span class='ocrx_word' id='word_1_135' title='bbox 1347 1918 1605 1982; x_wconf 86' lang='lat' dir='ltr'><strong>substitit,</strong></span> <span class='ocrx_word' id='word_1_136' title='bbox 1629 1917 1821 1973; x_wconf 87' lang='lat' dir='ltr'><strong>deinde</strong></span> 
     </span>
    </p>
   </div>
   <div class='ocr_carea' id='block_1_21' title="bbox 232 2007 1820 2079">
    <p class='ocr_par' dir='ltr' id='par_1_21' title="bbox 232 2007 1820 2079">
     <span class='ocr_line' id='line_1_21' title="bbox 232 2007 1820 2079; baseline 0 -16"><span class='ocrx_word' id='word_1_137' title='bbox 232 2010 647 2065; x_wconf 78' lang='lat' dir='ltr'><strong>tabernaculum</strong></span> <span class='ocrx_word' id='word_1_138' title='bbox 678 2010 956 2079; x_wconf 81' lang='lat' dir='ltr'><strong>ingressus</strong></span> <span class='ocrx_word' id='word_1_139' title='bbox 1002 2024 1193 2064; x_wconf 84' lang='lat' dir='ltr'><strong>rursus</strong></span> <span class='ocrx_word' id='word_1_140' title='bbox 1229 2008 1384 2063; x_wconf 86' lang='lat' dir='ltr'><strong>exiit.</strong></span> <span class='ocrx_word' id='word_1_141' title='bbox 1439 2007 1543 2062; x_wconf 88' lang='lat' dir='ltr'><strong>Sed</strong></span> <span class='ocrx_word' id='word_1_142' title='bbox 1574 2009 1820 2063; x_wconf 89' lang='lat' dir='ltr'><strong>eumdem</strong></span> 
     </span>
    </p>
   </div>
   <div class='ocr_carea' id='block_1_22' title="bbox 229 2099 1820 2169">
    <p class='ocr_par' dir='ltr' id='par_1_22' title="bbox 229 2099 1820 2169">
     <span class='ocr_line' id='line_1_22' title="bbox 229 2099 1820 2169; baseline -0.002 -13"><span class='ocrx_word' id='word_1_143' title='bbox 229 2099 493 2167; x_wconf 88' lang='lat' dir='ltr'><strong>clericus,</strong></span> <span class='ocrx_word' id='word_1_144' title='bbox 544 2116 703 2169; x_wconf 88' lang='lat' dir='ltr'><strong>quem</strong></span> <span class='ocrx_word' id='word_1_145' title='bbox 751 2100 987 2154; x_wconf 78' lang='lat' dir='ltr'><strong>diximus</strong></span> <span class='ocrx_word' id='word_1_146' title='bbox 1013 2142 1027 2165; x_wconf 97' lang='lat'><strong>,</strong></span> <span class='ocrx_word' id='word_1_147' title='bbox 1063 2108 1281 2155; x_wconf 86' lang='lat' dir='ltr'><strong>secutus</strong></span> <span class='ocrx_word' id='word_1_148' title='bbox 1319 2106 1422 2154; x_wconf 90' lang='lat' dir='ltr'><strong>est.</strong></span> <span class='ocrx_word' id='word_1_149' title='bbox 1468 2100 1546 2153; x_wconf 87' lang='lat' dir='ltr'><strong>Ita</strong></span> <span class='ocrx_word' id='word_1_150' title='bbox 1586 2099 1820 2154; x_wconf 88' lang='lat' dir='ltr'><strong>secunda</strong></span> 
     </span>
    </p>
   </div>
   <div class='ocr_carea' id='block_1_23' title="bbox 227 2191 1823 2264">
    <p class='ocr_par' dir='ltr' id='par_1_23' title="bbox 227 2191 1823 2264">
     <span class='ocr_line' id='line_1_23' title="bbox 227 2191 1823 2264; baseline -0.003 -16"><span class='ocrx_word' id='word_1_151' title='bbox 227 2208 451 2264; x_wconf 86' lang='lat' dir='ltr'><strong>quoque</strong></span> <span class='ocrx_word' id='word_1_152' title='bbox 480 2193 600 2248; x_wconf 90' lang='lat' dir='ltr'><strong>vice</strong></span> <span class='ocrx_word' id='word_1_153' title='bbox 624 2193 869 2247; x_wconf 88' lang='lat' dir='ltr'><strong>oratione</strong></span> <span class='ocrx_word' id='word_1_154' title='bbox 893 2192 1010 2260; x_wconf 83' lang='lat' dir='ltr'><strong>ejus</strong></span> <span class='ocrx_word' id='word_1_155' title='bbox 1051 2193 1353 2261; x_wconf 83' lang='lat' dir='ltr'><strong>intercepta</strong></span> <span class='ocrx_word' id='word_1_156' title='bbox 1380 2191 1636 2247; x_wconf 86' lang='lat' dir='ltr'><strong>clericum</strong></span> <span class='ocrx_word' id='word_1_157' title='bbox 1683 2199 1823 2246; x_wconf 90' lang='lat' dir='ltr'><strong>stra-</strong></span> 
     </span>
    </p>
   </div>
   <div class='ocr_carea' id='block_1_24' title="bbox 231 2284 1817 2356">
    <p class='ocr_par' dir='ltr' id='par_1_24' title="bbox 231 2284 1817 2356">
     <span class='ocr_line' id='line_1_24' title="bbox 231 2284 1817 2356; baseline -0.003 -14"><span class='ocrx_word' id='word_1_158' title='bbox 231 2297 345 2342; x_wconf 90' lang='lat' dir='ltr'><strong>tum</strong></span> <span class='ocrx_word' id='word_1_159' title='bbox 368 2303 532 2343; x_wconf 91' lang='lat' dir='ltr'><strong>suum</strong></span> <span class='ocrx_word' id='word_1_160' title='bbox 556 2294 823 2356; x_wconf 85' lang='lat' dir='ltr'><strong>repetere,</strong></span> <span class='ocrx_word' id='word_1_161' title='bbox 847 2301 947 2341; x_wconf 89' lang='lat' dir='ltr'><strong>nec</strong></span> <span class='ocrx_word' id='word_1_162' title='bbox 969 2285 1278 2339; x_wconf 87' lang='lat' dir='ltr'><strong>antelucem</strong></span> <span class='ocrx_word' id='word_1_163' title='bbox 1297 2300 1521 2355; x_wconf 80' lang='lat' dir='ltr'><strong>surgere</strong></span> <span class='ocrx_word' id='word_1_164' title='bbox 1540 2284 1817 2354; x_wconf 68' lang='lat' dir='ltr'><strong>praecepit.</strong></span> 
     </span>
    </p>
   </div>
   <div class='ocr_carea' id='block_1_25' title="bbox 226 2371 1824 2448">
    <p class='ocr_par' dir='ltr' id='par_1_25' title="bbox 226 2371 1824 2448">
     <span class='ocr_line' id='line_1_25' title="bbox 226 2371 1824 2448; baseline -0.004 -16"><span class='ocrx_word' id='word_1_165' title='bbox 226 2377 348 2448; x_wconf 81' lang='lat' dir='ltr'><strong>Ipse</strong></span> <span class='ocrx_word' id='word_1_166' title='bbox 366 2392 590 2448; x_wconf 90' lang='lat' dir='ltr'><strong>quoque</strong></span> <span class='ocrx_word' id='word_1_167' title='bbox 607 2417 622 2442; x_wconf 92' lang='lat'><strong>,</strong></span> <span class='ocrx_word' id='word_1_168' title='bbox 645 2385 704 2430; x_wconf 90' lang='lat' dir='ltr'><strong>ut</strong></span> <span class='ocrx_word' id='word_1_169' title='bbox 733 2375 851 2444; x_wconf 86' lang='lat' dir='ltr'><strong>ejus</strong></span> <span class='ocrx_word' id='word_1_170' title='bbox 874 2374 1246 2430; x_wconf 82' lang='lat' dir='ltr'><strong>curiositatem</strong></span> <span class='ocrx_word' id='word_1_171' title='bbox 1288 2374 1557 2437; x_wconf 89' lang='lat' dir='ltr'><strong>eluderet,</strong></span> <span class='ocrx_word' id='word_1_172' title='bbox 1587 2389 1646 2429; x_wconf 91' lang='lat' dir='ltr'><strong>se</strong></span> <span class='ocrx_word' id='word_1_173' title='bbox 1674 2371 1824 2427; x_wconf 89' lang='lat' dir='ltr'><strong>cubi-</strong></span> 
     </span>
    </p>
   </div>
   <div class='ocr_carea' id='block_1_26' title="bbox 228 2467 1823 2537">
    <p class='ocr_par' dir='ltr' id='par_1_26' title="bbox 228 2467 1823 2537">
     <span class='ocr_line' id='line_1_26' title="bbox 228 2467 1823 2537; baseline -0.002 -13"><span class='ocrx_word' id='word_1_174' title='bbox 228 2481 344 2524; x_wconf 90' lang='lat' dir='ltr'><strong>tum</strong></span> <span class='ocrx_word' id='word_1_175' title='bbox 376 2469 604 2537; x_wconf 85' lang='lat' dir='ltr'><strong>recepit.</strong></span> <span class='ocrx_word' id='word_1_176' title='bbox 649 2467 891 2536; x_wconf 85' lang='lat' dir='ltr'><strong>Cumque</strong></span> <span class='ocrx_word' id='word_1_177' title='bbox 931 2467 1241 2537; x_wconf 84' lang='lat' dir='ltr'><strong>aliquandiu</strong></span> <span class='ocrx_word' id='word_1_178' title='bbox 1266 2473 1627 2536; x_wconf 89' lang='lat' dir='ltr'><strong>exspectaret,</strong></span> <span class='ocrx_word' id='word_1_179' title='bbox 1652 2472 1707 2519; x_wconf 92' lang='lat' dir='ltr'><strong>et</strong></span> <span class='ocrx_word' id='word_1_180' title='bbox 1730 2480 1823 2521; x_wconf 84' lang='lat' dir='ltr'><strong>ne-</strong></span> 
     </span>
    </p>
   </div>
   <div class='ocr_carea' id='block_1_27' title="bbox 228 2555 1824 2628">
    <p class='ocr_par' dir='ltr' id='par_1_27' title="bbox 228 2555 1824 2628">
     <span class='ocr_line' id='line_1_27' title="bbox 228 2555 1824 2628; baseline -0.001 -15"><span class='ocrx_word' id='word_1_181' title='bbox 228 2560 433 2613; x_wconf 88' lang='lat' dir='ltr'><strong>minem</strong></span> <span class='ocrx_word' id='word_1_182' title='bbox 465 2558 694 2628; x_wconf 80' lang='lat' dir='ltr'><strong>vigilare</strong></span> <span class='ocrx_word' id='word_1_183' title='bbox 741 2557 1150 2627; x_wconf 81' lang='lat' dir='ltr'><strong>suspicaretur,</strong></span> <span class='ocrx_word' id='word_1_184' title='bbox 1202 2556 1365 2611; x_wconf 79' lang='lat' dir='ltr'><strong>tertio</strong></span> <span class='ocrx_word' id='word_1_185' title='bbox 1431 2555 1712 2621; x_wconf 75' lang='lat' dir='ltr'><strong>surrexit,</strong></span> <span class='ocrx_word' id='word_1_186' title='bbox 1768 2567 1824 2611; x_wconf 82' lang='lat' dir='ltr'><strong>et</strong></span> 
     </span>
    </p>
   </div>
   <div class='ocr_carea' id='block_1_28' title="bbox 227 2646 1818 2721">
    <p class='ocr_par' dir='ltr' id='par_1_28' title="bbox 227 2646 1818 2721">
     <span class='ocr_line' id='line_1_28' title="bbox 227 2646 1818 2721; baseline -0.004 -16"><span class='ocrx_word' id='word_1_187' title='bbox 227 2667 486 2721; x_wconf 82' lang='lat' dir='ltr'><strong>egressus</strong></span> <span class='ocrx_word' id='word_1_188' title='bbox 516 2651 616 2704; x_wconf 86' lang='lat' dir='ltr'><strong>sub</strong></span> <span class='ocrx_word' id='word_1_189' title='bbox 640 2649 871 2720; x_wconf 89' lang='lat' dir='ltr'><strong>quadam</strong></span> <span class='ocrx_word' id='word_1_190' title='bbox 900 2650 1096 2703; x_wconf 88' lang='lat' dir='ltr'><strong>arbore</strong></span> <span class='ocrx_word' id='word_1_191' title='bbox 1122 2664 1181 2703; x_wconf 91' lang='lat' dir='ltr'><strong>se</strong></span> <span class='ocrx_word' id='word_1_192' title='bbox 1210 2649 1265 2702; x_wconf 89' lang='lat' dir='ltr'><strong>in</strong></span> <span class='ocrx_word' id='word_1_193' title='bbox 1305 2648 1605 2702; x_wconf 90' lang='lat' dir='ltr'><strong>orationem</strong></span> <span class='ocrx_word' id='word_1_194' title='bbox 1635 2646 1818 2711; x_wconf 84' lang='lat' dir='ltr'><strong>dedit;</strong></span> 
     </span>
    </p>
   </div>
   <div class='ocr_carea' id='block_1_29' title="bbox 227 2735 1818 2797">
    <p class='ocr_par' dir='ltr' id='par_1_29' title="bbox 227 2735 1818 2797">
     <span class='ocr_line' id='line_1_29' title="bbox 227 2735 1818 2797; baseline -0.003 -1"><span class='ocrx_word' id='word_1_195' title='bbox 227 2758 420 2797; x_wconf 83' lang='lat' dir='ltr'><strong>verum</strong></span> <span class='ocrx_word' id='word_1_196' title='bbox 444 2756 570 2796; x_wconf 89' lang='lat' dir='ltr'><strong>cum</strong></span> <span class='ocrx_word' id='word_1_197' title='bbox 602 2749 933 2794; x_wconf 88' lang='lat' dir='ltr'><strong>memoratus</strong></span> <span class='ocrx_word' id='word_1_198' title='bbox 964 2739 1194 2794; x_wconf 84' lang='lat' dir='ltr'><strong>clericus</strong></span> <span class='ocrx_word' id='word_1_199' title='bbox 1239 2747 1430 2794; x_wconf 90' lang='lat' dir='ltr'><strong>contra</strong></span> <span class='ocrx_word' id='word_1_200' title='bbox 1477 2735 1818 2793; x_wconf 83' lang='lat' dir='ltr'><strong>auctoritatis</strong></span> 
     </span>
    </p>
   </div>
   <div class='ocr_carea' id='block_1_30' title="bbox 226 2828 1822 2909">
    <p class='ocr_par' dir='ltr' id='par_1_30' title="bbox 226 2828 1822 2909">
     <span class='ocr_line' id='line_1_30' title="bbox 226 2828 1822 2909; baseline -0.003 -20"><span class='ocrx_word' id='word_1_201' title='bbox 226 2842 585 2909; x_wconf 65' lang='lat' dir='ltr'><strong>praeceptum,</strong></span> <span class='ocrx_word' id='word_1_202' title='bbox 612 2833 763 2902; x_wconf 82' lang='lat' dir='ltr'><strong>sequi</strong></span> <span class='ocrx_word' id='word_1_203' title='bbox 801 2848 910 2887; x_wconf 89' lang='lat' dir='ltr'><strong>non</strong></span> <span class='ocrx_word' id='word_1_204' title='bbox 931 2832 1151 2887; x_wconf 87' lang='lat' dir='ltr'><strong>auderet</strong></span> <span class='ocrx_word' id='word_1_205' title='bbox 1175 2840 1229 2886; x_wconf 89' lang='lat' dir='ltr'><strong>et</strong></span> <span class='ocrx_word' id='word_1_206' title='bbox 1252 2830 1490 2896; x_wconf 90' lang='lat' dir='ltr'><strong>omnino,</strong></span> <span class='ocrx_word' id='word_1_207' title='bbox 1517 2828 1647 2901; x_wconf 91' lang='lat' dir='ltr'><strong>quid</strong></span> <span class='ocrx_word' id='word_1_208' title='bbox 1662 2844 1822 2900; x_wconf 80' lang='lat' dir='ltr'><strong>agere</strong></span> 
     </span>
    </p>
   </div>
   <div class='ocr_carea' id='block_1_31' title="bbox 230 2918 1821 2993">
    <p class='ocr_par' dir='ltr' id='par_1_31' title="bbox 230 2918 1821 2993">
     <span class='ocr_line' id='line_1_31' title="bbox 230 2918 1821 2993; baseline -0.002 -18"><span class='ocrx_word' id='word_1_209' title='bbox 230 2925 421 2988; x_wconf 80' lang='lat' dir='ltr'><strong>vellet,</strong></span> <span class='ocrx_word' id='word_1_210' title='bbox 448 2923 737 2993; x_wconf 84' lang='lat' dir='ltr'><strong>explorare</strong></span> <span class='ocrx_word' id='word_1_211' title='bbox 761 2922 1079 2987; x_wconf 88' lang='lat' dir='ltr'><strong>intenderet,</strong></span> <span class='ocrx_word' id='word_1_212' title='bbox 1121 2920 1393 2991; x_wconf 86' lang='lat' dir='ltr'><strong>papilione</strong></span> <span class='ocrx_word' id='word_1_213' title='bbox 1427 2918 1583 2989; x_wconf 80' lang='lat' dir='ltr'><strong>juxta</strong></span> <span class='ocrx_word' id='word_1_214' title='bbox 1624 2918 1821 2974; x_wconf 90' lang='lat' dir='ltr'><strong>lectum</strong></span> 
     </span>
    </p>
   </div>
   <div class='ocr_carea' id='block_1_32' title="bbox 229 3009 1820 3081">
    <p class='ocr_par' dir='ltr' id='par_1_32' title="bbox 229 3009 1820 3081">
     <span class='ocr_line' id='line_1_32' title="bbox 229 3009 1820 3081; baseline -0.002 -13"><span class='ocrx_word' id='word_1_215' title='bbox 229 3031 386 3069; x_wconf 89' lang='lat' dir='ltr'><strong>suum</strong></span> <span class='ocrx_word' id='word_1_216' title='bbox 430 3014 635 3079; x_wconf 89' lang='lat' dir='ltr'><strong>levata,</strong></span> <span class='ocrx_word' id='word_1_217' title='bbox 682 3013 735 3067; x_wconf 90' lang='lat' dir='ltr'><strong>in</strong></span> <span class='ocrx_word' id='word_1_218' title='bbox 772 3012 1019 3067; x_wconf 89' lang='lat' dir='ltr'><strong>oratione</strong></span> <span class='ocrx_word' id='word_1_219' title='bbox 1050 3011 1286 3081; x_wconf 90' lang='lat' dir='ltr'><strong>positum</strong></span> <span class='ocrx_word' id='word_1_220' title='bbox 1319 3011 1457 3066; x_wconf 85' lang='lat' dir='ltr'><strong>vidit</strong></span> <span class='ocrx_word' id='word_1_221' title='bbox 1487 3025 1503 3064; x_wconf 90' lang='lat'><strong>:</strong></span> <span class='ocrx_word' id='word_1_222' title='bbox 1535 3018 1654 3065; x_wconf 86' lang='lat' dir='ltr'><strong>erat</strong></span> <span class='ocrx_word' id='word_1_223' title='bbox 1675 3009 1820 3065; x_wconf 87' lang='lat' dir='ltr'><strong>enim</strong></span> 
     </span>
    </p>
   </div>
   <div class='ocr_carea' id='block_1_33' title="bbox 230 3100 1822 3161">
    <p class='ocr_par' dir='ltr' id='par_1_33' title="bbox 230 3100 1822 3161">
     <span class='ocr_line' id='line_1_33' title="bbox 230 3100 1822 3161; baseline -0.003 -1"><span class='ocrx_word' id='word_1_224' title='bbox 230 3122 333 3160; x_wconf 82' lang='lat' dir='ltr'><strong>nox</strong></span> <span class='ocrx_word' id='word_1_225' title='bbox 353 3105 487 3160; x_wconf 87' lang='lat' dir='ltr'><strong>luna</strong></span> <span class='ocrx_word' id='word_1_226' title='bbox 510 3113 568 3159; x_wconf 89' lang='lat' dir='ltr'><strong>et</strong></span> <span class='ocrx_word' id='word_1_227' title='bbox 594 3104 765 3159; x_wconf 86' lang='lat' dir='ltr'><strong>stellis</strong></span> <span class='ocrx_word' id='word_1_228' title='bbox 789 3103 1083 3161; x_wconf 86' lang='lat' dir='ltr'><strong>admodum</strong></span> <span class='ocrx_word' id='word_1_229' title='bbox 1099 3102 1268 3157; x_wconf 88' lang='lat' dir='ltr'><strong>clara.</strong></span> <span class='ocrx_word' id='word_1_230' title='bbox 1292 3102 1495 3157; x_wconf 84' lang='lat' dir='ltr'><strong>Etcum</strong></span> <span class='ocrx_word' id='word_1_231' title='bbox 1518 3100 1822 3157; x_wconf 85' lang='lat' dir='ltr'><strong>diutissime</strong></span> 
     </span>
    </p>
   </div>
   <div class='ocr_carea' id='block_1_34' title="bbox 229 3191 1819 3263">
    <p class='ocr_par' dir='ltr' id='par_1_34' title="bbox 229 3191 1819 3263">
     <span class='ocr_line' id='line_1_34' title="bbox 229 3191 1819 3263; baseline -0.005 -13"><span class='ocrx_word' id='word_1_232' title='bbox 229 3203 462 3260; x_wconf 77' lang='lat' dir='ltr'><strong>orasset,</strong></span> <span class='ocrx_word' id='word_1_233' title='bbox 495 3202 552 3248; x_wconf 84' lang='lat' dir='ltr'><strong>et</strong></span> <span class='ocrx_word' id='word_1_234' title='bbox 591 3209 651 3248; x_wconf 91' lang='lat' dir='ltr'><strong>se</strong></span> <span class='ocrx_word' id='word_1_235' title='bbox 693 3208 791 3263; x_wconf 86' lang='lat' dir='ltr'><strong>per</strong></span> <span class='ocrx_word' id='word_1_236' title='bbox 836 3192 1085 3261; x_wconf 86' lang='lat' dir='ltr'><strong>spiritum</strong></span> <span class='ocrx_word' id='word_1_237' title='bbox 1124 3207 1155 3246; x_wconf 88' lang='lat' dir='ltr'><strong>a</strong></span> <span class='ocrx_word' id='word_1_238' title='bbox 1185 3192 1295 3246; x_wconf 90' lang='lat' dir='ltr'><strong>Deo</strong></span> <span class='ocrx_word' id='word_1_239' title='bbox 1338 3191 1581 3246; x_wconf 87' lang='lat' dir='ltr'><strong>auditum</strong></span> <span class='ocrx_word' id='word_1_240' title='bbox 1618 3204 1819 3260; x_wconf 80' lang='lat' dir='ltr'><strong>cogno-</strong></span> 
     </span>
    </p>
   </div>
   <div class='ocr_carea' id='block_1_35' title="bbox 229 3278 1824 3352">
    <p class='ocr_par' dir='ltr' id='par_1_35' title="bbox 229 3278 1824 3352">
     <span class='ocr_line' id='line_1_35' title="bbox 229 3278 1824 3352; baseline -0.001 -16"><span class='ocrx_word' id='word_1_241' title='bbox 229 3285 421 3348; x_wconf 85' lang='lat' dir='ltr'><strong>visset,</strong></span> <span class='ocrx_word' id='word_1_242' title='bbox 453 3282 769 3342; x_wconf 88' lang='lat' dir='ltr'><strong>tentorium,</strong></span> <span class='ocrx_word' id='word_1_243' title='bbox 802 3280 1035 3346; x_wconf 87' lang='lat' dir='ltr'><strong>cunctis,</strong></span> <span class='ocrx_word' id='word_1_244' title='bbox 1065 3288 1127 3337; x_wconf 90' lang='lat' dir='ltr'><strong>ut</strong></span> <span class='ocrx_word' id='word_1_245' title='bbox 1145 3280 1388 3352; x_wconf 81' lang='lat' dir='ltr'><strong>putabat,</strong></span> <span class='ocrx_word' id='word_1_246' title='bbox 1426 3278 1824 3352; x_wconf 75' lang='lat' dir='ltr'><strong>ignorantibus,</strong></span> 
     </span>
    </p>
   </div>
   <div class='ocr_carea' id='block_1_36' title="bbox 230 3367 1824 3446">
    <p class='ocr_par' dir='ltr' id='par_1_36' title="bbox 230 3367 1824 3446">
     <span class='ocr_line' id='line_1_36' title="bbox 230 3367 1824 3446; baseline -0.004 -17"><span class='ocrx_word' id='word_1_247' title='bbox 230 3375 511 3446; x_wconf 78' lang='lat' dir='ltr'><strong>repetivit.</strong></span> <span class='ocrx_word' id='word_1_248' title='bbox 539 3372 742 3427; x_wconf 77' lang='lat' dir='ltr'><strong>Mutata</strong></span> <span class='ocrx_word' id='word_1_249' title='bbox 766 3371 913 3426; x_wconf 91' lang='lat' dir='ltr'><strong>illico</strong></span> <span class='ocrx_word' id='word_1_250' title='bbox 943 3386 1063 3441; x_wconf 75' lang='lat' dir='ltr'><strong>quae</strong></span> <span class='ocrx_word' id='word_1_251' title='bbox 1086 3379 1214 3425; x_wconf 91' lang='lat' dir='ltr'><strong>tunc</strong></span> <span class='ocrx_word' id='word_1_252' title='bbox 1242 3380 1359 3425; x_wconf 88' lang='lat' dir='ltr'><strong>erat</strong></span> <span class='ocrx_word' id='word_1_253' title='bbox 1381 3368 1503 3425; x_wconf 63' lang='lat' dir='ltr'><strong>casli</strong></span> <span class='ocrx_word' id='word_1_254' title='bbox 1535 3367 1824 3434; x_wconf 84' lang='lat' dir='ltr'><strong>serenitas,</strong></span> 
     </span>
    </p>
   </div>
   <div class='ocr_carea' id='block_1_37' title="bbox 229 3459 1828 3530">
    <p class='ocr_par' dir='ltr' id='par_1_37' title="bbox 229 3459 1828 3530">
     <span class='ocr_line' id='line_1_37' title="bbox 229 3459 1828 3530; baseline -0.005 -8"><span class='ocrx_word' id='word_1_255' title='bbox 229 3467 527 3522; x_wconf 86' lang='lat' dir='ltr'><strong>obscurata</strong></span> <span class='ocrx_word' id='word_1_256' title='bbox 581 3471 726 3517; x_wconf 89' lang='lat' dir='ltr'><strong>astra</strong></span> <span class='ocrx_word' id='word_1_257' title='bbox 755 3505 769 3528; x_wconf 94' lang='lat'><strong>,</strong></span> <span class='ocrx_word' id='word_1_258' title='bbox 808 3470 862 3517; x_wconf 90' lang='lat' dir='ltr'><strong>et</strong></span> <span class='ocrx_word' id='word_1_259' title='bbox 911 3461 1088 3516; x_wconf 86' lang='lat' dir='ltr'><strong>ventis</strong></span> <span class='ocrx_word' id='word_1_260' title='bbox 1141 3461 1269 3516; x_wconf 90' lang='lat' dir='ltr'><strong>hinc</strong></span> <span class='ocrx_word' id='word_1_261' title='bbox 1308 3461 1433 3515; x_wconf 89' lang='lat' dir='ltr'><strong>inde</strong></span> <span class='ocrx_word' id='word_1_262' title='bbox 1479 3459 1828 3530; x_wconf 79' lang='lat' dir='ltr'><strong>surgentibus</strong></span> 
     </span>
    </p>
   </div>
   <div class='ocr_carea' id='block_1_38' title="bbox 232 3546 1828 3627">
    <p class='ocr_par' dir='ltr' id='par_1_38' title="bbox 232 3546 1828 3627">
     <span class='ocr_line' id='line_1_38' title="bbox 232 3546 1828 3627; baseline -0.008 -14"><span class='ocrx_word' id='word_1_263' title='bbox 232 3566 537 3627; x_wconf 84' lang='lat' dir='ltr'><strong>tempestas</strong></span> <span class='ocrx_word' id='word_1_264' title='bbox 559 3554 725 3608; x_wconf 89' lang='lat' dir='ltr'><strong>nimia</strong></span> <span class='ocrx_word' id='word_1_265' title='bbox 751 3554 1041 3607; x_wconf 81' lang='lat' dir='ltr'><strong>subsecuta</strong></span> <span class='ocrx_word' id='word_1_266' title='bbox 1057 3558 1163 3606; x_wconf 86' lang='lat' dir='ltr'><strong>est.</strong></span> <span class='ocrx_word' id='word_1_267' title='bbox 1194 3549 1472 3605; x_wconf 85' lang='lat' dir='ltr'><strong>Cadebant</strong></span> <span class='ocrx_word' id='word_1_268' title='bbox 1494 3562 1699 3603; x_wconf 85' lang='lat' dir='ltr'><strong>annosa</strong></span> <span class='ocrx_word' id='word_1_269' title='bbox 1720 3546 1828 3601; x_wconf 87' lang='lat' dir='ltr'><strong>eir-</strong></span> 
     </span>
    </p>
   </div>
   <div class='ocr_carea' id='block_1_39' title="bbox 229 3638 1827 3718">
    <p class='ocr_par' dir='ltr' id='par_1_39' title="bbox 229 3638 1827 3718">
     <span class='ocr_line' id='line_1_39' title="bbox 229 3638 1827 3718; baseline -0.008 -14"><span class='ocrx_word' id='word_1_270' title='bbox 229 3662 580 3718; x_wconf 83' lang='lat' dir='ltr'><strong>eumquaque</strong></span> <span class='ocrx_word' id='word_1_271' title='bbox 600 3646 821 3699; x_wconf 91' lang='lat' dir='ltr'><strong>arbusta</strong></span> <span class='ocrx_word' id='word_1_272' title='bbox 837 3684 851 3708; x_wconf 93' lang='lat'><strong>,</strong></span> <span class='ocrx_word' id='word_1_273' title='bbox 875 3651 933 3697; x_wconf 90' lang='lat' dir='ltr'><strong>et</strong></span> <span class='ocrx_word' id='word_1_274' title='bbox 952 3657 1077 3697; x_wconf 89' lang='lat' dir='ltr'><strong>eum</strong></span> <span class='ocrx_word' id='word_1_275' title='bbox 1098 3655 1296 3711; x_wconf 78' lang='lat' dir='ltr'><strong>magno</strong></span> <span class='ocrx_word' id='word_1_276' title='bbox 1317 3640 1445 3695; x_wconf 88' lang='lat' dir='ltr'><strong>licet</strong></span> <span class='ocrx_word' id='word_1_277' title='bbox 1485 3639 1730 3695; x_wconf 87' lang='lat' dir='ltr'><strong>omnium</strong></span> <span class='ocrx_word' id='word_1_278' title='bbox 1761 3638 1827 3691; x_wconf 91' lang='lat' dir='ltr'><strong>ti-</strong></span> 
     </span>
    </p>
   </div>
   <div class='ocr_carea' id='block_1_40' title="bbox 231 3731 1824 3809">
    <p class='ocr_par' dir='ltr' id='par_1_40' title="bbox 231 3731 1824 3809">
     <span class='ocr_line' id='line_1_40' title="bbox 231 3731 1824 3809; baseline -0.008 -14"><span class='ocrx_word' id='word_1_279' title='bbox 231 3756 386 3795; x_wconf 85' lang='lat' dir='ltr'><strong>more</strong></span> <span class='ocrx_word' id='word_1_280' title='bbox 417 3740 535 3809; x_wconf 83' lang='lat' dir='ltr'><strong>ipsa</strong></span> <span class='ocrx_word' id='word_1_281' title='bbox 561 3738 826 3792; x_wconf 88' lang='lat' dir='ltr'><strong>elementa</strong></span> <span class='ocrx_word' id='word_1_282' title='bbox 851 3733 1052 3790; x_wconf 83' lang='lat' dir='ltr'><strong>famulo</strong></span> <span class='ocrx_word' id='word_1_283' title='bbox 1071 3734 1169 3788; x_wconf 89' lang='lat' dir='ltr'><strong>Dei</strong></span> <span class='ocrx_word' id='word_1_284' title='bbox 1192 3733 1517 3787; x_wconf 87' lang='lat' dir='ltr'><strong>militabant.</strong></span> <span class='ocrx_word' id='word_1_285' title='bbox 1544 3731 1676 3785; x_wconf 66' lang='lat' dir='ltr'><strong>Nam</strong></span> <span class='ocrx_word' id='word_1_286' title='bbox 1699 3745 1824 3785; x_wconf 89' lang='lat' dir='ltr'><strong>eum</strong></span> 
     </span>
    </p>
   </div>
   <div class='ocr_carea' id='block_1_41' title="bbox 231 3823 1829 3892">
    <p class='ocr_par' dir='ltr' id='par_1_41' title="bbox 231 3823 1829 3892">
     <span class='ocr_line' id='line_1_41' title="bbox 231 3823 1829 3892; baseline -0.006 -6"><span class='ocrx_word' id='word_1_287' title='bbox 231 3830 477 3886; x_wconf 82' lang='lat' dir='ltr'><strong>diluculo</strong></span> <span class='ocrx_word' id='word_1_288' title='bbox 510 3829 971 3892; x_wconf 78' lang='lat' dir='ltr'><strong>exsurrexissent,</strong></span> <span class='ocrx_word' id='word_1_289' title='bbox 1021 3826 1278 3881; x_wconf 79' lang='lat' dir='ltr'><strong>videbant</strong></span> <span class='ocrx_word' id='word_1_290' title='bbox 1321 3825 1510 3880; x_wconf 83' lang='lat' dir='ltr'><strong>silvam</strong></span> <span class='ocrx_word' id='word_1_291' title='bbox 1537 3825 1667 3879; x_wconf 89' lang='lat' dir='ltr'><strong>hinc</strong></span> <span class='ocrx_word' id='word_1_292' title='bbox 1702 3823 1829 3878; x_wconf 89' lang='lat' dir='ltr'><strong>inde</strong></span> 
     </span>
    </p>
   </div>
   <div class='ocr_carea' id='block_1_42' title="bbox 231 3915 1827 3985">
    <p class='ocr_par' dir='ltr' id='par_1_42' title="bbox 231 3915 1827 3985">
     <span class='ocr_line' id='line_1_42' title="bbox 231 3915 1827 3985; baseline -0.008 -5"><span class='ocrx_word' id='word_1_293' title='bbox 231 3934 453 3981; x_wconf 81' lang='lat' dir='ltr'><strong>emtam</strong></span> <span class='ocrx_word' id='word_1_294' title='bbox 485 3921 760 3977; x_wconf 81' lang='lat' dir='ltr'><strong>fundando</strong></span> <span class='ocrx_word' id='word_1_295' title='bbox 808 3919 1140 3974; x_wconf 88' lang='lat' dir='ltr'><strong>monasterio</strong></span> <span class='ocrx_word' id='word_1_296' title='bbox 1183 3917 1360 3972; x_wconf 90' lang='lat' dir='ltr'><strong>locum</strong></span> <span class='ocrx_word' id='word_1_297' title='bbox 1407 3917 1542 3972; x_wconf 82' lang='lat' dir='ltr'><strong>satis</strong></span> <span class='ocrx_word' id='word_1_298' title='bbox 1590 3915 1827 3985; x_wconf 90' lang='lat' dir='ltr'><strong>amplum</strong></span> 
     </span>
    </p>
   </div>
   <div class='ocr_carea' id='block_1_43' title="bbox 234 4005 1828 4082">
    <p class='ocr_par' dir='ltr' id='par_1_43' title="bbox 234 4005 1828 4082">
     <span class='ocr_line' id='line_1_43' title="bbox 234 4005 1828 4082; baseline -0.007 -11"><span class='ocrx_word' id='word_1_299' title='bbox 234 4017 495 4079; x_wconf 85' lang='lat' dir='ltr'><strong>dedisse;</strong></span> <span class='ocrx_word' id='word_1_300' title='bbox 532 4020 590 4069; x_wconf 88' lang='lat' dir='ltr'><strong>et</strong></span> <span class='ocrx_word' id='word_1_301' title='bbox 640 4013 864 4067; x_wconf 85' lang='lat' dir='ltr'><strong>arbores</strong></span> <span class='ocrx_word' id='word_1_302' title='bbox 921 4010 1122 4082; x_wconf 87' lang='lat' dir='ltr'><strong>passim</strong></span> <span class='ocrx_word' id='word_1_303' title='bbox 1179 4007 1426 4077; x_wconf 88' lang='lat' dir='ltr'><strong>jacentes</strong></span> <span class='ocrx_word' id='word_1_304' title='bbox 1475 4005 1828 4062; x_wconf 84' lang='lat' dir='ltr'><strong>sullieientem</strong></span> 
     </span>
    </p>
   </div>
   <div class='ocr_carea' id='block_1_44' title="bbox 232 4096 1829 4175">
    <p class='ocr_par' dir='ltr' id='par_1_44' title="bbox 232 4096 1829 4175">
     <span class='ocr_line' id='line_1_44' title="bbox 232 4096 1829 4175; baseline -0.004 -18"><span class='ocrx_word' id='word_1_305' title='bbox 232 4103 513 4175; x_wconf 81' lang='lat' dir='ltr'><strong>lignorum</strong></span> <span class='ocrx_word' id='word_1_306' title='bbox 536 4102 604 4156; x_wconf 88' lang='lat' dir='ltr'><strong>ad</strong></span> <span class='ocrx_word' id='word_1_307' title='bbox 634 4096 1045 4154; x_wconf 59' lang='lat' dir='ltr'><strong>aediﬁcationem</strong></span> <span class='ocrx_word' id='word_1_308' title='bbox 1086 4099 1295 4167; x_wconf 80' lang='lat' dir='ltr'><strong>copiam</strong></span> <span class='ocrx_word' id='word_1_309' title='bbox 1325 4096 1643 4167; x_wconf 70' lang='lat' dir='ltr'><strong>praebuisse.</strong></span> <span class='ocrx_word' id='word_1_310' title='bbox 1679 4096 1829 4152; x_wconf 83' lang='lat' dir='ltr'><strong>Unde</strong></span> 
     </span>
    </p>
   </div>
   <div class='ocr_carea' id='block_1_45' title="bbox 238 4187 1828 4262">
    <p class='ocr_par' dir='ltr' id='par_1_45' title="bbox 238 4187 1828 4262">
     <span class='ocr_line' id='line_1_45' title="bbox 238 4187 1828 4262; baseline -0.004 -13"><span class='ocrx_word' id='word_1_311' title='bbox 238 4195 294 4249; x_wconf 88' lang='lat' dir='ltr'><strong>S.</strong></span> <span class='ocrx_word' id='word_1_312' title='bbox 330 4193 621 4262; x_wconf 80' lang='lat' dir='ltr'><strong>Ludgerus</strong></span> <span class='ocrx_word' id='word_1_313' title='bbox 655 4206 781 4246; x_wconf 85' lang='lat' dir='ltr'><strong>eum</strong></span> <span class='ocrx_word' id='word_1_314' title='bbox 815 4190 904 4245; x_wconf 88' lang='lat' dir='ltr'><strong>die</strong></span> <span class='ocrx_word' id='word_1_315' title='bbox 934 4187 1048 4259; x_wconf 76' lang='lat' dir='ltr'><strong>jam</strong></span> <span class='ocrx_word' id='word_1_316' title='bbox 1087 4189 1233 4244; x_wconf 84' lang='lat' dir='ltr'><strong>clara</strong></span> <span class='ocrx_word' id='word_1_317' title='bbox 1265 4203 1394 4244; x_wconf 87' lang='lat' dir='ltr'><strong>suos</strong></span> <span class='ocrx_word' id='word_1_318' title='bbox 1441 4188 1651 4258; x_wconf 82' lang='lat' dir='ltr'><strong>reliquo</strong></span> <span class='ocrx_word' id='word_1_319' title='bbox 1678 4189 1828 4259; x_wconf 89' lang='lat' dir='ltr'><strong>operi</strong></span> 
     </span>
    </p>
   </div>
   <div class='ocr_carea' id='block_1_46' title="bbox 234 4279 1832 4354">
    <p class='ocr_par' dir='ltr' id='par_1_46' title="bbox 234 4279 1832 4354">
     <span class='ocr_line' id='line_1_46' title="bbox 234 4279 1832 4354; baseline -0.007 -9"><span class='ocrx_word' id='word_1_320' title='bbox 234 4292 449 4345; x_wconf 86' lang='lat' dir='ltr'><strong>instare</strong></span> <span class='ocrx_word' id='word_1_321' title='bbox 483 4287 828 4351; x_wconf 84' lang='lat' dir='ltr'><strong>hortaretur,</strong></span> <span class='ocrx_word' id='word_1_322' title='bbox 872 4299 966 4340; x_wconf 93' lang='lat' dir='ltr'><strong>eos</strong></span> <span class='ocrx_word' id='word_1_323' title='bbox 1002 4283 1350 4354; x_wconf 82' lang='lat' dir='ltr'><strong>percunctari</strong></span> <span class='ocrx_word' id='word_1_324' title='bbox 1406 4279 1832 4353; x_wconf 81' lang='lat' dir='ltr'><strong>gratulabundus</strong></span> 
     </span>
    </p>
   </div>
   <div class='ocr_carea' id='block_1_47' title="bbox 235 4370 1831 4451">
    <p class='ocr_par' dir='ltr' id='par_1_47' title="bbox 235 4370 1831 4451">
     <span class='ocr_line' id='line_1_47' title="bbox 235 4370 1831 4451; baseline -0.006 -17"><span class='ocrx_word' id='word_1_325' title='bbox 235 4379 408 4451; x_wconf 66' lang='lat' dir='ltr'><strong>erepit</strong></span> <span class='ocrx_word' id='word_1_326' title='bbox 437 4394 453 4432; x_wconf 90' lang='lat'><strong>:</strong></span> <span class='ocrx_word' id='word_1_327' title='bbox 495 4392 637 4432; x_wconf 88' lang='lat' dir='ltr'><strong>anne</strong></span> <span class='ocrx_word' id='word_1_328' title='bbox 662 4376 839 4431; x_wconf 86' lang='lat' dir='ltr'><strong>adhuc</strong></span> <span class='ocrx_word' id='word_1_329' title='bbox 865 4374 1061 4431; x_wconf 77' lang='lat' dir='ltr'><strong>emtum</strong></span> <span class='ocrx_word' id='word_1_330' title='bbox 1090 4388 1150 4429; x_wconf 79' lang='lat' dir='ltr'><strong>se</strong></span> <span class='ocrx_word' id='word_1_331' title='bbox 1184 4387 1253 4428; x_wconf 85' lang='lat' dir='ltr'><strong>ex</strong></span> <span class='ocrx_word' id='word_1_332' title='bbox 1283 4372 1374 4428; x_wconf 87' lang='lat' dir='ltr'><strong>illo</strong></span> <span class='ocrx_word' id='word_1_333' title='bbox 1400 4372 1518 4428; x_wconf 89' lang='lat' dir='ltr'><strong>loco</strong></span> <span class='ocrx_word' id='word_1_334' title='bbox 1544 4370 1831 4427; x_wconf 82' lang='lat' dir='ltr'><strong>crederent</strong></span> 
     </span>
    </p>
   </div>
   <div class='ocr_carea' id='block_1_48' title="bbox 235 4466 673 4538">
    <p class='ocr_par' dir='ltr' id='par_1_48' title="bbox 235 4466 673 4538">
     <span class='ocr_line' id='line_1_48' title="bbox 235 4466 673 4538; baseline -0.014 -13"><span class='ocrx_word' id='word_1_335' title='bbox 235 4474 537 4538; x_wconf 86' lang='lat' dir='ltr'><strong>conspectu</strong></span> <span class='ocrx_word' id='word_1_336' title='bbox 544 4482 635 4521; x_wconf 86' lang='lat' dir='ltr'><strong>ros</strong></span> <span class='ocrx_word' id='word_1_337' title='bbox 648 4466 673 4519; x_wconf 83' lang='lat'><strong>?</strong></span> 
     </span>
    </p>
   </div>
   <div class='ocr_carea' id='block_1_49' title="bbox 303 4548 1829 4625">
    <p class='ocr_par' dir='ltr' id='par_1_49' title="bbox 303 4548 1829 4625">
     <span class='ocr_line' id='line_1_49' title="bbox 303 4548 1829 4625; baseline -0.006 -11"><span class='ocrx_word' id='word_1_338' title='bbox 303 4559 399 4615; x_wconf 72' lang='lat'><strong>26.</strong></span> <span class='ocrx_word' id='word_1_339' title='bbox 448 4558 605 4612; x_wconf 78' lang='lat' dir='ltr'><strong>Mane</strong></span> <span class='ocrx_word' id='word_1_340' title='bbox 632 4572 697 4612; x_wconf 85' lang='lat' dir='ltr'><strong>ex</strong></span> <span class='ocrx_word' id='word_1_341' title='bbox 720 4556 1033 4619; x_wconf 86' lang='lat' dir='ltr'><strong>arboribus,</strong></span> <span class='ocrx_word' id='word_1_342' title='bbox 1062 4570 1198 4625; x_wconf 89' lang='lat' dir='ltr'><strong>quas</strong></span> <span class='ocrx_word' id='word_1_343' title='bbox 1234 4553 1347 4609; x_wconf 92' lang='lat' dir='ltr'><strong>illic</strong></span> <span class='ocrx_word' id='word_1_344' title='bbox 1376 4554 1650 4612; x_wconf 88' lang='lat' dir='ltr'><strong>corruisse</strong></span> <span class='ocrx_word' id='word_1_345' title='bbox 1686 4548 1829 4607; x_wconf 87' lang='lat' dir='ltr'><strong>dixi-</strong></span> 
     </span>
    </p>
   </div>
   <div class='ocr_carea' id='block_1_50' title="bbox 239 4644 1829 4717">
    <p class='ocr_par' dir='ltr' id='par_1_50' title="bbox 239 4644 1829 4717">
     <span class='ocr_line' id='line_1_50' title="bbox 239 4644 1829 4717; baseline -0.006 -10"><span class='ocrx_word' id='word_1_346' title='bbox 239 4667 384 4717; x_wconf 82' lang='lat' dir='ltr'><strong>mus,</strong></span> <span class='ocrx_word' id='word_1_347' title='bbox 410 4666 519 4704; x_wconf 88' lang='lat' dir='ltr'><strong>una</strong></span> <span class='ocrx_word' id='word_1_348' title='bbox 552 4648 724 4703; x_wconf 90' lang='lat' dir='ltr'><strong>solum</strong></span> <span class='ocrx_word' id='word_1_349' title='bbox 746 4664 852 4702; x_wconf 89' lang='lat' dir='ltr'><strong>non</strong></span> <span class='ocrx_word' id='word_1_350' title='bbox 877 4648 1053 4701; x_wconf 87' lang='lat' dir='ltr'><strong>diruta</strong></span> <span class='ocrx_word' id='word_1_351' title='bbox 1089 4646 1371 4710; x_wconf 88' lang='lat' dir='ltr'><strong>remansit,</strong></span> <span class='ocrx_word' id='word_1_352' title='bbox 1395 4647 1494 4701; x_wconf 87' lang='lat' dir='ltr'><strong>sub</strong></span> <span class='ocrx_word' id='word_1_353' title='bbox 1517 4661 1621 4715; x_wconf 88' lang='lat' dir='ltr'><strong>qua</strong></span> <span class='ocrx_word' id='word_1_354' title='bbox 1642 4644 1829 4700; x_wconf 88' lang='lat' dir='ltr'><strong>eadem</strong></span> 
     </span>
    </p>
   </div>
   <div class='ocr_carea' id='block_1_51' title="bbox 239 4735 1827 4805">
    <p class='ocr_par' dir='ltr' id='par_1_51' title="bbox 239 4735 1827 4805">
     <span class='ocr_line' id='line_1_51' title="bbox 239 4735 1827 4805; baseline -0.005 -8"><span class='ocrx_word' id='word_1_355' title='bbox 239 4751 405 4798; x_wconf 87' lang='lat' dir='ltr'><strong>nocte</strong></span> <span class='ocrx_word' id='word_1_356' title='bbox 440 4741 527 4795; x_wconf 85' lang='lat' dir='ltr'><strong>vir</strong></span> <span class='ocrx_word' id='word_1_357' title='bbox 546 4739 642 4795; x_wconf 87' lang='lat' dir='ltr'><strong>Dei</strong></span> <span class='ocrx_word' id='word_1_358' title='bbox 664 4739 862 4804; x_wconf 88' lang='lat' dir='ltr'><strong>oravit,</strong></span> <span class='ocrx_word' id='word_1_359' title='bbox 888 4739 987 4793; x_wconf 85' lang='lat' dir='ltr'><strong>sub</strong></span> <span class='ocrx_word' id='word_1_360' title='bbox 1013 4739 1113 4793; x_wconf 90' lang='lat' dir='ltr'><strong>hac</strong></span> <span class='ocrx_word' id='word_1_361' title='bbox 1141 4737 1350 4802; x_wconf 87' lang='lat' dir='ltr'><strong>sellula,</strong></span> <span class='ocrx_word' id='word_1_362' title='bbox 1376 4735 1487 4805; x_wconf 91' lang='lat' dir='ltr'><strong>jam</strong></span> <span class='ocrx_word' id='word_1_363' title='bbox 1511 4737 1630 4792; x_wconf 89' lang='lat' dir='ltr'><strong>luce</strong></span> <span class='ocrx_word' id='word_1_364' title='bbox 1659 4736 1827 4800; x_wconf 87' lang='lat' dir='ltr'><strong>clara,</strong></span> 
     </span>
    </p>
   </div>
   <div class='ocr_carea' id='block_1_52' title="bbox 239 4828 1830 4905">
    <p class='ocr_par' dir='ltr' id='par_1_52' title="bbox 239 4828 1830 4905">
     <span class='ocr_line' id='line_1_52' title="bbox 239 4828 1830 4905; baseline -0.006 -14"><span class='ocrx_word' id='word_1_365' title='bbox 239 4836 445 4905; x_wconf 87' lang='lat' dir='ltr'><strong>posita,</strong></span> <span class='ocrx_word' id='word_1_366' title='bbox 485 4849 615 4888; x_wconf 91' lang='lat' dir='ltr'><strong>suos</strong></span> <span class='ocrx_word' id='word_1_367' title='bbox 651 4833 719 4887; x_wconf 89' lang='lat' dir='ltr'><strong>ad</strong></span> <span class='ocrx_word' id='word_1_368' title='bbox 744 4831 1075 4903; x_wconf 83' lang='lat' dir='ltr'><strong>operandum</strong></span> <span class='ocrx_word' id='word_1_369' title='bbox 1123 4831 1464 4893; x_wconf 82' lang='lat' dir='ltr'><strong>hortabatur.</strong></span> <span class='ocrx_word' id='word_1_370' title='bbox 1501 4828 1578 4884; x_wconf 86' lang='lat' dir='ltr'><strong>lbi</strong></span> <span class='ocrx_word' id='word_1_371' title='bbox 1607 4828 1830 4898; x_wconf 86' lang='lat' dir='ltr'><strong>quidam</strong></span> 
     </span>
    </p>
   </div>
   <div class='ocr_carea' id='block_1_53' title="bbox 243 4919 1827 4992">
    <p class='ocr_par' dir='ltr' id='par_1_53' title="bbox 243 4919 1827 4992">
     <span class='ocr_line' id='line_1_53' title="bbox 243 4919 1827 4992; baseline -0.004 -11"><span class='ocrx_word' id='word_1_372' title='bbox 243 4927 309 4981; x_wconf 85' lang='lat' dir='ltr'><strong>ad</strong></span> <span class='ocrx_word' id='word_1_373' title='bbox 325 4940 458 4980; x_wconf 88' lang='lat' dir='ltr'><strong>eum</strong></span> <span class='ocrx_word' id='word_1_374' title='bbox 474 4940 543 4979; x_wconf 83' lang='lat' dir='ltr'><strong>ex</strong></span> <span class='ocrx_word' id='word_1_375' title='bbox 571 4922 690 4992; x_wconf 86' lang='lat' dir='ltr'><strong>ejus</strong></span> <span class='ocrx_word' id='word_1_376' title='bbox 708 4922 923 4977; x_wconf 83' lang='lat' dir='ltr'><strong>clericis</strong></span> <span class='ocrx_word' id='word_1_377' title='bbox 943 4920 1501 4992; x_wconf 76' lang='lat' dir='ltr'><strong>nomineOdilgrimus</strong></span> <span class='ocrx_word' id='word_1_378' title='bbox 1519 4935 1584 4974; x_wconf 87' lang='lat' dir='ltr'><strong>ex</strong></span> <span class='ocrx_word' id='word_1_379' title='bbox 1614 4919 1827 4985; x_wconf 84' lang='lat' dir='ltr'><strong>itinere,</strong></span> 
     </span>
    </p>
   </div>
   <div class='ocr_carea' id='block_1_54' title="bbox 240 5013 1831 5088">
    <p class='ocr_par' dir='ltr' id='par_1_54' title="bbox 240 5013 1831 5088">
     <span class='ocr_line' id='line_1_54' title="bbox 240 5013 1831 5088; baseline -0.003 -17"><span class='ocrx_word' id='word_1_380' title='bbox 240 5034 353 5088; x_wconf 85' lang='lat' dir='ltr'><strong>quo</strong></span> <span class='ocrx_word' id='word_1_381' title='bbox 382 5018 626 5073; x_wconf 88' lang='lat' dir='ltr'><strong>directus</strong></span> <span class='ocrx_word' id='word_1_382' title='bbox 652 5013 861 5079; x_wconf 80' lang='lat' dir='ltr'><strong>fuerat,</strong></span> <span class='ocrx_word' id='word_1_383' title='bbox 901 5014 1084 5078; x_wconf 87' lang='lat' dir='ltr'><strong>venit;</strong></span> <span class='ocrx_word' id='word_1_384' title='bbox 1112 5029 1272 5083; x_wconf 90' lang='lat' dir='ltr'><strong>quem</strong></span> <span class='ocrx_word' id='word_1_385' title='bbox 1320 5013 1460 5068; x_wconf 90' lang='lat' dir='ltr'><strong>inter</strong></span> <span class='ocrx_word' id='word_1_386' title='bbox 1490 5021 1677 5067; x_wconf 87' lang='lat' dir='ltr'><strong>mutua</strong></span> <span class='ocrx_word' id='word_1_387' title='bbox 1710 5028 1831 5082; x_wconf 62' lang='lat' dir='ltr'><strong>quae</strong></span> 
     </span>
    </p>
   </div>
   <div class='ocr_carea' id='block_1_55' title="bbox 243 5099 1831 5173">
    <p class='ocr_par' dir='ltr' id='par_1_55' title="bbox 243 5099 1831 5173">
     <span class='ocr_line' id='line_1_55' title="bbox 243 5099 1831 5173; baseline -0.004 -11"><span class='ocrx_word' id='word_1_388' title='bbox 243 5108 560 5162; x_wconf 82' lang='lat' dir='ltr'><strong>habuerunt</strong></span> <span class='ocrx_word' id='word_1_389' title='bbox 612 5103 922 5172; x_wconf 88' lang='lat' dir='ltr'><strong>colloquia,</strong></span> <span class='ocrx_word' id='word_1_390' title='bbox 964 5103 1076 5171; x_wconf 89' lang='lat' dir='ltr'><strong>ipse</strong></span> <span class='ocrx_word' id='word_1_391' title='bbox 1130 5101 1480 5173; x_wconf 78' lang='lat' dir='ltr'><strong>interrogavit</strong></span> <span class='ocrx_word' id='word_1_392' title='bbox 1537 5099 1667 5171; x_wconf 89' lang='lat' dir='ltr'><strong>quid</strong></span> <span class='ocrx_word' id='word_1_393' title='bbox 1727 5100 1831 5158; x_wconf 84' lang='lat' dir='ltr'><strong>sibi</strong></span> 
     </span>
    </p>
   </div>
   <div class='ocr_carea' id='block_1_56' title="bbox 243 5192 1833 5252">
    <p class='ocr_par' dir='ltr' id='par_1_56' title="bbox 243 5192 1833 5252">
     <span class='ocr_line' id='line_1_56' title="bbox 243 5192 1833 5252; baseline -0.002 -2"><span class='ocrx_word' id='word_1_394' title='bbox 243 5196 310 5252; x_wconf 81' lang='lat' dir='ltr'><strong>de</strong></span> <span class='ocrx_word' id='word_1_395' title='bbox 366 5196 467 5250; x_wconf 90' lang='lat' dir='ltr'><strong>illo</strong></span> <span class='ocrx_word' id='word_1_396' title='bbox 518 5194 641 5250; x_wconf 87' lang='lat' dir='ltr'><strong>loco</strong></span> <span class='ocrx_word' id='word_1_397' title='bbox 681 5192 996 5249; x_wconf 78' lang='lat' dir='ltr'><strong>videretur?</strong></span> <span class='ocrx_word' id='word_1_398' title='bbox 1032 5199 1342 5247; x_wconf 82' lang='lat' dir='ltr'><strong>utrumnam</strong></span> <span class='ocrx_word' id='word_1_399' title='bbox 1373 5205 1499 5246; x_wconf 86' lang='lat' dir='ltr'><strong>eum</strong></span> <span class='ocrx_word' id='word_1_400' title='bbox 1535 5193 1833 5247; x_wconf 80' lang='lat' dir='ltr'><strong>monacho-</strong></span> 
     </span>
    </p>
   </div>
   <div class='ocr_carea' id='block_1_57' title="bbox 245 5280 1834 5352">
    <p class='ocr_par' dir='ltr' id='par_1_57' title="bbox 245 5280 1834 5352">
     <span class='ocr_line' id='line_1_57' title="bbox 245 5280 1834 5352; baseline -0.003 -13"><span class='ocrx_word' id='word_1_401' title='bbox 245 5301 372 5339; x_wconf 86' lang='lat' dir='ltr'><strong>rum</strong></span> <span class='ocrx_word' id='word_1_402' title='bbox 403 5283 634 5352; x_wconf 78' lang='lat' dir='ltr'><strong>collegio</strong></span> <span class='ocrx_word' id='word_1_403' title='bbox 683 5296 984 5352; x_wconf 76' lang='lat' dir='ltr'><strong>congruum</strong></span> <span class='ocrx_word' id='word_1_404' title='bbox 1025 5280 1421 5336; x_wconf 80' lang='lat' dir='ltr'><strong>arbitraretur?</strong></span> <span class='ocrx_word' id='word_1_405' title='bbox 1474 5281 1545 5335; x_wconf 85' lang='lat' dir='ltr'><strong>At</strong></span> <span class='ocrx_word' id='word_1_406' title='bbox 1589 5282 1678 5337; x_wconf 87' lang='lat' dir='ltr'><strong>ille</strong></span> <span class='ocrx_word' id='word_1_407' title='bbox 1717 5282 1834 5336; x_wconf 85' lang='lat' dir='ltr'><strong>vul—</strong></span> 
     </span>
    </p>
   </div>
   <div class='ocr_carea' id='block_1_58' title="bbox 246 5370 1829 5443">
    <p class='ocr_par' dir='ltr' id='par_1_58' title="bbox 246 5370 1829 5443">
     <span class='ocr_line' id='line_1_58' title="bbox 246 5370 1829 5443; baseline -0.001 -15"><span class='ocrx_word' id='word_1_408' title='bbox 246 5384 367 5429; x_wconf 85' lang='lat' dir='ltr'><strong>tum</strong></span> <span class='ocrx_word' id='word_1_409' title='bbox 392 5372 510 5443; x_wconf 87' lang='lat' dir='ltr'><strong>ejus</strong></span> <span class='ocrx_word' id='word_1_410' title='bbox 535 5372 824 5428; x_wconf 78' lang='lat' dir='ltr'><strong>clariorem</strong></span> <span class='ocrx_word' id='word_1_411' title='bbox 850 5370 1013 5427; x_wconf 87' lang='lat' dir='ltr'><strong>solito</strong></span> <span class='ocrx_word' id='word_1_412' title='bbox 1035 5370 1226 5426; x_wconf 85' lang='lat' dir='ltr'><strong>videns</strong></span> <span class='ocrx_word' id='word_1_413' title='bbox 1251 5388 1264 5424; x_wconf 92' lang='lat'>:</span> <span class='ocrx_word' id='word_1_414' title='bbox 1309 5370 1366 5425; x_wconf 91' lang='lat' dir='ltr'><strong>In</strong></span> <span class='ocrx_word' id='word_1_415' title='bbox 1392 5380 1596 5439; x_wconf 86' lang='lat' dir='ltr'><strong>vestra,</strong></span> <span class='ocrx_word' id='word_1_416' title='bbox 1627 5371 1829 5443; x_wconf 88' lang='lat' dir='ltr'><strong>inquit,</strong></span> 
     </span>
    </p>
   </div>
   <div class='ocr_carea' id='block_1_59' title="bbox 248 5461 1834 5536">
    <p class='ocr_par' dir='ltr' id='par_1_59' title="bbox 248 5461 1834 5536">
     <span class='ocr_line' id='line_1_59' title="bbox 248 5461 1834 5536; baseline -0.001 -16"><span class='ocrx_word' id='word_1_417' title='bbox 248 5463 393 5520; x_wconf 76' lang='lat' dir='ltr'><strong>facie</strong></span> <span class='ocrx_word' id='word_1_418' title='bbox 423 5464 602 5530; x_wconf 85' lang='lat' dir='ltr'><strong>video,</strong></span> <span class='ocrx_word' id='word_1_419' title='bbox 651 5463 757 5520; x_wconf 90' lang='lat' dir='ltr'><strong>hoc</strong></span> <span class='ocrx_word' id='word_1_420' title='bbox 777 5477 913 5536; x_wconf 88' lang='lat' dir='ltr'><strong>opus</strong></span> <span class='ocrx_word' id='word_1_421' title='bbox 938 5461 1055 5518; x_wconf 87' lang='lat' dir='ltr'><strong>sine</strong></span> <span class='ocrx_word' id='word_1_422' title='bbox 1084 5461 1181 5517; x_wconf 85' lang='lat' dir='ltr'><strong>Dei</strong></span> <span class='ocrx_word' id='word_1_423' title='bbox 1222 5462 1497 5517; x_wconf 77' lang='lat' dir='ltr'><strong>voluntate</strong></span> <span class='ocrx_word' id='word_1_424' title='bbox 1523 5462 1834 5519; x_wconf 89' lang='lat' dir='ltr'><strong>inchoatum</strong></span> 
     </span>
    </p>
   </div>
   <div class='ocr_carea' id='block_1_60' title="bbox 247 5551 1831 5625">
    <p class='ocr_par' dir='ltr' id='par_1_60' title="bbox 247 5551 1831 5625">
     <span class='ocr_line' id='line_1_60' title="bbox 247 5551 1831 5625; baseline -0.001 -15"><span class='ocrx_word' id='word_1_425' title='bbox 247 5570 361 5610; x_wconf 84' lang='lat' dir='ltr'><strong>non</strong></span> <span class='ocrx_word' id='word_1_426' title='bbox 387 5569 532 5620; x_wconf 83' lang='lat' dir='ltr'><strong>esse,</strong></span> <span class='ocrx_word' id='word_1_427' title='bbox 556 5555 737 5610; x_wconf 81' lang='lat' dir='ltr'><strong>locum</strong></span> <span class='ocrx_word' id='word_1_428' title='bbox 753 5554 867 5625; x_wconf 84' lang='lat' dir='ltr'><strong>jam</strong></span> <span class='ocrx_word' id='word_1_429' title='bbox 894 5552 1021 5608; x_wconf 88' lang='lat' dir='ltr'><strong>olim</strong></span> <span class='ocrx_word' id='word_1_430' title='bbox 1045 5551 1277 5607; x_wconf 88' lang='lat' dir='ltr'><strong>electum</strong></span> <span class='ocrx_word' id='word_1_431' title='bbox 1296 5567 1329 5606; x_wconf 91' lang='lat' dir='ltr'><strong>a</strong></span> <span class='ocrx_word' id='word_1_432' title='bbox 1357 5551 1468 5607; x_wconf 85' lang='lat' dir='ltr'><strong>Deo</strong></span> <span class='ocrx_word' id='word_1_433' title='bbox 1486 5554 1831 5623; x_wconf 87' lang='lat' dir='ltr'><strong>opportunis-</strong></span> 
     </span>
    </p>
   </div>
   <div class='ocr_carea' id='block_1_61' title="bbox 250 5640 1835 5711">
    <p class='ocr_par' dir='ltr' id='par_1_61' title="bbox 250 5640 1835 5711">
     <span class='ocr_line' id='line_1_61' title="bbox 250 5640 1835 5711; baseline -0.002 -10"><span class='ocrx_word' id='word_1_434' title='bbox 250 5645 455 5701; x_wconf 84' lang='lat' dir='ltr'><strong>simum</strong></span> <span class='ocrx_word' id='word_1_435' title='bbox 503 5644 687 5702; x_wconf 80' lang='lat' dir='ltr'><strong>divino</strong></span> <span class='ocrx_word' id='word_1_436' title='bbox 730 5644 953 5700; x_wconf 85' lang='lat' dir='ltr'><strong>servitio</strong></span> <span class='ocrx_word' id='word_1_437' title='bbox 1008 5640 1272 5697; x_wconf 78' lang='lat' dir='ltr'><strong>futurum.</strong></span> <span class='ocrx_word' id='word_1_438' title='bbox 1323 5640 1440 5708; x_wconf 82' lang='lat' dir='ltr'><strong>Qua</strong></span> <span class='ocrx_word' id='word_1_439' title='bbox 1489 5644 1835 5711; x_wconf 87' lang='lat' dir='ltr'><strong>responsione</strong></span> 
     </span>
    </p>
   </div>
   <div class='ocr_carea' id='block_1_62' title="bbox 252 5731 1837 5808">
    <p class='ocr_par' dir='ltr' id='par_1_62' title="bbox 252 5731 1837 5808">
     <span class='ocr_line' id='line_1_62' title="bbox 252 5731 1837 5808; baseline -0.001 -18"><span class='ocrx_word' id='word_1_440' title='bbox 252 5736 377 5808; x_wconf 76' lang='lat' dir='ltr'><strong>ipse</strong></span> <span class='ocrx_word' id='word_1_441' title='bbox 406 5733 994 5797; x_wconf 79' lang='lat' dir='ltr'><strong>delectatuszGratias,</strong></span> <span class='ocrx_word' id='word_1_442' title='bbox 1037 5731 1229 5801; x_wconf 83' lang='lat' dir='ltr'><strong>inquit,</strong></span> <span class='ocrx_word' id='word_1_443' title='bbox 1262 5732 1421 5795; x_wconf 84' lang='lat' dir='ltr'><strong>habe,</strong></span> <span class='ocrx_word' id='word_1_444' title='bbox 1462 5732 1712 5800; x_wconf 82' lang='lat' dir='ltr'><strong>quoniam</strong></span> <span class='ocrx_word' id='word_1_445' title='bbox 1758 5750 1837 5789; x_wconf 69' lang='lat' dir='ltr'><strong>se~</strong></span> 
     </span>
    </p>
   </div>
   <div class='ocr_carea' id='block_1_63' title="bbox 1927 534 3517 606">
    <p class='ocr_par' dir='ltr' id='par_1_63' title="bbox 1927 534 3517 606">
     <span class='ocr_line' id='line_1_63' title="bbox 1927 534 3517 606; baseline 0.005 -17"><span class='ocrx_word' id='word_1_446' title='bbox 1927 551 2089 605; x_wconf 81' lang='lat' dir='ltr'><strong>quam</strong></span> <span class='ocrx_word' id='word_1_447' title='bbox 2118 534 2290 591; x_wconf 82' lang='lat' dir='ltr'><strong>solum</strong></span> <span class='ocrx_word' id='word_1_448' title='bbox 2319 535 2480 591; x_wconf 85' lang='lat' dir='ltr'><strong>homo</strong></span> <span class='ocrx_word' id='word_1_449' title='bbox 2516 544 2722 606; x_wconf 87' lang='lat' dir='ltr'><strong>potest,</strong></span> <span class='ocrx_word' id='word_1_450' title='bbox 2767 544 2914 592; x_wconf 81' lang='lat' dir='ltr'><strong>tuam</strong></span> <span class='ocrx_word' id='word_1_451' title='bbox 2939 538 3213 606; x_wconf 87' lang='lat' dir='ltr'><strong>ostendis;</strong></span> <span class='ocrx_word' id='word_1_452' title='bbox 3251 549 3517 597; x_wconf 63' lang='lat' dir='ltr'><strong>caeterum</strong></span> 
     </span>
    </p>
   </div>
   <div class='ocr_carea' id='block_1_64' title="bbox 1925 624 3522 696">
    <p class='ocr_par' dir='ltr' id='par_1_64' title="bbox 1925 624 3522 696">
     <span class='ocr_line' id='line_1_64' title="bbox 1925 624 3522 696; baseline 0.005 -16"><span class='ocrx_word' id='word_1_453' title='bbox 1925 624 2151 682; x_wconf 70' lang='lat' dir='ltr'><strong>effectus</strong></span> <span class='ocrx_word' id='word_1_454' title='bbox 2175 625 2231 681; x_wconf 82' lang='lat' dir='ltr'><strong>in</strong></span> <span class='ocrx_word' id='word_1_455' title='bbox 2272 626 2367 683; x_wconf 87' lang='lat' dir='ltr'><strong>Dei</strong></span> <span class='ocrx_word' id='word_1_456' title='bbox 2406 635 2677 696; x_wconf 89' lang='lat' dir='ltr'><strong>potestate</strong></span> <span class='ocrx_word' id='word_1_457' title='bbox 2700 636 2782 683; x_wconf 85' lang='lat' dir='ltr'><strong>est</strong></span> <span class='ocrx_word' id='word_1_458' title='bbox 2808 630 3153 686; x_wconf 88' lang='lat' dir='ltr'><strong>constitutus.</strong></span> <span class='ocrx_word' id='word_1_459' title='bbox 3206 631 3339 687; x_wconf 89' lang='lat' dir='ltr'><strong>Illud</strong></span> <span class='ocrx_word' id='word_1_460' title='bbox 3384 648 3522 689; x_wconf 87' lang='lat' dir='ltr'><strong>sane</strong></span> 
     </span>
    </p>
   </div>
   <div class='ocr_carea' id='block_1_65' title="bbox 1925 717 3516 794">
    <p class='ocr_par' dir='ltr' id='par_1_65' title="bbox 1925 717 3516 794">
     <span class='ocr_line' id='line_1_65' title="bbox 1925 717 3516 794; baseline 0.007 -23"><span class='ocrx_word' id='word_1_461' title='bbox 1925 726 1980 772; x_wconf 90' lang='lat' dir='ltr'><strong>te</strong></span> <span class='ocrx_word' id='word_1_462' title='bbox 2008 733 2170 773; x_wconf 90' lang='lat' dir='ltr'><strong>nosse</strong></span> <span class='ocrx_word' id='word_1_463' title='bbox 2194 717 2337 783; x_wconf 88' lang='lat' dir='ltr'><strong>volo,</strong></span> <span class='ocrx_word' id='word_1_464' title='bbox 2364 720 2508 787; x_wconf 83' lang='lat' dir='ltr'><strong>quod</strong></span> <span class='ocrx_word' id='word_1_465' title='bbox 2534 727 2715 775; x_wconf 86' lang='lat' dir='ltr'><strong>tamen</strong></span> <span class='ocrx_word' id='word_1_466' title='bbox 2740 721 2867 775; x_wconf 83' lang='lat' dir='ltr'><strong>vivo</strong></span> <span class='ocrx_word' id='word_1_467' title='bbox 2891 737 2979 777; x_wconf 89' lang='lat' dir='ltr'><strong>me</strong></span> <span class='ocrx_word' id='word_1_468' title='bbox 3005 722 3128 777; x_wconf 87' lang='lat' dir='ltr'><strong>aliis</strong></span> <span class='ocrx_word' id='word_1_469' title='bbox 3156 731 3209 779; x_wconf 89' lang='lat' dir='ltr'><strong>te</strong></span> <span class='ocrx_word' id='word_1_470' title='bbox 3234 724 3516 794; x_wconf 87' lang='lat' dir='ltr'><strong>publicare</strong></span> 
     </span>
    </p>
   </div>
   <div class='ocr_carea' id='block_1_66' title="bbox 1924 808 3515 883">
    <p class='ocr_par' dir='ltr' id='par_1_66' title="bbox 1924 808 3515 883">
     <span class='ocr_line' id='line_1_66' title="bbox 1924 808 3515 883; baseline 0.006 -22"><span class='ocrx_word' id='word_1_471' title='bbox 1924 808 2068 873; x_wconf 88' lang='lat' dir='ltr'><strong>nolo,</strong></span> <span class='ocrx_word' id='word_1_472' title='bbox 2100 810 2154 863; x_wconf 93' lang='lat' dir='ltr'><strong>in</strong></span> <span class='ocrx_word' id='word_1_473' title='bbox 2183 810 2283 864; x_wconf 86' lang='lat' dir='ltr'><strong>hoc</strong></span> <span class='ocrx_word' id='word_1_474' title='bbox 2310 809 2428 864; x_wconf 91' lang='lat' dir='ltr'><strong>loco</strong></span> <span class='ocrx_word' id='word_1_475' title='bbox 2456 824 2546 865; x_wconf 88' lang='lat' dir='ltr'><strong>me</strong></span> <span class='ocrx_word' id='word_1_476' title='bbox 2582 811 2725 866; x_wconf 88' lang='lat' dir='ltr'><strong>diem</strong></span> <span class='ocrx_word' id='word_1_477' title='bbox 2768 812 2958 882; x_wconf 75' lang='lat' dir='ltr'><strong>iudicii</strong></span> <span class='ocrx_word' id='word_1_478' title='bbox 2984 822 3393 883; x_wconf 80' lang='lat' dir='ltr'><strong>expectaturum</strong></span> <span class='ocrx_word' id='word_1_479' title='bbox 3417 855 3432 881; x_wconf 94' lang='lat'><strong>,</strong></span> <span class='ocrx_word' id='word_1_480' title='bbox 3461 825 3515 871; x_wconf 91' lang='lat' dir='ltr'><strong>et</strong></span> 
     </span>
    </p>
   </div>
   <div class='ocr_carea' id='block_1_67' title="bbox 1925 902 3508 969">
    <p class='ocr_par' dir='ltr' id='par_1_67' title="bbox 1925 902 3508 969">
     <span class='ocr_line' id='line_1_67' title="bbox 1925 902 3508 969; baseline 0.006 -15"><span class='ocrx_word' id='word_1_481' title='bbox 1925 916 2011 955; x_wconf 90' lang='lat' dir='ltr'><strong>me</strong></span> <span class='ocrx_word' id='word_1_482' title='bbox 2043 902 2152 967; x_wconf 85' lang='lat' dir='ltr'><strong>hic,</strong></span> <span class='ocrx_word' id='word_1_483' title='bbox 2191 902 2281 957; x_wconf 91' lang='lat' dir='ltr'><strong>ubi</strong></span> <span class='ocrx_word' id='word_1_484' title='bbox 2306 918 2454 957; x_wconf 87' lang='lat' dir='ltr'><strong>nunc</strong></span> <span class='ocrx_word' id='word_1_485' title='bbox 2514 902 2669 969; x_wconf 78' lang='lat' dir='ltr'><strong>etleo,</strong></span> <span class='ocrx_word' id='word_1_486' title='bbox 2706 916 3114 961; x_wconf 85' lang='lat' dir='ltr'><strong>monumentum</strong></span> <span class='ocrx_word' id='word_1_487' title='bbox 3171 909 3508 964; x_wconf 85' lang='lat' dir='ltr'><strong>haliturum.</strong></span> 
     </span>
    </p>
   </div>
   <div class='ocr_carea' id='block_1_68' title="bbox 1924 991 3509 1071">
    <p class='ocr_par' dir='ltr' id='par_1_68' title="bbox 1924 991 3509 1071">
     <span class='ocr_line' id='line_1_68' title="bbox 1924 991 3509 1071; baseline 0.007 -25"><span class='ocrx_word' id='word_1_488' title='bbox 1924 991 2000 1046; x_wconf 83' lang='lat' dir='ltr'><strong>Ita</strong></span> <span class='ocrx_word' id='word_1_489' title='bbox 2047 992 2276 1048; x_wconf 88' lang='lat' dir='ltr'><strong>clericus</strong></span> <span class='ocrx_word' id='word_1_490' title='bbox 2320 995 2575 1049; x_wconf 75' lang='lat' dir='ltr'><strong>arborem</strong></span> <span class='ocrx_word' id='word_1_491' title='bbox 2622 997 2859 1064; x_wconf 88' lang='lat' dir='ltr'><strong>quandiu</strong></span> <span class='ocrx_word' id='word_1_492' title='bbox 2911 998 2985 1051; x_wconf 88' lang='lat' dir='ltr'><strong>ibi</strong></span> <span class='ocrx_word' id='word_1_493' title='bbox 3038 1001 3187 1053; x_wconf 88' lang='lat' dir='ltr'><strong>stetit</strong></span> <span class='ocrx_word' id='word_1_494' title='bbox 3226 1001 3509 1071; x_wconf 78' lang='lat' dir='ltr'><strong>diligenter</strong></span> 
     </span>
    </p>
   </div>
   <div class='ocr_carea' id='block_1_69' title="bbox 1923 1084 3511 1165">
    <p class='ocr_par' dir='ltr' id='par_1_69' title="bbox 1923 1084 3511 1165">
     <span class='ocr_line' id='line_1_69' title="bbox 1923 1084 3511 1165; baseline 0.007 -26"><span class='ocrx_word' id='word_1_495' title='bbox 1923 1084 2265 1150; x_wconf 76' lang='lat' dir='ltr'><strong>observavit;</strong></span> <span class='ocrx_word' id='word_1_496' title='bbox 2314 1087 2415 1141; x_wconf 85' lang='lat' dir='ltr'><strong>sed</strong></span> <span class='ocrx_word' id='word_1_497' title='bbox 2439 1101 2560 1140; x_wconf 91' lang='lat' dir='ltr'><strong>cum</strong></span> <span class='ocrx_word' id='word_1_498' title='bbox 2600 1096 2786 1155; x_wconf 84' lang='lat' dir='ltr'><strong>postea</strong></span> <span class='ocrx_word' id='word_1_499' title='bbox 2817 1089 2870 1143; x_wconf 93' lang='lat' dir='ltr'><strong>in</strong></span> <span class='ocrx_word' id='word_1_500' title='bbox 2920 1105 3076 1144; x_wconf 92' lang='lat' dir='ltr'><strong>usum</strong></span> <span class='ocrx_word' id='word_1_501' title='bbox 3116 1093 3357 1149; x_wconf 69' lang='lat' dir='ltr'><strong>ecclesiae</strong></span> <span class='ocrx_word' id='word_1_502' title='bbox 3401 1108 3511 1165; x_wconf 86' lang='lat' dir='ltr'><strong>quo</strong></span> 
     </span>
    </p>
   </div>
   <div class='ocr_carea' id='block_1_70' title="bbox 1925 1176 3509 1252">
    <p class='ocr_par' dir='ltr' id='par_1_70' title="bbox 1925 1176 3509 1252">
     <span class='ocr_line' id='line_1_70' title="bbox 1925 1176 3509 1252; baseline 0.006 -21"><span class='ocrx_word' id='word_1_503' title='bbox 1925 1177 1993 1231; x_wconf 86' lang='lat' dir='ltr'><strong>ad</strong></span> <span class='ocrx_word' id='word_1_504' title='bbox 2022 1176 2414 1232; x_wconf 79' lang='lat' dir='ltr'><strong>occidentalem</strong></span> <span class='ocrx_word' id='word_1_505' title='bbox 2446 1177 2561 1248; x_wconf 81' lang='lat' dir='ltr'><strong>ejus</strong></span> <span class='ocrx_word' id='word_1_506' title='bbox 2587 1188 2798 1247; x_wconf 88' lang='lat' dir='ltr'><strong>partem</strong></span> <span class='ocrx_word' id='word_1_507' title='bbox 2820 1181 3258 1249; x_wconf 70' lang='lat' dir='ltr'><strong>constituebatur,</strong></span> <span class='ocrx_word' id='word_1_508' title='bbox 3284 1185 3509 1252; x_wconf 71' lang='lat' dir='ltr'><strong>prmcisa</strong></span> 
     </span>
    </p>
   </div>
   <div class='ocr_carea' id='block_1_71' title="bbox 1918 1266 3514 1346">
    <p class='ocr_par' dir='ltr' id='par_1_71' title="bbox 1918 1266 3514 1346">
     <span class='ocr_line' id='line_1_71' title="bbox 1918 1266 3514 1346; baseline 0.005 -22"><span class='ocrx_word' id='word_1_509' title='bbox 1918 1277 2085 1330; x_wconf 86' lang='lat' dir='ltr'><strong>esset,</strong></span> <span class='ocrx_word' id='word_1_510' title='bbox 2127 1266 2358 1337; x_wconf 89' lang='lat' dir='ltr'><strong>lapidem</strong></span> <span class='ocrx_word' id='word_1_511' title='bbox 2380 1270 2433 1322; x_wconf 83' lang='lat' dir='ltr'><strong>in</strong></span> <span class='ocrx_word' id='word_1_512' title='bbox 2461 1285 2526 1325; x_wconf 89' lang='lat' dir='ltr'><strong>eo</strong></span> <span class='ocrx_word' id='word_1_513' title='bbox 2549 1269 2667 1325; x_wconf 90' lang='lat' dir='ltr'><strong>loco</strong></span> <span class='ocrx_word' id='word_1_514' title='bbox 2694 1271 2843 1325; x_wconf 89' lang='lat' dir='ltr'><strong>nullo</strong></span> <span class='ocrx_word' id='word_1_515' title='bbox 2864 1272 2972 1327; x_wconf 90' lang='lat' dir='ltr'><strong>alio</strong></span> <span class='ocrx_word' id='word_1_516' title='bbox 2994 1274 3201 1330; x_wconf 88' lang='lat' dir='ltr'><strong>sciente</strong></span> <span class='ocrx_word' id='word_1_517' title='bbox 3228 1290 3326 1345; x_wconf 88' lang='lat' dir='ltr'><strong>pro</strong></span> <span class='ocrx_word' id='word_1_518' title='bbox 3354 1278 3514 1346; x_wconf 79' lang='lat' dir='ltr'><strong>signo</strong></span> 
     </span>
    </p>
   </div>
   <div class='ocr_carea' id='block_1_72' title="bbox 1924 1358 3514 1436">
    <p class='ocr_par' dir='ltr' id='par_1_72' title="bbox 1924 1358 3514 1436">
     <span class='ocr_line' id='line_1_72' title="bbox 1924 1358 3514 1436; baseline 0.006 -21"><span class='ocrx_word' id='word_1_519' title='bbox 1924 1358 2138 1425; x_wconf 83' lang='lat' dir='ltr'><strong>inl‘odit,</strong></span> <span class='ocrx_word' id='word_1_520' title='bbox 2159 1360 2251 1431; x_wconf 86' lang='lat' dir='ltr'><strong>qui</strong></span> <span class='ocrx_word' id='word_1_521' title='bbox 2272 1361 2473 1419; x_wconf 87' lang='lat' dir='ltr'><strong>ibidem</strong></span> <span class='ocrx_word' id='word_1_522' title='bbox 2486 1376 2607 1420; x_wconf 87' lang='lat' dir='ltr'><strong>cum</strong></span> <span class='ocrx_word' id='word_1_523' title='bbox 2626 1373 2812 1431; x_wconf 88' lang='lat' dir='ltr'><strong>postea</strong></span> <span class='ocrx_word' id='word_1_524' title='bbox 2831 1364 3137 1436; x_wconf 83' lang='lat' dir='ltr'><strong>sepulcrum</strong></span> <span class='ocrx_word' id='word_1_525' title='bbox 3158 1377 3346 1422; x_wconf 77' lang='lat' dir='ltr'><strong>sancto</strong></span> <span class='ocrx_word' id='word_1_526' title='bbox 3360 1366 3514 1424; x_wconf 71' lang='lat' dir='ltr'><strong>fode~</strong></span> 
     </span>
    </p>
   </div>
   <div class='ocr_carea' id='block_1_73' title="bbox 1929 1448 2481 1516">
    <p class='ocr_par' dir='ltr' id='par_1_73' title="bbox 1929 1448 2481 1516">
     <span class='ocr_line' id='line_1_73' title="bbox 1929 1448 2481 1516; baseline 0.007 -12"><span class='ocrx_word' id='word_1_527' title='bbox 1929 1459 2097 1516; x_wconf 88' lang='lat' dir='ltr'><strong>retur,</strong></span> <span class='ocrx_word' id='word_1_528' title='bbox 2126 1448 2353 1506; x_wconf 75' lang='lat' dir='ltr'><strong>effossus</strong></span> <span class='ocrx_word' id='word_1_529' title='bbox 2378 1460 2481 1508; x_wconf 88' lang='lat' dir='ltr'><strong>est.</strong></span> 
     </span>
    </p>
   </div>
   <div class='ocr_carea' id='block_1_74' title="bbox 1992 1544 3515 1623">
    <p class='ocr_par' dir='ltr' id='par_1_74' title="bbox 1992 1544 3515 1623">
     <span class='ocr_line' id='line_1_74' title="bbox 1992 1544 3515 1623; baseline 0.008 -23"><span class='ocrx_word' id='word_1_530' title='bbox 1992 1544 2084 1600; x_wconf 76' lang='grc'><strong>27.</strong></span> <span class='ocrx_word' id='word_1_531' title='bbox 2116 1545 2172 1600; x_wconf 83' lang='lat' dir='ltr'><strong>in</strong></span> <span class='ocrx_word' id='word_1_532' title='bbox 2199 1548 2463 1617; x_wconf 80' lang='lat' dir='ltr'><strong>angustiis</strong></span> <span class='ocrx_word' id='word_1_533' title='bbox 2493 1548 2702 1618; x_wconf 87' lang='lat' dir='ltr'><strong>positus</strong></span> <span class='ocrx_word' id='word_1_534' title='bbox 2738 1550 2819 1603; x_wconf 89' lang='lat' dir='ltr'><strong>vel</strong></span> <span class='ocrx_word' id='word_1_535' title='bbox 2844 1551 3106 1606; x_wconf 80' lang='lat' dir='ltr'><strong>sollicitus</strong></span> <span class='ocrx_word' id='word_1_536' title='bbox 3137 1555 3189 1608; x_wconf 85' lang='lat' dir='ltr'><strong>in</strong></span> <span class='ocrx_word' id='word_1_537' title='bbox 3217 1554 3515 1623; x_wconf 70' lang='lat' dir='ltr'><strong>majoribus</strong></span> 
     </span>
    </p>
   </div>
   <div class='ocr_carea' id='block_1_75' title="bbox 1925 1635 3521 1703">
    <p class='ocr_par' dir='ltr' id='par_1_75' title="bbox 1925 1635 3521 1703">
     <span class='ocr_line' id='line_1_75' title="bbox 1925 1635 3521 1703; baseline 0.008 -13"><span class='ocrx_word' id='word_1_538' title='bbox 1925 1635 2086 1692; x_wconf 88' lang='lat' dir='ltr'><strong>rebus</strong></span> <span class='ocrx_word' id='word_1_539' title='bbox 2119 1638 2414 1693; x_wconf 88' lang='lat' dir='ltr'><strong>tractandis</strong></span> <span class='ocrx_word' id='word_1_540' title='bbox 2448 1640 2552 1693; x_wconf 86' lang='lat' dir='ltr'><strong>hoc</strong></span> <span class='ocrx_word' id='word_1_541' title='bbox 2586 1639 2770 1694; x_wconf 87' lang='lat' dir='ltr'><strong>statim</strong></span> <span class='ocrx_word' id='word_1_542' title='bbox 2796 1642 3079 1697; x_wconf 79' lang='lat' dir='ltr'><strong>exordium</strong></span> <span class='ocrx_word' id='word_1_543' title='bbox 3109 1660 3323 1700; x_wconf 89' lang='lat' dir='ltr'><strong>sumere</strong></span> <span class='ocrx_word' id='word_1_544' title='bbox 3345 1647 3521 1703; x_wconf 84' lang='lat' dir='ltr'><strong>moris</strong></span> 
     </span>
    </p>
   </div>
   <div class='ocr_carea' id='block_1_76' title="bbox 1925 1726 3517 1810">
    <p class='ocr_par' dir='ltr' id='par_1_76' title="bbox 1925 1726 3517 1810">
     <span class='ocr_line' id='line_1_76' title="bbox 1925 1726 3517 1810; baseline 0.009 -29"><span class='ocrx_word' id='word_1_545' title='bbox 1925 1726 2117 1783; x_wconf 88' lang='lat' dir='ltr'><strong>habuit</strong></span> <span class='ocrx_word' id='word_1_546' title='bbox 2141 1770 2156 1793; x_wconf 93' lang='lat'><strong>,</strong></span> <span class='ocrx_word' id='word_1_547' title='bbox 2196 1728 2449 1784; x_wconf 82' lang='lat' dir='ltr'><strong>sacerdos</strong></span> <span class='ocrx_word' id='word_1_548' title='bbox 2470 1731 2664 1785; x_wconf 89' lang='lat' dir='ltr'><strong>missas</strong></span> <span class='ocrx_word' id='word_1_549' title='bbox 2690 1731 2965 1787; x_wconf 81' lang='lat' dir='ltr'><strong>celebrare</strong></span> <span class='ocrx_word' id='word_1_550' title='bbox 2990 1737 3218 1803; x_wconf 79' lang='lat' dir='ltr'><strong>monuit,</strong></span> <span class='ocrx_word' id='word_1_551' title='bbox 3249 1738 3517 1810; x_wconf 85' lang='lat' dir='ltr'><strong>religiosis</strong></span> 
     </span>
    </p>
   </div>
   <div class='ocr_carea' id='block_1_77' title="bbox 1924 1820 3516 1901">
    <p class='ocr_par' dir='ltr' id='par_1_77' title="bbox 1924 1820 3516 1901">
     <span class='ocr_line' id='line_1_77' title="bbox 1924 1820 3516 1901; baseline 0.008 -27"><span class='ocrx_word' id='word_1_552' title='bbox 1924 1821 2058 1876; x_wconf 88' lang='lat' dir='ltr'><strong>viris</strong></span> <span class='ocrx_word' id='word_1_553' title='bbox 2086 1821 2169 1876; x_wconf 89' lang='lat' dir='ltr'><strong>vel</strong></span> <span class='ocrx_word' id='word_1_554' title='bbox 2212 1820 2430 1876; x_wconf 81' lang='lat' dir='ltr'><strong>feminis</strong></span> <span class='ocrx_word' id='word_1_555' title='bbox 2449 1821 2655 1891; x_wconf 85' lang='lat' dir='ltr'><strong>jejunia</strong></span> <span class='ocrx_word' id='word_1_556' title='bbox 2700 1825 2992 1890; x_wconf 84' lang='lat' dir='ltr'><strong>mandavit,</strong></span> <span class='ocrx_word' id='word_1_557' title='bbox 3033 1827 3283 1883; x_wconf 86' lang='lat' dir='ltr'><strong>invitavit</strong></span> <span class='ocrx_word' id='word_1_558' title='bbox 3312 1845 3516 1901; x_wconf 85' lang='lat' dir='ltr'><strong>paupe—</strong></span> 
     </span>
    </p>
   </div>
   <div class='ocr_carea' id='block_1_78' title="bbox 1920 1913 3519 1989">
    <p class='ocr_par' dir='ltr' id='par_1_78' title="bbox 1920 1913 3519 1989">
     <span class='ocr_line' id='line_1_78' title="bbox 1920 1913 3519 1989; baseline 0.008 -24"><span class='ocrx_word' id='word_1_559' title='bbox 1920 1927 2010 1967; x_wconf 92' lang='lat' dir='ltr'><strong>res</strong></span> <span class='ocrx_word' id='word_1_560' title='bbox 2054 1922 2108 1967; x_wconf 90' lang='lat' dir='ltr'><strong>et</strong></span> <span class='ocrx_word' id='word_1_561' title='bbox 2139 1927 2359 1983; x_wconf 83' lang='lat' dir='ltr'><strong>egenos,</strong></span> <span class='ocrx_word' id='word_1_562' title='bbox 2392 1920 2448 1967; x_wconf 91' lang='lat' dir='ltr'><strong>et</strong></span> <span class='ocrx_word' id='word_1_563' title='bbox 2477 1913 2555 1968; x_wconf 90' lang='lat' dir='ltr'><strong>sic</strong></span> <span class='ocrx_word' id='word_1_564' title='bbox 2601 1913 2654 1967; x_wconf 87' lang='lat' dir='ltr'><strong>in</strong></span> <span class='ocrx_word' id='word_1_565' title='bbox 2687 1915 2940 1970; x_wconf 90' lang='lat' dir='ltr'><strong>omnibus</strong></span> <span class='ocrx_word' id='word_1_566' title='bbox 2973 1919 3249 1988; x_wconf 79' lang='lat' dir='ltr'><strong>gressibus</strong></span> <span class='ocrx_word' id='word_1_567' title='bbox 3293 1919 3408 1989; x_wconf 84' lang='lat' dir='ltr'><strong>ejus</strong></span> <span class='ocrx_word' id='word_1_568' title='bbox 3454 1936 3519 1977; x_wconf 88' lang='lat' dir='ltr'><strong>se</strong></span> 
     </span>
    </p>
   </div>
   <div class='ocr_carea' id='block_1_79' title="bbox 1922 2003 3517 2081">
    <p class='ocr_par' dir='ltr' id='par_1_79' title="bbox 1922 2003 3517 2081">
     <span class='ocr_line' id='line_1_79' title="bbox 1922 2003 3517 2081; baseline 0.009 -23"><span class='ocrx_word' id='word_1_569' title='bbox 1922 2003 2587 2061; x_wconf 71' lang='lat' dir='ltr'><strong>Domino&#39;commenvlavit.</strong></span> <span class='ocrx_word' id='word_1_570' title='bbox 2613 2008 2838 2062; x_wconf 89' lang='lat' dir='ltr'><strong>Omnem</strong></span> <span class='ocrx_word' id='word_1_571' title='bbox 2871 2025 3117 2077; x_wconf 87' lang='lat' dir='ltr'><strong>censum,</strong></span> <span class='ocrx_word' id='word_1_572' title='bbox 3148 2015 3238 2081; x_wconf 90' lang='lat' dir='ltr'><strong>qui</strong></span> <span class='ocrx_word' id='word_1_573' title='bbox 3270 2015 3324 2069; x_wconf 91' lang='lat' dir='ltr'><strong>in</strong></span> <span class='ocrx_word' id='word_1_574' title='bbox 3350 2017 3517 2073; x_wconf 69' lang='lat' dir='ltr'><strong>imre-</strong></span> 
     </span>
    </p>
   </div>
   <div class='ocr_carea' id='block_1_80' title="bbox 1924 2097 3516 2173">
    <p class='ocr_par' dir='ltr' id='par_1_80' title="bbox 1924 2097 3516 2173">
     <span class='ocr_line' id='line_1_80' title="bbox 1924 2097 3516 2173; baseline 0.009 -24"><span class='ocrx_word' id='word_1_575' title='bbox 1924 2097 2093 2151; x_wconf 88' lang='lat' dir='ltr'><strong>ditate</strong></span> <span class='ocrx_word' id='word_1_576' title='bbox 2124 2098 2342 2167; x_wconf 85' lang='lat' dir='ltr'><strong>prepria</strong></span> <span class='ocrx_word' id='word_1_577' title='bbox 2364 2099 2447 2151; x_wconf 90' lang='lat' dir='ltr'><strong>vel</strong></span> <span class='ocrx_word' id='word_1_578' title='bbox 2484 2100 2537 2153; x_wconf 91' lang='lat' dir='ltr'><strong>in</strong></span> <span class='ocrx_word' id='word_1_579' title='bbox 2561 2100 2835 2169; x_wconf 89' lang='lat' dir='ltr'><strong>episcopio</strong></span> <span class='ocrx_word' id='word_1_580' title='bbox 2858 2102 3229 2173; x_wconf 83' lang='lat' dir='ltr'><strong>colligebatur,</strong></span> <span class='ocrx_word' id='word_1_581' title='bbox 3255 2123 3379 2161; x_wconf 79' lang='lat' dir='ltr'><strong>mox</strong></span> <span class='ocrx_word' id='word_1_582' title='bbox 3408 2109 3516 2164; x_wconf 85' lang='lat' dir='ltr'><strong>dis-</strong></span> 
     </span>
    </p>
   </div>
   <div class='ocr_carea' id='block_1_81' title="bbox 1921 2186 3510 2263">
    <p class='ocr_par' dir='ltr' id='par_1_81' title="bbox 1921 2186 3510 2263">
     <span class='ocr_line' id='line_1_81' title="bbox 1921 2186 3510 2263; baseline 0.01 -24"><span class='ocrx_word' id='word_1_583' title='bbox 1921 2186 2163 2241; x_wconf 88' lang='lat' dir='ltr'><strong>tribuere</strong></span> <span class='ocrx_word' id='word_1_584' title='bbox 2186 2188 2414 2253; x_wconf 90' lang='lat' dir='ltr'><strong>studuit,</strong></span> <span class='ocrx_word' id='word_1_585' title='bbox 2442 2188 2573 2243; x_wconf 76' lang='lat' dir='ltr'><strong>ﬂlllll</strong></span> <span class='ocrx_word' id='word_1_586' title='bbox 2596 2191 2740 2247; x_wconf 88' lang='lat' dir='ltr'><strong>omni</strong></span> <span class='ocrx_word' id='word_1_587' title='bbox 2750 2208 2817 2247; x_wconf 89' lang='lat' dir='ltr'><strong>uo</strong></span> <span class='ocrx_word' id='word_1_588' title='bbox 2838 2205 3039 2263; x_wconf 61' lang='lat' dir='ltr'><strong>praeter</strong></span> <span class='ocrx_word' id='word_1_589' title='bbox 3059 2197 3232 2251; x_wconf 92' lang='lat' dir='ltr'><strong>solum</strong></span> <span class='ocrx_word' id='word_1_590' title='bbox 3258 2213 3510 2255; x_wconf 76' lang='lat' dir='ltr'><strong>necessa-</strong></span> 
     </span>
    </p>
   </div>
   <div class='ocr_carea' id='block_1_82' title="bbox 1921 2278 3504 2364">
    <p class='ocr_par' dir='ltr' id='par_1_82' title="bbox 1921 2278 3504 2364">
     <span class='ocr_line' id='line_1_82' title="bbox 1921 2278 3504 2364; baseline 0.009 -32"><span class='ocrx_word' id='word_1_591' title='bbox 1921 2278 2062 2333; x_wconf 89' lang='lat' dir='ltr'><strong>rium</strong></span> <span class='ocrx_word' id='word_1_592' title='bbox 2089 2295 2243 2333; x_wconf 89' lang='lat' dir='ltr'><strong>usum</strong></span> <span class='ocrx_word' id='word_1_593' title='bbox 2274 2295 2437 2350; x_wconf 86' lang='lat' dir='ltr'><strong>super</strong></span> <span class='ocrx_word' id='word_1_594' title='bbox 2463 2283 2867 2351; x_wconf 79' lang='lat' dir='ltr'><strong>angustioribus</strong></span> <span class='ocrx_word' id='word_1_595' title='bbox 2920 2285 3047 2358; x_wconf 86' lang='lat' dir='ltr'><strong>[F.,</strong></span> <span class='ocrx_word' id='word_1_596' title='bbox 3078 2290 3504 2364; x_wconf 63' lang='lat' dir='ltr'><strong>augustioribus)</strong></span> 
     </span>
    </p>
   </div>
   <div class='ocr_carea' id='block_1_83' title="bbox 1919 2373 3512 2457">
    <p class='ocr_par' dir='ltr' id='par_1_83' title="bbox 1919 2373 3512 2457">
     <span class='ocr_line' id='line_1_83' title="bbox 1919 2373 3512 2457; baseline 0.006 -28"><span class='ocrx_word' id='word_1_597' title='bbox 1919 2373 2164 2429; x_wconf 70' lang='lat' dir='ltr'><strong>mdiﬂciis</strong></span> <span class='ocrx_word' id='word_1_598' title='bbox 2176 2375 2258 2428; x_wconf 88' lang='lat' dir='ltr'><strong>vel</strong></span> <span class='ocrx_word' id='word_1_599' title='bbox 2279 2375 2581 2430; x_wconf 86' lang='lat' dir='ltr'><strong>ambitiosis</strong></span> <span class='ocrx_word' id='word_1_600' title='bbox 2593 2377 2909 2457; x_wconf 76' lang='lat' dir='ltr'><strong>ministeriis</strong></span> <span class='ocrx_word' id='word_1_601' title='bbox 2931 2396 3149 2436; x_wconf 89' lang='lat' dir='ltr'><strong>curans.</strong></span> <span class='ocrx_word' id='word_1_602' title='bbox 3171 2383 3512 2454; x_wconf 77' lang='lat' dir='ltr'><strong>Quapropter</strong></span> 
     </span>
    </p>
   </div>
   <div class='ocr_carea' id='block_1_84' title="bbox 1921 2465 3512 2543">
    <p class='ocr_par' dir='ltr' id='par_1_84' title="bbox 1921 2465 3512 2543">
     <span class='ocr_line' id='line_1_84' title="bbox 1921 2465 3512 2543; baseline 0.008 -25"><span class='ocrx_word' id='word_1_603' title='bbox 1921 2479 2043 2519; x_wconf 90' lang='lat' dir='ltr'><strong>cum</strong></span> <span class='ocrx_word' id='word_1_604' title='bbox 2073 2480 2105 2519; x_wconf 90' lang='lat' dir='ltr'><strong>a</strong></span> <span class='ocrx_word' id='word_1_605' title='bbox 2133 2465 2455 2535; x_wconf 88' lang='lat' dir='ltr'><strong>quibusdam</strong></span> <span class='ocrx_word' id='word_1_606' title='bbox 2487 2467 2630 2536; x_wconf 80' lang='lat' dir='ltr'><strong>regis</strong></span> <span class='ocrx_word' id='word_1_607' title='bbox 2670 2468 3007 2538; x_wconf 85' lang='lat' dir='ltr'><strong>principibus</strong></span> <span class='ocrx_word' id='word_1_608' title='bbox 3056 2474 3210 2542; x_wconf 89' lang='lat' dir='ltr'><strong>quasi</strong></span> <span class='ocrx_word' id='word_1_609' title='bbox 3250 2475 3512 2543; x_wconf 87' lang='lat' dir='ltr'><strong>stirpator</strong></span> 
     </span>
    </p>
   </div>
   <div class='ocr_carea' id='block_1_85' title="bbox 1921 2555 3516 2629">
    <p class='ocr_par' dir='ltr' id='par_1_85' title="bbox 1921 2555 3516 2629">
     <span class='ocr_line' id='line_1_85' title="bbox 1921 2555 3516 2629; baseline 0.008 -20"><span class='ocrx_word' id='word_1_610' title='bbox 1921 2555 2179 2626; x_wconf 81' lang='lat' dir='ltr'><strong>episcopii</strong></span> <span class='ocrx_word' id='word_1_611' title='bbox 2208 2555 2615 2622; x_wconf 87' lang='lat' dir='ltr'><strong>criminaretur,</strong></span> <span class='ocrx_word' id='word_1_612' title='bbox 2639 2568 2695 2615; x_wconf 87' lang='lat' dir='ltr'><strong>et</strong></span> <span class='ocrx_word' id='word_1_613' title='bbox 2720 2561 2812 2629; x_wconf 91' lang='lat' dir='ltr'><strong>qui</strong></span> <span class='ocrx_word' id='word_1_614' title='bbox 2841 2561 3013 2616; x_wconf 88' lang='lat' dir='ltr'><strong>nullas</strong></span> <span class='ocrx_word' id='word_1_615' title='bbox 3038 2563 3391 2619; x_wconf 70' lang='lat' dir='ltr'><strong>azditiciorum</strong></span> <span class='ocrx_word' id='word_1_616' title='bbox 3418 2569 3516 2622; x_wconf 84' lang='lat' dir='ltr'><strong>ho-</strong></span> 
     </span>
    </p>
   </div>
   <div class='ocr_carea' id='block_1_86' title="bbox 1921 2648 3519 2722">
    <p class='ocr_par' dir='ltr' id='par_1_86' title="bbox 1921 2648 3519 2722">
     <span class='ocr_line' id='line_1_86' title="bbox 1921 2648 3519 2722; baseline 0.006 -19"><span class='ocrx_word' id='word_1_617' title='bbox 1921 2655 2161 2703; x_wconf 85' lang='lat' dir='ltr'><strong>nestates</strong></span> <span class='ocrx_word' id='word_1_618' title='bbox 2190 2663 2293 2703; x_wconf 90' lang='lat' dir='ltr'><strong>nec</strong></span> <span class='ocrx_word' id='word_1_619' title='bbox 2317 2648 2449 2718; x_wconf 90' lang='lat' dir='ltr'><strong>ipsis</strong></span> <span class='ocrx_word' id='word_1_620' title='bbox 2475 2650 2721 2704; x_wconf 89' lang='lat' dir='ltr'><strong>ecclesiis</strong></span> <span class='ocrx_word' id='word_1_621' title='bbox 2753 2667 3022 2722; x_wconf 80' lang='lat' dir='ltr'><strong>congruos</strong></span> <span class='ocrx_word' id='word_1_622' title='bbox 3049 2655 3390 2709; x_wconf 87' lang='lat' dir='ltr'><strong>metallorum</strong></span> <span class='ocrx_word' id='word_1_623' title='bbox 3424 2673 3519 2712; x_wconf 88' lang='lat' dir='ltr'><strong>or-</strong></span> 
     </span>
    </p>
   </div>
   <div class='ocr_carea' id='block_1_87' title="bbox 1922 2737 3523 2815">
    <p class='ocr_par' dir='ltr' id='par_1_87' title="bbox 1922 2737 3523 2815">
     <span class='ocr_line' id='line_1_87' title="bbox 1922 2737 3523 2815; baseline 0.006 -24"><span class='ocrx_word' id='word_1_624' title='bbox 1922 2747 2084 2793; x_wconf 88' lang='lat' dir='ltr'><strong>natus</strong></span> <span class='ocrx_word' id='word_1_625' title='bbox 2111 2737 2411 2808; x_wconf 56' lang='lat' dir='ltr'><strong>praevidere</strong></span> <span class='ocrx_word' id='word_1_626' title='bbox 2440 2738 2648 2804; x_wconf 88' lang='lat' dir='ltr'><strong>scierit,</strong></span> <span class='ocrx_word' id='word_1_627' title='bbox 2679 2740 3101 2812; x_wconf 75' lang='lat' dir='ltr'><strong>gloriosissimus</strong></span> <span class='ocrx_word' id='word_1_628' title='bbox 3130 2744 3427 2815; x_wconf 88' lang='lat' dir='ltr'><strong>imperator</strong></span> <span class='ocrx_word' id='word_1_629' title='bbox 3452 2747 3523 2802; x_wconf 85' lang='lat' dir='ltr'><strong>ad</strong></span> 
     </span>
    </p>
   </div>
   <div class='ocr_carea' id='block_1_88' title="bbox 1923 2818 3520 2898">
    <p class='ocr_par' dir='ltr' id='par_1_88' title="bbox 1923 2818 3520 2898">
     <span class='ocr_line' id='line_1_88' title="bbox 1923 2818 3520 2898; baseline 0.004 -14"><span class='ocrx_word' id='word_1_630' title='bbox 1923 2828 2040 2898; x_wconf 86' lang='lat' dir='ltr'><strong>ejus</strong></span> <span class='ocrx_word' id='word_1_631' title='bbox 2070 2830 2398 2885; x_wconf 88' lang='lat' dir='ltr'><strong>audientiam</strong></span> <span class='ocrx_word' id='word_1_632' title='bbox 2423 2831 2860 2887; x_wconf 88' lang='lat' dir='ltr'><strong>invitavit.Unde</strong></span> <span class='ocrx_word' id='word_1_633' title='bbox 2882 2831 3009 2887; x_wconf 87' lang='lat' dir='ltr'><strong>dum</strong></span> <span class='ocrx_word' id='word_1_634' title='bbox 3038 2818 3261 2889; x_wconf 85' lang='lat' dir='ltr'><strong>veniens</strong></span> <span class='ocrx_word' id='word_1_635' title='bbox 3284 2835 3520 2890; x_wconf 87' lang='lat' dir='ltr'><strong>mansio-</strong></span> 
     </span>
    </p>
   </div>
   <div class='ocr_carea' id='block_1_89' title="bbox 1923 2920 3520 2995">
    <p class='ocr_par' dir='ltr' id='par_1_89' title="bbox 1923 2920 3520 2995">
     <span class='ocr_line' id='line_1_89' title="bbox 1923 2920 3520 2995; baseline 0.003 -19"><span class='ocrx_word' id='word_1_636' title='bbox 1923 2937 2048 2976; x_wconf 89' lang='lat' dir='ltr'><strong>nem</strong></span> <span class='ocrx_word' id='word_1_637' title='bbox 2083 2920 2224 2992; x_wconf 88' lang='lat' dir='ltr'><strong>apud</strong></span> <span class='ocrx_word' id='word_1_638' title='bbox 2249 2922 2510 2991; x_wconf 90' lang='lat' dir='ltr'><strong>palatium</strong></span> <span class='ocrx_word' id='word_1_639' title='bbox 2541 2922 2862 2991; x_wconf 87' lang='lat' dir='ltr'><strong>accepisset,</strong></span> <span class='ocrx_word' id='word_1_640' title='bbox 2893 2938 3052 2978; x_wconf 86' lang='lat' dir='ltr'><strong>mane</strong></span> <span class='ocrx_word' id='word_1_641' title='bbox 3082 2926 3258 2995; x_wconf 87' lang='lat' dir='ltr'><strong>primo</strong></span> <span class='ocrx_word' id='word_1_642' title='bbox 3283 2926 3351 2980; x_wconf 87' lang='lat' dir='ltr'><strong>ad</strong></span> <span class='ocrx_word' id='word_1_643' title='bbox 3390 2941 3520 2981; x_wconf 90' lang='lat' dir='ltr'><strong>eum</strong></span> 
     </span>
    </p>
   </div>
   <div class='ocr_carea' id='block_1_90' title="bbox 1925 3011 3523 3083">
    <p class='ocr_par' dir='ltr' id='par_1_90' title="bbox 1925 3011 3523 3083">
     <span class='ocr_line' id='line_1_90' title="bbox 1925 3011 3523 3083; baseline 0.006 -19"><span class='ocrx_word' id='word_1_644' title='bbox 1925 3011 2220 3079; x_wconf 88' lang='lat' dir='ltr'><strong>imperator</strong></span> <span class='ocrx_word' id='word_1_645' title='bbox 2248 3011 2582 3066; x_wconf 88' lang='lat' dir='ltr'><strong>cubiculario</strong></span> <span class='ocrx_word' id='word_1_646' title='bbox 2622 3012 2809 3078; x_wconf 90' lang='lat' dir='ltr'><strong>misso,</strong></span> <span class='ocrx_word' id='word_1_647' title='bbox 2864 3013 2933 3068; x_wconf 91' lang='lat' dir='ltr'><strong>ad</strong></span> <span class='ocrx_word' id='word_1_648' title='bbox 2962 3029 3116 3067; x_wconf 89' lang='lat' dir='ltr'><strong>suum</strong></span> <span class='ocrx_word' id='word_1_649' title='bbox 3139 3013 3304 3083; x_wconf 90' lang='lat' dir='ltr'><strong>jussit</strong></span> <span class='ocrx_word' id='word_1_650' title='bbox 3331 3018 3523 3074; x_wconf 86' lang='lat' dir='ltr'><strong>venire</strong></span> 
     </span>
    </p>
   </div>
   <div class='ocr_carea' id='block_1_91' title="bbox 1926 3098 3511 3169">
    <p class='ocr_par' dir='ltr' id='par_1_91' title="bbox 1926 3098 3511 3169">
     <span class='ocr_line' id='line_1_91' title="bbox 1926 3098 3511 3169; baseline 0.005 -15"><span class='ocrx_word' id='word_1_651' title='bbox 1926 3099 2272 3169; x_wconf 88' lang='lat' dir='ltr'><strong>colloquium.</strong></span> <span class='ocrx_word' id='word_1_652' title='bbox 2299 3098 2464 3153; x_wconf 87' lang='lat' dir='ltr'><strong>Forte</strong></span> <span class='ocrx_word' id='word_1_653' title='bbox 2484 3108 2612 3154; x_wconf 90' lang='lat' dir='ltr'><strong>tunc</strong></span> <span class='ocrx_word' id='word_1_654' title='bbox 2644 3100 2892 3166; x_wconf 90' lang='lat' dir='ltr'><strong>antistes,</strong></span> <span class='ocrx_word' id='word_1_655' title='bbox 2932 3102 3059 3156; x_wconf 91' lang='lat' dir='ltr'><strong>dum</strong></span> <span class='ocrx_word' id='word_1_656' title='bbox 3090 3106 3511 3162; x_wconf 82' lang='lat' dir='ltr'><strong>consuetudina-</strong></span> 
     </span>
    </p>
   </div>
   <div class='ocr_carea' id='block_1_92' title="bbox 1928 3188 3518 3260">
    <p class='ocr_par' dir='ltr' id='par_1_92' title="bbox 1928 3188 3518 3260">
     <span class='ocr_line' id='line_1_92' title="bbox 1928 3188 3518 3260; baseline 0.006 -18"><span class='ocrx_word' id='word_1_657' title='bbox 1928 3188 2024 3243; x_wconf 81' lang='lat' dir='ltr'><strong>riis</strong></span> <span class='ocrx_word' id='word_1_658' title='bbox 2048 3204 2115 3243; x_wconf 82' lang='lat' dir='ltr'><strong>ex</strong></span> <span class='ocrx_word' id='word_1_659' title='bbox 2153 3204 2303 3245; x_wconf 89' lang='lat' dir='ltr'><strong>more</strong></span> <span class='ocrx_word' id='word_1_660' title='bbox 2329 3190 2550 3258; x_wconf 90' lang='lat' dir='ltr'><strong>psalmis</strong></span> <span class='ocrx_word' id='word_1_661' title='bbox 2596 3197 2648 3244; x_wconf 91' lang='lat' dir='ltr'><strong>et</strong></span> <span class='ocrx_word' id='word_1_662' title='bbox 2683 3190 3021 3247; x_wconf 88' lang='lat' dir='ltr'><strong>orationibus</strong></span> <span class='ocrx_word' id='word_1_663' title='bbox 3054 3193 3325 3260; x_wconf 88' lang='lat' dir='ltr'><strong>instaret,</strong></span> <span class='ocrx_word' id='word_1_664' title='bbox 3378 3196 3518 3252; x_wconf 87' lang='lat' dir='ltr'><strong>dixit</strong></span> 
     </span>
    </p>
   </div>
   <div class='ocr_carea' id='block_1_93' title="bbox 1924 3280 3523 3352">
    <p class='ocr_par' dir='ltr' id='par_1_93' title="bbox 1924 3280 3523 3352">
     <span class='ocr_line' id='line_1_93' title="bbox 1924 3280 3523 3352; baseline 0.003 -17"><span class='ocrx_word' id='word_1_665' title='bbox 1924 3280 2278 3342; x_wconf 88' lang='lat' dir='ltr'><strong>cubiculario,</strong></span> <span class='ocrx_word' id='word_1_666' title='bbox 2312 3289 2371 3334; x_wconf 90' lang='lat' dir='ltr'><strong>ut</strong></span> <span class='ocrx_word' id='word_1_667' title='bbox 2415 3281 2769 3350; x_wconf 72' lang='lat' dir='ltr'><strong>prtecederet,</strong></span> <span class='ocrx_word' id='word_1_668' title='bbox 2823 3296 2881 3335; x_wconf 91' lang='lat' dir='ltr'><strong>se</strong></span> <span class='ocrx_word' id='word_1_669' title='bbox 2910 3296 3035 3334; x_wconf 82' lang='lat' dir='ltr'><strong>mox</strong></span> <span class='ocrx_word' id='word_1_670' title='bbox 3080 3283 3266 3338; x_wconf 85' lang='lat' dir='ltr'><strong>divino</strong></span> <span class='ocrx_word' id='word_1_671' title='bbox 3296 3292 3523 3352; x_wconf 84' lang='lat' dir='ltr'><strong>peracto</strong></span> 
     </span>
    </p>
   </div>
   <div class='ocr_carea' id='block_1_94' title="bbox 1923 3368 3519 3428">
    <p class='ocr_par' dir='ltr' id='par_1_94' title="bbox 1923 3368 3519 3428">
     <span class='ocr_line' id='line_1_94' title="bbox 1923 3368 3519 3428; baseline 0.001 -1"><span class='ocrx_word' id='word_1_672' title='bbox 1923 3369 2100 3427; x_wconf 77' lang='lat' dir='ltr'><strong>cilicio</strong></span> <span class='ocrx_word' id='word_1_673' title='bbox 2123 3377 2458 3424; x_wconf 87' lang='lat' dir='ltr'><strong>secuturum.</strong></span> <span class='ocrx_word' id='word_1_674' title='bbox 2489 3369 2626 3422; x_wconf 88' lang='lat' dir='ltr'><strong>Dum</strong></span> <span class='ocrx_word' id='word_1_675' title='bbox 2658 3368 2899 3423; x_wconf 88' lang='lat' dir='ltr'><strong>secundo</strong></span> <span class='ocrx_word' id='word_1_676' title='bbox 2921 3378 2978 3424; x_wconf 91' lang='lat' dir='ltr'><strong>et</strong></span> <span class='ocrx_word' id='word_1_677' title='bbox 3007 3370 3171 3424; x_wconf 87' lang='lat' dir='ltr'><strong>tertio</strong></span> <span class='ocrx_word' id='word_1_678' title='bbox 3196 3374 3400 3426; x_wconf 86' lang='lat' dir='ltr'><strong>nuntiis</strong></span> <span class='ocrx_word' id='word_1_679' title='bbox 3427 3388 3519 3428; x_wconf 89' lang='lat' dir='ltr'><strong>ve-</strong></span> 
     </span>
    </p>
   </div>
   <div class='ocr_carea' id='block_1_95' title="bbox 1924 3459 3520 3532">
    <p class='ocr_par' dir='ltr' id='par_1_95' title="bbox 1924 3459 3520 3532">
     <span class='ocr_line' id='line_1_95' title="bbox 1924 3459 3520 3532; baseline 0.002 -15"><span class='ocrx_word' id='word_1_680' title='bbox 1924 3462 2201 3517; x_wconf 88' lang='lat' dir='ltr'><strong>nientibus</strong></span> <span class='ocrx_word' id='word_1_681' title='bbox 2231 3461 2318 3514; x_wconf 90' lang='lat' dir='ltr'><strong>ille</strong></span> <span class='ocrx_word' id='word_1_682' title='bbox 2350 3459 2418 3513; x_wconf 88' lang='lat' dir='ltr'><strong>ab</strong></span> <span class='ocrx_word' id='word_1_683' title='bbox 2444 3460 2680 3529; x_wconf 74' lang='lat' dir='ltr'><strong>incmpto</strong></span> <span class='ocrx_word' id='word_1_684' title='bbox 2701 3476 2823 3514; x_wconf 75' lang='lat' dir='ltr'><strong>non</strong></span> <span class='ocrx_word' id='word_1_685' title='bbox 2847 3471 3164 3516; x_wconf 86' lang='lat' dir='ltr'><strong>moveretur</strong></span> <span class='ocrx_word' id='word_1_686' title='bbox 3210 3478 3392 3532; x_wconf 86' lang='lat' dir='ltr'><strong>opere,</strong></span> <span class='ocrx_word' id='word_1_687' title='bbox 3425 3479 3520 3520; x_wconf 85' lang='lat' dir='ltr'><strong>oc-</strong></span> 
     </span>
    </p>
   </div>
   <div class='ocr_carea' id='block_1_96' title="bbox 1926 3551 3516 3622">
    <p class='ocr_par' dir='ltr' id='par_1_96' title="bbox 1926 3551 3516 3622">
     <span class='ocr_line' id='line_1_96' title="bbox 1926 3551 3516 3622; baseline 0.003 -13"><span class='ocrx_word' id='word_1_688' title='bbox 1926 3555 2200 3609; x_wconf 88' lang='lat' dir='ltr'><strong>casionem</strong></span> <span class='ocrx_word' id='word_1_689' title='bbox 2232 3570 2290 3609; x_wconf 88' lang='lat' dir='ltr'><strong>se</strong></span> <span class='ocrx_word' id='word_1_690' title='bbox 2315 3561 2659 3610; x_wconf 85' lang='lat' dir='ltr'><strong>accusatores</strong></span> <span class='ocrx_word' id='word_1_691' title='bbox 2687 3551 2803 3622; x_wconf 87' lang='lat' dir='ltr'><strong>ejus</strong></span> <span class='ocrx_word' id='word_1_692' title='bbox 2829 3554 3100 3610; x_wconf 82' lang='lat' dir='ltr'><strong>invenisse</strong></span> <span class='ocrx_word' id='word_1_693' title='bbox 3125 3555 3285 3610; x_wconf 81' lang='lat' dir='ltr'><strong>laetati</strong></span> <span class='ocrx_word' id='word_1_694' title='bbox 3317 3574 3381 3611; x_wconf 84' lang='lat' dir='ltr'><strong>ex</strong></span> <span class='ocrx_word' id='word_1_695' title='bbox 3411 3558 3516 3613; x_wconf 86' lang='lat' dir='ltr'><strong>hoc</strong></span> 
     </span>
    </p>
   </div>
   <div class='ocr_carea' id='block_1_97' title="bbox 1925 3644 3513 3716">
    <p class='ocr_par' dir='ltr' id='par_1_97' title="bbox 1925 3644 3513 3716">
     <span class='ocr_line' id='line_1_97' title="bbox 1925 3644 3513 3716; baseline 0.003 -15"><span class='ocrx_word' id='word_1_696' title='bbox 1925 3646 2095 3716; x_wconf 88' lang='lat' dir='ltr'><strong>ipsius</strong></span> <span class='ocrx_word' id='word_1_697' title='bbox 2117 3644 2260 3701; x_wconf 84' lang='lat' dir='ltr'><strong>laeto</strong></span> <span class='ocrx_word' id='word_1_698' title='bbox 2285 3645 2719 3700; x_wconf 87' lang='lat' dir='ltr'><strong>criminationem</strong></span> <span class='ocrx_word' id='word_1_699' title='bbox 2756 3644 3125 3701; x_wconf 89' lang='lat' dir='ltr'><strong>cumulabant.</strong></span> <span class='ocrx_word' id='word_1_700' title='bbox 3156 3648 3357 3704; x_wconf 76' lang='lat' dir='ltr'><strong>Verum</strong></span> <span class='ocrx_word' id='word_1_701' title='bbox 3383 3650 3513 3705; x_wconf 86' lang='lat' dir='ltr'><strong>dum</strong></span> 
     </span>
    </p>
   </div>
   <div class='ocr_carea' id='block_1_98' title="bbox 1926 3734 3514 3807">
    <p class='ocr_par' dir='ltr' id='par_1_98' title="bbox 1926 3734 3514 3807">
     <span class='ocr_line' id='line_1_98' title="bbox 1926 3734 3514 3807; baseline 0.001 -16"><span class='ocrx_word' id='word_1_702' title='bbox 1926 3736 2209 3807; x_wconf 88' lang='lat' dir='ltr'><strong>completis</strong></span> <span class='ocrx_word' id='word_1_703' title='bbox 2263 3734 2577 3806; x_wconf 86' lang='lat' dir='ltr'><strong>psalmodiis</strong></span> <span class='ocrx_word' id='word_1_704' title='bbox 2640 3743 2766 3790; x_wconf 90' lang='lat' dir='ltr'><strong>ante</strong></span> <span class='ocrx_word' id='word_1_705' title='bbox 2814 3736 3195 3806; x_wconf 84' lang='lat' dir='ltr'><strong>imperatorem</strong></span> <span class='ocrx_word' id='word_1_706' title='bbox 3252 3741 3514 3805; x_wconf 85' lang='lat' dir='ltr'><strong>venisset,</strong></span> 
     </span>
    </p>
   </div>
   <div class='ocr_carea' id='block_1_99' title="bbox 1926 3824 3519 3898">
    <p class='ocr_par' dir='ltr' id='par_1_99' title="bbox 1926 3824 3519 3898">
     <span class='ocr_line' id='line_1_99' title="bbox 1926 3824 3519 3898; baseline 0.002 -14"><span class='ocrx_word' id='word_1_707' title='bbox 1926 3828 2062 3884; x_wconf 85' lang='lat' dir='ltr'><strong>dixit</strong></span> <span class='ocrx_word' id='word_1_708' title='bbox 2092 3829 2390 3898; x_wconf 87' lang='lat' dir='ltr'><strong>imperator</strong></span> <span class='ocrx_word' id='word_1_709' title='bbox 2416 3841 2430 3881; x_wconf 93' lang='lat'>:</span> <span class='ocrx_word' id='word_1_710' title='bbox 2457 3824 2636 3896; x_wconf 83' lang='lat' dir='ltr'><strong>Quare</strong></span> <span class='ocrx_word' id='word_1_711' title='bbox 2666 3835 2911 3883; x_wconf 89' lang='lat' dir='ltr'><strong>nostrum</strong></span> <span class='ocrx_word' id='word_1_712' title='bbox 2937 3830 3250 3885; x_wconf 85' lang='lat' dir='ltr'><strong>mandatum</strong></span> <span class='ocrx_word' id='word_1_713' title='bbox 3277 3833 3357 3888; x_wconf 85' lang='lat' dir='ltr'><strong>sic</strong></span> <span class='ocrx_word' id='word_1_714' title='bbox 3380 3832 3519 3887; x_wconf 80' lang='lat' dir='ltr'><strong>dim-</strong></span> 
     </span>
    </p>
   </div>
   <div class='ocr_carea' id='block_1_100' title="bbox 1926 3904 3523 3988">
    <p class='ocr_par' dir='ltr' id='par_1_100' title="bbox 1926 3904 3523 3988">
     <span class='ocr_line' id='line_1_100' title="bbox 1926 3904 3523 3988; baseline 0.005 -17"><span class='ocrx_word' id='word_1_715' title='bbox 1926 3918 2029 3972; x_wconf 90' lang='lat' dir='ltr'><strong>cile</strong></span> <span class='ocrx_word' id='word_1_716' title='bbox 2078 3918 2375 3987; x_wconf 90' lang='lat' dir='ltr'><strong>accepisti,</strong></span> <span class='ocrx_word' id='word_1_717' title='bbox 2416 3904 2698 3988; x_wconf 84' lang='lat' dir='ltr'><strong>episcope,</strong></span> <span class='ocrx_word' id='word_1_718' title='bbox 2739 3925 2797 3972; x_wconf 92' lang='lat' dir='ltr'><strong>ut</strong></span> <span class='ocrx_word' id='word_1_719' title='bbox 2836 3926 2916 3972; x_wconf 91' lang='lat' dir='ltr'><strong>tot</strong></span> <span class='ocrx_word' id='word_1_720' title='bbox 2964 3920 3265 3975; x_wconf 87' lang='lat' dir='ltr'><strong>accersitus</strong></span> <span class='ocrx_word' id='word_1_721' title='bbox 3312 3922 3523 3979; x_wconf 83' lang='lat' dir='ltr'><strong>nuntiis</strong></span> 
     </span>
    </p>
   </div>
   <div class='ocr_carea' id='block_1_101' title="bbox 1928 4010 3514 4083">
    <p class='ocr_par' dir='ltr' id='par_1_101' title="bbox 1928 4010 3514 4083">
     <span class='ocr_line' id='line_1_101' title="bbox 1928 4010 3514 4083; baseline 0.004 -19"><span class='ocrx_word' id='word_1_722' title='bbox 1928 4010 2110 4064; x_wconf 88' lang='lat' dir='ltr'><strong>statim</strong></span> <span class='ocrx_word' id='word_1_723' title='bbox 2151 4011 2337 4064; x_wconf 89' lang='lat' dir='ltr'><strong>venire</strong></span> <span class='ocrx_word' id='word_1_724' title='bbox 2384 4010 2739 4080; x_wconf 87' lang='lat' dir='ltr'><strong>despiceres?</strong></span> <span class='ocrx_word' id='word_1_725' title='bbox 2777 4011 2913 4077; x_wconf 86' lang='lat' dir='ltr'><strong>Quia</strong></span> <span class='ocrx_word' id='word_1_726' title='bbox 2938 4050 2952 4075; x_wconf 93' lang='lat'><strong>,</strong></span> <span class='ocrx_word' id='word_1_727' title='bbox 2994 4011 3169 4081; x_wconf 90' lang='lat' dir='ltr'><strong>inquit</strong></span> <span class='ocrx_word' id='word_1_728' title='bbox 3212 4012 3514 4083; x_wconf 79' lang='lat' dir='ltr'><strong>Ludgerus,</strong></span> 
     </span>
    </p>
   </div>
   <div class='ocr_carea' id='block_1_102' title="bbox 1927 4093 3516 4174">
    <p class='ocr_par' dir='ltr' id='par_1_102' title="bbox 1927 4093 3516 4174">
     <span class='ocr_line' id='line_1_102' title="bbox 1927 4093 3516 4174; baseline 0.001 -17"><span class='ocrx_word' id='word_1_729' title='bbox 1927 4110 1984 4157; x_wconf 91' lang='lat' dir='ltr'><strong>et</strong></span> <span class='ocrx_word' id='word_1_730' title='bbox 2009 4102 2102 4156; x_wconf 91' lang='lat' dir='ltr'><strong>tibi</strong></span> <span class='ocrx_word' id='word_1_731' title='bbox 2129 4142 2145 4167; x_wconf 94' lang='lat'><strong>,</strong></span> <span class='ocrx_word' id='word_1_732' title='bbox 2185 4118 2218 4156; x_wconf 95' lang='lat' dir='ltr'><strong>o</strong></span> <span class='ocrx_word' id='word_1_733' title='bbox 2248 4119 2375 4165; x_wconf 88' lang='lat' dir='ltr'><strong>rex,</strong></span> <span class='ocrx_word' id='word_1_734' title='bbox 2417 4111 2472 4158; x_wconf 90' lang='lat' dir='ltr'><strong>et</strong></span> <span class='ocrx_word' id='word_1_735' title='bbox 2506 4104 2718 4158; x_wconf 87' lang='lat' dir='ltr'><strong>cunctis</strong></span> <span class='ocrx_word' id='word_1_736' title='bbox 2767 4093 3077 4159; x_wconf 86' lang='lat' dir='ltr'><strong>hominibus</strong></span> <span class='ocrx_word' id='word_1_737' title='bbox 3110 4103 3281 4157; x_wconf 87' lang='lat' dir='ltr'><strong>Deum</strong></span> <span class='ocrx_word' id='word_1_738' title='bbox 3307 4119 3516 4174; x_wconf 58' lang='lat' dir='ltr'><strong>priapo.</strong></span> 
     </span>
    </p>
   </div>
   <div class='ocr_carea' id='block_1_103' title="bbox 1929 4193 3522 4263">
    <p class='ocr_par' dir='ltr' id='par_1_103' title="bbox 1929 4193 3522 4263">
     <span class='ocr_line' id='line_1_103' title="bbox 1929 4193 3522 4263; baseline 0.004 -18"><span class='ocrx_word' id='word_1_739' title='bbox 1929 4193 2165 4247; x_wconf 89' lang='lat' dir='ltr'><strong>nendum</strong></span> <span class='ocrx_word' id='word_1_740' title='bbox 2189 4194 2497 4248; x_wconf 85' lang='lat' dir='ltr'><strong>arbitrabar</strong></span> <span class='ocrx_word' id='word_1_741' title='bbox 2528 4211 2540 4247; x_wconf 89' lang='lat'><strong>:</strong></span> <span class='ocrx_word' id='word_1_742' title='bbox 2577 4194 2681 4249; x_wconf 83' lang='lat' dir='ltr'><strong>hoc</strong></span> <span class='ocrx_word' id='word_1_743' title='bbox 2710 4194 2856 4248; x_wconf 83' lang='lat' dir='ltr'><strong>enim</strong></span> <span class='ocrx_word' id='word_1_744' title='bbox 2900 4194 3033 4247; x_wconf 88' lang='lat' dir='ltr'><strong>mihi</strong></span> <span class='ocrx_word' id='word_1_745' title='bbox 3064 4195 3390 4263; x_wconf 72' lang='lat' dir='ltr'><strong>prmcepisti,</strong></span> <span class='ocrx_word' id='word_1_746' title='bbox 3422 4211 3522 4251; x_wconf 89' lang='lat' dir='ltr'><strong>cu-</strong></span> 
     </span>
    </p>
   </div>
   <div class='ocr_carea' id='block_1_104' title="bbox 1929 4282 3519 4351">
    <p class='ocr_par' dir='ltr' id='par_1_104' title="bbox 1929 4282 3519 4351">
     <span class='ocr_line' id='line_1_104' title="bbox 1929 4282 3519 4351; baseline 0.003 -16"><span class='ocrx_word' id='word_1_747' title='bbox 1929 4297 2046 4335; x_wconf 87' lang='lat' dir='ltr'><strong>ram</strong></span> <span class='ocrx_word' id='word_1_748' title='bbox 2084 4282 2444 4351; x_wconf 88' lang='lat' dir='ltr'><strong>episcopalem</strong></span> <span class='ocrx_word' id='word_1_749' title='bbox 2491 4282 2867 4348; x_wconf 89' lang='lat' dir='ltr'><strong>committens;</strong></span> <span class='ocrx_word' id='word_1_750' title='bbox 2923 4282 3128 4337; x_wconf 86' lang='lat' dir='ltr'><strong>idcirco</strong></span> <span class='ocrx_word' id='word_1_751' title='bbox 3173 4298 3204 4336; x_wconf 89' lang='lat' dir='ltr'><strong>a</strong></span> <span class='ocrx_word' id='word_1_752' title='bbox 3239 4284 3348 4338; x_wconf 90' lang='lat' dir='ltr'><strong>tuis</strong></span> <span class='ocrx_word' id='word_1_753' title='bbox 3387 4284 3519 4340; x_wconf 87' lang='lat' dir='ltr'><strong>licet</strong></span> 
     </span>
    </p>
   </div>
   <div class='ocr_carea' id='block_1_105' title="bbox 1930 4370 3516 4441">
    <p class='ocr_par' dir='ltr' id='par_1_105' title="bbox 1930 4370 3516 4441">
     <span class='ocr_line' id='line_1_105' title="bbox 1930 4370 3516 4441; baseline 0.004 -19"><span class='ocrx_word' id='word_1_754' title='bbox 1930 4380 2155 4426; x_wconf 86' lang='lat' dir='ltr'><strong>vocatus</strong></span> <span class='ocrx_word' id='word_1_755' title='bbox 2187 4371 2394 4426; x_wconf 90' lang='lat' dir='ltr'><strong>nuntiis</strong></span> <span class='ocrx_word' id='word_1_756' title='bbox 2414 4372 2802 4441; x_wconf 88' lang='lat' dir='ltr'><strong>omnipotentis</strong></span> <span class='ocrx_word' id='word_1_757' title='bbox 2838 4370 3116 4426; x_wconf 88' lang='lat' dir='ltr'><strong>servitium</strong></span> <span class='ocrx_word' id='word_1_758' title='bbox 3155 4372 3516 4430; x_wconf 87' lang='lat' dir='ltr'><strong>intermittere</strong></span> 
     </span>
    </p>
   </div>
   <div class='ocr_carea' id='block_1_106' title="bbox 1854 4461 3519 4547">
    <p class='ocr_par' dir='ltr' id='par_1_106' title="bbox 1854 4461 3519 4547">
     <span class='ocr_line' id='line_1_106' title="bbox 1854 4461 3519 4547; baseline 0.004 -31"><span class='ocrx_word' id='word_1_759' title='bbox 1854 4489 1909 4547; x_wconf 66' lang='grc' dir='ltr'>υ</span> <span class='ocrx_word' id='word_1_760' title='bbox 1933 4462 2317 4517; x_wconf 86' lang='lat' dir='ltr'><strong>inconveniens</strong></span> <span class='ocrx_word' id='word_1_761' title='bbox 2332 4461 2570 4533; x_wconf 84' lang='lat' dir='ltr'><strong>judicavi</strong></span> <span class='ocrx_word' id='word_1_762' title='bbox 2601 4478 2616 4517; x_wconf 91' lang='lat'><strong>:</strong></span> <span class='ocrx_word' id='word_1_763' title='bbox 2643 4471 2700 4517; x_wconf 90' lang='lat' dir='ltr'><strong>at</strong></span> <span class='ocrx_word' id='word_1_764' title='bbox 2727 4478 2853 4517; x_wconf 84' lang='lat' dir='ltr'><strong>mox</strong></span> <span class='ocrx_word' id='word_1_765' title='bbox 2882 4464 3063 4518; x_wconf 88' lang='lat' dir='ltr'><strong>divino</strong></span> <span class='ocrx_word' id='word_1_766' title='bbox 3089 4474 3316 4534; x_wconf 89' lang='lat' dir='ltr'><strong>peracto</strong></span> <span class='ocrx_word' id='word_1_767' title='bbox 3348 4469 3519 4523; x_wconf 88' lang='lat' dir='ltr'><strong>servi-</strong></span> 
     </span>
    </p>
   </div>
   <div class='ocr_carea' id='block_1_107' title="bbox 1931 4553 3518 4629">
    <p class='ocr_par' dir='ltr' id='par_1_107' title="bbox 1931 4553 3518 4629">
     <span class='ocr_line' id='line_1_107' title="bbox 1931 4553 3518 4629; baseline 0.006 -22"><span class='ocrx_word' id='word_1_768' title='bbox 1931 4555 2006 4607; x_wconf 90' lang='lat' dir='ltr'><strong>tio</strong></span> <span class='ocrx_word' id='word_1_769' title='bbox 2029 4553 2272 4622; x_wconf 83' lang='lat' dir='ltr'><strong>paratior</strong></span> <span class='ocrx_word' id='word_1_770' title='bbox 2320 4554 2387 4610; x_wconf 90' lang='lat' dir='ltr'><strong>ad</strong></span> <span class='ocrx_word' id='word_1_771' title='bbox 2436 4555 2579 4626; x_wconf 77' lang='lat' dir='ltr'><strong>regis</strong></span> <span class='ocrx_word' id='word_1_772' title='bbox 2620 4556 2904 4624; x_wconf 87' lang='lat' dir='ltr'><strong>imperium</strong></span> <span class='ocrx_word' id='word_1_773' title='bbox 2934 4556 3076 4613; x_wconf 90' lang='lat' dir='ltr'><strong>veni.</strong></span> <span class='ocrx_word' id='word_1_774' title='bbox 3104 4557 3256 4624; x_wconf 86' lang='lat' dir='ltr'><strong>Quod</strong></span> <span class='ocrx_word' id='word_1_775' title='bbox 3293 4575 3518 4629; x_wconf 85' lang='lat' dir='ltr'><strong>respon-</strong></span> 
     </span>
    </p>
   </div>
   <div class='ocr_carea' id='block_1_108' title="bbox 1927 4641 3518 4716">
    <p class='ocr_par' dir='ltr' id='par_1_108' title="bbox 1927 4641 3518 4716">
     <span class='ocr_line' id='line_1_108' title="bbox 1927 4641 3518 4716; baseline 0.006 -20"><span class='ocrx_word' id='word_1_776' title='bbox 1927 4658 2048 4697; x_wconf 90' lang='lat' dir='ltr'><strong>sum</strong></span> <span class='ocrx_word' id='word_1_777' title='bbox 2103 4641 2220 4710; x_wconf 89' lang='lat' dir='ltr'><strong>ejus</strong></span> <span class='ocrx_word' id='word_1_778' title='bbox 2276 4643 2574 4713; x_wconf 89' lang='lat' dir='ltr'><strong>impcrator</strong></span> <span class='ocrx_word' id='word_1_779' title='bbox 2618 4645 2855 4715; x_wconf 90' lang='lat' dir='ltr'><strong>optimus</strong></span> <span class='ocrx_word' id='word_1_780' title='bbox 2915 4646 3518 4716; x_wconf 79' lang='lat' dir='ltr'><strong>veneratus:Gratias,</strong></span> 
     </span>
    </p>
   </div>
   <div class='ocr_carea' id='block_1_109' title="bbox 1928 4735 3517 4809">
    <p class='ocr_par' dir='ltr' id='par_1_109' title="bbox 1928 4735 3517 4809">
     <span class='ocr_line' id='line_1_109' title="bbox 1928 4735 3517 4809; baseline 0.003 -18"><span class='ocrx_word' id='word_1_781' title='bbox 1928 4735 2023 4799; x_wconf 84' lang='lat' dir='ltr'><strong>ait,</strong></span> <span class='ocrx_word' id='word_1_782' title='bbox 2061 4735 2261 4790; x_wconf 88' lang='lat' dir='ltr'><strong>habeto</strong></span> <span class='ocrx_word' id='word_1_783' title='bbox 2284 4775 2301 4802; x_wconf 94' lang='lat'><strong>,</strong></span> <span class='ocrx_word' id='word_1_784' title='bbox 2340 4735 2611 4806; x_wconf 80' lang='lat' dir='ltr'><strong>episcopo,</strong></span> <span class='ocrx_word' id='word_1_785' title='bbox 2650 4738 2774 4807; x_wconf 91' lang='lat' dir='ltr'><strong>quia</strong></span> <span class='ocrx_word' id='word_1_786' title='bbox 2798 4738 2958 4792; x_wconf 87' lang='lat' dir='ltr'><strong>talem</strong></span> <span class='ocrx_word' id='word_1_787' title='bbox 2980 4746 3034 4792; x_wconf 80' lang='lat' dir='ltr'><strong>te</strong></span> <span class='ocrx_word' id='word_1_788' title='bbox 3072 4738 3234 4794; x_wconf 89' lang='lat' dir='ltr'><strong>modo</strong></span> <span class='ocrx_word' id='word_1_789' title='bbox 3260 4740 3517 4809; x_wconf 85' lang='lat' dir='ltr'><strong>invenio,</strong></span> 
     </span>
    </p>
   </div>
   <div class='ocr_carea' id='block_1_110' title="bbox 1928 4826 3515 4902">
    <p class='ocr_par' dir='ltr' id='par_1_110' title="bbox 1928 4826 3515 4902">
     <span class='ocr_line' id='line_1_110' title="bbox 1928 4826 3515 4902; baseline 0.006 -23"><span class='ocrx_word' id='word_1_790' title='bbox 1928 4826 2142 4895; x_wconf 84' lang='lat' dir='ltr'><strong>qualem</strong></span> <span class='ocrx_word' id='word_1_791' title='bbox 2173 4836 2333 4880; x_wconf 83' lang='lat' dir='ltr'><strong>antea</strong></span> <span class='ocrx_word' id='word_1_792' title='bbox 2361 4827 2715 4882; x_wconf 64' lang='lat' dir='ltr'><strong>aestimabam.</strong></span> <span class='ocrx_word' id='word_1_793' title='bbox 2745 4826 2987 4883; x_wconf 88' lang='lat' dir='ltr'><strong>Fuerunt</strong></span> <span class='ocrx_word' id='word_1_794' title='bbox 3011 4837 3192 4884; x_wconf 88' lang='lat' dir='ltr'><strong>autem</strong></span> <span class='ocrx_word' id='word_1_795' title='bbox 3223 4830 3390 4901; x_wconf 89' lang='lat' dir='ltr'><strong>aliqui</strong></span> <span class='ocrx_word' id='word_1_796' title='bbox 3418 4833 3515 4902; x_wconf 84' lang='lat' dir='ltr'><strong>qui</strong></span> 
     </span>
    </p>
   </div>
   <div class='ocr_carea' id='block_1_111' title="bbox 1929 4916 3515 4992">
    <p class='ocr_par' dir='ltr' id='par_1_111' title="bbox 1929 4916 3515 4992">
     <span class='ocr_line' id='line_1_111' title="bbox 1929 4916 3515 4992; baseline 0.003 -17"><span class='ocrx_word' id='word_1_797' title='bbox 1929 4920 2069 4974; x_wconf 76' lang='lat' dir='ltr'><strong>facta</strong></span> <span class='ocrx_word' id='word_1_798' title='bbox 2116 4916 2377 4971; x_wconf 80' lang='lat' dir='ltr'><strong>bonitatis</strong></span> <span class='ocrx_word' id='word_1_799' title='bbox 2417 4925 2523 4972; x_wconf 72' lang='lat' dir='ltr'><strong>tua:</strong></span> <span class='ocrx_word' id='word_1_800' title='bbox 2565 4917 2814 4972; x_wconf 87' lang='lat' dir='ltr'><strong>malivole</strong></span> <span class='ocrx_word' id='word_1_801' title='bbox 2856 4919 2999 4988; x_wconf 84' lang='lat' dir='ltr'><strong>apud</strong></span> <span class='ocrx_word' id='word_1_802' title='bbox 3045 4936 3131 4976; x_wconf 91' lang='lat' dir='ltr'><strong>me</strong></span> <span class='ocrx_word' id='word_1_803' title='bbox 3177 4921 3515 4992; x_wconf 89' lang='lat' dir='ltr'><strong>interpretati</strong></span> 
     </span>
    </p>
   </div>
   <div class='ocr_carea' id='block_1_112' title="bbox 1929 5008 3515 5081">
    <p class='ocr_par' dir='ltr' id='par_1_112' title="bbox 1929 5008 3515 5081">
     <span class='ocr_line' id='line_1_112' title="bbox 1929 5008 3515 5081; baseline 0.001 -16"><span class='ocrx_word' id='word_1_804' title='bbox 1929 5017 2079 5073; x_wconf 89' lang='lat' dir='ltr'><strong>sunt,</strong></span> <span class='ocrx_word' id='word_1_805' title='bbox 2113 5009 2208 5064; x_wconf 89' lang='lat' dir='ltr'><strong>sed</strong></span> <span class='ocrx_word' id='word_1_806' title='bbox 2228 5008 2329 5063; x_wconf 91' lang='lat' dir='ltr'><strong>bos</strong></span> <span class='ocrx_word' id='word_1_807' title='bbox 2354 5008 2609 5078; x_wconf 71' lang='lat' dir='ltr'><strong>deinceps</strong></span> <span class='ocrx_word' id='word_1_808' title='bbox 2636 5009 2815 5063; x_wconf 90' lang='lat' dir='ltr'><strong>minus</strong></span> <span class='ocrx_word' id='word_1_809' title='bbox 2836 5021 3021 5081; x_wconf 80' lang='lat' dir='ltr'><strong>gratos</strong></span> <span class='ocrx_word' id='word_1_810' title='bbox 3053 5013 3294 5078; x_wconf 87' lang='lat' dir='ltr'><strong>habebo,</strong></span> <span class='ocrx_word' id='word_1_811' title='bbox 3320 5023 3374 5069; x_wconf 90' lang='lat' dir='ltr'><strong>et</strong></span> <span class='ocrx_word' id='word_1_812' title='bbox 3397 5014 3515 5067; x_wconf 86' lang='lat' dir='ltr'><strong>nul—</strong></span> 
     </span>
    </p>
   </div>
   <div class='ocr_carea' id='block_1_113' title="bbox 1929 5099 3515 5174">
    <p class='ocr_par' dir='ltr' id='par_1_113' title="bbox 1929 5099 3515 5174">
     <span class='ocr_line' id='line_1_113' title="bbox 1929 5099 3515 5174; baseline 0.004 -21"><span class='ocrx_word' id='word_1_813' title='bbox 1929 5101 2033 5154; x_wconf 92' lang='lat' dir='ltr'><strong>lius</strong></span> <span class='ocrx_word' id='word_1_814' title='bbox 2048 5099 2209 5153; x_wconf 90' lang='lat' dir='ltr'><strong>verba</strong></span> <span class='ocrx_word' id='word_1_815' title='bbox 2237 5113 2398 5169; x_wconf 90' lang='lat' dir='ltr'><strong>super</strong></span> <span class='ocrx_word' id='word_1_816' title='bbox 2420 5107 2514 5153; x_wconf 87' lang='lat' dir='ltr'><strong>tua</strong></span> <span class='ocrx_word' id='word_1_817' title='bbox 2530 5099 2903 5156; x_wconf 86' lang='lat' dir='ltr'><strong>criminatione</strong></span> <span class='ocrx_word' id='word_1_818' title='bbox 2927 5116 3013 5156; x_wconf 89' lang='lat' dir='ltr'><strong>me</strong></span> <span class='ocrx_word' id='word_1_819' title='bbox 3030 5102 3259 5159; x_wconf 88' lang='lat' dir='ltr'><strong>ulterius</strong></span> <span class='ocrx_word' id='word_1_820' title='bbox 3278 5106 3515 5174; x_wconf 89' lang='lat' dir='ltr'><strong>spondeo</strong></span> 
     </span>
    </p>
   </div>
   <div class='ocr_carea' id='block_1_114' title="bbox 1930 5196 2301 5261">
    <p class='ocr_par' dir='ltr' id='par_1_114' title="bbox 1930 5196 2301 5261">
     <span class='ocr_line' id='line_1_114' title="bbox 1930 5196 2301 5261; baseline -0.011 -16"><span class='ocrx_word' id='word_1_821' title='bbox 1930 5196 2301 5261; x_wconf 89' lang='lat' dir='ltr'><strong>accepturum.</strong></span> 
     </span>
    </p>
   </div>
   <div class='ocr_carea' id='block_1_115' title="bbox 2001 5278 3513 5347">
    <p class='ocr_par' dir='ltr' id='par_1_115' title="bbox 2001 5278 3513 5347">
     <span class='ocr_line' id='line_1_115' title="bbox 2001 5278 3513 5347; baseline 0.002 -13"><span class='ocrx_word' id='word_1_822' title='bbox 2001 5279 2093 5335; x_wconf 74' lang='lat'><strong>28.</strong></span> <span class='ocrx_word' id='word_1_823' title='bbox 2135 5278 2309 5334; x_wconf 87' lang='lat' dir='ltr'><strong>Porro</strong></span> <span class='ocrx_word' id='word_1_824' title='bbox 2330 5279 2454 5347; x_wconf 88' lang='lat' dir='ltr'><strong>quia</strong></span> <span class='ocrx_word' id='word_1_825' title='bbox 2479 5289 2789 5336; x_wconf 80' lang='lat' dir='ltr'><strong>sanctorum</strong></span> <span class='ocrx_word' id='word_1_826' title='bbox 2829 5280 3128 5336; x_wconf 79' lang='lat' dir='ltr'><strong>ciliciorum</strong></span> <span class='ocrx_word' id='word_1_827' title='bbox 3152 5282 3342 5337; x_wconf 88' lang='lat' dir='ltr'><strong>incidit</strong></span> <span class='ocrx_word' id='word_1_828' title='bbox 3361 5297 3513 5337; x_wconf 84' lang='lat' dir='ltr'><strong>men-</strong></span> 
     </span>
    </p>
   </div>
   <div class='ocr_carea' id='block_1_116' title="bbox 1932 5368 3511 5444">
    <p class='ocr_par' dir='ltr' id='par_1_116' title="bbox 1932 5368 3511 5444">
     <span class='ocr_line' id='line_1_116' title="bbox 1932 5368 3511 5444; baseline 0.002 -20"><span class='ocrx_word' id='word_1_829' title='bbox 1932 5370 2028 5435; x_wconf 90' lang='lat' dir='ltr'><strong>tio,</strong></span> <span class='ocrx_word' id='word_1_830' title='bbox 2059 5375 2283 5424; x_wconf 87' lang='lat' dir='ltr'><strong>narraut</strong></span> <span class='ocrx_word' id='word_1_831' title='bbox 2312 5368 2478 5438; x_wconf 91' lang='lat' dir='ltr'><strong>quod,</strong></span> <span class='ocrx_word' id='word_1_832' title='bbox 2506 5368 2631 5424; x_wconf 91' lang='lat' dir='ltr'><strong>dum</strong></span> <span class='ocrx_word' id='word_1_833' title='bbox 2681 5371 2749 5424; x_wconf 84' lang='lat' dir='ltr'><strong>ad</strong></span> <span class='ocrx_word' id='word_1_834' title='bbox 2783 5385 2919 5439; x_wconf 86' lang='lat' dir='ltr'><strong>opus</strong></span> <span class='ocrx_word' id='word_1_835' title='bbox 2946 5370 3196 5424; x_wconf 88' lang='lat' dir='ltr'><strong>diurnum</strong></span> <span class='ocrx_word' id='word_1_836' title='bbox 3225 5370 3511 5444; x_wconf 85' lang='lat' dir='ltr'><strong>(divinum)</strong></span> 
     </span>
    </p>
   </div>
   <div class='ocr_carea' id='block_1_117' title="bbox 1932 5457 3512 5524">
    <p class='ocr_par' dir='ltr' id='par_1_117' title="bbox 1932 5457 3512 5524">
     <span class='ocr_line' id='line_1_117' title="bbox 1932 5457 3512 5524; baseline 0.001 -6"><span class='ocrx_word' id='word_1_837' title='bbox 1932 5468 2103 5518; x_wconf 88' lang='lat' dir='ltr'><strong>staret</strong></span> <span class='ocrx_word' id='word_1_838' title='bbox 2131 5460 2215 5514; x_wconf 87' lang='lat' dir='ltr'><strong>vir</strong></span> <span class='ocrx_word' id='word_1_839' title='bbox 2237 5458 2354 5524; x_wconf 90' lang='lat' dir='ltr'><strong>Dei,</strong></span> <span class='ocrx_word' id='word_1_840' title='bbox 2386 5458 2727 5516; x_wconf 74' lang='lat' dir='ltr'><strong>ineli‘abiliter</strong></span> <span class='ocrx_word' id='word_1_841' title='bbox 2752 5457 3003 5515; x_wconf 82' lang='lat' dir='ltr'><strong>timorata</strong></span> <span class='ocrx_word' id='word_1_842' title='bbox 3052 5461 3351 5518; x_wconf 89' lang='lat' dir='ltr'><strong>intentione</strong></span> <span class='ocrx_word' id='word_1_843' title='bbox 3378 5466 3512 5522; x_wconf 81' lang='lat' dir='ltr'><strong>lixa-</strong></span> 
     </span>
    </p>
   </div>
   <div class='ocr_carea' id='block_1_118' title="bbox 1933 5549 3510 5625">
    <p class='ocr_par' dir='ltr' id='par_1_118' title="bbox 1933 5549 3510 5625">
     <span class='ocr_line' id='line_1_118' title="bbox 1933 5549 3510 5625; baseline 0.003 -18"><span class='ocrx_word' id='word_1_844' title='bbox 1933 5565 2040 5620; x_wconf 88' lang='lat' dir='ltr'><strong>que</strong></span> <span class='ocrx_word' id='word_1_845' title='bbox 2070 5558 2252 5606; x_wconf 87' lang='lat' dir='ltr'><strong>mente</strong></span> <span class='ocrx_word' id='word_1_846' title='bbox 2276 5550 2556 5606; x_wconf 84' lang='lat' dir='ltr'><strong>manserit.</strong></span> <span class='ocrx_word' id='word_1_847' title='bbox 2583 5549 2885 5619; x_wconf 80' lang='lat' dir='ltr'><strong>Aliquando</strong></span> <span class='ocrx_word' id='word_1_848' title='bbox 2902 5551 3030 5605; x_wconf 90' lang='lat' dir='ltr'><strong>dum</strong></span> <span class='ocrx_word' id='word_1_849' title='bbox 3053 5551 3105 5605; x_wconf 90' lang='lat' dir='ltr'><strong>in</strong></span> <span class='ocrx_word' id='word_1_850' title='bbox 3125 5551 3318 5608; x_wconf 87' lang='lat' dir='ltr'><strong>itinere</strong></span> <span class='ocrx_word' id='word_1_851' title='bbox 3345 5564 3510 5625; x_wconf 87' lang='lat' dir='ltr'><strong>esset,</strong></span> 
     </span>
    </p>
   </div>
   <div class='ocr_carea' id='block_1_119' title="bbox 1937 5641 3508 5711">
    <p class='ocr_par' dir='ltr' id='par_1_119' title="bbox 1937 5641 3508 5711">
     <span class='ocr_line' id='line_1_119' title="bbox 1937 5641 3508 5711; baseline 0.004 -12"><span class='ocrx_word' id='word_1_852' title='bbox 1937 5644 2075 5699; x_wconf 85' lang='lat' dir='ltr'><strong>lectu</strong></span> <span class='ocrx_word' id='word_1_853' title='bbox 2135 5643 2209 5696; x_wconf 80' lang='lat' dir='ltr'><strong>illi</strong></span> <span class='ocrx_word' id='word_1_854' title='bbox 2238 5643 2306 5698; x_wconf 85' lang='lat' dir='ltr'><strong>ad</strong></span> <span class='ocrx_word' id='word_1_855' title='bbox 2341 5643 2576 5698; x_wconf 87' lang='lat' dir='ltr'><strong>vicinum</strong></span> <span class='ocrx_word' id='word_1_856' title='bbox 2634 5641 2811 5696; x_wconf 80' lang='lat' dir='ltr'><strong>locum</strong></span> <span class='ocrx_word' id='word_1_857' title='bbox 2863 5644 3187 5711; x_wconf 82' lang='lat' dir='ltr'><strong>struebatur,</strong></span> <span class='ocrx_word' id='word_1_858' title='bbox 3214 5648 3359 5703; x_wconf 86' lang='lat' dir='ltr'><strong>unde</strong></span> <span class='ocrx_word' id='word_1_859' title='bbox 3378 5650 3508 5706; x_wconf 88' lang='lat' dir='ltr'><strong>dum</strong></span> 
     </span>
    </p>
   </div>
   <div class='ocr_carea' id='block_1_120' title="bbox 1937 5732 3507 5804">
    <p class='ocr_par' dir='ltr' id='par_1_120' title="bbox 1937 5732 3507 5804">
     <span class='ocr_line' id='line_1_120' title="bbox 1937 5732 3507 5804; baseline 0.006 -15"><span class='ocrx_word' id='word_1_860' title='bbox 1937 5745 2095 5790; x_wconf 83' lang='lat' dir='ltr'><strong>noctu</strong></span> <span class='ocrx_word' id='word_1_861' title='bbox 2128 5746 2277 5790; x_wconf 87' lang='lat' dir='ltr'><strong>stans</strong></span> <span class='ocrx_word' id='word_1_862' title='bbox 2299 5732 2450 5804; x_wconf 79' lang='lat' dir='ltr'><strong>juxta</strong></span> <span class='ocrx_word' id='word_1_863' title='bbox 2496 5735 2693 5790; x_wconf 89' lang='lat' dir='ltr'><strong>lectum</strong></span> <span class='ocrx_word' id='word_1_864' title='bbox 2726 5737 3014 5793; x_wconf 85' lang='lat' dir='ltr'><strong>matutinas</strong></span> <span class='ocrx_word' id='word_1_865' title='bbox 3045 5739 3231 5802; x_wconf 84' lang='lat' dir='ltr'><strong>laudes</strong></span> <span class='ocrx_word' id='word_1_866' title='bbox 3259 5757 3381 5799; x_wconf 87' lang='lat' dir='ltr'><strong>cum</strong></span> <span class='ocrx_word' id='word_1_867' title='bbox 3403 5743 3507 5799; x_wconf 83' lang='lat' dir='ltr'><strong>cle-</strong></span> 
     </span>
    </p>
   </div>
  </div>
