3868 6174
475 291 3636 344 W

1731 441 1899 483 ANNO
1941 437 2169 482 mnu
2213 437 2468 481 DCCCIX.

1383 601 2814 764 FARDULFUS

1661 844 2255 903 SANDIONYSIANUS
2289 844 2528 902 ABBAS.

1857 984 2328 1001 Ἡ

1136 1087 1564 1164 NOTITIA
1625 1086 2173 1166 HISTORICA
2225 1087 2334 1168 IN
2395 1089 3024 1170 FABDULFUM

1634 1257 1726 1317 (Ex
1751 1258 1906 1308 Gallis
1945 1257 2237 1324 Christiana,
2263 1271 2381 1314 tom.
2410 1261 2546 1326 VII.)

531 1496 819 1554 Fardnlfus
854 1510 1048 1566 genere
1093 1493 1478 1565 Longobardus
1500 1536 1514 1557 ,
1549 1503 1704 1562 capta
1754 1492 1918 1564 Papia
1968 1498 2026 1552 in
2057 1503 2104 1562 Α
2129 1499 2338 1553 daciatn
2362 1497 3296 1568 comprimendamevocatiundique
3316 1495 3652 1564 conﬂuxerant.

467 1588 750 1644 Franciam
782 1585 1044 1642 abductus
1078 1599 1106 1639 a
1135 1583 1328 1638 Carolo
1378 1581 1591 1654 Magno,
1628 1583 1804 1640 eidem
1838 1587 2038 1641 charus
2139 1587 2361 1657 contigit
2417 1587 2697 1642 accidisse.
2752 1585 2852 1641 Hic
2899 1600 3054 1642 sacra
3083 1585 3360 1640 beatorum
3405 1597 3655 1660 martyrum

465 1678 689 1735 cli'ectus
715 1687 796 1733 est
819 1718 835 1743 ,
875 1677 944 1732 ob
967 1676 1232 1731 detectam
1253 1675 1464 1745 Pippini
1489 1673 1604 1744 ejus
1625 1675 1724 1731 filii
1746 1691 1809 1732 ex
1851 1675 2040 1732 Bimil—
2139 1678 2363 1748 pignora
2385 1691 2568 1733 secum
2593 1675 2723 1732 ferri
2743 1674 2927 1745 jussus
2949 1674 3148 1740 fuerat,
3184 1684 3240 1731 et
3267 1678 3499 1732 custodes
3529 1679 3657 1734 cleri-

465 1771 628 1826 t‘rude
645 1769 939 1824 concubina
963 1767 1386 1838 coniurationem
1416 1781 1439 1822 ι
1459 1782 1626 1838 quare
1654 1770 2038 1826 monasterium
2139 1782 2232 1823 cos
2253 1808 2266 1832 ,
2299 1769 2390 1838 qui
2441 1784 2629 1825 secum
2670 1767 3178 1838 proﬁciscebantur,
3227 1769 3304 1823 uti
3349 1770 3426 1824 eis
3461 1770 3656 1825 vicissim

467 1860 640 1915 sancti
664 1858 924 1930 Dionysii,
950 1855 1244 1928 Maginario
1274 1855 1469 1912 abbate
1492 1865 1723 1921 mortuo,
1745 1856 1797 1911 ei
1819 1855 2041 1913 Carolus
2138 1859 2547 1915 succedentibus
2575 1859 2756 1914 debita
2798 1858 3150 1914 exhiberetur
3179 1857 3378 1930 religio,
3422 1859 3654 1930 delegare

466 1949 761 2022 regendum
805 1949 1106 2015 commisit;
1137 1949 1223 2004 cui
1267 1946 1551 2004 Fardulfus
1597 1957 1655 2004 ut
1696 1963 1755 2005 se
1802 1947 2038 2004 vicissim
2140 1959 2242 2006 rat.
2276 1949 2454 2004 »Ριιίι
2476 1950 2642 2005 etiam
2666 1947 3004 2023 Fardulfuse
3037 1964 3264 2006 numero
3291 1950 3551 2005 missorum
3585 1950 3658 2005 do-

465 2053 676 2112 gratum
706 2040 1005 2106 exhiberet,
1057 2039 1228 2094 :edem
1263 2039 1588 2094 monasterio
1637 2037 1997 2096 adherentem
2023 2081 2037 2105 ,
2139 2041 2480 2105 minicorum,
2506 2040 2700 2110 quibus
2723 2037 2945 2096 Carolus
2966 2039 3192 2112 Magnus
3211 2040 3381 2095 varias
3406 2040 3536 2110 regni
3556 2053 3654 2110 pro-

465 2133 638 2188 lnstar
666 2141 905 2188 veterum
952 2129 1104 2200 regni
1139 2129 1461 2201 palatiorum
1509 2129 1762 2185 aedificari
1809 2130 2038 2195 curavit,
2139 2133 2344 2187 vincias
2370 2132 2662 2202 assignavit
2685 2131 3115 2202 perlustrandas,
3157 2141 3218 2188 ut
3237 2133 3375 2204 leges
3398 2140 3498 2186 tam
3520 2130 3657 2186 eccle-

465 2220 521 2278 in
559 2237 665 2294 qua
692 2222 960 2294 princeps,
994 2220 1122 2278 dum
1155 2237 1222 2277 eo
1248 2221 1477 2287 veniret,
1509 2236 1630 2276 cum
1653 2221 1766 2278 suis
1802 2219 2041 2292 hospita-
2141 2221 2410 2287 siasticas,
2437 2234 2602 2291 quam
2631 2219 2817 2276 civiles
2845 2219 3121 2292 neglectas
3144 2221 3410 2278 observari
3430 2227 3652 2284 curarent,

466 2324 636 2369 retur.
653 2313 708 2368 ld
740 2313 852 2384 ipse
874 2321 1105 2368 testatur
1126 2310 1409 2367 Fardulfus
1427 2311 1692 2376 versibus,
1715 2326 1849 2382 quos
1874 2312 2042 2368 Ches-
2134 2314 2328 2384 jusque
2361 2313 2604 2369 dicerent
2627 2327 2692 2369 ac
2713 2312 2781 2368 de
2815 2313 3044 2384 singulis
3089 2315 3159 2369 ad
3202 2315 3370 2384 ipsum
3421 2312 3652 2368 referrent.

468 2402 596 2458 nius
628 2399 796 2456 refert
820 2410 968 2457 torno
1004 2399 1047 2456 ll
1086 2398 1222 2456 Hist.
1273 2399 1471 2471 Script.
1503 2398 1720 2462 Franc.,
1752 2414 1874 2472 pag.
1915 2399 2038 2464 645,
2137 2405 2283 2460 Idem
2325 2419 2468 2460 anno
2489 2402 2615 2470 797,
2639 2403 2915 2459 tricesimo
2961 2403 3176 2470 Caroli,
3205 2419 3298 2459 χιιι
3326 2403 3431 2458 Kal.
3459 2401 3654 2457 Januarii

469 2491 559 2548 ubi
579 2499 635 2547 et
648 2487 835 2563 legere
855 2499 941 2546 est
965 2489 1025 2545 Β.
1068 2487 1266 2545 Joanni
1306 2487 1461 2560 Bapt.
1489 2489 1785 2545 oratoriam
1828 2491 1896 2545 ab
1923 2489 2042 2561 ipso
2139 2492 2508 2550 Theudaldum
2530 2494 2801 2559 comitem,
2823 2492 3062 2549 Giselam
3083 2507 3321 2549 sororem
3339 2492 3499 2548 Caroli
3516 2489 3653 2560 Παειιί

469 2593 804 2639 exstructum
834 2581 1075 2639 solvendi
1105 2582 1214 2636 voti
1239 2595 1435 2645 causa,
1483 2584 1627 2652 quod
1667 2581 1824 2638 initio
1865 2582 2042 2640 exsilii
2142 2585 2263 2650 799.
2291 2593 2348 2641 et
2366 2584 2729 2657 Nevelongum
2761 2584 2994 2642 nobilem
3043 2584 3365 2641 Basbanium
3387 2583 3498 2648 805,
3523 2584 3651 2639 bene-

468 2675 552 2729 sui
576 2687 634 2728 se
659 2674 870 2730 vovisse
907 2672 1049 2728 idem
1086 2671 1371 2728 Fardulfus
1397 2673 1474 2726 ait
1499 2672 1846 2742 sequentibus
1867 2673 2038 2728 versi-
2141 2675 2272 2730 lices
2293 2682 2548 2744 expertus
2569 2684 2653 2730 est
2679 2673 2862 2746 (Prob.
2887 2672 3030 2729 Hist.
3073 2671 3133 2730 S.
3162 2673 3342 2739 Diom,
3368 2690 3418 2728 n.
3442 2671 3519 2737 66,
3539 2670 3594 2726 65
3612 2678 3654 2724 et

467 2762 588 2818 bus.
625 2761 882 2819 Eundem
917 2760 1102 2816 laudat
1141 2759 1401 2816 Alcuinus
1429 2760 1614 2832 (carm.
1649 2761 1773 2832 117)
1803 2763 1874 2818 ob
1901 2761 2040 2816 cibo-
2142 2765 2252 2840 66).
2277 2765 2518 2822 Mortuus
2547 2767 2784 2822 creditur
2812 2764 3103 2824 Fardulfus
3135 2780 3277 2822 anno
3313 2763 3533 2836 sequenti
3554 2761 3652 2826 806,

465 2854 604 2906 rium
649 2851 717 2922 ab
757 2865 824 2907 eo
875 2849 1077 2906 factum
1114 2851 1170 2906 in
1198 2851 1314 2907 aede
1359 2849 1702 2923 Dionysiana.
1732 2850 2041 2909 Fardulfum
2076 2847 2118 2906 Β
2145 2857 2231 2912 die
2248 2855 2322 2912 22
2347 2856 2667 2913 decembris.
2694 2855 2866 2927 ipsius
2889 2857 3248 2929 epitaphium,
3268 2857 3417 2927 quale
3437 2854 3650 2924 sessim

467 2942 699 2997 ascitum
728 2956 758 2996 a
791 2941 985 2999 Carolo
1015 2942 1266 2999 comitem
1298 2943 1353 2998 in
1382 2942 1813 3015 expeditionibus
1839 2945 2042 3001 bellicis
2145 2961 2176 3001 e
2203 2947 2570 3018 manuscripto
2592 2946 2779 3003 codice
2799 2947 3141 3005 bibliothecae
3167 2945 3546 3004 eminentissimi
3561 2957 3654 3000 ear-

469 3031 744 3087 Saxonum
780 3032 1057 3089 adnotavit
1085 3035 1511 3105 manuscriptttm
1545 3041 1702 3090 vetus
1747 3032 2041 3106 Sandiony-
2146 3039 2342 3094 dinalis
2367 3037 2618 3096 Ottoboni
2641 3041 2783 3096 eruit
2806 3049 2990 3096 noster
3020 3040 3350 3108 Felibianus,
3382 3048 3432 3096 et
3456 3037 3656 3095 Historia

469 3123 678 3180 sianum
701 3122 789 3179 his
813 3124 994 3182 verbis
1039 3143 1051 3177 :
1098 3142 1121 3178 ς
1147 3122 1372 3180 Carolus
1405 3123 1650 3196 Magnus,
1685 3139 1810 3180 etnn
1841 3125 2042 3182 bellum
2147 3131 2586 3204 Sandionyslanze
2605 3131 2813 3188 attexit.

467 3213 729 3270 adversus
776 3213 1018 3271 Saxones
1063 3214 1298 3271 mirabili
1328 3215 1593 3271 industria
1639 3217 2042 3273 administraret
2273 3222 2718 3287 Ecclesimﬁultor,
2741 3223 2907 3286 largus
2927 3226 3194 3276 minet-ator
3217 3237 3422 3287 egenum

470 3305 556 3407 sui
584 3305 872 3407 praesentia
897 3345 935 3407 ,_
954 3304 1263 3407 Fardulfum
1288 3305 1355 3407 Βἱ
1373 3306 1897 3407 Dionysii-abbatem.
1912 3312 2050 3363 inter
2273 3283 3358 3407 1oggdg‘é’g‘gmh'mijmim‘33?‘

469 3393 604 3452 alios
626 3437 641 3461 ,
687 3397 780 3468 qui
806 3395 874 3452 ad
906 3395 1185 3454 ferendum
1215 3397 1424 3466 pondus
1453 3399 1648 3469 pralii,
1675 3409 1731 3455 et
1755 3399 1930 3470 gentis
1960 3415 2051 3454 au-
2276 3393 2287 3394 ί
2337 3393 2559 3457 Alternis
2579 3393 2760 3459 meruit
2782 3393 3094 3460 istaista;
3108 3393 3353 3474 precibus.

1353 3671 2046 3787 FARDULFI
2139 3675 2818 3795 CARMINA.

1431 3866 1590 3925 (tpttd
1615 3864 1675 3914 D.
1698 3866 1963 3931 BouqueL,
1992 3871 2183 3921 κοιναί
2203 3873 2291 3923 des
2313 3873 2462 3935 Hist"
2503 3883 2620 3926 tom.
2647 3875 2733 3940 ν.)

1863 4001 2294 4018 m—

1235 4079 1275 4133 l.
2144 4081 2292 4140 llatic
2318 4086 2648 4147 benefactori
2672 4096 2974 4150 construxit
3002 4100 3263 4166 providus
3286 4100 3466 4164 aedem,

734 4198 920 4252 Versus
957 4197 1014 4252 S.
1042 4197 1281 4266 Dionysii
1309 4195 1503 4249 adibus
1533 4196 1788 4265 inscripti.
2142 4262 2159 4266 _
2212 4173 2261 4230 Ιυ

2142 4262 2159 4266 _
2212 4173 2268 4230 In
2290 4191 2396 4247 qua
2427 4195 2549 4236 cum
2579 4180 2795 4239 famulis
2815 4185 3044 4256 gaudeat
3072 4188 3193 4259 ipse
3224 4191 3353 4246 suis.

467 4309 712 4364 Culmina
741 4308 982 4364 cernenti
1023 4305 1210 4364 lectori
1239 4305 1419 4362 littera
1442 4321 1658 4378 prome;

2064 4290 2110 4350 ρ
2142 4262 2260 4378 Ipse
2286 4268 2400 4370 suis
2427 4271 2598 4328 servis
2616 4313 2632 4338 ,
2659 4272 2780 4329 ﬁdei
2807 4291 2944 4346 quos
2971 4278 3185 4335 vincula
3213 4290 3454 4347 nectunt,

539 4353 1625 4454 $5.13be'EARIJEJJ:$115.35;
1644 4353 1658 4372 ’
2140 4443 2189 4454 ,,
2211 4353 2475 4413 “Nam
2495 4363 2744 4434 υτίιιεερε
2765 4367 3004 4434 Praebeat
3036 4371 3387 4442 armipotens.

2139 4443 2286 4501 More
2314 4456 2491 4504 tamen
2528 4460 2770 4508 veterum
2799 4472 3124 4530 consurgere
3159 4461 3321 4530 jussit
3346 4475 3544 4517 avorum

2208 4535 2474 4604 Culmina,
2497 4542 2814 4614 praefulgent
2839 4549 2980 4618 regis
3007 4551 3215 4607 honore
3243 4553 3428 4609 domus
3455 4570 3466 4604 :

2145 4624 2211 4678 Ut
2246 4627 2457 4695 quoties
2493 4633 2641 4702 regni
2665 4634 2923 4704 pra’clara
2955 4637 3154 4707 palatia
3189 4641 3397 4706 lustrat,

2213 4717 2446 4774 Farilulﬁ
2473 4719 2657 4778 famuli
2683 4726 2752 4779 sit
2783 4741 2989 4783 memor
3019 4730 3106 4786 ille
3136 4734 3239 4786 sui.

467 4493 635 4558 Quem
656 4489 946 4562 quondam,
977 4489 1209 4560 propriae
1234 4486 1409 4543 fuerat
1439 4487 1564 4543 dum
1588 4497 1798 4558 sceptra
1822 4500 2037 4542 secutus

535 4580 740 4647 Gentis,
771 4581 826 4635 in
848 4582 1103 4636 adversas
1130 4578 1239 4632 fata
1264 4577 1434 4634 tulere
1455 4579 1586 4633 vias.

464 4674 713 4727 Attamen
739 4670 828 4726 hic
849 4669 972 4726 ﬁdei
999 4669 1228 4726 dominis
1252 4669 1485 4724 servavit
1507 4669 1784 4734 honorem,

539 4757 637 4815 His
656 4761 806 4830 regni
833 4760 1080 4830 quamvis
1105 4760 1294 4815 ultima
1318 4767 1462 4815 meta
1489 4758 1648 4815 foret.

469 4845 711 4903 Tandem
738 4849 970 4904 rectoris
988 4847 1166 4904 Caroli
1192 4847 1441 4905 felicibus
1467 4849 1634 4905 armis
2889 4841 2950 4896 ll.

542 4935 736 5000 Cessit,
764 4946 820 4993 et
845 4937 902 4992 in
925 4936 1116 4994 melius
1135 4937 1250 4995 fors
1269 4940 1372 4996 sibi
1401 4941 1564 4996 cessit
1603 4941 1721 4995 iter.
2025 5009 2032 5016 .
2629 4950 2728 5002 Alii
2755 4948 3000 5022 Fardulﬁ
3037 4973 3229 5011 uersus.

466 5025 605 5084 Huic
640 5040 856 5098 quoque
886 5025 1015 5082 dum
1052 5040 1079 5071 ι
1108 5028 1234 5086 ﬁdei
1263 5029 1494 5086 salvaret
1520 5043 1744 5086 munera
1777 5032 1909 5102 regi,
2143 5032 2294 5090 Hanc
2335 5037 2452 5102 tibi,
2480 5053 2779 5108 prtecursor
2805 5041 3017 5098 Domini
3039 5081 3074 5108 ,-
3094 5046 3375 5101 Fardull'us
3395 5043 3602 5114 opimam

533 5115 648 5174 Rex
676 5118 776 5174 sibi
807 5115 1094 5187 przecelstts
1122 5117 1351 5188 plurima
1380 5118 1519 5174 dona
1552 5117 1718 5174 dedit.
2139 5128 2390 5186 Condidit
2415 5140 2661 5186 ornatam
2691 5131 2885 5190 divinis
2912 5136 3144 5194 cultibus
3171 5140 3376 5201 aulam,

463 5213 613 5271 inter
639 5228 760 5286 quae
786 5213 958 5269 sancti
992 5209 1217 5284 Dionysi
1236 5223 1414 5268 rector
1439 5221 1499 5268 ut
1524 5213 1658 5269 aulae
2145 5217 2280 5275 Vota
2308 5221 2407 5277 tibi
2432 5220 2689 5289 reddens,
2721 5223 2941 5294 supplex
2967 5241 3086 5296 quae
3111 5238 3328 5285 voverat
3353 5229 3494 5293 olim.

537 5306 722 5362 Fieret
749 5303 970 5361 indulsit
994 5303 1250 5376 paciﬁcus
1271 5301 1514 5360 Carolus.
2146 5309 2330 5365 Exsilii
2357 5312 2597 5382 primum
2618 5314 2780 5384 σαξρῆ
2808 5316 2934 5371 dum
2965 5333 3122 5375 nosse
3152 5319 3400 5375 laborem.

538 5449 561 5476 ει
603 5435 757 5503 Quod
781 5435 846 5492 de
875 5451 972 5491 sua
1000 5435 1054 5490 in
1097 5431 1345 5491 Carolqu
1377 5436 1480 5491 {Ide
1506 5447 1920 5498 commemorat.
1971 5442 2039 5494 ad
2143 5453 2198 5498 ct
2224 5442 2440 5498 disertis
2484 5444 2664 5498 verbis
2707 5446 2758 5499 in
2799 5447 3068 5504 Chrenico
3113 5461 3334 5504 testatur
3361 5441 3646 5502 Einhardhut

465 5507 672 5629 υἱεῖ)ῑηί
703 5508 870 5561 nostri
892 5507 1313 5577 coniurationem
1338 5506 1722 5562 conferendum
1752 5517 1853 5570 est,
1879 5523 2036 5578 quam
2142 5529 2282 5566 anno
2313 5513 2433 5569 792.
2467 5513 2786 5571 Sinitosnt's.
2833 5547 2904 5558 —-
2946 5518 3088 5574 Obiit
3135 5519 3406 5574 Fardult‘us
3428 5506 3644 5571 anno806

469 5593 498 5628 a
549 5575 775 5629 ‘arilull‘o
799 5577 1088 5629 detectum.
1113 5587 1164 5629 et
1193 5576 1498 5629 Dionvsiaui
1525 5577 1757 5629 Annales
1781 5579 2035 5629 indicant.
2144 5592 2234 5629 nul
2259 5583 2588 5629 incnmmntu-

469 5593 498 5628 a
527 5575 775 5632 Fardulfo
799 5575 1088 5641 detectum,
1113 5587 1164 5631 et
1193 5576 1498 5650 Dinnysiaui
1525 5577 1757 5631 Annales
1781 5575 2035 5642 indicant.
2144 5592 2234 5636 aut
2259 5583 2589 5652 insequente.
