3878 6172
193 245 283 302 8M
1208 243 1295 299 DE
1335 243 1914 302 RESTAUBATIONE
1954 247 2116 304 MON.
2157 245 2447 302 CENTUL.

192 357 375 437 viginti
404 370 574 437 annos
593 369 996 437 omncnrorani
1027 354 1773 437 maritimam‘_i_ncendiis,_‘ra-
1802 364 1848 419 Α
1880 357 2210 437 honorabilis
2269 357 2353 437 v_ir

189 428 332 548 ginis
388 427 643 507 omnique
693 425 1028 507 crudelitatis
1076 439 1272 494 genere
1315 425 1614 506 af'ticeroent.
1655 425 1772 478 Erit

211 511 372 548 orsan
401 511 490 548 om
520 496 726 548 dubitet
752 511 819 548 an
858 495 1150 548 Nubardus
1197 492 1538 548 Centulensns
1585 509 1771 548 mona-

211 497 372 550 ‘orsan
401 495 490 563 qui
520 492 726 548 dubitet
752 511 819 548 an
858 492 1150 548 Nithardus
1197 492 1538 548 Centulensis
1585 509 1771 548 mona-

193 568 344 621 sterii
374 566 547 620 abbas
599 563 781 624 fuerit,
833 581 899 620 co
949 565 1090 634 quod
1115 564 1445 634 iniquodam
1497 565 1770 634 rhythmo,

156 652 348 705 .quem
379 635 774 704 Angelramuus
811 633 980 688 abbas
1007 633 1347 688 Centulensis
1395 633 1770 705 de_ahbati‘bus

191 702 623 759 antecessoribus
682 706 795 758 suis
841 706 995 758 annis
1049 711 1266 758 centum
1305 711 1428 756 ante
1465 702 1766 757 Hariulfum

192 775 448 834 condidit,
486 775 720 828 omissus
748 775 818 828 sit
846 773 1152 828 Nithardus.
1197 773 1335 826 Audi
1385 769 1687 827 Hariulfum
1713 773 1767 826 in

193 843 284 896 lib.
315 860 391 908 iv,
415 859 538 913 cap.
565 843 654 908 ΓΙ,
704 853 952 913 agentem
1003 842 1070 896 de
1093 842 1495 912 Angelramuo:
1533 860 1550 893 ‹
1583 843 1632 897 ls
1663 843 1777 908 ipse

904 933 1034 1000 Quae
1055 941 1348 989 occurrunt
1375 933 1652 987 memoriae

906 1003 1246 1058 Centutensis
1268 1003 1497 1056 ρωποι)Ῑί

1050 1072 1302 1152 omnibus
1329 1073 1577 1152 egregius

911 1143 968 1197 In
995 1143 1098 1196 hac
1114 1141 1242 1194 villa
1259 1141 1594 1210 progenitus,

907 1212 1198 1268 Ocioaldus
1222 1211 1484 1280 sequitur.

3345 253 3452 310 812

2414 357 2715 434 posteritati
2779 360 3084 434 consulens,
3151 363 3452 434 catalogum

1883 428 2246 504 rhythmicum
2267 426 2617 504 dePatribus
2662 429 2833 504 sancti
2864 430 3176 504 bujusiloci,
3207 449 3312 487 non
3327 426 3455 504 ἷμιί-

1877 497 1996 550 dem
2037 513 2228 552 omnes
2250 497 2556 567 designans,
2589 498 2682 551 sed
2715 497 3084 554 tantummodo
3114 502 3230 558 illos
3252 497 3456 558 memo-

1877 581 2007 642 rans
2031 582 2262 642 quorum
2285 567 2514 642 nomina
2533 568 2618 622 vel
2645 568 2866 642 charta»,
2898 569 2980 642 vel
3010 574 3262 639 qttmliliet
3290 575 3457 642 pitta-

1875 637 2010 691 ciola
2051 637 2324 692 insinuare
2378 638 2716 703 videbantur,
2769 640 2852 692 vel
2909 637 3071 694 etiam
3129 643 3241 696 \‘ita
3284 637 3456 698 sancti

1876 705 2118 782 Richarii
2167 707 2473 782 specialiter
2513 707 3053 782 notiﬁcabat.‘(Qua’
3090 723 3378 782 sequuntur
3402 713 3458 766 in

1873 777 2022 830 editis
2047 775 2279 847 desunt.)
2324 778 2553 847 Scripsit
2581 787 2760 833 autem
2785 779 2840 832 in
2868 775 3010 834 hunc
3033 775 3272 835 modum.

1794 961 1866 971 -—
1901 929 2054 982 Licet
2083 942 2189 981 non
2216 928 2324 983 sint
2349 930 2400 983 in
2422 930 2632 995 ordine,

1793 1031 1864 1041 —
1897 999 2163 1052 Abbatum
2186 1000 2366 1054 scribo
2389 1001 2626 1054 nomina.

1791 1101 1862 1110 —
1897 1069 2092 1122 Pastor
2112 1077 2296 1122 noster
2312 1069 2620 1136 Ricbarius,

1792 1171 1862 1181 —
1903 1138 2116 1192 Primus
2141 1137 2194 1192 in
2225 1139 2348 1194 albo
2385 1140 2624 1208 ponitur.

1795 1241 1867 1250 —
1900 1208 2260 1277 Angelhertus
2289 1210 2626 1277 magnificus.

910 1283 1224 1338 Guitmarus
1245 1277 1329 1334 vir
1362 1279 1753 1335 sanctissimus.
1795 1309 1868 1320 —
1902 1277 2221 1332 Helisachar
2245 1287 2301 1332 et
2338 1277 2607 1336 Aldricus.

912 1354 1120 1420 Quibus
1158 1350 1386 1406 Hericus
1413 1351 1629 1420 additur

1797 1378 1869 1390 —
1905 1347 2352 1420 llludoguicuset
2367 1351 2582 1420 regius,

912 1417 1240 1491 Herbertus,
1279 1419 1707 1491 Sympborianus
1796 1450 1866 1459 -—
1904 1417 2225 1491 liuodulfus,
2255 1417 2669 1491 Karloniannus.

908 1491 1044 1548 Cum
1071 1488 1333 1545 Guelfone
1359 1488 1766 1556 et'Hedenoldo,
1801 1520 1873 1530 —
1907 1488 2206 1543 Gerhertus
2234 1496 2290 1542 et
2311 1488 2662 1546 Fulcbericus

909 1562 1038 1616 Post
1063 1560 1399 1630 lngelardum
1424 1561 1586 1629 igitur

910 1632 1093 1688 Sancti
1119 1631 1358 1685 imitator
1394 1630 1600 1686 ordinis

1795 1590 1866 1600 —-
1900 1558 2295 1629 Angelramnus
2317 1559 2646 1615 adscribitur

1795 1659 1866 1672 —
1899 1629 1967 1683 Et
1997 1630 2270 1684 studiosus
2296 1629 2511 1685 litteris.

258 1724 387 1802 Haec
415 1725 630 1802 quidem
689 1724 1043 1802 honorabilis.
1063 1723 1480 1802 Angelramnus.
1521 1741 1539 1774 ι
1572 1720 1680 1802 llic
1693 1735 1784 1775 ca-
1814 1726 1859 1787 Β
1887 1735 1988 1774 nus
2014 1718 2325 1802 Niitb‘ardus,
2359 1720 2695 1802 domnusque
2717 1723 2980 1802 Bibbodo,
3012 1725 3322 1802 Helgaudus
3336 1747 3471 1802 quo-

189 1796 405 1865 talogus
431 1789 534 1851 etsi
562 1803 849 1851 accuratus
873 1810 977 1865 non
1002 1794 1092 1859 sit,
1121 1789 1778 1865 dubitandi__tar_nen_fun-

189 1861 507 1919 damEntum
563 1866 766 1936 praebet
808 1867 874 1920 de
907 1864 1152 1936 Nithardi
1193 1861 1447 1936 abbatiali
1497 1861 1776 1936 dignitate.

191 1937 394 1989 Verum
423 1930 898 1991 huic'dubitationi
927 1935 1168 1990 occurrit
1193 1930 1468 1987 Hariulfus
1504 1931 1559 1984 in
1583 1930 1674 1984 lib.
1702 1947 1777 1994 tv,

1885 1805 1990 1914 gae
2035 1801 2091 1843 et
2115 1790 2448 1855 Coschinus;
2513 1790 2624 1847 duo
2671 1794 2844 1862 prima
2894 1796 2945 1849 in
2993 1790 3230 1854 codicea
3273 1790 3470 1859 ϐοὶ-εἰει

1923 1859 2081 1914 elato.
2115 1861 2331 1914 tertium
2359 1869 2539 1914 autem
2567 1863 2619 1914 in
2645 1865 2976 1914 membranis
3006 1871 3174 1914 nostri
3202 1877 3465 1914 wmnaeii

1923 1859 2081 1942 elato,
2115 1861 2539 1942 tertiumnautem
2567 1863 2625 1942 in_
2645 1859 2982 1942 membranis
3006 1871 3468 1942 nostrigymnasii

1885 1938 2281 2024 r‘epert‘a‘sunt.
2314 1930 2546 2024 NanLde
2593 1933 2791 2024 domno
2829 1933 3096 1993 Coschino
3141 1930 3296 2010 plura
3323 1946 3465 2024 apud

189 2008 378 2088 caput
394 2005 443 2068 7,
492 2005 581 2060 ubi
610 2015 730 2088 post
779 2005 934 2086 plura
959 2006 1032 2088 ita
1057 2004 1364 2088 concludit}
1403 2019 1422 2051 ι
1467 2001 1593 2082 [iam
1620 2001 1784 2088 igitur
1885 1999 2224 2088 Gemcticum
2269 2003 2575 2088 egenobium
2618 2004 2827 2088 scripta
2884 1999 3159 2088 tenentur,
3180 1999 3473 2088 eumqui-bus

189 2070 449 2149 abbatum
481 2070 717 2139 nomina,
755 2070 875 2144 qua:
897 2077 950 2149 i_n
973 2075 1154 2149 domui
1185 2071 1536 2149 Angclramni
1580 2070 1784 2149 scripto
1885 2070 2270 2149 comprobatur
2303 2071 2472 2149 isdem
2495 2073 2580 2128 vir
2615 2070 2960 2142 tam—nostri,
3011 2070 3172 2149 quam
3200 2070 3346 2137 illius
3369 2082 3468 2138 ab-

191 2145 391 2207 minus,
424 2147 477 2200 in
501 2156 686 2201 nostro
722 2139 854 2200 vero
872 2145 1084 2216 plenius
1127 2139 1417 2207 habentur,
1447 2141 1499 2195 id
1522 2148 1606 2194 est
1630 2139 1783 2194 dom-

1888 2140 1986 2193 bas
2028 2140 2194 2195 fuisse
2215 2140 2338 2196 loci.
2377 2160 2395 2192 ι

632 2372 812 2482 DE
899 2364 2087 2483 RESTAURATIONE
2172 2369 3046 2490 MONASTERII

1459 2575 2194 2658 CENTULENSIS.

1547 2735 1710 2801 (Apud
1737 2731 1946 2797 Mabill.,
1971 2734 2115 2798 ibid.)

268 2970 388 3042 Ego
430 2966 779 3038 Angilbertus
817 2961 1169 3020 considerans
1192 2972 1257 3013 ac
1278 2952 1690 3026 diligentissima
1714 2948 1796 3002 in-

1904 2947 2064 3016 hujus
2117 2949 2238 3005 fidei
2290 2950 2553 3008 rationem
2596 2953 2648 3010 in
2699 2955 3082 3027 omnipotentis
3122 2957 3216 3017 Dei
3263 2966 3482 3022 nomine

197 3015 564 3136 vestigationue
593 3068 649 3116 et
673 3057 872 3114 mentis
909 3053 1102 3110 affectu
1161 3056 1524 3123 pertractans,
1561 3042 1795 3114 qualiter
1817 3015 1868 3082 θ
1896 3047 2010 3095 tres
2034 3040 2293 3098 ecclesias
2335 3044 2680 3114 principales,
2727 3015 2863 3103 cum-
2889 3050 3146 3107 membris
3188 3054 3256 3108 ad
3285 3070 3345 3111 se
3362 3071 3486 3127 per-

196 3173 313 3212 una
336 3132 462 3211 cum
490 3165 758 3208 consensu
783 3147 1011 3202 fratrum
1038 3157 1283 3198 meorum
1309 3147 1366 3196 et
1397 3137 1640 3194 omnium
1663 3132 1795 3188 fide-

198 3247 336 3303 lium
376 3255 579 3300 sanctae
625 3239 885 3296 Ecclesia:
937 3246 1366 3302 ceterorumque
1396 3231 1662 3287 bonorum
1698 3229 1796 3282 ho-

200 3337 436 3398 minum,
468 3334 612 3388 hunc
641 3337 888 3386 sanctum
915 3327 1113 3391 locum,
1151 3325 1284 3379 mihi
1310 3323 1435 3378 licet
1481 3320 1699 3391 indigno
1726 3319 1796 3371 ab

197 3428 572 3499 omnipotente
599 3423 732 3488 Deo,
761 3429 816 3476 et
841 3417 1294 3474 excellentissimo
1315 3413 1533 3470 domino
1555 3425 1675 3466 meo
1695 3408 1795 3464 Ca-

209 3521 334 3577 rolo
386 3517 736 3574 serenissimo
783 3507 1028 3584 Augusto
1052 3523 1077 3550 δ
1104 3509 1172 3563 ad
1209 3505 1619 3579 gubernandum
1646 3516 1796 3558 com-

199 3613 456 3675 missum,
513 3607 808 3663 auxiliante
843 3603 1074 3659 Domino
1119 3603 1176 3656 in
1225 3599 1418 3654 melius
1467 3595 1800 3652 rezedificare

202 3701 537 3762 voluissem;
566 3704 629 3753 ut
651 3694 906 3752 monachi
936 3700 991 3749 et
1023 3691 1211 3748 caeteri
1237 3689 1425 3744 famuli
1450 3687 1651 3744 ibidem
1671 3701 1796 3740 con-

198 3792 484 3853 sistentes,
511 3789 599 3844 vel
642 3788 808 3843 etiam
847 3797 1192 3841 successores
1241 3779 1434 3843 nostri,
1467 3777 1559 3848 qui
1600 3791 1700 3848 per
1721 3776 1802 3830 di-

200 3895 366 3935 versa
394 3887 699 3948 temporum
753 3876 927 3947 spatia
981 3872 1282 3929 successuri
1307 3877 1487 3934 erunt,
1519 3869 1631 3923 Deo
1651 3867 1800 3922 mili-

202 3981 328 4025 tare
364 3983 466 4039 pro
495 3983 581 4023 me
607 3975 663 4021 et
689 3981 789 4036 pro
826 3964 1090 4036 praedicto
1146 3961 1366 4018 domino
1409 3973 1530 4014 meo
1557 3957 1798 4029 ejusdem

205 4061 306 4116 Dei
333 4058 680 4115 clementiam
719 4057 984 4112 attentius
1012 4054 1230 4109 valeant
1275 4051 1588 4122 implorare,
1614 4057 1803 4120 quate-

207 4169 318 4209 nus
353 4152 461 4206 illis
486 4149 628 4206 facta
667 4157 854 4206 nostra
896 4150 962 4204 ad
1007 4155 1324 4218 perpetuam
1357 4143 1802 4208 consolationem,

205 4244 499 4314 nobisque,
531 4243 621 4312 qui
649 4257 751 4312 pro
773 4241 868 4298 Dei
889 4255 1074 4296 amore
1093 4237 1480 4301 laboravimus,
1508 4235 1614 4290 illis
1642 4249 1804 4292 oran-

1899 3132 2212 3201 tinentibus,
2246 3136 2299 3190 in
2336 3136 2438 3194 hoc
2467 3149 2655 3196 sancto
2703 3141 2842 3209 loco,
2872 3144 3100 3200 Domino
3135 3161 3482 3220 cooperante,

1898 3237 1954 3283 et
1980 3231 2238 3300 przedicto
2294 3235 2512 3291 domino
2567 3237 2810 3308 Augusto
2849 3237 3091 3306 iuvante,
3119 3238 3343 3296 fundare
3371 3249 3486 3296 stu-

1899 3319 2116 3377 duimus
2143 3341 2156 3377 :
2185 3339 2412 3393 quarum
2441 3325 2613 3396 major
2634 3337 2690 3383 et
2716 3330 2890 3398 prima
2932 3339 3013 3385 est
3050 3332 3100 3386 in
3127 3332 3334 3388 honore
3359 3349 3484 3388 sau-

1899 3407 1971 3462 cti
1998 3406 2296 3468 Salvatoris
2321 3423 2375 3468 et
2396 3417 2568 3471 sancti
2598 3416 2837 3473 Ricbarii
2863 3435 2878 3484 ;
2908 3419 3010 3473 alia
3042 3421 3096 3475 in
3126 3421 3331 3477 honore
3352 3438 3476 3477 sau-

1899 3505 2002 3553 cta:
2024 3501 2303 3566 genitricis
2352 3514 2675 3577 semperque
2728 3509 2956 3581 virginis
2983 3509 3166 3565 Mariae
3193 3519 3248 3564 et
3273 3522 3487 3567 sancto-

1901 3605 2021 3644 rum
2064 3594 2465 3664 apostolorum;
2501 3600 2661 3654 tertia
2712 3615 2841 3656 vero
2867 3601 2920 3656 in
2962 3601 3203 3658 claustro
3251 3602 3484 3659 fratrum

1901 3679 1956 3734 in
1983 3681 2191 3762 honore
2245 3688 2416 3742 sancti
2467 3685 2742 3745 Benedicti
2798 3691 3012 3747 abbatis
3041 3702 3096 3747 et
3148 3691 3481 3762 reliquorum

1902 3783 2214 3833 sanctorum
2246 3779 2572 3852 regularium
2594 3783 2885 3850 abbatum;
2914 3801 3034 3855 quae
3069 3785 3234 3841 etiam
3263 3785 3494 3841 mirifico

1902 3870 2092 3926 ordine
2118 3871 2379 3930 dedicatae
2409 3884 2535 3931 sunt
2555 3893 2586 3932 a
2607 3879 3010 3934 venerabilihus
3047 3879 3332 3935 duodecim
3359 3895 3486 3935 san»

1903 3962 2006 4018 ctis
2039 3964 2325 4036 episcOpis,
2356 3983 2589 4039 quorum
2636 3971 2853 4025 nomina
2905 3972 2976 4026 ob
3003 3972 3407 4026 venerationem
3437 3981 3493 4026 ct

1904 4057 2220 4112 memoriam
2257 4059 2471 4116 illorum
2522 4062 2649 4117 huic
2695 4062 2954 4132 opusculo
3010 4061 3342 4118 adnectenda
3372 4075 3493 4115 esse

1896 4146 2277 4216 judicavimus.
2332 4151 2398 4206 Hi
2422 4162 2547 4207 sunt
2577 4151 2975 4225 Megimbardus
2997 4139 3357 4206 Rodomensis
3385 4150 3488 4204 Ec-

1904 4237 2084 4292 clesiae
2115 4240 2260 4295 sedis
2286 4241 2609 4297 venerabilis
2643 4241 3102 4310 archiepiscopus,
3145 4239 3409 4310 Georgius
3433 4240 3481 4300 ι’,

204 4339 363 4393 tibus
391 4337 458 4390 ad
491 4336 793 4392 mercedem
819 4333 1105 4404 proficiant
1152 4331 1536 4400 sempiternam
1564 4345 1578 4392 ;
1611 4341 1800 4382 secun-
1832 4352 1881 4412 ι)
1905 4329 2163 4398 Absalon,
2189 4330 2492 4412 Gerfridus,
2525 4333 2710 4397 Pleon,
2752 4332 3156 4402 Hildiguardus,
3213 4331 3486 4387 Theodoi-

206 4431 342 4484 dum
371 4427 517 4498 quod
548 4427 688 4480 ratio
734 4424 999 4496 permisit,
1031 4432 1087 4478 et
1132 4422 1464 4492 possibilitas
1487 4429 1670 4476 nostra
1703 4419 1799 4474 ad-

205 4517 587 4584 ministravit,
628 4531 735 4570 non
801 4525 979 4569 tamen
1035 4526 1297 4583 quantum
1363 4512 1652 4573 voluimus,
1712 4509 1806 4565 scd

208 4616 482 4676 quantum
527 4606 883 4668 occurrimus,
937 4604 1077 4658 sicut
1106 4604 1159 4658 in
1187 4603 1538 4673 sequentibus
1567 4601 1808 4656 declara-

207 4708 326 4763 tur,
358 4697 609 4751 laborare
639 4695 968 4750 curavimus.

289 4785 433 4853 Quia
458 4784 621 4855 igitur
640 4785 819 4839 omnis
847 4783 996 4854 plebs
1027 4783 1269 4839 fidelium
1297 4782 1697 4837 sanctissimam
1728 4790 1810 4836 at-

208 4894 326 4952 que
357 4877 772 4947 inseparabilem
801 4876 1121 4931 Trinitatem
1171 4875 1441 4940 confiteri,
1482 4874 1730 4930 venerari
1757 4883 1811 4928 et

208 4977 406 5025 mente
441 4968 640 5032 colere,
673 4966 1005 5037 ﬂrmiterque
1050 4969 1272 5024 credere
1299 4967 1478 5030 debet,
1515 4966 1810 5022 secundum

289 5115 318 5142 ι
365 5101 502 5155 llinc
549 5109 697 5169 patet
757 5099 1173 5155 instrumentum
1227 5101 1367 5158 istud
1415 5100 1718 5156 confectum
1744 5102 1812 5154 ab
1853 5081 1876 5120 \

207 5172 548 5243 Angilbertp
578 5169 745 5243 fuisse
777 5179 898 5243 post
923 5187 1122 5225 annum
1151 5171 1676 5243 octingentesimum,
1707 5186 1814 5238 quo

207 5249 460 5321 exeunte
497 5240 1051 5321 carem-{Augustus
1095 5243 1271 5297 dictus
1305 5240 1706 5309 coronatusque
1731 5251 1816 5295 est

208 5312 418 5367 Romae
446 5311 499 5364 in
529 5309 702 5364 Natali
735 5309 967 5364 Domini.

297 5382 327 5421 δ
367 5381 449 5434 Ex
480 5380 563 5434 his
616 5381 902 5452 episcopis,
961 5380 1814 5452 praetergMegimhardumLmihi

205 5458 442 5522 tantum
470 5457 619 5522 certo
649 5450 760 5504 noti
812 5450 1123 5522 suutPleon
1149 5450 1608 5522 Noviolnagensis,
1638 5450 1816 5504 Theo-

209 5520 430 5577 doiuus
469 5518 896 5590 Taruennensis,
947 5521 1325 5590 Hildiguardus
1369 5518 1461 5579 seu
1493 5521 1816 5574 HildoarJus

203 5591 609 5648 Atrebatensis
652 5598 706 5643 et
754 5587 1187 5646 Camaracensis.
1229 5591 1304 5645 Ex
1365 5591 1485 5646 aliis
1535 5591 1718 5644 nescio
1749 5606 1819 5644 an

209 5659 502 5730 Georgius
545 5659 705 5714 fuerit
749 5659 1148 5725 Ambianensis,
1181 5671 1236 5717 et
1286 5661 1608 5717 Benedictus
1638 5658 1816 5715 Ande-

559 5751 835 5812 PATBOL.
883 5751 1106 5815 XCIX.

1907 4435 2030 4485 nus,
2078 4409 2396 4477 Ydelmarus
2435 4421 2582 4495 μσς.
2633 4421 3018 4495 llidelmarus].
3067 4421 3412 4487 Benedictus,
3441 4429 3495 4477 et

1907 4509 2163 4567 Kellanus
2207 4509 2603 4582 praeclarissimi
2641 4513 2875 4582 episcopi
2908 4531 2920 4565 :
2988 4511 3222 4567 Joannes
3270 4525 3401 4566 vero
3433 4520 3489 4566 et

1909 4602 2164 4660 Passivus
2185 4615 2383 4661 sanctze
2418 4605 2512 4661 Dei
2537 4605 2794 4660 Romanae
2845 4605 3101 4661 Ecclesite
3146 4605 3330 4676 legati,
3357 4619 3495 4675 pra:-

1911 4694 2054 4751 sules
2101 4694 2442 4751 nobilissimi.
2479 4693 2618 4751 Nam
2669 4697 2838 4752 altare
2887 4697 3060 4752 sancti
3090 4695 3408 4762 Salvatoris,
3441 4698 3495 4752 in

1910 4801 2019 4855 quo
2041 4787 2228 4854 posita:
2254 4794 2380 4841 sunt
2418 4786 2657 4855 reliquiae
2683 4785 2799 4855 ejus
2821 4796 2875 4842 et
2900 4795 3207 4848 sanctorum
3238 4787 3497 4842 Innocen-

1913 4877 2071 4941 tium,
2111 4875 2202 4947 qui
2232 4891 2330 4946 pro
2360 4891 2424 4932 eo
2453 4877 2596 4946 passi
2619 4887 2744 4931 sunt
2774 4895 2788 4944 ;
2819 4888 2875 4934 et
2897 4878 3067 4932 altare
3093 4879 3267 4933 sancti
3298 4879 3497 4934 Richa-

1912 4969 2004 5034 rii,
2032 4967 2085 5021 in
2112 4983 2219 5038 quo
2254 4976 2383 5022 sunt
2407 4967 2649 5038 reliquia:
2678 4977 2880 5023 sancte
2907 4969 3186 5039 genitricis
3234 4969 3415 5023 Marim
3441 4979 3494 5024 et

1914 5104 2166 5173 gavcnsis
2201 5099 2558 5173 Gerfridushis
2584 5100 2714 5173 mihi
2740 5099 2970 5173 videtur,
2998 5116 3156 5170 quem
3191 5100 3373 5173 laudat
3400 5099 3492 5153 Al-

1914 5169 2106 5228 cuinus
2131 5173 2183 5226 in
2214 5171 2453 5241 carmine
2481 5169 2571 5236 50,
2602 5171 2693 5224 ubi
2721 5172 3004 5241 episcopus
3022 5169 3085 5224 in
3112 5169 3338 5241 ecclesia
3361 5184 3496 5238 qua-

1915 5244 2038 5296 dam
2069 5242 2240 5296 beata:
2291 5239 2470 5298 Maria:
2517 5256 2669 5295 sacra
2714 5236 2877 5296 fuisse
2903 5236 3266 5300 'memoratur,
3313 5236 3494 5290 forsan

1918 5313 1970 5366 in
2014 5311 2392 5365 Laudunensi:
2441 5310 2592 5379 cujus
2632 5311 2773 5365 sedis
2800 5311 3170 5380 episcoporum
3213 5305 3380 5360 series
3430 5316 3496 5356 ac

1920 5391 2132 5450 tempus
2161 5380 2458 5451 regiminis,
2490 5377 2676 5435 eorum
2706 5377 2909 5434 scilicet
2928 5377 3018 5451 qui
3040 5387 3319 5451 o_ctavo__ac
3349 5389 3491 5451 nono

1918 5443 2114 5507 sarculo
2148 5443 2422 5515 viferunt,
2447 5443 2662 5520 corrigi
2690 5451 2848 5520 debet
2873 5443 3174 5520 ex'duabus
3215 5443 3492 5520 Hin‘cmari

1919 5522 2242 5576 Rhemensis
2292 5514 2734 5590 epistolistquze
2792 5518 2843 5570 in
2888 5515 3187 5590 laablrcanze
3241 5514 3498 5572 editionis

1919 5592 2281 5647 Conciliorum
2309 5586 2453 5647 {omo
2477 5589 2588 5644 Vill
2614 5586 2802 5644 recens
2828 5586 3057 5656 vulgata:
3079 5592 3224 5639 sunt.

2990 5741 3064 5809 2!
