3868 6174
438 254 553 312 *845

1406 238 1465 293 s.
1504 200 1988 289 ANGILBERTUS
2034 223 2246 277 ansas
2296 218 2794 277 cemmmsrs.

3558 228 3641 281 8M

449 368 693 438 ejusdem
724 363 893 421 sancti
925 358 1165 415 lticharii
1191 373 1203 420 ;
1234 356 1402 409 altare
1427 348 1599 406 sancti
1630 343 1796 407 Petri,
1832 343 1886 395 in
1915 352 2022 408 quo
2057 340 2095 394 Λ
2127 333 2272 388 mino
2300 342 2626 403 cooperante
2674 348 2794 401 quae
2841 334 3099 388 hactenus
3146 336 3519 405 conspiciuntur
3540 357 3646 397 con-

455 429 697 528 reliquia:
741 452 857 522 ejus
886 456 940 504 et
991 446 1165 503 sancti
1195 443 1348 498 Pauli
1377 437 1658 507 sanctique
1694 429 2025 490 Clementis;

438 520 623 608 altare
652 520 822 602 sancti
844 540 1067 597 Joannis
1095 536 1367 605 Baptistae,
1407 533 1461 586 in
1486 545 1593 600 quo
1623 524 1863 594 reliquite
1891 520 2030 590 ejus,

453 654 510 698 et
537 636 812 695 Zacharixe
836 633 1008 704 patris
1056 628 1260 700 ipsius;
1292 624 1466 681 altare
1520 618 1693 677 sancti
1749 609 2030 683 Stephani,

452 739 508 791 in
536 747 643 804 quo
668 702 909 798 reliquiae
953 723 1071 794 ejus
1107 730 1163 777 et
1187 716 1483 781 Simeonis,
1538 713 1629 783 qui
1667 706 1955 765 Dominum
1977 702 2033 757 in

452 828 613 881 ulnas
640 818 914 889 suscepit;
948 816 1120 870 altare
1154 809 1327 868 sancti
1374 806 1637 875 Quintilii,
1671 802 1725 856 in
1769 813 1876 870 quo
1903 794 2031 851 reli-

455 916 595 985 quiae
621 914 737 983 ejus
764 887 819 966 et
843 915 1151 965 sanctorum
1205 900 1441 972 Crispini
1467 906 1522 954 et
1547 891 1873 965 Crispiniani
1906 906 1918 942 :
1952 887 2035 942 al-

441 978 572 1059 tare
601 978 805 1058 sanctm
850 997 1058 1060 Crueis,
1085 995 1136 1049 in
1164 1008 1270 1062 quo
1295 989 1538 1059 reliquias
1567 984 1698 1056 ligni
1725 982 1893 1052 ipsius
1917 1021 1933 1044 ,
1965 978 2037 1033 al-

456 1107 575 1150 tare
602 1092 775 1150 sancti
811 1087 1070 1159 Dionysii,
1096 1087 1148 1141 in
1175 1099 1282 1155 quo
1310 1079 1551 1150 reliquiae
1578 1078 1714 1148 ejus,
1743 1071 1953 1131 Rustici
1981 1077 2036 1126 et

448 1185 752 1243 .Eleutherii
782 1199 797 1249 ;
830 1181 1002 1236 altare
1055 1176 1228 1233 sancti
1276 1170 1542 1234 Mauricii,
1572 1168 1627 1222 in
1654 1181 1759 1237 quo
1799 1161 2038 1232 reliquiae

459 1278 599 1348 ejus,
643 1272 925 1345 Exsuperii
971 1278 1027 1325 et
1047 1264 1272 1324 Candidi
1300 1281 1315 1330 ;
1346 1262 1517 1317 altare
1537 1257 1707 1315 sancti
1738 1254 2036 1316 Laurentii,

458 1346 514 1425 in
552 1383 659 1438 quo
711 1363 952 1434 reliquiae
999 1359 1137 1429 ejus,
1191 1354 1497 1412 Sebastiani
1542 1360 1599 1406 et
1640 1346 1950 1410 Valeriani;
1984 1351 2040 1399 et

461 1437 635 1515 altare
666 1456 837 1513 sancti
862 1451 1096 1517 Martini,
1123 1451 1176 1503 in
1201 1462 1308 1518 quo
1332 1444 1575 1513 reliquize
1604 1440 1739 1512 ejus,
1769 1447 1822 1493 et
1850 1437 2043 1492 Reme-

459 1552 557 1619 dii,
613 1546 851 1613 V'cdasti,
911 1541 1168 1605 Medardi,
1229 1534 1520 1601 Gualarici,
1573 1532 1731 1602 Lupi,
1787 1526 2039 1592 Servatii,

461 1638 719 1697 Germani
743 1644 904 1707 atque
930 1630 1106 1703 Eligii.
1139 1629 1197 1684 ln
1231 1626 1458 1684 ecclesia
1508 1638 1638 1678 vero
1663 1620 1836 1676 sancti
1865 1619 2040 1672 Bene-

2134 429 2359 489 structa,
2398 423 2558 478 sicuti
2605 430 2923 488 cernuntur,
2952 424 3126 478 omnia
3150 439 3179 478 a
3208 423 3538 485 fundamentis
3555 439 3647 487 stu-

2133 514 2348 576 duimus
2402 514 2751 578 reaedificare,
2801 521 2859 569 et
2884 522 2945 569 ut
2989 514 3314 572 habitatores
3360 518 3488 576 illius
3533 522 3650 578 ineo

2133 603 2422 659 missarum
2450 603 2712 658 solemnia
2739 603 3105 673 frequentare,
3143 616 3197 659 et
3218 607 3541 678 omnipotenti
3564 611 3650 667 Do-

2134 695 2281 750 mino
2314 693 2651 751 delectentur
2697 695 2991 763 deservire,
3048 696 3163 767 ipso
3212 697 3498 769 adjuvante,
3524 719 3652 759 muro

2134 788 2445 844 curavimus
2472 786 2700 841 firmiter
2730 787 2957 843 ambire.

2206 903 2346 958 Dum
2365 903 2509 958 enim
2542 903 2901 973 praescriptas
2931 902 3189 959 ecclesias
3210 904 3444 975 prudenti
3467 910 3652 965 consito

2136 994 2192 1049 in
2221 995 2425 1050 honore
2479 993 2692 1048 Domini
2721 994 2895 1050 nostri
2942 992 3072 1050 Jesu
3092 994 3312 1062 Christi,
3337 1012 3532 1069 suaeque
3565 1001 3653 1072 glo-

2138 1084 2297 1140 riosae
2340 1082 2642 1156 genitricis,
2683 1089 2740 1137 et
2762 1083 3004 1138 omnium
3034 1091 3338 1140 sanctorum
3385 1085 3505 1155 ejus,
3545 1089 3653 1144 sicut

2137 1190 2299 1246 supra
2324 1174 2588 1244 scriptum
2629 1183 2734 1239 est,
2765 1171 3019 1230 fundatas
3044 1176 3472 1246 perspieemmus,
3498 1193 3654 1250 magno

2138 1265 2405 1323 desiderio
2437 1266 2714 1337 nimioque
2760 1266 2963 1322 amoris
3009 1266 3203 1323 ardore
3246 1283 3422 1325 sumus
3463 1273 3653 1337 accensi,

2139 1366 2200 1415 ut
2216 1358 2512 1415 secundum
2534 1358 2953 1429 possibilitatem
2979 1365 3243 1424 nostram,
3272 1360 3448 1416 eodem
3470 1360 3655 1417 Domino

2139 1453 2454 1520 miserante,
2499 1458 2713 1522 partem
2774 1450 3127 1521 reliquiarum
3165 1451 3371 1506 illorum
3397 1461 3655 1507 sanctorum

2141 1544 2209 1598 ad
2237 1542 2510 1598 ornandus
2557 1540 2774 1597 easdem
2830 1548 3048 1596 sanctas
3094 1540 3189 1597 Dei
3215 1541 3454 1598 ecclesias
3475 1543 3655 1613 adipisci

2141 1649 2497 1690 mereremur.
2547 1631 2888 1702 Quapropter
2926 1632 3055 1687 totis
3093 1632 3297 1688 viribus
3325 1641 3516 1704 totaque
3534 1649 3654 1690 men-

456 1730 593 1786 dicti
620 1728 791 1783 altare
819 1703 1018 1795 ipsius,
1049 1721 1101 1775 in
1123 1733 1230 1789 quo
1258 1722 1385 1772 sunt
1426 1712 1668 1784 reliquia:
1697 1709 1831 1779 ejus,
1858 1715 1915 1763 et
1932 1706 2041 1761 An—

2151 1725 2214 1780 tis
2239 1725 2536 1781 intentione
2561 1723 2812 1779 laborare
2839 1722 3234 1788 contendimus,
3263 1703 3475 1794 qualiter
3489 1739 3569 1794 per
3585 1741 3657 1777 an-

464 1818 595 1874 touii
619 1825 676 1873 et
696 1810 1046 1876 Columbani;
1078 1809 1248 1864 altare
1292 1805 1465 1862 sancti
1495 1800 1826 1873 Hieronymi,
1853 1799 1906 1853 in
1934 1813 2041 1868 quo

463 1916 591 1967 sunt
642 1906 885 1976 reliquite
930 1901 1070 1973 ejus,
1099 1899 1336 1971 Ephrem
1360 1905 1415 1951 et
1444 1892 1673 1965 Equitii
1700 1903 1726 1932 α
1753 1907 1769 1958 ;
1800 1898 1856 1946 et
1874 1889 2044 1943 altare

465 2001 640 2061 sancti
669 1996 938 2070 Gregorii,
968 1994 1022 2048 in
1061 2008 1168 2063 quo
1196 1989 1437 2060 reliquia:
1467 1985 1601 2056 ejus,
1626 1983 1845 2040 Eusebii
1866 1990 1920 2037 et
1946 1980 2045 2035 lsi-

462 2096 588 2153 dori
612 2111 630 2162 ;
654 2094 725 2149 ab
753 2089 958 2148 eisdem
996 2085 1111 2156 jam
1143 2082 1305 2139 dictis
1326 2076 1668 2136 electissimis
1696 2073 1829 2129 viris
1856 2072 2043 2128 condi-

461 2202 569 2260 gne
615 2160 684 2241 ac
718 2178 1127 2251 diligentissime
1179 2187 1301 2229 cum
1344 2166 1546 2242 ingenti
1609 2163 1804 2236 gaudio
1834 2162 1935 2217 sub
1961 2160 2047 2215 die

467 2250 1091 2333 "KalendarumJanuarii
1122 2264 1341 2320 fuerunt
1374 2258 1601 2314 Domino
1625 2260 1959 2311 consecrata.
1988 2250 2047 2304 ln

467 2368 697 2427 ecclesia
723 2364 923 2421 etenim
971 2362 1144 2417 beatae
1172 2356 1355 2412 Mariae
1381 2351 1610 2421 virginis
1659 2349 1832 2404 altare
1855 2345 2044 2417 ipsius,

466 2463 525 2516 in
554 2474 661 2529 quo
685 2454 979 2512 recondita:
1014 2459 1141 2507 sunt
1169 2446 1414 2517 reliquize
1449 2444 1566 2514 ejus
1603 2450 1658 2497 et
1682 2447 1885 2496 sanctae
1909 2436 2043 2491 Feli-

468 2527 669 2615 citatis,
714 2547 1011 2616 Perpetua,
1042 2540 1287 2611 Agatbze,
1337 2534 1585 2605 Agnetis,
1626 2530 1827 2596 Lucize,
1876 2527 2047 2584 Caeci-

458 2646 575 2707 .lite,
623 2637 944 2696 Anastasim,
987 2628 1326 2692 Gerctrudis,
1376 2633 1431 2679 et.
1476 2621 1822 2685 Petronillae;
1877 2617 2049 2672 altare

469 2732 644 2791 sancti
672 2727 848 2791 Pauli,
888 2725 942 2778 in
971 2738 1078 2792 quo
1125 2718 1366 2788 reliquiae
1416 2714 1554 2785 ejus,
1594 2711 1854 2767 Barnabte
1875 2717 1931 2765 et
1960 2708 2049 2763 Ti-

471 2822 673 2882 mothei
701 2836 717 2888 ;
744 2818 916 2873 altare
951 2812 1121 2869 sancti
1146 2810 1385 2873 Thomae,
1411 2806 1468 2861 in
1504 2819 1612 2876 quo
1652 2800 1892 2872 reliquiae
1910 2798 2047 2868 ejus,

473 2912 740 2971 Ambrosii
783 2922 837 2966 et
860 2906 1123 2979 Sulpicii;
1152 2903 1323 2957 altare
1374 2898 1547 2955 sancti
1589 2893 1920 2967 Philippi,in
1946 2907 2052 2962 quo

476 3005 714 3076 reliquiae
739 3002 876 3072 ejus,
907 2997 1155 3055 Silvestri
1188 3004 1243 3050 et
1270 2992 1503 3059 Leonis;
1535 2990 1708 3045 altare
1748 2984 2053 3043 sanctiAn-

474 3099 638 3164 dre-.e,
665 3096 720 3150 in
756 3107 861 3164 quo
894 3088 1134 3160 reliquiae
1185 3084 1322 3155 ejus,
1374 3080 1594 3153 Georgii
1617 3088 1673 3137 et
1716 3076 2049 3141 Alexandri;

475 3190 642 3248 altare
668 3185 842 3244 sancti
885 3182 1092 3247 Jacobi,
1122 3180 1177 3234 in
1217 3192 1325 3249 quo
1374 3174 1614 3245 reliquiae
1655 3171 1794 3241 ejus,
1822 3168 2058 3240 Xystiet

472 3278 839 3355 Apollinaris;
893 3275 1065 3329 altare
1114 3269 1259 3326 beati
1320 3265 1542 3322 Joannis
1592 3260 1970 3330 Evangelistae,
2004 3257 2057 3311 in

474 3350 581 3447 quo
612 3369 851 3441 reliquiae
887 3364 1024 3434 ejus,
1062 3362 1181 3418 Lini
1205 3368 1260 3417 et
1306 3358 1442 3415 Cleti
1470 3374 1485 3423 ;
1518 3356 1687 3411 altare
1731 3351 1904 3410 sancti
1927 3350 2059 3405 Bar-

432 3484 443 3491 ν
476 3441 769 3525 tltolomazi,
795 3459 849 3512 in
875 3471 981 3526 quo
1010 3451 1250 3522 reliquiae
1270 3450 1406 3521 ejus,
1443 3447 1635 3519 lgnatii
1660 3454 1715 3501 et
1735 3441 2013 3514 Polycarpi
2041 3458 2055 3507 ;

475 3558 648 3613 altare
679 3551 852 3610 sancti
893 3545 1150 3611 Simonis,
1175 3543 1229 3596 in
1260 3556 1367 3612 quo
1411 3539 1650 3608 reliquiae
1686 3535 1823 3605 ejus,
1853 3534 2061 3590 Cosmze

476 3658 532 3703 et
546 3643 787 3701 Damiani
806 3659 821 3707 ;
847 3640 1016 3694 altare
1028 3634 1198 3691 sancti
1211 3632 1466 3697 Mattlnei,
1484 3632 1536 3684 in
1551 3645 1659 3700 quo
1671 3625 2058 3698 reliquiaeejus,

482 3737 648 3792 Marci
661 3733 916 3795 etLucaa;
940 3729 1112 3782 altare
1132 3723 1305 3779 sancti
1326 3720 1598 3783 Thaddtei,
1620 3721 1672 3772 in
1686 3733 1793 3787 quo
1823 3718 2062 3787 reliquiae

482 3827 619 3897 ejus,
648 3818 862 3878 Nazarii
892 3826 948 3873 et
973 3814 1199 3879 Vitalis;
1238 3812 1407 3866 altare
1443 3809 1614 3866 sancti
1666 3806 1854 3864 Jacobi
1876 3805 2063 3864 fratris

482 3915 720 3981 Domini,
745 3913 800 3967 in
826 3925 932 3981 quo
984 3906 1224 3976 reliquiae
1268 3905 1405 3975 ejus,
1434 3903 1680 3958 Gervasii
1709 3910 1764 3957 et
1783 3901 2013 3957 Protasii
2045 3919 2058 3966 ;

481 4010 655 4067 altare
681 4004 854 4064 sancti
885 4000 1142 4064 Matthiae,
1186 3997 1238 4051 in
1270 4010 1378 4066 quo
1429 3993 1667 4064 reliquire
1692 3992 1827 4063 ejus,
1874 3993 2062 4048 Hilarii

482 4108 538 4157 et
566 4094 893 4170 Augustini;
933 4098 1088 4148 sexto
1117 4087 1241 4143 ldus
1288 4084 1623 4155 Septembris
1649 4084 1704 4137 in
1732 4082 1849 4152 ejus
1874 4097 2059 4138 sacra-

483 4192 691 4248 tissima
716 4185 1009 4242 Nativitate
1030 4197 1060 4236 a
1085 4177 1481 4234 venerabilibus
1513 4174 1800 4245 episcopis,
1831 4172 2064 4244 Georgio

481 4282 754 4345 videlicet,
778 4275 1074 4338 Absalone,
1121 4271 1338 4336 Pleone,
1371 4277 1425 4325 et
1448 4266 1700 4325 Gerfrido
1744 4268 1949 4323 honore
1978 4268 2071 4323 ὥς

2141 1816 2331 1871 xilium
2367 1812 2755 1885 omnipotentis
2789 1812 2884 1868 Dei
2925 1820 2981 1867 et
3003 1810 3327 1882 adjutorium
3370 1812 3559 1885 gloriosi
3584 1813 3658 1867 do-

2142 1906 2274 1961 mini
2298 1904 2401 1959 mei
2426 1903 2606 1974 magni
2651 1902 2993 1973 imperatoris
3018 1902 3089 1957 de
3113 1902 3338 1958 diversis
3370 1904 3581 1974 partibus
3597 1912 3659 1957 to-

2144 1998 2251 2053 tius
2282 1994 2728 2061 Christianitatis,
2756 2002 2990 2065 quantas
3014 2002 3072 2050 et
3094 1994 3278 2063 quales
3302 1994 3379 2050 vel
3403 1995 3527 2050 unde
3555 1993 3655 2047 alla-

2145 2100 2230 2147 tas
2278 2091 2571 2146 recondere
2593 2091 2647 2144 in
2675 2091 2779 2147 hoc
2808 2099 2998 2147 sancto
3031 2092 3150 2148 loco
3174 2091 3659 2161 valuissemusrprout

2146 2184 2200 2238 in
2245 2183 2703 2252 consequentibus
2736 2191 2924 2254 patet:
2957 2184 3014 2238 id
3056 2193 3142 2240 est
3163 2185 3214 2239 in
3235 2186 3413 2255 primis
3438 2186 3496 2241 de
3511 2194 3658 2246 sancta

2148 2276 2386 2331 Romana
2415 2274 2676 2341 Ecclesia,
2709 2275 2971 2348 largiente
2995 2277 3156 2335 bona:
3181 2279 3436 2333 memoria:
3464 2278 3657 2333 Adriano

2138 2382 2360 2445 summo
2396 2367 2669 2439 pontifice,
2693 2376 2751 2423 et
2772 2377 2896 2439 post
2920 2383 3049 2424 eum
3076 2370 3360 2426 venerabili
3383 2371 3538 2425 Leone
3555 2386 3659 2441 papa

2150 2458 2393 2515 Romano
2420 2475 2434 2524 ;
2465 2459 2531 2514 de
2565 2457 3054 2531 Constantinopoli,
3100 2462 3182 2517 vel
3225 2454 3569 2534 Hierosolymis
3589 2477 3662 2532 per

2149 2551 2356 2623 legatos
2383 2550 2508 2607 illuc
2535 2566 2566 2604 a
2594 2552 2810 2608 domino
2851 2567 2973 2608 meo
3035 2554 3286 2619 directos,
3330 2555 3393 2609 ad
3425 2570 3511 2610 nos
3531 2568 3662 2623 usque

2150 2643 2397 2705 delatas;
2449 2644 2643 2699 deinde
2703 2645 2770 2700 de
2826 2645 3003 2711 Italia,
3070 2645 3372 2711 Germania,
3410 2645 3661 2717 Burgundia

2150 2743 2312 2806 atque
2369 2733 2541 2791 Gallia
2597 2751 2629 2789 a
2664 2736 3025 2791 sanctissimis
3082 2738 3342 2803 Patribus,
3401 2738 3663 2809 patriart’ltis

2150 2829 2420 2892 videlicet,
2452 2829 2893 2900 archiepiscopis,
2924 2845 3141 2886 necnon
3170 2832 3421 2904 episcopis
3438 2842 3578 2904 atque
3594 2835 3663 2887 illl-

2151 2921 2369 2977 batihus
2393 2920 2549 2976 nobis
2573 2919 2832 2986 directas,
2864 2936 2958 2977 seu
3007 2924 3176 2978 etiam
3204 2925 3269 2979 de
3313 2939 3457 2980 sacro
3489 2924 3662 2993 palatio.

2081 3049 2126 3111 C
2304 3025 2401 3111 per
2430 3019 2672 3111 tempora
2698 3012 2766 3067 ab
2794 3012 3165 3069 anterioribus
3195 3015 3418 3085 regibus,
3445 3023 3492 3070 et
3520 3022 3663 3085 postea

2155 3120 2187 3159 a
2210 3103 2325 3173 jam
2347 3103 2493 3160 dicto
2520 3104 2741 3160 domino
2770 3112 2955 3160 nostro
2981 3107 3222 3161 maxime
3240 3115 3664 3179 suntcongregakr.

2158 3214 2254 3270 per
2278 3196 2397 3267 ejus
2442 3196 2841 3269 cleemosynam
2867 3199 2933 3254 de
2961 3201 3217 3255 omnibus
3259 3208 3456 3271 partem
3493 3202 3663 3260 habere,
3736 3186 3741 3195 ’

2158 3300 2321 3361 atque
2347 3290 2401 3346 in
2457 3291 2560 3346 hoc
2597 3298 2785 3347 sancto
2809 3290 2929 3346 loco
2980 3293 3252 3365 condigne
3295 3293 3555 3349 recondere
3583 3308 3668 3345 mc-

2158 3384 2385 3438 ruimus.
2410 3381 2516 3438 Sed
2542 3383 2609 3438 de
2637 3382 2722 3439 his
2750 3384 2817 3438 de
2835 3383 3037 3453 quibus
3065 3386 3197 3440 certi
3224 3384 3427 3445 fuimus,
3456 3393 3505 3441 et
3521 3400 3546 3438 a
3569 3376 3669 3455 per-

2159 3475 2322 3531 dictis
2357 3474 2714 3531 sanctissimis
2751 3475 2886 3530 viris
2910 3475 3111 3533 breves
3154 3478 3454 3548 recepimus,
3481 3476 3668 3532 omnium

2160 3565 2375 3620 illarum
2404 3565 2621 3620 nomina
2647 3565 2703 3618 in
2724 3565 2828 3620 hoc
2853 3567 3117 3636 opusculo
3146 3568 3376 3623 inserere
3402 3583 3493 3623 non
3528 3566 3667 3636 negle-

2162 3656 2340 3711 ximus
2365 3673 2377 3708 :
2407 3662 2673 3724 quatenus
2697 3670 2730 3709 a
2761 3657 2918 3711 nobis
2935 3665 2991 3711 et
3017 3674 3049 3713 a
3080 3660 3287 3715 cunctis
3331 3656 3671 3715 successoribus

2162 3747 2381 3810 nostris,
2435 3746 2527 3816 qui
2553 3762 2652 3816 per
2705 3755 2951 3817 tempora
2977 3748 3036 3804 in
3070 3751 3211 3806 hunc
3266 3758 3492 3806 sanctum
3534 3749 3668 3804 locum

2162 3836 2465 3892 successuri
2503 3844 2649 3902 sunt,
2692 3836 2877 3892 ethoc
2904 3853 3070 3896 nosse
3115 3840 3395 3907 voluerint,
3429 3840 3576 3911 magis
3603 3852 3672 3893 n0-

2163 3942 2289 3982 men
2315 3926 2529 3981 Domini
2548 3927 2720 3981 nostri
2734 3924 2867 3982 Jesu
2889 3926 3096 3985 Christi
3124 3946 3222 4001 per
3247 3946 3398 4001 quem
3422 3930 3555 3986 nobis
3570 3929 3669 3987 hac,

2163 4016 2290 4072 licet
2318 4016 2569 4087 indignis,
2595 4025 2651 4072 et
2703 4024 2897 4073 cetera
2931 4020 3074 4076 bona
3106 4022 3297 4093 largita
3324 4031 3455 4086 sunt,
3482 4036 3565 4092 per
3582 4034 3672 4074 om-

2165 4108 2255 4164 nia
2283 4116 2338 4163 et
2363 4109 2420 4163 in
2457 4108 2709 4165 omnibus
2733 4124 2947 4181 semper
2976 4112 3390 4183 gloriﬂcaretur,
3412 4114 3494 4183 qui
3519 4119 3587 4167 est
3607 4109 3675 4163 be

2166 4199 2412 4255 nedictus
2460 4200 2516 4254 in
2563 4200 2780 4256 saecula.
2819 4201 2897 4258 De
2944 4206 3163 4261 eteteris
3213 4221 3341 4262 vero
3383 4202 3604 4275 reliquiis,
3627 4199 3675 4252 de

2166 4290 2362 4360 quibus
2390 4289 2593 4346 incerta
2636 4300 2763 4346 sunt
2804 4292 2962 4348 nobis
3009 4297 3250 4364 nomina,
3279 4298 3345 4352 ab
3383 4296 3561 4351 eisdem
3584 4306 3675 4346 san-

482 4371 742 4442 guissimo
770 4375 895 4460 sunt
924 4364 1188 4460 dedicata.
1248 4359 1357 4460 Sed
1385 4369 1440 4415 et
1462 4359 1633 4460 altare
1659 4359 1803 4415 beati
1829 4359 2060 4460 areban—
2094 4395 2141 4455 υ
2166 4359 2270 4437 ws
2291 4379 2543 4436 patribus
2580 4383 2829 4452 receptis,
2862 4385 3087 4443 minime
3137 4359 3477 4460 scripsimus:
3504 4392 3675 4441 amem.

483 4465 588 4536 geli
611 4459 901 4523 Gabrielis,
957 4456 1101 4526 quod
1131 4462 1214 4509 cst
1244 4453 1409 4507 situm
1462 4451 1514 4505 in
1542 4459 1698 4521 porta
1742 4452 2061 4516 meridiana,

483 4566 678 4613 octavo
733 4548 1001 4606 Kalendas
1042 4546 1240 4616 Aprilis
1277 4545 1330 4598 in
1382 4542 1809 4598 Annuntiatione
1865 4553 2066 4599 saneta:

486 4649 710 4713 Maria};
743 4640 1017 4698 Michaelis
1061 4653 1191 4693 vero
1222 4635 1362 4705 quod
1411 4635 1569 4689 estin
1618 4643 1772 4703 porta
1819 4634 2068 4689 occiden-

489 4742 604 4805 tali,
630 4746 822 4794 oetavo
850 4732 1115 4787 Kalendas
1152 4727 1403 4783 Octobris
1428 4728 1494 4783 ab
1522 4726 1872 4798 llildegualdo
1906 4742 2066 4782 vene-

489 4826 641 4883 rabili
672 4825 961 4893 episcopo;
1001 4818 1288 4888 Raphaelis
1328 4823 1525 4880 autem,
1559 4815 1703 4886 quod
1727 4825 1812 4871 est
1837 4815 1890 4869 in
1913 4825 2066 4885 porta

488 4912 920 4988 septentrionali,
951 4910 1187 4966 secundo
1217 4909 1395 4965 Nonas
1425 4908 1760 4980 Septembris
1786 4909 1839 4964 in
1866 4910 2069 4965 honore

488 5022 728 5085 ipsorum
758 5006 1224 5076 arehangelorum,
1241 5004 1479 5059 omnium
1500 5004 1771 5059 Virtutum
1785 5002 2066 5066 ctelorum,

490 5123 518 5157 a
552 5104 702 5160 Jesse
724 5103 750 5143 ι)
778 5099 1028 5169 religioso
1057 5097 1309 5166 episcopo
1341 5095 1544 5165 optime
1570 5102 1697 5151 sunt
1726 5103 2065 5151 consecrata.

479 5222 487 5229 τ
558 5199 784 5268 Reliqua
818 5208 947 5249 vero
981 5191 1177 5246 mmnia
1208 5190 1373 5259 ipsius
1400 5190 1711 5243 monasterii
1740 5191 1929 5245 eodem
1960 5190 2070 5244 Do-

565 5369 588 5395 α
624 5354 858 5409 Joannes
910 5351 976 5406 de
1016 5347 1231 5418 Capella
1273 5346 1454 5411 habet,
1502 5363 1621 5401 ossa
1679 5349 1848 5402 sancti
1881 5347 2072 5403 Hiero-

489 5426 631 5495 nymi
655 5434 702 5477 et
724 5424 788 5479 de
814 5431 994 5495 sancto
1013 5417 1311 5495 ⁸νιὶιῖηζηο.

566 5497 592 5534 lt
631 5495 680 5550 ls
707 5501 821 5549 erat
868 5485 1251 5546 Amltianensis
1281 5485 1586 5555 episcopus,
1616 5487 1706 5555 qui
1751 5487 1927 5542 Caroli
1962 5488 2071 5542 Ma-

495 5566 581 5631 gni
608 5562 937 5619 eoronationi
975 5559 1159 5614 Romae
1206 5554 1360 5631 factae
1390 5554 1645 5631 interfuit
1669 5556 1722 5610 in
1765 5556 1937 5631 N_atali
1971 5558 2073 5612 Do-

500 5627 627 5687 inini
670 5648 809 5687 anno
846 5631 969 5695 800,
1012 5644 1074 5682 ac
1116 5628 1343 5683 proinde
1388 5627 1654 5681 incertum
1686 5642 1753 5681 an
1784 5627 2068 5699 Georgius,

2168 4486 2288 4526 rum
2332 4480 2531 4535 autem,
2575 4471 2718 4527 sicut
2763 4473 3127 4541 decrevimus,
3175 4478 3384 4532 nomina
3411 4477 3506 4531 isto
3530 4471 3676 4528 ordine

2167 4558 2344 4615 notari
2371 4560 2698 4616 curavimus.
2742 4560 2986 4617 Primum
3027 4565 3284 4635 reliquias
3308 4562 3503 4620 Domini
3527 4570 3573 4616 et
3589 4556 3676 4613 Sal-

2166 4651 2371 4707 vatoris
2400 4653 2594 4717 nostri,
2626 4662 2677 4707 et
2706 4652 2823 4723 ejus
2850 4654 3101 4724 gloriosae
3128 4632 3420 4727 genitricis,
3441 4632 3677 4710 etsanclo°

2170 4760 2290 4798 rum
2315 4745 2703 4815 apostolorum,
2742 4753 2797 4801 et
2823 4757 3147 4804 cancrorum
3189 4757 3505 4821 martyrum;
3532 4753 3677 4814 postea

2169 4834 2560 4903 confessorem,
2614 4850 2825 4892 necnon
2888 4847 3071 4894 autem
3120 4849 3422 4896 sanctarum
3462 4835 3676 4906 virginum

2170 4934 2331 4997 atque
2358 4925 2752 4982 continentium
2783 4928 3059 4985 subsecuti
3088 4946 3296 4986 sumus.

2243 5017 2316 5072 De
2340 5017 2482 5086 ligno
2509 5016 2741 5080 Domini,
2794 5018 2862 5072 de
2889 5029 3040 5075 veste
3082 5020 3220 5091 ejus,
3263 5022 3327 5077 de
3349 5019 3557 5078 sandalis
3572 5014 3674 5084 ejus,

2171 5106 2238 5160 de
2266 5118 2504 5175 praesepe
2560 5102 2699 5174 ejus,
2739 5105 2805 5161 de
2835 5110 3057 5181 spongia
3110 5108 3245 5178 ejus,
3279 5111 3342 5166 de
3377 5109 3579 5165 Jordane
3609 5101 3675 5158 ubi

2173 5197 2472 5267 baptizatus
2499 5205 2619 5252 estr
2656 5197 2724 5253 de
2756 5208 2911 5267 petra
2937 5201 3028 5256 ubi
3056 5202 3215 5268 sedit,
3253 5201 3454 5272 quando
3490 5198 3675 5269 quinque

2172 5355 2265 5425 qui
2293 5370 2364 5436 vr.
2393 5355 2517 5410 ldus
2567 5354 2904 5439 Septembris
2939 5357 3176 5427 ejusdem
3219 5358 3297 5434 (ut
3337 5354 3541 5481 videtur)
3577 5350 3673 5408 anni

2172 5424 2416 5480 ecclesue
2452 5426 2625 5481 beatte
2655 5426 2839 5481 Maria:
2886 5428 3208 5481 dedicationi
3257 5444 3477 5481 nrzesens
3536 5429 3671 5481 uerat.

2171 5424 2416 5502 ecclesiae
2452 5424 2839 5502 δαείω-’Μεινίῳ
2886 5424 3236 5502 dedicationi'
3257 5444 3497 5502 prcesens
3517 5424 3671 5502 fuerat,

2172 5494 2569 5620 ggcggegnrecum
2606 5494 2871 5566 Gregorio
2892 5499 3140 5568 episcopo
3176 5494 3517 5563 Anibianensi,
3539 5494 3671 5551 Jessci

2241 5581 2476 5619 COSSOI'C.
