3868 6174
271 179 369 242 845
1260 170 1348 225 DE
1386 160 1969 225 RESTAURATIONE
2009 159 2172 217 MON.
2213 161 2508 218 CENTUL.
3405 168 3509 224 με

268 291 427 349 millia
451 288 729 346 hominum
766 286 958 357 pavit;
996 285 1062 340 de
1109 297 1246 353 pane
1273 281 1413 335 unde
1457 276 1730 335 distribuit
1760 274 1840 328 di-
1867 276 1913 329 Α
1942 272 2164 337 Asterii,
2199 272 2551 342 Simpliciani,
2596 272 2808 337 Faxidi,
2844 273 3074 343 Astogii,
3121 272 3359 341 Gislarii,
3382 274 3514 347 Spek

268 380 484 451 scipulis
527 379 680 441 suis;
712 377 779 430 de
821 375 1019 442 templo
1067 371 1322 434 Domini;
1357 370 1424 424 de
1467 365 1691 422 candela
1722 377 1841 432 qua:
1941 363 2062 425 rati,
2131 364 2403 427 Roberti,.
2445 363 2741 427 Galemeri,
2823 364 3077 434 Osqualdi
3148 364 3367 438 ποντα,
3415 368 3516 425 Os-

268 488 319 526 m
339 468 623 524 nativitate
646 466 762 532 ejus
791 478 1016 518 accensa
1048 471 1168 525 est;
1202 459 1269 514 de
1294 467 1478 512 monte
1503 454 1697 510 Olivcti
1748 451 1841 505 ubi
1943 454 2147 527 waldi].
2525 496 2539 522 λ

267 560 477 621 oravit;
526 558 591 613 de
620 570 806 610 mensa
850 553 1005 623 ejus;
1041 553 1106 607 de
1133 559 1314 606 monte
1371 547 1459 602 ubi
1493 543 1844 615 transﬁgura-
2012 546 2328 610 Felicitatis,
2354 546 2654 618 Perpeture,
2704 547 2947 619 Agathaz,
2979 546 3250 622 Eugeniae,
3282 553 3512 618 Theclm,

267 663 349 709 tus
371 659 492 716 est;
524 650 591 704 de
619 648 867 704 columna
924 645 1011 700 ubi
1066 642 1364 714 ﬂagellatus
1407 647 1511 703 est,
1542 638 1607 692 de
1636 635 1845 704 ligami-
1943 636 2192 703 Caeciliae,
2222 639 2551 705 Petronillae,
2600 640 2931 710 Euphemiae,
2966 641 3200 710 Faustae,
3232 645 3516 712 Eufrasiae,

266 744 421 801 nibus
447 742 594 797 unde
633 739 830 810 ligatus
880 745 963 792 est
989 753 1004 801 ;
1036 736 1101 790 de
1127 742 1278 805 petra
1332 730 1473 786 unde
1499 741 1716 784 crucem
1746 725 1843 779 ad-
1942 730 2292 801 Aldegundis,
2342 730 2633 798 Columbae,
2665 733 2933 801 Feliculm,
2966 744 3126 807 atque
3150 737 3515 796 Scholasticae.

267 835 514 899 scendit;
565 833 632 888 de
678 829 848 885 clavis
903 828 1045 884 unde
1094 825 1386 882 cruciﬁxus
1434 831 1555 887 est;
1612 820 1681 875 de
1728 818 1848 875 loco

266 924 566 989 Calvariaz;
619 922 688 977 de
732 918 975 975 buccella
1030 916 1123 971 ubi
1167 916 1238 971 fel
1270 924 1325 970 et
1373 921 1586 968 acetum
1626 910 1846 965 mistum

265 1014 400 1081 fuit;
430 1015 500 1069 de
544 1019 698 1083 petra
753 1023 916 1078 super
956 1022 1118 1077 quam
1157 1004 1380 1076 sanguis
1418 1004 1486 1059 de
1515 1002 1685 1056 latere
1731 999 1849 1070 ejus

267 1103 525 1167 stillavit;
559 1102 625 1156 de
673 1098 923 1170 sepulcro
975 1095 1233 1160 Domini;
1284 1094 1351 1148 de
1370 1092 1551 1162 lapide
1605 1089 1850 1145 revoluto

265 1192 328 1246 ab
351 1191 498 1245 ostio
537 1185 913 1249 monumenti;
953 1196 1162 1238 necnon
1208 1189 1263 1236 et
1288 1182 1354 1236 de
1397 1178 1646 1250 sepulcro
1694 1176 1852 1231 Inno-

267 1280 526 1343 centium,
554 1276 644 1346 qui
677 1290 775 1345 pro
815 1289 881 1329 eo
926 1272 1075 1343 passi
1119 1279 1284 1335 sunt;
1313 1270 1381 1324 de
1422 1276 1604 1324 monte
1651 1266 1846 1327 Horeb,

267 1373 329 1425 de
352 1370 519 1439 lignis
548 1369 710 1422 trium
736 1363 1228 1421 tabernaculorum.

327 1463 408 1517 De
442 1462 584 1515 lacte
619 1466 818 1516 sanctae
850 1455 1051 1519 Marias,
1095 1455 1161 1510 de
1186 1453 1396 1524 capillis
1437 1451 1573 1520 ejus,
1611 1451 1677 1506 de
1705 1457 1853 1505 veste

262 1551 396 1621 ejus,
426 1551 493 1605 de
517 1548 678 1617 pallio
703 1547 839 1617 ejus.
888 1547 966 1600 De
992 1544 1159 1600 barba
1206 1543 1379 1598 sancti
1431 1541 1597 1606 Petri,
1632 1540 1698 1595 de
1728 1554 1852 1594 san-

1946 817 2065 874 Huc
2112 834 2283 888 usque
2323 820 2390 876 de
2416 822 2580 877 certis
2603 831 2913 878 sanctorum
2944 825 3203 895 reliquiis,
3232 828 3300 883 de
3324 830 3519 899 quibus

1947 925 1978 965 a
2007 910 2209 965 sanctis
2254 908 2525 975 Patribus,
2558 913 2651 982 qui
2676 927 2769 968 eas
2805 915 2962 970 nobis
2998 916 3176 988 largiti
3230 926 3377 984 sunt,
3421 935 3519 974 no-

1947 1002 2095 1058 mina
2122 1010 2272 1059 certa
2307 1004 2634 1074 recepimus,
2673 1010 2962 1076 separatim
2992 1021 3255 1084 martyres
3280 1015 3365 1069 vel
3390 1029 3518 1070 con-

1949 1092 2185 1148 fessores
2201 1092 2604 1164 descripsimus.
2630 1095 2892 1168 Deinceps
2911 1108 3091 1155 autem
3122 1102 3371 1159 distincte
3388 1104 3516 1159 alio-

1950 1196 2072 1236 rum
2100 1188 2411 1237 sanctorum
2441 1184 2680 1250 nomina,
2734 1186 2848 1241 sive
2879 1198 3174 1260 martyrum
3199 1192 3285 1247 vel
3312 1192 3521 1249 confes-

1952 1285 2158 1335 sorum,
2181 1270 2306 1340 quia
2327 1285 2434 1326 non
2461 1272 2787 1340 invenimus,
2814 1275 3037 1332 minime
3066 1279 3400 1349 scripsimus.

2022 1360 2119 1416 llis
2158 1361 2255 1426 ita,
2304 1362 2444 1418 sicut
2475 1363 2633 1433 paulo
2677 1367 2923 1436 superius
2972 1368 3229 1438 scriptum
3281 1380 3383 1437 est,
3426 1373 3522 1427 ho-

1953 1450 2175 1507 noriﬁce
2223 1452 2585 1524 decenterque
2634 1457 2945 1521 reconditis,
3000 1460 3053 1514 in
3082 1462 3298 1517 nomine
3323 1472 3524 1519 sancta:

1956 1543 2236 1599 Trinitatis
2281 1559 2405 1600 cum
2433 1546 2603 1600 multa
2638 1548 2913 1620 diligentia
2960 1541 3270 1621 paravimus
3305 1570 3522 1624 capsam

267 1610 423 1697 daliis
454 1610 592 1709 ejus,
640 1640 705 1694 de
731 1610 931 1693 'casula
981 1635 1113 1705 ejus,
1156 1644 1211 1691 et
1262 1636 1328 1691 de
1356 1649 1542 1689 mensa
1595 1631 1729 1701 ejus.
1771 1631 1847 1685 De
1880 1610 1928 1671 Β
1952 1633 2212 1703 majorem
2257 1650 2390 1690 auro
2434 1645 2491 1691 et
2538 1610 2768 1709 gemmis
2804 1610 3069 1707 ornatam,
3111 1643 3166 1697 in
3202 1657 3310 1714 qua
3346 1610 3525 1716 posui-

268 1744 457 1784 mensa
486 1728 659 1782 sancti
698 1726 871 1792 Pauli,
902 1725 970 1781 de
1002 1724 1185 1781 orario
1211 1723 1348 1793 ejus,
1398 1725 1465 1779 de
1489 1724 1644 1792 cippo
1665 1722 1719 1776 in
1741 1736 1848 1791 quo

267 1820 470 1874 missus
523 1817 646 1873 fuit.
700 1817 777 1873 De
803 1832 963 1873 cruce
1018 1816 1193 1871 sancti
1247 1815 1497 1869 Andreae.
1547 1814 1623 1868 De
1654 1827 1850 1867 manna

266 1909 441 1965 sancti
467 1907 693 1963 Joannls
723 1907 1085 1982 evangelista.
1114 1906 1190 1961 De
1214 1904 1460 1974 reliquiis
1488 1902 1849 1974 apostolorum

264 2001 475 2065 Jacobi,
502 1999 756 2068 Philippi,
785 1999 1025 2061 Thomm,
1056 1994 1455 2058 Bartholomaei,
1484 1993 1741 2059 Matthzei,
1766 1991 1852 2047 Si-

264 2091 462 2155 monis,
489 2090 762 2151 Thaddaci,
806 2089 1062 2151 Matthiae,
1094 2088 1355 2142 Barnabas
1375 2093 1429 2140 et
1450 2084 1740 2140 Timothei.
1773 2082 1850 2138 De

262 2182 480 2238 ossibus
506 2180 779 2235 Zacharia:
805 2178 974 2249 patris
999 2177 1171 2232 sancti
1196 2175 1421 2231 Joannis
1442 2174 1719 2245 Baptistae.
1746 2172 1851 2226 Be-

262 2272 445 2343 liqnite
475 2270 619 2325 beati
649 2269 936 2331 Simeonis,
969 2268 1062 2337 qui
1082 2266 1371 2324 Dominum
1400 2265 1458 2320 in
1483 2264 1641 2318 ulnas
1665 2276 1851 2318 susce-

262 2366 364 2436 pit.
402 2365 477 2420 De
514 2362 723 2432 capillis
748 2362 893 2418 beati
923 2360 1147 2418 Joannis
1178 2359 1455 2430 Baptistae,
1483 2358 1550 2414 de
1589 2357 1850 2426 sanguine

262 2454 400 2523 ejus,
424 2453 491 2507 de
513 2460 661 2506 veste
687 2450 821 2520 ejus.

338 2544 415 2597 De
442 2543 607 2597 costis
634 2541 808 2596 sancti
838 2537 1121 2610 Stephani,
1167 2538 1233 2593 de
1253 2535 1430 2606 lapide
1467 2534 1610 2589 unde
1639 2532 1846 2604 lapida-

265 2648 354 2692 tus
381 2643 500 2699 est;
531 2635 595 2689 de
634 2634 896 2689 craticula
944 2631 1115 2688 sancti
1145 2628 1445 2684 Laurentii.
1478 2627 1851 2698 Digitus’sau-

264 2730 339 2785 cti
364 2728 733 2799 Apollinaris;
785 2727 852 2782 de
898 2726 1122 2797 spongia
1150 2722 1324 2779 sancti
1366 2719 1765 2793 Symphoriani,
1797 2726 1853 2774 et

265 2822 335 2876 de
363 2830 514 2876 veste
558 2819 748 2874 matris
772 2816 908 2887 ejus.
943 2816 1204 2886 Reliquiae
1242 2813 1417 2869 sancti
1441 2810 1738 2876 Pancratii,
1760 2811 1849 2866 Vi-

264 2912 404 2985 gilii,
435 2912 685 2977 Sisinnii,
717 2910 984 2982 Martyrii,
1012 2906 1300 2977 Pamphili,
1330 2914 1643 2962 sanctorum
1669 2903 1851 2961 Gemi-

266 3021 486 3070 norum,
532 3004 786 3069 Fabiani,
836 3001 1059 3066 Valerii,
1110 2998 1439 3069 Pergentini,
1487 2996 1713 3062 Cosmzc,
1742 2997 1849 3051 Da-

273 3097 465 3159 miani,
503 3094 796 3159 Anastasii,
837 3091 1072 3162 Georgii,
1102 3089 1415 3154 Alexandri,
1448 3087 1715 3152 Cassiani,
1743 3086 1855 3142 Ma-

269 3187 380 3258 gni,
410 3186 625 3251 Vitalis,
653 3184 888 3251 Nazarii,
938 3182 1187 3246 Naboris,
1220 3179 1382 3258 Celsi,
1432 3178 1699 3246 Gervasii,
1729 3178 1854 3235 Pro-

272 3278 417 3342 tasii,
480 3276 804 3340 Innocentis,
868 3272 1166 3338 Laurentii,
1226 3271 1483 3338 Tiburtii,
1558 3271 1852 3336 Valeriani,

271 3367 567 3439 Hippolyti,
608 3366 1002 3435 Christophori,
1035 3364 1250 3428 Felicis,
1300 3362 1565 3426 Mauricii,
1605 3361 1850 3424 Candidi,

271 3459 581 3530 Exsuperii,
623 3457 875 3518 Victoris,
931 3454 1247 3520 Innocentii,
1304 3453 1547 3524 Benigni,
1593 3452 1853 3524 Dionysii,

274 3547 507 3613 Rustici,
534 3545 850 3609 Eleutherii,
877 3543 1134 3607 Cornelii,
1180 3541 1518 3610 Leodegarii,
1552 3540 1712 3604 Sixti,
1736 3540 1856 3596 Fir-

273 3636 427 3699 mini,
466 3634 764 3697 Saturnini,
802 3632 1063 3700 Quintini,
1114 3630 1404 3695 Valentini,
1458 3629 1716 3694 Marcelli,
1751 3629 1856 3683 Lu-

272 3725 439 3788 ciani,
484 3722 740 3793 Crispini,
799 3721 1145 3792 Crispiniani,
1175 3729 1230 3774 et
1264 3719 1331 3773 de
1373 3720 1588 3776 ossibus
1621 3721 1857 3789 quadra-

276 3820 420 3887 ginta
451 3826 777 3885 martyrum,
806 3812 949 3869 etde
976 3812 1237 3882 sanguine
1265 3811 1494 3867 aliorum
1541 3811 1851 3865 multorum.

346 3905 534 3960 Sancti
580 3903 791 3968 Hilarii,
838 3902 1078 3966 Martini,
1117 3900 1393 3965 Germani,
1451 3899 1712 3966 Medardi,
1748 3901 1857 3956 Au—

281 3997 461 4060 doeni,
485 3993 665 4063 Eligii,
697 3991 947 4055 Amandi,
976 3990 1134 4062 Lupi,
1166 3990 1436 4054 Aventini,
1468 3989 1711 4059 Sulpicii,
1751 3991 1857 4046 Rc-

279 4087 463 4151 mcdii,
524 4084 874 4149 Maurilionis,
939 4083 1139 4147 Albini,
1206 4082 1461 4146 Servatii,
1520 4083 1855 4154 Hieronymi,

281 4176 527 4247 Equitii,
556 4177 810 4246 Ephrem,
854 4174 1121 4245 Gregorii,
1168 4174 1473 4244 Augustini,
1509 4175 1724 4241 Leonis,
1754 4175 1858 4231 Sil-

1876 2952 1923 3016 C

1950 1737 2070 1779 mus
2114 1731 2323 1793 partem
2376 1740 2538 1796 supra
2568 1727 2889 1798 scriptarum
2943 1730 3311 1801 reliquiarum,
3362 1749 3525 1804 quam

1949 1825 2070 1864 cum
2093 1811 2227 1882 ipsis
2262 1813 2332 1868 ob
2352 1816 2753 1872 venerationem
2794 1816 3003 1873 illorum
3030 1827 3361 1887 sanctorum,
3389 1838 3524 1893 quo-

1951 1916 2072 1954 rum
2096 1901 2334 1971 reliquiae
2355 1903 2409 1957 in
2435 1919 2499 1959 ea
2527 1905 2746 1961 recondi
2771 1907 3042 1975 videntur,
3064 1909 3255 1967 subtus
3279 1920 3523 1983 cryptam

1951 2004 1977 2033 α
2009 1994 2183 2050 sancti
2210 1994 2507 2052 Salvatoris
2532 2012 2734 2067 ponere
2782 1999 3106 2066 studuimus,
3151 2016 3277 2057 nam
3299 2012 3524 2059 cetero-

1952 2100 2073 2139 rum
2096 2094 2405 2142 sanetorum
2437 2087 2714 2158 reliquias,
2743 2105 2863 2160 qua:
2897 2106 3060 2162 supra
3082 2092 3337 2163 leguntur
3354 2094 3521 2149 ascri-

1950 2185 2078 2246 ptre,
2125 2192 2223 2247 per
2247 2178 2381 2234 alias
2413 2180 2673 2236 tredecim
2699 2197 2887 2251 capsas
2912 2199 3148 2240 minores
3172 2200 3305 2240 auro
3334 2201 3525 2258 argen-

1954 2276 2117 2338 toque
2154 2268 2239 2322 vel
2291 2271 2520 2339 gemmis
2551 2272 2805 2340 pretiosis
2852 2274 3233 2331 honestissime
3275 2286 3521 2347 paratas,

1950 2372 2086 2427 quas
2109 2371 2141 2411 a
2163 2372 2305 2428 saepe
2325 2359 2483 2415 dictis
2496 2360 2894 2417 venerabilibus
2914 2360 3162 2418 Patribus
3179 2379 3302 2419 cum
3319 2365 3525 2421 eisdem

1952 2447 2211 2517 reliquiis,
2271 2448 2503 2505 donante
2538 2449 2784 2515 Domino,
2813 2449 3037 2520 adipisci
3062 2453 3360 2508 meruimus
3388 2454 3526 2509 divi-

1950 2537 2102 2604 dere,
2151 2548 2313 2609 atque
2361 2554 2524 2611 super
2573 2543 2778 2597 trabem
2810 2557 2974 2611 quam
2995 2543 3049 2597 in
3095 2557 3223 2599 arcu
3266 2544 3295 2585 ιι
3341 2560 3524 2602 wram

1952 2629 2122 2686 altare
2145 2630 2291 2685 beati
2333 2629 2575 2686 Richarii
2601 2634 2906 2700 statuimus,
2949 2648 3150 2703 ponere
3171 2637 3480 2692 curavimus
3509 2656 3522 2691 :

1950 2719 2181 2791 qualiter
2204 2721 2259 2775 in
2280 2720 2530 2777 omnibus
2551 2723 2691 2780 sicut
2718 2725 2938 2797 dignum
2963 2735 3067 2790 est,
3098 2726 3215 2784 laus
3238 2728 3334 2784 Dei
3355 2738 3413 2786 et
3436 2745 3528 2786 ve-

1951 2812 2161 2868 neratio
2183 2812 2423 2868 omnium
2451 2824 2761 2870 sanctorum
2798 2815 2937 2886 ejus,
2978 2817 3034 2872 in
3054 2818 3159 2875 hoc
3186 2829 3375 2877 sancto
3404 2821 3525 2877 loco

1953 2919 2167 2975 semper
2195 2906 2469 2971 adoretur,
2489 2906 2719 2972 colatur,
2750 2916 2913 2978 atque
2938 2918 3245 2965 veneretur.

2022 2996 2264 3068 Cumque
2285 2999 2718 3069 praescriptorum
2735 3007 3041 3056 sanctorum
3068 3002 3396 3058 venerationi
3443 3004 3524 3058 al-

1953 3088 2093 3143 taria
2113 3088 2361 3143 ordinata
2423 3096 2581 3157 atque
2629 3088 2696 3143 de
2723 3102 2911 3144 eorum
2954 3090 3197 3159 reliquiis
3237 3094 3521 3148 venerabi-

1954 3177 2096 3244 liter,
2142 3185 2203 3231 ut
2228 3191 2390 3247 supra
2420 3176 2634 3247 legitur,
2657 3192 2690 3232 a
2718 3186 2903 3235 nostra
2930 3181 3194 3249 parvitate
3230 3191 3414 3238 essent
3445 3197 3534 3238 or-

1954 3278 2116 3336 nata;
2175 3269 2413 3340 diligenti
2436 3285 2567 3324 cura
2612 3277 2853 3327 tractare
2898 3272 3182 3341 coepimus,
3208 3271 3523 3342 qualiterca

1955 3363 2024 3418 ad
2061 3362 2271 3416 laudem
2300 3369 2356 3417 et
2380 3361 2605 3432 gloriam
2633 3361 2845 3417 Domini
2900 3363 3072 3417 nostri
3120 3361 3249 3418 Jesu
3301 3363 3525 3429 Christi,

1954 3454 2024 3507 ob
2068 3451 2476 3509 venerationem
2529 3461 2841 3508 sanctorum
2885 3454 3150 3518 omnium,
3194 3453 3250 3508 in
3294 3468 3525 3522 quorum

1955 3542 2159 3606 honore
2193 3550 2318 3596 sunt
2362 3549 2699 3606 consecrata,
2751 3542 2819 3596 de
2862 3542 3018 3598 donis
3047 3542 3144 3598 Dei
3165 3549 3222 3598 et
3278 3542 3528 3615 largitate

1956 3633 2136 3703 magni
2183 3633 2385 3689 domini
2408 3634 2512 3688 mei
2555 3634 2778 3703 ejusque
2801 3632 3149 3689 nobilissimae
3203 3633 3393 3704 prolis,
3441 3635 3527 3688 vel

1956 3721 2284 3791 reliquorum
2321 3722 2586 3777 honorum
2615 3723 2894 3778 hominum
2932 3722 3246 3788 liberorum,
3299 3723 3431 3778 mihi
3457 3724 3526 3777 ab

1957 3812 2062 3868 illis
2086 3812 2314 3873 collatis,
2360 3828 2524 3883 opere
2548 3812 2727 3869 fabrili
2753 3814 2809 3869 in
2856 3828 3008 3879 aum,
3039 3821 3262 3885 argento
3291 3822 3349 3869 et
3379 3828 3531 3883 gem-

1957 3905 2061 3961 mis
2089 3920 2288 3961 ornare
2313 3906 2499 3971 etiam,
2549 3914 2606 3961 et
2638 3906 2728 3961 ubi
2759 3906 2876 3963 loca
2906 3907 3277 3963 convenientia
3328 3906 3530 3961 existe-

1956 4004 2097 4057 rent,
2146 3996 2375 4066 desuper
2427 3997 2633 4053 ciboria
2689 4012 2890 4067 ponere
2928 3997 3310 4066 potuissemus,
3362 3996 3523 4059 sicut,

1954 4096 2116 4156 prout
2144 4088 2334 4142 eodem
2385 4087 2614 4144 Domino
2662 4095 2984 4157 cooperante
3006 4086 3294 4147 valuimus.
3342 4084 3524 4141 facere

1956 4180 2280 4245 studuimus,
2319 4180 2370 4234 id
2414 4190 2556 4242 sunt,
2607 4179 2663 4233 in
2712 4179 2937 4234 ecclesia
2989 4179 3160 4233 sancti
3206 4176 3526 4241 Salvatoris,

280 4267 467 4331 veétri,
496 4265 710 4329 Felicis,
736 4265 949 4328 lsidori,
998 4264 1214 4329 Donati,
1242 4264 1540 4329 Benedicti,
1569 4264 1854 4321 Columba-
1884 4287 1933 4348 ι)
1956 4273 2236 4339 sanctique
2274 4271 2536 4332 Richarii,
2587 4269 2780 4324 altaria
2828 4268 3088 4323 fabricata
3138 4268 3409 4331 undecim,
3438 4269 3527 4326 ,ci-

282 4359 356 4421 ni,
402 4358 574 4421 Isaac,
622 4357 909 4422 Vincentii,
960 4355 1200 4418 Antonii,
1253 4354 1480 4420 Paulini,
1552 4354 1850 4417 Fortunati,

284 4448 635 4519 Simpliciani,
666 4446 956 4510 Gualarici,
1012 4445 1249 4500 Vedasti.
1292 4446 1548 4515 Reliquiae
1572 4462 1638 4500 ex
1668 4462 1857 4516 corpo-

284 4540 431 4593 ribus
453 4547 788 4603 sanctorum,
811 4552 929 4607 quae
957 4537 1195 4592 condidit
1213 4535 1469 4589 Paulinus
1494 4551 1629 4606 papa
1656 4536 1732 4607 [id
1759 4546 1854 4599 est,

284 4632 573 4698 episcopus
621 4644 713 4683 seu
761 4628 1068 4697 patriarcha
1129 4626 1534 4698 Aquileiensis].
1599 4627 1858 4697 Reliquice

284 4721 455 4775 sancti
482 4719 844 4791 Megimholdi,
872 4718 1079 4783 Prasci,
1115 4715 1360 4786 Eugenii,
1387 4714 1594 4779 Fronti,
1639 4717 1835 4772 Fidclés

286 4922 350 4976 de
378 4921 609 4990 capella,
636 4922 727 4990 qui
751 4935 913 4990 agens
944 4916 1009 4973 de
1031 4920 1250 4990 [ingene
1277 4918 1344 4971 de
1372 4916 1735 4990 Chevincourt
1764 4920 1857 4973 ab-

286 4993 410 5046 bate
448 4985 745 5060 'trigesiino
787 4985 989 5044 tertio:
1034 4985 1141 5042 Isté
1172 4987 1422 5060 Hugode
1478 4985 1855 5060 Chevincoyrt,

288 5062 482 5131 inquit,
526 5057 753 5116 uisitauit
780 5060 1047 5128 feretrum,
1077 5058 1213 5131 quod
1242 5057 1477 5131 dicimus
1508 5057 1858 5131 sanctm_Pri-

286 5122 405 5195 mri',
451 5122 506 5184 id
533 5140 609 5184 est
654 5122 931 5201 primitivw
968 5122 1292 5201 {aitdutionis
1352 5122 1600 5201 Ecclesia»
1629 5128 1862 5184 militan-

289 5194 399 5266 tis,’
432 5202 558 5270 quia
588 5194 1192 5270 ἱηξεοάεηετειιᾲὶθέςσυηι
1211 5212 1368 5270 quam
1388 5194 1616 5270 plurima
1642 5215 1861 5270 corpora

290 5264 611 5333 sanctorum,
642 5267 803 5332 Petri,
825 5264 1002 5330 Pauli,
1023 5264 1245 5322 Joannis
1269 5264 1537 5333 Baptista;
1559 5271 1613 5320 'et
1635 5268 1861 5323 aliorum

290 5339 646 5406 coufcssarum
673 5349 723 5392 et
749 5348 1048 5392 sanctarum
1076 5337 1354 5406 virginum,
1413 5333 1503 5406 Sic
1531 5338 1691 5391 etiam
1720 5340 1860 5393 dicta

292 5403 602 5463 est’Prima
655 5408 994 5463 Corbeiensis
1043 5403 1354 5462 monasterii
1412 5403 1465 5456 in
1518 5410 1637 5463 Vita
1688 5412 1874 5465 sancti-

292 5479 665 5621 Adfliggiiiies
716 5549 781 5601 de
840 5546 1052 5615 Capella
1082 5554 1330 5601 numerat
1368 5550 1629 5606 tredecim
1675 5568 1864 5621 capsas

1955 4361 2107 4415 horia
2155 4372 2178 4399 ο
2228 4361 2351 4423 duo,
2412 4358 2635 4413 lecloria
2695 4371 2850 4421 auro,
2901 4365 3124 4428 argento
3142 4364 3198 4413 et
3241 4357 3527 4412 marmori-

1955 4451 2058 4503 bus
2110 4455 2300 4519 parata
2357 4448 2480 4503 duo.
2535 4447 2590 4502 In
2630 4446 2854 4503 ecclesia
2882 4454 3079 4502 sanctae
3123 4447 3216 4503 Dei
3249 4446 3526 4517 genitricis

1957 4539 2141 4594 Mariae
2181 4547 2236 4593 et
2272 4547 2583 4595 sanctorum
2628 4538 2989 4608 apostolorum
3026 4537 3215 4592 altaria
3262 4536 3526 4593 fabricata

1959 4629 2242 4694 tredecim;
2281 4628 2542 4684 ciborium
2563 4642 2748 4692 unum,
2800 4636 2854 4683 et
2871 4627 3152 4682 lectorium
3196 4627 3397 4696 optime
3436 4642 3533 4696 pa-

1959 4711 2134 4774 ratum
2162 4735 2347 4774 unum.
2401 4718 2458 4772 ln
2513 4717 2739 4773 ecclesia
2789 4717 2959 4772 sancti
3011 4716 3286 4772 Benedicti
3335 4716 3522 4789 altaria

355 4866 379 4892 η
413 4852 723 4909 Vocabatur
750 4852 862 4905 hch
885 4866 1041 4920 capsa
1068 4858 1263 4903 sanctw
1288 4844 1485 4920 Prima?
1511 4854 1643 4920 teste
1654 4847 1860 4903 Joanne
1898 4824 1931 4869 ⁷³⁷

1959 4868 2151 4907 aureas
2178 4860 2234 4905 et
2273 4857 2592 4920 argenteas,
2625 4865 2760 4918 quas
2791 4848 3137 4920 Angilbertus
3174 4863 3333 4919 super
3350 4865 3526 4920 unum

1960 4923 2132 4976 altare
2152 4918 2464 4992 argenteum
2495 4919 2800 4975 dedicatum
2828 4918 3106 4975 in'honore
3150 4918 3321 4974 beatae
3348 4918 3527 4971 Maria:

1996 4993 2218 5046 osuerit.

1996 5008 2027 5046 o
2058 5008 2218 5045 nem.

1958 5008 1993 5066 Ρ
2030 5009 2055 5101 Ξ
2107 5060 2245 5126 Quid
2274 5062 2346 5116 sit
2373 5059 2655 5123 ciborium,
2711 5058 2827 5113 fuse
2861 5061 3082 5129 exposui
3124 5060 3177 5113 in
3216 5055 3529 5129 prmfatione

1962 5132 2141 5187 szecu'n
2180 5132 2422 5195 secundi,
2472 5146 2620 5184 num.
2668 5129 2758 5191 47,
2819 5125 3007 5184 turrita
3057 5125 3262 5183 scilicet
3304 5125 3527 5178 aedicula

1961 5210 2194 5271 quatuor
2243 5210 2432 5257 octove
2475 5200 2737 5255 columnis
2784 5200 2987 5271 innixa,
3037 5198 3295 5271 altaribus
3323 5201 3382 5245 et
3404 5208 3526 5271 san~

1962 5264 2169 5326 ctorum
2210 5272 2427 5327 tumulis
2465 5271 2663 5341 imponi
2718 5270 2891 5341 solita.
2930 5267 3150 5322 Carolus
3197 5264 3419 5341 Magnus
3470 5265 3524 5315 in

1962 5342 2248 5410 capitulari
2294 5344 2418 5395 anni
2473 5332 2577 5396 789
2619 5340 2867 5411 pr:ecipi_t_
2904 5347 2959 5389 ut
3007 5352 3179 5411 sapae
3211 5332 3527 5411 altariarle-

1962 5398 2147 5465 cuuria
2172 5412 2301 5479 ﬁant
2338 5422 2429 5465 aut
2471 5398 2796 5482 laquearia;
2824 5406 2985 5482 {Vane
3014 5398 3276 5482 ciborium
3326 5398 3527 5454 dicitur

1962 5475 2283 5542 κιϐοτὸςέρυ
2328 5482 2484 5551 pyxis
2512 5475 2563 5535 in
2595 5493 2697 5549 qua
2725 5477 2920 5531 Christi
2952 5475 3158 5528 Domini
3200 5485 3395 5539 corpus
3444 5485 3516 5525 as

1965 5564 2213 5609 servatur
