3868 6174
332 198 449 255 ἛΠ

1306 195 1361 250 S.
1402 192 1814 250 ANGILBERTI
1853 191 2140 247 ABBATIS
2177 189 2650 249 CENTL’LENSIS

3500 197 3607 256 858

326 319 537 381 parata
579 308 704 366 tria.
754 309 810 364 ln
840 307 1083 365 ecclesiis
1117 321 1247 362 vero
1281 313 1591 361 sanctorum
1616 303 1926 374 angelorum
1957 304 2001 359 Α
2031 310 2221 370 ganter
2247 303 2537 372 disposuis,
2599 311 2762 374 atque
2788 319 2852 359 cx
2884 306 3109 362 diversis
3132 308 3465 379 praescriptis
3489 311 3612 366 reli-

349 400 639 465 Gabrielis,
671 399 967 465 Michaelis,
993 407 1049 453 et
1099 396 1390 468 Raphaelis
1432 394 1626 449 altaria
1656 393 1780 456 tria,
1810 406 1929 461 quze

352 494 514 551 simul
543 493 677 549 ﬁunt
700 491 890 547 altaria
914 491 1163 562 triginta;
1208 498 1263 543 et
1300 488 1505 543 ciboria
1529 487 1652 549 tria,
1683 495 1737 539 et
1764 484 1931 539 lecto-

346 587 434 642 ria
484 585 610 641 tria.
656 582 790 637 Nam
831 582 896 638 dc
929 582 1051 636 aliis
1091 580 1239 636 vasis
1283 587 1337 635 et
1382 576 1806 649 supellcctilibus
1834 576 1931 630 ha-

349 676 550 731 bentur
585 675 638 727 in
673 671 879 727 eisdem
917 669 1163 725 ecclesiis
1212 683 1345 723 auro
1380 674 1712 738 argentoque
1729 674 1932 735 paratae

348 764 766 834 septemdecim;
808 776 1024 816 coronae
1044 774 1225 814 aurem
1253 759 1407 823 dum;
1444 757 1721 827 lampades
1746 771 1933 826 argen-

344 864 449 910 tea:
471 869 593 919 sex;
638 853 877 922 cuprinte
915 866 1051 906 auro
1072 857 1403 921 argentoque
1438 849 1705 903 decorata:
1726 847 1931 902 duode-

345 945 490 1009 cim;
548 959 706 1013 poma
729 956 893 997 aurea
946 940 1084 1005 tria;
1134 940 1330 994 calices
1357 939 1508 994 aurei
1564 953 1687 993 cum
1722 937 1929 1006 patenis

2030 394 2172 463 quiis
2214 395 2644 464 supr-edictorum
2719 404 3031 454 sanctorum
3083 401 3293 455 ornatis
3343 401 3613 466 ecclesiis,

2031 488 2272 561 diligenti
2303 490 2498 545 mentis
2532 490 2725 548 at‘l'ectu
2755 499 2992 547 tractare
3043 492 3333 562 coepimus,
3381 492 3620 564 qualiter

2031 578 2258 636 Domino
2304 583 2535 639 donante
2578 584 2646 638 ad
2683 584 2787 638 hoc
2822 582 3106 653 pervenire
3131 582 3514 649 valuissemus,
3556 592 3618 639 ut

2032 670 2171 726 sicut
2196 672 2250 727 in
2281 672 2525 730 anliliciis
2554 674 2874 729 marmoreis
2920 673 3052 729 etin
3080 674 3293 729 cmtcris
3322 689 3618 730 ornamen-

2031 762 2101 817 tis
2129 763 2298 819 oculis
2323 764 2545 820 honeste
2572 764 2874 821 clarescunt
2916 764 3188 830 humanis,
3243 765 3318 819 ita
3364 766 3532 820 etiam
3561 766 3617 821 in

2032 853 2126 907 Dei
2180 853 2443 921 laudibus,
2506 857 2558 911 in
2589 856 2850 911 doctrinis
2876 855 3104 910 diversis
3124 863 3179 909 et
3199 855 3430 911 canticis
3458 856 3620 926 spiri—

2033 943 2265 999 tualibus
2290 943 2504 1000 Christo
2530 946 2887 1015 omnipotenti
2912 943 3127 1014 placere
3154 942 3448 999 valeamus.
3476 944 3619 1012 Qua-

345 1035 487 1099 duo;
541 1033 682 1087 calix
709 1046 851 1086 unus
875 1045 1075 1085 aureus
1093 1044 1320 1099 magnus
1345 1044 1470 1083 cum
1500 1027 1832 1095 imaginibus
1859 1027 1933 1081 si-
1963 1041 2252 1103 appropter
2276 1042 2547 1089 trecentos
2575 1034 2869 1088 monachos
2916 1032 2970 1087 in
3018 1033 3123 1087 hoc
3168 1041 3356 1088 sancto
3380 1032 3504 1088 loco
3543 1051 3619 1087 αι.

344 1126 457 1182 mul
495 1132 804 1195 et-patena;
852 1122 942 1176 alii
981 1121 1178 1176 calices
1204 1119 1444 1190 argentei
1483 1134 1605 1173 cum
1638 1119 1752 1173 suis
1780 1125 1933 1188 pate-
2031 1123 2542 1195 gularitervicturos
2590 1125 2886 1181 auxiliante
2911 1124 3022 1180 Deo
3070 1123 3452 1180 constituimus
3482 1143 3497 1179 :
3524 1141 3618 1196 op-

342 1218 430 1272 ub
454 1214 737 1272 duodecim
761 1230 777 1279 ;
799 1211 1077 1267 offertoria
1115 1218 1370 1281 argentea
1413 1210 1620 1265 decem.
1647 1208 1729 1264 Ad
1770 1216 1932 1278 caput
2032 1223 2209 1270 tantes
2232 1222 2287 1268 et
2314 1216 2645 1280 ordinantes,
2678 1222 2739 1269 ut
2767 1215 2811 1270 si
2860 1230 2969 1269 non
3018 1212 3159 1284 plus,
3210 1214 3366 1269 istius
3403 1217 3614 1270 numeri

343 1307 519 1364 sancti
539 1304 782 1361 Ricbarii
811 1303 994 1360 tabula
1026 1318 1161 1358 auro
1185 1311 1241 1358 et
1283 1309 1507 1373 argento
1555 1308 1744 1370 parata
1789 1314 1926 1361 una;
2030 1307 2373 1378 congregatio
2411 1307 2465 1363 in
2508 1316 2830 1378 perpetuum
2865 1306 3148 1361 habeatur.
3189 1305 3423 1362 Centum
3453 1309 3616 1363 etiam

341 1400 479 1455 ostia
518 1396 729 1466 majora
747 1412 881 1452 auro
895 1402 949 1449 et
972 1401 1197 1465 argento
1220 1403 1410 1463 parata
1434 1392 1562 1457 duo,
1591 1390 1695 1444 alia
1718 1390 1929 1445 minora
2028 1410 2230 1466 pueros
2255 1397 2455 1453 scholis
2475 1398 2800 1454 erudiendos
2828 1398 2929 1453 sub
2950 1396 3142 1451 eodem
3173 1396 3361 1454 habitu
3388 1407 3448 1454 et
3472 1398 3617 1453 victu

342 1492 478 1555 duo;
530 1489 635 1543 alia
657 1487 853 1543 ostiola
891 1486 1142 1542 similiter
1163 1490 1354 1554 parata
1382 1483 1521 1548 duo;
1568 1480 1805 1537 balteum
1835 1495 1930 1534 au-
2032 1496 2054 1523 ιε
2098 1488 2409 1553 statuimus,
2466 1488 2558 1559 qui
2609 1487 2868 1544 fratribus
2897 1504 2996 1560 per
3042 1498 3154 1546 tres
3206 1489 3404 1546 choros
3430 1489 3621 1545 divisis

342 1593 498 1634 reum
550 1592 751 1643 unum;
813 1572 1258 1629 atramentarium
1300 1570 1563 1640 optimum
1615 1575 1929 1640 argenteum
2030 1575 2084 1629 in
2134 1577 2395 1632 auxilium
2446 1578 2711 1647 psallendi
2755 1586 2812 1634 et
2865 1580 3093 1635 canendi
3131 1579 3389 1635 intersint
3417 1594 3434 1633 :
3460 1579 3535 1634 ita
3559 1586 3623 1632 ut

341 1686 477 1726 auro
532 1677 781 1741 paratum
835 1682 1036 1732 unum;
1078 1663 1324 1719 cultellus
1362 1676 1496 1717 auro
1528 1669 1585 1716 ει
1619 1660 1928 1732 margaritis
1962 1657 2002 1715 Β
2031 1669 2230 1725 chorus
2279 1671 2452 1726 sancti
2505 1669 2800 1726 Salvatoris
2836 1678 3093 1727 centenos
3139 1672 3437 1728 monachos
3492 1687 3619 1726 cum

340 1772 563 1835 paratus
603 1778 776 1829 unus;
804 1760 975 1817 codex
1001 1759 1271 1814 eburneus
1295 1772 1427 1811 auro
1446 1763 1670 1828 argento
1706 1763 1763 1811 et
1786 1770 1931 1808 mar-
2031 1769 2264 1831 quatuor
2294 1770 2349 1815 et
2373 1760 2594 1831 triginta
2618 1761 2802 1830 pueris
2826 1761 3054 1829 habeat;
3093 1763 3293 1818 chorus
3311 1762 3486 1817 sancti
3508 1760 3611 1817 Ri-

343 1855 537 1925 garitis
580 1853 782 1924 optime
808 1857 1027 1922 paratus
1077 1863 1236 1903 unus.
1298 1847 1485 1919 Punga
1515 1859 1541 1887 α
1576 1860 1710 1901 auro
1739 1852 1929 1916 parata
2031 1851 2204 1906 οδω-ἥ
2242 1860 2499 1907 centenos
2527 1854 2841 1919 monachos,
2889 1862 3108 1923 tresque
3141 1862 3195 1909 et
3232 1853 3450 1923 triginta
3486 1866 3623 1923 pue—

336 1960 480 2009 una;
519 1942 824 1998 incensaria
863 1947 1118 2011 argentea
1146 1953 1279 1993 auro
1308 1946 1500 2008 parata
1528 1943 1779 2007 quatuor.
1818 1934 1928 1988 lla-

335 2035 502 2105 nappi
538 2033 781 2105 argentei
834 2030 1175 2101 superaurati
1220 2028 1513 2092 tredecim;
1580 2027 1787 2083 concha
1842 2040 1929 2079 ar-

338 2136 534 2199 gentea
556 2124 731 2195 major
777 2139 900 2179 cum
935 2123 1261 2194 imaginibus
1281 2120 1554 2193 argenteis
1574 2135 1718 2186 una;
1764 2120 1930 2175 bocu-

337 2218 471 2274 laris
500 2216 698 2289 [Vulgo
740 2217 928 2282 bocar,
982 2214 1183 2286 lagenw
1225 2212 1408 2287 genus]
1439 2221 1727 2283 argenteus
1754 2226 1925 2277 unus;

337 2308 488 2364 urcei
513 2307 757 2378 argentei
814 2321 937 2361 cum
973 2304 1406 2376 aquamanilibus
1426 2306 1539 2360 suis
1567 2305 1713 2370 duo;
1754 2316 1927 2358 canna

339 2405 597 2469 argentea
622 2413 750 2461 una,
798 2398 1037 2452 eburnea
1072 2409 1210 2459 una;
1251 2394 1426 2449 situla:
1468 2401 1740 2463 argentea)
1769 2391 1924 2455 dum;

342 2488 511 2544 clavis
537 2504 701 2544 aurea
720 2505 831 2543 una
860 2505 874 2553 ;
917 2488 1069 2544 scilla
1092 2497 1349 2558 argentea
1380 2503 1521 2554 una;
1553 2501 1768 2542 coronze
1800 2502 1923 2541 cum

343 2581 639 2636 luminibus
665 2579 958 2646 tredecim;
983 2580 1245 2635 columnae
1289 2587 1417 2634 ante
1440 2578 1611 2633 altare
1634 2578 1808 2633 sancti
1834 2576 1927 2631 Ri-

339 2673 511 2727 cbarii
558 2687 693 2728 auro
721 2679 777 2727 et
817 2680 1040 2742 argento
1064 2680 1269 2742 paratae
1294 2686 1422 2736 sex;
1468 2671 1651 2725 trabes
1690 2671 1927 2726 minores

337 2778 462 2819 sum
487 2764 721 2819 arcubus
747 2763 860 2818 suis
877 2770 1099 2832 argento
1129 2771 1331 2833 parate
1359 2769 1501 2827 tres;
1554 2761 1818 2816 cloccaria
1849 2760 1927 2833 [id

340 2862 439 2918 est,
495 2850 840 2924 campanilia]
883 2867 1017 2907 auro
1060 2859 1250 2922 parata
1280 2852 1417 2918 tria;
1461 2850 1657 2905 cloccze
1688 2849 1926 2923 [campa-

344 2944 486 3000 nula:
506 2960 598 2999 seu
644 2942 1028 3015 tintinnabula]
1065 2943 1280 3013 optima:
1318 2943 1624 3012 quindecim
1662 2956 1786 2996 cum
1837 2956 1927 2996 ea-

2032 1957 2122 1998 ros
2145 1941 2349 2013 iugiter
2398 1944 2627 2010 habeat;
2669 1946 2871 2000 chorus
2914 1945 3152 2014 psallens
3201 1953 3327 1999 ante
3374 1952 3623 1999 sanctam

2029 2032 2339 2102 passionem
2365 2041 2624 2089 centenos
2648 2034 2961 2097 monachos,
2994 2033 3211 2102 triginta
3228 2032 3401 2088 tribus
3431 2032 3623 2101 adjun-

2029 2123 2133 2177 ctis
2157 2122 2343 2193 pueris
2383 2123 2634 2179 similiter
2663 2122 2884 2179 habeat.
2949 2123 3024 2178 Ea
3065 2133 3248 2179 autem
3276 2124 3487 2179 ratione
3520 2124 3625 2193 ipsi

2030 2212 2185 2268 chori
2210 2222 2320 2268 tres
2359 2214 2414 2269 in
2450 2214 2648 2269 divinis
2700 2214 2949 2269 laudibus
2994 2216 3380 2284 personabunt,
3411 2223 3471 2269 ut
3499 2232 3622 2269 om-

2029 2319 2127 2359 nes
2160 2305 2326 2360 horas
2345 2306 2639 2361 canonicas
2688 2306 2743 2360 in
2794 2320 3082 2361 commune
3111 2305 3272 2359 simul
3297 2321 3490 2361 omnes
3527 2307 3623 2362 dr-

2032 2402 2274 2450 cantent.
2329 2395 2535 2464 Quibus
2576 2398 2831 2453 decenter
2878 2396 3130 2468 expletis,
3190 2397 3623 2469 uniuscujusque

2028 2486 2179 2541 chori
2210 2502 2337 2556 pars
2395 2488 2554 2541 tertia
2593 2486 2877 2542 ecclesiam
2901 2495 3076 2553 exeat,
3133 2496 3187 2542 et
3218 2489 3498 2559 corporeis
3527 2506 3623 2544 ne-

2028 2568 2484 2633 cessitatibus'vel
2509 2576 2632 2633 aliis
2654 2578 2979 2635 utilitatibus
3008 2580 3075 2635 ad
3101 2587 3310 2649 tempus
3337 2580 3622 2645 inserviat,

2028 2677 2177 2725 certo
2207 2670 2467 2740 temporis
2490 2670 2665 2740 spatio
2695 2670 3087 2726 interveniente
3115 2672 3184 2726 ad
3211 2671 3408 2726 divinae
3438 2671 3618 2726 laudis

2029 2761 2212 2817 munia
2256 2762 2578 2817 celebranda
2607 2763 2782 2817 denuo
2828 2763 3136 2818 redeuntes.
3181 2762 3243 2818 In
3286 2778 3622 2833 unoquoque

2029 2854 2196 2908 etiam
2249 2853 2495 2908 ohoroid
2534 2852 2739 2924 jngitcr
2774 2855 3112 2919 observetur,
3161 2862 3223 2908 ut
3270 2854 3620 2909 sacerdotum

2030 2959 2094 3001 ac
2108 2944 2394 3000 levitarum
2408 2945 2846 3015 reliquorumque
2868 2961 3145 3002 sacrorum
3169 2947 3421 3002 ordinum
3439 2962 3625 3017 aequa-

347 3052 470 3093 rum
534 3035 754 3092 circulis
780 3036 829 3113 ib
858 3034 1190 3105 'quindccim
1216 3050 1234 3100 ;
1286 3032 1455 3109 sltilke
1504 3043 1618 3088 tres
1662 3032 1924 3103 imagines
1952 3003 2000 3066 ο
2029 3035 2098 3091 lis
2130 3051 2389 3091 numerus
2420 3044 2682 3091 teneatur.
2735 3036 3031 3093 Cantorum
3061 3039 3415 3094 nihilominus
3455 3050 3515 3096 et
3537 3040 3617 3096 le-

338 3142 503 3184 aenae
530 3141 648 3192 sex,
682 3128 934 3183 eburnea
962 3141 1124 3192 una;
1178 3124 1503 3181 candelabra
1553 3139 1687 3179 auro
1735 3132 1923 3193 parata

335 3221 477 3285 duo;
523 3218 663 3274 ostia
691 3233 826 3273 auro
864 3225 1050 3288 parata
1093 3214 1585 3287 septem-Insuper
1605 3213 1925 3269 donavimus

335 3310 410 3367 ibi
449 3311 609 3383 pallia
645 3311 850 3382 optima
892 3309 1229 3379 septuaginta
1263 3314 1420 3373 octo;
1473 3321 1674 3378 cappas
1727 3307 1925 3361 ducen-

334 3411 450 3468 tas;
507 3401 824 3457 dalmaticas
878 3401 1066 3472 viginti
1095 3408 1329 3470 quatuor
1354 3400 1593 3465 sericas;
1644 3397 1794 3454 albas
1818 3398 1915 3453 Ro-

335 3507 529 3548 manas
580 3507 701 3547 cum
743 3492 1105 3547 amictissuis
1146 3505 1282 3545 auro
1333 3500 1553 3560 paratas
1599 3504 1726 3555 sex;
1773 3490 1925 3545 albas

333 3583 506 3639 lineas
531 3584 793 3639 ducentas
811 3583 1121 3653 sexaginta;
1156 3582 1368 3636 casulas
1388 3581 1459 3635 de
1488 3581 1651 3651 pallio
1680 3582 1921 3651 triginta,

338 3674 408 3729 de
436 3687 676 3743 purpura
700 3672 909 3736 decem,
967 3673 1265 3727 de-storace
1296 3687 1413 3737 sex,
1469 3672 1534 3726 de
1547 3672 1695 3741 pisce
1733 3687 1919 3736 unam,

338 3763 408 3817 de
468 3760 638 3831 platta
683 3761 1009 3829 quindecim,
1052 3762 1119 3816 de
1164 3762 1395 3817 cendato
1443 3761 1700 3832 quinque.
1746 3761 1925 3817 Stolas

340 3869 476 3908 auro
507 3861 728 3925 paratas
748 3853 1009 3925 quinque,
1070 3852 1293 3909 lationes
1341 3852 1692 3927 [manipulos]
1724 3854 1789 3909 de
1810 3853 1925 3924 pal-

338 3942 411 3998 lio
438 3957 573 3999 auro
603 3950 821 4013 paratos
847 3942 1064 4010 decem;
1103 3944 1348 4000 cussinos
1376 3944 1442 3998 de
1474 3942 1639 4012 pallio
1661 3942 1920 4013 quinque,

338 4052 466 4107 saga
494 4038 559 4093 de
586 4036 751 4108 pallio
768 4036 1029 4107 quinque.
1154 4016 1171 4033 ’
1856 4020 1869 4031 ’

382 4132 483 4186 συθ
508 4131 676 4195 libris,
733 4130 1079 4202 Evangelium
1109 4145 1244 4184 auro
1287 4129 1545 4198 scriptum
1576 4143 1698 4184 cum
1729 4127 1924 4183 tabulis

338 4223 610 4295 argenteis
629 4237 765 4278 auro
800 4230 856 4278 et
883 4221 1149 4292 lapidibus
1192 4222 1444 4292 pretiosis
1494 4219 1724 4275 miriﬁce
1762 4234 1923 4289 para-

336 4329 450 4371 tum
501 4330 697 4380 unum;
729 4314 875 4370 aliud
903 4315 1255 4386 Evangelium
1274 4314 1574 4385 plenarium
1594 4329 1788 4367 unum.
1848 4311 1922 4365 De.

335 4407 458 4462 aliis
486 4406 639 4464 libris
667 4406 936 4462 volumina
958 4407 1207 4461 ducenta.

381 4499 630 4569 'lnsuper
661 4498 825 4554 etiam
850 4498 1078 4569 plurima
1123 4509 1441 4555 ornamenta
1473 4501 1525 4555 in
1553 4499 1918 4563 l‘abricaturis,

335 4598 389 4644 et
415 4589 644 4644 diversis
668 4589 1012 4655 utilitatibus,
1063 4589 1116 4644 in
1139 4590 1376 4659 plumbo,
1420 4591 1586 4655 vitro,
1626 4605 1916 4651 marmore,

334 4687 653 4735 seumteraa
666 4680 1023 4736 instrumenta
1044 4696 1171 4751 qua:
1197 4681 1415 4754 longum
1449 4681 1553 4737 fuit
1574 4696 1917 4744 enumerare,

335 4769 702 4840 prolixiusque
723 4772 962 4827 scribere
990 4791 1001 4825 :
1029 4789 1150 4843 quas
1173 4784 1371 4830 tamen
1393 4784 1519 4829 tunc
1546 4774 1805 4844 temporis
1827 4790 1922 4843 ap-

334 4863 563 4933 pretiata
589 4870 714 4918 sunt
754 4878 783 4917 a
813 4863 1056 4919 ﬁdelibus
1088 4866 1182 4920 Dei
1215 4875 1272 4922 et
1307 4868 1477 4921 sancti
1509 4867 1769 4931 Richarii,
1825 4865 1919 4936 qui

333 4952 617 5007 vobiscum
649 4951 703 5006 in
725 4951 818 5005 Dei
850 4954 1072 5007 servitio
1096 4955 1407 5011 laborantes
1432 4958 1778 5022 exstiterant,
1803 4957 1919 5012 hzec

331 5040 514 5096 omnia
541 5040 719 5096 valere
748 5041 987 5112 potuisse
1035 5042 1199 5098 libras
1228 5046 1531 5115 quindecim
1555 5048 1718 5102 millia
1748 5048 1829 5104 vel
1854 5062 1920 5103 eo

330 5135 583 5207 amplius.

400 5230 496 5286 llis
522 5237 578 5284 et
615 5229 759 5295 aliis,
789 5236 952 5300 prout
975 5229 1210 5288 donante
1236 5232 1463 5289 Domino
1486 5236 1772 5295 valuimus,
1808 5237 1945 5290 elc-.

403 5357 426 5383 ι
473 5343 527 5397 ld
551 5350 635 5398 est
656 5358 815 5414 pera,
872 5341 1142 5414 sacculus.
1190 5340 1482 5414 Attdoenus
1527 5348 1580 5400 in
1621 5347 1759 5403 libro
1786 5365 1801 5403 ι
1832 5349 1899 5405 de

329 5414 452 5468 Vita
476 5412 836 5485 sancti'Eligii
882 5429 1003 5483 cap.
1036 5412 1101 5468 l0
1139 5432 1151 5466 :
1190 5433 1208 5464 c
1244 5412 1506 5479 Quotiens
1551 5418 1791 5472 brachile
1821 5435 1918 5473 au-

331 5499 502 5557 reum,
528 5498 760 5557 pungam
775 5499 991 5554 quoque
1010 5484 1493 5557 aurogemmisque
1521 5495 1791 5557 comptam
1815 5489 1918 5545 sibi

331 5552 619 5621 subripuit,
644 5552 857 5609 tantum
880 5552 937 5609 ut
969 5552 1186 5610 miseris
1206 5552 1569 5613 succurreret.
1610 5575 1629 5609 ι

401 5623 428 5663 δ
458 5623 708 5680 Armillas
745 5640 1133 5698 campanarum
1176 5624 1393 5683 funibus
1413 5627 1707 5700 pendentes
1757 5640 1916 5687 vocat

2026 3136 2235 3184 ctorum
2285 3128 2478 3198 aequali
2510 3144 2761 3185 mensura
2805 3129 3000 3185 divisio
3034 3130 3335 3195 ordinetur,
3374 3131 3615 3201 qualiter

2025 3221 2225 3276 chorus
2253 3235 2284 3274 a
2312 3221 2480 3275 choro
2535 3221 2766 3277 invicem
2821 3236 2929 3277 non
2983 3230 3256 3292 gravetur.
3322 3222 3464 3291 Quin
3513 3224 3627 3279 imo

2023 3327 2213 3367 omnes
2258 3312 2544 3366 unanimes
2580 3312 2907 3368 sacrificium
2963 3313 3137 3369 laudis
3179 3315 3411 3371 Domino
3443 3317 3626 3371 omni-

2023 3402 2230 3470 potenti
2254 3416 2358 3473 pro
2398 3402 2572 3458 salute
2617 3402 2839 3475 gloriosi
2876 3404 3090 3459 Domini
3114 3406 3219 3459 mei
3250 3406 3481 3478 Augusti
3513 3408 3624 3463 Ca-

2026 3490 2147 3555 roli,
2206 3506 2413 3561 proque
2456 3492 2608 3562 regni
2644 3494 2762 3563 ejus
2802 3494 3118 3559 stabilitate,
3165 3497 3421 3552 continua
3448 3498 3625 3553 devo-

2026 3583 2171 3637 tione
2199 3581 2405 3654 jngiter
2434 3586 2746 3641 exhibeant.
2803 3586 3106 3642 Matutinali
3167 3589 3367 3644 etenim
3396 3606 3495 3647 seu
3529 3608 3628 3647 ve-

2024 3677 2303 3745 spertina’li
2359 3676 2535 3734 oll'icio
2597 3690 2988 3747 consummato,
3038 3698 3160 3739 mox
3216 3700 3409 3741 omnes
3461 3689 3627 3744 chori

2022 3767 2401 3824 ordinabili'ter
2448 3784 2507 3825 se
2564 3782 2692 3827 ante
2733 3781 2976 3828 sanctam
3041 3775 3345 3847 passionem
3391 3794 3629 3851 congre-

2024 3865 2171 3927 gent,
2219 3858 2406 3914 decem
2436 3869 2658 3916 tantum
2680 3864 2981 3934 psalmistis
3007 3867 3301 3938 unicuique
3333 3870 3510 3926 choro
3533 3887 3626 3927 re-

2024 3951 2408 4007 manentibus:
2444 3960 2500 4008 et
2525 3954 2605 4009 sic
2624 3970 2722 4025 per
2764 3964 2972 4026 portam
3004 3959 3174 4014 sancti
3216 3959 3507 4028 Gabrielis,
3559 3981 3627 4020 ac

2023 4053 2123 4108 per
2166 4041 2337 4096 salam
2364 4040 2564 4114 [Vulgo
2599 4043 2755 4109 salle,
2799 4044 3002 4119 aulam]
3042 4047 3224 4104 domui
3262 4052 3478 4108 abbatis
3505 4068 3627 4111 amo

2024 4136 2279 4195 bulando.
2330 4150 2429 4205 per
2464 4133 2852 4189 occidentalem
2903 4134 3124 4191 claustri
3163 4140 3438 4212 regionem
3487 4159 3626 4198 can-

2026 4228 2190 4282 tando
2237 4227 2457 4280 veniant
2506 4226 2573 4280 ad
2626 4237 2869 4283 sanctam
2919 4225 3183 4284 Mariam:
3216 4231 3311 4286 ubi
3366 4232 3627 4290 oratione

2024 4332 2125 4386 pro
2152 4317 2413 4388 temporis
2441 4319 2649 4374 ratione
2670 4321 2935 4391 deposita,
2983 4323 3275 4378 remeando
3303 4324 3529 4379 veniant
3554 4327 3624 4379 ad

2027 4418 2271 4465 sanctum
2318 4410 2669 4467 Benedictum
2709 4413 2763 4468 in
2796 4414 3049 4470 orientali
3080 4422 3233 4485 parte
3285 4414 3517 4471 claustri
3547 4417 3625 4473 si—

2026 4509 2138 4556 tum
2168 4519 2182 4568 ;
2221 4503 2344 4558 inde
2392 4518 2491 4573 per
2516 4505 2715 4575 gradus
2757 4521 2981 4562 arcuum
3025 4506 3231 4561 intrent
3265 4505 3335 4561 ad
3364 4517 3621 4562 sanctum

2025 4593 2381 4661 Mauricium;
2425 4595 2610 4665 sicque
2634 4597 2900 4653 intrantes
2947 4598 3121 4655 sancti
3153 4597 3398 4654 Richarii
3428 4599 3621 4655 basili-

2023 4700 2164 4751 cam,
2220 4687 2580 4743 rcstituantur
2608 4689 2721 4745 suis
2736 4690 2944 4745 choris.

2096 4776 2226 4832 lllud
2249 4778 2411 4833 etiam
2434 4780 2711 4835 observari
2737 4781 3006 4851 praecipua
3060 4781 3350 4839 devotione
3388 4786 3624 4839 manda-

2021 4883 2162 4931 mus,
2199 4868 2427 4924 utnulla
2453 4868 2570 4925 dies
2590 4879 2878 4940 praetereat
2926 4872 3132 4944 absque
3175 4888 3460 4929 sacrarum
3485 4877 3625 4932 mis-

2022 4978 2205 5017 sarum
2260 4964 2659 5030 decantatione,
2706 4965 2960 5023 videlicet
3012 4974 3071 5021 ut
3099 4968 3145 5023 si
3199 4983 3306 5023 non
3334 4968 3479 5040 plus,
3536 4972 3623 5027 vel

2022 5054 2240 5125 triginta
2265 5070 2295 5108 a
2347 5055 2608 5111 fratribus
2632 5054 2966 5113 diversorum
2993 5058 3280 5114 chororum
3317 5073 3419 5128 per
3443 5060 3626 5116 diver-

2020 5162 2082 5200 sa
2120 5147 2313 5203 altaria
2338 5147 2519 5203 missa:
2541 5148 2785 5217 quotidie
2807 5157 3059 5221 agantur,
3086 5149 3330 5221 exceptis
3356 5150 3468 5206 illis
3489 5152 3623 5207 dua-

2020 5240 2121 5295 bus
2146 5239 2212 5294 de
2246 5247 2537 5305 conventu,
2583 5255 2704 5310 qua:
2746 5254 2905 5295 mane
2948 5249 3002 5295 et
3049 5241 3276 5297 meridie
3325 5240 3623 5299 solemnis-

2022 5354 2350 5411 Adrevaldus
2400 5355 2452 5409 in
2502 5354 2642 5410 libro
2687 5354 2762 5409 De
2792 5355 3070 5410 miraculis
3097 5354 3268 5410 sancti
3315 5356 3617 5424 Benedicti,

2354 5497 2565 5578 oblatos
2576 5499 2765 5578 eodem
2788 5496 2973 5578 habitu
2999 5496 3313 5578 iisdemque
3329 5498 3468 5554 cibis
3490 5510 3616 5555 usos

2021 5567 2185 5624 fuisse
2209 5577 2424 5624 constat
2461 5577 2575 5623 tum
2600 5583 2665 5625 ex
2697 5568 2801 5622 hoc
2822 5568 2959 5633 loco,
2994 5576 3108 5623 tum
3132 5583 3197 5622 ex
3225 5567 3365 5623 aliis.
