3868 6174
265 437 370 494 849
1713 430 1846 486 CAR
1857 432 2037 484 MISA’.
3402 424 3502 478 8.30

252 551 388 606 sime
422 547 786 608 celebrantur,
838 545 890 599 in
921 545 1114 614 quibus
1132 543 1369 612 quotidie
1413 542 1670 596 memoria
1699 558 1822 596 san-
1853 558 1894 609 Α
1925 544 2016 613 qui
2069 543 2122 596 in
2148 540 2472 596 sublimitate
2495 547 2620 593 sunt
2666 539 2970 601 constituti,
2999 536 3261 592 Salvatori
3283 537 3394 592 Deo
3416 555 3506 592 no-

252 640 485 698 ctissimi
524 654 676 709 papae
723 637 965 702 Adriani,
1019 647 1073 692 et
1116 637 1333 708 gloriosi
1359 635 1560 692 domini
1589 635 1694 689 mei
1719 635 1826 687 Au-
1933 641 2044 687 stro
2087 630 2522 686 obsecrationum
2576 629 2658 683 vel
2714 628 3018 684 orationum
3059 628 3261 698 gratias
3301 628 3505 699 iugiter

255 731 394 802 gusti
422 727 624 792 Caroli,
673 725 917 797 conjugis
940 734 995 781 et
1021 726 1188 795 prolis
1211 727 1331 796 ejus
1381 732 1629 779 teneatur
1660 738 1674 776 :
1704 739 1831 792 qua-
1937 723 2320 793 persolvamus.

260 823 386 877 liter
405 819 563 890 juxta
582 820 806 876 verbum
861 819 1104 890 Apostoli
1133 834 1231 889 pro
1252 819 1472 888 regibus
1496 827 1551 872 et
1579 818 1832 871 omnibus

1801 959 1996 966 .—————.—

1041 1057 1553 1133 STATUTA
1611 1056 2095 1144 ρυλΕυΑΜ
2175 1051 2703 1127 BUBRICA.

1612 1207 1670 1271 (Α
1681 1207 1773 1270 pud
1795 1206 1998 1270 uabiu.,
2023 1205 2166 1267 ibid.)

416 1427 538 1496 Qua
559 1438 684 1481 vero
707 1423 988 1495 majestate
1012 1438 1075 1478 ac
1098 1423 1400 1478 reverentia
1429 1421 1610 1476 divina
1635 1420 1834 1475 ibidem
1933 1420 2334 1491 egrederentur.
2384 1420 2450 1474 Et
2489 1421 2662 1489 primo
2707 1420 2922 1490 quidem
2965 1437 3061 1493 per
3085 1433 3295 1494 portam
3339 1429 3512 1485 sancti

259 1523 436 1580 cilicia
485 1519 906 1579 celebrarentur,
955 1529 1056 1569 nos
1098 1515 1257 1568 docet
1300 1529 1466 1568 unum
1511 1521 1569 1566 et
1607 1512 1834 1566 alterum
1936 1513 2213 1568 Michaelis
2251 1513 2579 1584 procedebat
2622 1515 2668 1570 is
2693 1516 2786 1584 qui
2814 1531 2910 1572 vas
2935 1531 3089 1586 aqua:
3112 1517 3410 1576 benedicta:
3435 1519 3514 1576 fe-

261 1613 556 1685 specimen,
600 1607 746 1678 quod
773 1607 876 1661 hoc
921 1606 1039 1660 loco
1073 1605 1328 1659 exhibere
1365 1603 1518 1672 juvat
1562 1618 1628 1656 ex
1667 1600 1836 1655 veleri
1937 1608 2114 1672 rebat,
2142 1608 2336 1664 deinde
2366 1618 2476 1664 tres
2501 1609 2593 1663 alii
2622 1609 2845 1664 totidem
2886 1609 3157 1665 thuribula
3203 1621 3510 1683 gestantes:

260 1706 471 1768 codice,
511 1701 640 1756 olim
690 1698 1026 1762 Petavianae,
1077 1706 1186 1750 tum
1238 1695 1598 1750 serenissima:
1637 1692 1838 1764 regina:
1939 1706 2053 1752 tum
2100 1713 2291 1754 cruces
2332 1707 2560 1768 septem,
2589 1713 2723 1768 quas
2767 1700 3093 1768 sequebatur
3134 1717 3295 1772 capsa
3342 1702 3517 1771 major

264 1795 492 1856 Suecize,
515 1805 660 1844 nunc
684 1788 1022 1843 bibliotheca:
1049 1785 1442 1841 Ottobonianze.
1475 1784 1532 1838 ln
1563 1799 1628 1838 eo
1654 1782 1839 1838 codice
1937 1789 2174 1844 basilica:
2203 1791 2375 1845 sancti
2401 1789 2718 1856 Salvatoris,
2746 1790 2930 1844 media
2950 1791 3088 1846 inter
3115 1792 3371 1846 tres‘hino
3393 1793 3516 1848 inde

264 1881 607 1952 Angilbeﬂus
665 1875 834 1931 abbas
882 1875 1160 1930 ordinasse
1211 1875 1447 1937 dieitur.
1515 1881 1576 1925 ιιι
1636 1872 1691 1926 ill
1753 1870 1838 1925 die
1869 1881 1914 1940 Β
1944 1881 2266 1945 sacerdotes,
2316 1880 2408 1950 qui
2452 1881 2689 1936 minores
2727 1897 2920 1950 capsas
2958 1881 3260 1952 gestabant.
3324 1882 3514 1937 Postea

266 1969 606 2026 sanctissimo
629 1967 849 2022 Pascha:
879 1973 934 2019 et
981 1965 1034 2018 in
1063 1963 1351 2018 Nativitate
1388 1963 1599 2018 Domini
1645 1961 1840 2016 fratres

263 2067 318 2110 et
338 2057 524 2114 ueteri
550 2071 736 2111 omnes
759 2055 849 2124 qui
875 2055 929 2108 in
955 2054 1184 2109 ecclesia
1206 2053 1504 2107 Salvatoris
1530 2052 1598 2106 ad
1620 2051 1840 2105 missam

265 2145 673 2210 conveniebant,
704 2145 759 2199 in
784 2145 973 2199 eadem
1006 2143 1232 2197 ecclesia
1257 2140 1690 2196 communionem
1718 2153 1841 2207 per-

268 2237 527 2306 ciperent.
565 2235 703 2290 Dum
740 2249 869 2289 vero
897 2233 1094 2288 fratres
1122 2242 1177 2288 et
1209 2231 1398 2301 reliqui
1434 2230 1620 2286 clerici
1656 2231 1723 2284 ab
1753 2229 1842 2283 illo

269 2331 572 2396 sacerdote,
593 2329 686 2399 qui
715 2329 828 2399 ipsa
857 2329 943 2384 die
971 2327 1191 2382 missam
1224 2334 1516 2390 cantasset,
1549 2325 1844 2380 communi-

267 2420 552 2485 cabantur,
581 2427 643 2473 ut
673 2417 765 2472 alii
796 2419 901 2474 duo
935 2417 1242 2473 sacerdotes
1277 2431 1400 2471 cum
1426 2414 1636 2470 duobus
1665 2415 1844 2470 diaco-

271 2511 355 2565 nis
377 2511 707 2579 totidemque
731 2509 1255 2575 subdiaconis,.uuus
1288 2507 1456 2573 viros,
1488 2506 1625 2562 alter
1658 2507 1844 2562 mulie-

272 2618 359 2657 res
389 2601 586 2657 ibidem
613 2601 1054 2666 communicaret,
1082 2609 1141 2654 ut
1163 2599 1338 2655 clerus
1361 2606 1414 2653 et
1434 2599 1662 2668 populus
1687 2597 1846 2654 simul

209 2720 220 2726 -
270 2691 647 2746 communicati
673 2690 1122 2754 benedictionem,
1149 2705 1210 2744 ac
1233 2689 1644 2758 completionem
1671 2689 1848 2743 missze

273 2778 432 2833 simul
455 2786 677 2848 possent
704 2779 889 2834 audire
919 2797 930 2832 :
957 2794 1062 2847 quo
1087 2777 1245 2843 facto,
1277 2779 1381 2833 duo
1409 2778 1486 2832 illi
1515 2779 1844 2843 sacerdotes,

275 2885 411 2924 unus
437 2870 506 2924 ad
533 2885 698 2924 unum
740 2869 958 2936 ostium,
991 2871 1131 2924 alter
1177 2871 1246 2924 ad
1273 2871 1525 2936 alterum,
1552 2884 1748 2941 pueros
1781 2887 1848 2925 ex

270 2962 644 3016 ambulatoriis
681 2978 775 3018 seu
798 2963 1094 3032 porticibus
1135 2965 1502 3032 superioribus
1523 2965 1850 3020 descenden-

270 3062 353 3106 tes
390 3052 896 3118 communicabant;
948 3068 1012 3108 ac
1057 3053 1250 3108 deinde
1296 3061 1522 3124 uterque
1566 3069 1690 3109 cum
1736 3054 1850 3108 suis

274 3141 534 3195 ministris
564 3141 631 3195 ad
672 3149 971 3195 extremum
1016 3148 1238 3205 stantes,
1289 3140 1426 3196 forte
1471 3143 1678 3208 altaris,
1723 3158 1847 3213 gra-

1937 1971 2403 2039 subsequebantur
2459 1979 2684 2039 septeno
2727 1971 2926 2040 quique
2977 1987 3202 2027 numero
3258 1973 3470 2028 diaconi
3499 2014 3513 2035 .

1939 2058 2272 2121 subdiaconi,
2303 2058 2560 2129 acolytlii,
2587 2060 2892 2124 exorcistaa,
2919 2059 3150 2116 lectores
3175 2069 3228 2116 et
3269 2062 3512 2126 ostiarii;

1939 2162 2003 2200 ac
2033 2147 2226 2202 deinde
2261 2147 2452 2218 reliqui
2493 2149 2742 2204 monachi
2771 2150 2976 2220 septeni
3003 2159 3057 2204 et
3087 2150 3319 2220 septeni,
3353 2166 3439 2215 ne,
3471 2152 3517 2206 si

1939 2238 2049 2292 bini
2076 2239 2162 2293 vel
2191 2240 2332 2295 terni
2363 2239 2730 2308 incessissent,
2774 2241 3011 2296 milliarii
3052 2243 3284 2311 spatium
3330 2242 3519 2312 imple-

1937 2329 2161 2385 vissent.
2193 2329 2303 2386 Hos
2335 2346 2521 2386 omnes
2549 2332 2674 2387 dein
2725 2333 3189 2403 subsequebantur
3234 2334 3414 2404 pueri.
3433 2349 3518 2389 se-

1940 2428 2086 2489 ptem
2116 2436 2237 2476 cum
2284 2422 2506 2476 totidem
2535 2421 2821 2478 flammulis
2849 2437 2943 2478 seu
2982 2424 3155 2489 tzedis,
3181 2431 3519 2494 et.post'eos

1941 2510 2045 2565 viri
2074 2513 2282 2567 nobiles
2323 2513 2530 2582 septeni
2575 2521 2631 2569 et
2675 2514 2902 2582 septeni,
2950 2529 2978 2568 a
3002 2514 3290 2584 praeposito
3313 2517 3396 2569 vel
3430 2515 3526 2569 de-

1944 2615 2080 2655 cano
2109 2601 2268 2656 eleeti
2299 2620 2312 2655 :
2342 2603 2538 2672 quibus
2567 2604 2860 2660 nobiliores
2885 2603 3098 2659 femina:
3121 2605 3307 2660 eodem
3335 2605 3525 2660 ordine

1945 2690 2324 2746 succedebant.
2366 2691 2492 2747 Post
2536 2693 2636 2747 hos
2674 2706 2864 2748 omnes
2902 2692 3268 2762 procedebant
3316 2701 3520 2762 septem

1945 2795 2134 2834 cruces
2187 2779 2479 2835 forensium
2539 2781 2920 2846 ecclesiarum,
2973 2795 3109 2850 quas
3163 2782 3527 2850 sequebantur

1946 2870 2098 2939 pueri
2129 2877 2184 2924 et
2217 2870 2405 2939 puellae
2445 2871 2695 2925 cantandi
2721 2871 2924 2940 peritae,
2957 2886 3076 2940 quae
3101 2871 3399 2925 orationem
3425 2869 3528 2926 Do-

1950 2959 2227 3026 ntinicam,
2260 2961 2584 3029 symbolum,
2631 2961 2844 3030 aliaque
2890 2959 3085 3015 similia
3135 2960 3517 3024 concinebant,

1949 3050 2140 3105 deinde
2161 3051 2584 3106 honorabiliores
2604 3049 2704 3104 viri
2727 3065 2788 3104 ac
2804 3050 3020 3104 femina:
3040 3064 3104 3104 ex
3126 3049 3232 3105 illis
3251 3047 3525 3111 ecclesiis;

1950 3149 2194 3196 extremo
2219 3140 2334 3196 loco
2365 3141 2667 3210 promiscua
2696 3141 2850 3194 turba
2886 3138 3222 3194 infirmorum
3251 3155 3316 3194 ac
3341 3154 3537 3194 senum.

273 3231 418 3295 dum,
443 3231 913 3286 communicabant
941 3245 1057 3296 eos,
1082 3232 1172 3301 qui
1199 3232 1264 3286 ad
1286 3232 1539 3302 praedicta
1561 3231 1676 3288 loca
1705 3247 1851 3288 com-
1877 3219 1921 3281 ε
1955 3240 2173 3302 septeno
2207 3233 2310 3286 ritu
2338 3231 2521 3285 itidem
2548 3230 2771 3300 pedibus
2800 3229 3161 3284 incedentium
3191 3248 3204 3282 :
3230 3231 3320 3299 qui
3346 3238 3528 3284 autem

275 3322 602 3377 municaturi
647 3337 754 3377 non
801 3321 1187 3387 occurrissent,
1231 3323 1374 3393 quod
1425 3333 1485 3378 ut
1528 3324 1628 3378 rite
1675 3322 1848 3387 ﬁeret,

275 3413 413 3466 idem
463 3412 634 3465 abbas
678 3411 1052 3476 ordinaverat,
1097 3419 1157 3465 ut
1198 3413 1248 3465 in
1291 3413 1501 3467 duobus
1544 3412 1650 3468 illis
1696 3411 1850 3466 festis

274 3511 508 3570 quatuor
545 3501 876 3566 sacerdotes,
919 3503 1249 3571 totidemque
1284 3503 1496 3558 diaconi
1533 3518 1597 3558 ac
1632 3503 1850 3558 subdia-

274 3591 393 3644 coni
416 3591 684 3647 sacerdoti
705 3591 997 3646 solemnem
1023 3592 1242 3647 missam
1263 3591 1556 3649 celebranti
1578 3593 1848 3648 adessent.

279 3682 401 3736 llzce
428 3683 495 3736 de
515 3683 690 3751 primo
721 3682 850 3736 ritu.

349 3771 503 3825 Alter
529 3779 612 3826 est
640 3772 707 3825 de
737 3769 1027 3840 majoribus
1052 3771 1276 3838 litaniis,
1303 3770 1374 3826 ad
1392 3786 1526 3840 quas
1562 3771 1856 3827 solemnius

280 3862 554 3916 faciendas
583 3877 772 3918 cruces
813 3871 866 3917 et
906 3863 1281 3934 processiones
1310 3862 1604 3916 vicinarum
1651 3871 1855 3932 septem

280 3952 630 4006 ecclesiarum
657 3952 723 4006 ad
754 3961 998 4007 sanctum
1026 3937 1336 4007 Richarium
1382 3951 1672 4006 convenire
1698 3951 1858 4008 debe—

285 4043 433 4097 lvant.
487 4042 622 4098 Cum
652 4059 716 4098 eo
744 4044 1034 4108 venissent,
1065 4058 1252 4098 omnes
1285 4043 1442 4097 simul
1491 4043 1859 4099 consistebant

282 4133 347 4186 ad
391 4135 698 4202 paradisum
745 4134 857 4190 sive
911 4134 1108 4188 atrium
1155 4132 1396 4188 ecclesia:
1443 4148 1626 4188 coram
1673 4143 1860 4189 sancta

1950 3338 2060 3391 pne
2083 3321 2392 3376 infirmitate
2412 3337 2515 3376 non
2537 3321 3110 3392 poterant,equitando
3133 3321 3530 3392 subsequeban-

1950 3423 2056 3466 tur.
2082 3411 2176 3466 llis
2205 3412 2279 3466 ita
2308 3412 2592 3476 ordinatis,
2618 3411 3007 3481 procedebatur
3029 3427 3125 3481 per
3153 3411 3388 3466 medium
3410 3425 3523 3465 mo-

1951 3501 2194 3566 nasterii,
2220 3501 2342 3556 dein
2368 3516 2464 3571 per
2485 3501 2755 3572 publicam
2793 3501 2956 3565 viam,
2980 3509 3035 3556 et
3067 3515 3165 3570 per
3183 3507 3394 3570 portam
3420 3513 3531 3554 me.-

1953 3592 2241 3657 ridianam,
2267 3607 2480 3646 murum
2503 3592 2761 3663 gyrando,
2782 3593 3188 3648 revertebantur
3205 3607 3302 3662 per
3319 3601 3528 3661 portam

1953 3683 2446 3753 septentrionalem.
2475 3685 2532 3739 In
2560 3685 2646 3740 bis
2669 3700 2794 3740 vero
2815 3685 3108 3756 majoribus
3147 3685 3374 3750 litaniis,
3403 3694 3526 3753 post

1954 3775 2296 3844 antipbonas,
2323 3774 2582 3845 psalmos,
2619 3775 2833 3845 aliaque
2864 3775 2918 3831 id
2949 3791 3140 3846 genus,
3176 3775 3535 3830 cantabantur

1957 3867 2062 3921 tria
2100 3867 2368 3937 symbola,
2419 3867 2812 3936 apostolorum,
2861 3863 3530 3935 Constantinopolitanum.

1957 3965 2012 4009 et
2037 3955 2207 4010 sancti
2232 3956 2542 4022 Athanasii;
2573 3956 2763 4011 deinde
2789 3956 2962 4011 oratio
2991 3955 3300 4019 Dominica;
3333 3963 3388 4008 et
3415 3962 3537 4022 post

1959 4046 2199 4100 litaniam
2227 4048 2562 4119 generalem,
2597 4045 2795 4101 fratres
2841 4063 2964 4101 cum
3012 4045 3193 4101 schola
3242 4057 3534 4114 puerorum

1962 4137 2180 4192 litanias
2215 4139 2590 4202 concinebant,
2620 4137 2796 4206 primo
2817 4135 3099 4200 Gallicam,
3127 4134 3361 4189 secundo
3389 4131 3536 4185 Itali-

291 4223 597 4287 nativitate,
645 4233 804 4293 atque
852 4224 1098 4278 oratione
1148 4223 1318 4286 facta,
1371 4223 1568 4277 ibidem
1617 4224 1863 4278 ordinate
1963 4244 2103 4293 cam,
2135 4230 2293 4283 tertio
2319 4229 2652 4284 Romanam:
2701 4229 2894 4297 quibus
2917 4237 3189 4297 postremo
3215 4223 3540 4280 succedebat

290 4315 663 4381 persistebant,
696 4315 883 4370 divisis
906 4315 1031 4370 hinc
1071 4315 1194 4369 inde
1222 4313 1354 4368 viris
1396 4327 1427 4366 a
1469 4313 1860 4382 septentrione,

293 4403 502 4458 feminis
547 4419 578 4457 a
622 4402 870 4468 meridie,
916 4404 1312 4474 praestolantes,
1341 4402 1468 4456 dum
1514 4401 1712 4458 fratres
1741 4418 1863 4457 cum

289 4494 492 4561 schola,
542 4495 596 4549 id
644 4503 726 4550 est
764 4496 966 4565 pueris,
1012 4496 1078 4550 de
1129 4494 1356 4550 ecclesia
1408 4494 1580 4549 sancti
1626 4493 1866 4549 Richarii

1965 4318 2235 4372 canticum
2269 4315 2339 4370 Te
2366 4316 2531 4370 Deum
2581 4315 2884 4380 laudamus,
2937 4323 2993 4370 et
3021 4321 3204 4385 postea
3250 4312 3414 4368 missa
3451 4325 3538 4373 SQ-

1967 4407 2159 4462 lcmnis
2185 4406 2251 4460 ad
2276 4414 2519 4461 sanctum
2548 4404 2904 4461 Salvatorem.

1135 4764 1495 4844 SANCTI
1558 4764 2180 4843 ANGILBERTI
2238 4765 2738 4844 CARMINA-

328 5141 656 5214 Angilbertus
684 5137 844 5194 abbas
877 5135 945 5191 ad
982 5132 1085 5189 SS.
1117 5130 1422 5185 Richarium
1448 5137 1494 5182 et
1519 5127 1758 5198 Elegium
1783 5140 1829 5180 ι.

660 5247 822 5311 (Apud
847 5245 1061 5296 Froben.
1082 5255 1195 5306 opp.
1217 5241 1273 5290 Β.
1297 5240 1532 5300 Alcuini.)

295 5355 552 5412 Servulus
579 5367 706 5410 ecce
732 5360 878 5416 tuus,
916 5345 1199 5403 Richarius
1234 5344 1427 5414 inclyte
1453 5350 1664 5412 pastor,

367 5445 492 5500 llaec
522 5443 621 5499 tibi
648 5439 952 5497 construxit
970 5435 1194 5508 parvula
1227 5441 1386 5499 tecta,
1413 5433 1593 5489 Pater.

359 5614 384 5640 ι
419 5600 478 5654 ιιι
503 5598 738 5666 editione
755 5588 1406 5666 QuercﬁetaniQLXXV’ll;
1452 5593 1630 5666 exstat
1651 5599 1862 5666 quoque

294 5671 491 5738 editum
533 5683 562 5720 a
584 5655 896 5738 Mabillonio
909 5661 1302 5738 ActaSSLsmc.
1330 5655 1638 5738 iv,.part.‘l,
1663 5655 1717 5708 in
1741 5655 1860 5738 illita

295 5737 696 5804 S.Angiiberti,
743 5751 796 5804 p.
843 5734 969 5804 101.7
1025 5729 1369 5804 Angilhertus
1407 5729 1460 5779 in
1501 5733 1617 5804 arte
1652 5729 1861 5804 poetica

296 5739 696 5800 S.An~ilberti,
743 5751 796 5804 p.
843 5739 959 5788 101.
1025 5739 1369 5798 Angilhertus
1408 5743 1460 5779 ιιι
1501 5739 1617 5778 arte
1652 5739 1861 5846 poetica

296 5808 436 5863 haud
462 5779 668 5876 liospes
707 5805 826 5872 fuit,
851 5812 909 5858 ut
949 5799 1194 5857 fortassis
1235 5805 1514 5870 propterea
1559 5794 1624 5846 ab
1646 5835 1659 5846 .
1693 5793 1870 5848 lcmro

1897 5019 1941 5077 D
1971 5017 2196 5088 Semper
2239 5017 2462 5074 honoris
2503 5014 2620 5092 [F.,
2665 5011 2924 5084 honorus]
2973 5027 3068 5068 ero
3111 5026 3304 5082 magno
3332 5011 3548 5080 pietatis

3244 5099 3471 5171 [amore.

2045 5201 2279 5255 Devotus
2308 5214 2434 5254 vere
2459 5199 2633 5254 cultor
2668 5199 2866 5266 ubique
2893 5195 2968 5250 tui
3000 5190 3130 5264 [Αι.,
3166 5187 3332 5258 tuus].

1971 5293 2047 5347 Tu
2074 5293 2223 5362 prior
2261 5293 2314 5347 in
2344 5292 2604 5362 gremium
2634 5288 2817 5346 mundi
2847 5287 2913 5340 de
2943 5283 3194 5338 fluctibus
3219 5277 3418 5331 almum

2039 5387 2209 5440 Dante
2251 5393 2402 5439 tuum
2426 5383 2646 5439 Christo
2673 5395 2758 5435 me
2787 5378 3042 5433 miserum
3074 5369 3292 5424 tuleras.

1967 5597 2163 5638 nomen
2187 5580 2404 5636 liomeri
2442 5575 2698 5650 meruerit
2728 5594 2740 5625 .
2771 5573 2932 5642 igitur
2964 5567 3106 5650 nulla
3139 5566 3276 5650 ratio
3314 5565 3547 5650 suppetit

1968 5655 2036 5706 ob
2064 5668 2224 5721 quam
2247 5652 2348 5707 hoc
2367 5664 2581 5704 cannea
2611 5638 2915 5698 eidem'non
2943 5639 3244 5694 ascribatur
3263 5638 3351 5708 qui
3378 5638 3562 5696 inille.

1972 5723 2223 5791 loquitur.
