3868 6174
399 403 495 458 851
1178 404 1233 455 S.
1275 402 1686 456 ANGILBERTI
1725 399 2014 455 ABBATIS
2051 400 2523 456 CENTULENSlS
2563 402 2891 458 CARMINA.
3528 407 3622 462 852

398 513 627 568 Nutristi
652 520 709 565 et
738 521 979 565 tenerum
1007 528 1031 552 υ
1067 527 1223 566 sacro
1251 513 1316 567 de
1343 512 1482 567 lacte
1507 512 1697 566 salutis

468 605 541 660 Os
565 603 754 674 fragile
781 604 1065 660 instituens
1088 604 1336 661 cantibus
1365 606 1615 676 egregiis.

397 694 472 748 Te
506 702 834 763 quapropter
858 709 981 748 amo
1009 695 1155 760 totis,
1186 695 1349 750 Pater
1380 697 1603 765 optime,
1631 696 1787 750 votis.

465 786 738 857 Exoptans
764 794 825 841 ut
850 802 937 842 me
969 796 1028 841 tu
1057 802 1270 858 quoque
1302 802 1517 857 semper
1545 802 1713 841 ames.

394 874 599 939 Perﬁce
620 877 764 945 quod
796 878 862 932 de
891 892 978 932 me
1001 877 1210 947 coepisti
1242 886 1421 932 mente
1445 876 1695 946 benigna,

462 963 639 1034 Atque
671 975 822 1020 tuum
850 964 1110 1021 famulum
1139 967 1304 1022 redde
1338 976 1430 1021 tuo
1456 966 1702 1020 Domino.

393 1052 474 1107 Tu
511 1069 724 1124 quoque
760 1056 1020 1111 virtutum
1059 1056 1271 1113 meritis
1308 1055 1462 1121 mihi,
1494 1064 1679 1111 sancte
1714 1064 1970 1109 sacerdos

462 1145 695 1216 Elegius,
728 1149 979 1218 precibus
1001 1149 1262 1203 auxiliare
1298 1150 1425 1203 tuis.

395 1236 475 1291 Tu
508 1239 668 1294 modo
695 1255 887 1312 magna
915 1249 1068 1310 potes
1096 1241 1302 1297 caelesti
1338 1242 1392 1295 in
1421 1241 1551 1296 sede
1583 1257 1679 1311 per
1705 1240 1877 1305 illum,

464 1329 540 1385 Te
563 1330 705 1385 bona
730 1332 823 1400 qui
855 1333 908 1386 in
938 1332 1096 1387 terris
1123 1332 1355 1401 plurima
1380 1346 1538 1401 posse
1567 1331 1733 1388 dedit.

390 1420 435 1475 Ο
462 1419 652 1477 Patres
680 1423 873 1489 sancti,
904 1439 937 1478 ο
964 1423 1267 1479 clarissima
1295 1424 1497 1479 lumina
1525 1423 1733 1489 mundi,

461 1508 598 1579 Spes
622 1512 749 1566 vitae
785 1521 839 1568 et
868 1514 1058 1577 veniae,
1087 1529 1184 1569 vos
1210 1513 1340 1569 mihi
1370 1522 1518 1569 certa
1545 1512 1711 1579 salus,

388 1598 529 1656 Ante
547 1602 715 1672 pedes
740 1612 950 1659 vestros
977 1604 1231 1676 lacrymis
1256 1603 1505 1675 perfusus
1528 1604 1730 1659 amaris

458 1689 558 1747 Hic
576 1693 785 1763 jaciens
814 1693 1033 1767 [jaceo],
1068 1695 1193 1750 vita:
1223 1695 1451 1751 crimina
1479 1696 1674 1766 plango
1703 1709 1857 1749 meae.

389 1780 597 1852 Szepias
621 1790 676 1839 et
701 1783 903 1841 feriens
927 1786 1152 1839 nimium
1189 1801 1278 1841 rea
1307 1793 1527 1855 pectora
1556 1786 1770 1857 pugnis,

457 1873 526 1927 Et
551 1883 770 1944 peccata
804 1875 894 1947 pio
926 1876 1186 1932 confiteor
1209 1876 1456 1932 Domino.

386 1965 495 2021 Vos
521 1967 655 2021 mihi
680 1982 824 2023 nunc
852 1969 1052 2023 misero
1081 1969 1240 2023 mites
1267 1975 1441 2024 estote
1470 1968 1693 2023 Patroni
1722 1988 1733 2020 ς

452 2056 783 2115 Criminibus
808 2060 1021 2115 veniam
1050 2061 1280 2131 poscite,
1305 2076 1508 2131 quaeso,
1538 2061 1694 2126 meis,

383 2147 575 2222 Magna
603 2166 730 2206 reor
750 2152 906 2208 vobis
934 2161 1103 2207 restat
1135 2154 1271 2218 laus,
1297 2152 1488 2223 gloria,
1516 2163 1725 2208 merces
1752 2170 1764 2204 :

456 2239 715 2298 Servulus
742 2251 804 2297 ut
829 2251 1012 2298 vester
1040 2243 1095 2297 in
1128 2259 1260 2299 nece
1289 2259 1395 2299 non
1422 2252 1633 2314 pereat,

385 2331 625 2403 Quisque
652 2332 798 2405 legat
820 2333 1054 2399 titulum,
1086 2334 1252 2399 dicat,
1277 2348 1490 2405 precor,
1520 2332 1866 2404 Angilberto;

454 2421 712 2492 Pauperis
734 2438 799 2479 ae
821 2422 1027 2490 miseri,
1054 2422 1291 2491 Christe,
1321 2431 1594 2479 memento
1624 2424 1724 2488 tui,

383 2511 469 2569 Sit
493 2513 779 2569 benedicta
807 2514 999 2569 domus
1026 2516 1144 2569 haec
1169 2529 1270 2583 per
1296 2522 1369 2579 te,
1395 2513 1629 2581 Christe,
1655 2527 1961 2584 precamur,

454 2602 525 2661 [lt
552 2605 775 2659 veniant
800 2605 973 2660 servis
996 2605 1087 2661 hic
1114 2612 1206 2660 tua
1227 2606 1366 2661 dona
1392 2607 1520 2661 tuis.

1141 2724 1204 2779 ll.

383 2812 607 2868 Carmen
649 2816 956 2886 inscriptum
981 2818 1190 2873 deintus
1228 2820 1391 2872 turris
1424 2820 1593 2872 sancti
1623 2816 1874 2871 Ricltardi
1909 2819 1963 2871 in

838 2883 1138 2941 Centulenst'
1167 2889 1505 2942 monasterio.

380 2973 733 3046 Omnipotens
761 2976 1040 3042 Dominus,
1069 2978 1161 3047 qui
1197 2977 1341 3032 celsa
1375 2978 1462 3033 vel
1494 2978 1603 3033 ima
1636 2981 1925 3051 gubernas,

450 3066 729 3138 Majestate
760 3076 974 3138 potens,
1004 3083 1241 3139 semper,
1272 3069 1473 3140 ubique
1498 3070 1660 3127 Deus.

381 3156 608 3228 Respice
633 3158 699 3213 de
731 3158 889 3224 solio,
934 3166 1244 3214 sanctorum
1285 3159 1481 3228 gloria,
1511 3175 1743 3224 summo,

450 3250 831 3322 Auxiliumque
862 3252 989 3317 tuis,
1016 3251 1130 3306 Rex
1159 3252 1322 3318 bone,
1352 3252 1419 3308 da
1450 3251 1685 3307 famulis.

376 3341 718 3413 Principibus
750 3355 961 3412 pacem,
998 3339 1257 3410 subjectis
1284 3343 1422 3398 adde
1451 3342 1680 3398 salutem
1709 3383 1721 3395 .

447 3432 629 3489 Ilostis
652 3434 790 3505 pelle
815 3436 1011 3501 minas,
1042 3442 1097 3490 et
1126 3433 1241 3489 fera
1270 3435 1410 3490 bella
1435 3450 1623 3505 preme

376 3519 503 3576 Haec
529 3537 744 3591 quoque
774 3537 894 3591 quae
923 3523 1087 3577 statui
1117 3521 1375 3591 fulgentia
1401 3522 1637 3577 culmina
1668 3522 1853 3592 templi

444 3610 790 3681 Angilbertus
816 3627 939 3681 ego,
964 3612 1073 3666 sint
1101 3612 1197 3666 tibi
1228 3622 1381 3681 grata
1403 3612 1534 3669 Deo.

375 3699 619 3769 Augusto
647 3709 702 3755 et
731 3700 945 3765 Carolo,
975 3700 1128 3770 cujus
1153 3702 1352 3758 virtute
1378 3705 1584 3774 peregi,

447 3792 696 3847 Concede
722 3780 933 3861 imperii
960 3795 1155 3864 gaudia
1181 3810 1373 3865 magna
1402 3796 1497 3851 tui.

381 3879 638 3950 Quisquis
665 3889 721 3934 et
744 3880 833 3935 hic
862 3896 1103 3937 summas
1130 3884 1381 3952 precibus
1405 3884 1703 3955 pulsaverit
1733 3901 1910 3950 aures,

451 3971 709 4027 Effectum
739 3971 947 4027 tribuas
970 3988 1185 4043 semper
1213 3974 1416 4030 habere
1442 3974 1600 4031 Deus.

1124 4083 1210 4139 Ill.

481 4171 709 4229 Carmen
736 4173 792 4229 in
819 4176 1112 4299 navimezto
1131 4175 1377 4257 ecclesia:
1410 4180 1577 4232 sancti
1601 4177 1854 4234 Richardi

1061 4256 1302 4299 emotum.

1061 4256 1302 4317 eptctum.

376 4335 492 4393 lloc
515 4345 884 4406 pavnnentum
913 4336 1134 4392 humilis
1163 4338 1334 4393 abbas
1361 4354 1686 4409 componere
1716 4340 1817 4396 feet

448 4427 793 4497 Angilbertus
820 4443 942 4498 ego,
971 4427 1164 4482 ductus
1187 4442 1372 4483 amore
1395 4430 1488 4483 Dei
1516 4448 1526 4481 :

379 4517 448 4573 Ut
476 4518 608 4572 mihi
636 4526 759 4589 post
786 4519 991 4573 obitum
1022 4527 1265 4573 sanctam
1295 4519 1496 4576 donare
1523 4522 1757 4591 quietem

376 4638 379 4641 ι
446 4608 707 4679 Dignctur
729 4609 1001 4673 Christus,
1026 4610 1137 4664 vita
1173 4610 1424 4682 salusque
1461 4626 1600 4666 mea.

1116 4700 1204 4755 IV.

837 4789 1063 4847 Carmen
1092 4792 1161 4847 ad
1185 4791 1491 4863 Pippinum.

619 4891 713 4952 (Ex
744 4893 1240 4956 Duchesuio,Script.
1268 4907 1434 4946 rerum
1460 4895 1705 4959 Francie.)

372 4975 603 5047 Jamque
636 4976 766 5031 ades
786 4975 1051 5045 llisperiis
1073 4974 1332 5047 Pippinus
1362 4987 1543 5035 rector
1574 4980 1643 5036 ab
1676 4980 1813 5046 oris,

447 5067 521 5125 Ut
549 5065 793 5124 cumules
818 5064 997 5120 Caroli
1021 5066 1215 5136 gaudia
1248 5081 1441 5136 magna
1467 5070 1658 5139 patris.

373 5161 511 5216 Nam
536 5158 685 5214 velut
710 5157 836 5213 Eois
861 5157 1139 5228 consurgit
1166 5157 1404 5242 Phoebus
1431 5161 1498 5215 ab
1537 5161 1723 5226 astris,

445 5251 711 5309 Gentibus
738 5248 991 5307 Occiduis
1031 5248 1111 5306 sic
1138 5249 1305 5306 decus
1333 5251 1448 5321 ipse
1474 5252 1635 5308 nites.

372 5348 696 5416 Exspectate
726 5344 817 5400 diu
846 5341 1038 5400 saltent
1066 5359 1211 5400 nunc
1239 5342 1426 5399 adfore
1454 5345 1687 5415 gaudent

442 5437 666 5507 Alpibus
700 5451 732 5491 e
766 5434 959 5507 gelidis
997 5442 1049 5490 te
1076 5445 1233 5506 pater
1261 5444 1420 5503 atque
1448 5450 1634 5504 genus.

372 5525 621 5597 l’rincipe
652 5543 776 5582 cum
812 5536 965 5584 tanto
994 5526 1163 5598 plebs,
1196 5526 1398 5592 clerus,
1428 5542 1543 5591 ara,
1578 5527 1849 5591 sacerdos,

441 5614 715 5671 Adventus
736 5619 901 5673 vestri
925 5617 1121 5689 gaudia
1150 5632 1345 5688 magna
1372 5624 1599 5671 metunt.

446 5764 467 5790 ει
512 5750 787 5805 Teucrum.
858 5755 1009 5820 Quod
1052 5773 1155 5809 non
1204 5756 1603 5822 intelligendum
1647 5767 1729 5810 cst
1770 5757 1951 5811 habita

2001 514 2045 570 Α
2077 507 2209 562 Nam
2240 520 2498 579 quantum
2526 514 2709 567 tardas
2730 513 2981 568 studuisti
3009 512 3209 581 fingere
3238 528 3433 580 moras,

2148 599 2421 657 Sollicntus
2449 604 2626 672 patrio
2655 604 2819 658 corde
2857 603 3066 658 nitebat
3092 619 3261 659 amor.

2074 693 2312 764 Longius
2339 705 2395 750 et
2418 705 2679 765 quantum
2705 697 2954 752 diludunt
2977 698 3166 767 gaudia
3191 707 3446 765 mentem,

2091 806 2095 811 -
2144 782 2363 840 Fortius
2397 786 2637 842 absentis
2662 786 2831 856 prolis
2860 787 3040 858 imago
3065 787 3263 858 places.

2076 874 2187 930 lloe
2216 892 2508 947 germanus
2547 879 2660 946 agit
2686 878 2931 942 Carolus,
2962 879 3252 948 prmsentia
3277 881 3438 949 patris

2142 965 2398 1037 Carpitur
2425 968 2630 1039 egregii
2665 967 2849 1023 fratris
2877 984 3062 1024 amore
3089 969 3192 1023 sui.

2071 1055 2332 1122 Moratur,
2362 1073 2661 1129 causasque
2689 1061 2928 1117 morandi
2960 1076 3019 1115 se
3043 1061 3341 1129 perimatur

2140 1146 2378 1204 Callibus
2402 1150 2682 1221 ambiguas
2707 1150 3055 1221 difﬁcilesque
3080 1152 3216 1206 vias.

2071 1237 2312 1309 Suspirie
2339 1250 2587 1313 surgunt,
2616 1243 2916 1313 missosque
2947 1244 3190 1298 incassat
3208 1252 3417 1307 euntes,

2140 1328 2432 1399 Segnitiem
2458 1341 2655 1401 putans
2676 1333 2933 1403 quidquid
2950 1335 3140 1388 abesse
3168 1341 3364 1402 potest.

2068 1418 2239 1487 Quem
2266 1420 2603 1489 Cblodowih,
2640 1424 2887 1492 quamvis
2920 1425 3109 1478 eodem
3159 1431 3406 1477 teneatur
3446 1437 3623 1485 amore,

2140 1509 2380 1577 Solatur,
2408 1511 2595 1568 fratris
2618 1513 2804 1569 mitius
2830 1521 2950 1568 acta
2976 1512 3178 1567 ferens.

2068 1601 2259 1668 Parce,
2287 1603 2482 1672 inquit,
2509 1617 2785 1674 germane,
2821 1604 2927 1658 tuis
2949 1602 3152 1657 desiste
3182 1602 3418 1671 quereri.

2134 1693 2399 1749 Adveniet
2426 1702 2630 1760 noster,
2658 1695 2839 1759 credo,
2873 1693 3071 1749 sodalis
3100 1708 3278 1748 amor.

2067 1781 2310 1851 Namque
2336 1797 2438 1853 ego
2465 1782 2747 1852 praesentis
2776 1797 3027 1851 caperem
3055 1782 3186 1837 dum
3214 1783 3432 1853 prmmia
3455 1783 3622 1847 noctis,

2002 1859 2043 1916 Β
2138 1872 2375 1928 Adstetit
2399 1874 2602 1944 egregii
2632 1872 2818 1928 fratris
2847 1874 3025 1943 imago
3055 1872 3187 1927 mei.

2066 1964 2258 2035 Meque
2282 1980 2381 2036 per
2408 1965 2689 2035 amplexus
2717 1974 2772 2020 et
2799 1965 3030 2034 plurima
3058 1963 3257 2035 gaudia
3296 1964 3437 2019 lusit.

2139 2054 2289 2109 Dixit
2316 2055 2615 2111 abscedens
2646 2074 2658 2106 ς
2691 2054 2962 2125 Prospera
2989 2062 3191 2110 cuncta
3224 2068 3370 2125 gero.

2066 2144 2133 2199 Et
2161 2144 2272 2200 cito
2299 2146 2596 2215 prmcharis
2632 2144 2909 2199 obtutibus
2934 2144 3123 2199 adfore
3149 2144 3349 2199 vestris

2137 2235 2220 2291 Me
2248 2236 2407 2301 scito,
2436 2245 2494 2291 et
2512 2234 2708 2291 Carolo
2733 2235 2849 2290 bzec
2876 2233 3020 2289 refer
3048 2245 3177 2289 acta
3207 2248 3348 2289 meo.

2064 2325 2201 2381 Nam
2229 2341 2335 2381 non
2363 2325 2703 2395 complentur
2729 2324 3029 2380 crescentis
3055 2338 3265 2380 cornua
3290 2324 3425 2379 luna:

2135 2418 2308 2486 Quam
2339 2419 2441 2474 sibi
2476 2427 2530 2473 te
2556 2418 2705 2473 socio
2730 2418 2913 2473 oscula
2944 2412 3051 2473 fida
3077 2418 3247 2473 dabo.

2063 2509 2183 2566 Jam
2213 2490 2449 2566 donante
2476 2509 2588 2566 Deo
2616 2525 2724 2565 non
2754 2511 2966 2565 somnia
3003 2511 3293 2567 cernimus
3324 2510 3475 2575 ultro,

2135 2600 2325 2657 Somni
2351 2602 2446 2656 sed
2472 2600 2682 2657 fruetus
2706 2601 3056 2673 Angilbertus
3086 2616 3215 2671 ego.

2062 2691 2198 2747 Nam
2228 2700 2283 2746 te
2312 2692 2623 2764 Lingonicis
2648 2692 2947 2762 amplector
2971 2693 3147 2747 victor
3182 2694 3237 2747 in
3264 2692 3405 2747 arvis

2136 2785 2237 2841 Vix
2262 2799 2457 2855 passus
2484 2783 2668 2840 verbis
2694 2785 2929 2840 miscere
2952 2785 3117 2840 verba
3149 2786 3282 2853 piis.

2065 2876 2141 2930 Te
2166 2876 2378 2945 patrius
2405 2877 2641 2930 vexabat
2670 2890 2845 2940 amor,
2874 2890 2962 2930 me
2988 2883 3161 2930 torret
3194 2884 3437 2946 uterque,

2132 2967 2307 3036 Ipsius
2335 2966 2602 3032 assiduus,
2638 2981 2782 3020 nunc
2818 2974 2941 3020 tuus
2970 2966 3111 3021 altus
3141 2981 3320 3020 amor.

2062 3058 2385 3127 Exspectate
2409 3056 2518 3120 diu,
2553 3057 2788 3127 spatium
2817 3057 2885 3112 da
2912 3070 3096 3126 quaeso
3124 3056 3396 3127 precanti,

2136 3147 2209 3203 Ut
2230 3148 2420 3217 paucis
2446 3147 2630 3202 verbis
2653 3147 2888 3217 plurima
2912 3146 3082 3202 verba
3109 3145 3279 3203 feres.

1989 3200 2036 3261 c
2068 3239 2155 3294 Sis
2178 3239 2327 3305 felix,
2356 3239 2551 3295 solitus
2573 3248 2817 3294 nostrum
2848 3254 3113 3295 renovare
3138 3240 3403 3296 dolorem.

2135 3330 2272 3385 Nam
2302 3330 2411 3385 cito
2438 3329 2722 3385 discedens
2745 3330 2963 3385 vulnera
2990 3342 3179 3386 nostra
3213 3346 3396 3386 novas.

2064 3421 2147 3477 Sit
2176 3430 2353 3477 tecum
2382 3421 2472 3492 qui
2500 3430 2694 3477 cuncta
2725 3422 2863 3492 regit
2889 3423 3143 3493 praecelsa
3184 3423 3272 3479 vel
3308 3423 3431 3487 ima,

2135 3515 2307 3570 Ducat
2332 3514 2654 3570 incolumem
2682 3529 2780 3585 per
2804 3516 2962 3581 vada,
2989 3531 3201 3587 perque
3222 3518 3382 3571 viam.

2064 3607 2134 3664 Ut
2163 3616 2216 3663 te
2241 3607 2500 3677 suscipiat
2525 3607 2764 3677 gremius
2791 3608 3097 3663 venerande
3124 3608 3396 3677 parentis,

2134 3699 2339 3755 Christi
2368 3698 2622 3754 defensus
2651 3700 2885 3770 tegmine
2912 3715 3077 3756 sanus
3102 3716 3225 3756 eas.

2064 3792 2121 3849 Si
2148 3809 2244 3848 vos
2272 3790 2591 3862 conjunctos
2622 3790 2863 3847 defensio
2893 3793 3016 3847 diva
3045 3808 3141 3863 per
3168 3808 3344 3848 annos

2129 3884 2388 3954 Protegat
2421 3899 2451 3937 a
2488 3884 2698 3939 cunctis
2728 3899 2949 3939 munere
2977 3894 3154 3939 macte
3189 3886 3365 3940 malis.

2063 3976 2107 4032 Ο
2144 3992 2244 4032 cur
2272 3991 2379 4031 non
2406 3975 2578 4031 merui
2606 3975 2750 4046 tegis
2779 3984 2905 4031 tunc
2930 3992 3155 4032 cernere
3187 3978 3384 4041 vultus,

2133 4067 2269 4122 Cum
2296 4076 2349 4121 te
2380 4065 2740 4137 complectens
2770 4067 2954 4121 oscula
2984 4082 3119 4137 pura
3149 4069 3327 4123 daret.

2062 4157 2196 4213 Cum
2222 4156 2449 4213 Carolus
2475 4157 2666 4213 sitiens
2705 4167 2761 4212 et
2783 4156 3067 4213 Chludwih
3099 4160 3298 4214 anxius
3328 4160 3479 4213 heros

2132 4249 2435 4318 Ancipitcm
2467 4249 2634 4303 risum
2665 4249 2754 4303 vix
2786 4248 2887 4304 sibi
2916 4250 3079 4303 corda
3107 4259 3317 4321 tegunt.

2061 4337 2201 4404 Quid
2233 4336 2630 4393 Chrodthrudis
2665 4346 2810 4409 agat,
2850 4338 2979 4407 quid
3011 4339 3172 4394 Bel-ta
3199 4348 3256 4395 et
3283 4340 3422 4409 regia
3449 4336 3538 4391 fari

2134 4431 2468 4500 Exspectans
2492 4430 2709 4499 poterit,
2740 4431 2933 4501 gaudia
2966 4438 3114 4485 tanta
3144 4431 3367 4488 ferens?

1985 4542 2036 4603 υ
2062 4521 2200 4590 Quid
2246 4521 2340 4577 Gis
2371 4520 2486 4593 [F.,
2523 4520 2693 4593 Cisla]
2723 4530 2777 4576 et
2805 4521 3085 4578 Teodrada
3119 4525 3289 4578 simul
3329 4538 3444 4577 cum
3486 4518 3613 4589 prole

3212 4611 3522 4685 [retractant
3540 4650 3552 4673 ,

2132 4704 2338 4778 Caetera
2361 4703 2532 4773 regali
2558 4719 2693 4774 quas
2719 4713 2842 4758 tuus
2862 4705 2974 4773 agit
2994 4719 3167 4759 amor.

2060 4796 2198 4865 Quid
2219 4795 2369 4852 Gisla
2386 4796 2592 4867 egregii
2615 4810 2809 4866 sponsa
2833 4796 3171 4866 prmpulchra
3199 4794 3454 4850 Tonantis

2130 4886 2269 4954 Quid
2292 4886 2605 4956 Luitgardis
2631 4900 2800 4941 ovans
2828 4885 2996 4953 Regis
3023 4899 3209 4942 amore
3230 4885 3361 4939 luat.

2061 4979 2200 5048 Quid
2238 4978 2576 5034 Hildibaldus
2614 4977 2929 5047 praecellens
2968 4979 3158 5034 ordine
3192 4978 3331 5032 vatis
3356 5016 3371 5043 ,

2040 5122 2051 5127 -
2130 5069 2336 5138 Quidve
2363 5069 2544 5136 duces,
2573 5069 2817 5131 comites,
2847 5069 2977 5137 quid
3006 5082 3157 5139 puer,
3188 5076 3348 5139 atque
3371 5079 3530 5121 senes.

2058 5160 2296 5216 Cunctos
2315 5159 2455 5214 altus
2474 5173 2627 5213 amor
2654 5157 2885 5213 sacratis
2908 5157 3116 5228 legibus
3139 5158 3283 5223 urit,

2130 5252 2381 5307 Vultibus
2408 5258 2462 5305 et
2487 5250 2686 5305 vestris
2711 5249 2915 5304 lumina
2945 5249 3053 5303 fixa
3097 5255 3298 5304 tenent.

2060 5344 2187 5399 llzec
2210 5349 2464 5397 maneant
2486 5341 2627 5411 patri
2649 5348 2704 5395 et
2728 5340 3001 5409 germanis
3026 5338 3221 5411 gaudia
3246 5336 3421 5408 pacis,

2136 5433 2261 5489 llaec
2290 5442 2541 5487 maneant
2567 5430 2792 5486 Francis
2819 5429 2957 5485 festa
2988 5431 3149 5486 beata
3175 5428 3348 5485 bonis.

2065 5527 2177 5583 lloc
2209 5528 2387 5580 ﬁrmet
2412 5525 2656 5580 Christus
2683 5539 2907 5595 regnum
2938 5524 3238 5579 dominator
3256 5521 3323 5575 ab
3344 5517 3519 5577 astris.

2138 5619 2207 5675 Ut
2230 5619 2410 5689 vigeat
2435 5616 2604 5688 prolis
2628 5615 2826 5686 polleat
2852 5616 2969 5687 ipse
3002 5625 3176 5687 pater.

2062 5755 2318 5810 doctrinae
2357 5753 2593 5809 caelestis
2629 5754 2892 5824 principio
2934 5754 3159 5810 fovenda
3195 5758 3294 5815 cst,
3330 5746 3403 5800 uti
3429 5737 3595 5798 Paulus

380 5822 517 5876 ratio
559 5823 757 5881 .ctatis,
805 5827 898 5878 sed
938 5826 1058 5878 vita:
1102 5827 1429 5894 spiritualis,
1467 5843 1584 5897 qua:
1627 5845 1782 5883 sacro
1824 5828 1960 5883 lacte
2062 5826 2353 5881 Corinthiis
2396 5822 2645 5894 loquitur.
2694 5822 2830 5881 Mani.
