  <div class='ocr_page' id='page_1' title='image "/cluster/home/n/w/nwhite01/storage/ocr_20150623/99/hvd.32044023429921/432.png"; bbox 0 0 3878 6172; ppageno 0'>
   <div class='ocr_carea' id='block_1_1' title="bbox 252 338 363 393">
    <p class='ocr_par' dir='ltr' id='par_1_1' title="bbox 252 338 363 393">
     <span class='ocr_line' id='line_1_1' title="bbox 252 338 363 393; baseline -0.036 0"><span class='ocrx_word' id='word_1_1' title='bbox 252 360 257 366; x_wconf 95' lang='grc'><strong>·</strong></span> <span class='ocrx_word' id='word_1_2' title='bbox 266 338 363 393; x_wconf 72' lang='lat'><strong>853</strong></span> 
     </span>
    </p>
   </div>
   <div class='ocr_carea' id='block_1_2' title="bbox 267 440 1689 513">
    <p class='ocr_par' dir='ltr' id='par_1_2' title="bbox 267 440 1689 513">
     <span class='ocr_line' id='line_1_2' title="bbox 267 440 1689 513; baseline -0.009 -9"><span class='ocrx_word' id='word_1_3' title='bbox 267 449 337 503; x_wconf 81' lang='lat' dir='ltr'><strong>&#39;l&#39;e</strong></span> <span class='ocrx_word' id='word_1_4' title='bbox 358 445 589 500; x_wconf 80' lang='lat' dir='ltr'><strong>Carolus</strong></span> <span class='ocrx_word' id='word_1_5' title='bbox 609 458 896 513; x_wconf 78' lang='lat' dir='ltr'><strong>germanus</strong></span> <span class='ocrx_word' id='word_1_6' title='bbox 918 449 1082 505; x_wconf 87' lang='lat' dir='ltr'><strong>amet,</strong></span> <span class='ocrx_word' id='word_1_7' title='bbox 1113 450 1169 494; x_wconf 92' lang='lat' dir='ltr'><strong>tu</strong></span> <span class='ocrx_word' id='word_1_8' title='bbox 1201 440 1361 507; x_wconf 79' lang='lat' dir='ltr'><strong>dilige</strong></span> <span class='ocrx_word' id='word_1_9' title='bbox 1379 448 1647 494; x_wconf 92' lang='lat' dir='ltr'><strong>amantem</strong></span> <span class='ocrx_word' id='word_1_10' title='bbox 1675 455 1689 491; x_wconf 89' lang='lat'><strong>:</strong></span> 
     </span>
    </p>
   </div>
   <div class='ocr_carea' id='block_1_3' title="bbox 332 531 1566 603">
    <p class='ocr_par' dir='ltr' id='par_1_3' title="bbox 332 531 1566 603">
     <span class='ocr_line' id='line_1_3' title="bbox 332 531 1566 603; baseline -0.007 -10"><span class='ocrx_word' id='word_1_11' title='bbox 332 538 444 593; x_wconf 76' lang='lat' dir='ltr'><strong>Vos</strong></span> <span class='ocrx_word' id='word_1_12' title='bbox 470 534 756 590; x_wconf 81' lang='lat' dir='ltr'><strong>Chludwih</strong></span> <span class='ocrx_word' id='word_1_13' title='bbox 788 533 1002 603; x_wconf 82' lang='lat' dir='ltr'><strong>gemino</strong></span> <span class='ocrx_word' id='word_1_14' title='bbox 1024 532 1225 586; x_wconf 87' lang='lat' dir='ltr'><strong>uectite</strong></span> <span class='ocrx_word' id='word_1_15' title='bbox 1253 546 1438 585; x_wconf 90' lang='lat' dir='ltr'><strong>amore</strong></span> <span class='ocrx_word' id='word_1_16' title='bbox 1460 531 1566 600; x_wconf 91' lang='lat' dir='ltr'><strong>pio.</strong></span> 
     </span>
    </p>
   </div>
   <div class='ocr_carea' id='block_1_4' title="bbox 267 622 1484 699">
    <p class='ocr_par' dir='ltr' id='par_1_4' title="bbox 267 622 1484 699">
     <span class='ocr_line' id='line_1_4' title="bbox 267 622 1484 699; baseline -0.008 -15"><span class='ocrx_word' id='word_1_17' title='bbox 267 631 380 699; x_wconf 87' lang='lat' dir='ltr'><strong>Ipse</strong></span> <span class='ocrx_word' id='word_1_18' title='bbox 417 625 727 695; x_wconf 84' lang='lat' dir='ltr'><strong>repensabit</strong></span> <span class='ocrx_word' id='word_1_19' title='bbox 762 623 918 677; x_wconf 83' lang='lat' dir='ltr'><strong>vobis</strong></span> <span class='ocrx_word' id='word_1_20' title='bbox 951 622 1178 676; x_wconf 89' lang='lat' dir='ltr'><strong>dilectus</strong></span> <span class='ocrx_word' id='word_1_21' title='bbox 1214 635 1484 685; x_wconf 88' lang='lat' dir='ltr'><strong>amorem,</strong></span> 
     </span>
    </p>
   </div>
   <div class='ocr_carea' id='block_1_5' title="bbox 335 712 1671 788">
    <p class='ocr_par' dir='ltr' id='par_1_5' title="bbox 335 712 1671 788">
     <span class='ocr_line' id='line_1_5' title="bbox 335 712 1671 788; baseline -0.007 -14"><span class='ocrx_word' id='word_1_22' title='bbox 335 719 429 774; x_wconf 86' lang='lat' dir='ltr'><strong>Sic</strong></span> <span class='ocrx_word' id='word_1_23' title='bbox 471 717 674 788; x_wconf 85' lang='lat' dir='ltr'><strong>pariter</strong></span> <span class='ocrx_word' id='word_1_24' title='bbox 698 714 978 783; x_wconf 87' lang='lat' dir='ltr'><strong>proprium</strong></span> <span class='ocrx_word' id='word_1_25' title='bbox 1017 712 1205 767; x_wconf 89' lang='lat' dir='ltr'><strong>discite</strong></span> <span class='ocrx_word' id='word_1_26' title='bbox 1234 726 1418 766; x_wconf 87' lang='lat' dir='ltr'><strong>amare</strong></span> <span class='ocrx_word' id='word_1_27' title='bbox 1444 720 1671 781; x_wconf 89' lang='lat' dir='ltr'><strong>patrem.</strong></span> 
     </span>
    </p>
   </div>
   <div class='ocr_carea' id='block_1_6' title="bbox 1019 802 1083 855">
    <p class='ocr_par' dir='ltr' id='par_1_6' title="bbox 1019 802 1083 855">
     <span class='ocr_line' id='line_1_6' title="bbox 1019 802 1083 855; baseline -0.031 0"><span class='ocrx_word' id='word_1_28' title='bbox 1019 802 1083 855; x_wconf 65' lang='grc' dir='ltr'><strong>Υ.</strong></span> 
     </span>
    </p>
   </div>
   <div class='ocr_carea' id='block_1_7' title="bbox 451 889 1679 968">
    <p class='ocr_par' dir='ltr' id='par_1_7' title="bbox 451 889 1679 968">
     <span class='ocr_line' id='line_1_7' title="bbox 451 889 1679 968; baseline -0.007 -17"><span class='ocrx_word' id='word_1_29' title='bbox 451 896 790 968; x_wconf 72' lang='lat' dir='ltr'><strong>Epitaphium</strong></span> <span class='ocrx_word' id='word_1_30' title='bbox 826 894 994 948; x_wconf 80' lang='lat' dir='ltr'><strong>sancti</strong></span> <span class='ocrx_word' id='word_1_31' title='bbox 1045 890 1298 946; x_wconf 77' lang='lat' dir='ltr'><strong>Chaidoci</strong></span> <span class='ocrx_word' id='word_1_32' title='bbox 1347 889 1679 959; x_wconf 74' lang='lat' dir='ltr'><strong>confessoris.</strong></span> 
     </span>
    </p>
   </div>
   <div class='ocr_carea' id='block_1_8' title="bbox 519 981 1609 1048">
    <p class='ocr_par' dir='ltr' id='par_1_8' title="bbox 519 981 1609 1048">
     <span class='ocr_line' id='line_1_8' title="bbox 519 981 1609 1048; baseline -0.006 -12"><span class='ocrx_word' id='word_1_33' title='bbox 519 986 679 1048; x_wconf 80' lang='lat' dir='ltr'><strong>(Apud</strong></span> <span class='ocrx_word' id='word_1_34' title='bbox 704 983 909 1045; x_wconf 78' lang='lat' dir='ltr'><strong>llabill.,</strong></span> <span class='ocrx_word' id='word_1_35' title='bbox 937 982 1041 1032; x_wconf 79' lang='lat' dir='ltr'><strong>Aet.</strong></span> <span class='ocrx_word' id='word_1_36' title='bbox 1069 981 1158 1032; x_wconf 89' lang='lat' dir='ltr'><strong>SS.</strong></span> <span class='ocrx_word' id='word_1_37' title='bbox 1184 982 1292 1032; x_wconf 86' lang='lat' dir='ltr'><strong>ord.</strong></span> <span class='ocrx_word' id='word_1_38' title='bbox 1315 983 1371 1031; x_wconf 88' lang='lat' dir='ltr'><strong>S.</strong></span> <span class='ocrx_word' id='word_1_39' title='bbox 1397 981 1609 1041; x_wconf 86' lang='lat' dir='ltr'><strong>Bened.)</strong></span> 
     </span>
    </p>
   </div>
   <div class='ocr_carea' id='block_1_9' title="bbox 274 1061 1700 1135">
    <p class='ocr_par' dir='ltr' id='par_1_9' title="bbox 274 1061 1700 1135">
     <span class='ocr_line' id='line_1_9' title="bbox 274 1061 1700 1135; baseline -0.007 -11"><span class='ocrx_word' id='word_1_40' title='bbox 274 1069 411 1124; x_wconf 75' lang='lat' dir='ltr'><strong>Mole</strong></span> <span class='ocrx_word' id='word_1_41' title='bbox 436 1068 537 1122; x_wconf 84' lang='lat' dir='ltr'><strong>sub</strong></span> <span class='ocrx_word' id='word_1_42' title='bbox 558 1067 661 1120; x_wconf 87' lang='lat' dir='ltr'><strong>hac</strong></span> <span class='ocrx_word' id='word_1_43' title='bbox 688 1065 887 1135; x_wconf 86' lang='lat' dir='ltr'><strong>tegitur</strong></span> <span class='ocrx_word' id='word_1_44' title='bbox 921 1062 1224 1119; x_wconf 84' lang='lat' dir='ltr'><strong>Chaidocus</strong></span> <span class='ocrx_word' id='word_1_45' title='bbox 1255 1061 1379 1131; x_wconf 85' lang='lat' dir='ltr'><strong>jure</strong></span> <span class='ocrx_word' id='word_1_46' title='bbox 1411 1061 1700 1116; x_wconf 82' lang='lat' dir='ltr'><strong>sacerdos:</strong></span> 
     </span>
    </p>
   </div>
   <div class='ocr_carea' id='block_1_10' title="bbox 343 1153 1548 1225">
    <p class='ocr_par' dir='ltr' id='par_1_10' title="bbox 343 1153 1548 1225">
     <span class='ocr_line' id='line_1_10' title="bbox 343 1153 1548 1225; baseline -0.007 -11"><span class='ocrx_word' id='word_1_47' title='bbox 343 1158 526 1214; x_wconf 88' lang='lat' dir='ltr'><strong>Scotia</strong></span> <span class='ocrx_word' id='word_1_48' title='bbox 553 1170 713 1225; x_wconf 86' lang='lat' dir='ltr'><strong>quem</strong></span> <span class='ocrx_word' id='word_1_49' title='bbox 737 1155 957 1224; x_wconf 78' lang='lat' dir='ltr'><strong>genuit,</strong></span> <span class='ocrx_word' id='word_1_50' title='bbox 992 1154 1196 1209; x_wconf 86' lang='lat' dir='ltr'><strong>Gallica</strong></span> <span class='ocrx_word' id='word_1_51' title='bbox 1228 1162 1370 1209; x_wconf 89' lang='lat' dir='ltr'><strong>terra</strong></span> <span class='ocrx_word' id='word_1_52' title='bbox 1398 1153 1548 1223; x_wconf 84' lang='lat' dir='ltr'><strong>tegit.</strong></span> 
     </span>
    </p>
   </div>
   <div class='ocr_carea' id='block_1_11' title="bbox 272 1243 1700 1312">
    <p class='ocr_par' dir='ltr' id='par_1_11' title="bbox 272 1243 1700 1312">
     <span class='ocr_line' id='line_1_11' title="bbox 272 1243 1700 1312; baseline -0.005 -10"><span class='ocrx_word' id='word_1_53' title='bbox 272 1248 371 1302; x_wconf 83' lang='lat' dir='ltr'><strong>llic</strong></span> <span class='ocrx_word' id='word_1_54' title='bbox 397 1245 609 1300; x_wconf 84' lang='lat' dir='ltr'><strong>Domini</strong></span> <span class='ocrx_word' id='word_1_55' title='bbox 635 1243 835 1298; x_wconf 83' lang='lat' dir='ltr'><strong>Christi</strong></span> <span class='ocrx_word' id='word_1_56' title='bbox 865 1244 1105 1312; x_wconf 79' lang='lat' dir='ltr'><strong>gaudens</strong></span> <span class='ocrx_word' id='word_1_57' title='bbox 1137 1249 1408 1312; x_wconf 66' lang='lat' dir='ltr'><strong>praecepta</strong></span> <span class='ocrx_word' id='word_1_58' title='bbox 1442 1249 1660 1296; x_wconf 90' lang='lat' dir='ltr'><strong>secutus</strong></span> <span class='ocrx_word' id='word_1_59' title='bbox 1683 1280 1700 1305; x_wconf 87' lang='lat'><strong>,</strong></span> 
     </span>
    </p>
   </div>
   <div class='ocr_carea' id='block_1_12' title="bbox 339 1333 1489 1403">
    <p class='ocr_par' dir='ltr' id='par_1_12' title="bbox 339 1333 1489 1403">
     <span class='ocr_line' id='line_1_12' title="bbox 339 1333 1489 1403; baseline -0.007 -11"><span class='ocrx_word' id='word_1_60' title='bbox 339 1333 674 1403; x_wconf 85' lang='lat' dir='ltr'><strong>Contempsit</strong></span> <span class='ocrx_word' id='word_1_61' title='bbox 701 1333 907 1402; x_wconf 87' lang='lat' dir='ltr'><strong>patrias</strong></span> <span class='ocrx_word' id='word_1_62' title='bbox 932 1339 1111 1387; x_wconf 89' lang='lat' dir='ltr'><strong>mente</strong></span> <span class='ocrx_word' id='word_1_63' title='bbox 1132 1333 1322 1387; x_wconf 87' lang='lat' dir='ltr'><strong>beatus</strong></span> <span class='ocrx_word' id='word_1_64' title='bbox 1340 1346 1489 1401; x_wconf 86' lang='lat' dir='ltr'><strong>opes.</strong></span> 
     </span>
    </p>
   </div>
   <div class='ocr_carea' id='block_1_13' title="bbox 269 1421 1527 1492">
    <p class='ocr_par' dir='ltr' id='par_1_13' title="bbox 269 1421 1527 1492">
     <span class='ocr_line' id='line_1_13' title="bbox 269 1421 1527 1492; baseline -0.002 -11"><span class='ocrx_word' id='word_1_65' title='bbox 269 1428 408 1483; x_wconf 79' lang='lat' dir='ltr'><strong>Hinc</strong></span> <span class='ocrx_word' id='word_1_66' title='bbox 434 1426 539 1481; x_wconf 90' lang='lat' dir='ltr'><strong>sibi</strong></span> <span class='ocrx_word' id='word_1_67' title='bbox 574 1424 850 1479; x_wconf 82' lang='lat' dir='ltr'><strong>concrevit</strong></span> <span class='ocrx_word' id='word_1_68' title='bbox 870 1423 1085 1478; x_wconf 88' lang='lat' dir='ltr'><strong>centeni</strong></span> <span class='ocrx_word' id='word_1_69' title='bbox 1118 1423 1271 1492; x_wconf 89' lang='lat' dir='ltr'><strong>copia</strong></span> <span class='ocrx_word' id='word_1_70' title='bbox 1297 1421 1527 1487; x_wconf 88' lang='lat' dir='ltr'><strong>fructus,</strong></span> 
     </span>
    </p>
   </div>
   <div class='ocr_carea' id='block_1_14' title="bbox 342 1510 1386 1581">
    <p class='ocr_par' dir='ltr' id='par_1_14' title="bbox 342 1510 1386 1581">
     <span class='ocr_line' id='line_1_14' title="bbox 342 1510 1386 1581; baseline -0.007 -11"><span class='ocrx_word' id='word_1_71' title='bbox 342 1517 408 1570; x_wconf 85' lang='lat' dir='ltr'><strong>Et</strong></span> <span class='ocrx_word' id='word_1_72' title='bbox 427 1515 584 1570; x_wconf 84' lang='lat' dir='ltr'><strong>metit</strong></span> <span class='ocrx_word' id='word_1_73' title='bbox 599 1512 822 1568; x_wconf 72' lang='lat' dir='ltr'><strong>aztberei</strong></span> <span class='ocrx_word' id='word_1_74' title='bbox 847 1510 1068 1581; x_wconf 85' lang='lat' dir='ltr'><strong>praemia</strong></span> <span class='ocrx_word' id='word_1_75' title='bbox 1096 1511 1242 1580; x_wconf 83' lang='lat' dir='ltr'><strong>larga</strong></span> <span class='ocrx_word' id='word_1_76' title='bbox 1266 1510 1386 1566; x_wconf 89' lang='lat' dir='ltr'><strong>soli.</strong></span> 
     </span>
    </p>
   </div>
   <div class='ocr_carea' id='block_1_15' title="bbox 1108 324 2646 382">
    <p class='ocr_par' dir='ltr' id='par_1_15' title="bbox 1108 324 2646 382">
     <span class='ocr_line' id='line_1_15' title="bbox 1108 324 2646 382; baseline -0.001 -1"><span class='ocrx_word' id='word_1_77' title='bbox 1108 326 1426 381; x_wconf 59' lang='lat' dir='ltr'><strong>LEIDIHDI</strong></span> <span class='ocrx_word' id='word_1_78' title='bbox 1464 326 1663 380; x_wconf 81' lang='lat' dir='ltr'><strong>LIBEll</strong></span> <span class='ocrx_word' id='word_1_79' title='bbox 1704 326 1791 380; x_wconf 80' lang='lat' dir='ltr'><strong>DE</strong></span> <span class='ocrx_word' id='word_1_80' title='bbox 1830 325 2292 382; x_wconf 74' lang='lat' dir='ltr'><strong>SACRAMENTO</strong></span> <span class='ocrx_word' id='word_1_81' title='bbox 2330 324 2646 381; x_wconf 73' lang='lat' dir='ltr'><strong>BAPTISMI</strong></span> 
     </span>
    </p>
   </div>
   <div class='ocr_carea' id='block_1_16' title="bbox 3413 322 3519 375">
    <p class='ocr_par' dir='ltr' id='par_1_16' title="bbox 3413 322 3519 375">
     <span class='ocr_line' id='line_1_16' title="bbox 3413 322 3519 375; baseline -0.009 0"><span class='ocrx_word' id='word_1_82' title='bbox 3413 322 3519 375; x_wconf 56' lang='grc'><strong>854</strong></span> 
     </span>
    </p>
   </div>
   <div class='ocr_carea' id='block_1_17' title="bbox 1861 439 3229 509">
    <p class='ocr_par' dir='ltr' id='par_1_17' title="bbox 1861 439 3229 509">
     <span class='ocr_line' id='line_1_17' title="bbox 1861 439 3229 509; baseline -0.003 -14"><span class='ocrx_word' id='word_1_83' title='bbox 1861 445 1910 501; x_wconf 78' lang='grc' dir='ltr'><strong>Α</strong></span> <span class='ocrx_word' id='word_1_84' title='bbox 1940 440 2076 495; x_wconf 82' lang='lat' dir='ltr'><strong>Huic</strong></span> <span class='ocrx_word' id='word_1_85' title='bbox 2102 439 2446 508; x_wconf 79' lang='lat' dir='ltr'><strong>Angilbertus</strong></span> <span class='ocrx_word' id='word_1_86' title='bbox 2476 439 2646 494; x_wconf 90' lang='lat' dir='ltr'><strong>fretus</strong></span> <span class='ocrx_word' id='word_1_87' title='bbox 2670 440 2869 508; x_wconf 83' lang='lat' dir='ltr'><strong>pietate</strong></span> <span class='ocrx_word' id='word_1_88' title='bbox 2900 440 3156 509; x_wconf 88' lang='lat' dir='ltr'><strong>magistra</strong></span> <span class='ocrx_word' id='word_1_89' title='bbox 3184 477 3229 505; x_wconf 90' lang='lat'><strong>,.</strong></span> 
     </span>
    </p>
   </div>
   <div class='ocr_carea' id='block_1_18' title="bbox 2012 529 3196 587">
    <p class='ocr_par' dir='ltr' id='par_1_18' title="bbox 2012 529 3196 587">
     <span class='ocr_line' id='line_1_18' title="bbox 2012 529 3196 587; baseline 0.003 -4"><span class='ocrx_word' id='word_1_90' title='bbox 2012 530 2081 584; x_wconf 84' lang='lat' dir='ltr'><strong>Et</strong></span> <span class='ocrx_word' id='word_1_91' title='bbox 2106 530 2313 586; x_wconf 89' lang='lat' dir='ltr'><strong>tumulo</strong></span> <span class='ocrx_word' id='word_1_92' title='bbox 2330 545 2549 585; x_wconf 85' lang='lat' dir='ltr'><strong>carmen</strong></span> <span class='ocrx_word' id='word_1_93' title='bbox 2571 530 2814 585; x_wconf 89' lang='lat' dir='ltr'><strong>condidit</strong></span> <span class='ocrx_word' id='word_1_94' title='bbox 2833 537 2888 586; x_wconf 93' lang='lat' dir='ltr'><strong>et</strong></span> <span class='ocrx_word' id='word_1_95' title='bbox 2912 529 3196 587; x_wconf 87' lang='lat' dir='ltr'><strong>tumulum.</strong></span> 
     </span>
    </p>
   </div>
   <div class='ocr_carea' id='block_1_19' title="bbox 2242 619 3218 780">
    <p class='ocr_par' dir='ltr' id='par_1_19' title="bbox 2242 619 3218 780">
     <span class='ocr_line' id='line_1_19' title="bbox 2242 619 3218 780; baseline 0.001 -18"><span class='ocrx_word' id='word_1_96' title='bbox 2242 708 2582 780; x_wconf 78' lang='lat' dir='ltr'><strong>Epitaphium</strong></span> <span class='ocrx_word' id='word_1_97' title='bbox 2608 619 2817 764; x_wconf 86' lang='lat' dir='ltr'><em>F</em></span> <span class='ocrx_word' id='word_1_98' title='bbox 2841 727 2931 764; x_wconf 75' lang='lat' dir='ltr'><strong>seu</strong></span> <span class='ocrx_word' id='word_1_99' title='bbox 2964 710 3218 767; x_wconf 77' lang='lat' dir='ltr'><strong>Adriani.</strong></span> 
     </span>
    </p>
   </div>
   <div class='ocr_carea' id='block_1_20' title="bbox 2437 798 2995 861">
    <p class='ocr_par' dir='ltr' id='par_1_20' title="bbox 2437 798 2995 861">
     <span class='ocr_line' id='line_1_20' title="bbox 2437 798 2995 861; baseline 0.007 -14"><span class='ocrx_word' id='word_1_100' title='bbox 2437 799 2603 861; x_wconf 76' lang='lat' dir='ltr'><strong>(Apud</strong></span> <span class='ocrx_word' id='word_1_101' title='bbox 2624 798 2829 861; x_wconf 76' lang='lat' dir='ltr'><strong>Mabill.,</strong></span> <span class='ocrx_word' id='word_1_102' title='bbox 2853 799 2995 861; x_wconf 84' lang='lat' dir='ltr'><strong>ibid.)</strong></span> 
     </span>
    </p>
   </div>
   <div class='ocr_carea' id='block_1_21' title="bbox 1945 878 3211 951">
    <p class='ocr_par' dir='ltr' id='par_1_21' title="bbox 1945 878 3211 951">
     <span class='ocr_line' id='line_1_21' title="bbox 1945 878 3211 951; baseline 0 -15"><span class='ocrx_word' id='word_1_103' title='bbox 1945 878 2181 949; x_wconf 88' lang='lat' dir='ltr'><strong>Corpore</strong></span> <span class='ocrx_word' id='word_1_104' title='bbox 2203 886 2421 934; x_wconf 88' lang='lat' dir='ltr'><strong>terreno</strong></span> <span class='ocrx_word' id='word_1_105' title='bbox 2441 879 2533 948; x_wconf 88' lang='lat' dir='ltr'><strong>qui</strong></span> <span class='ocrx_word' id='word_1_106' title='bbox 2560 880 2804 935; x_wconf 86' lang='lat' dir='ltr'><strong>cernitur</strong></span> <span class='ocrx_word' id='word_1_107' title='bbox 2823 895 2943 935; x_wconf 89' lang='lat' dir='ltr'><strong>esse</strong></span> <span class='ocrx_word' id='word_1_108' title='bbox 2969 880 3211 951; x_wconf 89' lang='lat' dir='ltr'><strong>sepultus</strong></span> 
     </span>
    </p>
   </div>
   <div class='ocr_carea' id='block_1_22' title="bbox 2014 968 3203 1037">
    <p class='ocr_par' dir='ltr' id='par_1_22' title="bbox 2014 968 3203 1037">
     <span class='ocr_line' id='line_1_22' title="bbox 2014 968 3203 1037; baseline -0.001 -12"><span class='ocrx_word' id='word_1_109' title='bbox 2014 968 2220 1025; x_wconf 87' lang='lat' dir='ltr'><strong>Gaudia</strong></span> <span class='ocrx_word' id='word_1_110' title='bbox 2248 982 2346 1037; x_wconf 90' lang='lat' dir='ltr'><strong>pro</strong></span> <span class='ocrx_word' id='word_1_111' title='bbox 2371 969 2584 1023; x_wconf 88' lang='lat' dir='ltr'><strong>meritis</strong></span> <span class='ocrx_word' id='word_1_112' title='bbox 2608 969 2796 1025; x_wconf 77' lang='lat' dir='ltr'><strong>cmlica</strong></span> <span class='ocrx_word' id='word_1_113' title='bbox 2828 970 2986 1025; x_wconf 69' lang='lat' dir='ltr'><strong>uetus</strong></span> <span class='ocrx_word' id='word_1_114' title='bbox 3022 970 3203 1026; x_wconf 83' lang='lat' dir='ltr'><strong>habet.</strong></span> 
     </span>
    </p>
   </div>
   <div class='ocr_carea' id='block_1_23' title="bbox 1943 1057 3157 1128">
    <p class='ocr_par' dir='ltr' id='par_1_23' title="bbox 1943 1057 3157 1128">
     <span class='ocr_line' id='line_1_23' title="bbox 1943 1057 3157 1128; baseline 0.003 -16"><span class='ocrx_word' id='word_1_115' title='bbox 1943 1059 2051 1115; x_wconf 87' lang='lat' dir='ltr'><strong>Iste</strong></span> <span class='ocrx_word' id='word_1_116' title='bbox 2073 1057 2175 1112; x_wconf 89' lang='lat' dir='ltr'><strong>fuit</strong></span> <span class='ocrx_word' id='word_1_117' title='bbox 2209 1057 2463 1114; x_wconf 86' lang='lat' dir='ltr'><strong>Fricorus</strong></span> <span class='ocrx_word' id='word_1_118' title='bbox 2483 1057 2755 1116; x_wconf 77' lang='lat' dir='ltr'><strong>Cltaidoco</strong></span> <span class='ocrx_word' id='word_1_119' title='bbox 2782 1062 3122 1117; x_wconf 83' lang='lat' dir='ltr'><strong>consociatus</strong></span> <span class='ocrx_word' id='word_1_120' title='bbox 3142 1102 3157 1128; x_wconf 94' lang='lat'><strong>,</strong></span> 
     </span>
    </p>
   </div>
   <div class='ocr_carea' id='block_1_24' title="bbox 2016 1149 3381 1222">
    <p class='ocr_par' dir='ltr' id='par_1_24' title="bbox 2016 1149 3381 1222">
     <span class='ocr_line' id='line_1_24' title="bbox 2016 1149 3381 1222; baseline 0 -16"><span class='ocrx_word' id='word_1_121' title='bbox 2016 1149 2190 1216; x_wconf 90' lang='lat' dir='ltr'><strong>Quem</strong></span> <span class='ocrx_word' id='word_1_122' title='bbox 2220 1150 2323 1204; x_wconf 87' lang='lat' dir='ltr'><strong>sibi</strong></span> <span class='ocrx_word' id='word_1_123' title='bbox 2354 1164 2674 1205; x_wconf 87' lang='lat' dir='ltr'><strong>concessum</strong></span> <span class='ocrx_word' id='word_1_124' title='bbox 2703 1150 2927 1206; x_wconf 90' lang='lat' dir='ltr'><strong>Centula</strong></span> <span class='ocrx_word' id='word_1_125' title='bbox 2964 1152 3164 1222; x_wconf 83' lang='lat' dir='ltr'><strong>gaudet</strong></span> <span class='ocrx_word' id='word_1_126' title='bbox 3191 1166 3381 1208; x_wconf 74' lang='lat' dir='ltr'><strong>ovans.</strong></span> 
     </span>
    </p>
   </div>
   <div class='ocr_carea' id='block_1_25' title="bbox 1946 1240 3308 1314">
    <p class='ocr_par' dir='ltr' id='par_1_25' title="bbox 1946 1240 3308 1314">
     <span class='ocr_line' id='line_1_25' title="bbox 1946 1240 3308 1314; baseline 0.002 -20"><span class='ocrx_word' id='word_1_127' title='bbox 1946 1240 2045 1297; x_wconf 85' lang='lat' dir='ltr'><strong>llic</strong></span> <span class='ocrx_word' id='word_1_128' title='bbox 2072 1241 2272 1298; x_wconf 87' lang='lat' dir='ltr'><strong>virtute</strong></span> <span class='ocrx_word' id='word_1_129' title='bbox 2303 1242 2490 1298; x_wconf 87' lang='lat' dir='ltr'><strong>valens</strong></span> <span class='ocrx_word' id='word_1_130' title='bbox 2518 1242 2764 1312; x_wconf 77' lang='lat' dir='ltr'><strong>despexit</strong></span> <span class='ocrx_word' id='word_1_131' title='bbox 2780 1258 3041 1314; x_wconf 87' lang='lat' dir='ltr'><strong>prospera</strong></span> <span class='ocrx_word' id='word_1_132' title='bbox 3081 1243 3266 1298; x_wconf 87' lang='lat' dir='ltr'><strong>mundi</strong></span> <span class='ocrx_word' id='word_1_133' title='bbox 3294 1284 3308 1309; x_wconf 90' lang='lat'><strong>,</strong></span> 
     </span>
    </p>
   </div>
   <div class='ocr_carea' id='block_1_26' title="bbox 2020 1331 3098 1404">
    <p class='ocr_par' dir='ltr' id='par_1_26' title="bbox 2020 1331 3098 1404">
     <span class='ocr_line' id='line_1_26' title="bbox 2020 1331 3098 1404; baseline -0.001 -18"><span class='ocrx_word' id='word_1_134' title='bbox 2020 1332 2089 1386; x_wconf 88' lang='lat' dir='ltr'><strong>Et</strong></span> <span class='ocrx_word' id='word_1_135' title='bbox 2116 1333 2275 1387; x_wconf 89' lang='lat' dir='ltr'><strong>modo</strong></span> <span class='ocrx_word' id='word_1_136' title='bbox 2296 1332 2496 1386; x_wconf 79' lang='lat' dir='ltr'><strong>viventi</strong></span> <span class='ocrx_word' id='word_1_137' title='bbox 2519 1331 2691 1403; x_wconf 84' lang='lat' dir='ltr'><strong>gloria</strong></span> <span class='ocrx_word' id='word_1_138' title='bbox 2719 1348 2910 1404; x_wconf 83' lang='lat' dir='ltr'><strong>magna</strong></span> <span class='ocrx_word' id='word_1_139' title='bbox 2934 1340 3098 1401; x_wconf 89' lang='lat' dir='ltr'><strong>patet.</strong></span> 
     </span>
    </p>
   </div>
   <div class='ocr_carea' id='block_1_27' title="bbox 1952 1423 3243 1495">
    <p class='ocr_par' dir='ltr' id='par_1_27' title="bbox 1952 1423 3243 1495">
     <span class='ocr_line' id='line_1_27' title="bbox 1952 1423 3243 1495; baseline 0.002 -18"><span class='ocrx_word' id='word_1_140' title='bbox 1952 1423 2177 1489; x_wconf 85' lang='lat' dir='ltr'><strong>Quando</strong></span> <span class='ocrx_word' id='word_1_141' title='bbox 2195 1423 2307 1479; x_wconf 89' lang='lat' dir='ltr'><strong>Deo</strong></span> <span class='ocrx_word' id='word_1_142' title='bbox 2327 1424 2530 1493; x_wconf 89' lang='lat' dir='ltr'><strong>placuit</strong></span> <span class='ocrx_word' id='word_1_143' title='bbox 2555 1425 2819 1481; x_wconf 70' lang='lat' dir='ltr'><strong>caelorum</strong></span> <span class='ocrx_word' id='word_1_144' title='bbox 2847 1439 3011 1495; x_wconf 85' lang='lat' dir='ltr'><strong>regna</strong></span> <span class='ocrx_word' id='word_1_145' title='bbox 3036 1425 3243 1495; x_wconf 82' lang='lat' dir='ltr'><strong>petivit,</strong></span> 
     </span>
    </p>
   </div>
   <div class='ocr_carea' id='block_1_28' title="bbox 2022 1512 3186 1584">
    <p class='ocr_par' dir='ltr' id='par_1_28' title="bbox 2022 1512 3186 1584">
     <span class='ocr_line' id='line_1_28' title="bbox 2022 1512 3186 1584; baseline 0.003 -18"><span class='ocrx_word' id='word_1_146' title='bbox 2022 1512 2176 1568; x_wconf 89' lang='lat' dir='ltr'><strong>Nunc</strong></span> <span class='ocrx_word' id='word_1_147' title='bbox 2197 1513 2496 1584; x_wconf 82' lang='lat' dir='ltr'><strong>Angilberti</strong></span> <span class='ocrx_word' id='word_1_148' title='bbox 2520 1514 2761 1569; x_wconf 88' lang='lat' dir='ltr'><strong>carmine</strong></span> <span class='ocrx_word' id='word_1_149' title='bbox 2788 1513 2971 1584; x_wconf 80' lang='lat' dir='ltr'><strong>fulget.</strong></span> <span class='ocrx_word' id='word_1_150' title='bbox 2995 1513 3186 1570; x_wconf 80' lang='lat' dir='ltr'><strong>Amen.</strong></span> 
     </span>
    </p>
   </div>
   <div class='ocr_carea' id='block_1_29' title="bbox 1498 1762 2276 1808">
    <p class='ocr_par' dir='ltr' id='par_1_29' title="bbox 1498 1762 2276 1808">
     <span class='ocr_line' id='line_1_29' title="bbox 1498 1762 2276 1808; baseline -0.001 -3"><span class='ocrx_word' id='word_1_151' title='bbox 1498 1764 1667 1805; x_wconf 74' lang='lat' dir='ltr'><strong>ANNO</strong></span> <span class='ocrx_word' id='word_1_152' title='bbox 1711 1763 1939 1807; x_wconf 70' lang='lat' dir='ltr'><strong>DOMI‘NI</strong></span> <span class='ocrx_word' id='word_1_153' title='bbox 1985 1762 2276 1808; x_wconf 71' lang='lat' dir='ltr'><strong>DCCCXVI.</strong></span> 
     </span>
    </p>
   </div>
   <div class='ocr_carea' id='block_1_30' title="bbox 1209 1896 2588 2102">
    <p class='ocr_par' dir='ltr' id='par_1_30' title="bbox 1209 1896 2588 2102">
     <span class='ocr_line' id='line_1_30' title="bbox 1209 1896 2588 2102; baseline -0.001 -43"><span class='ocrx_word' id='word_1_154' title='bbox 1209 1896 2588 2102; x_wconf 80' lang='lat' dir='ltr'><strong>LEIDRADUS</strong></span> 
     </span>
    </p>
   </div>
   <div class='ocr_carea' id='block_1_31' title="bbox 1445 2145 2366 2203">
    <p class='ocr_par' dir='ltr' id='par_1_31' title="bbox 1445 2145 2366 2203">
     <span class='ocr_line' id='line_1_31' title="bbox 1445 2145 2366 2203; baseline -0.001 -2"><span class='ocrx_word' id='word_1_155' title='bbox 1445 2145 1929 2203; x_wconf 75' lang='lat' dir='ltr'><strong>LUGDUNENSIS</strong></span> <span class='ocrx_word' id='word_1_156' title='bbox 1967 2146 2253 2203; x_wconf 86' lang='lat' dir='ltr'><strong>EPISCOP</strong></span> <span class='ocrx_word' id='word_1_157' title='bbox 2262 2147 2366 2203; x_wconf 87' lang='lat' dir='ltr'><strong>US.</strong></span> 
     </span>
    </p>
   </div>
   <div class='ocr_carea' id='block_1_32' title="bbox 934 2361 2861 2447">
    <p class='ocr_par' dir='ltr' id='par_1_32' title="bbox 934 2361 2861 2447">
     <span class='ocr_line' id='line_1_32' title="bbox 934 2361 2861 2447; baseline -0.006 0"><span class='ocrx_word' id='word_1_158' title='bbox 934 2367 1369 2447; x_wconf 78' lang='lat' dir='ltr'><strong>NOTITIA</strong></span> <span class='ocrx_word' id='word_1_159' title='bbox 1427 2361 1975 2441; x_wconf 80' lang='lat' dir='ltr'><strong>HISTORICA</strong></span> <span class='ocrx_word' id='word_1_160' title='bbox 2046 2362 2154 2438; x_wconf 86' lang='lat' dir='ltr'><strong>IN</strong></span> <span class='ocrx_word' id='word_1_161' title='bbox 2212 2362 2861 2439; x_wconf 79' lang='lat' dir='ltr'><strong>LEIDBADUM&#39;.</strong></span> 
     </span>
    </p>
   </div>
   <div class='ocr_carea' id='block_1_33' title="bbox 1250 2512 2558 2578">
    <p class='ocr_par' dir='ltr' id='par_1_33' title="bbox 1250 2512 2558 2578">
     <span class='ocr_line' id='line_1_33' title="bbox 1250 2512 2558 2578; baseline -0.001 -12"><span class='ocrx_word' id='word_1_162' title='bbox 1250 2516 1343 2578; x_wconf 74' lang='lat' dir='ltr'><strong>(Ex</strong></span> <span class='ocrx_word' id='word_1_163' title='bbox 1376 2514 1617 2572; x_wconf 85' lang='lat' dir='ltr'><strong>Gallaud.,</strong></span> <span class='ocrx_word' id='word_1_164' title='bbox 1639 2512 1875 2563; x_wconf 74' lang='lat' dir='ltr'><strong>Bibliolh.</strong></span> <span class='ocrx_word' id='word_1_165' title='bbox 1906 2521 2006 2560; x_wconf 78' lang='lat' dir='ltr'><strong>vet.</strong></span> <span class='ocrx_word' id='word_1_166' title='bbox 2034 2514 2239 2572; x_wconf 80' lang='lat' dir='ltr'><strong>Patrol.,</strong></span> <span class='ocrx_word' id='word_1_167' title='bbox 2266 2521 2383 2564; x_wconf 86' lang='lat' dir='ltr'><strong>tom.</strong></span> <span class='ocrx_word' id='word_1_168' title='bbox 2404 2513 2558 2577; x_wconf 54' lang='lat' dir='ltr'><strong>XIII;</strong></span> 
     </span>
    </p>
   </div>
   <div class='ocr_carea' id='block_1_34' title="bbox 341 2683 3534 2763">
    <p class='ocr_par' dir='ltr' id='par_1_34' title="bbox 341 2683 3534 2763">
     <span class='ocr_line' id='line_1_34' title="bbox 341 2683 3534 2763; baseline 0.003 -20"><span class='ocrx_word' id='word_1_169' title='bbox 341 2686 638 2763; x_wconf 76' lang='lat' dir='ltr'><strong>Leidradus</strong></span> <span class='ocrx_word' id='word_1_170' title='bbox 656 2686 874 2763; x_wconf 79' lang='lat' dir='ltr'><strong>natione</strong></span> <span class='ocrx_word' id='word_1_171' title='bbox 897 2685 1125 2763; x_wconf 59' lang='lat' dir='ltr'><strong>Noricus</strong></span> <span class='ocrx_word' id='word_1_172' title='bbox 1142 2683 1242 2763; x_wconf 61' lang='grc' dir='ltr'><strong>(αλ,</strong></span> <span class='ocrx_word' id='word_1_173' title='bbox 1254 2684 1436 2763; x_wconf 73' lang='lat' dir='ltr'><strong>Caroli</strong></span> <span class='ocrx_word' id='word_1_174' title='bbox 1460 2686 1637 2763; x_wconf 62' lang='lat' dir='ltr'><strong>magni</strong></span> <span class='ocrx_word' id='word_1_175' title='bbox 1657 2701 1850 2763; x_wconf 67' lang='lat' dir='ltr'><strong>perne-</strong></span> <span class='ocrx_word' id='word_1_176' title='bbox 1881 2690 1926 2752; x_wconf 84' lang='grc' dir='ltr'><strong><em>Β</em></strong></span> <span class='ocrx_word' id='word_1_177' title='bbox 1952 2690 2206 2763; x_wconf 81' lang='lat' dir='ltr'><strong>muniret.</strong></span> <span class='ocrx_word' id='word_1_178' title='bbox 2228 2690 2385 2746; x_wconf 90' lang='lat' dir='ltr'><strong>Initio</strong></span> <span class='ocrx_word' id='word_1_179' title='bbox 2409 2692 2901 2763; x_wconf 82' lang='lat' dir='ltr'><strong>imperiiLndovici</strong></span> <span class='ocrx_word' id='word_1_180' title='bbox 2921 2696 2976 2750; x_wconf 91' lang='lat' dir='ltr'><strong>in</strong></span> <span class='ocrx_word' id='word_1_181' title='bbox 3002 2695 3390 2752; x_wconf 68' lang='lat' dir='ltr'><strong>Suessionense</strong></span> <span class='ocrx_word' id='word_1_182' title='bbox 3417 2710 3534 2753; x_wconf 86' lang='lat' dir='ltr'><strong>mo-</strong></span> 
     </span>
    </p>
   </div>
   <div class='ocr_carea' id='block_1_35' title="bbox 267 2754 1850 2820">
    <p class='ocr_par' dir='ltr' id='par_1_35' title="bbox 267 2754 1850 2820">
     <span class='ocr_line' id='line_1_35' title="bbox 267 2754 1850 2820; baseline -0.001 -7"><span class='ocrx_word' id='word_1_183' title='bbox 267 2757 561 2820; x_wconf 84' lang='lat' dir='ltr'><strong>cessarius,</strong></span> <span class='ocrx_word' id='word_1_184' title='bbox 586 2764 645 2809; x_wconf 92' lang='lat' dir='ltr'><strong>ut</strong></span> <span class='ocrx_word' id='word_1_185' title='bbox 663 2756 880 2820; x_wconf 89' lang='lat' dir='ltr'><strong>quidam</strong></span> <span class='ocrx_word' id='word_1_186' title='bbox 900 2754 1001 2809; x_wconf 88' lang='lat' dir='ltr'><strong>sibi</strong></span> <span class='ocrx_word' id='word_1_187' title='bbox 1019 2754 1158 2809; x_wconf 87' lang='lat' dir='ltr'><strong>velle</strong></span> <span class='ocrx_word' id='word_1_188' title='bbox 1180 2754 1449 2820; x_wconf 87' lang='lat' dir='ltr'><strong>videntur,</strong></span> <span class='ocrx_word' id='word_1_189' title='bbox 1468 2754 1632 2811; x_wconf 78' lang='lat' dir='ltr'><strong>etiam</strong></span> <span class='ocrx_word' id='word_1_190' title='bbox 1657 2754 1850 2812; x_wconf 84' lang='lat' dir='ltr'><strong>biblio-</strong></span> 
     </span>
    </p>
   </div>
   <div class='ocr_carea' id='block_1_36' title="bbox 270 2824 1851 2895">
    <p class='ocr_par' dir='ltr' id='par_1_36' title="bbox 270 2824 1851 2895">
     <span class='ocr_line' id='line_1_36' title="bbox 270 2824 1851 2895; baseline 0 -13"><span class='ocrx_word' id='word_1_191' title='bbox 270 2827 563 2882; x_wconf 85' lang='lat' dir='ltr'><strong>thecarius.</strong></span> <span class='ocrx_word' id='word_1_192' title='bbox 590 2824 1221 2895; x_wconf 17' lang='lat' dir='ltr'><strong>SedemiLugdunensem</strong></span> <span class='ocrx_word' id='word_1_193' title='bbox 1241 2832 1361 2895; x_wconf 88' lang='lat' dir='ltr'><strong>post</strong></span> <span class='ocrx_word' id='word_1_194' title='bbox 1381 2824 1690 2880; x_wconf 84' lang='lat' dir='ltr'><strong>Hilduinum</strong></span> <span class='ocrx_word' id='word_1_195' title='bbox 1708 2827 1851 2883; x_wconf 87' lang='lat' dir='ltr'><strong>Ado-</strong></span> 
     </span>
    </p>
   </div>
   <div class='ocr_carea' id='block_1_37' title="bbox 1955 2828 2338 2885">
    <p class='ocr_par' dir='ltr' id='par_1_37' title="bbox 1955 2828 2338 2885">
     <span class='ocr_line' id='line_1_37' title="bbox 1955 2828 2338 2885; baseline 0.005 -2"><span class='ocrx_word' id='word_1_196' title='bbox 1955 2828 2209 2884; x_wconf 81' lang='lat' dir='ltr'><strong>suﬂ‘ectus</strong></span> <span class='ocrx_word' id='word_1_197' title='bbox 2255 2839 2338 2885; x_wconf 84' lang='lat' dir='ltr'><strong>est</strong></span> 
     </span>
    </p>
   </div>
   <div class='ocr_carea' id='block_1_38' title="bbox 1956 2759 3536 2835">
    <p class='ocr_par' dir='ltr' id='par_1_38' title="bbox 1956 2759 3536 2835">
     <span class='ocr_line' id='line_1_38' title="bbox 1956 2759 3536 2835; baseline 0.004 -22"><span class='ocrx_word' id='word_1_198' title='bbox 1956 2759 2250 2835; x_wconf 65' lang='lat' dir='ltr'><strong>nasterium</strong></span> <span class='ocrx_word' id='word_1_199' title='bbox 2301 2776 2361 2816; x_wconf 92' lang='lat' dir='ltr'><strong>se</strong></span> <span class='ocrx_word' id='word_1_200' title='bbox 2392 2759 2645 2835; x_wconf 67' lang='lat' dir='ltr'><strong>recepit,</strong></span> <span class='ocrx_word' id='word_1_201' title='bbox 2693 2764 2749 2835; x_wconf 89' lang='lat' dir='ltr'><strong>in</strong></span> <span class='ocrx_word' id='word_1_202' title='bbox 2789 2764 2944 2835; x_wconf 86' lang='lat' dir='ltr'><strong>cujus</strong></span> <span class='ocrx_word' id='word_1_203' title='bbox 2988 2766 3173 2835; x_wconf 66' lang='lat' dir='ltr'><strong>locum</strong></span> <span class='ocrx_word' id='word_1_204' title='bbox 3217 2763 3536 2835; x_wconf 81' lang='lat' dir='ltr'><strong>Agobardus</strong></span> 
     </span>
    </p>
   </div>
   <div class='ocr_carea' id='block_1_39' title="bbox 2382 2781 3535 2914">
    <p class='ocr_par' dir='ltr' id='par_1_39' title="bbox 2382 2781 3535 2914">
     <span class='ocr_line' id='line_1_39' title="bbox 2405 2781 3535 2835; baseline 0.004 -19"><span class='ocrx_word' id='word_1_205' title='bbox 2405 2781 2528 2819; x_wconf 90' lang='lat' dir='ltr'><strong>rece</strong></span> <span class='ocrx_word' id='word_1_206' title='bbox 2568 2781 2645 2830; x_wconf 83' lang='grc' dir='ltr'><strong>ιι,</strong></span> <span class='ocrx_word' id='word_1_207' title='bbox 2693 2781 2749 2818; x_wconf 80' lang='lat' dir='ltr'><strong>in</strong></span> <span class='ocrx_word' id='word_1_208' title='bbox 2789 2781 2944 2835; x_wconf 75' lang='lat' dir='ltr'><strong>cujus</strong></span> <span class='ocrx_word' id='word_1_209' title='bbox 2996 2781 3173 2821; x_wconf 80' lang='lat' dir='ltr'><strong>iocum</strong></span> <span class='ocrx_word' id='word_1_210' title='bbox 3217 2781 3264 2819; x_wconf 69' lang='grc' dir='ltr'>Α</span> <span class='ocrx_word' id='word_1_211' title='bbox 3301 2781 3535 2820; x_wconf 88' lang='lat' dir='ltr'><strong>onaraus</strong></span> 
     </span>
     <span class='ocr_line' id='line_1_40' title="bbox 2382 2781 3535 2914; baseline 0.003 -30"><span class='ocrx_word' id='word_1_212' title='bbox 2382 2830 2500 2914; x_wconf 55' lang='lat' dir='ltr'><strong>(c).</strong></span> <span class='ocrx_word' id='word_1_213' title='bbox 2528 2781 2661 2914; x_wconf 42' lang='lat' dir='ltr'><strong>{Igne</strong></span> <span class='ocrx_word' id='word_1_214' title='bbox 2701 2834 2943 2914; x_wconf 84' lang='lat' dir='ltr'><strong>invenire</strong></span> <span class='ocrx_word' id='word_1_215' title='bbox 2986 2833 3129 2914; x_wconf 77' lang='lat' dir='ltr'><strong>licet_</strong></span> <span class='ocrx_word' id='word_1_216' title='bbox 3153 2835 3209 2889; x_wconf 88' lang='lat' dir='ltr'><strong>in</strong></span> <span class='ocrx_word' id='word_1_217' title='bbox 3248 2781 3535 2914; x_wconf 51' lang='lat' dir='ltr'><strong>ggobardo</strong></span> 
     </span>
    </p>
   </div>
   <div class='ocr_carea' id='block_1_40' title="bbox 269 2894 3539 3018">
    <p class='ocr_par' dir='ltr' id='par_1_40' title="bbox 269 2894 3539 3018">
     <span class='ocr_line' id='line_1_41' title="bbox 269 2894 3539 3018; baseline 0.003 -68"><span class='ocrx_word' id='word_1_218' title='bbox 269 2898 355 2950; x_wconf 89' lang='lat' dir='ltr'><strong>nis</strong></span> <span class='ocrx_word' id='word_1_219' title='bbox 380 2904 632 2965; x_wconf 88' lang='lat' dir='ltr'><strong>nepotem</strong></span> <span class='ocrx_word' id='word_1_220' title='bbox 660 2894 734 3018; x_wconf 43' lang='grc' dir='ltr'><strong>(ὁ)</strong></span> <span class='ocrx_word' id='word_1_221' title='bbox 760 2894 990 2949; x_wconf 87' lang='lat' dir='ltr'><strong>obtinuit</strong></span> <span class='ocrx_word' id='word_1_222' title='bbox 1027 2894 1095 2947; x_wconf 89' lang='lat' dir='ltr'><strong>ab</strong></span> <span class='ocrx_word' id='word_1_223' title='bbox 1133 2909 1274 2948; x_wconf 87' lang='lat' dir='ltr'><strong>anno</strong></span> <span class='ocrx_word' id='word_1_224' title='bbox 1315 2894 1417 2950; x_wconf 86' lang='lat'><strong>799</strong></span> <span class='ocrx_word' id='word_1_225' title='bbox 1452 2896 1520 2950; x_wconf 89' lang='lat' dir='ltr'><strong>ad</strong></span> <span class='ocrx_word' id='word_1_226' title='bbox 1549 2898 1674 2952; x_wconf 80' lang='lat'><strong>813.</strong></span> <span class='ocrx_word' id='word_1_227' title='bbox 1700 2897 1848 2951; x_wconf 89' lang='lat' dir='ltr'><strong>Intra</strong></span> <span class='ocrx_word' id='word_1_228' title='bbox 1952 2896 2257 2954; x_wconf 70' lang='lat' dir='ltr'><strong>Baluzianaa</strong></span> <span class='ocrx_word' id='word_1_229' title='bbox 2282 2894 2549 2957; x_wconf 81' lang='lat' dir='ltr'><strong>editionis.</strong></span> <span class='ocrx_word' id='word_1_230' title='bbox 2580 2902 2850 2973; x_wconf 85' lang='lat' dir='ltr'><strong>Superant</strong></span> <span class='ocrx_word' id='word_1_231' title='bbox 2869 2920 2934 2960; x_wconf 78' lang='lat' dir='ltr'><strong>ex</strong></span> <span class='ocrx_word' id='word_1_232' title='bbox 2963 2904 3215 2975; x_wconf 88' lang='lat' dir='ltr'><strong>operibus</strong></span> <span class='ocrx_word' id='word_1_233' title='bbox 3243 2894 3379 2973; x_wconf 69' lang='lat' dir='ltr'><strong>ejus,</strong></span> <span class='ocrx_word' id='word_1_234' title='bbox 3405 2905 3539 2960; x_wconf 83' lang='lat' dir='ltr'><strong>liber</strong></span> 
     </span>
     <span class='ocr_line' id='line_1_42' title="bbox 270 2964 3538 3018; baseline 0 0"><span class='ocrx_word' id='word_1_235' title='bbox 270 2968 373 3018; x_wconf 86' lang='lat' dir='ltr'><strong>hoc</strong></span> <span class='ocrx_word' id='word_1_236' title='bbox 403 2974 616 3018; x_wconf 85' lang='lat' dir='ltr'><strong>temnus</strong></span> <span class='ocrx_word' id='word_1_237' title='bbox 636 2966 703 3018; x_wconf 91' lang='lat' dir='ltr'><strong>de</strong></span> <span class='ocrx_word' id='word_1_238' title='bbox 724 2972 811 3018; x_wconf 88' lang='lat' dir='ltr'><strong>ata</strong></span> <span class='ocrx_word' id='word_1_239' title='bbox 846 2970 972 3018; x_wconf 89' lang='lat' dir='ltr'><strong>sunt</strong></span> <span class='ocrx_word' id='word_1_240' title='bbox 1006 2964 1354 3018; x_wconf 72' lang='lat' dir='ltr'><strong>Luadunum.</strong></span> <span class='ocrx_word' id='word_1_241' title='bbox 1383 2966 1513 3018; x_wconf 90' lang='lat' dir='ltr'><strong>etin</strong></span> <span class='ocrx_word' id='word_1_242' title='bbox 1541 2965 1731 3018; x_wconf 90' lang='lat' dir='ltr'><strong>maiori</strong></span> <span class='ocrx_word' id='word_1_243' title='bbox 1758 2982 1848 3018; x_wconf 86' lang='lat' dir='ltr'><strong>ec-</strong></span> <span class='ocrx_word' id='word_1_244' title='bbox 1954 2968 2019 3018; x_wconf 90' lang='lat' dir='ltr'><strong>de</strong></span> <span class='ocrx_word' id='word_1_245' title='bbox 2050 2968 2402 3018; x_wconf 75' lang='lat' dir='ltr'><strong>Sacramenta</strong></span> <span class='ocrx_word' id='word_1_246' title='bbox 2440 2971 2689 3018; x_wconf 61' lang='grc' dir='ltr'>ωηιξςωί</span> <span class='ocrx_word' id='word_1_247' title='bbox 2718 2988 2842 3018; x_wconf 71' lang='lat' dir='ltr'><strong>cum</strong></span> <span class='ocrx_word' id='word_1_248' title='bbox 2885 2975 3105 3018; x_wconf 71' lang='grc' dir='ltr'><strong>ρηίςιιιιει</strong></span> <span class='ocrx_word' id='word_1_249' title='bbox 3146 2974 3213 3018; x_wconf 74' lang='lat' dir='ltr'><strong>de</strong></span> <span class='ocrx_word' id='word_1_250' title='bbox 3247 2973 3435 3018; x_wconf 69' lang='lat' dir='ltr'><strong>eadem</strong></span> <span class='ocrx_word' id='word_1_251' title='bbox 3478 2989 3538 3018; x_wconf 78' lang='lat' dir='ltr'><strong>m</strong></span> 
     </span>
    </p>
   </div>
   <div class='ocr_carea' id='block_1_41' title="bbox 270 2964 1848 3035">
    <p class='ocr_par' dir='ltr' id='par_1_41' title="bbox 270 2964 1848 3035">
     <span class='ocr_line' id='line_1_43' title="bbox 270 2964 1848 3035; baseline 0 -14"><span class='ocrx_word' id='word_1_252' title='bbox 270 2968 373 3021; x_wconf 87' lang='lat' dir='ltr'><strong>hoc</strong></span> <span class='ocrx_word' id='word_1_253' title='bbox 403 2964 616 3035; x_wconf 77' lang='lat' dir='ltr'><strong>tempus</strong></span> <span class='ocrx_word' id='word_1_254' title='bbox 636 2964 811 3022; x_wconf 87' lang='lat' dir='ltr'><strong>delata</strong></span> <span class='ocrx_word' id='word_1_255' title='bbox 846 2970 972 3035; x_wconf 82' lang='lat' dir='ltr'><strong>sunt</strong></span> <span class='ocrx_word' id='word_1_256' title='bbox 1006 2964 1354 3035; x_wconf 78' lang='lat' dir='ltr'><strong>Lugdunum,</strong></span> <span class='ocrx_word' id='word_1_257' title='bbox 1383 2966 1513 3019; x_wconf 90' lang='lat' dir='ltr'><strong>etin</strong></span> <span class='ocrx_word' id='word_1_258' title='bbox 1541 2965 1731 3035; x_wconf 87' lang='lat' dir='ltr'><strong>majori</strong></span> <span class='ocrx_word' id='word_1_259' title='bbox 1758 2982 1848 3021; x_wconf 88' lang='lat' dir='ltr'><strong>ec-</strong></span> 
     </span>
    </p>
   </div>
   <div class='ocr_carea' id='block_1_42' title="bbox 1954 2968 3538 3044">
    <p class='ocr_par' dir='ltr' id='par_1_42' title="bbox 1954 2968 3538 3044">
     <span class='ocr_line' id='line_1_44' title="bbox 1954 2968 3538 3044; baseline 0.004 -22"><span class='ocrx_word' id='word_1_260' title='bbox 1954 2968 2019 3044; x_wconf 76' lang='lat' dir='ltr'><strong>de</strong></span> <span class='ocrx_word' id='word_1_261' title='bbox 2050 2968 2402 3044; x_wconf 71' lang='lat' dir='ltr'><strong>sacramento</strong></span> <span class='ocrx_word' id='word_1_262' title='bbox 2440 2968 2693 3044; x_wconf 68' lang='lat' dir='ltr'><strong>baptismi</strong></span> <span class='ocrx_word' id='word_1_263' title='bbox 2718 2988 2844 3044; x_wconf 81' lang='lat' dir='ltr'><strong>cum</strong></span> <span class='ocrx_word' id='word_1_264' title='bbox 2885 2968 3110 3044; x_wconf 61' lang='lat' dir='ltr'><strong>epistola</strong></span> <span class='ocrx_word' id='word_1_265' title='bbox 3146 2974 3213 3029; x_wconf 91' lang='lat' dir='ltr'><strong>de</strong></span> <span class='ocrx_word' id='word_1_266' title='bbox 3247 2968 3437 3029; x_wconf 80' lang='lat' dir='ltr'><strong>eadem</strong></span> <span class='ocrx_word' id='word_1_267' title='bbox 3478 2989 3538 3029; x_wconf 84' lang='lat' dir='ltr'><strong>re</strong></span> 
     </span>
    </p>
   </div>
   <div class='ocr_carea' id='block_1_43' title="bbox 269 3032 3539 3120">
    <p class='ocr_par' dir='ltr' id='par_1_43' title="bbox 269 3032 3539 3120">
     <span class='ocr_line' id='line_1_45' title="bbox 269 3032 3539 3120; baseline 0 -1"><span class='ocrx_word' id='word_1_268' title='bbox 269 3036 437 3091; x_wconf 68' lang='grc' dir='ltr'><strong>ειεεία</strong></span> <span class='ocrx_word' id='word_1_269' title='bbox 466 3032 725 3120; x_wconf 56' lang='lat' dir='ltr'><strong>comata</strong></span> <span class='ocrx_word' id='word_1_270' title='bbox 749 3032 1329 3120; x_wconf 49' lang='grc' dir='ltr'><strong>(λεεεβεθὲιίρᾶρῖίξηίν</strong></span> <span class='ocrx_word' id='word_1_271' title='bbox 1953 3039 2021 3120; x_wconf 68' lang='lat'><strong>=39</strong></span> <span class='ocrx_word' id='word_1_272' title='bbox 2045 3039 2478 3120; x_wconf 62' lang='grc' dir='ltr'><strong>,ίξξερεῑδιστθων</strong></span> <span class='ocrx_word' id='word_1_273' title='bbox 2508 3032 2640 3120; x_wconf 70' lang='lat' dir='ltr'><strong>&#39;quae</strong></span> <span class='ocrx_word' id='word_1_274' title='bbox 2682 3042 2740 3097; x_wconf 76' lang='grc' dir='ltr'><strong>ίιι</strong></span> <span class='ocrx_word' id='word_1_275' title='bbox 2784 3032 3059 3120; x_wconf 45' lang='lat' dir='ltr'><strong>malacus</strong></span> <span class='ocrx_word' id='word_1_276' title='bbox 3092 3044 3204 3120; x_wconf 61' lang='lat' dir='ltr'><strong>sus</strong></span> <span class='ocrx_word' id='word_1_277' title='bbox 3238 3044 3539 3120; x_wconf 65' lang='grc' dir='ltr'><strong>ριιωίεεινξι</strong></span> 
     </span>
    </p>
   </div>
   <div class='ocr_carea' id='block_1_44' title="bbox 271 3102 1849 3178">
    <p class='ocr_par' dir='ltr' id='par_1_44' title="bbox 271 3102 1849 3178">
     <span class='ocr_line' id='line_1_46' title="bbox 271 3102 1849 3178; baseline 0.001 -20"><span class='ocrx_word' id='word_1_278' title='bbox 271 3120 391 3178; x_wconf 73' lang='lat' dir='ltr'><strong>rum</strong></span> <span class='ocrx_word' id='word_1_279' title='bbox 423 3113 718 3178; x_wconf 60' lang='lat' dir='ltr'><strong>martyrum</strong></span> <span class='ocrx_word' id='word_1_280' title='bbox 738 3102 1114 3178; x_wconf 72' lang='lat' dir='ltr'><strong>_Pant:_ileonis,</strong></span> <span class='ocrx_word' id='word_1_281' title='bbox 1140 3102 1199 3158; x_wconf 86' lang='lat' dir='ltr'><strong>et</strong></span> <span class='ocrx_word' id='word_1_282' title='bbox 1223 3102 1435 3178; x_wconf 79' lang='lat' dir='ltr'><strong>Sperati</strong></span> <span class='ocrx_word' id='word_1_283' title='bbox 1465 3102 1727 3178; x_wconf 69' lang='lat' dir='ltr'><strong>sciUitani</strong></span> <span class='ocrx_word' id='word_1_284' title='bbox 1760 3104 1849 3178; x_wconf 90' lang='lat' dir='ltr'><strong>(c).</strong></span> 
     </span>
    </p>
   </div>
   <div class='ocr_carea' id='block_1_45' title="bbox 276 3173 1850 3240">
    <p class='ocr_par' dir='ltr' id='par_1_45' title="bbox 276 3173 1850 3240">
     <span class='ocr_line' id='line_1_47' title="bbox 276 3173 1850 3240; baseline 0.001 -13"><span class='ocrx_word' id='word_1_285' title='bbox 276 3173 470 3227; x_wconf 74' lang='lat' dir='ltr'><strong>Multas</strong></span> <span class='ocrx_word' id='word_1_286' title='bbox 495 3173 777 3229; x_wconf 59' lang='lat' dir='ltr'><strong>aediﬁcavit</strong></span> <span class='ocrx_word' id='word_1_287' title='bbox 803 3173 1086 3238; x_wconf 89' lang='lat' dir='ltr'><strong>ecclesias,</strong></span> <span class='ocrx_word' id='word_1_288' title='bbox 1127 3173 1452 3228; x_wconf 86' lang='lat' dir='ltr'><strong>monasteria</strong></span> <span class='ocrx_word' id='word_1_289' title='bbox 1479 3177 1687 3240; x_wconf 78' lang='lat' dir='ltr'><strong>erexit,</strong></span> <span class='ocrx_word' id='word_1_290' title='bbox 1718 3173 1850 3230; x_wconf 80' lang='lat' dir='ltr'><strong>can-</strong></span> 
     </span>
    </p>
   </div>
   <div class='ocr_carea' id='block_1_46' title="bbox 274 3243 1852 3315">
    <p class='ocr_par' dir='ltr' id='par_1_46' title="bbox 274 3243 1852 3315">
     <span class='ocr_line' id='line_1_48' title="bbox 274 3243 1852 3315; baseline 0.002 -19"><span class='ocrx_word' id='word_1_291' title='bbox 274 3253 388 3315; x_wconf 82' lang='lat' dir='ltr'><strong>tum</strong></span> <span class='ocrx_word' id='word_1_292' title='bbox 416 3244 471 3315; x_wconf 82' lang='lat' dir='ltr'><strong>in</strong></span> <span class='ocrx_word' id='word_1_293' title='bbox 492 3243 831 3315; x_wconf 77' lang='lat' dir='ltr'><strong>Lugdunensi</strong></span> <span class='ocrx_word' id='word_1_294' title='bbox 857 3243 1084 3315; x_wconf 85' lang='lat' dir='ltr'><strong>ecclesia</strong></span> <span class='ocrx_word' id='word_1_295' title='bbox 1113 3244 1456 3315; x_wconf 76' lang='lat' dir='ltr'><strong>restauravit,</strong></span> <span class='ocrx_word' id='word_1_296' title='bbox 1478 3244 1691 3315; x_wconf 88' lang='lat' dir='ltr'><strong>aliaque</strong></span> <span class='ocrx_word' id='word_1_297' title='bbox 1718 3260 1852 3315; x_wconf 65' lang='lat' dir='ltr'><strong>pra-</strong></span> 
     </span>
    </p>
   </div>
   <div class='ocr_carea' id='block_1_47' title="bbox 272 3312 1854 3396">
    <p class='ocr_par' dir='ltr' id='par_1_47' title="bbox 272 3312 1854 3396">
     <span class='ocr_line' id='line_1_49' title="bbox 272 3312 1854 3396; baseline 0.001 -29"><span class='ocrx_word' id='word_1_298' title='bbox 272 3313 415 3396; x_wconf 73' lang='lat' dir='ltr'><strong>stitit</strong></span> <span class='ocrx_word' id='word_1_299' title='bbox 454 3312 593 3367; x_wconf 78' lang='lat' dir='ltr'><strong>boni</strong></span> <span class='ocrx_word' id='word_1_300' title='bbox 630 3328 694 3367; x_wconf 88' lang='lat' dir='ltr'><strong>ac</strong></span> <span class='ocrx_word' id='word_1_301' title='bbox 728 3313 1028 3396; x_wconf 41' lang='lat' dir='ltr'><strong>diligentis.</strong></span> <span class='ocrx_word' id='word_1_302' title='bbox 1061 3314 1293 3396; x_wconf 72' lang='lat' dir='ltr'><strong>pastoris</strong></span> <span class='ocrx_word' id='word_1_303' title='bbox 1338 3312 1510 3396; x_wconf 71' lang='lat' dir='ltr'><strong>ofﬁcia</strong></span> <span class='ocrx_word' id='word_1_304' title='bbox 1534 3355 1550 3379; x_wconf 91' lang='lat'><strong>,</strong></span> <span class='ocrx_word' id='word_1_305' title='bbox 1604 3312 1854 3396; x_wconf 53' lang='lat' dir='ltr'><strong>quamvis</strong></span> 
     </span>
    </p>
   </div>
   <div class='ocr_carea' id='block_1_48' title="bbox 274 3381 1855 3455">
    <p class='ocr_par' dir='ltr' id='par_1_48' title="bbox 274 3381 1855 3455">
     <span class='ocr_line' id='line_1_50' title="bbox 274 3381 1855 3455; baseline 0.001 -19"><span class='ocrx_word' id='word_1_306' title='bbox 274 3383 500 3455; x_wconf 78' lang='lat' dir='ltr'><strong>adversa</strong></span> <span class='ocrx_word' id='word_1_307' title='bbox 528 3381 773 3455; x_wconf 84' lang='lat' dir='ltr'><strong>corporis</strong></span> <span class='ocrx_word' id='word_1_308' title='bbox 798 3381 1127 3455; x_wconf 41' lang='lat' dir='ltr'><strong>valetudine;</strong></span> <span class='ocrx_word' id='word_1_309' title='bbox 1160 3382 1245 3455; x_wconf 3' lang='lat' dir='ltr'><strong>(tt),</strong></span> <span class='ocrx_word' id='word_1_310' title='bbox 1265 3382 1424 3455; x_wconf 77' lang='lat' dir='ltr'><strong>Jussu</strong></span> <span class='ocrx_word' id='word_1_311' title='bbox 1467 3381 1643 3439; x_wconf 84' lang='lat' dir='ltr'><strong>Caroli</strong></span> <span class='ocrx_word' id='word_1_312' title='bbox 1671 3384 1855 3453; x_wconf 87' lang='lat' dir='ltr'><strong>Hispa-</strong></span> 
     </span>
    </p>
   </div>
   <div class='ocr_carea' id='block_1_49' title="bbox 277 3451 1855 3523">
    <p class='ocr_par' dir='ltr' id='par_1_49' title="bbox 277 3451 1855 3523">
     <span class='ocr_line' id='line_1_51' title="bbox 277 3451 1855 3523; baseline 0.002 -18"><span class='ocrx_word' id='word_1_313' title='bbox 277 3451 424 3505; x_wconf 87' lang='lat' dir='ltr'><strong>niam</strong></span> <span class='ocrx_word' id='word_1_314' title='bbox 454 3451 688 3523; x_wconf 84' lang='lat' dir='ltr'><strong>repetiit,</strong></span> <span class='ocrx_word' id='word_1_315' title='bbox 718 3462 776 3506; x_wconf 89' lang='lat' dir='ltr'><strong>ut</strong></span> <span class='ocrx_word' id='word_1_316' title='bbox 804 3454 1060 3506; x_wconf 85' lang='lat' dir='ltr'><strong>adversus</strong></span> <span class='ocrx_word' id='word_1_317' title='bbox 1088 3451 1281 3507; x_wconf 85' lang='lat' dir='ltr'><strong>Felicis</strong></span> <span class='ocrx_word' id='word_1_318' title='bbox 1304 3452 1604 3508; x_wconf 86' lang='lat' dir='ltr'><strong>doctrinam</strong></span> <span class='ocrx_word' id='word_1_319' title='bbox 1633 3451 1855 3523; x_wconf 67' lang='lat' dir='ltr'><strong>populos</strong></span> 
     </span>
    </p>
   </div>
   <div class='ocr_carea' id='block_1_50' title="bbox 374 3582 1643 3654">
    <p class='ocr_par' dir='ltr' id='par_1_50' title="bbox 374 3582 1643 3654">
     <span class='ocr_line' id='line_1_52' title="bbox 374 3582 1643 3654; baseline 0.001 -18"><span class='ocrx_word' id='word_1_320' title='bbox 374 3582 429 3654; x_wconf 77' lang='grc' dir='ltr'><strong>ᾳ)</strong></span> <span class='ocrx_word' id='word_1_321' title='bbox 470 3582 673 3654; x_wconf 69' lang='grc' dir='ltr'><strong>Ῑὴεοά.</strong></span> <span class='ocrx_word' id='word_1_322' title='bbox 702 3583 1001 3654; x_wconf 70' lang='lat' dir='ltr'><strong>Aureliam,</strong></span> <span class='ocrx_word' id='word_1_323' title='bbox 1027 3584 1295 3640; x_wconf 69' lang='lat' dir='ltr'><strong>Partenes.</strong></span> <span class='ocrx_word' id='word_1_324' title='bbox 1326 3585 1392 3639; x_wconf 88' lang='lat' dir='ltr'><strong>ad</strong></span> <span class='ocrx_word' id='word_1_325' title='bbox 1412 3586 1643 3654; x_wconf 82' lang='lat' dir='ltr'><strong>judiccs.</strong></span> 
     </span>
    </p>
   </div>
   <div class='ocr_carea' id='block_1_51' title="bbox 352 3582 891 3793">
    <p class='ocr_par' dir='ltr' id='par_1_51' title="bbox 352 3582 891 3793">
     <span class='ocr_line' id='line_1_53' title="bbox 374 3582 891 3637; baseline 0.006 -3"><span class='ocrx_word' id='word_1_326' title='bbox 374 3600 406 3634; x_wconf 85' lang='grc' dir='ltr'><em>α</em></span> <span class='ocrx_word' id='word_1_327' title='bbox 471 3582 673 3637; x_wconf 85' lang='lat' dir='ltr'><strong>Theod.</strong></span> <span class='ocrx_word' id='word_1_328' title='bbox 702 3583 891 3637; x_wconf 76' lang='lat' dir='ltr'><strong>Aureli:</strong></span> 
     </span>
     <span class='ocr_line' id='line_1_54' title="bbox 352 3582 891 3793; baseline 0.006 -89"><span class='ocrx_word' id='word_1_329' title='bbox 352 3582 429 3793; x_wconf 56' lang='grc' dir='ltr'><strong>ἓὸξ</strong></span> <span class='ocrx_word' id='word_1_330' title='bbox 467 3652 579 3722; x_wconf 81' lang='lat' dir='ltr'><strong>Ugo</strong></span> <span class='ocrx_word' id='word_1_331' title='bbox 608 3654 659 3707; x_wconf 90' lang='lat' dir='ltr'><strong>in</strong></span> <span class='ocrx_word' id='word_1_332' title='bbox 689 3653 891 3707; x_wconf 85' lang='lat' dir='ltr'><strong>Chron.</strong></span> 
     </span>
     <span class='ocr_line' id='line_1_55' title="bbox 371 3722 875 3793; baseline 0.004 -20"><span class='ocrx_word' id='word_1_333' title='bbox 371 3738 403 3773; x_wconf 71' lang='grc' dir='ltr'><em>ι</em></span> <span class='ocrx_word' id='word_1_334' title='bbox 463 3722 599 3787; x_wconf 77' lang='lat' dir='ltr'><strong>Ado,</strong></span> <span class='ocrx_word' id='word_1_335' title='bbox 632 3722 875 3793; x_wconf 79' lang='lat' dir='ltr'><strong>Martyr.,</strong></span> 
     </span>
    </p>
   </div>
   <div class='ocr_carea' id='block_1_52' title="bbox 371 3721 1437 3793">
    <p class='ocr_par' dir='ltr' id='par_1_52' title="bbox 371 3721 1437 3793">
     <span class='ocr_line' id='line_1_56' title="bbox 371 3721 1437 3793; baseline 0.003 -20"><span class='ocrx_word' id='word_1_336' title='bbox 371 3721 424 3793; x_wconf 68' lang='grc' dir='ltr'><strong>ί)</strong></span> <span class='ocrx_word' id='word_1_337' title='bbox 463 3721 599 3787; x_wconf 77' lang='lat' dir='ltr'><strong>Ado,</strong></span> <span class='ocrx_word' id='word_1_338' title='bbox 632 3722 875 3793; x_wconf 79' lang='lat' dir='ltr'><strong>Martyr.,</strong></span> <span class='ocrx_word' id='word_1_339' title='bbox 906 3738 1039 3776; x_wconf 78' lang='lat' dir='ltr'><strong>xvm</strong></span> <span class='ocrx_word' id='word_1_340' title='bbox 1067 3721 1184 3776; x_wconf 81' lang='lat' dir='ltr'><strong>Kal.</strong></span> <span class='ocrx_word' id='word_1_341' title='bbox 1219 3722 1437 3778; x_wconf 82' lang='lat' dir='ltr'><strong>Octobr.</strong></span> 
     </span>
    </p>
   </div>
   <div class='ocr_carea' id='block_1_53' title="bbox 1959 3106 3539 3183">
    <p class='ocr_par' dir='ltr' id='par_1_53' title="bbox 1959 3106 3539 3183">
     <span class='ocr_line' id='line_1_57' title="bbox 1959 3106 3539 3183; baseline 0.003 -22"><span class='ocrx_word' id='word_1_342' title='bbox 1959 3106 2316 3183; x_wconf 72' lang='lat' dir='ltr'><strong>Mabillonius,</strong></span> <span class='ocrx_word' id='word_1_343' title='bbox 2341 3125 2372 3163; x_wconf 87' lang='lat' dir='ltr'><strong>a</strong></span> <span class='ocrx_word' id='word_1_344' title='bbox 2401 3126 2508 3183; x_wconf 81' lang='lat' dir='ltr'><strong>quo</strong></span> <span class='ocrx_word' id='word_1_345' title='bbox 2537 3106 2598 3165; x_wconf 69' lang='lat' dir='ltr'><strong>ct</strong></span> <span class='ocrx_word' id='word_1_346' title='bbox 2634 3126 2732 3167; x_wconf 91' lang='lat' dir='ltr'><strong>nos</strong></span> <span class='ocrx_word' id='word_1_347' title='bbox 2772 3114 3096 3183; x_wconf 87' lang='lat' dir='ltr'><strong>accepimus.</strong></span> <span class='ocrx_word' id='word_1_348' title='bbox 3127 3106 3394 3183; x_wconf 66' lang='lat' dir='ltr'><strong>Praeterea</strong></span> <span class='ocrx_word' id='word_1_349' title='bbox 3425 3113 3539 3183; x_wconf 85' lang='lat' dir='ltr'><strong>epi-</strong></span> 
     </span>
    </p>
   </div>
   <div class='ocr_carea' id='block_1_54' title="bbox 1959 3131 3539 3259">
    <p class='ocr_par' dir='ltr' id='par_1_54' title="bbox 1959 3131 3539 3259">
     <span class='ocr_line' id='line_1_58' title="bbox 1960 3131 3539 3183; baseline 0.003 -22"><span class='ocrx_word' id='word_1_350' title='bbox 1960 3131 2316 3176; x_wconf 80' lang='lat' dir='ltr'><strong>mauutumus,</strong></span> <span class='ocrx_word' id='word_1_351' title='bbox 2341 3131 2372 3163; x_wconf 84' lang='lat' dir='ltr'><strong>a</strong></span> <span class='ocrx_word' id='word_1_352' title='bbox 2401 3131 2508 3181; x_wconf 87' lang='lat' dir='ltr'><strong>quo</strong></span> <span class='ocrx_word' id='word_1_353' title='bbox 2543 3131 2598 3165; x_wconf 78' lang='lat' dir='ltr'><strong>Cl</strong></span> <span class='ocrx_word' id='word_1_354' title='bbox 2634 3131 2732 3167; x_wconf 88' lang='lat' dir='ltr'><strong>nos</strong></span> <span class='ocrx_word' id='word_1_355' title='bbox 2772 3131 2899 3167; x_wconf 72' lang='lat'><strong>3008</strong></span> <span class='ocrx_word' id='word_1_356' title='bbox 2937 3131 3096 3169; x_wconf 81' lang='lat' dir='ltr'><strong>unus.</strong></span> <span class='ocrx_word' id='word_1_357' title='bbox 3128 3131 3394 3168; x_wconf 66' lang='lat' dir='ltr'><strong>rrwterea</strong></span> <span class='ocrx_word' id='word_1_358' title='bbox 3425 3131 3539 3183; x_wconf 85' lang='lat' dir='ltr'><strong>ept-</strong></span> 
     </span>
     <span class='ocr_line' id='line_1_59' title="bbox 1959 3131 3539 3259; baseline 0.002 -27"><span class='ocrx_word' id='word_1_359' title='bbox 1959 3178 2108 3259; x_wconf 65' lang='lat' dir='ltr'><strong>stola;</strong></span> <span class='ocrx_word' id='word_1_360' title='bbox 2136 3178 2255 3259; x_wconf 63' lang='lat' dir='ltr'><strong>dum</strong></span> <span class='ocrx_word' id='word_1_361' title='bbox 2272 3220 2288 3244; x_wconf 93' lang='lat'><strong>,</strong></span> <span class='ocrx_word' id='word_1_362' title='bbox 2316 3195 2435 3250; x_wconf 72' lang='lat' dir='ltr'><strong>qua:</strong></span> <span class='ocrx_word' id='word_1_363' title='bbox 2462 3180 2713 3259; x_wconf 67' lang='lat' dir='ltr'><strong>leguntur</strong></span> <span class='ocrx_word' id='word_1_364' title='bbox 2752 3183 2820 3236; x_wconf 88' lang='lat' dir='ltr'><strong>ad</strong></span> <span class='ocrx_word' id='word_1_365' title='bbox 2844 3131 3047 3259; x_wconf 34' lang='lat' dir='ltr'><strong>caicem</strong></span> <span class='ocrx_word' id='word_1_366' title='bbox 3074 3182 3343 3259; x_wconf 50' lang='lat' dir='ltr'><strong>Agabardi</strong></span> <span class='ocrx_word' id='word_1_367' title='bbox 3376 3182 3539 3259; x_wconf 70' lang='lat' dir='ltr'><strong>llalu-</strong></span> 
     </span>
    </p>
   </div>
   <div class='ocr_carea' id='block_1_55' title="bbox 1958 3248 3534 3319">
    <p class='ocr_par' dir='ltr' id='par_1_55' title="bbox 1958 3248 3534 3319">
     <span class='ocr_line' id='line_1_60' title="bbox 1958 3248 3534 3319; baseline 0.001 -18"><span class='ocrx_word' id='word_1_368' title='bbox 1958 3248 2121 3319; x_wconf 65' lang='lat' dir='ltr'><strong>aiaui.</strong></span> <span class='ocrx_word' id='word_1_369' title='bbox 2157 3248 2453 3319; x_wconf 84' lang='lat' dir='ltr'><strong>Utramque</strong></span> <span class='ocrx_word' id='word_1_370' title='bbox 2476 3248 2544 3305; x_wconf 71' lang='lat' dir='ltr'><strong>ei</strong></span> <span class='ocrx_word' id='word_1_371' title='bbox 2575 3251 2667 3305; x_wconf 88' lang='lat' dir='ltr'><strong>illo</strong></span> <span class='ocrx_word' id='word_1_372' title='bbox 2697 3266 2797 3306; x_wconf 90' lang='lat' dir='ltr'><strong>nos</strong></span> <span class='ocrx_word' id='word_1_373' title='bbox 2820 3248 3180 3308; x_wconf 64' lang='lat' dir='ltr'><strong>recudendain</strong></span> <span class='ocrx_word' id='word_1_374' title='bbox 3206 3251 3534 3306; x_wconf 83' lang='lat' dir='ltr'><strong>curavimus.</strong></span> 
     </span>
    </p>
   </div>
   <div class='ocr_carea' id='block_1_56' title="bbox 1958 3317 3539 3391">
    <p class='ocr_par' dir='ltr' id='par_1_56' title="bbox 1958 3317 3539 3391">
     <span class='ocr_line' id='line_1_61' title="bbox 1958 3317 3539 3391; baseline 0.003 -21"><span class='ocrx_word' id='word_1_375' title='bbox 1958 3317 2137 3391; x_wconf 70' lang='lat' dir='ltr'><strong>Yixin</strong></span> <span class='ocrx_word' id='word_1_376' title='bbox 2169 3317 2497 3391; x_wconf 71' lang='lat' dir='ltr'><strong>monasterio</strong></span> <span class='ocrx_word' id='word_1_377' title='bbox 2525 3320 2896 3391; x_wconf 81' lang='lat' dir='ltr'><strong>Suessioncnsi</strong></span> <span class='ocrx_word' id='word_1_378' title='bbox 2927 3337 3128 3377; x_wconf 89' lang='lat' dir='ltr'><strong>annum</strong></span> <span class='ocrx_word' id='word_1_379' title='bbox 3152 3321 3387 3391; x_wconf 78' lang='lat' dir='ltr'><strong>explevit</strong></span> <span class='ocrx_word' id='word_1_380' title='bbox 3413 3319 3539 3376; x_wconf 88' lang='lat' dir='ltr'><strong>Lei-</strong></span> 
     </span>
    </p>
   </div>
   <div class='ocr_carea' id='block_1_57' title="bbox 1959 3388 2901 3461">
    <p class='ocr_par' dir='ltr' id='par_1_57' title="bbox 1959 3388 2901 3461">
     <span class='ocr_line' id='line_1_62' title="bbox 1959 3388 2901 3461; baseline 0.004 -20"><span class='ocrx_word' id='word_1_381' title='bbox 1959 3388 2179 3454; x_wconf 84' lang='lat' dir='ltr'><strong>dradus,</strong></span> <span class='ocrx_word' id='word_1_382' title='bbox 2208 3390 2389 3461; x_wconf 86' lang='lat' dir='ltr'><strong>ibique</strong></span> <span class='ocrx_word' id='word_1_383' title='bbox 2416 3390 2525 3445; x_wconf 89' lang='lat' dir='ltr'><strong>vita</strong></span> <span class='ocrx_word' id='word_1_384' title='bbox 2554 3399 2638 3445; x_wconf 90' lang='lat' dir='ltr'><strong>cst</strong></span> <span class='ocrx_word' id='word_1_385' title='bbox 2665 3389 2901 3447; x_wconf 88' lang='lat' dir='ltr'><strong>functus.</strong></span> 
     </span>
    </p>
   </div>
   <div class='ocr_carea' id='block_1_58' title="bbox 2035 3588 2937 3659">
    <p class='ocr_par' dir='ltr' id='par_1_58' title="bbox 2035 3588 2937 3659">
     <span class='ocr_line' id='line_1_63' title="bbox 2035 3588 2937 3659; baseline -0.003 -15"><span class='ocrx_word' id='word_1_386' title='bbox 2035 3590 2111 3659; x_wconf 75' lang='grc' dir='ltr'><strong>(ά)</strong></span> <span class='ocrx_word' id='word_1_387' title='bbox 2149 3588 2347 3642; x_wconf 82' lang='lat' dir='ltr'><strong>Confer</strong></span> <span class='ocrx_word' id='word_1_388' title='bbox 2371 3588 2485 3659; x_wconf 81' lang='lat' dir='ltr'><strong>ejus</strong></span> <span class='ocrx_word' id='word_1_389' title='bbox 2509 3592 2666 3659; x_wconf 77' lang='lat' dir='ltr'><strong>epist.</strong></span> <span class='ocrx_word' id='word_1_390' title='bbox 2704 3590 2749 3649; x_wconf 87' lang='lat' dir='ltr'><strong>l,</strong></span> <span class='ocrx_word' id='word_1_391' title='bbox 2781 3588 2937 3642; x_wconf 76' lang='lat' dir='ltr'><strong>infra.</strong></span> 
     </span>
    </p>
   </div>
   <div class='ocr_carea' id='block_1_59' title="bbox 2035 3657 2741 3730">
    <p class='ocr_par' dir='ltr' id='par_1_59' title="bbox 2035 3657 2741 3730">
     <span class='ocr_line' id='line_1_64' title="bbox 2035 3657 2741 3730; baseline -0.004 -17"><span class='ocrx_word' id='word_1_392' title='bbox 2035 3657 2104 3730; x_wconf 86' lang='lat' dir='ltr'><strong>(e)</strong></span> <span class='ocrx_word' id='word_1_393' title='bbox 2140 3659 2255 3712; x_wconf 81' lang='lat' dir='ltr'><strong>Ado</strong></span> <span class='ocrx_word' id='word_1_394' title='bbox 2281 3668 2332 3712; x_wconf 86' lang='lat' dir='ltr'><strong>et</strong></span> <span class='ocrx_word' id='word_1_395' title='bbox 2360 3657 2492 3728; x_wconf 79' lang='lat' dir='ltr'><strong>Ugo,</strong></span> <span class='ocrx_word' id='word_1_396' title='bbox 2525 3657 2621 3712; x_wconf 75' lang='lat' dir='ltr'><strong>lue.</strong></span> <span class='ocrx_word' id='word_1_397' title='bbox 2649 3660 2741 3712; x_wconf 89' lang='lat' dir='ltr'><strong>cit.</strong></span> 
     </span>
    </p>
   </div>
   <div class='ocr_carea' id='block_1_60' title="bbox 1442 3981 2336 4097">
    <p class='ocr_par' dir='ltr' id='par_1_60' title="bbox 1442 3981 2336 4097">
     <span class='ocr_line' id='line_1_65' title="bbox 1442 3981 2336 4097; baseline 0.006 -5"><span class='ocrx_word' id='word_1_398' title='bbox 1442 3981 2336 4097; x_wconf 68' lang='lat' dir='ltr'><strong>LEIDRADI</strong></span> 
     </span>
    </p>
   </div>
   <div class='ocr_carea' id='block_1_61' title="bbox 534 4196 3293 4336">
    <p class='ocr_par' dir='ltr' id='par_1_61' title="bbox 534 4196 3293 4336">
     <span class='ocr_line' id='line_1_66' title="bbox 534 4196 3293 4336; baseline -0.003 -3"><span class='ocrx_word' id='word_1_399' title='bbox 534 4210 997 4336; x_wconf 81' lang='lat' dir='ltr'><strong>LIBER</strong></span> <span class='ocrx_word' id='word_1_400' title='bbox 1088 4210 1285 4333; x_wconf 91' lang='lat' dir='ltr'><strong>DE</strong></span> <span class='ocrx_word' id='word_1_401' title='bbox 1391 4202 2455 4333; x_wconf 80' lang='lat' dir='ltr'><strong>SACBAMENTO</strong></span> <span class='ocrx_word' id='word_1_402' title='bbox 2551 4201 3293 4329; x_wconf 88' lang='lat' dir='ltr'><strong>BAPTISMI</strong></span> 
     </span>
    </p>
   </div>
   <div class='ocr_carea' id='block_1_62' title="bbox 1238 4411 2590 4473">
    <p class='ocr_par' dir='ltr' id='par_1_62' title="bbox 1238 4411 2590 4473">
     <span class='ocr_line' id='line_1_67' title="bbox 1238 4411 2590 4473; baseline -0.005 -1"><span class='ocrx_word' id='word_1_403' title='bbox 1238 4418 1329 4472; x_wconf 77' lang='lat' dir='ltr'><strong>AD</strong></span> <span class='ocrx_word' id='word_1_404' title='bbox 1367 4414 1698 4473; x_wconf 77' lang='lat' dir='ltr'><strong>CAROLUM</strong></span> <span class='ocrx_word' id='word_1_405' title='bbox 1736 4412 2033 4470; x_wconf 80' lang='lat' dir='ltr'><strong>MAGNUM</strong></span> <span class='ocrx_word' id='word_1_406' title='bbox 2071 4411 2590 4469; x_wconf 75' lang='lat' dir='ltr'><strong>IMPERATOREM.</strong></span> 
     </span>
    </p>
   </div>
   <div class='ocr_carea' id='block_1_63' title="bbox 351 4634 3544 4712">
    <p class='ocr_par' dir='ltr' id='par_1_63' title="bbox 351 4634 3544 4712">
     <span class='ocr_line' id='line_1_68' title="bbox 351 4634 3544 4712; baseline 0 -19"><span class='ocrx_word' id='word_1_407' title='bbox 351 4636 580 4693; x_wconf 88' lang='lat' dir='ltr'><strong>Domino</strong></span> <span class='ocrx_word' id='word_1_408' title='bbox 625 4636 1083 4692; x_wconf 88' lang='lat' dir='ltr'><strong>Christianissimo</strong></span> <span class='ocrx_word' id='word_1_409' title='bbox 1118 4634 1184 4691; x_wconf 79' lang='grc' dir='ltr'><strong>ὀι</strong></span> <span class='ocrx_word' id='word_1_410' title='bbox 1238 4638 1625 4707; x_wconf 83' lang='lat' dir='ltr'><strong>gloriosissimo</strong></span> <span class='ocrx_word' id='word_1_411' title='bbox 1668 4639 1862 4695; x_wconf 85' lang='lat' dir='ltr'><strong>Carolo</strong></span> <span class='ocrx_word' id='word_1_412' title='bbox 1890 4651 1938 4712; x_wconf 70' lang='grc' dir='ltr'><strong>ς</strong></span> <span class='ocrx_word' id='word_1_413' title='bbox 1967 4639 2164 4710; x_wconf 76' lang='lat' dir='ltr'><strong>ingenii</strong></span> <span class='ocrx_word' id='word_1_414' title='bbox 2192 4646 2462 4711; x_wconf 79' lang='lat' dir='ltr'><strong>angustat,</strong></span> <span class='ocrx_word' id='word_1_415' title='bbox 2500 4649 2557 4692; x_wconf 86' lang='lat' dir='ltr'><strong>et</strong></span> <span class='ocrx_word' id='word_1_416' title='bbox 2592 4636 2899 4708; x_wconf 78' lang='lat' dir='ltr'><strong>magnitudo</strong></span> <span class='ocrx_word' id='word_1_417' title='bbox 2944 4636 3019 4690; x_wconf 90' lang='lat' dir='ltr'><strong>rei</strong></span> <span class='ocrx_word' id='word_1_418' title='bbox 3069 4635 3139 4689; x_wconf 84' lang='lat' dir='ltr'><strong>ita</strong></span> <span class='ocrx_word' id='word_1_419' title='bbox 3179 4637 3454 4706; x_wconf 86' lang='lat' dir='ltr'><strong>opprimit,</strong></span> <span class='ocrx_word' id='word_1_420' title='bbox 3485 4647 3544 4693; x_wconf 87' lang='lat' dir='ltr'><strong>ut</strong></span> 
     </span>
    </p>
   </div>
   <div class='ocr_carea' id='block_1_64' title="bbox 282 4724 1247 4799">
    <p class='ocr_par' dir='ltr' id='par_1_64' title="bbox 282 4724 1247 4799">
     <span class='ocr_line' id='line_1_69' title="bbox 282 4724 1247 4799; baseline -0.002 -17"><span class='ocrx_word' id='word_1_421' title='bbox 282 4727 617 4799; x_wconf 87' lang='lat' dir='ltr'><strong>imperatori,</strong></span> <span class='ocrx_word' id='word_1_422' title='bbox 650 4724 980 4792; x_wconf 86' lang='lat' dir='ltr'><strong>felicissimo,</strong></span> <span class='ocrx_word' id='word_1_423' title='bbox 1002 4735 1247 4798; x_wconf 86' lang='lat' dir='ltr'><strong>augusto.</strong></span> 
     </span>
    </p>
   </div>
   <div class='ocr_carea' id='block_1_65' title="bbox 352 4814 1857 4890">
    <p class='ocr_par' dir='ltr' id='par_1_65' title="bbox 352 4814 1857 4890">
     <span class='ocr_line' id='line_1_70' title="bbox 352 4814 1857 4890; baseline 0.001 -21"><span class='ocrx_word' id='word_1_424' title='bbox 352 4816 655 4884; x_wconf 70' lang='lat' dir='ltr'><strong>Prtecipere</strong></span> <span class='ocrx_word' id='word_1_425' title='bbox 682 4828 705 4855; x_wconf 73' lang='grc' dir='ltr'><strong><em>ο</em></strong></span> <span class='ocrx_word' id='word_1_426' title='bbox 740 4814 893 4869; x_wconf 88' lang='lat' dir='ltr'><strong>nobis</strong></span> <span class='ocrx_word' id='word_1_427' title='bbox 920 4814 1122 4887; x_wconf 85' lang='lat' dir='ltr'><strong>dignati</strong></span> <span class='ocrx_word' id='word_1_428' title='bbox 1151 4815 1310 4881; x_wconf 90' lang='lat' dir='ltr'><strong>estis,</strong></span> <span class='ocrx_word' id='word_1_429' title='bbox 1334 4823 1393 4870; x_wconf 90' lang='lat' dir='ltr'><strong>ut</strong></span> <span class='ocrx_word' id='word_1_430' title='bbox 1419 4824 1513 4870; x_wconf 86' lang='lat' dir='ltr'><strong>aut</strong></span> <span class='ocrx_word' id='word_1_431' title='bbox 1550 4832 1647 4886; x_wconf 88' lang='lat' dir='ltr'><strong>per</strong></span> <span class='ocrx_word' id='word_1_432' title='bbox 1661 4827 1857 4890; x_wconf 66' lang='lat' dir='ltr'><strong>nostra</strong></span> 
     </span>
    </p>
   </div>
   <div class='ocr_carea' id='block_1_66' title="bbox 283 4892 1863 4977">
    <p class='ocr_par' dir='ltr' id='par_1_66' title="bbox 283 4892 1863 4977">
     <span class='ocr_line' id='line_1_71' title="bbox 283 4892 1863 4977; baseline 0.001 -15"><span class='ocrx_word' id='word_1_433' title='bbox 283 4906 488 4977; x_wconf 86' lang='lat' dir='ltr'><strong>scripta</strong></span> <span class='ocrx_word' id='word_1_434' title='bbox 515 4914 606 4959; x_wconf 82' lang='lat' dir='ltr'><strong>aut</strong></span> <span class='ocrx_word' id='word_1_435' title='bbox 632 4921 730 4976; x_wconf 86' lang='lat' dir='ltr'><strong>per</strong></span> <span class='ocrx_word' id='word_1_436' title='bbox 754 4921 851 4961; x_wconf 91' lang='lat' dir='ltr'><strong>nos</strong></span> <span class='ocrx_word' id='word_1_437' title='bbox 879 4908 1023 4976; x_wconf 88' lang='lat' dir='ltr'><strong>ipsos</strong></span> <span class='ocrx_word' id='word_1_438' title='bbox 1049 4892 1401 4976; x_wconf 73' lang='lat' dir='ltr'><strong>cognoscatis,</strong></span> <span class='ocrx_word' id='word_1_439' title='bbox 1428 4906 1662 4977; x_wconf 87' lang='lat' dir='ltr'><strong>qualiter</strong></span> <span class='ocrx_word' id='word_1_440' title='bbox 1683 4922 1782 4963; x_wconf 91' lang='lat' dir='ltr'><strong>nos</strong></span> <span class='ocrx_word' id='word_1_441' title='bbox 1807 4919 1863 4964; x_wconf 88' lang='lat' dir='ltr'><strong>et</strong></span> 
     </span>
    </p>
   </div>
   <div class='ocr_carea' id='block_1_67' title="bbox 282 4995 1862 5065">
    <p class='ocr_par' dir='ltr' id='par_1_67' title="bbox 282 4995 1862 5065">
     <span class='ocr_line' id='line_1_72' title="bbox 282 4995 1862 5065; baseline 0.001 -14"><span class='ocrx_word' id='word_1_442' title='bbox 282 4995 606 5065; x_wconf 80' lang='lat' dir='ltr'><strong>suﬂ&#39;raganei</strong></span> <span class='ocrx_word' id='word_1_443' title='bbox 634 4996 799 5050; x_wconf 88' lang='lat' dir='ltr'><strong>nostri</strong></span> <span class='ocrx_word' id='word_1_444' title='bbox 834 4997 1124 5051; x_wconf 82' lang='lat' dir='ltr'><strong>doceamus</strong></span> <span class='ocrx_word' id='word_1_445' title='bbox 1157 5005 1212 5051; x_wconf 84' lang='lat' dir='ltr'><strong>et</strong></span> <span class='ocrx_word' id='word_1_446' title='bbox 1250 4996 1579 5052; x_wconf 88' lang='lat' dir='ltr'><strong>instruamus</strong></span> <span class='ocrx_word' id='word_1_447' title='bbox 1611 4998 1862 5053; x_wconf 89' lang='lat' dir='ltr'><strong>sacerdo-</strong></span> 
     </span>
    </p>
   </div>
   <div class='ocr_carea' id='block_1_68' title="bbox 282 5085 1861 5158">
    <p class='ocr_par' dir='ltr' id='par_1_68' title="bbox 282 5085 1861 5158">
     <span class='ocr_line' id='line_1_73' title="bbox 282 5085 1861 5158; baseline 0.003 -18"><span class='ocrx_word' id='word_1_448' title='bbox 282 5096 365 5141; x_wconf 81' lang='lat' dir='ltr'><strong>tes</strong></span> <span class='ocrx_word' id='word_1_449' title='bbox 393 5085 510 5148; x_wconf 86' lang='lat' dir='ltr'><strong>Dei,</strong></span> <span class='ocrx_word' id='word_1_450' title='bbox 539 5093 593 5139; x_wconf 87' lang='lat' dir='ltr'><strong>et</strong></span> <span class='ocrx_word' id='word_1_451' title='bbox 630 5086 839 5154; x_wconf 87' lang='lat' dir='ltr'><strong>plebem</strong></span> <span class='ocrx_word' id='word_1_452' title='bbox 866 5086 1020 5142; x_wconf 90' lang='lat' dir='ltr'><strong>nobis</strong></span> <span class='ocrx_word' id='word_1_453' title='bbox 1046 5087 1382 5142; x_wconf 85' lang='lat' dir='ltr'><strong>commissam</strong></span> <span class='ocrx_word' id='word_1_454' title='bbox 1409 5088 1476 5143; x_wconf 90' lang='lat' dir='ltr'><strong>de</strong></span> <span class='ocrx_word' id='word_1_455' title='bbox 1501 5087 1751 5158; x_wconf 87' lang='lat' dir='ltr'><strong>baptismi</strong></span> <span class='ocrx_word' id='word_1_456' title='bbox 1775 5105 1861 5144; x_wconf 87' lang='lat' dir='ltr'><strong>sa-</strong></span> 
     </span>
    </p>
   </div>
   <div class='ocr_carea' id='block_1_69' title="bbox 282 5179 1865 5248">
    <p class='ocr_par' dir='ltr' id='par_1_69' title="bbox 282 5179 1865 5248">
     <span class='ocr_line' id='line_1_74' title="bbox 282 5179 1865 5248; baseline 0.003 -18"><span class='ocrx_word' id='word_1_457' title='bbox 282 5185 584 5241; x_wconf 83' lang='lat' dir='ltr'><strong>cramento,</strong></span> <span class='ocrx_word' id='word_1_458' title='bbox 616 5186 670 5233; x_wconf 87' lang='lat' dir='ltr'><strong>et</strong></span> <span class='ocrx_word' id='word_1_459' title='bbox 693 5180 903 5233; x_wconf 72' lang='lat' dir='ltr'><strong>caeteris</strong></span> <span class='ocrx_word' id='word_1_460' title='bbox 926 5193 1044 5247; x_wconf 77' lang='lat' dir='ltr'><strong>qua:</strong></span> <span class='ocrx_word' id='word_1_461' title='bbox 1070 5179 1213 5234; x_wconf 86' lang='lat' dir='ltr'><strong>circa</strong></span> <span class='ocrx_word' id='word_1_462' title='bbox 1236 5180 1560 5248; x_wconf 87' lang='lat' dir='ltr'><strong>baptismum</strong></span> <span class='ocrx_word' id='word_1_463' title='bbox 1589 5180 1865 5235; x_wconf 86' lang='lat' dir='ltr'><strong>celebran-</strong></span> 
     </span>
    </p>
   </div>
   <div class='ocr_carea' id='block_1_70' title="bbox 285 5268 1864 5339">
    <p class='ocr_par' dir='ltr' id='par_1_70' title="bbox 285 5268 1864 5339">
     <span class='ocr_line' id='line_1_75' title="bbox 285 5268 1864 5339; baseline 0.003 -19"><span class='ocrx_word' id='word_1_464' title='bbox 285 5276 393 5321; x_wconf 84' lang='lat' dir='ltr'><strong>tur.</strong></span> <span class='ocrx_word' id='word_1_465' title='bbox 427 5268 627 5324; x_wconf 85' lang='lat' dir='ltr'><strong>Deinde</strong></span> <span class='ocrx_word' id='word_1_466' title='bbox 671 5269 717 5322; x_wconf 91' lang='lat' dir='ltr'><strong>si</strong></span> <span class='ocrx_word' id='word_1_467' title='bbox 760 5268 814 5322; x_wconf 91' lang='lat' dir='ltr'><strong>in</strong></span> <span class='ocrx_word' id='word_1_468' title='bbox 860 5269 963 5323; x_wconf 87' lang='lat' dir='ltr'><strong>hoc</strong></span> <span class='ocrx_word' id='word_1_469' title='bbox 1004 5268 1143 5339; x_wconf 91' lang='lat' dir='ltr'><strong>quod</strong></span> <span class='ocrx_word' id='word_1_470' title='bbox 1182 5268 1555 5338; x_wconf 75' lang='lat' dir='ltr'><strong>pmdicamus,</strong></span> <span class='ocrx_word' id='word_1_471' title='bbox 1588 5284 1685 5324; x_wconf 91' lang='lat' dir='ltr'><strong>nos</strong></span> <span class='ocrx_word' id='word_1_472' title='bbox 1721 5270 1864 5339; x_wconf 90' lang='lat' dir='ltr'><strong>ipsos</strong></span> 
     </span>
    </p>
   </div>
   <div class='ocr_carea' id='block_1_71' title="bbox 282 5359 1859 5427">
    <p class='ocr_par' dir='ltr' id='par_1_71' title="bbox 282 5359 1859 5427">
     <span class='ocr_line' id='line_1_76' title="bbox 282 5359 1859 5427; baseline 0.001 -15"><span class='ocrx_word' id='word_1_473' title='bbox 282 5359 673 5415; x_wconf 87' lang='lat' dir='ltr'><strong>custodiamus.</strong></span> <span class='ocrx_word' id='word_1_474' title='bbox 694 5360 824 5427; x_wconf 73' lang='lat' dir='ltr'><strong>Qua:</strong></span> <span class='ocrx_word' id='word_1_475' title='bbox 847 5361 1189 5415; x_wconf 83' lang='lat' dir='ltr'><strong>omniasicut</strong></span> <span class='ocrx_word' id='word_1_476' title='bbox 1206 5359 1435 5415; x_wconf 87' lang='lat' dir='ltr'><strong>dilllcilia</strong></span> <span class='ocrx_word' id='word_1_477' title='bbox 1462 5367 1587 5415; x_wconf 89' lang='lat' dir='ltr'><strong>sunt</strong></span> <span class='ocrx_word' id='word_1_478' title='bbox 1610 5368 1665 5414; x_wconf 89' lang='lat' dir='ltr'><strong>et</strong></span> <span class='ocrx_word' id='word_1_479' title='bbox 1694 5361 1859 5414; x_wconf 85' lang='lat' dir='ltr'><strong>ardua</strong></span> 
     </span>
    </p>
   </div>
   <div class='ocr_carea' id='block_1_72' title="bbox 288 5449 1859 5522">
    <p class='ocr_par' dir='ltr' id='par_1_72' title="bbox 288 5449 1859 5522">
     <span class='ocr_line' id='line_1_77' title="bbox 288 5449 1859 5522; baseline 0.001 -20"><span class='ocrx_word' id='word_1_480' title='bbox 288 5449 355 5502; x_wconf 80' lang='lat' dir='ltr'><strong>ad</strong></span> <span class='ocrx_word' id='word_1_481' title='bbox 393 5451 823 5522; x_wconf 86' lang='lat' dir='ltr'><strong>cognoscendum</strong></span> <span class='ocrx_word' id='word_1_482' title='bbox 846 5490 859 5513; x_wconf 92' lang='lat'><strong>,</strong></span> <span class='ocrx_word' id='word_1_483' title='bbox 893 5452 966 5505; x_wconf 85' lang='lat' dir='ltr'><strong>ita</strong></span> <span class='ocrx_word' id='word_1_484' title='bbox 993 5464 1203 5519; x_wconf 90' lang='lat' dir='ltr'><strong>quoque</strong></span> <span class='ocrx_word' id='word_1_485' title='bbox 1242 5450 1495 5520; x_wconf 82' lang='lat' dir='ltr'><strong>perplexa</strong></span> <span class='ocrx_word' id='word_1_486' title='bbox 1523 5456 1579 5505; x_wconf 87' lang='lat' dir='ltr'><strong>et</strong></span> <span class='ocrx_word' id='word_1_487' title='bbox 1606 5450 1859 5506; x_wconf 84' lang='lat' dir='ltr'><strong>laciniosa</strong></span> 
     </span>
    </p>
   </div>
   <div class='ocr_carea' id='block_1_73' title="bbox 288 5541 1864 5613">
    <p class='ocr_par' dir='ltr' id='par_1_73' title="bbox 288 5541 1864 5613">
     <span class='ocr_line' id='line_1_78' title="bbox 288 5541 1864 5613; baseline 0.003 -22"><span class='ocrx_word' id='word_1_488' title='bbox 288 5541 355 5592; x_wconf 70' lang='lat' dir='ltr'><strong>tul</strong></span> <span class='ocrx_word' id='word_1_489' title='bbox 384 5541 820 5597; x_wconf 85' lang='lat' dir='ltr'><strong>innutcscendum</strong></span> <span class='ocrx_word' id='word_1_490' title='bbox 849 5561 861 5596; x_wconf 87' lang='lat'><strong>:</strong></span> <span class='ocrx_word' id='word_1_491' title='bbox 894 5542 1158 5613; x_wconf 59' lang='lat' dir='ltr'><strong>praecipue</strong></span> <span class='ocrx_word' id='word_1_492' title='bbox 1190 5542 1361 5605; x_wconf 89' lang='lat' dir='ltr'><strong>nobis,</strong></span> <span class='ocrx_word' id='word_1_493' title='bbox 1390 5556 1525 5611; x_wconf 91' lang='lat' dir='ltr'><strong>quos</strong></span> <span class='ocrx_word' id='word_1_494' title='bbox 1553 5550 1606 5597; x_wconf 88' lang='lat' dir='ltr'><strong>et</strong></span> <span class='ocrx_word' id='word_1_495' title='bbox 1634 5542 1864 5596; x_wconf 85' lang='lat' dir='ltr'><strong>tenuitas</strong></span> 
     </span>
    </p>
   </div>
   <div class='ocr_carea' id='block_1_74' title="bbox 1967 4724 3541 4797">
    <p class='ocr_par' dir='ltr' id='par_1_74' title="bbox 1967 4724 3541 4797">
     <span class='ocr_line' id='line_1_79' title="bbox 1967 4724 3541 4797; baseline -0.003 -12"><span class='ocrx_word' id='word_1_496' title='bbox 1967 4739 2090 4785; x_wconf 89' lang='lat' dir='ltr'><strong>ante</strong></span> <span class='ocrx_word' id='word_1_497' title='bbox 2115 4729 2377 4785; x_wconf 90' lang='lat' dir='ltr'><strong>ruendum</strong></span> <span class='ocrx_word' id='word_1_498' title='bbox 2405 4729 2475 4783; x_wconf 89' lang='lat' dir='ltr'><strong>sit</strong></span> <span class='ocrx_word' id='word_1_499' title='bbox 2495 4743 2655 4797; x_wconf 91' lang='lat' dir='ltr'><strong>quam</strong></span> <span class='ocrx_word' id='word_1_500' title='bbox 2686 4725 2987 4781; x_wconf 88' lang='lat' dir='ltr'><strong>levandum.</strong></span> <span class='ocrx_word' id='word_1_501' title='bbox 3026 4724 3133 4780; x_wconf 89' lang='lat' dir='ltr'><strong>Sed</strong></span> <span class='ocrx_word' id='word_1_502' title='bbox 3159 4726 3286 4796; x_wconf 89' lang='lat' dir='ltr'><strong>quia</strong></span> <span class='ocrx_word' id='word_1_503' title='bbox 3315 4725 3406 4782; x_wconf 89' lang='lat' dir='ltr'><strong>ille</strong></span> <span class='ocrx_word' id='word_1_504' title='bbox 3420 4724 3541 4794; x_wconf 80' lang='lat' dir='ltr'><strong>jus-</strong></span> 
     </span>
    </p>
   </div>
   <div class='ocr_carea' id='block_1_75' title="bbox 1966 4816 3542 4890">
    <p class='ocr_par' dir='ltr' id='par_1_75' title="bbox 1966 4816 3542 4890">
     <span class='ocr_line' id='line_1_80' title="bbox 1966 4816 3542 4890; baseline -0.003 -15"><span class='ocrx_word' id='word_1_505' title='bbox 1966 4821 2038 4875; x_wconf 89' lang='lat' dir='ltr'><strong>sit</strong></span> <span class='ocrx_word' id='word_1_506' title='bbox 2063 4821 2152 4890; x_wconf 89' lang='lat' dir='ltr'><strong>qui</strong></span> <span class='ocrx_word' id='word_1_507' title='bbox 2191 4835 2291 4875; x_wconf 90' lang='lat' dir='ltr'><strong>nec</strong></span> <span class='ocrx_word' id='word_1_508' title='bbox 2318 4818 2429 4873; x_wconf 89' lang='lat' dir='ltr'><strong>falli</strong></span> <span class='ocrx_word' id='word_1_509' title='bbox 2452 4826 2629 4887; x_wconf 91' lang='lat' dir='ltr'><strong>potest</strong></span> <span class='ocrx_word' id='word_1_510' title='bbox 2659 4816 3119 4888; x_wconf 85' lang='lat' dir='ltr'><strong>tergiversatione,</strong></span> <span class='ocrx_word' id='word_1_511' title='bbox 3144 4833 3243 4872; x_wconf 86' lang='lat' dir='ltr'><strong>nec</strong></span> <span class='ocrx_word' id='word_1_512' title='bbox 3269 4819 3542 4871; x_wconf 87' lang='lat' dir='ltr'><strong>contemni</strong></span> 
     </span>
    </p>
   </div>
   <div class='ocr_carea' id='block_1_76' title="bbox 1967 4908 3542 4980">
    <p class='ocr_par' dir='ltr' id='par_1_76' title="bbox 1967 4908 3542 4980">
     <span class='ocr_line' id='line_1_81' title="bbox 1967 4908 3542 4980; baseline -0.002 -15"><span class='ocrx_word' id='word_1_513' title='bbox 1967 4910 2207 4977; x_wconf 84' lang='lat' dir='ltr'><strong>silentio,</strong></span> <span class='ocrx_word' id='word_1_514' title='bbox 2227 4908 2642 4980; x_wconf 82' lang='lat' dir='ltr'><strong>aggrediendum</strong></span> <span class='ocrx_word' id='word_1_515' title='bbox 2670 4916 2752 4963; x_wconf 87' lang='lat' dir='ltr'><strong>est</strong></span> <span class='ocrx_word' id='word_1_516' title='bbox 2778 4923 2931 4979; x_wconf 82' lang='lat' dir='ltr'><strong>Opus,</strong></span> <span class='ocrx_word' id='word_1_517' title='bbox 2963 4917 3019 4964; x_wconf 90' lang='lat' dir='ltr'><strong>et</strong></span> <span class='ocrx_word' id='word_1_518' title='bbox 3046 4909 3199 4979; x_wconf 80' lang='lat' dir='ltr'><strong>juxta</strong></span> <span class='ocrx_word' id='word_1_519' title='bbox 3236 4908 3542 4964; x_wconf 81' lang='lat' dir='ltr'><strong>facultatem</strong></span> 
     </span>
    </p>
   </div>
   <div class='ocr_carea' id='block_1_77' title="bbox 1969 4998 3543 5071">
    <p class='ocr_par' dir='ltr' id='par_1_77' title="bbox 1969 4998 3543 5071">
     <span class='ocr_line' id='line_1_82' title="bbox 1969 4998 3543 5071; baseline -0.001 -18"><span class='ocrx_word' id='word_1_520' title='bbox 1969 4999 2159 5053; x_wconf 78' lang='lat' dir='ltr'><strong>virium</strong></span> <span class='ocrx_word' id='word_1_521' title='bbox 2208 5000 2581 5068; x_wconf 76' lang='lat' dir='ltr'><strong>exponendum</strong></span> <span class='ocrx_word' id='word_1_522' title='bbox 2626 4998 2767 5068; x_wconf 89' lang='lat' dir='ltr'><strong>quod</strong></span> <span class='ocrx_word' id='word_1_523' title='bbox 2811 4999 2866 5053; x_wconf 91' lang='lat' dir='ltr'><strong>in</strong></span> <span class='ocrx_word' id='word_1_524' title='bbox 2910 4999 3329 5071; x_wconf 86' lang='lat' dir='ltr'><strong>regenerationis</strong></span> <span class='ocrx_word' id='word_1_525' title='bbox 3364 5013 3543 5053; x_wconf 85' lang='lat' dir='ltr'><strong>sacra—</strong></span> 
     </span>
    </p>
   </div>
   <div class='ocr_carea' id='block_1_78' title="bbox 1969 5089 3543 5160">
    <p class='ocr_par' dir='ltr' id='par_1_78' title="bbox 1969 5089 3543 5160">
     <span class='ocr_line' id='line_1_83' title="bbox 1969 5089 3543 5160; baseline -0.002 -17"><span class='ocrx_word' id='word_1_526' title='bbox 1969 5097 2150 5144; x_wconf 89' lang='lat' dir='ltr'><strong>mento</strong></span> <span class='ocrx_word' id='word_1_527' title='bbox 2177 5090 2504 5160; x_wconf 79' lang='lat' dir='ltr'><strong>percipimus</strong></span> <span class='ocrx_word' id='word_1_528' title='bbox 2542 5090 2849 5144; x_wconf 89' lang='lat' dir='ltr'><strong>tenendum.</strong></span> <span class='ocrx_word' id='word_1_529' title='bbox 2887 5089 3152 5159; x_wconf 80' lang='lat' dir='ltr'><strong>Quidquid</strong></span> <span class='ocrx_word' id='word_1_530' title='bbox 3176 5097 3355 5143; x_wconf 84' lang='lat' dir='ltr'><strong>autem</strong></span> <span class='ocrx_word' id='word_1_531' title='bbox 3386 5102 3543 5142; x_wconf 90' lang='lat' dir='ltr'><strong>secus</strong></span> 
     </span>
    </p>
   </div>
   <div class='ocr_carea' id='block_1_79' title="bbox 1964 5174 3541 5249">
    <p class='ocr_par' dir='ltr' id='par_1_79' title="bbox 1964 5174 3541 5249">
     <span class='ocr_line' id='line_1_84' title="bbox 1964 5174 3541 5249; baseline -0.001 -18"><span class='ocrx_word' id='word_1_532' title='bbox 1964 5193 2123 5248; x_wconf 90' lang='lat' dir='ltr'><strong>quam</strong></span> <span class='ocrx_word' id='word_1_533' title='bbox 2151 5179 2306 5234; x_wconf 87' lang='lat' dir='ltr'><strong>decet</strong></span> <span class='ocrx_word' id='word_1_534' title='bbox 2330 5194 2361 5232; x_wconf 89' lang='lat' dir='ltr'><strong>a</strong></span> <span class='ocrx_word' id='word_1_535' title='bbox 2388 5179 2545 5234; x_wconf 85' lang='lat' dir='ltr'><strong>nobis</strong></span> <span class='ocrx_word' id='word_1_536' title='bbox 2572 5177 2860 5249; x_wconf 84' lang='lat' dir='ltr'><strong>profertur,</strong></span> <span class='ocrx_word' id='word_1_537' title='bbox 2890 5194 2994 5233; x_wconf 93' lang='lat' dir='ltr'><strong>non</strong></span> <span class='ocrx_word' id='word_1_538' title='bbox 3023 5186 3108 5233; x_wconf 87' lang='lat' dir='ltr'><strong>est</strong></span> <span class='ocrx_word' id='word_1_539' title='bbox 3130 5192 3294 5232; x_wconf 87' lang='lat' dir='ltr'><strong>causa</strong></span> <span class='ocrx_word' id='word_1_540' title='bbox 3320 5174 3541 5232; x_wconf 31' lang='lat' dir='ltr'><strong>temeri,</strong></span> 
     </span>
    </p>
   </div>
   <div class='ocr_carea' id='block_1_80' title="bbox 1964 5266 3541 5339">
    <p class='ocr_par' dir='ltr' id='par_1_80' title="bbox 1964 5266 3541 5339">
     <span class='ocr_line' id='line_1_85' title="bbox 1964 5266 3541 5339; baseline -0.002 -16"><span class='ocrx_word' id='word_1_541' title='bbox 1964 5268 2089 5324; x_wconf 89' lang='lat' dir='ltr'><strong>tatis</strong></span> <span class='ocrx_word' id='word_1_542' title='bbox 2107 5309 2121 5334; x_wconf 93' lang='lat'><strong>,</strong></span> <span class='ocrx_word' id='word_1_543' title='bbox 2151 5269 2247 5325; x_wconf 90' lang='lat' dir='ltr'><strong>sed</strong></span> <span class='ocrx_word' id='word_1_544' title='bbox 2275 5270 2576 5325; x_wconf 83' lang='lat' dir='ltr'><strong>timiditatis</strong></span> <span class='ocrx_word' id='word_1_545' title='bbox 2607 5285 2620 5323; x_wconf 90' lang='lat'><strong>:</strong></span> <span class='ocrx_word' id='word_1_546' title='bbox 2649 5270 2774 5339; x_wconf 88' lang='lat' dir='ltr'><strong>quia</strong></span> <span class='ocrx_word' id='word_1_547' title='bbox 2811 5269 2860 5324; x_wconf 92' lang='lat' dir='ltr'><strong>ei</strong></span> <span class='ocrx_word' id='word_1_548' title='bbox 2889 5269 3269 5337; x_wconf 88' lang='lat' dir='ltr'><strong>respondemus</strong></span> <span class='ocrx_word' id='word_1_549' title='bbox 3298 5267 3362 5321; x_wconf 83' lang='lat' dir='ltr'><strong>ad</strong></span> <span class='ocrx_word' id='word_1_550' title='bbox 3388 5266 3541 5336; x_wconf 85' lang='lat' dir='ltr'><strong>cujus</strong></span> 
     </span>
    </p>
   </div>
   <div class='ocr_carea' id='block_1_81' title="bbox 1963 5355 3538 5430">
    <p class='ocr_par' dir='ltr' id='par_1_81' title="bbox 1963 5355 3538 5430">
     <span class='ocr_line' id='line_1_86' title="bbox 1963 5355 3538 5430; baseline -0.003 -16"><span class='ocrx_word' id='word_1_551' title='bbox 1963 5361 2435 5430; x_wconf 82' lang='lat' dir='ltr'><strong>interrogationem</strong></span> <span class='ocrx_word' id='word_1_552' title='bbox 2478 5368 2655 5415; x_wconf 86' lang='lat' dir='ltr'><strong>tacere</strong></span> <span class='ocrx_word' id='word_1_553' title='bbox 2700 5375 2805 5415; x_wconf 91' lang='lat' dir='ltr'><strong>non</strong></span> <span class='ocrx_word' id='word_1_554' title='bbox 2844 5358 3120 5412; x_wconf 83' lang='lat' dir='ltr'><strong>audemus.</strong></span> <span class='ocrx_word' id='word_1_555' title='bbox 3147 5355 3225 5409; x_wconf 90' lang='lat' dir='ltr'><strong>Illi</strong></span> <span class='ocrx_word' id='word_1_556' title='bbox 3256 5356 3538 5412; x_wconf 70' lang='lat' dir='ltr'><strong>scientiam</strong></span> 
     </span>
    </p>
   </div>
   <div class='ocr_carea' id='block_1_82' title="bbox 1963 5446 3541 5519">
    <p class='ocr_par' dir='ltr' id='par_1_82' title="bbox 1963 5446 3541 5519">
     <span class='ocr_line' id='line_1_87' title="bbox 1963 5446 3541 5519; baseline -0.003 -15"><span class='ocrx_word' id='word_1_557' title='bbox 1963 5457 2205 5508; x_wconf 87' lang='lat' dir='ltr'><strong>nostram</strong></span> <span class='ocrx_word' id='word_1_558' title='bbox 2233 5449 2509 5506; x_wconf 86' lang='lat' dir='ltr'><strong>offerimus</strong></span> <span class='ocrx_word' id='word_1_559' title='bbox 2544 5451 2633 5519; x_wconf 91' lang='lat' dir='ltr'><strong>qui</strong></span> <span class='ocrx_word' id='word_1_560' title='bbox 2674 5448 2843 5519; x_wconf 80' lang='lat' dir='ltr'><strong>magis</strong></span> <span class='ocrx_word' id='word_1_561' title='bbox 2878 5446 3007 5502; x_wconf 80' lang='lat' dir='ltr'><strong>solet</strong></span> <span class='ocrx_word' id='word_1_562' title='bbox 3044 5446 3236 5501; x_wconf 87' lang='lat' dir='ltr'><strong>docere</strong></span> <span class='ocrx_word' id='word_1_563' title='bbox 3262 5462 3423 5515; x_wconf 85' lang='lat' dir='ltr'><strong>quam</strong></span> <span class='ocrx_word' id='word_1_564' title='bbox 3456 5461 3541 5500; x_wconf 83' lang='lat' dir='ltr'><strong>re-</strong></span> 
     </span>
    </p>
   </div>
   <div class='ocr_carea' id='block_1_83' title="bbox 1962 5536 3537 5609">
    <p class='ocr_par' dir='ltr' id='par_1_83' title="bbox 1962 5536 3537 5609">
     <span class='ocr_line' id='line_1_88' title="bbox 1962 5536 3537 5609; baseline -0.004 -17"><span class='ocrx_word' id='word_1_565' title='bbox 1962 5541 2295 5609; x_wconf 85' lang='lat' dir='ltr'><strong>prehendere</strong></span> <span class='ocrx_word' id='word_1_566' title='bbox 2317 5581 2329 5603; x_wconf 86' lang='lat'><strong>,</strong></span> <span class='ocrx_word' id='word_1_567' title='bbox 2361 5539 2512 5607; x_wconf 89' lang='lat' dir='ltr'><strong>cujus</strong></span> <span class='ocrx_word' id='word_1_568' title='bbox 2543 5537 2882 5608; x_wconf 77' lang='lat' dir='ltr'><strong>reprehensio</strong></span> <span class='ocrx_word' id='word_1_569' title='bbox 2910 5536 3017 5589; x_wconf 84' lang='lat' dir='ltr'><strong>vita</strong></span> <span class='ocrx_word' id='word_1_570' title='bbox 3050 5543 3133 5590; x_wconf 78' lang='lat' dir='ltr'><strong>est</strong></span> <span class='ocrx_word' id='word_1_571' title='bbox 3162 5536 3537 5599; x_wconf 81' lang='lat' dir='ltr'><strong>saluberrima,</strong></span> 
     </span>
    </p>
   </div>
   <div class='ocr_carea' id='block_1_84' title="bbox 362 5629 3463 5724">
    <p class='ocr_par' dir='ltr' id='par_1_84' title="bbox 362 5629 3463 5724">
     <span class='ocr_line' id='line_1_89' title="bbox 362 5629 3463 5724; baseline 0 -21"><span class='ocrx_word' id='word_1_572' title='bbox 362 5664 385 5689; x_wconf 69' lang='grc' dir='ltr'><strong>δ</strong></span> <span class='ocrx_word' id='word_1_573' title='bbox 429 5649 539 5704; x_wconf 73' lang='lat' dir='ltr'><strong>lino</strong></span> <span class='ocrx_word' id='word_1_574' title='bbox 566 5659 619 5706; x_wconf 90' lang='lat' dir='ltr'><strong>et</strong></span> <span class='ocrx_word' id='word_1_575' title='bbox 645 5651 854 5706; x_wconf 69' lang='lat' dir='ltr'><strong>cmtoris</strong></span> <span class='ocrx_word' id='word_1_576' title='bbox 888 5650 1231 5720; x_wconf 71' lang='lat' dir='ltr'><strong>prmsulihus.</strong></span> <span class='ocrx_word' id='word_1_577' title='bbox 1268 5660 1324 5703; x_wconf 87' lang='lat' dir='ltr'><strong>ut</strong></span> <span class='ocrx_word' id='word_1_578' title='bbox 1363 5660 1505 5720; x_wconf 74' lang='lat' dir='ltr'><strong>patet</strong></span> <span class='ocrx_word' id='word_1_579' title='bbox 1542 5666 1605 5707; x_wconf 75' lang='lat' dir='ltr'><strong>ex</strong></span> <span class='ocrx_word' id='word_1_580' title='bbox 1639 5652 1860 5721; x_wconf 81' lang='lat' dir='ltr'><strong>epistola</strong></span> <span class='ocrx_word' id='word_1_581' title='bbox 1898 5652 1964 5706; x_wconf 88' lang='lat' dir='ltr'><strong>ad</strong></span> <span class='ocrx_word' id='word_1_582' title='bbox 1992 5651 2035 5705; x_wconf 88' lang='grc'>0</span> <span class='ocrx_word' id='word_1_583' title='bbox 2058 5652 2355 5717; x_wconf 72' lang='lat' dir='ltr'><strong>iiliwrtum,</strong></span> <span class='ocrx_word' id='word_1_584' title='bbox 2385 5651 2522 5719; x_wconf 86' lang='lat' dir='ltr'><strong>apud</strong></span> <span class='ocrx_word' id='word_1_585' title='bbox 2554 5649 2729 5704; x_wconf 79' lang='lat' dir='ltr'><strong>Mabil.</strong></span> <span class='ocrx_word' id='word_1_586' title='bbox 2764 5649 2950 5705; x_wconf 81' lang='lat' dir='ltr'><strong>Annal.</strong></span> <span class='ocrx_word' id='word_1_587' title='bbox 2992 5662 3116 5706; x_wconf 76' lang='lat' dir='ltr'><strong>tom.</strong></span> <span class='ocrx_word' id='word_1_588' title='bbox 3152 5652 3188 5713; x_wconf 87' lang='grc'><strong>1,</strong></span> <span class='ocrx_word' id='word_1_589' title='bbox 3224 5668 3340 5724; x_wconf 64' lang='grc' dir='ltr'><strong>μηδ.</strong></span> <span class='ocrx_word' id='word_1_590' title='bbox 3378 5629 3463 5704; x_wconf 60' lang='grc' dir='ltr'><strong>ξὶί.</strong></span> 
     </span>
    </p>
   </div>
  </div>
