3878 6172
301 298 410 359 855

1337 292 1659 347 LEIDRADI
1697 288 2179 347 LUGDUNENSIS
2216 286 2520 343 EPISCOPI

3467 283 3574 346 856

304 418 367 464 ut
394 408 568 479 magis
594 407 823 477 quisque
842 420 908 460 ex
929 418 991 458 ea
1017 403 1294 458 erudiatur
1311 417 1472 471 quam
1491 399 1881 463 confundatur;
1914 397 1965 456 Α
1988 397 2261 459 habentes,
2288 406 2337 450 et
2360 396 2554 450 sterilis
2584 411 2689 449 non
2709 403 2784 449 est
2818 396 2875 449 in
2900 396 2994 449 eis.
3031 395 3267 452 Micheas
3303 399 3372 452 de
3398 401 3575 469 gratia

305 496 461 568 cujus
498 494 729 553 eruditio
762 495 831 550 ad
863 494 1132 550 sermonis
1175 493 1258 548 sui
1299 495 1631 549 consortium
1665 498 1890 546 cunctos

304 586 602 643 clementer
636 584 847 651 invitat,
895 581 1090 652 injuste
1133 581 1337 636 nullum
1381 581 1636 637 deterret.
1683 580 1892 635 Vestrze

304 690 438 749 ergo
461 674 911 733 constantissimae
935 672 1210 727 modestia:
1249 670 1374 726 freti
1406 670 1611 735 favore,
1637 669 1691 723 in
1721 683 1891 737 quan-

307 779 424 825 tum
464 768 733 838 attingere
770 765 839 821 de
880 765 967 820 bis
1004 763 1164 819 rebus
1190 777 1506 832 possumus;
1545 758 1673 815 licet
1696 773 1888 829 parum

305 862 466 932 digne
484 858 754 929 possimus
771 856 983 922 dicere;
1005 854 1325 926 exponimus
1344 852 1486 923 quod
1509 851 1663 907 nobis
1678 850 1889 921 iussum

305 954 474 1009 fuisse
498 968 530 1008 a
557 952 710 1007 vobis
732 949 1088 1014 advertimus,
1115 946 1349 1001 maxime
1373 944 1554 999 verbis
1578 951 1890 998 sanctorum

304 1045 528 1100 Patrum
552 1058 619 1099 ex
649 1042 879 1097 diversis
907 1039 1182 1110 opusculis
1206 1037 1451 1107 sumptis.
1481 1036 1551 1090 Et
1573 1035 1892 1105 priusquam

306 1134 383 1189 ad
405 1142 601 1189 caetera
626 1132 926 1195 veniamus,
951 1130 1081 1184 libet
1104 1143 1273 1200 pauca
1300 1128 1365 1183 de
1388 1127 1476 1183 his
1501 1141 1622 1197 quas
1647 1126 1717 1181 ab
1734 1140 1893 1181 exor—

306 1223 396 1279 dio
422 1220 607 1276 mundi
642 1221 710 1276 ad
736 1219 1034 1291 potentiam
1070 1218 1322 1287 baptismi
1359 1217 1684 1287 pertinentia
1716 1214 1894 1286 pratia

305 1320 492 1385 gurata
522 1318 677 1378 sunt,
708 1324 944 1381 ponere,
974 1317 1031 1364 et
1056 1308 1359 1363 nativitatis
1385 1308 1661 1372 secundas,
1696 1307 1806 1362 imo
1838 1307 1891 1361 in

305 1402 523 1458 Christo
548 1402 759 1472 primae,
786 1401 1030 1471 digerere
1067 1407 1427 1465 sacramenta,
1457 1414 1521 1455 ac
1551 1399 1805 1468 deinceps
1827 1398 1896 1454 de

305 1492 520 1546 caeteris
569 1493 733 1547 rebus
781 1497 1018 1545 tractare
1066 1503 1082 1543 :
1130 1489 1363 1544 maxime
1405 1488 1533 1558 quia
1580 1487 1760 1544 dicitis
1797 1503 1895 1544 vos

305 1582 445 1639 velle
485 1598 814 1653 cognoscere
854 1582 1090 1653 qualiter
1128 1582 1419 1638 doceamus
1461 1586 1516 1634 et
1559 1579 1895 1636 instruamus

305 1675 517 1745 plebem
544 1683 599 1729 et
626 1674 956 1730 sacerdotes.

826 1762 1055 1819 CAPUT
1089 1762 1379 1820 PRIMUM.

552 1853 627 1908 De
655 1852 1126 1923 signiﬁcationibus
1149 1853 1288 1906 sacri
1319 1851 1665 1923 baptismatis.

383 1943 549 2011 Igitur
593 1941 743 1997 rudis
781 1940 1014 1995 mundus
1034 1982 1049 2007 ,
1079 1941 1307 1997 necdum
1337 1942 1450 1997 sole
1478 1941 1764 2005 rutilante,
1800 1955 1901 1996 nec

311 2032 547 2104 pallente
577 2032 734 2098 luna,
769 2046 871 2086 nec
909 2031 1068 2087 astris
1101 2032 1455 2098 micantibus,
1490 2032 1900 2102 incompositam

310 2130 368 2178 et
391 2120 712 2177 invisibilem
747 2119 1030 2174 materiam
1059 2120 1376 2191 abyssorum
1413 2118 1817 2191 magnitudine,
1849 2126 1905 2173 et

312 2208 649 2266 deformibus
678 2209 917 2265 tenebris
953 2209 1309 2280 opprimebat.
1343 2209 1502 2266 Solus
1544 2209 1772 2281 Spiritus
1806 2208 1907 2263 Dei

313 2303 370 2358 in
397 2303 599 2373 aurigas
637 2300 855 2357 modum
882 2318 1039 2373 super
1067 2319 1231 2373 aquas
1262 2302 1546 2372 ferebatur,
1588 2310 1643 2357 et
1680 2316 1908 2360 nascen-

315 2402 424 2449 tem
464 2393 723 2448 mundum
753 2393 805 2447 in
854 2392 1026 2464 figura
1072 2394 1324 2464 baptismi
1371 2393 1726 2463 parturiebat.
1764 2394 1909 2449 Inter

317 2482 515 2539 cmlum
539 2491 596 2538 et
631 2490 835 2537 terram
874 2482 1112 2537 medium
1151 2485 1450 2538 exstruitur
1485 2483 1904 2547 firmamentum,

314 2579 372 2627 et
396 2570 551 2640 juxta
593 2569 846 2626 Hebraici
873 2571 1142 2625 sermonis
1168 2570 1568 2643 etymologiam,
1601 2572 1823 2637 coelum,
1857 2572 1910 2626 id

315 2667 403 2716 est
441 2657 708 2724 Samaim,
741 2674 808 2714 ex
855 2661 1010 2730 aquis
1047 2661 1272 2715 sortitur
1300 2660 1641 2726 vocabulum,
1671 2669 1723 2716 et
1760 2677 1912 2733 aqua:

316 2765 437 2821 qua
459 2766 617 2822 super
643 2748 797 2804 cales
833 2759 957 2805 sunt
991 2750 1046 2805 in
1092 2750 1282 2807 laudes
1319 2750 1536 2810 Domini
1572 2759 1908 2821 separantur.

317 2841 474 2900 Unde
500 2850 551 2897 θ’
579 2842 635 2896 in
663 2841 913 2898 Ezechiel
933 2841 1248 2913 crystallum
1277 2857 1442 2912 super
1460 2842 1741 2899 cherubim
1768 2842 1914 2898 vide-

318 2941 410 2988 tur
436 2940 719 2989 extensum
738 2974 754 2999 ,
792 2933 845 2988 id
882 2943 968 2989 est
1002 2941 1299 3004 compacta:
1337 2941 1394 2989 et
1425 2933 1703 2989 densiores
1740 2949 1911 3004 aquas.

1992 488 2244 557 Laptismi
2291 489 2617 543 vaticinatur
2662 506 2675 540 :
2723 488 3057 543 Miserebitur
3092 491 3286 554 nostri,
3315 490 3577 564 demerget

1990 578 2287 648 iniquitates
2329 587 2534 632 nostras
2555 619 2570 643 ,
2608 588 2659 633 et
2701 579 2940 648 projiciet
2973 579 3030 633 in
3064 580 3388 650 profundum
3412 585 3583 637 maris

1991 667 2169 720 omnia
2193 677 2405 737 peccata
2431 678 2611 722 nostra
2650 667 2835 739 (Miclt.
2873 685 2979 733 vn,
3029 671 3136 741 f9).
3168 671 3421 728 Ezechiel
3454 674 3535 727 ait
3563 692 3578 727 :

1994 755 2198 811 Tollam
2226 775 2311 812 vos
2347 759 2535 830 quippe
2570 759 2635 812 de
2663 759 2934 829 gentibus,
2963 770 3012 814 et
3041 764 3363 833 congregabo
3398 781 3487 819 vos
3514 766 3585 820 de
3646 787 3665 831 ι

1992 850 2245 904 universis
2282 852 2462 915 terris,
2497 862 2545 906 et
2587 852 2856 921 effundant
2898 871 3054 924 super
3088 871 3172 909 vos
3208 873 3402 927 aquam
3429 876 3587 912 mun-
3650 864 3661 886 ‘

1989 937 2136 1001 dam,
2166 949 2214 993 et
2240 941 2620 995 mundabimini
2647 941 2711 995 ab
2740 942 2980 997 omnibus
3015 945 3376 1015 iniquitatibus
3400 951 3586 1003 uestris
3646 960 3649 965 ‘

1992 1026 2210 1100 (Bacch.
2252 1046 2437 1096 xxxvr,
2467 1029 2539 1084 24
2557 1070 2571 1093 ,
2598 1030 2710 1103 25).
2741 1030 2860 1101 Ipse
2890 1031 3140 1089 Salvator
3165 1042 3286 1103 post
3315 1034 3589 1105 baptisma

1991 1128 2049 1174 et
2074 1121 2436 1177 sanctificatas
2465 1136 2565 1177 suo
2589 1122 2808 1178 lavacro
2835 1139 3007 1193 aquas
3030 1124 3317 1191 Iordanis,
3346 1127 3588 1196 primum

1993 1211 2206 1282 signum
2232 1227 2300 1267 ex
2324 1212 2481 1282 aquis
2513 1210 2674 1279 facit;
2703 1222 2759 1267 et
2784 1213 2877 1282 qui
2917 1213 2989 1268 ab
3016 1215 3175 1285 aquis
3198 1225 3443 1284 coeperat
3466 1215 3592 1271 fini-

1994 1300 2072 1354 vit
2098 1301 2151 1354 in
2179 1301 2352 1370 aquis.
2377 1300 2543 1356 Latus
2568 1303 2874 1371 percutitur
2897 1302 3108 1369 lancea,
3133 1312 3191 1358 et
3211 1304 3470 1374 baptismi
3493 1322 3594 1376 pa-

1995 1389 2129 1444 riter
2140 1398 2305 1461 atque
2320 1390 2566 1463 martyrii
2586 1401 2925 1448 sacramenta
2939 1391 3257 1449 funduntur.
3269 1394 3402 1452 Post
3414 1412 3598 1453 resur-

1996 1480 2293 1535 rectionem
2322 1496 2476 1536 suam
2497 1481 2666 1537 mittit
2683 1474 2974 1554 discipulus
3001 1485 3055 1540 in
3081 1486 3344 1541 mundum
3368 1488 3596 1544 univer-

1995 1585 2136 1636 sum,
2172 1578 2227 1625 et
2252 1571 2385 1627 dicit
2405 1572 2487 1628 eis
2518 1587 2534 1626 :
2561 1571 2665 1638 Ite,
2687 1572 2865 1628 docete
2894 1591 3071 1630 omnes
3097 1586 3290 1646 gentes,
3316 1576 3598 1648 baptizan-

1997 1671 2071 1716 tes
2091 1679 2177 1717 eos
2201 1663 2258 1716 in
2285 1664 2493 1718 nomine
2514 1661 2718 1728 Patris,
2742 1674 2789 1719 et
2813 1663 2964 1731 Filii,
2987 1676 3035 1721 et
3058 1666 3289 1737 Spiritus
3310 1670 3501 1723 sancti.
3528 1670 3603 1725 Et

1929 1740 1977 1800 Β
2003 1753 2198 1808 iterum
2247 1768 2261 1807 :
2305 1752 2409 1820 Qui
2444 1754 2723 1810 crediderit
2761 1766 2811 1810 et
2857 1755 3151 1827 baptizatus
3188 1755 3382 1826 fuerit,
3416 1757 3604 1814 salum

1999 1847 2121 1904 erit.

2072 1937 2152 1997 Ex
2189 1937 2282 1995 illo
2315 1952 2444 2009 ergo
2472 1950 2717 2012 tempore
2745 1949 3027 2010 cmperunt
3053 1939 3283 2011 apostoli
3314 1940 3515 1997 docere
3548 1948 3610 1995 et

2000 2028 2315 2098 baptizare;
2338 2036 2526 2100 gentes
2556 2039 2736 2084 autem
2775 2030 2998 2085 credere
3032 2038 3090 2086 et
3121 2029 3411 2101 baptizari.
3456 2030 3610 2101 Ergo

2002 2118 2096 2188 qui
2117 2118 2474 2188 baptizandus
2498 2127 2613 2186 est,
2644 2120 2795 2190 prius
2840 2119 3064 2175 docetur
3090 2127 3151 2175 ut
3189 2120 3402 2186 credat,
3435 2121 3489 2175 id
3518 2128 3612 2175 est

2004 2210 2304 2264 instruatur
2331 2208 2437 2264 fide
2465 2224 2481 2263 :
2511 2209 2615 2265 hoc
2636 2216 2721 2264 est
2742 2209 2888 2265 enim
2910 2210 3358 2264 catechumenum
3382 2225 3526 2272 esse,
3556 2210 3611 2265 id

2005 2305 2092 2353 est
2138 2297 2483 2354 instructum.
2526 2296 2879 2355 Catechizare
2923 2306 3008 2353 est
3042 2299 3334 2355 instruere.
3375 2298 3471 2356 Sic
3506 2298 3611 2355 filii

2007 2386 2174 2442 Israel
2202 2396 2490 2458 antequam
2514 2389 2583 2443 ad
2609 2402 2760 2443 mare
2782 2387 3025 2443 Rubrum
3049 2389 3321 2456 venirent,
3351 2390 3612 2446 instructi

2008 2484 2137 2533 sunt
2164 2492 2195 2530 a
2224 2476 2405 2547 Moyse
2437 2475 2505 2531 de
2530 2476 2654 2547 agni
2693 2476 3056 2534 immolatione
3083 2485 3139 2531 et
3174 2475 3291 2546 eius
3321 2478 3613 2548 sanguine.

2013 2567 2166 2624 Unde
2191 2575 2276 2622 est
2304 2576 2362 2621 ut
2388 2566 2434 2622 is
2452 2607 2468 2632 ,
2494 2566 2578 2622 cui
2606 2582 2702 2637 per
2728 2567 3095 2633 sacerdotem,
3125 2568 3281 2638 quasi
3317 2583 3417 2638 per
3460 2567 3616 2640 Moy~

2011 2673 2147 2724 sem,
2188 2658 2331 2713 Deus
2360 2657 2593 2728 primum
2638 2657 2894 2728 loquitur,
2943 2659 3395 2727 catechumenus,
3435 2661 3491 2715 id
3532 2672 3618 2716 est

2013 2750 2260 2816 audiens,
2297 2749 2622 2805 nominetur.
2654 2749 2790 2804 Nam
2817 2752 3297 2816 catccbumenum,
3323 2759 3377 2806 et
3405 2752 3616 2808 instru-

2014 2850 2160 2897 ctum
2182 2851 2237 2896 et
2265 2840 2571 2897 audientem
2597 2841 2782 2897 dicunt
2809 2841 3179 2912 interpretari.
3212 2842 3619 2899 Exorcizantur

2014 2931 2275 3003 primum,
2307 2931 2502 2986 deinde
2529 2930 2695 2987 salem
2722 2926 2995 3002 accipiunt
3025 2940 3081 2987 et
3115 2941 3413 3004 unguntur.
3446 2935 3620 2990 Exor-

316 3024 563 3081 Primum
591 3024 657 3080 de
692 3024 850 3095 aquis
882 3024 1026 3094 quod
1058 3024 1206 3079 vivat
1239 3025 1535 3095 egreditur,
1562 3032 1619 3080 et
1653 3031 1917 3096 pennatus
1957 3092 1986 3096 _
2017 3023 2198 3079 cizare
2235 3022 2424 3079 Graece
2448 3023 2668 3089 dicitur,
2695 3022 2887 3078 Latine
2915 3032 3094 3079 autem
3131 3023 3387 3094 adjnrare
3415 3027 3506 3080 vel
3539 3027 3620 3082 in-

319 3112 509 3171 fideles
533 3113 600 3169 de
624 3092 770 3169 terra
799 3112 869 3168 ad
893 3092 1091 3169 cmlum
1116 3092 1627 3169 IevatiFabricatur
1652 3092 1836 3182 homo,
1860 3122 1918 3172 et
1941 3092 1989 3157 ο
2018 3128 2262 3184 crepare.
2301 3112 2407 3169 Per
2440 3122 2720 3184 peccatum
2750 3114 2892 3171 enim
2930 3113 2984 3171 in
3014 3092 3454 3183 primo—homine
3482 3117 3621 3189 lapsi

320 3204 465 3258 inter
509 3218 703 3260 manus
758 3202 856 3258 Dei
903 3219 1167 3274 aquarum
1220 3213 1562 3262 sacramenta
1607 3215 1912 3262 versantur.

320 3295 605 3351 Plantatur
633 3296 920 3367 paradisum
965 3296 1020 3351 in
1061 3296 1210 3352 Eden
1231 3338 1247 3363 ,
1289 3304 1345 3353 et
1372 3313 1512 3353 unus
1546 3296 1666 3354 fons
1705 3298 1761 3353 in
1784 3313 1917 3370 qua-

324 3396 451 3442 tuor
480 3387 742 3458 principia
768 3387 1055 3455 dividitur,
1083 3390 1175 3460 qui
1215 3402 1404 3460 postea
1430 3390 1728 3446 secundum
1757 3390 1917 3447 visio-

321 3488 450 3531 nem
497 3476 798 3533 Ezechielis
845 3479 1125 3548 propheta:
1164 3480 1448 3549 egrediens
1493 3480 1560 3536 de
1607 3480 1826 3552 templo,
1861 3489 1918 3536 et

326 3576 517 3621 contra
548 3568 677 3623 solis
706 3576 887 3622 ortum
918 3568 1150 3635 vadens,
1188 3586 1405 3627 amaras
1439 3587 1608 3644 aquas
1648 3584 1918 3630 mortuas-

327 3673 435 3729 que
460 3657 716 3714 vivificat.
745 3658 944 3715 Peccat
971 3662 1232 3727 mundus,
1263 3671 1318 3719 et
1344 3665 1461 3720 sine
1487 3680 1751 3734 aquarum
1780 3665 1916 3721 dilu-

328 3750 420 3805 vio
444 3765 550 3804 non
580 3757 874 3822 purgatur:
901 3751 1191 3821 statimque
1210 3754 1459 3809 columba
1486 3753 1721 3827 Spiritus
1744 3756 1918 3811 sancti

326 3840 555 3912 expulso
580 3841 707 3896 alite
746 3842 1053 3909 teterrimo,
1082 3843 1153 3898 ita
1183 3844 1251 3899 ad
1282 3844 1423 3910 Noe,
1458 3846 1610 3915 quasi
1655 3848 1723 3903 ad
1759 3847 1920 3903 Chri-

330 3942 475 3991 stum
507 3935 559 3989 in
587 3934 876 3990 Jordanem
904 3936 1134 4003 devolat,
1159 3944 1214 3992 et
1234 3953 1386 3993 ramo
1411 3937 1722 3995 refectionis
1750 3955 1813 3996 ac
1839 3939 1921 3994 ln-

331 4026 495 4082 minis
521 4040 711 4096 pacem
737 4027 884 4083 orbis
913 4028 1217 4084 annuntiat.
1263 4029 1476 4085 Pharao
1516 4045 1638 4086 cum
1674 4032 1918 4087 exercitu

328 4130 427 4171 suo
450 4114 640 4171 nolens
664 4116 918 4187 populum
947 4117 1161 4173 Domini
1179 4119 1330 4183 exire
1353 4120 1418 4175 de
1441 4119 1695 4193 Egypto,
1719 4122 1775 4176 in
1796 4128 1921 4194 typo

326 4205 673 4276 baptismatis
697 4205 1020 4275 suffocatur;
1050 4216 1105 4267 et
1124 4208 1178 4263 in
1198 4210 1427 4278 psalmis
1451 4211 1517 4267 de
1546 4210 1920 4279 interiectione

327 4296 472 4352 illius
502 4297 760 4353 scribitur
790 4312 803 4351 :
838 4297 915 4353 Tu
947 4300 1271 4369 conﬁrmasti
1307 4302 1361 4355 in
1402 4302 1589 4357 virtute
1626 4312 1719 4358 tua
1753 4320 1917 4369 mare,

327 4390 618 4444 contrivisti
639 4391 812 4461 capita
839 4389 1129 4445 draconum
1146 4392 1201 4446 in
1220 4394 1370 4463 aquis
1389 4391 1562 4463 (Psaf.
1590 4410 1782 4460 uxr",
1808 4396 1918 4466 f3).

331 4480 487 4537 Unde
510 4488 564 4535 et
591 4481 761 4552 reguli
785 4489 841 4536 et
878 4481 1188 4552 scorpiones
1215 4483 1423 4538 arentia
1454 4498 1681 4554 quaaque
1706 4493 1921 4540 sectan-

334 4582 466 4630 tur:
501 4573 556 4628 in
597 4588 694 4627 ara
738 4580 980 4629 mutatur
1025 4580 1425 4629 sacramentum
1469 4574 1677 4637 crucis,
1723 4582 1780 4630 et
1820 4590 1923 4633 ιιι

332 4663 525 4733 palmae
566 4664 931 4731 apostolorum
968 4664 1262 4720 dulcoratis
1306 4664 1439 4734 legis
1475 4663 1774 4735 gurgitibus
1799 4664 1926 4719 irri—

333 4764 548 4821 gantur.
578 4753 850 4810 Abraham
877 4764 934 4810 et
955 4756 1103 4811 Isaac
1134 4764 1326 4827 puteos
1352 4754 1595 4823 fodiunt;
1626 4764 1927 4827 repugnant

330 4846 604 4916 allophyli,
633 4854 689 4902 et
714 4847 998 4904 Bersabete
1026 4849 1216 4904 civitas
1245 4848 1558 4920 juramenti,
1591 4864 1927 4922 regnumque

334 4937 641 4991 Salomonis
672 4953 867 4993 nomen
894 4942 1059 4999 sumit
1086 4956 1119 4997 a
1144 4941 1401 4999 fontibus.
1440 4941 1685 4998 Rebecca
1721 4942 1926 4999 inveni-

333 5039 425 5081 tur
447 5026 513 5083 ad
546 5036 765 5098 puteum
784 5068 797 5087 .
832 5027 1033 5085 Rachel
1058 5041 1277 5101 propter
1304 5048 1473 5103 aquas
1503 5033 1927 5105 supplantatoris

334 5117 523 5173 osculo
571 5117 869 5185 salutatur,
916 5119 1124 5191 Moyses
1171 5122 1308 5178 filias
1365 5124 1662 5180 sacerdotis
1714 5124 1924 5181 Madian

333 5218 525 5278 aperto
548 5220 710 5280 puteo
737 5213 806 5267 ab
844 5211 1039 5282 injuria
1071 5213 1327 5270 vindicat.
1370 5214 1483 5271 Vox
1522 5215 1736 5271 Domini
1771 5234 1928 5288 super

333 5317 522 5372 aquas.
542 5302 792 5358 Dominus
813 5321 970 5375 super
983 5321 1148 5375 aquas
1169 5302 1381 5360 multas.
1399 5304 1655 5361 Dominus
1670 5305 1924 5365 diluvium

332 5390 627 5448 inhabitare
666 5394 813 5463 facit.
858 5394 1047 5450 Dentes
1085 5397 1197 5466 ejus
1241 5397 1376 5451 sicut
1416 5412 1543 5466 grex
1588 5397 1927 5467 detonsarum

337 5482 505 5536 ovium
525 5524 539 5546 ,
571 5501 688 5553 qua!
727 5487 1072 5541 ascenderunt
1105 5487 1171 5542 de
1207 5486 1432 5551 lavacro,
1476 5503 1652 5542 omnes
1684 5486 1925 5557 gemellas

408 5594 435 5647 λ
475 5613 612 5669 llinc
640 5626 789 5697 patet
812 5619 945 5697 quid
970 5620 1043 5674 sit
1065 5620 1260 5697 collata
1289 5620 1575 5676 exorcistis
1594 5628 1836 5691 potestas
1872 5621 1922 5675 in

336 5695 527 5739 eorum
562 5688 897 5742 ordinatione
933 5689 1240 5760 imponendi
1272 5706 1464 5747 manus
1499 5688 1659 5760 super
1696 5706 1925 5763 energu-

2018 3218 2205 3259 sumus
2224 3244 2239 3269 ,
2266 3216 2322 3259 et.
2350 3204 2404 3258 in
2432 3205 2628 3260 mortis
2652 3204 3024 3260 hzereditatem
3053 3221 3243 3261 omnes
3270 3208 3618 3266 devenimus.

2018 3294 2226 3365 impleti
2255 3310 2441 3351 sumus
2469 3295 2750 3351 timoribus
2776 3303 2831 3351 et
2852 3297 3134 3352 erroribus
3161 3299 3358 3354 merito
3381 3301 3618 3370 peccati,

2018 3403 2143 3445 cum
2185 3403 2293 3458 quo
2335 3388 2629 3444 nascimur.
2664 3387 2788 3447 ideo
2828 3396 2884 3447 et
2918 3389 3130 3459 parvuli
3163 3390 3533 3449 exsufﬂantur
3566 3404 3624 3451 et

2019 3479 2416 3545 exorcizantur,
2451 3488 2512 3535 ut
2547 3479 2778 3550 pellatur
2804 3480 2872 3536 ab
2895 3480 2976 3536 eis
3000 3480 3202 3537 diaboli
3238 3491 3493 3554 potestas
3522 3486 3624 3540 iui-

2021 3573 2183 3641 mica,
2211 3587 2330 3642 qua:
2352 3571 2564 3642 decepit
2589 3572 2891 3637 hominem,
2922 3584 2986 3628 ut
3007 3574 3312 3645 possideret
3339 3576 3618 3635 homines.

2021 3659 2139 3716 Non
2167 3676 2296 3732 ergo
2322 3661 2416 3716 Dei
2444 3671 2694 3718 creatura
2723 3664 2778 3718 in
2808 3663 3106 3722 infantibus
3131 3666 3509 3737 exorcizatur,
3538 3670 3622 3726 vel

2019 3752 2332 3809 exsufllatur
2364 3772 2377 3808 :
2408 3754 2503 3809 sed
2529 3753 2634 3820 ille,
2661 3755 2760 3811 sub
2787 3772 2896 3827 quo
2916 3771 3105 3813 omnes
3122 3773 3244 3814 cum
3266 3770 3506 3828 peccato
3529 3776 3624 3814 na-

2021 3855 2265 3902 scuntur.
2297 3847 2393 3902 Est
2412 3846 2556 3902 enim
2585 3847 2837 3917 princeps
2862 3858 3228 3918 peccatorum.
3261 3849 3623 3905 Exorcismus

2020 3944 2200 3991 autem
2226 3944 2308 3991 est
2336 3950 2516 3992 sermo
2542 3936 2927 4008 increpationis
2960 3946 3016 3993 et
3043 3936 3397 4007 adjurationis
3425 3950 3649 3995 contra.

2023 4026 2358 4080 immundum
2383 4026 2631 4096 spiritum
2652 4041 2753 4096 pro
2775 4038 2799 4066 ι
2821 4027 3200 4099 energumenis
3219 4029 3334 4082 sive
3356 4029 3623 4084 catechu-

2023 4121 2197 4177 menis
2226 4119 2418 4187 factus,
2443 4135 2542 4191 per
2562 4135 2723 4191 quem
2748 4119 2939 4200 abillis
2958 4118 3158 4174 diaboli
3180 4119 3521 4190 nequissima
3541 4121 3622 4174 vis

2020 4220 2079 4267 et
2121 4212 2422 4273 inveterata
2459 4210 2696 4276 malitia,
2738 4209 2821 4265 vel
2860 4209 3059 4265 violata
3106 4208 3345 4265 incursio
3389 4209 3621 4280 expulsa

2025 4302 2260 4375 fugatur.
2294 4303 2407 4358 Hoc
2444 4304 2586 4358 enim
2626 4301 2949 4373 significavit
2984 4301 3251 4356 lunaticus
3288 4300 3414 4366 ille,
3457 4316 3623 4371 quem

2028 4393 2326 4463 increpavit
2348 4393 2608 4449 Dominus
2628 4391 2806 4457 Jesus,
2828 4399 2881 4446 et
2903 4392 3035 4447 exiit
3058 4393 3127 4447 ab
3147 4391 3240 4446 illo
3262 4391 3621 4447 daemonium.

2026 4484 2272 4540 Potestas
2292 4499 2423 4555 ergo
2448 4483 2643 4539 diaboli
2668 4483 3012 4538 exorcizatur
3034 4491 3090 4538 et
3111 4481 3417 4538 insumatur
3441 4483 3501 4537 in
3521 4483 3622 4546 eis,

2025 4584 2085 4632 ut
2107 4577 2155 4632 ei
2195 4576 2533 4641 renuntient;
2578 4584 2740 4645 atque
2776 4576 2948 4645 erepti
2985 4590 3016 4630 a
3054 4583 3322 4647 potestate
3362 4577 3623 4632 tenebra-

2027 4682 2145 4721 rum
2165 4707 2179 4731 ,
2211 4666 2265 4721 in
2294 4680 2517 4735 regnum
2546 4666 2758 4721 Domini
2786 4666 2868 4721 sui
2896 4681 2995 4736 per
3021 4673 3420 4721 sacramentum
3442 4667 3625 4737 bapti-

2025 4759 2215 4819 smatis
2243 4755 2663 4814 transferantur.

2098 4852 2189 4908 Sal
2236 4859 2419 4907 autem
2454 4852 2509 4906 in
2549 4850 2851 4906 ministerio
2897 4849 3303 4906 catechumenis
3343 4849 3562 4906 dandus
3591 4865 3622 4903 a

2025 4942 2277 5003 Patribus
2305 4942 2425 4997 ideo
2451 4948 2535 4996 est
2562 4940 2861 5004 institutus,
2893 4950 2955 4995 ut
2976 4941 3094 5011 ejus
3121 4950 3282 5013 gustu
3303 4940 3625 4996 condimen-

2028 5042 2143 5089 tum
2169 5031 2449 5103 sapiemize
2479 5030 2809 5102 percipiant,
2842 5045 3017 5100 neque
3054 5030 3321 5101 desipiant
3355 5046 3388 5085 a
3425 5045 3621 5100 sapore

2027 5123 2262 5187 Christi;
2292 5139 2359 5178 ne
2386 5122 2494 5177 sint
2522 5121 2687 5184 fatui,
2717 5131 2773 5176 et
2803 5131 2949 5177 retro
2977 5122 3285 5191 respiciant,
3311 5122 3456 5177 sicut
3484 5135 3623 5175 uxor

2027 5212 2148 5275 Lot,
2174 5227 2293 5281 qua:
2320 5226 2472 5266 versa
2518 5218 2603 5265 est
2647 5211 2699 5265 in
2740 5219 2975 5265 statuam
3018 5211 3178 5277 salis;
3215 5219 3277 5264 ut
3308 5208 3426 5279 ejus
3463 5210 3622 5280 signo

2026 5303 2380 5360 condirentur
2402 5302 2457 5358 hi
2494 5304 2586 5372 qui
2612 5317 2711 5373 per
2734 5300 2894 5360 fidem
2922 5303 3122 5358 mundo
3151 5310 3207 5357 et
3238 5302 3453 5357 actibus
3479 5299 3622 5355 desi-

2029 5393 2299 5464 deriisque
2323 5392 2441 5460 ejus
2465 5394 2804 5457 renuntiant;
2835 5402 2895 5448 ut
2916 5392 3230 5449 affectiones
3249 5393 3492 5464 pristina:
3511 5406 3619 5446 non

2032 5487 2399 5549 recordentur,
2432 5501 2606 5556 neque
2633 5488 2702 5541 ad
2733 5485 2914 5541 saeculi
2943 5484 3226 5542 illecebras
3255 5491 3614 5541 revertantur.

2027 5637 2234 5678 menos.
2264 5620 2462 5676 Confer
2491 5621 2783 5675 Bcrardum
2815 5622 2868 5677 in
2897 5621 3067 5679 Cann.
3101 5622 3159 5678 il
3182 5663 3198 5690 ,
3232 5621 3324 5688 l5,
3352 5621 3452 5686 20,
3483 5619 3612 5677 dist.

2026 5692 2116 5759 25,
2143 5697 2284 5763 part.
2318 5708 2355 5759 ι,
2386 5708 2433 5747 c.
2468 5691 2551 5757 15,
2584 5690 2609 5763 §
2642 5691 2692 5745 4.
