3868 6174
152 405 259 463 857

1200 406 1400 463 LIBER
1441 407 1529 462 DE
1569 406 2034 466 SACRAMENTO
2073 411 2406 471 DAPTlSMl.

3329 417 3434 472 8318

151 520 310 577 Unde
336 517 478 590 legis
503 519 815 573 mandatum
843 525 958 584 est,
981 528 1047 572 ut
1070 535 1228 574 onme
1270 519 1597 574 sacriﬁcium
1625 519 1754 574 salis
1779 519 1830 578 Δ
1857 530 1904 572 et
1938 538 2070 590 para
2103 540 2281 578 aurem
2309 537 2453 579 tuam
2491 525 2654 580 verbis
2691 525 2984 596 prudentia:
3026 521 3215 597 (Eccli.
3257 542 3316 590 ιι,
3353 527 3434 595 2).

150 609 464 679 adiectione
490 607 819 672 condiretur,
850 609 1061 664 dicente
1090 610 1394 680 legislatore
1425 629 1438 664 :
1467 609 1578 665 Nec
1604 611 1754 679 aufe-

152 718 234 754 res
262 698 348 754 sal
377 699 589 768 foederis
618 697 684 752 de
718 698 978 768 sacrificio
1009 699 1241 754 Domini.
1278 699 1507 771 Propter
1531 699 1674 770 quod
1699 709 1753 754 et

150 789 422 844 Dominus
451 787 505 842 in
534 787 823 860 Evangelio
849 789 927 842 ait
955 808 967 842 :
1003 787 1186 844 Omnis
1215 792 1422 846 victim
1448 791 1559 846 sale
1595 791 1752 846 salie-

151 889 259 933 tur.
293 878 368 933 Et
398 879 452 932 in
481 878 588 932 alio
617 878 736 932 loco
767 895 781 931 :
807 875 1009 932 Habeto
1034 879 1090 932 in
1118 879 1260 934 vobis
1284 879 1468 947 salem,
1495 891 1543 936 et
1569 897 1750 952 pacem

150 969 337 1024 habete
381 972 521 1024 inter
561 986 666 1024 vos.
711 968 1012 1025 Estimaut
1049 987 1285 1042 namque
1320 974 1567 1042 quidam,
1607 978 1749 1045 quod

151 1062 320 1116 etiam
354 1062 500 1130 apud
527 1060 787 1131 quosdam
823 1062 1100 1130 gentilium
1129 1064 1352 1133 antiqua
1379 1073 1496 1120 erat
1523 1082 1748 1122 consue-

152 1154 282 1208 tudo
301 1193 316 1216 ,
345 1162 410 1207 ut
434 1152 525 1222 qui
557 1151 866 1206 ﬁdelitatem
894 1154 1111 1224 regibus
1135 1157 1550 1225 promittebant,
1579 1159 1746 1214 salem

153 1243 466 1313 adjuratum
486 1239 570 1295 vel
597 1249 972 1295 consecratum
997 1242 1048 1296 in
1071 1245 1414 1313 praesentiam
1435 1247 1747 1316 eorumdem

155 1347 345 1402 regum
373 1332 569 1401 quibus
597 1325 756 1385 ﬁ'dem
778 1333 1186 1401 promittebant,
1207 1337 1572 1392 comederent.
1595 1337 1747 1392 Unde

155 1424 207 1477 in
241 1421 386 1476 libro
413 1421 601 1476 Esdra:
627 1421 887 1492 scriptum
916 1431 1002 1477 est
1032 1424 1176 1493 quod
1205 1426 1477 1497 principes
1509 1427 1746 1483 Samari-

154 1525 407 1569 tanorum
437 1514 548 1584 regi
579 1513 868 1570 Persarum
886 1555 899 1578 ,
930 1530 1054 1571 cum
1079 1517 1144 1572 de
1166 1519 1511 1575 accusatione
1536 1519 1747 1575 Iudaeo-

152 1622 274 1662 rum
299 1605 628 1672 scriberent,
654 1606 889 1661 dixerint
918 1623 933 1660 :
964 1607 1220 1664 Hemores
1243 1627 1424 1666 sumus
1451 1610 1578 1666 salis
1605 1614 1744 1683 quod

150 1701 206 1752 in
231 1697 434 1769 palatio
457 1698 775 1752 comedimus
802 1697 854 1770 (1
886 1698 1047 1754 Esdr.
1079 1716 1153 1766 Iv,
1181 1701 1291 1774 14).

221 1788 414 1844 Diﬂ'ert
441 1804 572 1844 sane
597 1790 740 1844 inter
765 1801 788 1830 ο
820 1792 1239 1846 catechumenos
1274 1803 1330 1846 et
1351 1801 1737 1864 competentes.

149 1880 541 1935 Catecbumeni
571 1881 754 1950 itaque
777 1889 934 1946 sunt,
969 1883 1062 1951 qui
1091 1881 1327 1952 primum
1354 1883 1421 1938 de
1445 1885 1740 1954 gentilitate

149 1972 394 2033 veniunt,
432 1980 489 2025 et
520 1969 778 2025 habentes
801 1971 1130 2034 voluntatem
1157 1971 1412 2026 credendi
1443 1973 1499 2027 in
1526 1972 1741 2028 Christo

150 2063 380 2116 audiunt
411 2063 638 2117 verbum
667 2061 820 2127 ﬁdei,
849 2062 943 2116 sed
976 2062 1210 2117 nondum
1238 2063 1578 2132 appellantur
1610 2063 1741 2119 ﬁde-

150 2155 247 2208 les.
273 2152 657 2221 Competcntcs
677 2161 856 2207 autem
885 2161 1024 2217 sunt,
1051 2151 1271 2222 quijam
1293 2161 1414 2222 post
1440 2154 1740 2209 doctrinam

150 2245 293 2307 ﬁdei,
326 2252 450 2314 post
476 2243 862 2298 continentiam
887 2243 1038 2308 vitae,
1072 2245 1299 2314 gratiam
1339 2243 1541 2299 Christi
1567 2246 1741 2314 perci-

147 2353 274 2406 pere
304 2336 582 2390 festinant.
615 2333 844 2405 ldeoque
885 2335 1224 2404 appellantur
1257 2344 1654 2406 competentes,
1685 2336 1739 2390 id

146 2437 229 2482 est
255 2430 489 2498 gratiam
520 2426 722 2482 Christi
749 2435 1012 2496 petentes.
1039 2427 1118 2481 Illi
1156 2436 1344 2498 petunt
1368 2437 1423 2484 et
1446 2430 1736 2498 accipiunt,

148 2520 558 2575 catechizantur
584 2526 641 2572 et
668 2517 1008 2573 instruuntur
1040 2519 1393 2574 instructione
1429 2533 1740 2574 sacramen-

148 2626 328 2666 torum
357 2629 370 2663 :
405 2610 525 2664 istis
545 2608 781 2664 salutare
808 2607 1110 2679 symbolum
1138 2609 1391 2674 traditur,
1419 2610 1570 2678 quasi
1593 2625 1739 2664 com-'-

147 2702 500 2756 mouitorium
536 2701 688 2766 ﬁdei,
731 2710 787 2755 et
819 2710 1020 2756 sancte
1059 2700 1413 2756 confessionis
1457 2702 1733 2766 indicium,

147 2814 251 2865 quo
281 2795 536 2852 instructi
567 2805 877 2867 agnoscant,
905 2796 1091 2866 quales
1105 2795 1218 2865 jam
1240 2797 1306 2850 ad
1333 2798 1560 2867 gratiam
1584 2797 1740 2852 Chri-

149 2889 211 2942 sti
236 2888 499 2942 exhibere
529 2903 588 2942 se
616 2885 867 2941 debeant.
901 2885 1026 2940 Haec
1064 2895 1172 2940 tota
1212 2887 1380 2952 actio,
1418 2903 1539 2956 qua:
1580 2903 1740 2957 super

149 2978 554 3034 catechumenis
577 2986 633 3032 et
656 2978 1082 3048 competentibus
1111 2977 1436 3043 celebratur,
1462 2994 1492 3031 a
1518 2979 1739 3048 quibus-

149 3070 269 3125 dam
296 3069 624 3125 scrutinium
655 3069 983 3134 nominatur,
1022 3085 1126 3124 non
1156 3070 1224 3122 ob
1267 3069 1443 3135 aliud,
1490 3081 1546 3124 ut
1587 3079 1738 3139 puta-

1854 613 1994 684 Ergo
2035 616 2388 672 sanctiﬁcatio
2418 619 2629 673 aurium
2665 617 2953 689 signiﬁcat,
2985 629 3044 672 ut
3068 632 3256 672 omnes
3281 627 3434 672 extra

1853 701 2189 772 disciplinam
2227 721 2533 771 sermones,
2562 708 2719 778 quasi
2757 707 3013 763 doctrina:
3050 707 3252 762 Christi
3287 707 3436 762 oblo-

1851 804 2095 863 quentes,
2125 807 2442 853 aversentur
2470 799 2654 855 ﬁdeles
2686 815 2750 855 ac
2772 799 3001 869 fugiant,
3032 814 3196 869 seque
3227 798 3293 853 ad
3319 799 3434 853 sola

1853 883 1948 938 Dei
1971 887 2136 940 verba
2162 887 2427 943 audienda
2453 898 2772 944 convertant
2800 908 2812 944 :
2847 890 2973 960 quia
3003 889 3243 944 auditum
3274 904 3430 944 suum

1850 975 2050 1032 Christi
2063 977 2292 1048 eloquiis
2307 995 2714 1038 consecrarunt.
2731 983 2900 1037 Nares
2915 998 3126 1053 quoque
3147 983 3340 1037 similis
3355 991 3432 1036 ta-

1850 1077 1938 1125 ctu
1951 1069 2376 1138 sanctiﬁcantur,
2395 1082 2452 1126 ut
2473 1073 2528 1127 hi
2547 1075 2638 1143 qui
2653 1075 2718 1129 ad
2740 1074 3064 1144 baptismum
3078 1076 3318 1139 veniunt,
3336 1077 3432 1129 ad-

1850 1171 2172 1217 moneantur
2184 1164 2317 1218 tanti
2335 1167 2574 1236 mysterii
2597 1175 2993 1221 sacramentum
3014 1182 3182 1236 usque
3205 1168 3270 1222 ad
3289 1184 3433 1221 mor-

1851 1262 1958 1309 tem
1985 1255 2298 1310 inviolatum
2325 1264 2487 1326 atque
2511 1257 2779 1328 integrum
2803 1259 3073 1313 custodire
3089 1277 3100 1311 :
3117 1267 3176 1313 ut
3195 1260 3432 1328 quandiu

1850 1344 2100 1413 spiritum
2125 1345 2248 1399 vitae
2277 1345 2436 1416 hujus
2462 1347 2684 1402 naribus
2709 1348 2819 1402 suis
2841 1349 3150 1413 attrahunt,
3177 1365 3206 1400 ιι
3232 1347 3432 1401 Christi

1850 1432 2059 1487 Domini
2088 1435 2257 1488 nostri
2282 1435 2491 1490 cultura
2519 1445 2575 1491 ct
2597 1437 2818 1492 servitio
2842 1453 2948 1490 non
2978 1437 3250 1491 recedant.
3283 1435 3433 1491 Unde

1847 1533 1901 1578 et
1924 1521 2024 1578 Job
2052 1525 2136 1579 vir
2157 1534 2377 1581 sanctus
2395 1527 2634 1596 loquitur
2665 1546 2678 1582 :
2706 1528 2883 1582 Donec
2906 1537 3134 1598 superest
3160 1527 3353 1580 halitus
3379 1528 3434 1582 in

1847 1629 1946 1677 me,
1976 1622 2024 1666 et
2049 1615 2263 1684 spiritus
2289 1614 2387 1668 Dei
2413 1615 2466 1668 in
2497 1615 2710 1670 naribus
2741 1617 2888 1680 meis,
2917 1632 3018 1669 non
3043 1615 3318 1686 loquentur
3349 1614 3432 1668 la-

1848 1699 1932 1752 bia
1963 1717 2077 1754 mea
2101 1701 2446 1771 iniquitatem,
2469 1719 2562 1755 nec
2585 1701 2768 1770 lingua
2795 1720 2911 1756 mea
2945 1701 3183 1774 loquetur
3211 1703 3430 1757 menda-

1848 1791 2005 1844 cium.
2040 1790 2145 1847 Sed
2183 1793 2359 1848 adhuc
2386 1793 2635 1847 subtilior
2664 1793 2966 1848 intellectus
2999 1793 3051 1847 in
3091 1794 3193 1847 hac
3219 1794 3431 1847 narium

1773 1861 1818 1920 Β
1847 1880 2275 1936 sanctiﬁcatione
2313 1883 2579 1952 signatur.
2623 1882 2713 1937 Ille
2741 1883 2885 1938 enim
2926 1892 3102 1938 tactus
3135 1884 3202 1938 ad
3238 1883 3432 1938 odora-

1841 1979 1953 2026 tum
1982 1972 2165 2028 ﬁdeles
2196 1980 2454 2042 provocat
2481 1973 2782 2043 Spit-italem
2801 2014 2816 2038 ,
2843 1981 2903 2028 ut
2930 1988 3036 2028 non
3061 1978 3305 2044 corporis
3332 1976 3428 2031 sed

1841 2063 2039 2118 mentis
2073 2065 2319 2118 sensibus
2345 2063 2619 2118 Christum
2644 2064 3003 2119 inaestimabili
3025 2065 3286 2119 suavitate
3308 2081 3430 2120 sen-

1839 2157 1944 2211 tire
1973 2157 2201 2227 possint,
2233 2166 2287 2211 et
2307 2157 2487 2212 dicere
2511 2157 2563 2212 ei
2598 2175 2611 2211 :
2643 2154 2768 2211 Post
2795 2159 2923 2211 tein
2959 2157 3168 2211 odorem
3196 2173 3426 2227 unguen-

1837 2255 2012 2300 torum
2053 2257 2258 2301 tuorum
2305 2264 2573 2302 curremus
2613 2246 2788 2320 (Cant.
2831 2263 2869 2308 ι,
2913 2247 2988 2317 5).
3028 2247 3179 2302 Hunc
3203 2247 3426 2303 odorem

1837 2339 2182 2392 commendat
2219 2336 2507 2407 Apostolus
2545 2337 2888 2403 Christianis,
2917 2354 3037 2393 cum
3072 2337 3203 2393 dicit
3250 2355 3263 2392 :
3314 2338 3428 2392 Deo

1837 2439 2012 2483 autem
2040 2430 2237 2500 gratias
2255 2469 2270 2493 ,
2296 2430 2384 2500 qui
2414 2430 2699 2500 triumphat
2735 2446 2828 2483 nos
2865 2431 2918 2484 in
2953 2427 3159 2483 Christo
3188 2429 3314 2484 Jesu
3334 2469 3350 2493 ,
3379 2438 3429 2482 et

1838 2520 2051 2574 odorem
2087 2521 2287 2574 notitia:
2321 2537 2433 2574 sua:
2461 2521 2760 2590 manifestat
2793 2536 2886 2589 per
2915 2536 3006 2573 nos
3041 2520 3094 2572 in
3123 2519 3264 2572 omni
3291 2517 3423 2582 loco,

1835 2613 1960 2682 quia
1984 2610 2179 2666 Christi
2205 2611 2366 2666 bonus
2395 2611 2528 2665 odor
2551 2627 2730 2665 sumus
2753 2610 2882 2664 Deo.
2908 2609 3116 2664 Debent
3139 2624 3268 2680 ergo
3299 2607 3428 2662 ﬁde-

1839 2701 1915 2756 lcs
1934 2703 2007 2757 ita
2026 2707 2224 2766 vivere,
2249 2709 2309 2754 ut
2335 2701 2686 2756 suavissimus
2711 2701 2778 2755 ad
2801 2701 2970 2755 Deum
2991 2701 3125 2755 odor
3144 2714 3210 2754 ex
3239 2714 3428 2754 eorum

1839 2793 1961 2846 vitae
1987 2793 2274 2849 sanctitate
2299 2793 2645 2848 conscendat.

1911 2883 2194 2954 Unguntur
2233 2885 2397 2938 etiam
2442 2901 2586 2939 nunc
2628 2883 3003 2939 catechumeni
3042 2884 3093 2937 in
3125 2892 3344 2953 pectore
3373 2892 3430 2937 et

1839 2977 1979 3031 inter
2001 2977 2246 3046 scapulas
2270 2977 2388 3032 oleo
2415 2977 2742 3041 exorcizato,
2775 2993 2897 3031 cum
2928 2975 3307 3031 abrenuntiant
3333 2975 3429 3029 Sa-

1839 3072 1976 3119 tana:
2003 3074 2058 3120 ct
2084 3067 2337 3136 operibus
2367 3081 2429 3119 ac
2457 3065 2666 3134 pompis
2694 3065 2829 3136 ejus.
2860 3063 3013 3132 Quod
3044 3065 3162 3119 ideo
3192 3063 3308 3118 ﬁeri
3337 3079 3425 3118 ar-

147 3177 286 3224 mus,
317 3161 426 3214 nisi
450 3175 481 3214 a
511 3162 831 3226 scrutando,
855 3161 1009 3228 juxta
1039 3162 1164 3216 illud
1194 3162 1490 3216 Psalmisue
1522 3181 1533 3215 ε
1569 3161 1732 3216 seru-
1761 3199 1811 3266 Β
1836 3154 2121 3220 bitramur,
2151 3164 2209 3209 ut
2235 3155 2599 3210 habitaculum
2629 3155 2806 3209 cordis
2836 3165 2959 3208 ante
2995 3162 3049 3207 et
3078 3161 3220 3207 retro
3249 3153 3428 3224 sigue.

151 3258 165 3266 Α
371 3248 417 3266 ,l
501 3257 533 3266 κ,
590 3265 620 3266 ,,
770 3249 806 3266 ἢ
961 3251 1002 3266 τι
1164 3265 1168 3266 ,
1203 3251 1216 3266 I
1258 3251 1288 3266 οι
1313 3251 1326 3262 ο
1496 3259 1508 3266 .
1595 3265 1599 3266 ,
1653 3259 1664 3266 .
1843 3252 1928 3266 a---
1995 3260 2090 3266 μ---
2141 3246 2282 3266 -!__.-
2333 3246 2566 3266 j!_l_-l__a
2601 3253 2786 3266 -__-a__
2813 3243 3047 3266 _-_ﬂ.I!...
3085 3241 3312 3266 ...ιιιηιη-
3376 3251 3426 3266 ,ιο

146 3258 261 3302 tans
285 3248 452 3302 corda
485 3257 533 3302 et
574 3265 717 3302 renes
760 3249 920 3304 Deus.
961 3251 1040 3304 Eo
1075 3251 1219 3319 quod
1256 3251 1329 3305 ibi
1366 3259 1738 3306 scrutarentur

146 3342 308 3395 corda
335 3340 678 3394 credentium
706 3348 760 3396 et
786 3340 1144 3395 dubitantium
1185 3357 1216 3395 a
1253 3342 1643 3405 sacerdotibus,
1679 3350 1738 3395 ut

144 3430 510 3500 intelligerent
537 3431 659 3499 quis
690 3431 758 3486 ad
783 3432 1107 3501 baptismum
1135 3429 1250 3498 jam
1290 3432 1392 3486 rite
1425 3432 1736 3486 admittere-

143 3531 250 3585 tur,
281 3522 376 3590 qui
409 3522 588 3576 adhuc
610 3521 935 3576 differretur.
968 3522 1128 3577 Juxta
1155 3523 1259 3578 hoc
1293 3531 1345 3578 et
1393 3523 1650 3577 Dominus
1683 3523 1734 3576 in

143 3610 440 3680 Evangelio
469 3613 545 3665 ait
576 3629 588 3665 :
620 3609 940 3667 Scrutamini
965 3612 1285 3671 Scrivturus.

776 3723 1002 3781 CAPUT
1037 3725 1099 3780 ll.

142 3813 393 3887 De_tactu
429 3815 638 3887 narium
675 3823 724 3868 et
752 3817 959 3887 aurium
989 3830 1006 3867 :
1033 3817 1096 3869 ob
1120 3833 1278 3887 quam
1311 3835 1522 3872 causam
1555 3835 1734 3872 secun-

209 3883 339 3936 dum
371 3884 709 3938 traditionem
733 3883 1141 3940 ecclesiasticam
1157 3887 1222 3940 ab
1252 3888 1488 3943 omnibus
1518 3889 1738 3943 catholi-

210 3955 286 4008 cis
316 3952 518 4007 Christi
539 3955 896 4010 sacerdotibus
925 3955 1039 4024 ﬁat.

211 4047 478 4101 lntroitus
504 4046 627 4102 ﬁdei
646 4055 702 4103 et
721 4049 884 4104 totius
903 4059 1100 4105 sanctae
1119 4051 1376 4106 doctrinae
1399 4051 1464 4105 ad
1495 4052 1736 4106 animum

142 4152 236 4207 per
260 4153 430 4192 aures
459 4137 778 4203 admittitur,
813 4148 869 4194 et
908 4139 974 4194 de
1004 4139 1192 4194 auditu
1229 4140 1533 4196 intellectus
1559 4139 1732 4195 exori-

142 4243 249 4285 tur.
291 4229 480 4298 Neque
509 4229 653 4284 enim
686 4237 865 4300 potest
892 4231 1085 4299 aliquis
1121 4231 1243 4286 ﬁdei
1280 4241 1619 4288 sacramenta
1645 4247 1734 4288 co-

138 4335 428 4390 gnoseere,
468 4319 573 4375 nisi
601 4320 785 4374 audiat
811 4322 1216 4390 prmdicantem,
1247 4321 1552 4378 afﬁrmante
1578 4323 1736 4377 beato

136 4410 404 4482 Apostolo
431 4411 524 4479 qui
551 4410 685 4466 dicit
713 4428 725 4464 :
757 4409 918 4466 Fides
957 4429 1022 4466 ea:
1057 4413 1281 4478 auditu;
1310 4413 1523 4468 auditus
1561 4423 1737 4467 autem

135 4520 227 4573 per
252 4501 472 4556 verbum
505 4501 624 4556 Dei.
665 4502 832 4557 Recte
859 4519 987 4575 ergo
1011 4505 1128 4574 ejus
1166 4519 1358 4560 sensus
1381 4518 1580 4573 organa
1609 4518 1735 4558 san-

136 4593 474 4657 ctiﬁcantur,
523 4594 639 4648 sine
681 4608 787 4662 quo
832 4593 965 4648 ﬁdes
1011 4595 1075 4648 ad
1116 4594 1356 4649 animum
1405 4610 1509 4648 non
1555 4600 1735 4663 potest

135 4687 450 4757 pervenire.
483 4685 773 4741 Sciendum
796 4695 972 4740 tamen
999 4687 1142 4756 quod
1171 4687 1235 4741 de
1261 4687 1364 4740 hac
1391 4701 1446 4739 re
1481 4685 1534 4739 in
1557 4686 1734 4740 diver-

136 4781 210 4834 sis
251 4778 572 4849 regionibus
607 4777 851 4832 diversus
898 4785 1142 4832 teneatur
1174 4791 1322 4832 usus.
1363 4775 1468 4829 Alii
1502 4789 1735 4844 namque

135 4871 259 4925 oleo
288 4876 480 4924 sancto
503 4876 729 4938 tangunt
747 4868 1257 4922 catechumenorum
1283 4880 1441 4920 aures
1460 4874 1516 4919 et
1539 4880 1730 4929 nares;

136 4963 226 5016 alii
260 4976 396 5016 vero
428 4968 618 5031 sputo;
651 4960 740 5015 alii
767 4961 969 5030 absque
998 4968 1157 5031 sputo
1180 4967 1236 5014 et
1269 4957 1416 5022 oleo;
1448 4956 1537 5010 alii
1565 4955 1730 5009 etiam

135 5069 198 5108 os
237 5061 475 5123 tangunt
514 5052 655 5114 oleo,
700 5052 770 5106 ad
815 5052 1118 5121 exemplum
1162 5050 1520 5106 Dominicum.
1577 5046 1728 5102 Unde

134 5145 407 5215 scriptum
443 5155 527 5199 est
560 5143 614 5198 in
643 5143 932 5213 Evangelio
959 5143 1025 5198 de
1067 5142 1231 5198 surdo
1269 5150 1325 5196 et
1362 5150 1510 5194 muto
1539 5156 1551 5190 :
1583 5136 1728 5192 Misit

134 5237 336 5309 digitos
372 5255 496 5292 suos
535 5239 591 5291 in
632 5237 900 5291 auriculas
937 5237 1072 5307 ejus.
1113 5236 1220 5292 Sed
1263 5237 1374 5291 sive
1411 5243 1557 5290 tactu
1606 5233 1731 5298 olei,

134 5332 254 5384 sive
283 5328 463 5394 aliter,
506 5328 628 5383 ideo
665 5326 1073 5382 sanctiﬁcantur
1099 5341 1290 5390 aures,
1320 5334 1378 5378 ut
1417 5323 1626 5378 venturi
1665 5323 1733 5377 ad

135 5420 474 5491 baptismum
501 5420 570 5475 ab
604 5420 754 5474 omni
789 5418 932 5474 malo
971 5427 1025 5471 ct
1054 5417 1196 5487 turpi
1227 5418 1389 5472 verbo
1414 5433 1574 5471 aures
1609 5432 1734 5471 suas

134 5510 457 5583 impollutas
481 5509 809 5574 custodiant,
835 5509 975 5564 sicut
997 5508 1258 5578 scriptum
1277 5515 1360 5561 est
1392 5524 1404 5560 :
1436 5505 1555 5577 Sepi
1579 5522 1732 5559 aures

131 5620 270 5657 sua:
312 5602 505 5673 spinis,
555 5611 604 5655 et
635 5601 742 5655 noli
778 5601 964 5655 audire
1002 5599 1233 5670 linguam
1275 5615 1492 5668 nequam
1540 5595 1728 5666 (Eccli.

134 5712 340 5759 txvm,
370 5695 484 5765 9.8).
519 5695 585 5749 Et
611 5711 798 5750 rursus
833 5713 848 5748 :
884 5693 965 5747 Da
997 5693 1051 5746 in
1079 5689 1407 5759 disciplinam
1445 5707 1533 5743 cor
1560 5699 1726 5751 tuum,

206 5819 234 5849 ι
267 5804 471 5862 Confer
499 5803 650 5860 Jesse
681 5805 929 5860 Ambian.
963 5802 1264 5876 epistolam.

1841 3252 1948 3308 tur,
1988 3260 2096 3314 quo
2138 3246 2290 3316 signo
2325 3246 2570 3300 diabolus
2597 3253 2786 3300 auctor
2811 3243 3050 3314 perﬁdia:
3084 3241 3334 3312 pellatur,
3373 3251 3431 3295 et

1838 3334 2084 3390 Christus
2110 3336 2332 3406 largitor
2358 3336 2478 3391 ﬁdei
2508 3345 2562 3391 et
2593 3335 2878 3390 charitatis
2905 3333 3253 3404 ingrediatur.
3289 3330 3426 3385 Nam

1837 3439 1934 3480 cor
1957 3425 2191 3480 hominis
2215 3435 2302 3480 est
2332 3425 2488 3480 sedes
2517 3423 2720 3479 erroris
2747 3430 2802 3476 et
2829 3421 3079 3476 vitiorum
3104 3435 3226 3473 cum
3252 3435 3283 3472 a
3312 3418 3428 3473 dia.

1838 3519 1962 3574 bolo
1997 3517 2303 3588 possidetur
2341 3533 2355 3573 :
2400 3527 2454 3574 et
2484 3519 2658 3590 ipsum
2689 3517 2923 3574 efﬁcitur
2960 3515 3327 3571 habitaculum

1837 3613 1945 3678 dei,
1979 3612 2091 3683 spei
2127 3622 2181 3668 et
2222 3613 2504 3668 charitatis
2538 3629 2660 3668 cum
2701 3629 2731 3666 a
2772 3612 2988 3668 Christo
3025 3611 3330 3667 defenditur
3371 3617 3428 3664 et

1838 3704 2156 3760 illustratur.
2183 3705 2335 3760 Sicut
2357 3706 2500 3760 enim
2538 3706 2794 3775 scriptum
2817 3714 2902 3760 est
2925 3723 2936 3758 :
2969 3704 3044 3759 De
3063 3703 3217 3758 corde
3237 3711 3426 3757 exeunt

1838 3796 2174 3866 cogitationes
2196 3794 2373 3860 malm,
2395 3794 2673 3858 adulteria,
2701 3795 3096 3864 fornicationes,
3121 3791 3423 3846 homicidia.

1838 3885 1905 3940 Et
1933 3903 1946 3938 :
1977 3883 2170 3956 Diliges
2197 3885 2480 3939 Dominum
2503 3885 2669 3938 Deum
2693 3893 2840 3938 tuum
2860 3900 2924 3938 ea:
2954 3893 3059 3938 toto
3082 3883 3255 3937 corde.
3283 3883 3428 3937 Bene

1836 3991 1966 4048 ergo
1992 3977 2046 4030 in
2078 3977 2544 4032 abrenuntiatione
2568 3976 2765 4032 diaboli
2794 3985 3064 4047 unguntur
3090 3975 3253 4030 corda
3281 3982 3426 4028 cate—

1836 4068 2223 4122 chumenorum
2243 4107 2258 4132 ,
2287 4075 2348 4122 ut
2375 4068 2590 4122 recedat
2616 4067 2682 4120 ab
2709 4065 2788 4120 eis
2815 4081 2935 4120 cum
2970 4064 3221 4119 omnibus
3248 4063 3425 4132 operi-

1836 4157 1936 4212 bus
1960 4166 2014 4213 et
2046 4158 2254 4229 pompis
2280 4159 2414 4229 ejus.

2449 4246 2676 4303 CAPUT
2713 4246 2798 4300 ΠΙ.

1836 4339 1914 4394 De
1947 4339 2397 4393 abrenuntiatione
2432 4337 2648 4392 Satana:
2681 4350 2701 4387 :
2739 4333 2816 4390 vel
2842 4349 2961 4404 qua:
2988 4333 3092 4388 sint
3119 4349 3274 4403 opera
3303 4349 3419 4403 ejus

2473 4416 2522 4460 et
2546 4421 2765 4476 pompas.

1907 4499 2317 4556 Abrenuntiatio
2343 4507 2426 4554 est
2462 4497 2728 4553 abdicatio
2757 4505 2812 4551 et
2842 4495 3157 4566 repudiatio.
3199 4493 3268 4549 Et
3295 4507 3418 4548 cum

1762 4561 1812 4622 υ
1836 4593 2064 4648 dicimus
2093 4609 2105 4644 :
2139 4591 2490 4644 Abrenuntias
2525 4587 2784 4643 Satana'?
2821 4561 2948 4657 quid
2983 4585 3128 4640 aliud
3167 4585 3415 4648 dicimus,

1835 4685 1959 4749 nisi,
1989 4683 2220 4739 Resistis
2254 4683 2503 4738 diabolo?
2533 4681 2672 4736 sicut
2709 4678 2998 4749 Apostolus
3025 4677 3100 4731 ait
3130 4694 3144 4730 :
3177 4675 3419 4731 Resistite

1833 4776 2040 4830 diabolo
2086 4785 2134 4830 et
2174 4776 2334 4846 fugiet
2381 4792 2414 4828 a
2465 4772 2632 4837 robis,
2685 4779 2745 4826 ut
2789 4777 3082 4840 sequatur;
3129 4767 3422 4839 ApprOpiu-

1833 4876 1987 4936 quate
2016 4865 2124 4920 Deo
2144 4906 2159 4930 ,
2191 4876 2240 4919 et
2277 4862 2710 4936 appropinquabit
2741 4861 2899 4916 vobis.
2927 4858 3307 4914 Resistendum
3337 4867 3422 4912 est

1836 4964 2015 5009 autem
2037 4955 2270 5019 diabolo,
2293 4952 2591 5022 spernenda
2618 4958 2742 5006 sunt
2763 4965 2924 5020 opera
2950 4946 3086 5016 ejus,
3109 4947 3422 5002 abdicanda:

1839 5063 2064 5116 pompm,
2094 5057 2153 5100 ut
2177 5063 2283 5101 non
2313 5044 2550 5100 inveniat
2592 5044 2733 5098 unde
2769 5043 3074 5097 dominetur
3113 5040 3290 5103 nobis,
3328 5039 3421 5092 sed

1839 5141 2153 5196 excludatur
2180 5140 2244 5194 de
2271 5138 2524 5194 cordibus
2551 5135 3083 5196 catechumenorum,
3113 5139 3173 5184 ut
3198 5129 3420 5184 munde-

1837 5241 1926 5286 tur
1953 5232 2143 5285 domus
2170 5229 2542 5292 conscientiae;
2576 5225 2865 5281 mundetur
2893 5233 3070 5278 autem
3099 5219 3322 5280 domus,
3362 5224 3420 5268 ut

1834 5324 2082 5379 Christus
2124 5321 2385 5376 introieris
2424 5335 2574 5384 eam,
2615 5318 2866 5373 mundam
2912 5311 3166 5368 inveniat.
3210 5308 3268 5363 lu
3313 5307 3416 5360 hac

1833 5415 2165 5486 professione
2187 5409 2695 5473 abrenuntiationis,
2720 5422 2824 5460 non
2848 5402 3156 5458 hominibus
3181 5397 3276 5453 sed
3303 5395 3415 5450 Deo

1832 5515 1888 5561 et
1918 5504 2122 5576 angelis
2154 5501 2271 5571 ejus
2297 5497 2765 5557 conscribentibus
2802 5493 2998 5549 dicitur
3026 5503 3039 5542 :
3069 5487 3410 5541 Abrenuntio.

1832 5595 2329 5652 Abrenantiandum
2361 5600 2442 5647 est
2484 5605 2588 5644 non
2632 5586 2801 5642 solum
2843 5581 3090 5645 vocibus,
3122 5579 3216 5634 sed
3246 5577 3410 5632 etiam

1832 5686 2088 5744 moribus.
2121 5699 2226 5738 non
2259 5689 2464 5737 tantum
2495 5692 2625 5731 sono
2653 5675 2871 5743 linguaa,
2905 5667 2996 5724 sed
3023 5678 3074 5722 et
3105 5675 3228 5722 actu
3261 5668 3410 5724 vitae.
