3868 6174
514 405 620 462 859

1548 385 1868 443 ωςωιιεωι
1907 381 2392 440 LUGDUNENSIS
2428 378 2732 435 EI’ISCOPI

3634 387 3722 443 860

515 518 805 588 Postquam
831 523 1009 569 autem
1040 513 1203 566 homo
1234 505 1593 562 renuntiando
1629 503 1844 558 diabolo
1873 500 2103 556 exclusit
2130 511 2177 562 Α
2204 513 2371 551 unum
2394 496 2565 552 Deum
2593 494 2941 588 invisibilezn,
2970 494 3126 588 unius
3152 495 3392 588 essentia:
3417 505 3470 552 et
3492 480 3730 568 potestati};

512 611 805 680 pessimum
835 607 1140 660 invasorern
1160 644 1174 665 ,
1201 600 1510 655 introducat
1535 596 1798 666 optimum
1825 608 2103 663 possesso—

512 715 649 753 rem.

590 784 777 839 Diﬁ‘ert
805 795 988 838 autem
1019 784 1159 836 inter
1183 796 1348 850 opera
1383 788 1438 834 et
1478 791 1723 848 pompas.
1757 774 1933 845 Opera
1958 773 2103 828 enim

512 875 711 931 diaboli
757 882 883 929 sunt
924 873 1060 927 ritus
1093 871 1354 940 profanus
1388 869 1482 937 qui
1518 867 1676 923 idolis
1711 865 2101 929 exhibebatur;

512 968 704 1024 deinde
742 966 1125 1030 homicidium,
1165 964 1402 1030 furtum,
1441 963 1661 1032 rapina,
1692 960 1871 1026 fraus,
1918 959 2104 1030 perju-

514 1060 655 1112 rium
675 1100 689 1125 ,
719 1058 1074 1120 adulterium,
1101 1055 1399 1110 inimicitia:
1417 1095 1431 1119 ,
1455 1052 1768 1116 discordiae,
1797 1051 1891 1105 ine
1908 1090 1923 1115 ,
1949 1050 2104 1114 rixze,

514 1148 900 1213 dissensiones,
927 1156 982 1201 et
1009 1156 1205 1201 caetera
1234 1144 1558 1213 huiusmodi.
1591 1141 1673 1197 Ad
1702 1156 1953 1213 pompam
1975 1154 2107 1195 vero

515 1237 713 1293 diaboli
743 1239 1017 1308 pertinent
1043 1236 1382 1307 spectacula,
1415 1236 1603 1289 insana
1639 1233 1865 1304 gaudia,
1897 1232 2110 1285 invere-

515 1328 724 1383 cundus
762 1327 932 1395 lepor,
967 1327 1240 1395 varimque
1279 1334 1460 1395 pestes
1501 1324 1785 1379 lividorum
1830 1336 2103 1377 sensuum.

518 1418 611 1472 Sic
637 1417 781 1471 enim
811 1416 1061 1485 antiquos
1087 1416 1276 1471 Patres
1309 1416 1561 1469 novimus
1587 1413 1909 1484 praedicasse
1937 1410 2109 1465 ﬁdeli-

514 1508 619 1560 bus
647 1505 713 1559 de
736 1505 948 1575 pompis
977 1504 1177 1559 diaboli
1207 1504 1475 1575 fugiendis
1509 1521 1522 1556 :
1555 1520 1573 1552 ι
1608 1501 1864 1557 Diabolus
1890 1509 2107 1572 specta—

515 1593 759 1649 culorum
783 1594 1070 1659 insaniam,
1096 1594 1398 1649 studiorum
1421 1608 1483 1648 ac
1509 1593 1744 1663 turpium
1773 1592 2108 1661 voluptatum

518 1684 872 1755 museipulam
898 1700 1068 1755 quare
1093 1684 1384 1753 proponit?
1410 1683 1515 1738 nisi
1544 1691 1603 1736 ut
1632 1683 1717 1737 his
1741 1682 2112 1738 delectationi-

514 1777 617 1831 bus
646 1776 852 1846 capiat,
891 1792 1028 1845 quos
1054 1776 1331 1831 amiserat.
1360 1775 1570 1845 Fugite,
1598 1774 1955 1840 dilectissimi,
1989 1788 2110 1843 spe-

516 1865 724 1920 ctacula
749 1906 764 1931 ,
813 1865 980 1937 fugite
1015 1882 1211 1921 caveas
1256 1866 1598 1935 turpissimas
1638 1864 1870 1931 diaboli,
1913 1880 1984 1920 ne
2013 1880 2111 1920 vos

516 1955 729 2010 vincula
756 1964 976 2011 teneant
1002 1957 1243 2028 maligni.
1280 1956 1504 2011 Amator
1533 1964 1617 2011 est
1646 1956 1916 2026 quispiam
1945 1955 2110 2010 circi?

517 2047 657 2114 Quid
685 2048 920 2104 delectat
937 2049 1083 2105 circo
1103 2050 1320 2120 aurigas
1346 2049 1532 2105 videre
1556 2050 1864 2104 certantes?
1884 2047 2110 2119 populos

514 2136 707 2193 insana
731 2138 873 2193 furia
902 2140 1261 2196 anhelantes?
1289 2139 1584 2210 quemlibet
1600 2138 1996 2210 praecedentem
2017 2138 2111 2194 ad-

517 2230 746 2285 versarii
776 2230 860 2286 sui
886 2246 1084 2301 equum
1112 2231 1486 2303 frangentem?
1516 2230 1623 2285 lsta
1650 2238 1737 2285 est
1761 2229 1939 2285 omnis
1965 2228 2111 2285 dele-

515 2325 703 2391 ctatio,
736 2324 990 2381 clamare.
1022 2325 1161 2392 Quia
1184 2326 1317 2380 vicit
1345 2325 1399 2379 in
1425 2323 1674 2383 theatris.
1699 2322 1877 2379 Labes
1893 2337 2108 2379 morum

515 2425 600 2473 est
625 2416 836 2472 discere
868 2417 1079 2487 turpia,
1114 2415 1304 2471 audire
1346 2415 1650 2470 inhonesta.
1683 2412 1897 2470 Chorus
1932 2413 2023 2469 ille
2054 2421 2112 2469 et

518 2508 699 2563 cantio
729 2509 1051 2577 pantomimi
1091 2508 1247 2563 illicit
1276 2508 1549 2573 auditum,
1590 2505 1683 2562 sed
1721 2513 1996 2578 expugnat
2022 2521 2111 2562 sa-

516 2615 646 2654 num
678 2598 952 2654 aﬁ‘ectum.
990 2619 1009 2652 ι
1043 2599 1262 2669 Pompa:
1288 2598 1488 2653 diaboli
1510 2605 1637 2653 sunt
1664 2612 1890 2667 quaeque
1924 2596 2111 2653 illicita

516 2691 782 2746 desideria
810 2706 931 2761 quae
973 2699 1229 2761 turpant,
1260 2705 1368 2746 non
1398 2706 1518 2760 qua:
1546 2699 1812 2745 exornant
1839 2689 2106 2757 animam;

517 2788 577 2834 ut
600 2787 728 2835 sunt
753 2780 1022 2835 desideria
1051 2780 1263 2843 carnis,
1292 2780 1559 2835 desideria
1599 2779 1908 2844 oculorum,
1938 2778 2111 2833 ambi-

515 2870 692 2926 tiones
736 2871 937 2927 szeculi.
962 2871 1045 2927 Ad
1082 2872 1571 2942 concupiscentiam
1601 2872 1779 2926 carnis
1814 2872 2108 2942 pertinent,

516 2960 803 3029 illecebrae,
832 2962 1168 3034 voluptates;
1192 2963 1258 3018 ad
1288 2964 1782 3033 concupiscentiam
1804 2964 2109 3029 oculorum,

517 3052 800 3122 nugacitas
828 3055 1294 3123 spectaculorum;
1332 3056 1401 3110 ad
1429 3055 1777 3111 ambitionem
1807 3056 1987 3112 saeculi
2028 3057 2111 3111 in-

520 3156 653 3197 sana
685 3144 935 3214 superbia
969 3162 983 3199 :
1018 3144 1106 3199 ubi
1135 3154 1218 3199 est
1243 3144 1422 3201 fumus
1451 3145 1698 3213 inﬂatus,
1723 3155 1784 3200 ut
1819 3147 1982 3203 homo
2007 3164 2107 3218 po-

517 3230 656 3287 situs
683 3233 738 3286 in
764 3232 943 3303 aliqua
970 3241 1260 3304 potestate,
1286 3236 1557 3291 hominem
1581 3252 1640 3292 se
1662 3251 1783 3293 esse
1810 3252 1919 3292 non
1946 3253 2111 3309 agno-

517 3330 657 3388 scat,
689 3338 813 3379 cum
838 3326 904 3379 de
934 3324 1150 3380 homine
1175 3325 1403 3398 iudicat.
1444 3326 1546 3394 Qui
1574 3328 1689 3381 vult
1731 3344 1859 3399 ergo
1893 3328 2113 3384 vincere

518 3412 626 3466 tria
678 3412 803 3479 ista,
843 3414 1028 3469 vincat
1067 3429 1187 3485 quae
1229 3424 1356 3471 sunt
1391 3416 1447 3471 in
1490 3416 1691 3472 mundo
1728 3433 1742 3470 :
1773 3424 1829 3472 et
1864 3432 1962 3488 per
1998 3418 2113 3473 hac

517 3502 668 3556 illum
694 3503 864 3558 vineit
894 3505 1091 3571 etiam,
1120 3505 1213 3576 qui
1248 3507 1527 3563 suadendo
1555 3522 1654 3578 per
1682 3507 1991 3577 superbiam
2020 3509 2113 3563 de-

519 3592 665 3663 cepit
697 3594 976 3649 mundum.

1071 3684 1377 3742 CAPUT
1452 3687 1558 3741 IV.

1121 3773 1201 3828 De
1225 3772 1490 3846 Symbolo.

2206 601 2271 641 ac
2300 586 2750 658 sempiternitatis
2778 602 2791 638 :
2824 584 2899 638 ita
2929 592 3009 649 ut,
3039 584 3262 655 singulis
3283 600 3609 654 personarum
3629 608 3728 662 pro-

2204 682 2435 758 prietate
2465 688 2677 735 servata
2696 720 2711 745 ,
2742 694 2843 734 nec
2876 678 3299 733 subslantialiter
3325 678 3545 737 Trinitas
3578 683 3729 752 dividi,

2205 787 2306 827 nec
2352 772 2714 843 personaliter
2749 772 2945 827 debeat
2993 772 3215 826 omnino
3257 770 3515 829 confundi.
3553 774 3731 833 Patrem

2205 882 2419 938 quoque
2446 866 2693 923 conﬁteri
2721 866 3050 936 ingenitum,
3085 863 3280 919 Filium
3314 867 3568 937 genitum,
3593 868 3731 940 Spiri-

2206 968 2320 1013 tum
2350 966 2531 1013 autem
2553 966 2804 1013 sanctum
2832 971 2934 1011 nec
2959 955 3198 1026 genitum
3229 971 3330 1011 nec
3350 957 3637 1028 ingenitum,
3655 962 3728 1016 sed

2205 1066 2270 1105 ex
2302 1050 2463 1105 Patre
2490 1056 2547 1103 et
2578 1049 2716 1105 Filio
2752 1049 3156 1119 procedentem.
3197 1047 3385 1102 Filium
3422 1064 3453 1102 a
3488 1048 3629 1107 Patre
3656 1066 3728 1106 na-

2205 1145 2407 1199 scendo
2453 1142 2781 1212 procedere,
2830 1140 3095 1211 Spiritum
3142 1156 3273 1196 vero
3315 1150 3543 1196 sanctum
3584 1158 3730 1212 proce-

2206 1234 2384 1289 dendo
2421 1248 2529 1288 non
2559 1232 2731 1288 nasci.
2768 1231 2949 1302 Ipsum
2989 1246 3209 1301 quoque
3252 1230 3439 1285 Filium
3466 1245 3530 1286 ex
3564 1231 3729 1303 virgine

2208 1326 2324 1380 sine
2350 1332 2575 1395 peccato
2594 1324 2870 1379 hominem
2893 1323 3219 1394 suscepisse,
3242 1329 3303 1377 ut
3323 1338 3472 1393 quem
3491 1321 3591 1378 sola
3608 1325 3728 1380 boni-

2207 1424 2319 1471 tate
2347 1422 2646 1481 creaverat,
2672 1423 2865 1484 sponte
2889 1414 3109 1484 lapsumr
3127 1413 3531 1469 misericorditer
3549 1428 3727 1483 repara-

2209 1515 2312 1561 ret.
2348 1504 2519 1571 Quem
2542 1506 2811 1561 veraciter
2839 1504 3161 1561 cruciﬁxum
3182 1545 3198 1570 ,
3228 1512 3283 1559 et
3308 1504 3459 1559 tertia
3492 1505 3568 1561 die
3587 1520 3728 1562 resur-

2211 1599 2445 1663 rexisse,
2476 1607 2679 1653 etcum
2707 1597 2899 1653 eadem
2935 1597 3049 1667 ipsa
3087 1611 3254 1652 carne
3287 1596 3561 1667 gloriﬁcata
3581 1612 3730 1653 ascen-

2209 1687 2355 1743 disse
2379 1688 2447 1743 ad
2471 1687 2669 1743 cmlum
2694 1687 2986 1742 credimus.
3023 1686 3082 1741 In
3113 1701 3219 1756 qua
3256 1701 3414 1742 carne
3439 1686 3499 1742 ad
3517 1685 3728 1756 judicium

2209 1780 2455 1834 vivorum
2478 1786 2534 1833 et
2553 1786 2891 1833 mortuorum
2910 1786 3262 1848 exspectatur
3280 1785 3537 1832 venturus.
3549 1777 3605 1832 Et
3616 1778 3727 1847 quod

2139 1865 2186 1925 B
2216 1870 2270 1925 in
2296 1870 2477 1925 divina
2503 1870 2850 1940 humanaque
2872 1868 3177 1923 substantia
3204 1882 3361 1923 unam
3387 1865 3566 1923 Christi
3587 1876 3728 1938 gesta—

2210 1962 2350 2017 verit
2373 1975 2664 2031 personam
2693 1979 2705 2013 :
2731 1975 2897 2030 quam
2923 1973 3029 2013 non
3055 1959 3347 2030 geminavit
3365 1959 3612 2028 utriusque
3632 1960 3725 2013 sub-

2209 2049 2423 2105 stantiae
2473 2049 2816 2120 integritate,
2869 2048 3010 2103 sicut
3056 2062 3166 2103 non
3211 2046 3476 2104 confundit
3511 2046 3723 2118 geminam

2210 2141 2572 2195 substantiam
2601 2154 2848 2209 persona:
2875 2140 3110 2195 unitate.

2280 2231 2412 2289 Post
2442 2232 2872 2288 incarnationem
2913 2241 2970 2287 et
3001 2234 3310 2302 passionem
3353 2241 3502 2303 atque
3537 2245 3723 2287 resurre-

2210 2324 2445 2379 ctionem
2471 2323 2706 2392 Christi,
2735 2326 2998 2396 sequitur,
3033 2327 3091 2381 in
3121 2324 3372 2400 Symbolo
3400 2324 3721 2383 commendatio

2210 2424 2408 2469 sancta:
2452 2413 2706 2470 Ecclesia:
2747 2414 3039 2471 catholicae.
3094 2416 3232 2483 Quia
3279 2417 3629 2472 demonstratus
3662 2419 3722 2467 est

2211 2505 2372 2570 Deus,
2404 2506 2811 2562 demonstretur
2834 2514 2892 2562 et
2918 2507 3184 2578 templum
3211 2507 3392 2578 ipsius,
3415 2506 3544 2576 quod
3561 2513 3630 2559 est
3647 2502 3720 2557 Ee-

2211 2596 2405 2662 clesia,
2441 2604 2659 2663 sancta,
2691 2611 2833 2662 una,
2865 2611 3025 2664 vera,
3066 2596 3358 2661 catholica,
3394 2602 3559 2651 contra
3583 2604 3719 2648 omnes

2213 2687 2450 2743 haereses
2475 2701 2741 2757 pugnans,
2765 2702 3042 2758 nunquam
3063 2696 3383 2760 expugnata.
3412 2686 3621 2742 Hzereses
3636 2696 3719 2735 οω·

2211 2791 2311 2832 nes
2351 2778 2417 2833 de
2450 2777 2544 2832 illa
2579 2778 2858 2844 exierunt,
2897 2786 3157 2850 tanquam
3196 2788 3456 2835 sarmenta
3480 2774 3650 2830 inutilia
3670 2772 3719 2825 de

2210 2867 2322 2922 vite
2361 2868 2589 2938 prmcisa
2636 2886 2650 2921 :
2701 2868 2818 2939 ipsa
2863 2880 3045 2925 autem
3088 2877 3269 2925 manet
3302 2869 3353 2923 in
3390 2868 3547 2923 radice
3569 2863 3717 2928 sua,in

2210 2957 2321 3012 vite
2351 2973 2470 3023 sua,
2499 2957 2551 3012 in
2575 2958 2841 3015 charitate
2864 2974 2983 3026 sua,
3006 2967 3065 3016 et
3091 2968 3259 3030 portae
3281 2958 3430 3015 inferi
3451 2973 3541 3014 non
3559 2956 3718 3009 vincent

2209 3062 2351 3103 eam.

2283 3139 2567 3196 Credimus
2599 3141 2957 3196 remissionem
2998 3151 3351 3211 peccatorum.
3398 3138 3512 3195 Sine
3541 3133 3717 3191 istaﬁde

2139 3210 2184 3272 (ἶ
2215 3232 2259 3287 si
2290 3231 2412 3302 quis
2436 3232 2505 3285 ad
2530 3232 2857 3302 baptismum
2883 3210 3119 3297 accedit,
3145 3233 3259 3303 ipse
3294 3240 3467 3288 contra
3492 3243 3540 3285 se
3555 3227 3719 3297 ianuam

2214 3322 2558 3394 indulgentia:
2585 3322 2807 3379 claudit.
2837 3321 3030 3379 Omnia
3051 3337 3282 3392 prorsus
3307 3322 3487 3378 delicta
3502 3318 3716 3373 deletsan-

2211 3420 2361 3467 ctum
2393 3413 2661 3483 baptisma
2686 3421 2743 3468 et
2768 3412 3053 3484 originalia
3082 3421 3147 3469 et
3179 3413 3413 3484 propria,
3439 3411 3589 3473 facta,
3613 3403 3714 3475 cogi-

2213 3513 2346 3568 tata,
2377 3506 2613 3577 cognita,
2646 3504 2939 3577 incognita,
2967 3507 3157 3562 omnia
3185 3507 3523 3564 dimittuntur.
3553 3501 3714 3556 lunarat

2213 3596 2486 3651 hominem
2529 3597 2620 3666 qui
2669 3595 2800 3653 fecit
2837 3597 3049 3663 omnia;
3091 3599 3257 3654 donat
3302 3597 3510 3661 delicta,
3537 3592 3610 3662 qui
3640 3600 3711 3642 non

2211 3689 2407 3758 quaerit
2446 3688 2667 3755 merita;
2706 3689 2966 3759 przevenit
2999 3692 3180 3760 gratia
3220 3689 3376 3744 etiam
3412 3688 3557 3757 ipsam
3587 3679 3709 3738 inlan-

2215 3780 2380 3847 tiam,
2428 3787 2489 3834 ut
2534 3778 2643 3835 sint
2684 3777 2841 3834 liberi
2889 3794 2986 3849 per
3023 3778 3330 3846 Christum,
3352 3777 3435 3848 qui
3468 3776 3514 3830 in
3541 3772 3707 3827 Adam:

595 3860 907 3932 Symbolum
939 3862 1156 3932 Graece,
1186 3864 1379 3922 Latine
1404 3882 1533 3923 vero
1563 3869 1948 3940 interpretatur
1975 3872 2116 3928 indi.
2211 3871 2425 3927 diabolo
2450 3871 2775 3927 tenebantur
2801 3879 2927 3926 ante
2963 3873 3187 3941 captivi.
3218 3871 3434 3941 Propter
3453 3866 3601 3923 omnia
3623 3874 3708 3931 pec;

521 3953 696 4020 cium,
732 3954 818 4009 vel
843 3955 1088 4025 collatio;
1140 3958 1245 4014 hoc
1285 3967 1403 4025 est,
1438 3958 1593 4027 Quod
1629 3962 1812 4033 plures
1851 3964 1905 4018 in
1943 3979 2111 4020 unum

520 4047 825 4105 conferunt.
856 4049 913 4104 Id
941 4051 1085 4106 enim
1114 4050 1360 4108 fecerunt
1382 4054 1610 4124 apostoli
1638 4054 1693 4109 in
1727 4055 1813 4110 his
1846 4057 2109 4113 sermoni-

518 4138 642 4203 bus,
680 4139 737 4193 in
769 4154 938 4194 unum
974 4139 1301 4197 conferendo
1329 4144 1701 4214 unusquisque
1738 4147 1881 4215 quod
1920 4148 2109 4203 sensit.

516 4225 781 4283 Indicium
808 4237 992 4285 autem
1019 4229 1105 4286 vel
1134 4230 1349 4302 signum
1385 4232 1590 4287 idcirco
1635 4233 1852 4300 dicitur,
1893 4236 2018 4306 quia
2057 4238 2111 4292 in

516 4318 611 4374 illo
636 4326 876 4389 tempore
902 4321 1055 4376 multi
1077 4322 1409 4378 simulabant
1432 4339 1491 4379 se
1511 4340 1632 4380 esse
1659 4326 1931 4395 apostolos
1954 4326 2112 4388 Chri-

520 4407 608 4471 sti,
638 4410 981 4466 nominantes
1005 4412 1225 4481 quidem
1247 4410 1548 4480 Christum,
1573 4414 1668 4470 sed
1696 4431 1803 4471 non
1829 4431 1955 4472 eum
1983 4433 2110 4474 vera

525 4497 630 4553 ﬁde
660 4500 992 4556 nuntiantes.
1026 4502 1230 4558 Idcirco
1258 4513 1553 4574 posuerunt
1591 4505 1891 4576 symbolum
1916 4548 1931 4573 ,
1973 4508 2111 4563 indi-

519 4586 661 4641 cium
700 4603 800 4658 per
841 4588 982 4661 quod
1020 4601 1403 4661 agnosceretur
1437 4593 1485 4650 is
1533 4594 1627 4665 qui
1669 4594 1943 4652 Christum
1982 4613 2111 4669 vere

521 4676 816 4732 secundum
847 4680 1170 4750 apostolicas
1195 4683 1409 4755 regulas
1432 4685 1777 4754 praedicaret.
1810 4687 2110 4743 Discessuri

521 4765 666 4819 enim
696 4769 925 4837 apostoli
967 4769 1034 4826 ad
1078 4772 1555 4844 evangelizandum
1596 4774 1650 4829 in
1690 4775 1972 4847 gentibus,
2008 4779 2113 4833 hoc

524 4852 627 4908 sibi
670 4856 1068 4925 praedicationis
1108 4859 1320 4931 signum
1365 4862 1451 4917 vel
1499 4862 1757 4918 indicium
1797 4876 2108 4934 posuerunt.

523 4945 774 5002 Continet
800 4957 981 5004 autem
1016 4950 1404 5011 confessionem
1445 4955 1728 5013 Trinitatis
1756 4966 1812 5012 et
1847 4959 2109 5014 unitatem

520 5036 812 5104 Ecclesiae,
851 5047 909 5095 et
942 5056 1157 5098 omnem
1194 5043 1485 5102 Christiani
1523 5046 1793 5117 dogmatis
1821 5048 2111 5106 confessio-

524 5144 669 5183 nem.
701 5128 853 5196 Quod
888 5131 1187 5202 symbolum
1228 5134 1351 5190 ﬁdei
1381 5145 1579 5193 nostrae
1621 5154 1728 5192 non
1775 5138 2110 5209 reliquerunt

525 5218 750 5289 apostoli
779 5221 1039 5292 scriptum
1069 5230 1371 5280 atramento
1400 5225 1455 5279 in
1484 5225 1672 5281 charta
1693 5266 1709 5292 ,
1749 5227 1844 5282 sed
1873 5228 1927 5281 in
1957 5228 2111 5284 tabu—

524 5308 592 5365 lis
612 5310 794 5367 cordis
820 5311 1145 5369 carnalibus.

1151 5402 1379 5460 CAPUT
1420 5405 1481 5459 γ.

1094 5492 1171 5548 De
1223 5491 1548 5547 credulitate.

592 5582 719 5638 Post
744 5586 1094 5655 apostolicum
1117 5588 1419 5659 symbolum
1445 5589 1745 5645 certissima
1772 5589 1921 5652 ﬁdes,
1948 5606 2108 5660 quam

525 5672 763 5740 magistri
804 5675 1169 5731 Ecclesiarum
1213 5679 1584 5743 tradiderunt,
1622 5680 1735 5733 haec
1764 5688 1845 5735 est
1883 5681 2106 5746 scilicet,

527 5764 588 5812 ut
611 5762 922 5828 proﬁteatur
942 5765 1157 5823 Patrem
1186 5779 1239 5824 et
1266 5770 1462 5826 Filium
1485 5781 1539 5828 ct
1569 5771 1828 5842 Spiritum
1860 5781 2105 5828 sanctum

2212 3972 2334 4020 cata
2357 3964 2657 4035 baptismus
2685 3963 2934 4018 inventus
2955 3972 3059 4018 est.
3097 3963 3323 4035 Propter
3348 3960 3489 4025 levia,
3517 3957 3607 4011 sine
3627 3951 3710 4022 qui-
3778 4026 3779 4033 γ

2211 4055 2313 4109 bus
2339 4069 2457 4109 esse
2486 4069 2591 4109 non
2621 4068 2929 4123 possumus,
2951 4052 3145 4109 Oratio
3166 4054 3420 4111 dominica
3441 4051 3617 4106 inventa
3635 4049 3703 4096 es!-
3776 4096 3777 4123 ἰ

2212 4142 2391 4198 Semel
2421 4142 2692 4198 abluimur
2715 4143 3058 4213 baptismate,
3091 4144 3328 4216 quotidie
3360 4140 3590 4199 abluimur
3619 4145 3703 4187 ora-

2213 4232 2377 4288 tione.
2408 4231 2639 4302 Propter
2661 4232 2869 4287 scelera
2894 4240 3101 4299 autem,
3125 4242 3219 4289 aut
3239 4233 3408 4302 aliqua
3431 4229 3554 4285 facta
3576 4224 3705 4280 imma-

2211 4326 2321 4391 nia,
2354 4326 2409 4379 id
2435 4332 2521 4380 est
2547 4332 2769 4394 peccata
2794 4325 3117 4393 criminalia,
3150 4326 3349 4397 agenda
3371 4330 3447 4379 est
3465 4310 3704 4391 pwnitenﬁt

2210 4417 2279 4472 ab
2303 4417 2389 4471 his
2414 4417 2505 4487 qui
2533 4431 2598 4472 ea
2626 4417 3043 4483 commiserunt,
3083 4432 3184 4488 pro
3213 4415 3400 4487 quibus
3434 4419 3614 4467 necesse
3632 4407 3702 4461 εείν

2140 4560 2189 4620 D
2211 4518 2272 4563 ut
2297 4524 2327 4563 a
2357 4507 2561 4565 Christi
2598 4525 2826 4580 corpore
2865 4521 3203 4582 separentur.
3245 4511 3378 4581 Ergo
3409 4506 3555 4561 tribus
3581 4495 3701 4593 mortis

2218 4598 2556 4620 Δ²“’²“““*⁴·“·“
2588 4609 2803 4620 *υ--ι-
2856 4601 2901 4620 =—
2957 4601 3171 4620 Αηιημ
3266 4600 3312 4620 ,_
3354 4595 3622 4620 Ludinnm
3665 4597 3698 4620 Μ

2213 4598 2557 4653 dimittuntur
2588 4609 2811 4671 peccata
2855 4601 2908 4655 in
2952 4601 3181 4658 ecclesia
3215 4620 3229 4655 :
3265 4600 3317 4654 in
3353 4595 3643 4667 baptismate.
3665 4597 3699 4635 ιιι

2213 4688 2485 4756 oratione,
2529 4690 2584 4745 in
2626 4691 2931 4747 humilitate
2966 4693 3172 4763 majore
3207 4686 3525 4762 poenitentia}.
3557 4678 3697 4734 Tamen

2215 4782 2357 4837 Deus
2382 4797 2489 4837 non
2518 4783 2739 4837 dimittit
2761 4791 3006 4852 peccata,
3041 4784 3147 4840 nisi
3170 4779 3458 4852 baptizatis.

2284 4871 2569 4928 Credimus
2606 4873 2772 4929 etiam
2818 4874 3248 4929 resurrectione»:
3276 4870 3469 4929 comis;
3491 4866 3696 4933 WPR‘?‘
3756 4906 3757 4933 1

2216 4961 2378 5015 cessit
2404 4962 2458 5015 in
2483 4960 2735 5027 Christo,
2763 4971 2822 5016 ut
2846 4963 2951 5018 hoc
2985 4962 3149 5018 etiam
3188 4966 3360 5030 speret
3388 4965 3577 5024 corpus.
3599 4937 3694 5013 ‘ll'Od

2214 5050 2494 5120 praeessit
2516 5050 2572 5105 in
2597 5050 2793 5120 capite.
2817 5049 3008 5106 Omnis
3035 5066 3157 5122 spes
3185 5048 3305 5105 ﬁdei
3328 5051 3502 5101 nostra:
3524 5034 3692 5092 δείδιε

2215 5141 2470 5211 Quoniam
2499 5140 2965 5197 resuscitabimur.
3007 5141 3304 5211 Besurgent
3332 5135 3465 5199 boni,
3486 5122 3693 5191 ηειιτεθιι

2216 5230 2382 5285 mali:
2415 5231 2508 5287 sed
2536 5231 2661 5286 boni
2687 5239 2747 5285 ut
2781 5231 3107 5303 sempiterna
3144 5227 3453 5287 beatitudine
3488 5220 3687 5274 fruantur;

2217 5320 2376 5385 mali,
2403 5328 2465 5375 ut
2489 5328 2751 5391 perpetuo
2788 5322 2910 5392 igne
2935 5322 3243 5392 puniantur.

2286 5412 2572 5469 Credimus
2596 5414 2754 5467 vitam
2779 5422 3049 5477 rrtemam,
3075 5412 3127 5468 in
3155 5426 3257 5481 qua
3286 5398 3544 5470 incompti
3562 5402 3687 5457 ωειιιι·
3742 5428 3743 5481 ἦ

2212 5504 2290 5558 les
2314 5509 2475 5557 erunt
2497 5501 2703 5572 angelis
2729 5501 2852 5566 Dei,
2886 5510 2948 5556 ut
2978 5502 3161 5556 vivant
3185 5513 3301 5554 cum
3329 5493 3447 5566 ipsis
3475 5490 3519 5542 in
3542 5486 3684 5537 ωιωτιίι

2211 5594 2353 5658 vita,
2404 5593 2458 5647 in
2494 5607 2657 5646 unam
2698 5592 3153 5647 immortalitatem
3187 5606 3248 5644 ac
3280 5582 3600 5653 sempiternam
3620 5575 3685 5633 Pa'
3740 5594 3741 5609 ‘

2214 5685 2394 5747 triam,
2426 5684 2479 5737 in
2508 5699 2613 5752 qua
2636 5684 2808 5753 patria
2838 5683 2947 5763 vita
2975 5691 3153 5738 nostra
3178 5688 3366 5734 :eterna
3388 5657 3682 5771 ipse

2212 5774 2335 5828 erit.
2368 5743 2505 5840 Quid
2527 5743 2605 5828 sit
2631 5743 2810 5830 autem
2834 5754 2972 5830 illud
2990 5774 3180 5829 bonum
3204 5765 3334 5837 quod
3360 5750 3563 5832 promisit
3582 5743 3678 5800 [καί

3774 4168 3775 4223 1

3772 4260 3773 4305 1

3756 4906 3757 4957 1

3754 4978 3755 5037 1

3752 5070 3753 5119 1

3750 5156 3751 5201 1

3744 5310 3747 5363 1

3742 5380 3745 5445 1
