3868 6174
138 374 238 430 861

1180 376 1378 429 LIBER
1417 375 1503 429 DE
1544 369 2007 428 SACRAMENTO
2045 374 2380 430 BAPTlSMl.

3293 382 3397 437 86.!

139 488 356 546 sanctis
398 488 544 551 suis,
587 487 711 557 quis
751 486 984 554 explicet
1022 486 1237 540 verbis?
1281 485 1514 540 Facilius
1557 492 1736 538 tamen
1764 484 1808 537 A
1840 490 1943 543 sto,
1972 497 2069 551 per
2090 484 2261 553 ipsum
2292 486 2643 551 renaseimur,
2674 496 2730 540 ut
2759 488 3025 557 puriﬁcati
3056 489 3408 546 viviﬁcemur.

138 593 443 651 possumus
469 575 674 642 dicere,
701 577 755 630 in
777 575 867 629 illa
894 576 1005 629 vita
1030 583 1230 629 aeterna
1257 576 1385 644 quid
1414 576 1485 628 ibi
1514 591 1620 628 non
1644 573 1734 635 sit,

140 683 315 739 quam
341 667 472 736 quid
500 666 576 721 ibi
606 666 695 720 sit.
728 665 845 720 Non
871 672 955 720 est
981 665 1054 721 ibi
1084 680 1248 728 mors,
1276 680 1383 719 non
1408 663 1603 726 luctus,
1632 678 1738 716 non

140 754 443 821 lassitudo,
497 769 607 808 non
652 753 966 816 inﬁrmitas,
1018 769 1126 806 non
1169 752 1370 817 fames;
1415 750 1557 804 nulla
1597 749 1735 811 sitis,

141 844 281 898 nulli
311 850 507 908 aestus,
535 842 679 896 nulla
717 842 991 911 corruptio
1015 882 1030 907 ,
1061 841 1205 896 nulla
1236 841 1556 911 indigentia,
1592 838 1735 892 nulla

141 933 429 999 mmstitia,
453 932 601 987 nulla
622 932 859 986 tristitia.
887 930 961 986 De
982 932 1065 987 his
1092 932 1252 1002 igitur
1275 931 1469 1001 quibus
1491 929 1739 984 catechu-

142 1038 338 1077 menos
368 1023 768 1092 interrogamus
800 1023 1014 1091 quando
1050 1021 1412 1092 baptizantur,
1446 1021 1525 1075 sic
1563 1019 1738 1076 credi-

144 1128 291 1180 mus,
326 1120 383 1167 et
409 1113 490 1167 sic
516 1113 595 1166 eis
621 1122 744 1182 post
771 1113 1097 1182 baptismum
1123 1112 1497 1184 praedicamus.

687 1220 1014 1276 CAPUT
1078 1221 1193 1277 Vl.

754 1290 834 1345 De
856 1290 1130 1362 baptismo.

217 1385 533 1456 Baptismus
569 1383 758 1439 Grazce
782 1423 797 1449 ,
846 1381 1036 1437 Latine
1081 1382 1271 1438 tinctio
1320 1383 1729 1450 interpretatur.

146 1477 279 1543 Quae
325 1475 531 1530 idcirco
580 1474 767 1528 tinctio
811 1473 1024 1538 dicitur,
1068 1474 1193 1542 quia
1235 1474 1306 1528 ibi
1346 1473 1507 1527 homo
1540 1470 1732 1541 spiritu

145 1567 336 1637 gratim
378 1567 436 1621 in
484 1565 678 1621 melius
722 1566 1067 1630 immutatur,
1121 1575 1176 1622 et
1221 1566 1377 1636 longe
1403 1565 1545 1620 aliud
1570 1580 1731 1635 quam

145 1667 266 1712 erat
284 1657 537 1713 edicitur.
596 1656 753 1712 Prius
798 1656 941 1711 enim
983 1655 1112 1712 foedi
1136 1672 1350 1712 eramus
1393 1655 1732 1712 deformitate

145 1757 532 1816 peccatorum:
567 1748 620 1802 in
662 1748 774 1817 ipsa
814 1747 1068 1802 tinctione
1099 1747 1375 1802 reddimur
1398 1746 1607 1816 pulchri
1638 1746 1730 1801 de-

1840 570 1982 625 Fons
2007 571 2106 627 iste
2127 573 2278 644 origo
2310 583 2393 630 est
2428 575 2665 629 omnium
2697 575 2987 647 gloriarum
3016 596 3026 630 :
3059 578 3178 633 fons
3215 578 3316 634 iste
3341 583 3413 635 si-

1838 659 2082 716 militudo
2100 673 2185 717 est
2210 664 2372 718 fontis
2398 666 2605 720 aeterni.
2658 665 2811 734 Aqua
2840 666 2926 720 illa
2963 683 3068 722 non
3097 668 3266 722 solum
3297 684 3410 725 sor-

1837 749 1932 805 des
1954 750 2118 817 lavat,
2144 753 2238 808 sed
2264 763 2320 810 et
2348 755 2584 809 animam
2607 771 2638 810 a
2662 758 2899 825 peccatis
2928 758 3142 813 liberat.

1908 838 2291 895 Sanctiﬁcatur
2317 843 2431 897 haec
2457 859 2553 913 per
2576 848 3034 902 consecrationem
3065 848 3231 902 verbi.
3263 849 3411 903 Tolle

1836 935 2014 981 autem
2029 930 2342 995 verbum,et
2362 932 2489 1000 quid
2506 941 2591 987 est
2610 949 2768 1003 aqua,
2800 936 2905 991 nisi
2934 938 3107 1005 aqua?
3157 955 3174 987 ι
3204 950 3226 976 ιι
3244 937 3410 993 Acce-

1835 1018 1916 1072 dit
1954 1020 2176 1074 verbum
2226 1022 2293 1075 ad
2333 1021 2656 1077 elementum
2680 1065 2695 1090 ,
2735 1034 2789 1080 et
2835 1026 2896 1081 ﬁt
2932 1037 3346 1082 sacramentum.
3386 1049 3404 1080 ι

1837 1110 2021 1165 Virtus
2048 1113 2197 1166 verbi
2227 1126 2325 1182 per
2353 1128 2547 1181 aquam
2575 1117 2799 1170 mundat
2827 1132 2942 1171 nos.
2985 1117 3073 1171 Ait
3100 1118 3240 1171 enim
3269 1118 3412 1187 Apo-

1836 1197 2006 1254 stolus
2029 1215 2043 1253 :
2071 1200 2394 1255 Accedamus
2417 1202 2484 1255 ad
2512 1202 2679 1257 Deum
2701 1221 2819 1259 vero
2840 1206 2993 1260 corde
3015 1207 3069 1259 in
3091 1206 3411 1276 plenitudine

1833 1291 1977 1359 ﬁdei,
2002 1294 2201 1363 aspersi
2222 1294 2378 1348 corde
2421 1313 2453 1348 a
2493 1295 2807 1349 conscientia
2849 1295 3010 1360 mala,
3037 1306 3083 1350 et
3106 1295 3270 1350 abluti
3297 1312 3411 1349 cor-

1832 1399 1930 1451 pus
1953 1400 2088 1453 aqua
2112 1384 2327 1437 munda.

1905 1472 2190 1528 Sciendum
2204 1482 2382 1528 autem
2400 1476 2541 1544 quod
2556 1476 2689 1531 ordo
2709 1485 2763 1531 et
2777 1492 2906 1532 usus
2921 1478 3225 1547 baptizandi
3241 1477 3410 1532 diver-

1834 1564 1909 1619 sis
1933 1566 2181 1634 temporil
2201 1567 2431 1622 usaliter
2445 1576 2606 1638 atque
2627 1569 2781 1624 aliter
2793 1569 2925 1637 fuit;
2960 1579 3135 1625 tamen
3159 1588 3262 1625 una
3275 1588 3409 1625 sem-

1832 1671 1924 1724 per
1944 1656 2095 1724 ﬁdes,
2124 1673 2285 1710 unum
2313 1657 2589 1728 baptisma.
2632 1659 2798 1715 Aliter
2826 1662 3121 1731 baptizavit
3146 1662 3402 1725 Joannes,
3436 1718 3440 1733 ι

1835 1742 1990 1797 aliter
2017 1744 2128 1814 ipse
2156 1745 2414 1799 Dominus
2434 1787 2448 1811 ,
2522 1748 2680 1802 aliter
2708 1750 2930 1818 apostoli
2955 1759 3077 1805 ante
3105 1752 3407 1820 passionem

141 1836 417 1890 albatione
443 1837 721 1891 virtutum.
775 1835 880 1891 Per
905 1836 1228 1906 baptismum
1255 1844 1588 1892 restaurator
1610 1852 1729 1892 cor—
1760 1805 1804 1865 Β
1836 1833 2131 1891 Salvatoris
2156 1878 2170 1903 ,
2222 1848 2275 1892 et
2315 1847 2604 1909 antequam
2649 1856 2715 1895 ex
2754 1842 2918 1897 latere
2948 1843 3064 1913 ejus
3104 1846 3323 1915 sanguis
3357 1856 3412 1899 et

144 1942 245 1996 pus
269 1925 462 1998 [Forte
490 1926 734 2000 spiritus]
765 1927 999 1983 hominis
1038 1929 1106 1983 ad
1140 1929 1374 1997 priorem
1399 1937 1598 1983 statum
1622 1929 1731 1997 pri-

142 2017 219 2072 mi
244 2017 391 2073 illius
413 2018 645 2072 hominis
666 2027 790 2073 ante
817 2025 1127 2089 peccatum;
1158 2017 1252 2072 sed
1289 2034 1397 2073 non
1427 2019 1515 2080 ita,
1560 2027 1617 2071 ut
1646 2033 1730 2073 se-

142 2124 309 2163 curus
340 2116 465 2177 post
508 2107 831 2175 baptismum
856 2108 1018 2162 vivat.
1058 2107 1191 2161 Nam
1217 2107 1286 2162 ad
1308 2123 1506 2180 agones
1531 2106 1731 2178 produ-

143 2199 289 2253 citur
314 2207 508 2254 contra
532 2198 799 2253 diabolum
828 2198 1080 2255 vitiorum
1120 2199 1418 2271 principem
1445 2198 1727 2255 dimicatu-

146 2307 239 2346 rus
270 2292 327 2346 in
379 2306 544 2345 arena
597 2291 757 2361 hujus
805 2291 1022 2356 mundi;
1072 2291 1161 2347 ubi
1209 2290 1560 2364 spectaculum
1601 2290 1729 2360 facti

140 2400 328 2438 sumus
359 2383 481 2435 huic
511 2382 703 2436 mundo
743 2392 791 2436 et
837 2382 1032 2453 angelis
1079 2393 1128 2437 et
1168 2384 1462 2438 hominibus
1505 2382 1557 2454 (1
1602 2381 1724 2439 Cor.

144 2491 218 2539 Iv,
250 2475 333 2541 9).
376 2472 672 2540 Utramque
713 2472 855 2525 enim
900 2482 1149 2541 partem,
1200 2473 1399 2528 Christi
1441 2472 1645 2528 scilicet
1674 2481 1729 2529 et

141 2561 375 2623 diaboli,
407 2559 616 2615 inﬁnita
651 2561 829 2629 populi
856 2561 1141 2617 multitudo
1170 2569 1374 2632 spectat
1412 2562 1723 2618 luctantem.

148 2651 277 2705 Duae
339 2658 465 2704 sunt
515 2666 746 2720 namque
797 2651 1072 2719 pactiones
1122 2653 1472 2706 credentium.
1548 2653 1728 2709 Prima

142 2741 324 2811 pactio
347 2749 462 2808 est,
496 2743 549 2796 in
570 2758 675 2811 qua
700 2743 1024 2797 renuntiavit
1052 2743 1262 2798 diabolo
1287 2752 1341 2797 et
1362 2746 1571 2814 pompis
1589 2745 1724 2815 ejus,

144 2842 199 2886 et
231 2833 500 2887 universae
528 2833 923 2888 conversationi
954 2833 1126 2900 illius;
1154 2835 1383 2889 secanda
1411 2836 1590 2906 pactio
1620 2846 1725 2904 est,

146 2924 198 2976 in
229 2939 335 2991 qua
362 2939 422 2977 se
462 2922 749 2992 proﬁtetur
788 2925 1007 2992 credere
1038 2924 1090 2978 in
1115 2924 1281 2978 Deum
1314 2924 1528 2981 Patrem
1553 2928 1728 2982 omni-

144 3025 418 3086 potentem
444 3055 458 3082 ,
508 3022 563 3070 et
599 3015 649 3071 in
678 3013 858 3071 Jesum
886 3014 1156 3072 Christum
1183 3014 1372 3070 Filium
1399 3016 1545 3086 ejus,
1593 3027 1647 3072 et
1671 3020 1725 3073 in

1831 1941 1970 1997 aqua
2001 1925 2246 1991 ﬂuerent,
2278 1927 2436 1982 aliter
2459 1937 2742 1998 postquam
2780 1932 2980 1987 dictum
3003 1942 3085 1989 est
3119 1933 3222 1988 illis
3248 1951 3259 1985 :
3306 1935 3406 1997 Ite,

1830 2016 2008 2069 docete
2057 2033 2232 2070 omnes
2271 2026 2468 2087 gentes,
2509 2018 2829 2088 baptizantes
2862 2038 2946 2076 eos
2973 2024 3027 2076 in
3055 2025 3259 2077 nomine
3294 2023 3405 2077 Pa-

1831 2105 1948 2169 tris,
1979 2114 2027 2158 et
2062 2101 2233 2170 Filii,
2280 2115 2330 2159 et
2373 2104 2602 2176 Spiritus
2638 2111 2827 2163 sancti.
2880 2110 3164 2180 Apostolus
3196 2127 3409 2182 quoque

1828 2198 2130 2269 baptizatos
2149 2199 2280 2254 dicit
2298 2209 2500 2271 patres,
2531 2203 2623 2271 qui
2644 2204 2711 2258 ab
2739 2203 2973 2275 Egypto
2997 2206 3219 2275 profecti
3241 2217 3401 2264 sunt:

1830 2290 1971 2344 Nolo
1994 2292 2133 2346 enim
2155 2308 2244 2347 vos
2283 2294 2542 2363 ignorare,
2589 2293 2777 2364 fratres
2799 2337 2812 2362 ,
2846 2298 3092 2367 quoniam
3116 2307 3289 2367 patres
3314 2315 3406 2352 no-

1828 2382 1925 2434 stri
1954 2398 2127 2435 omnes
2153 2382 2249 2436 sub
2272 2383 2405 2436 nube
2429 2383 2674 2452 fuerunt,
2725 2395 2771 2438 et
2797 2401 2971 2439 omnes
3007 2402 3150 2440 mare
3175 2388 3399 2440 transie-

1829 2479 1969 2534 runt,
1997 2479 2046 2524 et
2077 2487 2252 2525 omnes
2278 2473 2333 2526 in
2370 2471 2548 2544 Moyse
2587 2474 2839 2545 baptizati
2881 2484 3002 2529 sunt
3035 2477 3089 2530 in
3119 2476 3251 2530 nube
3278 2486 3327 2531 et
3352 2479 3406 2531 in

1828 2559 1983 2612 mari.
2023 2559 2093 2614 Et
2133 2576 2193 2616 re
2230 2577 2361 2617 vera
2405 2564 2604 2631 egressi
2652 2565 2719 2620 de
2768 2563 3003 2636 Egypto
3047 2567 3315 2622 ducuntur
3353 2568 3407 2623 in

1827 2662 1990 2701 manu
2018 2647 2144 2702 forti
2168 2658 2223 2703 et
2244 2650 2467 2704 brachio
2504 2653 2751 2717 excelso,
2781 2661 2837 2707 et
2863 2654 3138 2709 venientes
3164 2656 3232 2710 ad
3258 2672 3408 2712 mare

1826 2738 2069 2792 Rubrum
2099 2739 2365 2794 antecedit
2401 2741 2606 2812 Moyses
2644 2741 2876 2797 famulus
2900 2742 2995 2798 Dei
3038 2753 3262 2814 portans
3287 2746 3402 2800 vir-

1826 2844 1945 2898 gam
1990 2844 2150 2899 quam
2190 2846 2222 2885 a
2248 2830 2473 2885 Domino
2500 2841 2819 2903 acceperat;
2850 2834 3086 2904 percutit
3112 2851 3282 2905 aquas
3302 2876 3317 2901 ,
3347 2846 3404 2891 et

1827 2919 2005 2973 statim
2034 2918 2244 2989 cogitur
2289 2918 2480 2974 ﬂuctus
2521 2921 2574 2975 in
2617 2922 2889 2975 cumulum
2913 2963 2927 2989 ,
2984 2932 3040 2978 et
3062 2925 3203 2980 unda
3229 2924 3281 2978 in
3312 2940 3404 2980 se-

1825 3011 2049 3079 metipsa
2102 3025 2348 3079 repressa
2403 3020 2692 3066 curvatur:
2739 3013 3061 3070 soliditatem
3114 3016 3303 3086 recipit
3338 3017 3404 3071 li-

147 3108 405 3178 Spiriium
452 3116 719 3161 sanctum.
781 3106 888 3162 Sed
931 3116 1140 3163 nonest
1184 3106 1254 3162 ibi
1305 3105 1424 3164 nnis
1461 3109 1717 3169 victmim,
1744 3135 1795 3202 ε
1824 3115 1982 3172 quor,
2027 3108 2082 3156 et
2132 3099 2302 3156 solum
2332 3100 2500 3155 maris
2530 3102 2728 3156 arescit
2774 3103 2828 3157 in
2870 3103 3110 3173 pulvere.
3172 3105 3401 3177 lngressi

146 3197 256 3250 llas
277 3198 560 3266 pactiones
585 3195 767 3251 ﬁdeles
795 3197 849 3251 in
877 3196 1080 3251 curiam
1115 3195 1393 3267 proferunt
1426 3199 1723 3269 angelicam

146 3289 364 3342 nomina
392 3287 757 3357 proﬁtentium
785 3307 798 3340 :
830 3286 884 3340 in
932 3286 1070 3343 libro
1101 3287 1376 3357 excipiunt
1420 3288 1567 3353 vitaz,
1617 3303 1725 3343 non

142 3394 171 3432 a
198 3379 444 3449 quolibet
471 3378 714 3443 homine,
746 3378 839 3432 sed
886 3394 916 3432 a
948 3379 1221 3449 superiore
1248 3378 1461 3435 cmlitus
1488 3388 1725 3449 potesta-

142 3480 216 3523 te.
255 3468 376 3523 Jam
421 3468 613 3524 deinde
652 3468 856 3523 tirones
892 3469 985 3524 Dei
1016 3477 1071 3523 et
1113 3469 1310 3524 milites
1347 3467 1546 3524 Christi
1578 3483 1724 3523 arma

141 3567 605 3614 sacramentorum
628 3559 943 3629 suscipiunt,
981 3567 1289 3631 utpugnam
1323 3567 1514 3631 gerant
1536 3559 1726 3614 adver-

145 3668 237 3708 sus
263 3650 558 3706 diabolum.
614 3650 717 3705 Sed
744 3649 1098 3705 fortissimum
1123 3651 1514 3705 munimentum
1536 3664 1723 3706 eorum

144 3743 258 3812 ipse
286 3750 373 3797 est
401 3741 665 3806 Christus,
692 3757 853 3811 quem
876 3741 929 3795 in
956 3741 1223 3810 baptismo
1253 3741 1560 3807 induerunt,
1586 3741 1725 3797 sicut

143 3834 217 3887 ait
240 3832 575 3903 Apostolus:
616 3830 720 3897 Qui
765 3833 821 3886 in
859 3830 1068 3886 Christo
1110 3832 1359 3902 baptizati
1382 3833 1538 3897 estis,
1572 3830 1723 3886 Chri-

146 3932 280 3974 stum
300 3922 568 3975 induistis.
596 3920 695 3988 Qui
718 3921 832 3975 vult
852 3923 1068 3976 vincere
1093 3937 1275 3985 manu,
1304 3920 1460 3976 fortis
1486 3922 1725 3976 invenia-

146 4018 234 4062 tur
254 4010 309 4063 in
337 4011 481 4064 bono
507 4024 705 4080 opere:
738 4009 868 4080 ﬁgat
895 4011 1079 4080 pedes,
1118 4027 1224 4066 non
1252 4019 1439 4066 nutent
1478 4013 1721 4083 vestigia,

146 4108 204 4153 ut
226 4101 403 4170 possit
428 4099 652 4169 implere
682 4100 987 4156 victoriam.

214 4191 372 4247 Unde
398 4200 451 4245 et
472 4193 577 4246 duo
605 4200 730 4247 sunt
770 4208 966 4263 genera
1004 4192 1279 4263 baptismi.
1336 4192 1575 4247 Primum
1623 4195 1721 4249 ba-

145 4281 422 4349 ptismum,
453 4298 561 4351 quo
586 4282 773 4337 sordes
801 4290 1144 4351 peccatorum
1182 4300 1280 4353 per
1309 4283 1725 4353 regenerationis

144 4373 420 4426 lavacrum
449 4373 776 4427 abluuntur:
808 4373 1099 4428 secundum
1121 4415 1136 4439 ,
1181 4391 1287 4444 quo
1320 4376 1439 4444 quis
1465 4375 1723 4445 sanguine

1825 3204 1951 3248 sunt
1995 3193 2085 3247 alii
2131 3193 2390 3257 salvandi,
2432 3192 2521 3246 alii
2553 3194 2826 3262 puniendi.
2875 3195 3048 3250 Unum
3076 3198 3397 3253 elementum

1820 3297 2108 3352 aquarum,
2132 3289 2350 3334 auctore
2379 3281 2542 3334 totius
2571 3291 2832 3335 creatura:
2852 3284 3099 3352 jubente,
3137 3285 3401 3353 judicavit

1824 3381 2104 3439 utrosque,
2131 3369 2400 3439 separavit
2426 3368 2544 3438 pios
2587 3371 2655 3424 ab
2702 3371 2899 3440 impiis.
2938 3373 3145 3445 Moyses
3170 3375 3394 3446 ﬁguram

1824 3461 2012 3516 habuit
2032 3458 2454 3514 DeminiChristi
2485 3477 2497 3512 :
2527 3460 2581 3514 in
2613 3461 2763 3531 virga
2786 3464 3123 3532 agnoscimus
3146 3479 3392 3530 crucem;

1825 3565 1978 3604 mare
2022 3548 2263 3604 Rubrum
2311 3548 2604 3618 accipimus
2656 3550 2982 3619 baptismum
3026 3551 3226 3608 Christi
3277 3569 3399 3609 san-

1823 3640 1983 3711 guine
2007 3647 2397 3711 purpuratum;
2443 3653 2627 3710 regem
2668 3640 3046 3713 Egyptiorum
3068 3643 3401 3714 populosque

1823 3729 1971 3799 ejus,
2000 3738 2274 3785 auctorem
2298 3737 2642 3799 peccatorum
2688 3731 2957 3787 diabolum
2997 3748 3119 3788 cum
3153 3735 3402 3792 omnibus

1825 3821 2086 3875 ministris
2110 3818 2244 3888 ejus.
2306 3819 2414 3875 Sed
2448 3819 2746 3889 baptismus
2775 3822 2955 3894 imago
2982 3825 3169 3879 mortis
3202 3824 3399 3879 Christi

1823 3918 1907 3965 est
1935 3918 1988 3964 et
2013 3909 2321 3980 sepultum,
2355 3910 2494 3965 sicut
2519 3908 2810 3980 Apostolus
2844 3921 3072 3968 testatur
3103 3931 3115 3965 :
3152 3913 3401 3984 Anigno-

1825 4000 1973 4064 ratis,
2001 3998 2211 4069 fratres,
2243 3999 2491 4069 quoniam
2527 4000 2819 4070 quicunque
2859 4000 3105 4070 baptizati
3144 4018 3323 4055 sumus
3345 4004 3401 4055 in

1824 4089 2032 4147 Christo
2056 4090 2206 4156 Jesu,
2235 4093 2290 4145 in
2324 4101 2486 4145 morte
2518 4092 2684 4161 ipsius
2722 4090 2970 4161 baptizati
2989 4110 3167 4146 sumus
3192 4094 3218 4146 Ρ
3261 4091 3399 4146 Con—

1822 4181 2012 4253 sepulti
2050 4184 2189 4236 enim
2224 4197 2404 4235 sumus
2432 4198 2551 4235 cum
2571 4181 2661 4235 illo
2693 4198 2786 4250 per
2805 4181 3112 4251 baptismum
3133 4183 3187 4235 in
3213 4193 3394 4245 morte,

1826 4286 1879 4329 ut
1903 4277 2160 4347 quomodo
2188 4275 2469 4329 resurrexit
2487 4292 2520 4328 a
2545 4276 2762 4329 mortuis
2801 4290 2894 4344 per
2924 4274 3146 4344 gloriam
3188 4271 3389 4339 Patris,

1821 4368 1896 4421 ita
1923 4376 1973 4419 et
2006 4383 2099 4419 nos
2128 4366 2183 4419 in
2212 4365 2437 4418 nouitate
2461 4365 2583 4418 vita:
2608 4364 2950 4419 ambulemus.
2991 4364 3050 4419 Si
3088 4365 3224 4419 enim
3246 4382 3391 4418 com-

142 4480 239 4519 suo
268 4478 372 4534 per
412 4466 730 4535 martyrium
758 4465 1077 4534 baptizatur.
1129 4466 1246 4531 Quo
1273 4466 1537 4536 baptismo
1565 4465 1723 4521 Chri-
1752 4480 1800 4539 D
1824 4456 2045 4528 plantati
2069 4454 2195 4524 facti
2214 4469 2395 4507 sumus
2418 4452 2752 4507 similitudini
2773 4454 2951 4507 mortis
2988 4452 3122 4522 ejus,
3165 4452 3321 4506 simul
3344 4463 3393 4508 et

142 4565 259 4611 stus
283 4554 593 4625 baptizatus
633 4564 747 4621 est;
798 4564 857 4609 ut
901 4564 956 4610 et
982 4557 1035 4610 in
1065 4558 1186 4620 hoc,
1234 4556 1373 4610 sicut
1397 4564 1451 4611 et
1478 4558 1534 4610 in
1563 4566 1723 4611 ciete-

144 4649 239 4715 ris,
267 4646 502 4703 formam
529 4648 871 4703 credentibus
901 4648 1085 4712 daret,
1115 4647 1254 4702 sicut
1283 4648 1359 4701 ait
1384 4647 1670 4717 Apostolus
1703 4689 1716 4701 .

144 4738 388 4793 Christus
425 4754 611 4807 passus
644 4744 719 4790 est
745 4752 839 4807 pro
867 4737 1013 4790 nobis
1056 4736 1348 4807 relinquens
1376 4735 1516 4789 vobis
1555 4750 1722 4789 exem-

141 4830 306 4899 plum.
370 4828 447 4882 De
484 4829 588 4882 hoc
628 4828 788 4899 igitur
838 4828 1105 4896 baptismo
1152 4827 1266 4896 ipse
1308 4826 1564 4880 Dominus
1595 4826 1670 4879 ait
1703 4844 1715 4878 :

144 4919 417 4990 Baptismo
480 4917 643 4971 habeo
685 4917 961 4988 baptizari.
1045 4915 1114 4969 Et
1163 4914 1418 4986 quomodo
1464 4924 1717 4977 coarctor,

146 5009 437 5081 usquedum
460 5007 762 5078 perﬁciatur
795 5007 944 5079 (Luc.
971 5023 1074 5072 xu,
1099 5005 1189 5078 50)
1217 5007 1229 5059 !
1265 5005 1415 5059 Filiis
1445 5004 1715 5059 Zcbedzni:

145 5097 375 5152 Potestis
399 5096 570 5150 bibere
613 5096 829 5150 calicem
855 5137 871 5161 ,
918 5110 1069 5167 quem
1093 5111 1187 5165 ego
1218 5093 1474 5148 bibiturus
1506 5109 1642 5158 sum,
1671 5102 1719 5147 et

142 5187 402 5257 baptismo
430 5202 532 5257 quo
567 5201 659 5256 ego
694 5184 945 5255 baptizor,
974 5183 1228 5253 baptizari
1269 5182 1461 5254 (Marc.
1494 5198 1525 5236 χ
1545 5222 1559 5246 ,
1584 5181 1721 5253 58)?

141 5277 454 5348 Baptismus
480 5285 660 5332 autem
691 5291 843 5345 aquae
868 5283 950 5329 est
974 5315 989 5342 ,
1029 5288 1149 5343 quae
1187 5283 1425 5345 tempore
1454 5274 1719 5345 passionis

141 5368 209 5423 de
239 5369 413 5423 latere
431 5368 627 5424 Christi
651 5366 942 5438 proﬂuxit:
971 5365 1281 5433 nullumque
1315 5365 1461 5420 aliud
1487 5365 1719 5420 elemen—

144 5468 258 5512 tum
288 5468 396 5525 est,
423 5460 567 5528 quod
599 5459 654 5513 in
688 5460 794 5513 hoc
830 5457 1029 5512 mundo
1072 5465 1267 5527 purget
1318 5463 1531 5522 cuncta,
1576 5459 1718 5527 quod

143 5548 381 5604 viviﬁcet
410 5551 680 5605 universa.
719 5549 950 5618 Ideoque
980 5563 1100 5602 cum
1122 5548 1462 5616 baptizamur
1487 5548 1540 5601 in
1566 5550 1719 5603 Chri-

214 5699 238 5726 ι
282 5684 560 5739 Sententia
598 5684 654 5739 S.
686 5684 964 5755 Augustini
995 5684 1173 5736 Traet.
1209 5698 1344 5735 Lux
1371 5682 1423 5735 in
1458 5681 1608 5735 Juan.

1824 4545 2212 4601 resurrectionis
2239 4544 2431 4598 erimus
2455 4556 2474 4594 :
2518 4543 2615 4596 hoc
2638 4542 2874 4608 scientes,
2910 4543 3032 4612 quia
3056 4551 3196 4595 vetus
3223 4551 3398 4597 noster

1820 4641 1974 4693 homo
2002 4635 2159 4691 simul
2183 4635 2466 4704 cruciﬁxus
2492 4643 2568 4688 est
2593 4673 2608 4697 ,
2651 4642 2707 4687 ut
2747 4633 3047 4687 destruatur
3073 4649 3258 4703 corpus
3279 4649 3397 4704 pec-

1821 4727 1945 4789 cati,
1972 4736 2028 4780 ut
2059 4725 2197 4780 ultra
2221 4741 2324 4778 non
2354 4724 2640 4777 serviamus
2668 4730 2895 4790 peccato.
2954 4720 3057 4785 Qui
3092 4722 3229 4776 enim
3252 4739 3391 4776 mor-

1820 4826 1941 4869 tuus
1968 4822 2078 4881 est,
2100 4813 2423 4883 justiﬁcatus
2459 4820 2534 4865 est
2576 4828 2609 4864 α
2645 4818 2874 4880 peccato.
2919 4808 2978 4863 Si
3005 4819 3180 4864 autent
3204 4815 3395 4866 mortui

1819 4920 2000 4958 sumus
2035 4919 2154 4957 cum
2181 4899 2388 4956 Christo
2461 4898 2718 4953 credimus
2745 4898 2866 4969 quia
2891 4897 3048 4952 simul
3073 4900 3229 4953 etiam
3262 4901 3395 4955 vive-

1820 5012 1934 5049 mus
1960 5009 2076 5048 cum
2098 4990 2330 5047 Christo.

1889 5087 2116 5153 Quidam
2154 5084 2299 5141 enim
2327 5090 2642 5146 senserunt,
2675 5082 2872 5137 trinam
2918 5083 3035 5139 ﬁeri
3071 5084 3392 5138 mersioncm

1817 5185 2037 5248 propter
2091 5175 2372 5231 Trinitatis
2424 5173 2829 5229 venerationem
2870 5192 2883 5228 :
2936 5174 3155 5243 quidam
3212 5180 3390 5225 autem

1817 5276 2036 5338 propter
2051 5266 2313 5321 triduana;
2327 5263 2615 5335 sepultura:
2634 5271 3049 5320 sacramentum.
3076 5260 3183 5315 Sed
3200 5261 3391 5315 beatus

1816 5356 2107 5428 Gregorius
2158 5370 2297 5424 papa
2324 5354 2353 5395 ι’
2383 5353 2597 5409 cuidam
2638 5367 2698 5408 se
2742 5350 3090 5420 interroganti
3139 5349 3207 5403 de
3249 5348 3388 5403 trina

1816 5457 1873 5503 et
1896 5446 2086 5516 simpla
2116 5444 2384 5501 mersione
2407 5482 2421 5507 ,
2468 5443 2548 5497 sic
2575 5440 2849 5510 respondit
2876 5456 2889 5491 :
2940 5456 2958 5488 ‹
2988 5438 3063 5491 De
3092 5436 3233 5490 trina
3257 5451 3388 5492 vero

1820 5539 2086 5594 mersione
2114 5533 2450 5606 baptismatis
2469 5532 2600 5587 nihil
2636 5528 2943 5599 responderi
2980 5527 3159 5581 verius
3190 5535 3383 5597 potest,

1818 5741 1849 5797 4
1889 5670 2082 5793 l“Erat
2111 5670 2157 5722 is
2184 5667 2425 5723 Leander
2452 5662 2809 5733 ilispalcnSis,
2840 5661 2906 5715 ad
2934 5676 3095 5732 quem
3119 5668 3202 5719 est
3227 5663 3383 5733 epist.

1858 5782 1872 5797 .
1925 5756 1991 5793 ι).
2026 5756 2061 5793 ι.

1858 5782 1872 5806 ,
1904 5756 1991 5793 un.
2026 5756 2061 5793 ι.
