  <div class='ocr_page' id='page_1' title='image "/cluster/home/n/w/nwhite01/storage/ocr_20150623/99/hvd.32044023429921/437.png"; bbox 0 0 3868 6174; ppageno 0'>
   <div class='ocr_carea' id='block_1_1' title="bbox 441 460 547 520">
    <p class='ocr_par' dir='ltr' id='par_1_1' title="bbox 441 460 547 520">
     <span class='ocr_line' id='line_1_1' title="bbox 441 460 547 520; baseline -0.038 0"><span class='ocrx_word' id='word_1_1' title='bbox 441 460 547 520; x_wconf 80' lang='lat'><strong>863</strong></span> 
     </span>
    </p>
   </div>
   <div class='ocr_carea' id='block_1_2' title="bbox 1468 424 2654 496">
    <p class='ocr_par' dir='ltr' id='par_1_2' title="bbox 1468 424 2654 496">
     <span class='ocr_line' id='line_1_2' title="bbox 1468 424 2654 496; baseline -0.012 0"><span class='ocrx_word' id='word_1_2' title='bbox 1468 437 1716 496; x_wconf 72' lang='lat' dir='ltr'><strong>LEIDRA</strong></span> <span class='ocrx_word' id='word_1_3' title='bbox 1725 436 1790 492; x_wconf 90' lang='lat' dir='ltr'><strong>Dl</strong></span> <span class='ocrx_word' id='word_1_4' title='bbox 1825 430 2310 490; x_wconf 72' lang='lat' dir='ltr'><strong>LL&#39;GDL&#39;NENSIS</strong></span> <span class='ocrx_word' id='word_1_5' title='bbox 2352 424 2654 486; x_wconf 74' lang='lat' dir='ltr'><strong>EPISCON</strong></span> 
     </span>
    </p>
   </div>
   <div class='ocr_carea' id='block_1_3' title="bbox 3612 423 3719 481">
    <p class='ocr_par' dir='ltr' id='par_1_3' title="bbox 3612 423 3719 481">
     <span class='ocr_line' id='line_1_3' title="bbox 3612 423 3719 481; baseline -0.019 0"><span class='ocrx_word' id='word_1_6' title='bbox 3612 423 3719 481; x_wconf 71' lang='grc' dir='ltr'><strong>εει</strong></span> 
     </span>
    </p>
   </div>
   <div class='ocr_carea' id='block_1_4' title="bbox 436 539 3719 647">
    <p class='ocr_par' dir='ltr' id='par_1_4' title="bbox 436 539 3719 647">
     <span class='ocr_line' id='line_1_4' title="bbox 436 539 3719 647; baseline -0.012 -16"><span class='ocrx_word' id='word_1_7' title='bbox 436 589 600 647; x_wconf 89' lang='lat' dir='ltr'><strong>quam</strong></span> <span class='ocrx_word' id='word_1_8' title='bbox 641 567 743 641; x_wconf 87' lang='lat' dir='ltr'><strong>ipsi</strong></span> <span class='ocrx_word' id='word_1_9' title='bbox 789 562 1062 629; x_wconf 69' lang='lat' dir='ltr'><strong>scnsmtis;</strong></span> <span class='ocrx_word' id='word_1_10' title='bbox 1110 558 1236 630; x_wconf 87' lang='lat' dir='ltr'><strong>quia</strong></span> <span class='ocrx_word' id='word_1_11' title='bbox 1282 558 1333 613; x_wconf 93' lang='lat' dir='ltr'><strong>in</strong></span> <span class='ocrx_word' id='word_1_12' title='bbox 1381 572 1485 612; x_wconf 90' lang='lat' dir='ltr'><strong>una</strong></span> <span class='ocrx_word' id='word_1_13' title='bbox 1534 555 1640 610; x_wconf 91' lang='lat' dir='ltr'><strong>ﬁde</strong></span> <span class='ocrx_word' id='word_1_14' title='bbox 1669 552 1799 609; x_wconf 80' lang='lat' dir='ltr'><strong>nihil</strong></span> <span class='ocrx_word' id='word_1_15' title='bbox 1838 548 2015 606; x_wconf 83' lang='lat' dir='ltr'><strong>cilicio</strong></span> <span class='ocrx_word' id='word_1_16' title='bbox 2043 553 2089 608; x_wconf 78' lang='grc' dir='ltr'><strong>Α</strong></span> <span class='ocrx_word' id='word_1_17' title='bbox 2117 546 2283 600; x_wconf 91' lang='lat' dir='ltr'><strong>ticum</strong></span> <span class='ocrx_word' id='word_1_18' title='bbox 2308 544 2611 599; x_wconf 77' lang='lat' dir='ltr'><strong>nullatenus</strong></span> <span class='ocrx_word' id='word_1_19' title='bbox 2642 548 2820 613; x_wconf 79' lang='lat' dir='ltr'><strong>potest</strong></span> <span class='ocrx_word' id='word_1_20' title='bbox 2860 539 2967 596; x_wconf 90' lang='lat' dir='ltr'><strong>dici</strong></span> <span class='ocrx_word' id='word_1_21' title='bbox 3001 539 3412 611; x_wconf 88' lang='lat' dir='ltr'><strong>sempiternum,</strong></span> <span class='ocrx_word' id='word_1_22' title='bbox 3462 539 3607 610; x_wconf 70' lang='lat' dir='ltr'><strong>quia</strong></span> <span class='ocrx_word' id='word_1_23' title='bbox 3623 554 3719 595; x_wconf 62' lang='lat' dir='ltr'><strong>vc»</strong></span> 
     </span>
    </p>
   </div>
   <div class='ocr_carea' id='block_1_5' title="bbox 437 641 2022 722">
    <p class='ocr_par' dir='ltr' id='par_1_5' title="bbox 437 641 2022 722">
     <span class='ocr_line' id='line_1_5' title="bbox 437 641 2022 722; baseline -0.018 -1"><span class='ocrx_word' id='word_1_24' title='bbox 437 641 637 722; x_wconf 69' lang='lat' dir='ltr'><strong>sanctae</strong></span> <span class='ocrx_word' id='word_1_25' title='bbox 687 656 943 715; x_wconf 80' lang='lat' dir='ltr'><strong>Ecclesiae</strong></span> <span class='ocrx_word' id='word_1_26' title='bbox 995 649 1329 709; x_wconf 75' lang='lat' dir='ltr'><strong>consuetudo</strong></span> <span class='ocrx_word' id='word_1_27' title='bbox 1380 647 1611 703; x_wconf 89' lang='lat' dir='ltr'><strong>diversa.</strong></span> <span class='ocrx_word' id='word_1_28' title='bbox 1685 641 1795 698; x_wconf 82' lang='lat' dir='ltr'><strong>Nos</strong></span> <span class='ocrx_word' id='word_1_29' title='bbox 1840 648 2022 696; x_wconf 90' lang='lat' dir='ltr'><strong>autem</strong></span> 
     </span>
    </p>
   </div>
   <div class='ocr_carea' id='block_1_6' title="bbox 435 737 2023 831">
    <p class='ocr_par' dir='ltr' id='par_1_6' title="bbox 435 737 2023 831">
     <span class='ocr_line' id='line_1_6' title="bbox 435 737 2023 831; baseline -0.019 -14"><span class='ocrx_word' id='word_1_30' title='bbox 435 758 579 831; x_wconf 86' lang='lat' dir='ltr'><strong>quod</strong></span> <span class='ocrx_word' id='word_1_31' title='bbox 617 752 778 810; x_wconf 91' lang='lat' dir='ltr'><strong>tertio</strong></span> <span class='ocrx_word' id='word_1_32' title='bbox 823 748 1153 820; x_wconf 76' lang='lat' dir='ltr'><strong>mergimus,</strong></span> <span class='ocrx_word' id='word_1_33' title='bbox 1207 743 1471 799; x_wconf 72' lang='lat' dir='ltr'><strong>triduante</strong></span> <span class='ocrx_word' id='word_1_34' title='bbox 1506 737 1797 811; x_wconf 77' lang='lat' dir='ltr'><strong>sepultura:</strong></span> <span class='ocrx_word' id='word_1_35' title='bbox 1839 748 2023 790; x_wconf 91' lang='lat' dir='ltr'><strong>saera-</strong></span> 
     </span>
    </p>
   </div>
   <div class='ocr_carea' id='block_1_7' title="bbox 436 824 2028 917">
    <p class='ocr_par' dir='ltr' id='par_1_7' title="bbox 436 824 2028 917">
     <span class='ocr_line' id='line_1_7' title="bbox 436 824 2028 917; baseline -0.017 -12"><span class='ocrx_word' id='word_1_36' title='bbox 436 824 618 905; x_wconf 81' lang='lat' dir='ltr'><strong>menta</strong></span> <span class='ocrx_word' id='word_1_37' title='bbox 656 846 933 917; x_wconf 80' lang='lat' dir='ltr'><strong>signamus</strong></span> <span class='ocrx_word' id='word_1_38' title='bbox 958 858 970 895; x_wconf 92' lang='lat'><strong>:</strong></span> <span class='ocrx_word' id='word_1_39' title='bbox 1001 848 1060 894; x_wconf 91' lang='lat' dir='ltr'><strong>ut</strong></span> <span class='ocrx_word' id='word_1_40' title='bbox 1088 840 1214 894; x_wconf 89' lang='lat' dir='ltr'><strong>dum</strong></span> <span class='ocrx_word' id='word_1_41' title='bbox 1246 834 1404 892; x_wconf 88' lang='lat' dir='ltr'><strong>tertio</strong></span> <span class='ocrx_word' id='word_1_42' title='bbox 1431 834 1500 888; x_wconf 90' lang='lat' dir='ltr'><strong>ab</strong></span> <span class='ocrx_word' id='word_1_43' title='bbox 1521 824 1675 901; x_wconf 73' lang='lat' dir='ltr'><strong>aquis</strong></span> <span class='ocrx_word' id='word_1_44' title='bbox 1694 827 1872 884; x_wconf 78' lang='lat' dir='ltr'><strong>infans</strong></span> <span class='ocrx_word' id='word_1_45' title='bbox 1896 825 2028 881; x_wconf 86' lang='lat' dir='ltr'><strong>edu-</strong></span> 
     </span>
    </p>
   </div>
   <div class='ocr_carea' id='block_1_8' title="bbox 436 918 2026 1000">
    <p class='ocr_par' dir='ltr' id='par_1_8' title="bbox 436 918 2026 1000">
     <span class='ocr_line' id='line_1_8' title="bbox 436 918 2026 1000; baseline -0.016 -2"><span class='ocrx_word' id='word_1_46' title='bbox 436 943 600 998; x_wconf 90' lang='lat' dir='ltr'><strong>citur.</strong></span> <span class='ocrx_word' id='word_1_47' title='bbox 619 935 945 994; x_wconf 87' lang='lat' dir='ltr'><strong>resurrectio</strong></span> <span class='ocrx_word' id='word_1_48' title='bbox 961 931 1196 988; x_wconf 90' lang='lat' dir='ltr'><strong>triduani</strong></span> <span class='ocrx_word' id='word_1_49' title='bbox 1222 928 1481 1000; x_wconf 88' lang='lat' dir='ltr'><strong>temporis</strong></span> <span class='ocrx_word' id='word_1_50' title='bbox 1501 925 1854 994; x_wconf 83' lang='lat' dir='ltr'><strong>exprimatur.</strong></span> <span class='ocrx_word' id='word_1_51' title='bbox 1873 918 2026 988; x_wconf 86' lang='lat' dir='ltr'><strong>Quod</strong></span> 
     </span>
    </p>
   </div>
   <div class='ocr_carea' id='block_1_9' title="bbox 438 1010 2031 1100">
    <p class='ocr_par' dir='ltr' id='par_1_9' title="bbox 438 1010 2031 1100">
     <span class='ocr_line' id='line_1_9' title="bbox 438 1010 2031 1100; baseline -0.014 -13"><span class='ocrx_word' id='word_1_52' title='bbox 438 1033 483 1087; x_wconf 94' lang='lat' dir='ltr'><strong>si</strong></span> <span class='ocrx_word' id='word_1_53' title='bbox 511 1030 633 1100; x_wconf 90' lang='lat' dir='ltr'><strong>quis</strong></span> <span class='ocrx_word' id='word_1_54' title='bbox 663 1027 800 1082; x_wconf 91' lang='lat' dir='ltr'><strong>forte</strong></span> <span class='ocrx_word' id='word_1_55' title='bbox 825 1025 987 1081; x_wconf 89' lang='lat' dir='ltr'><strong>etiam</strong></span> <span class='ocrx_word' id='word_1_56' title='bbox 1017 1038 1117 1094; x_wconf 91' lang='lat' dir='ltr'><strong>pro</strong></span> <span class='ocrx_word' id='word_1_57' title='bbox 1149 1034 1374 1077; x_wconf 71' lang='lat' dir='ltr'><strong>summa:</strong></span> <span class='ocrx_word' id='word_1_58' title='bbox 1411 1013 1696 1072; x_wconf 79' lang='lat' dir='ltr'><strong>Trinitatis</strong></span> <span class='ocrx_word' id='word_1_59' title='bbox 1722 1010 2031 1069; x_wconf 86' lang='lat' dir='ltr'><strong>veneratio-</strong></span> 
     </span>
    </p>
   </div>
   <div class='ocr_carea' id='block_1_10' title="bbox 440 1101 2030 1189">
    <p class='ocr_par' dir='ltr' id='par_1_10' title="bbox 440 1101 2030 1189">
     <span class='ocr_line' id='line_1_10' title="bbox 440 1101 2030 1189; baseline -0.014 -10"><span class='ocrx_word' id='word_1_60' title='bbox 440 1139 507 1179; x_wconf 88' lang='lat' dir='ltr'><strong>ne</strong></span> <span class='ocrx_word' id='word_1_61' title='bbox 530 1122 795 1185; x_wconf 81' lang='lat' dir='ltr'><strong>:estimet;</strong></span> <span class='ocrx_word' id='word_1_62' title='bbox 825 1132 999 1189; x_wconf 91' lang='lat' dir='ltr'><strong>neque</strong></span> <span class='ocrx_word' id='word_1_63' title='bbox 1028 1116 1095 1170; x_wconf 88' lang='lat' dir='ltr'><strong>ad</strong></span> <span class='ocrx_word' id='word_1_64' title='bbox 1117 1115 1219 1170; x_wconf 89' lang='lat' dir='ltr'><strong>hoc</strong></span> <span class='ocrx_word' id='word_1_65' title='bbox 1242 1109 1445 1182; x_wconf 90' lang='lat' dir='ltr'><strong>aliquid</strong></span> <span class='ocrx_word' id='word_1_66' title='bbox 1466 1107 1682 1165; x_wconf 90' lang='lat' dir='ltr'><strong>obsistit</strong></span> <span class='ocrx_word' id='word_1_67' title='bbox 1704 1101 2030 1174; x_wconf 81' lang='lat' dir='ltr'><strong>baptizando</strong></span> 
     </span>
    </p>
   </div>
   <div class='ocr_carea' id='block_1_11' title="bbox 440 1190 2031 1281">
    <p class='ocr_par' dir='ltr' id='par_1_11' title="bbox 440 1190 2031 1281">
     <span class='ocr_line' id='line_1_11' title="bbox 440 1190 2031 1281; baseline -0.015 -13"><span class='ocrx_word' id='word_1_68' title='bbox 440 1211 610 1269; x_wconf 89' lang='lat' dir='ltr'><strong>semel</strong></span> <span class='ocrx_word' id='word_1_69' title='bbox 644 1212 699 1265; x_wconf 95' lang='lat' dir='ltr'><strong>in</strong></span> <span class='ocrx_word' id='word_1_70' title='bbox 727 1209 884 1281; x_wconf 81' lang='lat' dir='ltr'><strong>aquis</strong></span> <span class='ocrx_word' id='word_1_71' title='bbox 926 1218 1209 1277; x_wconf 83' lang='lat' dir='ltr'><strong>mergere:</strong></span> <span class='ocrx_word' id='word_1_72' title='bbox 1238 1202 1365 1273; x_wconf 84' lang='lat' dir='ltr'><strong>quia</strong></span> <span class='ocrx_word' id='word_1_73' title='bbox 1411 1200 1539 1255; x_wconf 86' lang='lat' dir='ltr'><strong>dum</strong></span> <span class='ocrx_word' id='word_1_74' title='bbox 1567 1200 1621 1253; x_wconf 92' lang='lat' dir='ltr'><strong>in</strong></span> <span class='ocrx_word' id='word_1_75' title='bbox 1648 1196 1823 1250; x_wconf 91' lang='lat' dir='ltr'><strong>tribus</strong></span> <span class='ocrx_word' id='word_1_76' title='bbox 1854 1190 2031 1248; x_wconf 85' lang='lat' dir='ltr'><strong>subsi—</strong></span> 
     </span>
    </p>
   </div>
   <div class='ocr_carea' id='block_1_12' title="bbox 440 1279 2033 1360">
    <p class='ocr_par' dir='ltr' id='par_1_12' title="bbox 440 1279 2033 1360">
     <span class='ocr_line' id='line_1_12' title="bbox 440 1279 2033 1360; baseline -0.015 -2"><span class='ocrx_word' id='word_1_77' title='bbox 440 1302 657 1359; x_wconf 88' lang='lat' dir='ltr'><strong>stentiis</strong></span> <span class='ocrx_word' id='word_1_78' title='bbox 685 1279 792 1356; x_wconf 84' lang='lat' dir='ltr'><strong>una</strong></span> <span class='ocrx_word' id='word_1_79' title='bbox 825 1295 1127 1354; x_wconf 80' lang='lat' dir='ltr'><strong>substantia</strong></span> <span class='ocrx_word' id='word_1_80' title='bbox 1153 1303 1269 1359; x_wconf 90' lang='lat' dir='ltr'><strong>est,</strong></span> <span class='ocrx_word' id='word_1_81' title='bbox 1306 1285 1731 1360; x_wconf 87' lang='lat' dir='ltr'><strong>reprehensibile</strong></span> <span class='ocrx_word' id='word_1_82' title='bbox 1756 1298 1876 1340; x_wconf 89' lang='lat' dir='ltr'><strong>esse</strong></span> <span class='ocrx_word' id='word_1_83' title='bbox 1915 1279 2033 1336; x_wconf 88' lang='lat' dir='ltr'><strong>nul-</strong></span> 
     </span>
    </p>
   </div>
   <div class='ocr_carea' id='block_1_13' title="bbox 449 1370 2033 1465">
    <p class='ocr_par' dir='ltr' id='par_1_13' title="bbox 449 1370 2033 1465">
     <span class='ocr_line' id='line_1_13' title="bbox 449 1370 2033 1465; baseline -0.015 -15"><span class='ocrx_word' id='word_1_84' title='bbox 449 1400 661 1450; x_wconf 88' lang='lat' dir='ltr'><strong>latenus</strong></span> <span class='ocrx_word' id='word_1_85' title='bbox 710 1400 921 1465; x_wconf 87' lang='lat' dir='ltr'><strong>potest,</strong></span> <span class='ocrx_word' id='word_1_86' title='bbox 951 1388 1211 1445; x_wconf 81' lang='lat' dir='ltr'><strong>infantem</strong></span> <span class='ocrx_word' id='word_1_87' title='bbox 1244 1386 1298 1439; x_wconf 90' lang='lat' dir='ltr'><strong>in</strong></span> <span class='ocrx_word' id='word_1_88' title='bbox 1329 1382 1656 1454; x_wconf 84' lang='lat' dir='ltr'><strong>baptismate</strong></span> <span class='ocrx_word' id='word_1_89' title='bbox 1692 1375 1778 1432; x_wconf 93' lang='lat' dir='ltr'><strong>vel</strong></span> <span class='ocrx_word' id='word_1_90' title='bbox 1822 1382 1906 1430; x_wconf 87' lang='lat' dir='ltr'><strong>ter</strong></span> <span class='ocrx_word' id='word_1_91' title='bbox 1947 1370 2033 1428; x_wconf 88' lang='lat' dir='ltr'><strong>vel</strong></span> 
     </span>
    </p>
   </div>
   <div class='ocr_carea' id='block_1_14' title="bbox 446 1466 2034 1557">
    <p class='ocr_par' dir='ltr' id='par_1_14' title="bbox 446 1466 2034 1557">
     <span class='ocr_line' id='line_1_14' title="bbox 446 1466 2034 1557; baseline -0.014 -13"><span class='ocrx_word' id='word_1_92' title='bbox 446 1486 614 1544; x_wconf 91' lang='lat' dir='ltr'><strong>semel</strong></span> <span class='ocrx_word' id='word_1_93' title='bbox 663 1499 940 1557; x_wconf 79' lang='lat' dir='ltr'><strong>mergere;</strong></span> <span class='ocrx_word' id='word_1_94' title='bbox 989 1479 1206 1552; x_wconf 82' lang='lat' dir='ltr'><strong>quando</strong></span> <span class='ocrx_word' id='word_1_95' title='bbox 1256 1484 1313 1531; x_wconf 91' lang='lat' dir='ltr'><strong>et</strong></span> <span class='ocrx_word' id='word_1_96' title='bbox 1356 1475 1409 1530; x_wconf 91' lang='lat' dir='ltr'><strong>in</strong></span> <span class='ocrx_word' id='word_1_97' title='bbox 1460 1473 1635 1528; x_wconf 90' lang='lat' dir='ltr'><strong>tribus</strong></span> <span class='ocrx_word' id='word_1_98' title='bbox 1674 1466 2034 1525; x_wconf 89' lang='lat' dir='ltr'><strong>mersionibus</strong></span> 
     </span>
    </p>
   </div>
   <div class='ocr_carea' id='block_1_15' title="bbox 451 1558 2036 1650">
    <p class='ocr_par' dir='ltr' id='par_1_15' title="bbox 451 1558 2036 1650">
     <span class='ocr_line' id='line_1_15' title="bbox 451 1558 2036 1650; baseline -0.015 -14"><span class='ocrx_word' id='word_1_99' title='bbox 451 1592 803 1650; x_wconf 85' lang='lat' dir='ltr'><strong>personarum</strong></span> <span class='ocrx_word' id='word_1_100' title='bbox 829 1573 1067 1639; x_wconf 82' lang='lat' dir='ltr'><strong>trinitas,</strong></span> <span class='ocrx_word' id='word_1_101' title='bbox 1088 1580 1144 1627; x_wconf 92' lang='lat' dir='ltr'><strong>et</strong></span> <span class='ocrx_word' id='word_1_102' title='bbox 1170 1568 1226 1625; x_wconf 89' lang='lat' dir='ltr'><strong>in</strong></span> <span class='ocrx_word' id='word_1_103' title='bbox 1256 1583 1365 1623; x_wconf 90' lang='lat' dir='ltr'><strong>una</strong></span> <span class='ocrx_word' id='word_1_104' title='bbox 1390 1572 1570 1636; x_wconf 87' lang='lat' dir='ltr'><strong>potest</strong></span> <span class='ocrx_word' id='word_1_105' title='bbox 1593 1560 1891 1618; x_wconf 82' lang='lat' dir='ltr'><strong>divinitatis</strong></span> <span class='ocrx_word' id='word_1_106' title='bbox 1923 1558 2036 1614; x_wconf 89' lang='lat' dir='ltr'><strong>sin-</strong></span> 
     </span>
    </p>
   </div>
   <div class='ocr_carea' id='block_1_16' title="bbox 445 1646 2038 1740">
    <p class='ocr_par' dir='ltr' id='par_1_16' title="bbox 445 1646 2038 1740">
     <span class='ocr_line' id='line_1_16' title="bbox 445 1646 2038 1740; baseline -0.012 -19"><span class='ocrx_word' id='word_1_107' title='bbox 445 1646 704 1740; x_wconf 68' lang='lat' dir='ltr'><strong>gularitas</strong></span> <span class='ocrx_word' id='word_1_108' title='bbox 722 1662 1013 1736; x_wconf 85' lang='lat' dir='ltr'><strong>designari.</strong></span> <span class='ocrx_word' id='word_1_109' title='bbox 1045 1681 1064 1715; x_wconf 72' lang='grc' dir='ltr'><strong>ι</strong></span> <span class='ocrx_word' id='word_1_110' title='bbox 1122 1658 1230 1715; x_wconf 87' lang='lat' dir='ltr'><strong>Sed</strong></span> <span class='ocrx_word' id='word_1_111' title='bbox 1268 1656 1515 1728; x_wconf 85' lang='lat' dir='ltr'><strong>quamvis</strong></span> <span class='ocrx_word' id='word_1_112' title='bbox 1539 1654 1594 1708; x_wconf 90' lang='lat' dir='ltr'><strong>in</strong></span> <span class='ocrx_word' id='word_1_113' title='bbox 1622 1660 1799 1708; x_wconf 90' lang='lat' dir='ltr'><strong>morte</strong></span> <span class='ocrx_word' id='word_1_114' title='bbox 1830 1646 2038 1705; x_wconf 91' lang='lat' dir='ltr'><strong>Christi</strong></span> 
     </span>
    </p>
   </div>
   <div class='ocr_carea' id='block_1_17' title="bbox 445 1739 2037 1824">
    <p class='ocr_par' dir='ltr' id='par_1_17' title="bbox 445 1739 2037 1824">
     <span class='ocr_line' id='line_1_17' title="bbox 445 1739 2037 1824; baseline -0.015 -9"><span class='ocrx_word' id='word_1_115' title='bbox 445 1739 740 1814; x_wconf 84' lang='lat' dir='ltr'><strong>secundum</strong></span> <span class='ocrx_word' id='word_1_116' title='bbox 752 1750 1065 1824; x_wconf 85' lang='lat' dir='ltr'><strong>Apostolum</strong></span> <span class='ocrx_word' id='word_1_117' title='bbox 1081 1748 1440 1818; x_wconf 87' lang='lat' dir='ltr'><strong>haptizamur,</strong></span> <span class='ocrx_word' id='word_1_118' title='bbox 1464 1743 1511 1799; x_wconf 91' lang='lat' dir='ltr'><strong>si</strong></span> <span class='ocrx_word' id='word_1_119' title='bbox 1531 1739 1891 1813; x_wconf 63' lang='lat' dir='ltr'><strong>praetermissa</strong></span> <span class='ocrx_word' id='word_1_120' title='bbox 1901 1752 2037 1808; x_wconf 88' lang='lat' dir='ltr'><strong>qua-</strong></span> 
     </span>
    </p>
   </div>
   <div class='ocr_carea' id='block_1_18' title="bbox 446 1833 2037 1914">
    <p class='ocr_par' dir='ltr' id='par_1_18' title="bbox 446 1833 2037 1914">
     <span class='ocr_line' id='line_1_18' title="bbox 446 1833 2037 1914; baseline -0.013 -10"><span class='ocrx_word' id='word_1_121' title='bbox 446 1851 580 1906; x_wconf 90' lang='lat' dir='ltr'><strong>libet</strong></span> <span class='ocrx_word' id='word_1_122' title='bbox 620 1846 905 1903; x_wconf 83' lang='lat' dir='ltr'><strong>Trinitatis</strong></span> <span class='ocrx_word' id='word_1_123' title='bbox 948 1857 1179 1914; x_wconf 89' lang='lat' dir='ltr'><strong>persona</strong></span> <span class='ocrx_word' id='word_1_124' title='bbox 1223 1839 1524 1910; x_wconf 87' lang='lat' dir='ltr'><strong>baptismus</strong></span> <span class='ocrx_word' id='word_1_125' title='bbox 1548 1836 1706 1890; x_wconf 89' lang='lat' dir='ltr'><strong>detur</strong></span> <span class='ocrx_word' id='word_1_126' title='bbox 1730 1833 1783 1888; x_wconf 92' lang='lat' dir='ltr'><strong>in</strong></span> <span class='ocrx_word' id='word_1_127' title='bbox 1810 1845 2037 1901; x_wconf 85' lang='lat' dir='ltr'><strong>regene-</strong></span> 
     </span>
    </p>
   </div>
   <div class='ocr_carea' id='block_1_19' title="bbox 2126 628 3723 703">
    <p class='ocr_par' dir='ltr' id='par_1_19' title="bbox 2126 628 3723 703">
     <span class='ocr_line' id='line_1_19' title="bbox 2126 628 3723 703; baseline -0.004 -12"><span class='ocrx_word' id='word_1_128' title='bbox 2126 637 2306 691; x_wconf 90' lang='lat' dir='ltr'><strong>nicnte</strong></span> <span class='ocrx_word' id='word_1_129' title='bbox 2349 634 2576 690; x_wconf 84' lang='lat' dir='ltr'><strong>veritate</strong></span> <span class='ocrx_word' id='word_1_130' title='bbox 2628 632 2799 703; x_wconf 84' lang='lat' dir='ltr'><strong>ﬁgura</strong></span> <span class='ocrx_word' id='word_1_131' title='bbox 2851 629 3103 685; x_wconf 86' lang='lat' dir='ltr'><strong>cessavit.</strong></span> <span class='ocrx_word' id='word_1_132' title='bbox 3165 628 3244 684; x_wconf 89' lang='lat' dir='ltr'><strong>De</strong></span> <span class='ocrx_word' id='word_1_133' title='bbox 3287 628 3393 685; x_wconf 87' lang='lat' dir='ltr'><strong>hoc</strong></span> <span class='ocrx_word' id='word_1_134' title='bbox 3441 640 3723 698; x_wconf 72' lang='lat' dir='ltr'><strong>unguento</strong></span> 
     </span>
    </p>
   </div>
   <div class='ocr_carea' id='block_1_20' title="bbox 2124 717 3723 797">
    <p class='ocr_par' dir='ltr' id='par_1_20' title="bbox 2124 717 3723 797">
     <span class='ocr_line' id='line_1_20' title="bbox 2124 717 3723 797; baseline -0.006 -17"><span class='ocrx_word' id='word_1_135' title='bbox 2124 727 2268 797; x_wconf 90' lang='lat' dir='ltr'><strong>quod</strong></span> <span class='ocrx_word' id='word_1_136' title='bbox 2296 727 2348 780; x_wconf 88' lang='lat' dir='ltr'><strong>in</strong></span> <span class='ocrx_word' id='word_1_137' title='bbox 2374 723 2734 780; x_wconf 87' lang='lat' dir='ltr'><strong>sacerdotium</strong></span> <span class='ocrx_word' id='word_1_138' title='bbox 2758 719 2973 792; x_wconf 83' lang='lat' dir='ltr'><strong>proﬁcit</strong></span> <span class='ocrx_word' id='word_1_139' title='bbox 3001 718 3389 790; x_wconf 87' lang='lat' dir='ltr'><strong>sempiternum</strong></span> <span class='ocrx_word' id='word_1_140' title='bbox 3414 758 3432 785; x_wconf 94' lang='lat'><strong>,</strong></span> <span class='ocrx_word' id='word_1_141' title='bbox 3477 728 3536 773; x_wconf 89' lang='lat' dir='ltr'><strong>et</strong></span> <span class='ocrx_word' id='word_1_142' title='bbox 3568 717 3723 772; x_wconf 83' lang='lat' dir='ltr'><strong>Psal-</strong></span> 
     </span>
    </p>
   </div>
   <div class='ocr_carea' id='block_1_21' title="bbox 2127 810 3724 886">
    <p class='ocr_par' dir='ltr' id='par_1_21' title="bbox 2127 810 3724 886">
     <span class='ocr_line' id='line_1_21' title="bbox 2127 810 3724 886; baseline -0.008 -11"><span class='ocrx_word' id='word_1_143' title='bbox 2127 819 2287 875; x_wconf 88' lang='lat' dir='ltr'><strong>mista</strong></span> <span class='ocrx_word' id='word_1_144' title='bbox 2313 819 2390 873; x_wconf 86' lang='lat' dir='ltr'><strong>ait</strong></span> <span class='ocrx_word' id='word_1_145' title='bbox 2415 835 2428 868; x_wconf 88' lang='lat'><strong>:</strong></span> <span class='ocrx_word' id='word_1_146' title='bbox 2457 815 2604 872; x_wconf 89' lang='lat' dir='ltr'><strong>Sicut</strong></span> <span class='ocrx_word' id='word_1_147' title='bbox 2629 823 2950 886; x_wconf 81' lang='lat' dir='ltr'><strong>unguentum</strong></span> <span class='ocrx_word' id='word_1_148' title='bbox 2992 811 3049 866; x_wconf 89' lang='lat' dir='ltr'><strong>in</strong></span> <span class='ocrx_word' id='word_1_149' title='bbox 3069 811 3238 882; x_wconf 77' lang='lat' dir='ltr'><strong>capite</strong></span> <span class='ocrx_word' id='word_1_150' title='bbox 3263 811 3404 882; x_wconf 74' lang='lat' dir='ltr'><strong>quod</strong></span> <span class='ocrx_word' id='word_1_151' title='bbox 3446 810 3724 865; x_wconf 71' lang='lat' dir='ltr'><strong>descendit</strong></span> 
     </span>
    </p>
   </div>
   <div class='ocr_carea' id='block_1_22' title="bbox 2127 898 3725 973">
    <p class='ocr_par' dir='ltr' id='par_1_22' title="bbox 2127 898 3725 973">
     <span class='ocr_line' id='line_1_22' title="bbox 2127 898 3725 973; baseline -0.006 -11"><span class='ocrx_word' id='word_1_152' title='bbox 2127 910 2181 963; x_wconf 88' lang='lat' dir='ltr'><strong>in</strong></span> <span class='ocrx_word' id='word_1_153' title='bbox 2212 906 2448 971; x_wconf 83' lang='lat' dir='ltr'><strong>barbam,</strong></span> <span class='ocrx_word' id='word_1_154' title='bbox 2471 904 2685 960; x_wconf 84' lang='lat' dir='ltr'><strong>barbam</strong></span> <span class='ocrx_word' id='word_1_155' title='bbox 2708 901 2907 957; x_wconf 80' lang='lat' dir='ltr'><strong>Aaron.</strong></span> <span class='ocrx_word' id='word_1_156' title='bbox 2941 900 3112 973; x_wconf 77' lang='lat' dir='ltr'><strong>Hujus</strong></span> <span class='ocrx_word' id='word_1_157' title='bbox 3144 914 3273 971; x_wconf 82' lang='lat' dir='ltr'><strong>ergo</strong></span> <span class='ocrx_word' id='word_1_158' title='bbox 3300 898 3584 955; x_wconf 86' lang='lat' dir='ltr'><strong>unctionis</strong></span> <span class='ocrx_word' id='word_1_159' title='bbox 3610 914 3725 969; x_wconf 81' lang='lat' dir='ltr'><strong>qua:</strong></span> 
     </span>
    </p>
   </div>
   <div class='ocr_carea' id='block_1_23' title="bbox 2129 988 3723 1063">
    <p class='ocr_par' dir='ltr' id='par_1_23' title="bbox 2129 988 3723 1063">
     <span class='ocr_line' id='line_1_23' title="bbox 2129 988 3723 1063; baseline -0.004 -11"><span class='ocrx_word' id='word_1_160' title='bbox 2129 998 2183 1052; x_wconf 93' lang='lat' dir='ltr'><strong>in</strong></span> <span class='ocrx_word' id='word_1_161' title='bbox 2221 996 2440 1052; x_wconf 91' lang='lat' dir='ltr'><strong>Christo</strong></span> <span class='ocrx_word' id='word_1_162' title='bbox 2483 995 2753 1050; x_wconf 87' lang='lat' dir='ltr'><strong>veraciter</strong></span> <span class='ocrx_word' id='word_1_163' title='bbox 2795 990 3066 1063; x_wconf 89' lang='lat' dir='ltr'><strong>completa</strong></span> <span class='ocrx_word' id='word_1_164' title='bbox 3107 998 3192 1047; x_wconf 90' lang='lat' dir='ltr'><strong>est</strong></span> <span class='ocrx_word' id='word_1_165' title='bbox 3216 1032 3230 1056; x_wconf 92' lang='lat'><strong>,</strong></span> <span class='ocrx_word' id='word_1_166' title='bbox 3276 999 3331 1045; x_wconf 94' lang='lat' dir='ltr'><strong>et</strong></span> <span class='ocrx_word' id='word_1_167' title='bbox 3371 990 3427 1044; x_wconf 84' lang='lat' dir='ltr'><strong>in</strong></span> <span class='ocrx_word' id='word_1_168' title='bbox 3458 988 3723 1045; x_wconf 85' lang='lat' dir='ltr'><strong>membris</strong></span> 
     </span>
    </p>
   </div>
   <div class='ocr_carea' id='block_1_24' title="bbox 2127 1080 3724 1161">
    <p class='ocr_par' dir='ltr' id='par_1_24' title="bbox 2127 1080 3724 1161">
     <span class='ocr_line' id='line_1_24' title="bbox 2127 1080 3724 1161; baseline -0.006 -16"><span class='ocrx_word' id='word_1_169' title='bbox 2127 1089 2246 1159; x_wconf 82' lang='lat' dir='ltr'><strong>ejus</strong></span> <span class='ocrx_word' id='word_1_170' title='bbox 2273 1089 2512 1161; x_wconf 90' lang='lat' dir='ltr'><strong>quotidie</strong></span> <span class='ocrx_word' id='word_1_171' title='bbox 2546 1087 2817 1159; x_wconf 89' lang='lat' dir='ltr'><strong>impletur,</strong></span> <span class='ocrx_word' id='word_1_172' title='bbox 2850 1085 3022 1157; x_wconf 87' lang='lat' dir='ltr'><strong>ﬁgura</strong></span> <span class='ocrx_word' id='word_1_173' title='bbox 3049 1082 3262 1139; x_wconf 82' lang='lat' dir='ltr'><strong>exstitit</strong></span> <span class='ocrx_word' id='word_1_174' title='bbox 3294 1081 3483 1137; x_wconf 93' lang='lat' dir='ltr'><strong>unctio</strong></span> <span class='ocrx_word' id='word_1_175' title='bbox 3517 1080 3634 1145; x_wconf 87' lang='lat' dir='ltr'><strong>illa,</strong></span> <span class='ocrx_word' id='word_1_176' title='bbox 3664 1080 3724 1136; x_wconf 81' lang='lat' dir='ltr'><strong>:lc</strong></span> 
     </span>
    </p>
   </div>
   <div class='ocr_carea' id='block_1_25' title="bbox 2129 1172 3722 1252">
    <p class='ocr_par' dir='ltr' id='par_1_25' title="bbox 2129 1172 3722 1252">
     <span class='ocr_line' id='line_1_25' title="bbox 2129 1172 3722 1252; baseline -0.007 -16"><span class='ocrx_word' id='word_1_177' title='bbox 2129 1198 2237 1252; x_wconf 91' lang='lat' dir='ltr'><strong>qua</strong></span> <span class='ocrx_word' id='word_1_178' title='bbox 2267 1183 2323 1237; x_wconf 84' lang='lat' dir='ltr'><strong>in</strong></span> <span class='ocrx_word' id='word_1_179' title='bbox 2362 1180 2546 1238; x_wconf 80' lang='lat' dir='ltr'><strong>Veteri</strong></span> <span class='ocrx_word' id='word_1_180' title='bbox 2582 1179 2927 1234; x_wconf 88' lang='lat' dir='ltr'><strong>Testamento</strong></span> <span class='ocrx_word' id='word_1_181' title='bbox 2953 1175 3185 1248; x_wconf 86' lang='lat' dir='ltr'><strong>legimus</strong></span> <span class='ocrx_word' id='word_1_182' title='bbox 3213 1174 3285 1228; x_wconf 86' lang='lat' dir='ltr'><strong>ita</strong></span> <span class='ocrx_word' id='word_1_183' title='bbox 3315 1192 3328 1228; x_wconf 92' lang='lat'>:</span> <span class='ocrx_word' id='word_1_184' title='bbox 3362 1172 3506 1227; x_wconf 84' lang='lat' dir='ltr'><strong>Tulit</strong></span> <span class='ocrx_word' id='word_1_185' title='bbox 3552 1183 3722 1226; x_wconf 64' lang='lat' dir='ltr'><strong>autem</strong></span> 
     </span>
    </p>
   </div>
   <div class='ocr_carea' id='block_1_26' title="bbox 2132 1260 3722 1335">
    <p class='ocr_par' dir='ltr' id='par_1_26' title="bbox 2132 1260 3722 1335">
     <span class='ocr_line' id='line_1_26' title="bbox 2132 1260 3722 1335; baseline -0.006 -10"><span class='ocrx_word' id='word_1_186' title='bbox 2132 1269 2346 1325; x_wconf 88' lang='lat' dir='ltr'><strong>Samuel</strong></span> <span class='ocrx_word' id='word_1_187' title='bbox 2370 1268 2674 1324; x_wconf 80' lang='lat' dir='ltr'><strong>lenticulam</strong></span> <span class='ocrx_word' id='word_1_188' title='bbox 2699 1267 2800 1323; x_wconf 89' lang='lat' dir='ltr'><strong>olei</strong></span> <span class='ocrx_word' id='word_1_189' title='bbox 2827 1308 2842 1334; x_wconf 93' lang='lat'><strong>,</strong></span> <span class='ocrx_word' id='word_1_190' title='bbox 2879 1274 2927 1321; x_wconf 80' lang='lat' dir='ltr'><strong>et</strong></span> <span class='ocrx_word' id='word_1_191' title='bbox 2969 1264 3155 1335; x_wconf 77' lang='lat' dir='ltr'><strong>effudit</strong></span> <span class='ocrx_word' id='word_1_192' title='bbox 3185 1279 3343 1332; x_wconf 87' lang='lat' dir='ltr'><strong>super</strong></span> <span class='ocrx_word' id='word_1_193' title='bbox 3377 1271 3539 1333; x_wconf 84' lang='lat' dir='ltr'><strong>caput</strong></span> <span class='ocrx_word' id='word_1_194' title='bbox 3590 1260 3722 1333; x_wconf 83' lang='lat' dir='ltr'><strong>ejus,</strong></span> 
     </span>
    </p>
   </div>
   <div class='ocr_carea' id='block_1_27' title="bbox 2132 1357 3727 1429">
    <p class='ocr_par' dir='ltr' id='par_1_27' title="bbox 2132 1357 3727 1429">
     <span class='ocr_line' id='line_1_27' title="bbox 2132 1357 3727 1429; baseline -0.006 -10"><span class='ocrx_word' id='word_1_195' title='bbox 2132 1364 2186 1419; x_wconf 91' lang='lat' dir='ltr'><strong>id</strong></span> <span class='ocrx_word' id='word_1_196' title='bbox 2215 1373 2297 1420; x_wconf 90' lang='lat' dir='ltr'><strong>est</strong></span> <span class='ocrx_word' id='word_1_197' title='bbox 2324 1363 2523 1429; x_wconf 90' lang='lat' dir='ltr'><strong>Saulis,</strong></span> <span class='ocrx_word' id='word_1_198' title='bbox 2554 1374 2608 1419; x_wconf 90' lang='lat' dir='ltr'><strong>et</strong></span> <span class='ocrx_word' id='word_1_199' title='bbox 2633 1361 2974 1419; x_wconf 89' lang='lat' dir='ltr'><strong>deosculatus</strong></span> <span class='ocrx_word' id='word_1_200' title='bbox 3001 1359 3076 1414; x_wconf 87' lang='lat' dir='ltr'><strong>ait</strong></span> <span class='ocrx_word' id='word_1_201' title='bbox 3096 1357 3123 1414; x_wconf 76' lang='grc' dir='ltr'>ἐ</span> <span class='ocrx_word' id='word_1_202' title='bbox 3158 1358 3327 1413; x_wconf 83' lang='lat' dir='ltr'><strong>Ecce!</strong></span> <span class='ocrx_word' id='word_1_203' title='bbox 3361 1358 3513 1411; x_wconf 75' lang='lat' dir='ltr'><strong>unxit</strong></span> <span class='ocrx_word' id='word_1_204' title='bbox 3542 1368 3595 1411; x_wconf 88' lang='lat' dir='ltr'><strong>te</strong></span> <span class='ocrx_word' id='word_1_205' title='bbox 3622 1357 3727 1411; x_wconf 87' lang='lat' dir='ltr'><strong>Do-</strong></span> 
     </span>
    </p>
   </div>
   <div class='ocr_carea' id='block_1_28' title="bbox 2131 1446 3728 1526">
    <p class='ocr_par' dir='ltr' id='par_1_28' title="bbox 2131 1446 3728 1526">
     <span class='ocr_line' id='line_1_28' title="bbox 2131 1446 3728 1526; baseline -0.006 -16"><span class='ocrx_word' id='word_1_206' title='bbox 2131 1456 2306 1510; x_wconf 84' lang='lat' dir='ltr'><strong>minus</strong></span> <span class='ocrx_word' id='word_1_207' title='bbox 2332 1471 2489 1526; x_wconf 81' lang='lat' dir='ltr'><strong>super</strong></span> <span class='ocrx_word' id='word_1_208' title='bbox 2521 1453 2876 1508; x_wconf 76' lang='lat' dir='ltr'><strong>[nereditatem</strong></span> <span class='ocrx_word' id='word_1_209' title='bbox 2901 1467 3055 1507; x_wconf 88' lang='lat' dir='ltr'><strong>suam</strong></span> <span class='ocrx_word' id='word_1_210' title='bbox 3082 1451 3136 1505; x_wconf 93' lang='lat' dir='ltr'><strong>in</strong></span> <span class='ocrx_word' id='word_1_211' title='bbox 3166 1448 3475 1520; x_wconf 81' lang='lat' dir='ltr'><strong>principem.</strong></span> <span class='ocrx_word' id='word_1_212' title='bbox 3527 1446 3597 1501; x_wconf 77' lang='lat' dir='ltr'><strong>Et</strong></span> <span class='ocrx_word' id='word_1_213' title='bbox 3629 1446 3728 1501; x_wconf 85' lang='lat' dir='ltr'><strong>ite-</strong></span> 
     </span>
    </p>
   </div>
   <div class='ocr_carea' id='block_1_29' title="bbox 2133 1536 3726 1616">
    <p class='ocr_par' dir='ltr' id='par_1_29' title="bbox 2133 1536 3726 1616">
     <span class='ocr_line' id='line_1_29' title="bbox 2133 1536 3726 1616; baseline -0.007 -16"><span class='ocrx_word' id='word_1_214' title='bbox 2133 1562 2253 1601; x_wconf 85' lang='lat' dir='ltr'><strong>rum</strong></span> <span class='ocrx_word' id='word_1_215' title='bbox 2284 1564 2296 1599; x_wconf 93' lang='lat'><strong>:</strong></span> <span class='ocrx_word' id='word_1_216' title='bbox 2332 1544 2470 1599; x_wconf 86' lang='lat' dir='ltr'><strong>Tulit</strong></span> <span class='ocrx_word' id='word_1_217' title='bbox 2501 1544 2663 1616; x_wconf 83' lang='lat' dir='ltr'><strong>igitur</strong></span> <span class='ocrx_word' id='word_1_218' title='bbox 2708 1540 2923 1598; x_wconf 90' lang='lat' dir='ltr'><strong>Samuel</strong></span> <span class='ocrx_word' id='word_1_219' title='bbox 2961 1557 3124 1596; x_wconf 86' lang='lat' dir='ltr'><strong>cornu</strong></span> <span class='ocrx_word' id='word_1_220' title='bbox 3159 1539 3278 1605; x_wconf 84' lang='lat' dir='ltr'><strong>olei,</strong></span> <span class='ocrx_word' id='word_1_221' title='bbox 3305 1547 3355 1593; x_wconf 92' lang='lat' dir='ltr'><strong>et</strong></span> <span class='ocrx_word' id='word_1_222' title='bbox 3393 1536 3553 1590; x_wconf 77' lang='lat' dir='ltr'><strong>unxit</strong></span> <span class='ocrx_word' id='word_1_223' title='bbox 3592 1553 3726 1598; x_wconf 82' lang='lat' dir='ltr'><strong>eum,</strong></span> 
     </span>
    </p>
   </div>
   <div class='ocr_carea' id='block_1_30' title="bbox 2135 1628 3729 1703">
    <p class='ocr_par' dir='ltr' id='par_1_30' title="bbox 2135 1628 3729 1703">
     <span class='ocr_line' id='line_1_30' title="bbox 2135 1628 3729 1703; baseline -0.006 -13"><span class='ocrx_word' id='word_1_224' title='bbox 2135 1635 2188 1689; x_wconf 91' lang='lat' dir='ltr'><strong>id</strong></span> <span class='ocrx_word' id='word_1_225' title='bbox 2216 1634 2535 1700; x_wconf 85' lang='lat' dir='ltr'><strong>cst,.David,</strong></span> <span class='ocrx_word' id='word_1_226' title='bbox 2559 1635 2614 1687; x_wconf 89' lang='lat' dir='ltr'><strong>in</strong></span> <span class='ocrx_word' id='word_1_227' title='bbox 2640 1633 2810 1687; x_wconf 84' lang='lat' dir='ltr'><strong>medio</strong></span> <span class='ocrx_word' id='word_1_228' title='bbox 2844 1631 3079 1703; x_wconf 71' lang='lat' dir='ltr'><strong>fratrum</strong></span> <span class='ocrx_word' id='word_1_229' title='bbox 3108 1630 3253 1700; x_wconf 82' lang='lat' dir='ltr'><strong>ejus,</strong></span> <span class='ocrx_word' id='word_1_230' title='bbox 3300 1637 3350 1683; x_wconf 85' lang='lat' dir='ltr'><strong>et</strong></span> <span class='ocrx_word' id='word_1_231' title='bbox 3390 1628 3629 1682; x_wconf 81' lang='lat' dir='ltr'><strong>directus</strong></span> <span class='ocrx_word' id='word_1_232' title='bbox 3658 1637 3729 1681; x_wconf 84' lang='lat' dir='ltr'><strong>cst</strong></span> 
     </span>
    </p>
   </div>
   <div class='ocr_carea' id='block_1_31' title="bbox 2135 1718 3729 1797">
    <p class='ocr_par' dir='ltr' id='par_1_31' title="bbox 2135 1718 3729 1797">
     <span class='ocr_line' id='line_1_31' title="bbox 2135 1718 3729 1797; baseline -0.004 -16"><span class='ocrx_word' id='word_1_233' title='bbox 2135 1727 2351 1797; x_wconf 74' lang='lat' dir='ltr'><strong>spiritus</strong></span> <span class='ocrx_word' id='word_1_234' title='bbox 2390 1724 2607 1780; x_wconf 80' lang='lat' dir='ltr'><strong>Domini</strong></span> <span class='ocrx_word' id='word_1_235' title='bbox 2648 1725 2705 1778; x_wconf 91' lang='lat' dir='ltr'><strong>in</strong></span> <span class='ocrx_word' id='word_1_236' title='bbox 2749 1722 2918 1778; x_wconf 81' lang='lat' dir='ltr'><strong>David</strong></span> <span class='ocrx_word' id='word_1_237' title='bbox 2964 1739 2998 1777; x_wconf 80' lang='grc' dir='ltr'><em>α</em></span> <span class='ocrx_word' id='word_1_238' title='bbox 3045 1721 3132 1776; x_wconf 87' lang='lat' dir='ltr'><strong>die</strong></span> <span class='ocrx_word' id='word_1_239' title='bbox 3171 1720 3266 1775; x_wconf 85' lang='lat' dir='ltr'><strong>illa</strong></span> <span class='ocrx_word' id='word_1_240' title='bbox 3310 1732 3360 1774; x_wconf 85' lang='lat' dir='ltr'><strong>et</strong></span> <span class='ocrx_word' id='word_1_241' title='bbox 3391 1719 3447 1773; x_wconf 90' lang='lat' dir='ltr'><strong>in</strong></span> <span class='ocrx_word' id='word_1_242' title='bbox 3473 1718 3729 1789; x_wconf 78' lang='lat' dir='ltr'><strong>reliquum</strong></span> 
     </span>
    </p>
   </div>
   <div class='ocr_carea' id='block_1_32' title="bbox 2138 1807 3727 1890">
    <p class='ocr_par' dir='ltr' id='par_1_32' title="bbox 2138 1807 3727 1890">
     <span class='ocr_line' id='line_1_32' title="bbox 2138 1807 3727 1890; baseline -0.008 -18"><span class='ocrx_word' id='word_1_243' title='bbox 2138 1816 2190 1890; x_wconf 85' lang='grc' dir='ltr'><strong>(Ι</strong></span> <span class='ocrx_word' id='word_1_244' title='bbox 2213 1816 2338 1889; x_wconf 81' lang='lat' dir='ltr'><strong>Reg.</strong></span> <span class='ocrx_word' id='word_1_245' title='bbox 2375 1831 2490 1883; x_wconf 56' lang='grc' dir='ltr'><strong>μοι,</strong></span> <span class='ocrx_word' id='word_1_246' title='bbox 2519 1815 2630 1886; x_wconf 78' lang='grc'><strong>15).</strong></span> <span class='ocrx_word' id='word_1_247' title='bbox 2669 1813 2727 1868; x_wconf 90' lang='lat' dir='ltr'><strong>lu</strong></span> <span class='ocrx_word' id='word_1_248' title='bbox 2756 1811 2952 1884; x_wconf 86' lang='lat' dir='ltr'><strong>quibus</strong></span> <span class='ocrx_word' id='word_1_249' title='bbox 2972 1825 3188 1882; x_wconf 89' lang='lat' dir='ltr'><strong>quoque</strong></span> <span class='ocrx_word' id='word_1_250' title='bbox 3217 1808 3403 1864; x_wconf 80' lang='lat' dir='ltr'><strong>verbis</strong></span> <span class='ocrx_word' id='word_1_251' title='bbox 3426 1807 3727 1862; x_wconf 85' lang='lat' dir='ltr'><strong>notandum</strong></span> 
     </span>
    </p>
   </div>
   <div class='ocr_carea' id='block_1_33' title="bbox 447 1896 3730 2001">
    <p class='ocr_par' dir='ltr' id='par_1_33' title="bbox 447 1896 3730 2001">
     <span class='ocr_line' id='line_1_33' title="bbox 447 1896 3730 2001; baseline -0.015 -5"><span class='ocrx_word' id='word_1_252' title='bbox 447 1939 670 1997; x_wconf 87' lang='lat' dir='ltr'><strong>rationis</strong></span> <span class='ocrx_word' id='word_1_253' title='bbox 701 1896 1042 1993; x_wconf 62' lang='lat' dir='ltr'><strong>solemnitate</strong></span> <span class='ocrx_word' id='word_1_254' title='bbox 1064 1972 1079 1997; x_wconf 88' lang='lat'><strong>,</strong></span> <span class='ocrx_word' id='word_1_255' title='bbox 1110 1930 1245 1986; x_wconf 83' lang='lat' dir='ltr'><strong>nihil</strong></span> <span class='ocrx_word' id='word_1_256' title='bbox 1280 1896 1487 2001; x_wconf 67' lang='lat' dir='ltr'><strong>agitur;</strong></span> <span class='ocrx_word' id='word_1_257' title='bbox 1519 1924 1623 1981; x_wconf 90' lang='lat' dir='ltr'><strong>nisi</strong></span> <span class='ocrx_word' id='word_1_258' title='bbox 1656 1930 1770 1979; x_wconf 84' lang='lat' dir='ltr'><strong>tota</strong></span> <span class='ocrx_word' id='word_1_259' title='bbox 1797 1896 2037 1977; x_wconf 74' lang='lat' dir='ltr'><strong>Trinitas</strong></span> <span class='ocrx_word' id='word_1_260' title='bbox 2068 1899 2113 1959; x_wconf 77' lang='grc' dir='ltr'><strong>Β</strong></span> <span class='ocrx_word' id='word_1_261' title='bbox 2138 1905 2385 2001; x_wconf 72' lang='lat' dir='ltr'><strong>estquod</strong></span> <span class='ocrx_word' id='word_1_262' title='bbox 2408 1915 2532 2001; x_wconf 60' lang='lat' dir='ltr'><strong>post</strong></span> <span class='ocrx_word' id='word_1_263' title='bbox 2558 1904 2891 2001; x_wconf 67' lang='lat' dir='ltr'><strong>unctionem,</strong></span> <span class='ocrx_word' id='word_1_264' title='bbox 2913 1896 3024 2001; x_wconf 69' lang='lat' dir='ltr'><strong>imo</strong></span> <span class='ocrx_word' id='word_1_265' title='bbox 3049 1915 3149 2000; x_wconf 85' lang='lat' dir='ltr'><strong>per</strong></span> <span class='ocrx_word' id='word_1_266' title='bbox 3175 1898 3511 2001; x_wconf 69' lang='lat' dir='ltr'><strong>unctionem,</strong></span> <span class='ocrx_word' id='word_1_267' title='bbox 3536 1896 3730 2001; x_wconf 56' lang='lat' dir='ltr'><strong>dii-ig:-</strong></span> 
     </span>
    </p>
   </div>
   <div class='ocr_carea' id='block_1_34' title="bbox 446 2013 2040 2095">
    <p class='ocr_par' dir='ltr' id='par_1_34' title="bbox 446 2013 2040 2095">
     <span class='ocr_line' id='line_1_34' title="bbox 446 2013 2040 2095; baseline -0.013 -8"><span class='ocrx_word' id='word_1_268' title='bbox 446 2034 747 2087; x_wconf 85' lang='lat' dir='ltr'><strong>invocetur.</strong></span> <span class='ocrx_word' id='word_1_269' title='bbox 808 2027 946 2095; x_wconf 80' lang='lat' dir='ltr'><strong>Quia</strong></span> <span class='ocrx_word' id='word_1_270' title='bbox 984 2022 1200 2081; x_wconf 83' lang='lat' dir='ltr'><strong>nonnisi</strong></span> <span class='ocrx_word' id='word_1_271' title='bbox 1245 2022 1299 2077; x_wconf 91' lang='lat' dir='ltr'><strong>in</strong></span> <span class='ocrx_word' id='word_1_272' title='bbox 1335 2034 1443 2075; x_wconf 91' lang='lat' dir='ltr'><strong>uno</strong></span> <span class='ocrx_word' id='word_1_273' title='bbox 1485 2016 1704 2074; x_wconf 88' lang='lat' dir='ltr'><strong>nomine</strong></span> <span class='ocrx_word' id='word_1_274' title='bbox 1738 2013 1938 2080; x_wconf 86' lang='lat' dir='ltr'><strong>Patris,</strong></span> <span class='ocrx_word' id='word_1_275' title='bbox 1983 2019 2040 2067; x_wconf 89' lang='lat' dir='ltr'><strong>et</strong></span> 
     </span>
    </p>
   </div>
   <div class='ocr_carea' id='block_1_35' title="bbox 446 2104 2039 2193">
    <p class='ocr_par' dir='ltr' id='par_1_35' title="bbox 446 2104 2039 2193">
     <span class='ocr_line' id='line_1_35' title="bbox 446 2104 2039 2193; baseline -0.011 -14"><span class='ocrx_word' id='word_1_276' title='bbox 446 2125 591 2188; x_wconf 78' lang='lat' dir='ltr'><strong>Filii,</strong></span> <span class='ocrx_word' id='word_1_277' title='bbox 619 2134 676 2180; x_wconf 88' lang='lat' dir='ltr'><strong>et</strong></span> <span class='ocrx_word' id='word_1_278' title='bbox 715 2121 951 2193; x_wconf 82' lang='lat' dir='ltr'><strong>Spiritus</strong></span> <span class='ocrx_word' id='word_1_279' title='bbox 997 2117 1170 2174; x_wconf 89' lang='lat' dir='ltr'><strong>sancti</strong></span> <span class='ocrx_word' id='word_1_280' title='bbox 1216 2112 1469 2187; x_wconf 88' lang='lat' dir='ltr'><strong>baptismi</strong></span> <span class='ocrx_word' id='word_1_281' title='bbox 1513 2108 1884 2169; x_wconf 88' lang='lat' dir='ltr'><strong>sanctiﬁcatur</strong></span> <span class='ocrx_word' id='word_1_282' title='bbox 1920 2104 2039 2163; x_wconf 83' lang='lat' dir='ltr'><strong>olli-</strong></span> 
     </span>
    </p>
   </div>
   <div class='ocr_carea' id='block_1_36' title="bbox 448 2231 820 2277">
    <p class='ocr_par' dir='ltr' id='par_1_36' title="bbox 448 2231 820 2277">
     <span class='ocr_line' id='line_1_36' title="bbox 448 2231 820 2277; baseline -0.003 -5"><span class='ocrx_word' id='word_1_283' title='bbox 448 2231 592 2272; x_wconf 75' lang='grc' dir='ltr'>(Ὶιιιιι</span> <span class='ocrx_word' id='word_1_284' title='bbox 812 2269 820 2277; x_wconf 82' lang='grc'><em>,</em></span> 
     </span>
    </p>
   </div>
   <div class='ocr_carea' id='block_1_37' title="bbox 522 2287 2036 2377">
    <p class='ocr_par' dir='ltr' id='par_1_37' title="bbox 522 2287 2036 2377">
     <span class='ocr_line' id='line_1_37' title="bbox 522 2287 2036 2377; baseline -0.012 -17"><span class='ocrx_word' id='word_1_285' title='bbox 522 2306 830 2377; x_wconf 78' lang='lat' dir='ltr'><strong>ltaptismus</strong></span> <span class='ocrx_word' id='word_1_286' title='bbox 877 2311 1059 2358; x_wconf 90' lang='lat' dir='ltr'><strong>autem</strong></span> <span class='ocrx_word' id='word_1_287' title='bbox 1105 2314 1213 2355; x_wconf 88' lang='lat' dir='ltr'><strong>non</strong></span> <span class='ocrx_word' id='word_1_288' title='bbox 1255 2304 1339 2353; x_wconf 90' lang='lat' dir='ltr'><strong>cst</strong></span> <span class='ocrx_word' id='word_1_289' title='bbox 1380 2293 1647 2357; x_wconf 89' lang='lat' dir='ltr'><strong>hominis,</strong></span> <span class='ocrx_word' id='word_1_290' title='bbox 1696 2291 1790 2348; x_wconf 86' lang='lat' dir='ltr'><strong>sed</strong></span> <span class='ocrx_word' id='word_1_291' title='bbox 1815 2287 2036 2346; x_wconf 82' lang='lat' dir='ltr'><strong>Christi.</strong></span> 
     </span>
    </p>
   </div>
   <div class='ocr_carea' id='block_1_38' title="bbox 449 2385 2038 2469">
    <p class='ocr_par' dir='ltr' id='par_1_38' title="bbox 449 2385 2038 2469">
     <span class='ocr_line' id='line_1_38' title="bbox 449 2385 2038 2469; baseline -0.012 -15"><span class='ocrx_word' id='word_1_292' title='bbox 449 2400 680 2469; x_wconf 63' lang='lat' dir='ltr'><strong>quue</strong></span> <span class='ocrx_word' id='word_1_293' title='bbox 709 2396 843 2452; x_wconf 87' lang='lat' dir='ltr'><strong>nihil</strong></span> <span class='ocrx_word' id='word_1_294' title='bbox 872 2396 1100 2451; x_wconf 90' lang='lat' dir='ltr'><strong>interest</strong></span> <span class='ocrx_word' id='word_1_295' title='bbox 1126 2390 1415 2448; x_wconf 72' lang='lat' dir='ltr'><strong>luereticus</strong></span> <span class='ocrx_word' id='word_1_296' title='bbox 1453 2404 1523 2442; x_wconf 88' lang='lat' dir='ltr'><strong>an</strong></span> <span class='ocrx_word' id='word_1_297' title='bbox 1565 2386 1737 2441; x_wconf 88' lang='lat' dir='ltr'><strong>ﬁdelis</strong></span> <span class='ocrx_word' id='word_1_298' title='bbox 1763 2385 2038 2454; x_wconf 84' lang='lat' dir='ltr'><strong>baptizet;</strong></span> 
     </span>
    </p>
   </div>
   <div class='ocr_carea' id='block_1_39' title="bbox 2142 1987 3732 2070">
    <p class='ocr_par' dir='ltr' id='par_1_39' title="bbox 2142 1987 3732 2070">
     <span class='ocr_line' id='line_1_39' title="bbox 2142 1987 3732 2070; baseline -0.008 -17"><span class='ocrx_word' id='word_1_299' title='bbox 2142 2008 2233 2054; x_wconf 90' lang='lat' dir='ltr'><strong>tur</strong></span> <span class='ocrx_word' id='word_1_300' title='bbox 2252 1997 2475 2070; x_wconf 88' lang='lat' dir='ltr'><strong>spiritus</strong></span> <span class='ocrx_word' id='word_1_301' title='bbox 2496 1994 2712 2052; x_wconf 89' lang='lat' dir='ltr'><strong>Domini</strong></span> <span class='ocrx_word' id='word_1_302' title='bbox 2743 1995 2797 2050; x_wconf 93' lang='lat' dir='ltr'><strong>in</strong></span> <span class='ocrx_word' id='word_1_303' title='bbox 2821 1992 3013 2059; x_wconf 87' lang='lat' dir='ltr'><strong>David,</strong></span> <span class='ocrx_word' id='word_1_304' title='bbox 3044 1992 3185 2048; x_wconf 86' lang='lat' dir='ltr'><strong>sicut</strong></span> <span class='ocrx_word' id='word_1_305' title='bbox 3208 1991 3263 2045; x_wconf 88' lang='lat' dir='ltr'><strong>in</strong></span> <span class='ocrx_word' id='word_1_306' title='bbox 3286 1989 3533 2044; x_wconf 78' lang='lat' dir='ltr'><strong>Ecclesia</strong></span> <span class='ocrx_word' id='word_1_307' title='bbox 3561 1987 3732 2042; x_wconf 80' lang='lat' dir='ltr'><strong>credi-</strong></span> 
     </span>
    </p>
   </div>
   <div class='ocr_carea' id='block_1_40' title="bbox 2139 2080 3733 2159">
    <p class='ocr_par' dir='ltr' id='par_1_40' title="bbox 2139 2080 3733 2159">
     <span class='ocr_line' id='line_1_40' title="bbox 2139 2080 3733 2159; baseline -0.006 -15"><span class='ocrx_word' id='word_1_308' title='bbox 2139 2104 2260 2144; x_wconf 89' lang='lat' dir='ltr'><strong>mus</strong></span> <span class='ocrx_word' id='word_1_309' title='bbox 2279 2103 2377 2159; x_wconf 91' lang='lat' dir='ltr'><strong>per</strong></span> <span class='ocrx_word' id='word_1_310' title='bbox 2395 2086 2704 2143; x_wconf 86' lang='lat' dir='ltr'><strong>chrismatis</strong></span> <span class='ocrx_word' id='word_1_311' title='bbox 2724 2085 3031 2142; x_wconf 87' lang='lat' dir='ltr'><strong>unctionem</strong></span> <span class='ocrx_word' id='word_1_312' title='bbox 3051 2091 3107 2139; x_wconf 89' lang='lat' dir='ltr'><strong>et</strong></span> <span class='ocrx_word' id='word_1_313' title='bbox 3121 2098 3315 2139; x_wconf 90' lang='lat' dir='ltr'><strong>manus</strong></span> <span class='ocrx_word' id='word_1_314' title='bbox 3334 2080 3733 2153; x_wconf 85' lang='lat' dir='ltr'><strong>impositionem</strong></span> 
     </span>
    </p>
   </div>
   <div class='ocr_carea' id='block_1_41' title="bbox 2138 2175 3729 2252">
    <p class='ocr_par' dir='ltr' id='par_1_41' title="bbox 2138 2175 3729 2252">
     <span class='ocr_line' id='line_1_41' title="bbox 2138 2175 3729 2252; baseline -0.004 -16"><span class='ocrx_word' id='word_1_315' title='bbox 2138 2179 2258 2236; x_wconf 89' lang='lat' dir='ltr'><strong>dari</strong></span> <span class='ocrx_word' id='word_1_316' title='bbox 2281 2180 2543 2252; x_wconf 83' lang='lat' dir='ltr'><strong>Spiritum</strong></span> <span class='ocrx_word' id='word_1_317' title='bbox 2570 2187 2838 2236; x_wconf 90' lang='lat' dir='ltr'><strong>sanctum.</strong></span> <span class='ocrx_word' id='word_1_318' title='bbox 2876 2176 3014 2233; x_wconf 87' lang='lat' dir='ltr'><strong>Nam</strong></span> <span class='ocrx_word' id='word_1_319' title='bbox 3040 2178 3180 2233; x_wconf 90' lang='lat' dir='ltr'><strong>sicut</strong></span> <span class='ocrx_word' id='word_1_320' title='bbox 3214 2177 3269 2232; x_wconf 91' lang='lat' dir='ltr'><strong>in</strong></span> <span class='ocrx_word' id='word_1_321' title='bbox 3300 2175 3577 2248; x_wconf 87' lang='lat' dir='ltr'><strong>baptismo</strong></span> <span class='ocrx_word' id='word_1_322' title='bbox 3603 2188 3729 2246; x_wconf 83' lang='lat' dir='ltr'><strong>pec-</strong></span> 
     </span>
    </p>
   </div>
   <div class='ocr_carea' id='block_1_42' title="bbox 2140 2264 3735 2339">
    <p class='ocr_par' dir='ltr' id='par_1_42' title="bbox 2140 2264 3735 2339">
     <span class='ocr_line' id='line_1_42' title="bbox 2140 2264 3735 2339; baseline -0.004 -13"><span class='ocrx_word' id='word_1_323' title='bbox 2140 2278 2383 2328; x_wconf 86' lang='lat' dir='ltr'><strong>catorum</strong></span> <span class='ocrx_word' id='word_1_324' title='bbox 2413 2270 2661 2326; x_wconf 89' lang='lat' dir='ltr'><strong>remissio</strong></span> <span class='ocrx_word' id='word_1_325' title='bbox 2688 2270 2881 2335; x_wconf 90' lang='lat' dir='ltr'><strong>datur,</strong></span> <span class='ocrx_word' id='word_1_326' title='bbox 2922 2268 2997 2323; x_wconf 88' lang='lat' dir='ltr'><strong>ita</strong></span> <span class='ocrx_word' id='word_1_327' title='bbox 3036 2282 3132 2339; x_wconf 89' lang='lat' dir='ltr'><strong>per</strong></span> <span class='ocrx_word' id='word_1_328' title='bbox 3158 2267 3473 2322; x_wconf 88' lang='lat' dir='ltr'><strong>unctionem</strong></span> <span class='ocrx_word' id='word_1_329' title='bbox 3496 2264 3735 2322; x_wconf 83' lang='lat' dir='ltr'><strong>sanctiﬁ-</strong></span> 
     </span>
    </p>
   </div>
   <div class='ocr_carea' id='block_1_43' title="bbox 2140 2353 3735 2432">
    <p class='ocr_par' dir='ltr' id='par_1_43' title="bbox 2140 2353 3735 2432">
     <span class='ocr_line' id='line_1_43' title="bbox 2140 2353 3735 2432; baseline -0.006 -15"><span class='ocrx_word' id='word_1_330' title='bbox 2140 2360 2286 2417; x_wconf 90' lang='lat' dir='ltr'><strong>catio</strong></span> <span class='ocrx_word' id='word_1_331' title='bbox 2310 2358 2548 2432; x_wconf 90' lang='lat' dir='ltr'><strong>Spiritus</strong></span> <span class='ocrx_word' id='word_1_332' title='bbox 2571 2359 2881 2415; x_wconf 86' lang='lat' dir='ltr'><strong>adhibetur.</strong></span> <span class='ocrx_word' id='word_1_333' title='bbox 2920 2356 2990 2413; x_wconf 88' lang='lat' dir='ltr'><strong>Et</strong></span> <span class='ocrx_word' id='word_1_334' title='bbox 3019 2358 3125 2413; x_wconf 91' lang='lat' dir='ltr'><strong>hoc</strong></span> <span class='ocrx_word' id='word_1_335' title='bbox 3151 2356 3295 2426; x_wconf 88' lang='lat' dir='ltr'><strong>quod</strong></span> <span class='ocrx_word' id='word_1_336' title='bbox 3330 2355 3537 2412; x_wconf 88' lang='lat' dir='ltr'><strong>dictum</strong></span> <span class='ocrx_word' id='word_1_337' title='bbox 3562 2361 3646 2409; x_wconf 88' lang='lat' dir='ltr'><strong>est</strong></span> <span class='ocrx_word' id='word_1_338' title='bbox 3672 2353 3735 2409; x_wconf 88' lang='lat' dir='ltr'><strong>de</strong></span> 
     </span>
    </p>
   </div>
   <div class='ocr_carea' id='block_1_44' title="bbox 451 2444 2048 2558">
    <p class='ocr_par' dir='ltr' id='par_1_44' title="bbox 451 2444 2043 2558">
     <span class='ocr_line' id='line_1_44' title="bbox 451 2444 2034 2469; baseline -0.01 -5"><span class='ocrx_word' id='word_1_339' title='bbox 451 2444 679 2469; x_wconf 63' lang='grc' dir='ltr'><strong>-η---τι--ν</strong></span> <span class='ocrx_word' id='word_1_340' title='bbox 874 2444 1097 2451; x_wconf 58' lang='lat' dir='ltr'><strong>mm---</strong></span> <span class='ocrx_word' id='word_1_341' title='bbox 1338 2444 1341 2445; x_wconf 44' lang='grc' dir='ltr'><em>ν</em></span> <span class='ocrx_word' id='word_1_342' title='bbox 1835 2444 1849 2454; x_wconf 92' lang='grc'>.</span> <span class='ocrx_word' id='word_1_343' title='bbox 2024 2444 2034 2448; x_wconf 81' lang='grc'>,</span> 
     </span>
     <span class='ocr_line' id='line_1_45' title="bbox 451 2472 2043 2558; baseline -0.009 -17"><span class='ocrx_word' id='word_1_344' title='bbox 451 2488 579 2558; x_wconf 74' lang='lat' dir='ltr'><strong>quia</strong></span> <span class='ocrx_word' id='word_1_345' title='bbox 601 2495 1002 2542; x_wconf 84' lang='lat' dir='ltr'><strong>sacramentum</strong></span> <span class='ocrx_word' id='word_1_346' title='bbox 1033 2491 1142 2538; x_wconf 88' lang='lat' dir='ltr'><strong>tam</strong></span> <span class='ocrx_word' id='word_1_347' title='bbox 1169 2490 1417 2537; x_wconf 88' lang='lat' dir='ltr'><strong>sanctum</strong></span> <span class='ocrx_word' id='word_1_348' title='bbox 1442 2488 1545 2543; x_wconf 87' lang='lat' dir='ltr'><strong>est,</strong></span> <span class='ocrx_word' id='word_1_349' title='bbox 1566 2486 1628 2533; x_wconf 92' lang='lat' dir='ltr'><strong>ut</strong></span> <span class='ocrx_word' id='word_1_350' title='bbox 1654 2491 1755 2531; x_wconf 89' lang='lat' dir='ltr'><strong>nec</strong></span> <span class='ocrx_word' id='word_1_351' title='bbox 1775 2472 2043 2530; x_wconf 82' lang='lat' dir='ltr'><strong>homicida</strong></span> 
     </span>
    </p>
   </div>
   <div class='ocr_carea' id='block_1_45' title="bbox 2151 2444 3735 2558">
    <p class='ocr_par' dir='ltr' id='par_1_45' title="bbox 2151 2444 3735 2558">
     <span class='ocr_line' id='line_1_46' title="bbox 2151 2444 3735 2522; baseline -0.006 -15"><span class='ocrx_word' id='word_1_352' title='bbox 2151 2452 2370 2522; x_wconf 85' lang='lat' dir='ltr'><strong>pristina</strong></span> <span class='ocrx_word' id='word_1_353' title='bbox 2420 2450 2740 2522; x_wconf 91' lang='lat' dir='ltr'><strong>disciplina,</strong></span> <span class='ocrx_word' id='word_1_354' title='bbox 2790 2466 2894 2521; x_wconf 83' lang='lat' dir='ltr'><strong>qua</strong></span> <span class='ocrx_word' id='word_1_355' title='bbox 2941 2449 3069 2519; x_wconf 80' lang='lat' dir='ltr'><strong>ungi</strong></span> <span class='ocrx_word' id='word_1_356' title='bbox 3112 2447 3166 2502; x_wconf 91' lang='lat' dir='ltr'><strong>in</strong></span> <span class='ocrx_word' id='word_1_357' title='bbox 3206 2444 3574 2502; x_wconf 87' lang='lat' dir='ltr'><strong>sacerdotium</strong></span> <span class='ocrx_word' id='word_1_358' title='bbox 3603 2444 3735 2500; x_wconf 88' lang='lat' dir='ltr'><strong>etin</strong></span> 
     </span>
     <span class='ocr_line' id='line_1_47' title="bbox 2459 2535 3731 2558; baseline -0.007 4"><span class='ocrx_word' id='word_1_359' title='bbox 2459 2542 2472 2558; x_wconf 86' lang='lat'><strong>.</strong></span> <span class='ocrx_word' id='word_1_360' title='bbox 2510 2544 2523 2558; x_wconf 86' lang='lat'><strong>.</strong></span> <span class='ocrx_word' id='word_1_361' title='bbox 2560 2557 2563 2558; x_wconf 61' lang='lat'><strong>,</strong></span> <span class='ocrx_word' id='word_1_362' title='bbox 2623 2549 2635 2558; x_wconf 84' lang='grc'><strong>.</strong></span> <span class='ocrx_word' id='word_1_363' title='bbox 2706 2557 2721 2558; x_wconf 53' lang='grc' dir='ltr'><em>η</em></span> <span class='ocrx_word' id='word_1_364' title='bbox 2772 2556 2802 2558; x_wconf 26' lang='grc' dir='ltr'><em>Η</em></span> <span class='ocrx_word' id='word_1_365' title='bbox 2840 2540 2863 2558; x_wconf 54' lang='grc' dir='ltr'><strong><em>λ</em></strong></span> <span class='ocrx_word' id='word_1_366' title='bbox 2992 2537 3273 2558; x_wconf 17' lang='lat' dir='ltr'><strong>suos...“</strong></span> <span class='ocrx_word' id='word_1_367' title='bbox 3302 2536 3356 2558; x_wconf 70' lang='grc' dir='ltr'><strong>η.</strong></span> <span class='ocrx_word' id='word_1_368' title='bbox 3414 2535 3731 2558; x_wconf 59' lang='lat'><strong>__,_,._.=.-_</strong></span> 
     </span>
    </p>
   </div>
   <div class='ocr_carea' id='block_1_46' title="bbox 457 2535 2048 2646">
    <p class='ocr_par' dir='ltr' id='par_1_46' title="bbox 457 2535 2044 2646">
     <span class='ocr_line' id='line_1_48' title="bbox 457 2535 2044 2646; baseline -0.009 -12"><span class='ocrx_word' id='word_1_369' title='bbox 457 2535 800 2634; x_wconf 70' lang='lat' dir='ltr'><strong>ministrante</strong></span> <span class='ocrx_word' id='word_1_370' title='bbox 847 2575 1137 2646; x_wconf 89' lang='lat' dir='ltr'><strong>polluatur.</strong></span> <span class='ocrx_word' id='word_1_371' title='bbox 1214 2572 1387 2627; x_wconf 83' lang='lat' dir='ltr'><strong>liabet</strong></span> <span class='ocrx_word' id='word_1_372' title='bbox 1452 2570 1671 2641; x_wconf 90' lang='lat' dir='ltr'><strong>quidem</strong></span> <span class='ocrx_word' id='word_1_373' title='bbox 1716 2567 2044 2637; x_wconf 83' lang='lat' dir='ltr'><strong>baptismum</strong></span> 
     </span>
    </p>
   </div>
   <div class='ocr_carea' id='block_1_47' title="bbox 2151 2535 3732 2646">
    <p class='ocr_par' dir='ltr' id='par_1_47' title="bbox 2151 2535 3732 2615">
     <span class='ocr_line' id='line_1_49' title="bbox 2151 2535 3732 2615; baseline -0.006 -16"><span class='ocrx_word' id='word_1_374' title='bbox 2151 2559 2370 2615; x_wconf 79' lang='lat' dir='ltr'><strong>regnum</strong></span> <span class='ocrx_word' id='word_1_375' title='bbox 2395 2542 2661 2609; x_wconf 87' lang='lat' dir='ltr'><strong>solebant,</strong></span> <span class='ocrx_word' id='word_1_376' title='bbox 2691 2556 2811 2612; x_wconf 69' lang='lat' dir='ltr'><strong>quae</strong></span> <span class='ocrx_word' id='word_1_377' title='bbox 2830 2540 2960 2596; x_wconf 89' lang='lat' dir='ltr'><strong>dum</strong></span> <span class='ocrx_word' id='word_1_378' title='bbox 2982 2537 3275 2595; x_wconf 86' lang='lat' dir='ltr'><strong>carnaliter</strong></span> <span class='ocrx_word' id='word_1_379' title='bbox 3301 2536 3380 2603; x_wconf 90' lang='lat' dir='ltr'><strong>ﬁt,</strong></span> <span class='ocrx_word' id='word_1_380' title='bbox 3411 2535 3732 2608; x_wconf 81' lang='lat' dir='ltr'><strong>Spiritaiitcr</strong></span> 
     </span>
    </p>
   </div>
   <div class='ocr_carea' id='block_1_48' title="bbox 454 2628 2048 2733">
    <p class='ocr_par' dir='ltr' id='par_1_48' title="bbox 454 2628 2045 2733">
     <span class='ocr_line' id='line_1_50' title="bbox 454 2628 2045 2733; baseline -0.009 -9"><span class='ocrx_word' id='word_1_381' title='bbox 454 2668 656 2724; x_wconf 81' lang='lat' dir='ltr'><strong>Christi</strong></span> <span class='ocrx_word' id='word_1_382' title='bbox 679 2628 995 2727; x_wconf 76' lang='lat' dir='ltr'><strong>ltzcreticus;</strong></span> <span class='ocrx_word' id='word_1_383' title='bbox 1036 2665 1131 2719; x_wconf 88' lang='lat' dir='ltr'><strong>sed</strong></span> <span class='ocrx_word' id='word_1_384' title='bbox 1157 2662 1285 2733; x_wconf 87' lang='lat' dir='ltr'><strong>quia</strong></span> <span class='ocrx_word' id='word_1_385' title='bbox 1309 2628 1753 2719; x_wconf 49' lang='lat' dir='ltr'><strong>extra-unitatem</strong></span> <span class='ocrx_word' id='word_1_386' title='bbox 1778 2628 1902 2712; x_wconf 79' lang='lat' dir='ltr'><strong>fidei</strong></span> <span class='ocrx_word' id='word_1_387' title='bbox 1939 2664 2045 2721; x_wconf 88' lang='lat' dir='ltr'><strong>est,</strong></span> 
     </span>
    </p>
   </div>
   <div class='ocr_carea' id='block_1_49' title="bbox 2151 2628 3741 2733">
    <p class='ocr_par' dir='ltr' id='par_1_49' title="bbox 2151 2628 3741 2708">
     <span class='ocr_line' id='line_1_51' title="bbox 2151 2628 3741 2708; baseline -0.006 -15"><span class='ocrx_word' id='word_1_388' title='bbox 2151 2637 2399 2708; x_wconf 84' lang='lat' dir='ltr'><strong>prolicit:</strong></span> <span class='ocrx_word' id='word_1_389' title='bbox 2445 2635 2715 2707; x_wconf 89' lang='lat' dir='ltr'><strong>quomodo</strong></span> <span class='ocrx_word' id='word_1_390' title='bbox 2743 2642 2799 2690; x_wconf 90' lang='lat' dir='ltr'><strong>et</strong></span> <span class='ocrx_word' id='word_1_391' title='bbox 2825 2634 2879 2690; x_wconf 91' lang='lat' dir='ltr'><strong>in</strong></span> <span class='ocrx_word' id='word_1_392' title='bbox 2908 2635 3023 2705; x_wconf 89' lang='lat' dir='ltr'><strong>ipsa</strong></span> <span class='ocrx_word' id='word_1_393' title='bbox 3067 2630 3323 2703; x_wconf 87' lang='lat' dir='ltr'><strong>baptismi</strong></span> <span class='ocrx_word' id='word_1_394' title='bbox 3368 2630 3568 2702; x_wconf 83' lang='lat' dir='ltr'><strong>gratia,</strong></span> <span class='ocrx_word' id='word_1_395' title='bbox 3614 2628 3741 2683; x_wconf 88' lang='lat' dir='ltr'><strong>visi-</strong></span> 
     </span>
    </p>
   </div>
   <div class='ocr_carea' id='block_1_50' title="bbox 456 2718 3743 2826">
    <p class='ocr_par' dir='ltr' id='par_1_50' title="bbox 456 2718 3743 2826">
     <span class='ocr_line' id='line_1_52' title="bbox 456 2718 3743 2826; baseline -0.007 -14"><span class='ocrx_word' id='word_1_396' title='bbox 1263 2751 1540 2823; x_wconf 88' lang='lat' dir='ltr'><strong>ingressus</strong></span> <span class='ocrx_word' id='word_1_397' title='bbox 1577 2747 1710 2810; x_wconf 89' lang='lat' dir='ltr'><strong>fuit.</strong></span> <span class='ocrx_word' id='word_1_398' title='bbox 1738 2746 1927 2803; x_wconf 83' lang='lat' dir='ltr'><strong>statim</strong></span> <span class='ocrx_word' id='word_1_399' title='bbox 1951 2718 2049 2801; x_wconf 46' lang='lat' dir='ltr'><strong>ba;</strong></span> <span class='ocrx_word' id='word_1_400' title='bbox 2146 2729 2277 2826; x_wconf 48' lang='lat' dir='ltr'><strong>bili?</strong></span> <span class='ocrx_word' id='word_1_401' title='bbox 2314 2730 2534 2826; x_wconf 47' lang='lat' dir='ltr'><strong>Quidcf!</strong></span> <span class='ocrx_word' id='word_1_402' title='bbox 2574 2736 2729 2783; x_wconf 64' lang='lat' dir='ltr'><strong>acuis</strong></span> <span class='ocrx_word' id='word_1_403' title='bbox 2770 2725 2915 2826; x_wconf 60' lang='grc' dir='ltr'><strong>(Ιξιοξῖ</strong></span> <span class='ocrx_word' id='word_1_404' title='bbox 2937 2725 3231 2826; x_wconf 37' lang='grc' dir='ltr'>,ξιιξκιιιωη</span> <span class='ocrx_word' id='word_1_405' title='bbox 3255 2720 3598 2826; x_wconf 41' lang='grc' dir='ltr'><strong>,ωοτείωξιξν</strong></span> <span class='ocrx_word' id='word_1_406' title='bbox 3647 2718 3743 2774; x_wconf 62' lang='lat' dir='ltr'><strong>se“</strong></span> 
     </span>
    </p>
   </div>
   <div class='ocr_carea' id='block_1_51' title="bbox 454 2809 3747 2921">
    <p class='ocr_par' dir='ltr' id='par_1_51' title="bbox 454 2809 3747 2921">
     <span class='ocr_line' id='line_1_53' title="bbox 454 2809 3747 2921; baseline -0.013 -18"><span class='ocrx_word' id='word_1_407' title='bbox 454 2849 717 2921; x_wconf 87' lang='lat' dir='ltr'><strong>ptismnm</strong></span> <span class='ocrx_word' id='word_1_408' title='bbox 742 2809 1164 2917; x_wconf 54' lang='lat' dir='ltr'><strong>&#39;quodhabcret</strong></span> <span class='ocrx_word' id='word_1_409' title='bbox 1208 2809 1352 2897; x_wconf 63' lang='lat' dir='ltr'><strong>fori;</strong></span> <span class='ocrx_word' id='word_1_410' title='bbox 1381 2840 1451 2895; x_wconf 90' lang='lat' dir='ltr'><strong>ad</strong></span> <span class='ocrx_word' id='word_1_411' title='bbox 1496 2838 1793 2909; x_wconf 90' lang='lat' dir='ltr'><strong>perniciem</strong></span> <span class='ocrx_word' id='word_1_412' title='bbox 1815 2877 1830 2903; x_wconf 94' lang='lat'><strong>,</strong></span> <span class='ocrx_word' id='word_1_413' title='bbox 1861 2835 2051 2906; x_wconf 89' lang='lat' dir='ltr'><strong>incipit</strong></span> <span class='ocrx_word' id='word_1_414' title='bbox 2148 2823 2411 2896; x_wconf 81' lang='lat' dir='ltr'><strong>spiritalis</strong></span> <span class='ocrx_word' id='word_1_415' title='bbox 2431 2821 2659 2893; x_wconf 73' lang='lat' dir='ltr'><strong>elicctus</strong></span> <span class='ocrx_word' id='word_1_416' title='bbox 2689 2819 2843 2921; x_wconf 45' lang='lat' dir='ltr'><strong>quod.</strong></span> <span class='ocrx_word' id='word_1_417' title='bbox 2869 2816 3078 2874; x_wconf 88' lang='lat' dir='ltr'><strong>delictis</strong></span> <span class='ocrx_word' id='word_1_418' title='bbox 3105 2812 3453 2921; x_wconf 66' lang='lat' dir='ltr'><strong>mundanum</strong></span> <span class='ocrx_word' id='word_1_419' title='bbox 3513 2809 3747 2880; x_wconf 75' lang='lat' dir='ltr'><strong>Propter</strong></span> 
     </span>
    </p>
   </div>
   <div class='ocr_carea' id='block_1_52' title="bbox 461 2903 3747 3006">
    <p class='ocr_par' dir='ltr' id='par_1_52' title="bbox 461 2903 3747 3006">
     <span class='ocr_line' id='line_1_54' title="bbox 461 2903 3747 3006; baseline -0.009 -14"><span class='ocrx_word' id='word_1_420' title='bbox 461 2903 534 2994; x_wconf 83' lang='lat' dir='ltr'><strong>illi</strong></span> <span class='ocrx_word' id='word_1_421' title='bbox 552 2936 664 3006; x_wconf 88' lang='lat' dir='ltr'><strong>jam</strong></span> <span class='ocrx_word' id='word_1_422' title='bbox 698 2903 958 3006; x_wconf 76' lang='lat' dir='ltr'><strong>prodesse</strong></span> <span class='ocrx_word' id='word_1_423' title='bbox 1004 2931 1074 2987; x_wconf 91' lang='lat' dir='ltr'><strong>ad</strong></span> <span class='ocrx_word' id='word_1_424' title='bbox 1117 2931 1369 2987; x_wconf 87' lang='lat' dir='ltr'><strong>salutem.</strong></span> <span class='ocrx_word' id='word_1_425' title='bbox 1429 2903 1566 2996; x_wconf 74' lang='lat' dir='ltr'><strong>Quia</strong></span> <span class='ocrx_word' id='word_1_426' title='bbox 1612 2928 1692 2983; x_wconf 90' lang='lat' dir='ltr'><strong>sic</strong></span> <span class='ocrx_word' id='word_1_427' title='bbox 1724 2927 1928 2983; x_wconf 90' lang='lat' dir='ltr'><strong>habent</strong></span> <span class='ocrx_word' id='word_1_428' title='bbox 1956 2903 2052 2982; x_wconf 78' lang='lat' dir='ltr'><strong>ba-</strong></span> <span class='ocrx_word' id='word_1_429' title='bbox 2150 2915 2297 2987; x_wconf 85' lang='lat' dir='ltr'><strong>quod</strong></span> <span class='ocrx_word' id='word_1_430' title='bbox 2322 2924 2378 2971; x_wconf 77' lang='lat' dir='ltr'><strong>et</strong></span> <span class='ocrx_word' id='word_1_431' title='bbox 2421 2920 2762 2970; x_wconf 76' lang='lat' dir='ltr'><strong>sacrameula</strong></span> <span class='ocrx_word' id='word_1_432' title='bbox 2794 2910 3085 3006; x_wconf 63' lang='lat' dir='ltr'><strong>oiouutut‘,_</strong></span> <span class='ocrx_word' id='word_1_433' title='bbox 3114 2906 3240 2978; x_wconf 83' lang='lat' dir='ltr'><strong>quia</strong></span> <span class='ocrx_word' id='word_1_434' title='bbox 3288 2903 3403 3006; x_wconf 58' lang='lat' dir='ltr'><strong>suo</strong></span> <span class='ocrx_word' id='word_1_435' title='bbox 3432 2912 3747 3006; x_wconf 62' lang='lat' dir='ltr'><strong>tegumenta</strong></span> 
     </span>
    </p>
   </div>
   <div class='ocr_carea' id='block_1_53' title="bbox 459 2991 3749 3101">
    <p class='ocr_par' dir='ltr' id='par_1_53' title="bbox 459 2991 3749 3101">
     <span class='ocr_line' id='line_1_55' title="bbox 459 2991 3749 3101; baseline -0.01 -17"><span class='ocrx_word' id='word_1_436' title='bbox 459 3031 719 3101; x_wconf 86' lang='lat' dir='ltr'><strong>ptismum</strong></span> <span class='ocrx_word' id='word_1_437' title='bbox 760 3024 1031 3092; x_wconf 80' lang='lat' dir='ltr'><strong>lueretici,</strong></span> <span class='ocrx_word' id='word_1_438' title='bbox 1081 3022 1351 3094; x_wconf 88' lang='lat' dir='ltr'><strong>quomodo</strong></span> <span class='ocrx_word' id='word_1_439' title='bbox 1391 3021 1638 3077; x_wconf 88' lang='lat' dir='ltr'><strong>desertor</strong></span> <span class='ocrx_word' id='word_1_440' title='bbox 1665 3019 1832 3075; x_wconf 89' lang='lat' dir='ltr'><strong>habet</strong></span> <span class='ocrx_word' id='word_1_441' title='bbox 1857 3019 2055 3075; x_wconf 84' lang='lat' dir='ltr'><strong>chara-</strong></span> <span class='ocrx_word' id='word_1_442' title='bbox 2151 3005 2514 3079; x_wconf 76' lang='lat' dir='ltr'><strong>corporalium</strong></span> <span class='ocrx_word' id='word_1_443' title='bbox 2548 3017 2729 3059; x_wconf 80' lang='lat' dir='ltr'><strong>rerum</strong></span> <span class='ocrx_word' id='word_1_444' title='bbox 2765 3000 2941 3056; x_wconf 76' lang='lat' dir='ltr'><strong>Virtus</strong></span> <span class='ocrx_word' id='word_1_445' title='bbox 2980 2998 3161 3055; x_wconf 71' lang='lat' dir='ltr'><strong>divina</strong></span> <span class='ocrx_word' id='word_1_446' title='bbox 3207 2994 3475 3053; x_wconf 73' lang='lat' dir='ltr'><strong>secnelius</strong></span> <span class='ocrx_word' id='word_1_447' title='bbox 3515 2991 3749 3049; x_wconf 75' lang='lat' dir='ltr'><strong>salutem</strong></span> 
     </span>
    </p>
   </div>
   <div class='ocr_carea' id='block_1_54' title="bbox 459 3087 3750 3185">
    <p class='ocr_par' dir='ltr' id='par_1_54' title="bbox 459 3087 3750 3185">
     <span class='ocr_line' id='line_1_56' title="bbox 459 3087 3750 3185; baseline -0.01 -7"><span class='ocrx_word' id='word_1_448' title='bbox 459 3132 664 3178; x_wconf 86' lang='lat' dir='ltr'><strong>cterem</strong></span> <span class='ocrx_word' id='word_1_449' title='bbox 690 3138 704 3175; x_wconf 88' lang='lat'><strong>:</strong></span> <span class='ocrx_word' id='word_1_450' title='bbox 733 3127 789 3176; x_wconf 91' lang='lat' dir='ltr'><strong>et</strong></span> <span class='ocrx_word' id='word_1_451' title='bbox 823 3127 1005 3174; x_wconf 89' lang='lat' dir='ltr'><strong>tamen</strong></span> <span class='ocrx_word' id='word_1_452' title='bbox 1041 3116 1087 3174; x_wconf 90' lang='lat' dir='ltr'><strong>si</strong></span> <span class='ocrx_word' id='word_1_453' title='bbox 1116 3116 1362 3172; x_wconf 88' lang='lat' dir='ltr'><strong>desertor</strong></span> <span class='ocrx_word' id='word_1_454' title='bbox 1384 3114 1500 3185; x_wconf 87' lang='lat' dir='ltr'><strong>ipse</strong></span> <span class='ocrx_word' id='word_1_455' title='bbox 1522 3119 1802 3168; x_wconf 89' lang='lat' dir='ltr'><strong>correctus</strong></span> <span class='ocrx_word' id='word_1_456' title='bbox 1830 3111 2055 3182; x_wconf 86' lang='lat' dir='ltr'><strong>incipiat</strong></span> <span class='ocrx_word' id='word_1_457' title='bbox 2151 3100 2466 3157; x_wconf 70' lang='lat' dir='ltr'><strong>conluuie!“</strong></span> <span class='ocrx_word' id='word_1_458' title='bbox 2509 3101 2973 3185; x_wconf 46' lang='lat' dir='ltr'><strong>sacramentorum</strong></span> <span class='ocrx_word' id='word_1_459' title='bbox 3017 3099 3293 3163; x_wconf 68' lang='lat' dir='ltr'><strong>operetur.</strong></span> <span class='ocrx_word' id='word_1_460' title='bbox 3364 3087 3522 3185; x_wconf 76' lang='lat' dir='ltr'><strong>Quod</strong></span> <span class='ocrx_word' id='word_1_461' title='bbox 3564 3095 3750 3142; x_wconf 77' lang='lat' dir='ltr'><strong>autem</strong></span> 
     </span>
    </p>
   </div>
   <div class='ocr_carea' id='block_1_55' title="bbox 464 3204 2126 3300">
    <p class='ocr_par' dir='ltr' id='par_1_55' title="bbox 464 3204 2126 3300">
     <span class='ocr_line' id='line_1_57' title="bbox 464 3204 2126 3300; baseline -0.006 -34"><span class='ocrx_word' id='word_1_462' title='bbox 464 3211 729 3279; x_wconf 86' lang='lat' dir='ltr'><strong>militare,</strong></span> <span class='ocrx_word' id='word_1_463' title='bbox 770 3226 877 3266; x_wconf 91' lang='lat' dir='ltr'><strong>non</strong></span> <span class='ocrx_word' id='word_1_464' title='bbox 917 3209 965 3266; x_wconf 90' lang='lat' dir='ltr'><strong>ei</strong></span> <span class='ocrx_word' id='word_1_465' title='bbox 1015 3209 1178 3280; x_wconf 76' lang='lat' dir='ltr'><strong>audet</strong></span> <span class='ocrx_word' id='word_1_466' title='bbox 1210 3205 1498 3277; x_wconf 89' lang='lat' dir='ltr'><strong>quisquam</strong></span> <span class='ocrx_word' id='word_1_467' title='bbox 1533 3204 1905 3260; x_wconf 88' lang='lat' dir='ltr'><strong>characterem</strong></span> <span class='ocrx_word' id='word_1_468' title='bbox 1933 3216 2052 3257; x_wconf 81' lang='lat' dir='ltr'><strong>mu-</strong></span> <span class='ocrx_word' id='word_1_469' title='bbox 2076 3236 2126 3300; x_wconf 64' lang='grc' dir='ltr'>ο</span> 
     </span>
    </p>
   </div>
   <div class='ocr_carea' id='block_1_56' title="bbox 463 3312 600 3358">
    <p class='ocr_par' dir='ltr' id='par_1_56' title="bbox 463 3312 600 3358">
     <span class='ocr_line' id='line_1_58' title="bbox 463 3312 600 3358; baseline -0.015 0"><span class='ocrx_word' id='word_1_470' title='bbox 463 3312 600 3358; x_wconf 88' lang='lat' dir='ltr'><strong>tare.</strong></span> 
     </span>
    </p>
   </div>
   <div class='ocr_carea' id='block_1_57' title="bbox 966 3385 1445 3446">
    <p class='ocr_par' dir='ltr' id='par_1_57' title="bbox 966 3385 1445 3446">
     <span class='ocr_line' id='line_1_59' title="bbox 966 3385 1445 3446; baseline -0.015 1"><span class='ocrx_word' id='word_1_471' title='bbox 966 3418 973 3425; x_wconf 67' lang='grc' dir='ltr'>ν</span> <span class='ocrx_word' id='word_1_472' title='bbox 1070 3387 1301 3446; x_wconf 76' lang='lat' dir='ltr'><strong>CAPUT</strong></span> <span class='ocrx_word' id='word_1_473' title='bbox 1337 3385 1445 3443; x_wconf 72' lang='lat' dir='ltr'><strong>VII.</strong></span> 
     </span>
    </p>
   </div>
   <div class='ocr_carea' id='block_1_58' title="bbox 971 3480 1558 3538">
    <p class='ocr_par' dir='ltr' id='par_1_58' title="bbox 971 3480 1558 3538">
     <span class='ocr_line' id='line_1_60' title="bbox 971 3480 1558 3538; baseline -0.009 0"><span class='ocrx_word' id='word_1_474' title='bbox 971 3481 1051 3538; x_wconf 84' lang='lat' dir='ltr'><strong>De</strong></span> <span class='ocrx_word' id='word_1_475' title='bbox 1095 3497 1250 3537; x_wconf 87' lang='lat' dir='ltr'><strong>sacra</strong></span> <span class='ocrx_word' id='word_1_476' title='bbox 1292 3480 1558 3535; x_wconf 84' lang='lat' dir='ltr'><strong>unctione.</strong></span> 
     </span>
    </p>
   </div>
   <div class='ocr_carea' id='block_1_59' title="bbox 533 3566 2052 3642">
    <p class='ocr_par' dir='ltr' id='par_1_59' title="bbox 533 3566 2052 3642">
     <span class='ocr_line' id='line_1_61' title="bbox 533 3566 2052 3642; baseline -0.007 -11"><span class='ocrx_word' id='word_1_477' title='bbox 533 3575 665 3633; x_wconf 81' lang='lat' dir='ltr'><strong>Post</strong></span> <span class='ocrx_word' id='word_1_478' title='bbox 691 3574 969 3630; x_wconf 86' lang='lat' dir='ltr'><strong>lavacrum</strong></span> <span class='ocrx_word' id='word_1_479' title='bbox 1016 3572 1291 3642; x_wconf 77' lang='lat' dir='ltr'><strong>angimur,</strong></span> <span class='ocrx_word' id='word_1_480' title='bbox 1337 3577 1399 3624; x_wconf 91' lang='lat' dir='ltr'><strong>ut</strong></span> <span class='ocrx_word' id='word_1_481' title='bbox 1436 3567 1642 3624; x_wconf 84' lang='lat' dir='ltr'><strong>Christi</strong></span> <span class='ocrx_word' id='word_1_482' title='bbox 1675 3566 1895 3624; x_wconf 90' lang='lat' dir='ltr'><strong>nomine</strong></span> <span class='ocrx_word' id='word_1_483' title='bbox 1920 3580 2052 3622; x_wconf 85' lang='lat' dir='ltr'><strong>cen-</strong></span> 
     </span>
    </p>
   </div>
   <div class='ocr_carea' id='block_1_60' title="bbox 463 3655 2058 3726">
    <p class='ocr_par' dir='ltr' id='par_1_60' title="bbox 463 3655 2058 3726">
     <span class='ocr_line' id='line_1_62' title="bbox 463 3655 2058 3726; baseline -0.006 -7"><span class='ocrx_word' id='word_1_484' title='bbox 463 3679 702 3719; x_wconf 87' lang='lat' dir='ltr'><strong>seamur.</strong></span> <span class='ocrx_word' id='word_1_485' title='bbox 740 3663 992 3719; x_wconf 88' lang='lat' dir='ltr'><strong>Chrisma</strong></span> <span class='ocrx_word' id='word_1_486' title='bbox 1017 3660 1164 3717; x_wconf 89' lang='lat' dir='ltr'><strong>enim</strong></span> <span class='ocrx_word' id='word_1_487' title='bbox 1183 3659 1367 3715; x_wconf 86' lang='lat' dir='ltr'><strong>unctio</strong></span> <span class='ocrx_word' id='word_1_488' title='bbox 1394 3658 1802 3726; x_wconf 88' lang='lat' dir='ltr'><strong>interpretatur,</strong></span> <span class='ocrx_word' id='word_1_489' title='bbox 1830 3655 1969 3712; x_wconf 89' lang='lat' dir='ltr'><strong>sicut</strong></span> <span class='ocrx_word' id='word_1_490' title='bbox 1999 3662 2058 3712; x_wconf 88' lang='lat' dir='ltr'><strong>et</strong></span> 
     </span>
    </p>
   </div>
   <div class='ocr_carea' id='block_1_61' title="bbox 463 3746 2054 3818">
    <p class='ocr_par' dir='ltr' id='par_1_61' title="bbox 463 3746 2054 3818">
     <span class='ocr_line' id='line_1_63' title="bbox 463 3746 2054 3818; baseline -0.003 -11"><span class='ocrx_word' id='word_1_491' title='bbox 463 3752 713 3807; x_wconf 88' lang='lat' dir='ltr'><strong>Christus</strong></span> <span class='ocrx_word' id='word_1_492' title='bbox 739 3790 756 3816; x_wconf 94' lang='lat'><strong>,</strong></span> <span class='ocrx_word' id='word_1_493' title='bbox 802 3750 1029 3816; x_wconf 79' lang='lat' dir='ltr'><strong>unctus‘;</strong></span> <span class='ocrx_word' id='word_1_494' title='bbox 1066 3763 1175 3818; x_wconf 82' lang='lat' dir='ltr'><strong>qua</strong></span> <span class='ocrx_word' id='word_1_495' title='bbox 1205 3746 1458 3803; x_wconf 87' lang='lat' dir='ltr'><strong>unctione</strong></span> <span class='ocrx_word' id='word_1_496' title='bbox 1484 3746 1746 3803; x_wconf 80' lang='lat' dir='ltr'><strong>efﬁcimur</strong></span> <span class='ocrx_word' id='word_1_497' title='bbox 1772 3760 1941 3817; x_wconf 84' lang='lat' dir='ltr'><strong>genus</strong></span> <span class='ocrx_word' id='word_1_498' title='bbox 1964 3759 2054 3802; x_wconf 92' lang='lat' dir='ltr'><strong>rc-</strong></span> 
     </span>
    </p>
   </div>
   <div class='ocr_carea' id='block_1_62' title="bbox 467 3835 2059 3911">
    <p class='ocr_par' dir='ltr' id='par_1_62' title="bbox 467 3835 2059 3911">
     <span class='ocr_line' id='line_1_64' title="bbox 467 3835 2059 3911; baseline -0.002 -17"><span class='ocrx_word' id='word_1_499' title='bbox 467 3840 637 3911; x_wconf 86' lang='lat' dir='ltr'><strong>gium.</strong></span> <span class='ocrx_word' id='word_1_500' title='bbox 681 3841 739 3894; x_wconf 90' lang='lat' dir='ltr'><strong>in</strong></span> <span class='ocrx_word' id='word_1_501' title='bbox 762 3838 941 3895; x_wconf 78' lang='lat' dir='ltr'><strong>Veteri</strong></span> <span class='ocrx_word' id='word_1_502' title='bbox 975 3851 1211 3907; x_wconf 86' lang='lat' dir='ltr'><strong>namque</strong></span> <span class='ocrx_word' id='word_1_503' title='bbox 1243 3836 1590 3893; x_wconf 89' lang='lat' dir='ltr'><strong>Testamento</strong></span> <span class='ocrx_word' id='word_1_504' title='bbox 1612 3851 1737 3891; x_wconf 85' lang='lat' dir='ltr'><strong>-non</strong></span> <span class='ocrx_word' id='word_1_505' title='bbox 1761 3835 1934 3892; x_wconf 89' lang='lat' dir='ltr'><strong>solum</strong></span> <span class='ocrx_word' id='word_1_506' title='bbox 1969 3849 2059 3891; x_wconf 90' lang='lat' dir='ltr'><strong>re-</strong></span> 
     </span>
    </p>
   </div>
   <div class='ocr_carea' id='block_1_63' title="bbox 466 3926 2056 4001">
    <p class='ocr_par' dir='ltr' id='par_1_63' title="bbox 466 3926 2056 4001">
     <span class='ocr_line' id='line_1_65' title="bbox 466 3926 2056 4001; baseline -0.003 -16"><span class='ocrx_word' id='word_1_507' title='bbox 466 3943 563 4001; x_wconf 86' lang='lat' dir='ltr'><strong>ges</strong></span> <span class='ocrx_word' id='word_1_508' title='bbox 588 3939 643 3985; x_wconf 90' lang='lat' dir='ltr'><strong>et</strong></span> <span class='ocrx_word' id='word_1_509' title='bbox 672 3929 982 3984; x_wconf 86' lang='lat' dir='ltr'><strong>sacerdotes</strong></span> <span class='ocrx_word' id='word_1_510' title='bbox 1019 3926 1382 3999; x_wconf 81' lang='lat' dir='ltr'><strong>angebantur,</strong></span> <span class='ocrx_word' id='word_1_511' title='bbox 1418 3928 1513 3983; x_wconf 89' lang='lat' dir='ltr'><strong>sed</strong></span> <span class='ocrx_word' id='word_1_512' title='bbox 1539 3926 1704 3982; x_wconf 89' lang='lat' dir='ltr'><strong>etiam</strong></span> <span class='ocrx_word' id='word_1_513' title='bbox 1728 3927 2056 3982; x_wconf 89' lang='lat' dir='ltr'><strong>tabernacu-</strong></span> 
     </span>
    </p>
   </div>
   <div class='ocr_carea' id='block_1_64' title="bbox 469 4018 2056 4089">
    <p class='ocr_par' dir='ltr' id='par_1_64' title="bbox 469 4018 2056 4089">
     <span class='ocr_line' id='line_1_66' title="bbox 469 4018 2056 4089; baseline 0.002 -16"><span class='ocrx_word' id='word_1_514' title='bbox 469 4018 582 4075; x_wconf 90' lang='lat' dir='ltr'><strong>lum</strong></span> <span class='ocrx_word' id='word_1_515' title='bbox 609 4019 922 4083; x_wconf 86' lang='lat' dir='ltr'><strong>testimonii,</strong></span> <span class='ocrx_word' id='word_1_516' title='bbox 955 4019 1098 4089; x_wconf 91' lang='lat' dir='ltr'><strong>quod</strong></span> <span class='ocrx_word' id='word_1_517' title='bbox 1122 4018 1350 4074; x_wconf 93' lang='lat' dir='ltr'><strong>Domino</strong></span> <span class='ocrx_word' id='word_1_518' title='bbox 1374 4019 1718 4089; x_wconf 64' lang='lat' dir='ltr'><strong>praecipiente</strong></span> <span class='ocrx_word' id='word_1_519' title='bbox 1744 4019 2056 4076; x_wconf 91' lang='lat' dir='ltr'><strong>institutum</strong></span> 
     </span>
    </p>
   </div>
   <div class='ocr_carea' id='block_1_65' title="bbox 466 4109 2056 4180">
    <p class='ocr_par' dir='ltr' id='par_1_65' title="bbox 466 4109 2056 4180">
     <span class='ocr_line' id='line_1_67' title="bbox 466 4109 2056 4180; baseline -0.001 -11"><span class='ocrx_word' id='word_1_520' title='bbox 466 4120 574 4180; x_wconf 85' lang='lat' dir='ltr'><strong>est,</strong></span> <span class='ocrx_word' id='word_1_521' title='bbox 600 4128 756 4169; x_wconf 85' lang='lat' dir='ltr'><strong>sacra</strong></span> <span class='ocrx_word' id='word_1_522' title='bbox 781 4111 1037 4167; x_wconf 83' lang='lat' dir='ltr'><strong>unctione</strong></span> <span class='ocrx_word' id='word_1_523' title='bbox 1071 4109 1466 4167; x_wconf 87' lang='lat' dir='ltr'><strong>sanctiﬁcatum</strong></span> <span class='ocrx_word' id='word_1_524' title='bbox 1487 4119 1590 4177; x_wconf 89' lang='lat' dir='ltr'><strong>est,</strong></span> <span class='ocrx_word' id='word_1_525' title='bbox 1619 4111 1835 4167; x_wconf 88' lang='lat' dir='ltr'><strong>dicente</strong></span> <span class='ocrx_word' id='word_1_526' title='bbox 1870 4111 2056 4168; x_wconf 90' lang='lat' dir='ltr'><strong>Domi-</strong></span> 
     </span>
    </p>
   </div>
   <div class='ocr_carea' id='block_1_66' title="bbox 469 4200 2059 4276">
    <p class='ocr_par' dir='ltr' id='par_1_66' title="bbox 469 4200 2059 4276">
     <span class='ocr_line' id='line_1_68' title="bbox 469 4200 2059 4276; baseline -0.001 -16"><span class='ocrx_word' id='word_1_527' title='bbox 469 4219 541 4261; x_wconf 90' lang='lat' dir='ltr'><strong>no</strong></span> <span class='ocrx_word' id='word_1_528' title='bbox 566 4203 635 4260; x_wconf 88' lang='lat' dir='ltr'><strong>ad</strong></span> <span class='ocrx_word' id='word_1_529' title='bbox 662 4203 900 4276; x_wconf 83' lang='lat' dir='ltr'><strong>Moysem</strong></span> <span class='ocrx_word' id='word_1_530' title='bbox 943 4221 956 4258; x_wconf 93' lang='lat'>:</span> <span class='ocrx_word' id='word_1_531' title='bbox 1007 4200 1372 4259; x_wconf 86' lang='lat' dir='ltr'><strong>Circumdabis</strong></span> <span class='ocrx_word' id='word_1_532' title='bbox 1412 4202 1610 4257; x_wconf 82' lang='lat' dir='ltr'><strong>atrium</strong></span> <span class='ocrx_word' id='word_1_533' title='bbox 1631 4202 1868 4258; x_wconf 85' lang='lat' dir='ltr'><strong>tentoriis</strong></span> <span class='ocrx_word' id='word_1_534' title='bbox 1895 4212 1943 4258; x_wconf 88' lang='lat' dir='ltr'><strong>et</strong></span> <span class='ocrx_word' id='word_1_535' title='bbox 1976 4205 2059 4259; x_wconf 85' lang='lat' dir='ltr'><strong>in-</strong></span> 
     </span>
    </p>
   </div>
   <div class='ocr_carea' id='block_1_67' title="bbox 468 4295 2058 4374">
    <p class='ocr_par' dir='ltr' id='par_1_67' title="bbox 468 4295 2058 4374">
     <span class='ocr_line' id='line_1_69' title="bbox 468 4295 2058 4374; baseline -0.003 -19"><span class='ocrx_word' id='word_1_536' title='bbox 468 4316 707 4374; x_wconf 83' lang='lat' dir='ltr'><strong>gressum</strong></span> <span class='ocrx_word' id='word_1_537' title='bbox 731 4298 870 4372; x_wconf 82' lang='lat' dir='ltr'><strong>ejus,</strong></span> <span class='ocrx_word' id='word_1_538' title='bbox 899 4307 951 4354; x_wconf 85' lang='lat' dir='ltr'><strong>et</strong></span> <span class='ocrx_word' id='word_1_539' title='bbox 975 4308 1244 4369; x_wconf 88' lang='lat' dir='ltr'><strong>assumpto</strong></span> <span class='ocrx_word' id='word_1_540' title='bbox 1282 4296 1545 4352; x_wconf 81' lang='lat' dir='ltr'><strong>unctionis</strong></span> <span class='ocrx_word' id='word_1_541' title='bbox 1567 4295 1680 4351; x_wconf 90' lang='lat' dir='ltr'><strong>oleo</strong></span> <span class='ocrx_word' id='word_1_542' title='bbox 1704 4312 1864 4368; x_wconf 84' lang='lat' dir='ltr'><strong>unges</strong></span> <span class='ocrx_word' id='word_1_543' title='bbox 1887 4295 2058 4351; x_wconf 86' lang='lat' dir='ltr'><strong>taber-</strong></span> 
     </span>
    </p>
   </div>
   <div class='ocr_carea' id='block_1_68' title="bbox 470 4388 2058 4461">
    <p class='ocr_par' dir='ltr' id='par_1_68' title="bbox 470 4388 2058 4461">
     <span class='ocr_line' id='line_1_70' title="bbox 470 4388 2058 4461; baseline -0.003 -11"><span class='ocrx_word' id='word_1_544' title='bbox 470 4395 721 4451; x_wconf 85' lang='lat' dir='ltr'><strong>naculum</strong></span> <span class='ocrx_word' id='word_1_545' title='bbox 742 4409 863 4450; x_wconf 88' lang='lat' dir='ltr'><strong>cum</strong></span> <span class='ocrx_word' id='word_1_546' title='bbox 888 4393 1030 4448; x_wconf 83' lang='lat' dir='ltr'><strong>vasis</strong></span> <span class='ocrx_word' id='word_1_547' title='bbox 1061 4393 1175 4447; x_wconf 89' lang='lat' dir='ltr'><strong>suis</strong></span> <span class='ocrx_word' id='word_1_548' title='bbox 1197 4399 1258 4445; x_wconf 80' lang='lat' dir='ltr'><strong>ut</strong></span> <span class='ocrx_word' id='word_1_549' title='bbox 1295 4389 1730 4461; x_wconf 77' lang='lat' dir='ltr'><strong>sanctiﬁcentur;</strong></span> <span class='ocrx_word' id='word_1_550' title='bbox 1769 4388 1937 4444; x_wconf 88' lang='lat' dir='ltr'><strong>altare</strong></span> <span class='ocrx_word' id='word_1_551' title='bbox 1971 4389 2058 4445; x_wconf 74' lang='lat' dir='ltr'><strong>Ito-</strong></span> 
     </span>
    </p>
   </div>
   <div class='ocr_carea' id='block_1_69' title="bbox 470 4480 2053 4554">
    <p class='ocr_par' dir='ltr' id='par_1_69' title="bbox 470 4480 2053 4554">
     <span class='ocr_line' id='line_1_71' title="bbox 470 4480 2053 4554; baseline -0.004 -13"><span class='ocrx_word' id='word_1_552' title='bbox 470 4487 694 4544; x_wconf 87' lang='lat' dir='ltr'><strong>locausti</strong></span> <span class='ocrx_word' id='word_1_553' title='bbox 717 4526 735 4553; x_wconf 89' lang='lat'><strong>,</strong></span> <span class='ocrx_word' id='word_1_554' title='bbox 781 4494 832 4541; x_wconf 87' lang='lat' dir='ltr'><strong>et</strong></span> <span class='ocrx_word' id='word_1_555' title='bbox 872 4484 1051 4542; x_wconf 88' lang='lat' dir='ltr'><strong>omnia</strong></span> <span class='ocrx_word' id='word_1_556' title='bbox 1074 4499 1202 4538; x_wconf 74' lang='lat' dir='ltr'><strong>uasa</strong></span> <span class='ocrx_word' id='word_1_557' title='bbox 1225 4481 1360 4554; x_wconf 85' lang='lat' dir='ltr'><strong>ejus,</strong></span> <span class='ocrx_word' id='word_1_558' title='bbox 1388 4480 1599 4536; x_wconf 86' lang='lat' dir='ltr'><strong>labrum</strong></span> <span class='ocrx_word' id='word_1_559' title='bbox 1637 4497 1758 4536; x_wconf 90' lang='lat' dir='ltr'><strong>cum</strong></span> <span class='ocrx_word' id='word_1_560' title='bbox 1797 4480 1911 4536; x_wconf 87' lang='lat' dir='ltr'><strong>basi</strong></span> <span class='ocrx_word' id='word_1_561' title='bbox 1933 4497 2053 4546; x_wconf 88' lang='lat' dir='ltr'><strong>sua,</strong></span> 
     </span>
    </p>
   </div>
   <div class='ocr_carea' id='block_1_70' title="bbox 2158 3179 3749 3262">
    <p class='ocr_par' dir='ltr' id='par_1_70' title="bbox 2158 3179 3749 3262">
     <span class='ocr_line' id='line_1_72' title="bbox 2158 3179 3749 3262; baseline -0.008 -16"><span class='ocrx_word' id='word_1_562' title='bbox 2158 3188 2490 3262; x_wconf 80' lang='lat' dir='ltr'><strong>presbyteris</strong></span> <span class='ocrx_word' id='word_1_563' title='bbox 2514 3188 2645 3243; x_wconf 89' lang='lat' dir='ltr'><strong>licet</strong></span> <span class='ocrx_word' id='word_1_564' title='bbox 2666 3185 2843 3258; x_wconf 88' lang='lat' dir='ltr'><strong>capita</strong></span> <span class='ocrx_word' id='word_1_565' title='bbox 2870 3182 3267 3255; x_wconf 87' lang='lat' dir='ltr'><strong>baptizatorum</strong></span> <span class='ocrx_word' id='word_1_566' title='bbox 3307 3179 3606 3236; x_wconf 88' lang='lat' dir='ltr'><strong>chrismate</strong></span> <span class='ocrx_word' id='word_1_567' title='bbox 3646 3195 3749 3234; x_wconf 82' lang='lat' dir='ltr'><strong>un-</strong></span> 
     </span>
    </p>
   </div>
   <div class='ocr_carea' id='block_1_71' title="bbox 2155 3271 3750 3353">
    <p class='ocr_par' dir='ltr' id='par_1_71' title="bbox 2155 3271 3750 3353">
     <span class='ocr_line' id='line_1_73' title="bbox 2155 3271 3750 3353; baseline -0.008 -17"><span class='ocrx_word' id='word_1_568' title='bbox 2155 3295 2304 3353; x_wconf 82' lang='lat' dir='ltr'><strong>gere,</strong></span> <span class='ocrx_word' id='word_1_569' title='bbox 2334 3280 2479 3351; x_wconf 86' lang='lat' dir='ltr'><strong>quod</strong></span> <span class='ocrx_word' id='word_1_570' title='bbox 2502 3286 2684 3333; x_wconf 90' lang='lat' dir='ltr'><strong>tamen</strong></span> <span class='ocrx_word' id='word_1_571' title='bbox 2724 3277 2794 3332; x_wconf 91' lang='lat' dir='ltr'><strong>ab</strong></span> <span class='ocrx_word' id='word_1_572' title='bbox 2828 3275 3083 3346; x_wconf 86' lang='lat' dir='ltr'><strong>episcopo</strong></span> <span class='ocrx_word' id='word_1_573' title='bbox 3120 3271 3285 3327; x_wconf 88' lang='lat' dir='ltr'><strong>fuerit</strong></span> <span class='ocrx_word' id='word_1_574' title='bbox 3327 3278 3750 3335; x_wconf 82' lang='lat' dir='ltr'><strong>consecratum;</strong></span> 
     </span>
    </p>
   </div>
   <div class='ocr_carea' id='block_1_72' title="bbox 2154 3361 3753 3440">
    <p class='ocr_par' dir='ltr' id='par_1_72' title="bbox 2154 3361 3753 3440">
     <span class='ocr_line' id='line_1_74' title="bbox 2154 3361 3753 3440; baseline -0.009 -11"><span class='ocrx_word' id='word_1_575' title='bbox 2154 3389 2261 3429; x_wconf 92' lang='lat' dir='ltr'><strong>non</strong></span> <span class='ocrx_word' id='word_1_576' title='bbox 2290 3381 2470 3428; x_wconf 91' lang='lat' dir='ltr'><strong>tamen</strong></span> <span class='ocrx_word' id='word_1_577' title='bbox 2500 3369 2732 3425; x_wconf 84' lang='lat' dir='ltr'><strong>frontem</strong></span> <span class='ocrx_word' id='word_1_578' title='bbox 2766 3363 3188 3440; x_wconf 77' lang='lat' dir='ltr'><strong>signare,.quod</strong></span> <span class='ocrx_word' id='word_1_579' title='bbox 3216 3362 3344 3419; x_wconf 91' lang='lat' dir='ltr'><strong>solis</strong></span> <span class='ocrx_word' id='word_1_580' title='bbox 3372 3361 3610 3418; x_wconf 85' lang='lat' dir='ltr'><strong>debetur</strong></span> <span class='ocrx_word' id='word_1_581' title='bbox 3644 3363 3753 3432; x_wconf 78' lang='lat' dir='ltr'><strong>epi-</strong></span> 
     </span>
    </p>
   </div>
   <div class='ocr_carea' id='block_1_73' title="bbox 2155 3457 3751 3538">
    <p class='ocr_par' dir='ltr' id='par_1_73' title="bbox 2155 3457 3751 3538">
     <span class='ocr_line' id='line_1_75' title="bbox 2155 3457 3751 3538; baseline -0.008 -16"><span class='ocrx_word' id='word_1_582' title='bbox 2155 3466 2337 3538; x_wconf 89' lang='lat' dir='ltr'><strong>scopis</strong></span> <span class='ocrx_word' id='word_1_583' title='bbox 2360 3481 2485 3522; x_wconf 90' lang='lat' dir='ltr'><strong>cum</strong></span> <span class='ocrx_word' id='word_1_584' title='bbox 2507 3463 2729 3520; x_wconf 87' lang='lat' dir='ltr'><strong>tradunt</strong></span> <span class='ocrx_word' id='word_1_585' title='bbox 2758 3460 3022 3534; x_wconf 84' lang='lat' dir='ltr'><strong>Spiritum</strong></span> <span class='ocrx_word' id='word_1_586' title='bbox 3050 3457 3371 3531; x_wconf 89' lang='lat' dir='ltr'><strong>paraelitum</strong></span> <span class='ocrx_word' id='word_1_587' title='bbox 3391 3496 3408 3523; x_wconf 91' lang='lat'><strong>,</strong></span> <span class='ocrx_word' id='word_1_588' title='bbox 3437 3457 3559 3512; x_wconf 66' lang='lat' dir='ltr'><strong>haec</strong></span> <span class='ocrx_word' id='word_1_589' title='bbox 3584 3470 3751 3511; x_wconf 78' lang='lat' dir='ltr'><strong>causa</strong></span> 
     </span>
    </p>
   </div>
   <div class='ocr_carea' id='block_1_74' title="bbox 2155 3550 3754 3627">
    <p class='ocr_par' dir='ltr' id='par_1_74' title="bbox 2155 3550 3754 3627">
     <span class='ocr_line' id='line_1_76' title="bbox 2155 3550 3754 3627; baseline -0.008 -11"><span class='ocrx_word' id='word_1_590' title='bbox 2155 3568 2276 3616; x_wconf 89' lang='lat' dir='ltr'><strong>est:</strong></span> <span class='ocrx_word' id='word_1_591' title='bbox 2306 3574 2432 3614; x_wconf 90' lang='lat' dir='ltr'><strong>nam</strong></span> <span class='ocrx_word' id='word_1_592' title='bbox 2460 3557 2586 3615; x_wconf 85' lang='lat' dir='ltr'><strong>licet</strong></span> <span class='ocrx_word' id='word_1_593' title='bbox 2624 3557 2733 3613; x_wconf 90' lang='lat' dir='ltr'><strong>sint</strong></span> <span class='ocrx_word' id='word_1_594' title='bbox 2768 3565 2825 3611; x_wconf 91' lang='lat' dir='ltr'><strong>et</strong></span> <span class='ocrx_word' id='word_1_595' title='bbox 2855 3552 3160 3627; x_wconf 84' lang='lat' dir='ltr'><strong>presbyteri</strong></span> <span class='ocrx_word' id='word_1_596' title='bbox 3195 3550 3546 3615; x_wconf 88' lang='lat' dir='ltr'><strong>sacerdotes,</strong></span> <span class='ocrx_word' id='word_1_597' title='bbox 3579 3550 3754 3623; x_wconf 88' lang='lat' dir='ltr'><strong>ponti-</strong></span> 
     </span>
    </p>
   </div>
   <div class='ocr_carea' id='block_1_75' title="bbox 2156 3640 3755 3718">
    <p class='ocr_par' dir='ltr' id='par_1_75' title="bbox 2156 3640 3755 3718">
     <span class='ocr_line' id='line_1_77' title="bbox 2156 3640 3755 3718; baseline -0.008 -11"><span class='ocrx_word' id='word_1_598' title='bbox 2156 3650 2353 3707; x_wconf 83' lang='lat' dir='ltr'><strong>ﬁcatus</strong></span> <span class='ocrx_word' id='word_1_599' title='bbox 2378 3657 2556 3704; x_wconf 90' lang='lat' dir='ltr'><strong>tamen</strong></span> <span class='ocrx_word' id='word_1_600' title='bbox 2599 3647 2810 3718; x_wconf 89' lang='lat' dir='ltr'><strong>apicem</strong></span> <span class='ocrx_word' id='word_1_601' title='bbox 2848 3661 2957 3701; x_wconf 93' lang='lat' dir='ltr'><strong>non</strong></span> <span class='ocrx_word' id='word_1_602' title='bbox 2999 3644 3221 3700; x_wconf 86' lang='lat' dir='ltr'><strong>habent.</strong></span> <span class='ocrx_word' id='word_1_603' title='bbox 3261 3640 3377 3697; x_wconf 84' lang='lat' dir='ltr'><strong>Hoc</strong></span> <span class='ocrx_word' id='word_1_604' title='bbox 3406 3650 3595 3696; x_wconf 88' lang='lat' dir='ltr'><strong>autem</strong></span> <span class='ocrx_word' id='word_1_605' title='bbox 3626 3641 3755 3697; x_wconf 84' lang='lat' dir='ltr'><strong>solis</strong></span> 
     </span>
    </p>
   </div>
   <div class='ocr_carea' id='block_1_76' title="bbox 2155 3731 3756 3816">
    <p class='ocr_par' dir='ltr' id='par_1_76' title="bbox 2155 3731 3756 3816">
     <span class='ocr_line' id='line_1_78' title="bbox 2155 3731 3756 3816; baseline -0.008 -18"><span class='ocrx_word' id='word_1_606' title='bbox 2155 3740 2504 3816; x_wconf 89' lang='lat' dir='ltr'><strong>pontiﬁcibus</strong></span> <span class='ocrx_word' id='word_1_607' title='bbox 2530 3739 2752 3806; x_wconf 88' lang='lat' dir='ltr'><strong>deberi,</strong></span> <span class='ocrx_word' id='word_1_608' title='bbox 2789 3752 2896 3794; x_wconf 91' lang='lat' dir='ltr'><strong>non</strong></span> <span class='ocrx_word' id='word_1_609' title='bbox 2926 3733 3101 3792; x_wconf 91' lang='lat' dir='ltr'><strong>solum</strong></span> <span class='ocrx_word' id='word_1_610' title='bbox 3129 3731 3466 3791; x_wconf 86' lang='lat' dir='ltr'><strong>consuetudo</strong></span> <span class='ocrx_word' id='word_1_611' title='bbox 3504 3732 3756 3788; x_wconf 82' lang='lat' dir='ltr'><strong>ecclesia-</strong></span> 
     </span>
    </p>
   </div>
   <div class='ocr_carea' id='block_1_77' title="bbox 2157 3824 3755 3899">
    <p class='ocr_par' dir='ltr' id='par_1_77' title="bbox 2157 3824 3755 3899">
     <span class='ocr_line' id='line_1_79' title="bbox 2157 3824 3755 3899; baseline -0.009 -8"><span class='ocrx_word' id='word_1_612' title='bbox 2157 3835 2294 3892; x_wconf 89' lang='lat' dir='ltr'><strong>stica</strong></span> <span class='ocrx_word' id='word_1_613' title='bbox 2339 3834 2699 3899; x_wconf 88' lang='lat' dir='ltr'><strong>demonstrat,</strong></span> <span class='ocrx_word' id='word_1_614' title='bbox 2724 3844 2914 3886; x_wconf 86' lang='lat' dir='ltr'><strong>verum</strong></span> <span class='ocrx_word' id='word_1_615' title='bbox 2940 3828 3106 3887; x_wconf 86' lang='lat' dir='ltr'><strong>etiam</strong></span> <span class='ocrx_word' id='word_1_616' title='bbox 3127 3826 3357 3882; x_wconf 76' lang='lat' dir='ltr'><strong>Actuum</strong></span> <span class='ocrx_word' id='word_1_617' title='bbox 3384 3824 3755 3897; x_wconf 83' lang='lat' dir='ltr'><strong>apostolorum</strong></span> 
     </span>
    </p>
   </div>
   <div class='ocr_carea' id='block_1_78' title="bbox 2159 3914 3757 3994">
    <p class='ocr_par' dir='ltr' id='par_1_78' title="bbox 2159 3914 3757 3994">
     <span class='ocr_line' id='line_1_80' title="bbox 2159 3914 3757 3994; baseline -0.006 -16"><span class='ocrx_word' id='word_1_618' title='bbox 2159 3924 2318 3980; x_wconf 90' lang='lat' dir='ltr'><strong>lectio</strong></span> <span class='ocrx_word' id='word_1_619' title='bbox 2341 3964 2357 3990; x_wconf 96' lang='lat'><strong>,</strong></span> <span class='ocrx_word' id='word_1_620' title='bbox 2396 3937 2517 3994; x_wconf 72' lang='lat' dir='ltr'><strong>qua:</strong></span> <span class='ocrx_word' id='word_1_621' title='bbox 2562 3922 2801 3987; x_wconf 88' lang='lat' dir='ltr'><strong>asserit,</strong></span> <span class='ocrx_word' id='word_1_622' title='bbox 2847 3919 3072 3977; x_wconf 90' lang='lat' dir='ltr'><strong>Petrum</strong></span> <span class='ocrx_word' id='word_1_623' title='bbox 3085 3927 3150 3994; x_wconf 83' lang='lat' dir='ltr'><strong>et</strong></span> <span class='ocrx_word' id='word_1_624' title='bbox 3184 3916 3451 3973; x_wconf 78' lang='lat' dir='ltr'><strong>Joannem</strong></span> <span class='ocrx_word' id='word_1_625' title='bbox 3482 3914 3757 3983; x_wconf 84' lang='lat' dir='ltr'><strong>apostolos</strong></span> 
     </span>
    </p>
   </div>
   <div class='ocr_carea' id='block_1_79' title="bbox 2160 3992 3757 4081">
    <p class='ocr_par' dir='ltr' id='par_1_79' title="bbox 2160 3992 3757 4081">
     <span class='ocr_line' id='line_1_81' title="bbox 2160 3992 3757 4081; baseline -0.006 -12"><span class='ocrx_word' id='word_1_626' title='bbox 2160 3992 2464 4069; x_wconf 79' lang='lat' dir='ltr'><strong>Samariam</strong></span> <span class='ocrx_word' id='word_1_627' title='bbox 2492 4010 2659 4067; x_wconf 88' lang='lat' dir='ltr'><strong>fuisse</strong></span> <span class='ocrx_word' id='word_1_628' title='bbox 2687 4013 2953 4077; x_wconf 72' lang='lat' dir='ltr'><strong>directos,</strong></span> <span class='ocrx_word' id='word_1_629' title='bbox 2983 3992 3093 4081; x_wconf 36' lang='lat' dir='ltr'><strong>qui,</strong></span> <span class='ocrx_word' id='word_1_630' title='bbox 3111 4008 3229 4077; x_wconf 84' lang='lat' dir='ltr'><strong>jam</strong></span> <span class='ocrx_word' id='word_1_631' title='bbox 3254 4007 3554 4078; x_wconf 81' lang='lat' dir='ltr'><strong>baptizatis</strong></span> <span class='ocrx_word' id='word_1_632' title='bbox 3583 4006 3757 4061; x_wconf 83' lang='lat' dir='ltr'><strong>trade-</strong></span> 
     </span>
    </p>
   </div>
   <div class='ocr_carea' id='block_1_80' title="bbox 2162 4102 3754 4179">
    <p class='ocr_par' dir='ltr' id='par_1_80' title="bbox 2162 4102 3754 4179">
     <span class='ocr_line' id='line_1_82' title="bbox 2162 4102 3754 4179; baseline -0.005 -17"><span class='ocrx_word' id='word_1_633' title='bbox 2162 4117 2284 4164; x_wconf 90' lang='lat' dir='ltr'><strong>rent</strong></span> <span class='ocrx_word' id='word_1_634' title='bbox 2313 4107 2574 4179; x_wconf 87' lang='lat' dir='ltr'><strong>Spiritum</strong></span> <span class='ocrx_word' id='word_1_635' title='bbox 2618 4115 2888 4163; x_wconf 88' lang='lat' dir='ltr'><strong>sanctum.</strong></span> <span class='ocrx_word' id='word_1_636' title='bbox 2950 4104 3028 4160; x_wconf 90' lang='lat' dir='ltr'><strong>De</strong></span> <span class='ocrx_word' id='word_1_637' title='bbox 3066 4105 3261 4176; x_wconf 89' lang='lat' dir='ltr'><strong>quibus</strong></span> <span class='ocrx_word' id='word_1_638' title='bbox 3304 4104 3473 4158; x_wconf 89' lang='lat' dir='ltr'><strong>etiam</strong></span> <span class='ocrx_word' id='word_1_639' title='bbox 3516 4102 3754 4161; x_wconf 78' lang='lat' dir='ltr'><strong>dicitur:</strong></span> 
     </span>
    </p>
   </div>
   <div class='ocr_carea' id='block_1_81' title="bbox 2163 4196 3756 4273">
    <p class='ocr_par' dir='ltr' id='par_1_81' title="bbox 2163 4196 3756 4273">
     <span class='ocr_line' id='line_1_83' title="bbox 2163 4196 3756 4273; baseline -0.006 -17"><span class='ocrx_word' id='word_1_640' title='bbox 2163 4199 2457 4256; x_wconf 84' lang='lat' dir='ltr'><strong>Oraverunt</strong></span> <span class='ocrx_word' id='word_1_641' title='bbox 2483 4217 2578 4273; x_wconf 90' lang='lat' dir='ltr'><strong>pro</strong></span> <span class='ocrx_word' id='word_1_642' title='bbox 2607 4201 2716 4257; x_wconf 88' lang='lat' dir='ltr'><strong>illis</strong></span> <span class='ocrx_word' id='word_1_643' title='bbox 2758 4212 2816 4257; x_wconf 86' lang='lat' dir='ltr'><strong>ut</strong></span> <span class='ocrx_word' id='word_1_644' title='bbox 2855 4202 3144 4273; x_wconf 74' lang='lat' dir='ltr'><strong>acciperent</strong></span> <span class='ocrx_word' id='word_1_645' title='bbox 3188 4196 3453 4270; x_wconf 83' lang='lat' dir='ltr'><strong>Spiritum</strong></span> <span class='ocrx_word' id='word_1_646' title='bbox 3491 4204 3756 4250; x_wconf 80' lang='lat' dir='ltr'><strong>sanctum.</strong></span> 
     </span>
    </p>
   </div>
   <div class='ocr_carea' id='block_1_82' title="bbox 2161 4286 3760 4363">
    <p class='ocr_par' dir='ltr' id='par_1_82' title="bbox 2161 4286 3760 4363">
     <span class='ocr_line' id='line_1_84' title="bbox 2161 4286 3760 4363; baseline -0.003 -16"><span class='ocrx_word' id='word_1_647' title='bbox 2161 4292 2244 4347; x_wconf 77' lang='lat' dir='ltr'><strong>Ex</strong></span> <span class='ocrx_word' id='word_1_648' title='bbox 2282 4307 2390 4362; x_wconf 91' lang='lat' dir='ltr'><strong>quo</strong></span> <span class='ocrx_word' id='word_1_649' title='bbox 2428 4293 2733 4350; x_wconf 85' lang='lat' dir='ltr'><strong>ostenditur</strong></span> <span class='ocrx_word' id='word_1_650' title='bbox 2777 4292 2904 4363; x_wconf 90' lang='lat' dir='ltr'><strong>quia</strong></span> <span class='ocrx_word' id='word_1_651' title='bbox 2932 4290 3194 4362; x_wconf 88' lang='lat' dir='ltr'><strong>Spiritum</strong></span> <span class='ocrx_word' id='word_1_652' title='bbox 3229 4294 3480 4345; x_wconf 87' lang='lat' dir='ltr'><strong>sanetum</strong></span> <span class='ocrx_word' id='word_1_653' title='bbox 3512 4286 3760 4359; x_wconf 81' lang='lat' dir='ltr'><strong>accipere</strong></span> 
     </span>
    </p>
   </div>
   <div class='ocr_carea' id='block_1_83' title="bbox 2160 4375 3761 4456">
    <p class='ocr_par' dir='ltr' id='par_1_83' title="bbox 2160 4375 3761 4456">
     <span class='ocr_line' id='line_1_85' title="bbox 2160 4375 3761 4456; baseline -0.006 -17"><span class='ocrx_word' id='word_1_654' title='bbox 2160 4399 2483 4456; x_wconf 88' lang='lat' dir='ltr'><strong>possumus,</strong></span> <span class='ocrx_word' id='word_1_655' title='bbox 2517 4387 2650 4441; x_wconf 88' lang='lat' dir='ltr'><strong>dare</strong></span> <span class='ocrx_word' id='word_1_656' title='bbox 2679 4399 2787 4438; x_wconf 92' lang='lat' dir='ltr'><strong>non</strong></span> <span class='ocrx_word' id='word_1_657' title='bbox 2813 4398 3135 4454; x_wconf 86' lang='lat' dir='ltr'><strong>possumus;</strong></span> <span class='ocrx_word' id='word_1_658' title='bbox 3167 4380 3263 4436; x_wconf 90' lang='lat' dir='ltr'><strong>sed</strong></span> <span class='ocrx_word' id='word_1_659' title='bbox 3294 4388 3357 4435; x_wconf 85' lang='lat' dir='ltr'><strong>ut</strong></span> <span class='ocrx_word' id='word_1_660' title='bbox 3385 4378 3553 4434; x_wconf 85' lang='lat' dir='ltr'><strong>detur</strong></span> <span class='ocrx_word' id='word_1_661' title='bbox 3582 4375 3761 4435; x_wconf 85' lang='lat' dir='ltr'><strong>Domi-</strong></span> 
     </span>
    </p>
   </div>
   <div class='ocr_carea' id='block_1_84' title="bbox 2162 4469 3758 4547">
    <p class='ocr_par' dir='ltr' id='par_1_84' title="bbox 2162 4469 3758 4547">
     <span class='ocr_line' id='line_1_86' title="bbox 2162 4469 3758 4547; baseline 0.001 -17"><span class='ocrx_word' id='word_1_662' title='bbox 2162 4491 2292 4530; x_wconf 88' lang='lat' dir='ltr'><strong>num</strong></span> <span class='ocrx_word' id='word_1_663' title='bbox 2320 4477 2655 4532; x_wconf 86' lang='lat' dir='ltr'><strong>invocamus.</strong></span> <span class='ocrx_word' id='word_1_664' title='bbox 2719 4475 2787 4531; x_wconf 85' lang='lat' dir='ltr'><strong>Et</strong></span> <span class='ocrx_word' id='word_1_665' title='bbox 2813 4482 3103 4547; x_wconf 84' lang='lat' dir='ltr'><strong>prepterca</strong></span> <span class='ocrx_word' id='word_1_666' title='bbox 3144 4473 3207 4527; x_wconf 90' lang='lat' dir='ltr'><strong>ﬁt</strong></span> <span class='ocrx_word' id='word_1_667' title='bbox 3237 4486 3437 4527; x_wconf 88' lang='lat' dir='ltr'><strong>manus</strong></span> <span class='ocrx_word' id='word_1_668' title='bbox 3462 4469 3758 4542; x_wconf 75' lang='lat' dir='ltr'><strong>impositio.</strong></span> 
     </span>
    </p>
   </div>
   <div class='ocr_carea' id='block_1_85' title="bbox 473 4559 3760 4648">
    <p class='ocr_par' dir='ltr' id='par_1_85' title="bbox 473 4559 3760 4648">
     <span class='ocr_line' id='line_1_87' title="bbox 473 4559 3760 4648; baseline -0.007 -13"><span class='ocrx_word' id='word_1_669' title='bbox 473 4580 651 4635; x_wconf 89' lang='lat' dir='ltr'><strong>omnia</strong></span> <span class='ocrx_word' id='word_1_670' title='bbox 676 4578 938 4633; x_wconf 87' lang='lat' dir='ltr'><strong>unctionis</strong></span> <span class='ocrx_word' id='word_1_671' title='bbox 964 4575 1078 4631; x_wconf 88' lang='lat' dir='ltr'><strong>oleo</strong></span> <span class='ocrx_word' id='word_1_672' title='bbox 1107 4573 1467 4641; x_wconf 86' lang='lat' dir='ltr'><strong>consecrabis,</strong></span> <span class='ocrx_word' id='word_1_673' title='bbox 1498 4583 1557 4629; x_wconf 83' lang='lat' dir='ltr'><strong>ut</strong></span> <span class='ocrx_word' id='word_1_674' title='bbox 1582 4574 1689 4629; x_wconf 87' lang='lat' dir='ltr'><strong>sint</strong></span> <span class='ocrx_word' id='word_1_675' title='bbox 1711 4582 1896 4628; x_wconf 88' lang='lat' dir='ltr'><strong>sancta</strong></span> <span class='ocrx_word' id='word_1_676' title='bbox 1933 4590 2059 4629; x_wconf 85' lang='lat' dir='ltr'><strong>sau—</strong></span> <span class='ocrx_word' id='word_1_677' title='bbox 2085 4586 2141 4648; x_wconf 75' lang='grc' dir='ltr'>ι)</span> <span class='ocrx_word' id='word_1_678' title='bbox 2163 4576 2225 4623; x_wconf 88' lang='lat' dir='ltr'><strong>ut</strong></span> <span class='ocrx_word' id='word_1_679' title='bbox 2249 4582 2348 4637; x_wconf 89' lang='lat' dir='ltr'><strong>per</strong></span> <span class='ocrx_word' id='word_1_680' title='bbox 2374 4567 2676 4623; x_wconf 88' lang='lat' dir='ltr'><strong>orationem</strong></span> <span class='ocrx_word' id='word_1_681' title='bbox 2703 4575 2759 4622; x_wconf 90' lang='lat' dir='ltr'><strong>et</strong></span> <span class='ocrx_word' id='word_1_682' title='bbox 2787 4564 3217 4623; x_wconf 88' lang='lat' dir='ltr'><strong>benedictionem</strong></span> <span class='ocrx_word' id='word_1_683' title='bbox 3243 4561 3547 4617; x_wconf 85' lang='lat' dir='ltr'><strong>advocatus</strong></span> <span class='ocrx_word' id='word_1_684' title='bbox 3568 4559 3760 4614; x_wconf 84' lang='lat' dir='ltr'><strong>invite-</strong></span> 
     </span>
    </p>
   </div>
   <div class='ocr_carea' id='block_1_86' title="bbox 473 4665 2064 4734">
    <p class='ocr_par' dir='ltr' id='par_1_86' title="bbox 473 4665 2064 4734">
     <span class='ocr_line' id='line_1_88' title="bbox 473 4665 2064 4734; baseline -0.004 -7"><span class='ocrx_word' id='word_1_685' title='bbox 473 4681 699 4727; x_wconf 87' lang='lat' dir='ltr'><strong>ctorum.</strong></span> <span class='ocrx_word' id='word_1_686' title='bbox 738 4669 856 4726; x_wconf 85' lang='lat' dir='ltr'><strong>Non</strong></span> <span class='ocrx_word' id='word_1_687' title='bbox 883 4670 1057 4726; x_wconf 90' lang='lat' dir='ltr'><strong>solum</strong></span> <span class='ocrx_word' id='word_1_688' title='bbox 1079 4669 1283 4734; x_wconf 89' lang='lat' dir='ltr'><strong>altare,</strong></span> <span class='ocrx_word' id='word_1_689' title='bbox 1316 4683 1504 4724; x_wconf 91' lang='lat' dir='ltr'><strong>verum</strong></span> <span class='ocrx_word' id='word_1_690' title='bbox 1528 4668 1693 4725; x_wconf 90' lang='lat' dir='ltr'><strong>etiam</strong></span> <span class='ocrx_word' id='word_1_691' title='bbox 1727 4665 1909 4722; x_wconf 90' lang='lat' dir='ltr'><strong>omnia</strong></span> <span class='ocrx_word' id='word_1_692' title='bbox 1935 4680 2064 4721; x_wconf 89' lang='lat' dir='ltr'><strong>vasa</strong></span> 
     </span>
    </p>
   </div>
   <div class='ocr_carea' id='block_1_87' title="bbox 2164 4652 3761 4730">
    <p class='ocr_par' dir='ltr' id='par_1_87' title="bbox 2164 4652 3761 4730">
     <span class='ocr_line' id='line_1_89' title="bbox 2164 4652 3761 4730; baseline -0.004 -17"><span class='ocrx_word' id='word_1_693' title='bbox 2164 4667 2254 4714; x_wconf 90' lang='lat' dir='ltr'><strong>tur</strong></span> <span class='ocrx_word' id='word_1_694' title='bbox 2302 4657 2539 4730; x_wconf 88' lang='lat' dir='ltr'><strong>Spiritus</strong></span> <span class='ocrx_word' id='word_1_695' title='bbox 2584 4666 2844 4713; x_wconf 89' lang='lat' dir='ltr'><strong>sanctus:</strong></span> <span class='ocrx_word' id='word_1_696' title='bbox 2892 4664 2950 4713; x_wconf 89' lang='lat' dir='ltr'><strong>et</strong></span> <span class='ocrx_word' id='word_1_697' title='bbox 2987 4665 3114 4712; x_wconf 89' lang='lat' dir='ltr'><strong>tunc</strong></span> <span class='ocrx_word' id='word_1_698' title='bbox 3159 4653 3249 4710; x_wconf 89' lang='lat' dir='ltr'><strong>ille</strong></span> <span class='ocrx_word' id='word_1_699' title='bbox 3279 4652 3615 4716; x_wconf 86' lang='lat' dir='ltr'><strong>Paraclitus,</strong></span> <span class='ocrx_word' id='word_1_700' title='bbox 3644 4656 3761 4721; x_wconf 81' lang='lat' dir='ltr'><strong>post</strong></span> 
     </span>
    </p>
   </div>
   <div class='ocr_carea' id='block_1_88' title="bbox 473 4741 3760 4832">
    <p class='ocr_par' dir='ltr' id='par_1_88' title="bbox 473 4741 3760 4832">
     <span class='ocr_line' id='line_1_90' title="bbox 473 4741 3760 4832; baseline -0.006 -15"><span class='ocrx_word' id='word_1_701' title='bbox 473 4762 594 4819; x_wconf 88' lang='lat' dir='ltr'><strong>oleo</strong></span> <span class='ocrx_word' id='word_1_702' title='bbox 619 4771 1027 4828; x_wconf 90' lang='lat' dir='ltr'><strong>consecrantur,</strong></span> <span class='ocrx_word' id='word_1_703' title='bbox 1070 4762 1197 4832; x_wconf 90' lang='lat' dir='ltr'><strong>quia</strong></span> <span class='ocrx_word' id='word_1_704' title='bbox 1226 4762 1407 4817; x_wconf 90' lang='lat' dir='ltr'><strong>omnia</strong></span> <span class='ocrx_word' id='word_1_705' title='bbox 1437 4761 1681 4817; x_wconf 87' lang='lat' dir='ltr'><strong>membra</strong></span> <span class='ocrx_word' id='word_1_706' title='bbox 1707 4759 1951 4816; x_wconf 71' lang='lat' dir='ltr'><strong>ecclesiae</strong></span> <span class='ocrx_word' id='word_1_707' title='bbox 1971 4774 2069 4830; x_wconf 91' lang='lat' dir='ltr'><strong>per</strong></span> <span class='ocrx_word' id='word_1_708' title='bbox 2162 4753 2386 4819; x_wconf 85' lang='lat' dir='ltr'><strong>munda,</strong></span> <span class='ocrx_word' id='word_1_709' title='bbox 2412 4751 2695 4807; x_wconf 87' lang='lat' dir='ltr'><strong>benedicta</strong></span> <span class='ocrx_word' id='word_1_710' title='bbox 2734 4758 2792 4806; x_wconf 89' lang='lat' dir='ltr'><strong>et</strong></span> <span class='ocrx_word' id='word_1_711' title='bbox 2829 4756 2995 4805; x_wconf 90' lang='lat' dir='ltr'><strong>uncta</strong></span> <span class='ocrx_word' id='word_1_712' title='bbox 3034 4760 3262 4817; x_wconf 89' lang='lat' dir='ltr'><strong>corpora</strong></span> <span class='ocrx_word' id='word_1_713' title='bbox 3280 4785 3297 4811; x_wconf 91' lang='lat'><strong>,</strong></span> <span class='ocrx_word' id='word_1_714' title='bbox 3324 4743 3505 4800; x_wconf 87' lang='lat' dir='ltr'><strong>libens</strong></span> <span class='ocrx_word' id='word_1_715' title='bbox 3541 4759 3573 4799; x_wconf 87' lang='lat' dir='ltr'><strong>a</strong></span> <span class='ocrx_word' id='word_1_716' title='bbox 3602 4741 3760 4798; x_wconf 84' lang='lat' dir='ltr'><strong>Patre</strong></span> 
     </span>
    </p>
   </div>
   <div class='ocr_carea' id='block_1_89' title="bbox 474 4851 2066 4921">
    <p class='ocr_par' dir='ltr' id='par_1_89' title="bbox 474 4851 2066 4921">
     <span class='ocr_line' id='line_1_91' title="bbox 474 4851 2066 4921; baseline -0.001 -13"><span class='ocrx_word' id='word_1_717' title='bbox 474 4852 711 4908; x_wconf 88' lang='lat' dir='ltr'><strong>chrisma</strong></span> <span class='ocrx_word' id='word_1_718' title='bbox 738 4851 1034 4908; x_wconf 89' lang='lat' dir='ltr'><strong>Christiani</strong></span> <span class='ocrx_word' id='word_1_719' title='bbox 1079 4851 1410 4908; x_wconf 87' lang='lat' dir='ltr'><strong>efﬁciuntur.</strong></span> <span class='ocrx_word' id='word_1_720' title='bbox 1469 4851 1791 4908; x_wconf 87' lang='lat' dir='ltr'><strong>Sacerdotes</strong></span> <span class='ocrx_word' id='word_1_721' title='bbox 1830 4866 2066 4921; x_wconf 89' lang='lat' dir='ltr'><strong>quoque,</strong></span> 
     </span>
    </p>
   </div>
   <div class='ocr_carea' id='block_1_90' title="bbox 477 4940 2069 5016">
    <p class='ocr_par' dir='ltr' id='par_1_90' title="bbox 477 4940 2069 5016">
     <span class='ocr_line' id='line_1_92' title="bbox 477 4940 2069 5016; baseline 0.002 -19"><span class='ocrx_word' id='word_1_722' title='bbox 477 4942 533 4998; x_wconf 89' lang='lat' dir='ltr'><strong>id</strong></span> <span class='ocrx_word' id='word_1_723' title='bbox 579 4949 665 4999; x_wconf 90' lang='lat' dir='ltr'><strong>est</strong></span> <span class='ocrx_word' id='word_1_724' title='bbox 708 4940 891 4997; x_wconf 83' lang='lat' dir='ltr'><strong>Aaron</strong></span> <span class='ocrx_word' id='word_1_725' title='bbox 917 4950 974 4998; x_wconf 90' lang='lat' dir='ltr'><strong>et</strong></span> <span class='ocrx_word' id='word_1_726' title='bbox 1007 4942 1104 4998; x_wconf 83' lang='lat' dir='ltr'><strong>ﬁlii</strong></span> <span class='ocrx_word' id='word_1_727' title='bbox 1133 4942 1282 5014; x_wconf 83' lang='lat' dir='ltr'><strong>ejus,</strong></span> <span class='ocrx_word' id='word_1_728' title='bbox 1343 4944 1399 5000; x_wconf 92' lang='lat' dir='ltr'><strong>in</strong></span> <span class='ocrx_word' id='word_1_729' title='bbox 1440 4951 1568 5016; x_wconf 87' lang='lat' dir='ltr'><strong>typo</strong></span> <span class='ocrx_word' id='word_1_730' title='bbox 1608 4942 1864 5015; x_wconf 88' lang='lat' dir='ltr'><strong>baptismi</strong></span> <span class='ocrx_word' id='word_1_731' title='bbox 1907 4952 2069 5000; x_wconf 90' lang='lat' dir='ltr'><strong>antea</strong></span> 
     </span>
    </p>
   </div>
   <div class='ocr_carea' id='block_1_91' title="bbox 475 5032 2062 5106">
    <p class='ocr_par' dir='ltr' id='par_1_91' title="bbox 475 5032 2062 5106">
     <span class='ocr_line' id='line_1_93' title="bbox 475 5032 2062 5106; baseline 0.003 -20"><span class='ocrx_word' id='word_1_732' title='bbox 475 5047 617 5103; x_wconf 88' lang='lat' dir='ltr'><strong>aqua</strong></span> <span class='ocrx_word' id='word_1_733' title='bbox 663 5032 932 5098; x_wconf 87' lang='lat' dir='ltr'><strong>lavantur,</strong></span> <span class='ocrx_word' id='word_1_734' title='bbox 977 5041 1033 5088; x_wconf 90' lang='lat' dir='ltr'><strong>et</strong></span> <span class='ocrx_word' id='word_1_735' title='bbox 1077 5041 1264 5103; x_wconf 87' lang='lat' dir='ltr'><strong>postea</strong></span> <span class='ocrx_word' id='word_1_736' title='bbox 1301 5043 1597 5106; x_wconf 88' lang='lat' dir='ltr'><strong>unguntur,</strong></span> <span class='ocrx_word' id='word_1_737' title='bbox 1637 5034 1776 5091; x_wconf 92' lang='lat' dir='ltr'><strong>sicut</strong></span> <span class='ocrx_word' id='word_1_738' title='bbox 1803 5033 2062 5091; x_wconf 90' lang='lat' dir='ltr'><strong>Dominus</strong></span> 
     </span>
    </p>
   </div>
   <div class='ocr_carea' id='block_1_92' title="bbox 475 5122 2062 5197">
    <p class='ocr_par' dir='ltr' id='par_1_92' title="bbox 475 5122 2062 5197">
     <span class='ocr_line' id='line_1_94' title="bbox 475 5122 2062 5197; baseline 0 -18"><span class='ocrx_word' id='word_1_739' title='bbox 475 5125 544 5181; x_wconf 88' lang='lat' dir='ltr'><strong>ad</strong></span> <span class='ocrx_word' id='word_1_740' title='bbox 573 5122 812 5197; x_wconf 81' lang='lat' dir='ltr'><strong>Moyscm</strong></span> <span class='ocrx_word' id='word_1_741' title='bbox 849 5123 967 5178; x_wconf 87' lang='lat' dir='ltr'><strong>ait:</strong></span> <span class='ocrx_word' id='word_1_742' title='bbox 1019 5122 1318 5194; x_wconf 84' lang='lat' dir='ltr'><strong>Applicabis</strong></span> <span class='ocrx_word' id='word_1_743' title='bbox 1360 5124 1541 5181; x_wconf 84' lang='lat' dir='ltr'><strong>Aaron</strong></span> <span class='ocrx_word' id='word_1_744' title='bbox 1583 5133 1632 5180; x_wconf 89' lang='lat' dir='ltr'><strong>et</strong></span> <span class='ocrx_word' id='word_1_745' title='bbox 1672 5124 1811 5195; x_wconf 82' lang='lat' dir='ltr'><strong>ﬁlios</strong></span> <span class='ocrx_word' id='word_1_746' title='bbox 1836 5124 1950 5196; x_wconf 85' lang='lat' dir='ltr'><strong>ejus</strong></span> <span class='ocrx_word' id='word_1_747' title='bbox 1991 5124 2062 5179; x_wconf 87' lang='lat' dir='ltr'><strong>ad</strong></span> 
     </span>
    </p>
   </div>
   <div class='ocr_carea' id='block_1_93' title="bbox 476 5215 2063 5291">
    <p class='ocr_par' dir='ltr' id='par_1_93' title="bbox 476 5215 2063 5291">
     <span class='ocr_line' id='line_1_95' title="bbox 476 5215 2063 5291; baseline -0.001 -18"><span class='ocrx_word' id='word_1_748' title='bbox 476 5217 617 5288; x_wconf 78' lang='lat' dir='ltr'><strong>fores</strong></span> <span class='ocrx_word' id='word_1_749' title='bbox 637 5215 964 5273; x_wconf 88' lang='lat' dir='ltr'><strong>tabernaculi</strong></span> <span class='ocrx_word' id='word_1_750' title='bbox 995 5216 1295 5284; x_wconf 87' lang='lat' dir='ltr'><strong>testimonii,</strong></span> <span class='ocrx_word' id='word_1_751' title='bbox 1323 5227 1370 5273; x_wconf 87' lang='lat' dir='ltr'><strong>et</strong></span> <span class='ocrx_word' id='word_1_752' title='bbox 1400 5217 1534 5273; x_wconf 87' lang='lat' dir='ltr'><strong>lotos</strong></span> <span class='ocrx_word' id='word_1_753' title='bbox 1557 5235 1696 5291; x_wconf 83' lang='lat' dir='ltr'><strong>aqua</strong></span> <span class='ocrx_word' id='word_1_754' title='bbox 1727 5217 1913 5273; x_wconf 86' lang='lat' dir='ltr'><strong>indues</strong></span> <span class='ocrx_word' id='word_1_755' title='bbox 1937 5234 2063 5272; x_wconf 77' lang='lat' dir='ltr'><strong>san—</strong></span> 
     </span>
    </p>
   </div>
   <div class='ocr_carea' id='block_1_94' title="bbox 475 5306 2060 5374">
    <p class='ocr_par' dir='ltr' id='par_1_94' title="bbox 475 5306 2060 5374">
     <span class='ocr_line' id='line_1_96' title="bbox 475 5306 2060 5374; baseline 0 -11"><span class='ocrx_word' id='word_1_756' title='bbox 475 5308 572 5363; x_wconf 89' lang='lat' dir='ltr'><strong>ctis</strong></span> <span class='ocrx_word' id='word_1_757' title='bbox 600 5306 851 5374; x_wconf 80' lang='lat' dir='ltr'><strong>vestibus,</strong></span> <span class='ocrx_word' id='word_1_758' title='bbox 900 5316 958 5362; x_wconf 90' lang='lat' dir='ltr'><strong>ut</strong></span> <span class='ocrx_word' id='word_1_759' title='bbox 1002 5307 1296 5362; x_wconf 86' lang='lat' dir='ltr'><strong>ministrent</strong></span> <span class='ocrx_word' id='word_1_760' title='bbox 1324 5308 1473 5374; x_wconf 81' lang='lat' dir='ltr'><strong>mihi,</strong></span> <span class='ocrx_word' id='word_1_761' title='bbox 1523 5318 1573 5363; x_wconf 89' lang='lat' dir='ltr'><strong>et</strong></span> <span class='ocrx_word' id='word_1_762' title='bbox 1602 5309 1777 5363; x_wconf 89' lang='lat' dir='ltr'><strong>unctio</strong></span> <span class='ocrx_word' id='word_1_763' title='bbox 1797 5324 1978 5363; x_wconf 85' lang='lat' dir='ltr'><strong>eorum</strong></span> <span class='ocrx_word' id='word_1_764' title='bbox 2006 5309 2060 5363; x_wconf 91' lang='lat' dir='ltr'><strong>in</strong></span> 
     </span>
    </p>
   </div>
   <div class='ocr_carea' id='block_1_95' title="bbox 475 5395 2058 5471">
    <p class='ocr_par' dir='ltr' id='par_1_95' title="bbox 475 5395 2058 5471">
     <span class='ocr_line' id='line_1_97' title="bbox 475 5395 2058 5471; baseline -0.001 -17"><span class='ocrx_word' id='word_1_765' title='bbox 475 5398 828 5455; x_wconf 85' lang='lat' dir='ltr'><strong>sacerdotium</strong></span> <span class='ocrx_word' id='word_1_766' title='bbox 874 5396 1117 5470; x_wconf 80' lang='lat' dir='ltr'><strong>proﬁciat</strong></span> <span class='ocrx_word' id='word_1_767' title='bbox 1159 5396 1530 5467; x_wconf 88' lang='lat' dir='ltr'><strong>sempiternum</strong></span> <span class='ocrx_word' id='word_1_768' title='bbox 1578 5395 1777 5468; x_wconf 69' lang='lat' dir='ltr'><strong>(Ea-od.</strong></span> <span class='ocrx_word' id='word_1_769' title='bbox 1818 5396 2058 5471; x_wconf 68' lang='lat' dir='ltr'><strong>XL,15).</strong></span> 
     </span>
    </p>
   </div>
   <div class='ocr_carea' id='block_1_96' title="bbox 478 5487 2063 5563">
    <p class='ocr_par' dir='ltr' id='par_1_96' title="bbox 478 5487 2063 5563">
     <span class='ocr_line' id='line_1_98' title="bbox 478 5487 2063 5563; baseline -0.003 -17"><span class='ocrx_word' id='word_1_770' title='bbox 478 5492 537 5546; x_wconf 89' lang='lat' dir='ltr'><strong>in</strong></span> <span class='ocrx_word' id='word_1_771' title='bbox 560 5493 759 5563; x_wconf 89' lang='lat' dir='ltr'><strong>quibus</strong></span> <span class='ocrx_word' id='word_1_772' title='bbox 781 5490 960 5547; x_wconf 90' lang='lat' dir='ltr'><strong>verbis</strong></span> <span class='ocrx_word' id='word_1_773' title='bbox 984 5488 1280 5545; x_wconf 90' lang='lat' dir='ltr'><strong>notandum</strong></span> <span class='ocrx_word' id='word_1_774' title='bbox 1306 5487 1462 5544; x_wconf 87' lang='lat' dir='ltr'><strong>valde</strong></span> <span class='ocrx_word' id='word_1_775' title='bbox 1483 5496 1566 5543; x_wconf 88' lang='lat' dir='ltr'><strong>est</strong></span> <span class='ocrx_word' id='word_1_776' title='bbox 1591 5488 1734 5557; x_wconf 90' lang='lat' dir='ltr'><strong>quod</strong></span> <span class='ocrx_word' id='word_1_777' title='bbox 1768 5489 1951 5544; x_wconf 88' lang='lat' dir='ltr'><strong>unctio</strong></span> <span class='ocrx_word' id='word_1_778' title='bbox 1974 5487 2063 5543; x_wconf 88' lang='lat' dir='ltr'><strong>illa</strong></span> 
     </span>
    </p>
   </div>
   <div class='ocr_carea' id='block_1_97' title="bbox 481 5580 2067 5655">
    <p class='ocr_par' dir='ltr' id='par_1_97' title="bbox 481 5580 2067 5655">
     <span class='ocr_line' id='line_1_99' title="bbox 481 5580 2067 5655; baseline 0.001 -20"><span class='ocrx_word' id='word_1_779' title='bbox 481 5582 659 5651; x_wconf 83' lang='lat' dir='ltr'><strong>typica</strong></span> <span class='ocrx_word' id='word_1_780' title='bbox 689 5584 745 5638; x_wconf 91' lang='lat' dir='ltr'><strong>in</strong></span> <span class='ocrx_word' id='word_1_781' title='bbox 770 5583 1132 5639; x_wconf 87' lang='lat' dir='ltr'><strong>sacerdotium</strong></span> <span class='ocrx_word' id='word_1_782' title='bbox 1164 5580 1411 5655; x_wconf 86' lang='lat' dir='ltr'><strong>proﬁciat</strong></span> <span class='ocrx_word' id='word_1_783' title='bbox 1452 5581 1835 5652; x_wconf 88' lang='lat' dir='ltr'><strong>sempiternum</strong></span> <span class='ocrx_word' id='word_1_784' title='bbox 1863 5621 1877 5644; x_wconf 87' lang='lat'><strong>,</strong></span> <span class='ocrx_word' id='word_1_785' title='bbox 1923 5582 2067 5652; x_wconf 90' lang='lat' dir='ltr'><strong>quod</strong></span> 
     </span>
    </p>
   </div>
   <div class='ocr_carea' id='block_1_98' title="bbox 485 5670 2065 5731">
    <p class='ocr_par' dir='ltr' id='par_1_98' title="bbox 485 5670 2065 5731">
     <span class='ocr_line' id='line_1_100' title="bbox 485 5670 2065 5731; baseline 0.003 -8"><span class='ocrx_word' id='word_1_786' title='bbox 485 5678 571 5724; x_wconf 88' lang='lat' dir='ltr'><strong>est</strong></span> <span class='ocrx_word' id='word_1_787' title='bbox 594 5670 795 5729; x_wconf 87' lang='lat' dir='ltr'><strong>Christi</strong></span> <span class='ocrx_word' id='word_1_788' title='bbox 816 5683 871 5728; x_wconf 91' lang='lat' dir='ltr'><strong>et</strong></span> <span class='ocrx_word' id='word_1_789' title='bbox 899 5674 1174 5731; x_wconf 63' lang='lat' dir='ltr'><strong>Ecclesiae.</strong></span> <span class='ocrx_word' id='word_1_790' title='bbox 1204 5673 1338 5729; x_wconf 83' lang='lat' dir='ltr'><strong>Nam</strong></span> <span class='ocrx_word' id='word_1_791' title='bbox 1366 5673 1725 5729; x_wconf 75' lang='lat' dir='ltr'><strong>sacerdotium</strong></span> <span class='ocrx_word' id='word_1_792' title='bbox 1750 5672 1879 5727; x_wconf 88' lang='lat' dir='ltr'><strong>illud</strong></span> <span class='ocrx_word' id='word_1_793' title='bbox 1908 5672 2065 5727; x_wconf 62' lang='lat' dir='ltr'><strong>Leti-</strong></span> 
     </span>
    </p>
   </div>
   <div class='ocr_carea' id='block_1_99' title="bbox 558 5799 2067 5882">
    <p class='ocr_par' dir='ltr' id='par_1_99' title="bbox 558 5799 2067 5882">
     <span class='ocr_line' id='line_1_101' title="bbox 558 5799 2067 5882; baseline -0.004 -18"><span class='ocrx_word' id='word_1_794' title='bbox 558 5812 599 5882; x_wconf 61' lang='grc'><strong>⁸,</strong></span> <span class='ocrx_word' id='word_1_795' title='bbox 623 5799 740 5882; x_wconf 66' lang='lat' dir='ltr'><strong>Non</strong></span> <span class='ocrx_word' id='word_1_796' title='bbox 766 5814 923 5882; x_wconf 77' lang='lat' dir='ltr'><strong>erant</strong></span> <span class='ocrx_word' id='word_1_797' title='bbox 944 5818 1317 5882; x_wconf 35' lang='lat' dir='ltr'><strong>eumApeccato</strong></span> <span class='ocrx_word' id='word_1_798' title='bbox 1354 5807 1602 5879; x_wconf 65' lang='lat' dir='ltr'><strong>originali</strong></span> <span class='ocrx_word' id='word_1_799' title='bbox 1632 5808 1857 5882; x_wconf 66' lang='lat' dir='ltr'><strong>apostpli</strong></span> <span class='ocrx_word' id='word_1_800' title='bbox 1896 5823 2067 5882; x_wconf 83' lang='lat' dir='ltr'><strong>quan-</strong></span> 
     </span>
    </p>
   </div>
   <div class='ocr_carea' id='block_1_100' title="bbox 490 5867 2058 5950">
    <p class='ocr_par' dir='ltr' id='par_1_100' title="bbox 490 5867 2058 5950">
     <span class='ocr_line' id='line_1_102' title="bbox 490 5867 2058 5950; baseline 0.006 -27"><span class='ocrx_word' id='word_1_801' title='bbox 490 5867 559 5923; x_wconf 89' lang='lat' dir='ltr'><strong>do</strong></span> <span class='ocrx_word' id='word_1_802' title='bbox 587 5868 838 5938; x_wconf 80' lang='lat' dir='ltr'><strong>baptizati</strong></span> <span class='ocrx_word' id='word_1_803' title='bbox 865 5886 1007 5929; x_wconf 90' lang='lat' dir='ltr'><strong>sunt.</strong></span> <span class='ocrx_word' id='word_1_804' title='bbox 1066 5867 1270 5936; x_wconf 79' lang='lat' dir='ltr'><strong>Sensus</strong></span> <span class='ocrx_word' id='word_1_805' title='bbox 1299 5894 1427 5950; x_wconf 78' lang='lat' dir='ltr'><strong>ergo</strong></span> <span class='ocrx_word' id='word_1_806' title='bbox 1440 5867 1561 5946; x_wconf 40' lang='lat' dir='ltr'><strong>“cst,</strong></span> <span class='ocrx_word' id='word_1_807' title='bbox 1600 5867 1759 5935; x_wconf 74' lang='lat' dir='ltr'><strong>talem</strong></span> <span class='ocrx_word' id='word_1_808' title='bbox 1787 5867 1952 5934; x_wconf 69' lang='lat' dir='ltr'><strong>fuisse</strong></span> <span class='ocrx_word' id='word_1_809' title='bbox 1979 5877 2058 5935; x_wconf 89' lang='lat' dir='ltr'><strong>eis</strong></span> 
     </span>
    </p>
   </div>
   <div class='ocr_carea' id='block_1_101' title="bbox 2164 4841 2461 4898">
    <p class='ocr_par' dir='ltr' id='par_1_101' title="bbox 2164 4841 2461 4898">
     <span class='ocr_line' id='line_1_103' title="bbox 2164 4841 2461 4898; baseline -0.003 -1"><span class='ocrx_word' id='word_1_810' title='bbox 2164 4841 2461 4898; x_wconf 91' lang='lat' dir='ltr'><strong>descendit.</strong></span> 
     </span>
    </p>
   </div>
   <div class='ocr_carea' id='block_1_102' title="bbox 2236 4921 3760 5001">
    <p class='ocr_par' dir='ltr' id='par_1_102' title="bbox 2236 4921 3760 5001">
     <span class='ocr_line' id='line_1_104' title="bbox 2236 4921 3760 5001; baseline -0.007 -14"><span class='ocrx_word' id='word_1_811' title='bbox 2236 4931 2415 5000; x_wconf 78' lang='lat' dir='ltr'><strong>Quzeri</strong></span> <span class='ocrx_word' id='word_1_812' title='bbox 2452 4940 2632 4986; x_wconf 89' lang='lat' dir='ltr'><strong>autem</strong></span> <span class='ocrx_word' id='word_1_813' title='bbox 2678 4945 2711 4984; x_wconf 87' lang='lat' dir='ltr'><strong>a</strong></span> <span class='ocrx_word' id='word_1_814' title='bbox 2751 4929 3075 5001; x_wconf 87' lang='lat' dir='ltr'><strong>quihusdam</strong></span> <span class='ocrx_word' id='word_1_815' title='bbox 3120 4926 3292 4993; x_wconf 78' lang='lat' dir='ltr'><strong>solet,</strong></span> <span class='ocrx_word' id='word_1_816' title='bbox 3339 4938 3467 4981; x_wconf 88' lang='lat' dir='ltr'><strong>cum</strong></span> <span class='ocrx_word' id='word_1_817' title='bbox 3517 4921 3643 4978; x_wconf 80' lang='lat' dir='ltr'><strong>fans</strong></span> <span class='ocrx_word' id='word_1_818' title='bbox 3673 4922 3760 4977; x_wconf 78' lang='lat' dir='ltr'><strong>ba-</strong></span> 
     </span>
    </p>
   </div>
   <div class='ocr_carea' id='block_1_103' title="bbox 2168 5012 3759 5094">
    <p class='ocr_par' dir='ltr' id='par_1_103' title="bbox 2168 5012 3759 5094">
     <span class='ocr_line' id='line_1_105' title="bbox 2168 5012 3759 5094; baseline -0.007 -16"><span class='ocrx_word' id='word_1_819' title='bbox 2168 5023 2439 5094; x_wconf 88' lang='lat' dir='ltr'><strong>ptismatis</strong></span> <span class='ocrx_word' id='word_1_820' title='bbox 2459 5022 2578 5078; x_wconf 87' lang='lat' dir='ltr'><strong>sine</strong></span> <span class='ocrx_word' id='word_1_821' title='bbox 2604 5020 2811 5093; x_wconf 90' lang='lat' dir='ltr'><strong>Spiritu</strong></span> <span class='ocrx_word' id='word_1_822' title='bbox 2830 5029 3018 5076; x_wconf 89' lang='lat' dir='ltr'><strong>sancto</strong></span> <span class='ocrx_word' id='word_1_823' title='bbox 3036 5017 3344 5073; x_wconf 88' lang='lat' dir='ltr'><strong>nullatenus</strong></span> <span class='ocrx_word' id='word_1_824' title='bbox 3364 5012 3759 5075; x_wconf 83' lang='lat' dir='ltr'><strong>sanctiﬁcetur,</strong></span> 
     </span>
    </p>
   </div>
   <div class='ocr_carea' id='block_1_104' title="bbox 2169 5107 3762 5189">
    <p class='ocr_par' dir='ltr' id='par_1_104' title="bbox 2169 5107 3762 5189">
     <span class='ocr_line' id='line_1_106' title="bbox 2169 5107 3762 5189; baseline -0.009 -16"><span class='ocrx_word' id='word_1_825' title='bbox 2169 5130 2345 5189; x_wconf 87' lang='lat' dir='ltr'><strong>neque</strong></span> <span class='ocrx_word' id='word_1_826' title='bbox 2370 5116 2487 5172; x_wconf 91' lang='lat' dir='ltr'><strong>sine</strong></span> <span class='ocrx_word' id='word_1_827' title='bbox 2510 5130 2577 5171; x_wconf 89' lang='lat' dir='ltr'><strong>eo</strong></span> <span class='ocrx_word' id='word_1_828' title='bbox 2599 5121 2946 5184; x_wconf 88' lang='lat' dir='ltr'><strong>peccatorum</strong></span> <span class='ocrx_word' id='word_1_829' title='bbox 2974 5111 3223 5167; x_wconf 88' lang='lat' dir='ltr'><strong>remissio</strong></span> <span class='ocrx_word' id='word_1_830' title='bbox 3248 5107 3506 5171; x_wconf 81' lang='lat' dir='ltr'><strong>donetur,</strong></span> <span class='ocrx_word' id='word_1_831' title='bbox 3544 5120 3651 5160; x_wconf 90' lang='lat' dir='ltr'><strong>cur</strong></span> <span class='ocrx_word' id='word_1_832' title='bbox 3676 5118 3762 5160; x_wconf 88' lang='lat' dir='ltr'><strong>ne-</strong></span> 
     </span>
    </p>
   </div>
   <div class='ocr_carea' id='block_1_105' title="bbox 2168 5192 3760 5279">
    <p class='ocr_par' dir='ltr' id='par_1_105' title="bbox 2168 5192 3760 5279">
     <span class='ocr_line' id='line_1_107' title="bbox 2168 5192 3760 5279; baseline -0.011 -12"><span class='ocrx_word' id='word_1_833' title='bbox 2168 5224 2321 5268; x_wconf 86' lang='lat' dir='ltr'><strong>cesse</strong></span> <span class='ocrx_word' id='word_1_834' title='bbox 2360 5216 2445 5263; x_wconf 90' lang='lat' dir='ltr'><strong>est</strong></span> <span class='ocrx_word' id='word_1_835' title='bbox 2490 5215 2676 5279; x_wconf 90' lang='lat' dir='ltr'><strong>postea</strong></span> <span class='ocrx_word' id='word_1_836' title='bbox 2722 5205 2840 5261; x_wconf 87' lang='lat' dir='ltr'><strong>ﬁeri</strong></span> <span class='ocrx_word' id='word_1_837' title='bbox 2884 5217 3139 5260; x_wconf 86' lang='lat' dir='ltr'><strong>manuum</strong></span> <span class='ocrx_word' id='word_1_838' title='bbox 3181 5196 3627 5271; x_wconf 79' lang='lat' dir='ltr'><strong>impositionem?</strong></span> <span class='ocrx_word' id='word_1_839' title='bbox 3657 5192 3760 5251; x_wconf 84' lang='lat' dir='ltr'><strong>Sed</strong></span> 
     </span>
    </p>
   </div>
   <div class='ocr_carea' id='block_1_106' title="bbox 2167 5292 3760 5365">
    <p class='ocr_par' dir='ltr' id='par_1_106' title="bbox 2167 5292 3760 5365">
     <span class='ocr_line' id='line_1_108' title="bbox 2167 5292 3760 5365; baseline -0.011 -6"><span class='ocrx_word' id='word_1_840' title='bbox 2167 5298 2444 5358; x_wconf 87' lang='lat' dir='ltr'><strong>sciendum</strong></span> <span class='ocrx_word' id='word_1_841' title='bbox 2476 5298 2661 5356; x_wconf 90' lang='lat' dir='ltr'><strong>multis</strong></span> <span class='ocrx_word' id='word_1_842' title='bbox 2692 5295 2866 5354; x_wconf 90' lang='lat' dir='ltr'><strong>modis</strong></span> <span class='ocrx_word' id='word_1_843' title='bbox 2903 5296 3018 5352; x_wconf 88' lang='lat' dir='ltr'><strong>dari</strong></span> <span class='ocrx_word' id='word_1_844' title='bbox 3060 5292 3324 5365; x_wconf 89' lang='lat' dir='ltr'><strong>Spiritum</strong></span> <span class='ocrx_word' id='word_1_845' title='bbox 3342 5298 3626 5354; x_wconf 86' lang='lat' dir='ltr'><strong>sanctum,</strong></span> <span class='ocrx_word' id='word_1_846' title='bbox 3657 5300 3760 5342; x_wconf 88' lang='lat' dir='ltr'><strong>non</strong></span> 
     </span>
    </p>
   </div>
   <div class='ocr_carea' id='block_1_107' title="bbox 2171 5376 3772 5462">
    <p class='ocr_par' dir='ltr' id='par_1_107' title="bbox 2171 5376 3772 5462">
     <span class='ocr_line' id='line_1_109' title="bbox 2171 5376 3772 5462; baseline -0.012 -13"><span class='ocrx_word' id='word_1_847' title='bbox 2171 5393 2344 5449; x_wconf 89' lang='lat' dir='ltr'><strong>solum</strong></span> <span class='ocrx_word' id='word_1_848' title='bbox 2372 5393 2426 5448; x_wconf 89' lang='lat' dir='ltr'><strong>in</strong></span> <span class='ocrx_word' id='word_1_849' title='bbox 2446 5390 2739 5462; x_wconf 86' lang='lat' dir='ltr'><strong>baptismo,</strong></span> <span class='ocrx_word' id='word_1_850' title='bbox 2767 5388 2864 5444; x_wconf 90' lang='lat' dir='ltr'><strong>sed</strong></span> <span class='ocrx_word' id='word_1_851' title='bbox 2888 5387 3051 5443; x_wconf 89' lang='lat' dir='ltr'><strong>etiam</strong></span> <span class='ocrx_word' id='word_1_852' title='bbox 3084 5392 3209 5457; x_wconf 90' lang='lat' dir='ltr'><strong>post</strong></span> <span class='ocrx_word' id='word_1_853' title='bbox 3231 5382 3586 5453; x_wconf 85' lang='lat' dir='ltr'><strong>baptismum.</strong></span> <span class='ocrx_word' id='word_1_854' title='bbox 3624 5376 3772 5445; x_wconf 25' lang='lat' dir='ltr'><strong>Nam,</strong></span> 
     </span>
    </p>
   </div>
   <div class='ocr_carea' id='block_1_108' title="bbox 2167 5472 3757 5553">
    <p class='ocr_par' dir='ltr' id='par_1_108' title="bbox 2167 5472 3757 5553">
     <span class='ocr_line' id='line_1_110' title="bbox 2167 5472 3757 5553; baseline -0.009 -14"><span class='ocrx_word' id='word_1_855' title='bbox 2167 5484 2330 5540; x_wconf 87' lang='lat' dir='ltr'><strong>etiam</strong></span> <span class='ocrx_word' id='word_1_856' title='bbox 2369 5482 2502 5553; x_wconf 85' lang='lat' dir='ltr'><strong>ipsis</strong></span> <span class='ocrx_word' id='word_1_857' title='bbox 2544 5480 2802 5553; x_wconf 87' lang='lat' dir='ltr'><strong>apostolis</strong></span> <span class='ocrx_word' id='word_1_858' title='bbox 2828 5478 3098 5535; x_wconf 87' lang='lat' dir='ltr'><strong>credimus</strong></span> <span class='ocrx_word' id='word_1_859' title='bbox 3127 5477 3182 5531; x_wconf 91' lang='lat' dir='ltr'><strong>in</strong></span> <span class='ocrx_word' id='word_1_860' title='bbox 3201 5473 3471 5545; x_wconf 89' lang='lat' dir='ltr'><strong>baptismo</strong></span> <span class='ocrx_word' id='word_1_861' title='bbox 3499 5472 3757 5527; x_wconf 86' lang='lat' dir='ltr'><strong>donatum</strong></span> 
     </span>
    </p>
   </div>
   <div class='ocr_carea' id='block_1_109' title="bbox 2170 5570 3756 5646">
    <p class='ocr_par' dir='ltr' id='par_1_109' title="bbox 2170 5570 3756 5646">
     <span class='ocr_line' id='line_1_111' title="bbox 2170 5570 3756 5646; baseline -0.011 -14"><span class='ocrx_word' id='word_1_862' title='bbox 2170 5575 2431 5646; x_wconf 88' lang='lat' dir='ltr'><strong>Spiritum</strong></span> <span class='ocrx_word' id='word_1_863' title='bbox 2464 5583 2732 5638; x_wconf 85' lang='lat' dir='ltr'><strong>sanetum.</strong></span> <span class='ocrx_word' id='word_1_864' title='bbox 2775 5580 2835 5628; x_wconf 92' lang='lat' dir='ltr'><strong>ut</strong></span> <span class='ocrx_word' id='word_1_865' title='bbox 2865 5571 3271 5627; x_wconf 87' lang='lat' dir='ltr'><strong>remitterentur</strong></span> <span class='ocrx_word' id='word_1_866' title='bbox 3296 5579 3489 5621; x_wconf 89' lang='lat' dir='ltr'><strong>eorum</strong></span> <span class='ocrx_word' id='word_1_867' title='bbox 3509 5570 3756 5635; x_wconf 71' lang='lat' dir='ltr'><strong>peccata,</strong></span> 
     </span>
    </p>
   </div>
   <div class='ocr_carea' id='block_1_110' title="bbox 2170 5660 3757 5738">
    <p class='ocr_par' dir='ltr' id='par_1_110' title="bbox 2170 5660 3757 5738">
     <span class='ocr_line' id='line_1_112' title="bbox 2170 5660 3757 5738; baseline -0.011 -14"><span class='ocrx_word' id='word_1_868' title='bbox 2170 5670 2281 5724; x_wconf 88' lang='lat' dir='ltr'><strong>sive</strong></span> <span class='ocrx_word' id='word_1_869' title='bbox 2304 5682 2399 5738; x_wconf 89' lang='lat' dir='ltr'><strong>per</strong></span> <span class='ocrx_word' id='word_1_870' title='bbox 2427 5667 2688 5738; x_wconf 87' lang='lat' dir='ltr'><strong>originem</strong></span> <span class='ocrx_word' id='word_1_871' title='bbox 2711 5673 2882 5721; x_wconf 84' lang='lat' dir='ltr'><strong>tracta</strong></span> <span class='ocrx_word' id='word_1_872' title='bbox 2904 5681 2955 5730; x_wconf 75' lang='grc' dir='ltr'><strong>υ,</strong></span> <span class='ocrx_word' id='word_1_873' title='bbox 2986 5664 3099 5718; x_wconf 78' lang='lat' dir='ltr'><strong>sive</strong></span> <span class='ocrx_word' id='word_1_874' title='bbox 3119 5660 3397 5716; x_wconf 85' lang='lat' dir='ltr'><strong>voluntate</strong></span> <span class='ocrx_word' id='word_1_875' title='bbox 3425 5663 3757 5728; x_wconf 78' lang='lat' dir='ltr'><strong>perpetrata.</strong></span> 
     </span>
    </p>
   </div>
   <div class='ocr_carea' id='block_1_111' title="bbox 2172 5798 3755 5886">
    <p class='ocr_par' dir='ltr' id='par_1_111' title="bbox 2172 5798 3755 5886">
     <span class='ocr_line' id='line_1_113' title="bbox 2172 5798 3755 5886; baseline -0.01 -26"><span class='ocrx_word' id='word_1_876' title='bbox 2172 5806 2350 5886; x_wconf 75' lang='lat' dir='ltr'><strong>datum</strong></span> <span class='ocrx_word' id='word_1_877' title='bbox 2400 5803 2660 5886; x_wconf 78' lang='lat' dir='ltr'><strong>Spiritum</strong></span> <span class='ocrx_word' id='word_1_878' title='bbox 2689 5841 2703 5866; x_wconf 92' lang='lat'><strong>,</strong></span> <span class='ocrx_word' id='word_1_879' title='bbox 2734 5801 2824 5872; x_wconf 90' lang='lat' dir='ltr'><strong>qui</strong></span> <span class='ocrx_word' id='word_1_880' title='bbox 2856 5813 3044 5855; x_wconf 86' lang='lat' dir='ltr'><strong>omnes</strong></span> <span class='ocrx_word' id='word_1_881' title='bbox 3087 5809 3255 5869; x_wconf 84' lang='lat' dir='ltr'><strong>genus</strong></span> <span class='ocrx_word' id='word_1_882' title='bbox 3292 5799 3641 5864; x_wconf 82' lang='lat' dir='ltr'><strong>peccatorum</strong></span> <span class='ocrx_word' id='word_1_883' title='bbox 3670 5798 3755 5845; x_wconf 69' lang='lat' dir='ltr'><strong>rer</strong></span> 
     </span>
    </p>
   </div>
   <div class='ocr_carea' id='block_1_112' title="bbox 2172 5881 2608 5945">
    <p class='ocr_par' dir='ltr' id='par_1_112' title="bbox 2172 5881 2608 5945">
     <span class='ocr_line' id='line_1_114' title="bbox 2172 5881 2608 5945; baseline -0.016 -13"><span class='ocrx_word' id='word_1_884' title='bbox 2172 5881 2386 5932; x_wconf 85' lang='lat' dir='ltr'><strong>mittere</strong></span> <span class='ocrx_word' id='word_1_885' title='bbox 2407 5881 2608 5945; x_wconf 89' lang='lat' dir='ltr'><strong>posset.</strong></span> 
     </span>
    </p>
   </div>
  </div>
