3868 6174
109 221 216 276 865

1117 217 1318 272 LlBER
1358 219 1447 272 DE
1487 216 1954 273 SACRAMENTO
1993 216 2310 272 BAPTISMI

3280 225 3386 281 866

103 329 312 380 lterum
341 332 466 394 post
495 322 948 378 resurrectionem
979 323 1213 390 Domini,
1245 327 1420 381 adhuc
1451 327 1565 396 ipso
1599 327 1708 380 Do-
1731 330 1776 388 Α
1806 325 2059 397 impletur
2090 327 2142 381 in
2171 327 2326 382 nobis
2353 330 2495 397 quod
2520 329 2752 384 dicitur“
2787 330 2974 388 Ponite
2995 336 3222 392 cidarim
3245 355 3397 393 mun-

108 418 261 473 mino
291 419 345 472 in
383 425 530 473 terra
560 414 915 479 consistente,
937 425 1261 484 acceperunt
1291 414 1546 485 Spiritum
1575 433 1701 470 san-

108 521 282 571 etum,
313 515 375 562 ut
410 506 678 560 baberent
700 513 1025 573 potestatem
1057 505 1140 559 vel
1161 506 1430 560 dimittere
1462 507 1545 561 vel
1571 509 1705 563 deti-

108 612 240 652 nere
265 596 500 650 aliorum
525 603 768 665 peccata.
822 592 977 650 Sicut
1003 595 1263 664 scriptum
1297 603 1380 649 est
1414 614 1425 648 :
1472 597 1704 667 Accipite

107 685 371 758 Spiritum
423 696 685 741 sanctum.
737 683 974 750 Quorum
1011 685 1313 741 dimiseritis
1341 697 1574 757 peccata,
1622 687 1704 741 di-

107 783 422 843 mittentur;
449 789 497 834 et
521 795 746 850 quorum
769 778 1118 844 detinueritis,
1142 778 1348 834 detenta
1377 789 1547 834 erunt.
1571 780 1704 835 Ter-

109 872 187 928 tio
238 879 567 942 acceperunt
619 869 882 942 Spiritum
937 876 1182 925 sanctum
1222 867 1336 936 jam
1382 869 1610 924 Domino
1648 871 1701 925 in

109 966 251 1021 caelo
293 964 550 1029 sedente,
599 970 661 1016 ut
709 961 975 1017 haberent
1013 963 1153 1017 dona
1193 961 1402 1016 diversa
1435 961 1488 1014 in
1513 960 1703 1015 eodem

110 1055 356 1126 Spiritu;
392 1054 445 1108 id
474 1060 578 1117 est,
605 1053 832 1123 gratiam
857 1051 1146 1106 sanitatum
1165 1090 1180 1116 ,
1209 1051 1558 1120 operationem
1595 1051 1701 1102 vir-

111 1155 304 1207 tutum,
337 1143 698 1214 prophetiam,
748 1141 1114 1196 discretionem
1159 1140 1467 1210 spirituum,
1514 1155 1702 1210 genera

111 1237 458 1307 linguarum,
499 1234 977 1300 interpretationem
1017 1247 1335 1286 sermonum.
1377 1229 1492 1284 Non
1532 1229 1702 1285 solum

114 1337 295 1378 autem
325 1323 398 1378 ad
427 1324 543 1378 hac
571 1322 824 1377 sublimia
852 1321 993 1376 dona
1015 1320 1382 1391 percipienda,
1427 1321 1519 1375 sed
1538 1320 1703 1374 etiam

113 1415 179 1470 ad
200 1429 368 1469 omne
417 1427 554 1482 opus
585 1413 786 1466 bonum
816 1411 1087 1466 credimus
1123 1411 1237 1466 dari
1285 1408 1542 1480 Spiritum
1581 1423 1705 1464 san-

115 1515 281 1558 ctum.
325 1503 636 1573 Quicunque
663 1502 825 1565 enim,
871 1500 946 1554 ait
982 1499 1310 1569 Apostolus,
1352 1497 1552 1570 Spiritu
1605 1497 1704 1551 Dei

115 1604 366 1664 aguntur,
411 1593 468 1645 hi
503 1591 604 1660 filii
629 1600 752 1645 sunt
789 1591 907 1645 Dei.
962 1591 1104 1660 Ergo
1147 1591 1202 1644 in
1233 1589 1500 1660 baptismo
1531 1588 1592 1643 ﬁt
1617 1602 1704 1642 re-

1806 417 1929 472 dam
1961 436 2118 489 super
2143 429 2296 488 caput
2323 420 2469 488 ejus,
2501 431 2549 474 et
2582 422 2867 477 induerunt
2906 442 3023 479 eum
3052 428 3296 483 vestibus.
3327 429 3398 485 lit

1804 510 2124 566 audiamus:
2159 508 2362 564 Fuistis
2406 511 2691 584 aliquando
2737 515 2996 580 tenebra’,
3044 534 3181 572 nunc
3223 531 3398 575 autem

1803 599 1897 654 tua:
1919 603 1974 656 in
1993 601 2239 656 Domino.
2272 601 2373 669 Qui
2415 619 2514 672 per
2552 605 2879 675 baptismum
2927 609 3177 664 tenebras
3221 609 3390 681 Egy-

1802 693 2039 762 ptiorum
2069 694 2285 756 evadit,
2329 701 2384 748 et
2428 711 2625 765 corpus
2674 697 2873 750 Christi
2913 698 3162 762 edicitur,
3201 703 3398 756 merito

1803 783 2142 840 vestimentis
2161 783 2299 842 albis
2321 785 2562 839 induitur
2579 803 2593 849 ;
2611 787 2735 856 quia
2751 797 2808 841 et
2822 803 2949 843 caro
2970 788 3170 845 Christi
3194 793 3396 848 mundo

1804 871 1968 926 linteo
1997 873 2236 928 involuta
2264 875 2471 944 sepulta
2500 884 2601 930 est.
2625 876 2725 942 Qui
2765 892 2890 932 cum
2917 877 3134 934 Christo
3161 885 3333 953 surgit
3363 900 3395 938 τι

1802 972 1978 1017 morte
2000 978 2098 1033 per
2129 965 2415 1019 transitum
2447 967 2587 1021 sacri
2614 966 2807 1033 fontis,
2836 970 3030 1024 merito
3058 971 3193 1026 albis
3221 973 3400 1028 indui-

1805 1058 1894 1105 tur
1918 1067 1933 1105 :
1963 1053 2090 1122 quia
2121 1061 2178 1107 et
2203 1062 2368 1108 testes
2397 1057 2816 1113 resurrectionis
2840 1059 2982 1113 illius
3007 1063 3181 1116 sancti
3216 1065 3390 1135 angeli

1808 1143 1862 1197 in
1891 1143 2029 1197 albis
2055 1154 2424 1214 apparuerunt
2450 1147 2711 1201 vestibus.

1873 1233 2023 1288 Alba:
2051 1242 2229 1288 autem
2261 1243 2441 1289 vestes
2478 1236 2876 1305 haptizatorum
2906 1247 3018 1295 tres
3043 1242 3396 1312 signiﬁcatio-

1807 1338 1903 1377 nes
1932 1332 2161 1393 gestant.
2193 1324 2366 1380 Unam
2405 1326 2470 1380 de
2500 1327 2810 1394 prseterito,
2842 1345 2960 1399 qum
2998 1331 3137 1386 facta
3181 1342 3264 1390 est
3298 1351 3399 1406 per

1807 1412 2207 1468 iunovationem
2255 1415 2613 1484 baptismatis.
2641 1416 2817 1471 Aliam
2862 1421 2928 1474 de
2970 1424 3245 1490 prmsenti,
3275 1441 3396 1496 qua:

1806 1503 1870 1558 Iit
1887 1519 1988 1574 per
2011 1506 2298 1560 candorem
2324 1507 2609 1574 virtutum,
2633 1509 2773 1565 sicut
2794 1513 3058 1582 scriptum
3087 1525 3172 1570 est
3197 1535 3210 1569 :
3241 1516 3399 1572 Omni

1807 1601 2035 1664 tempore
2063 1595 2169 1648 sint
2205 1596 2510 1651 vestimenta
2555 1607 2646 1652 tua
2687 1601 2934 1655 candida.
2961 1602 3035 1657 De
3061 1607 3256 1674 quibus
3300 1609 3398 1663 ite-

115 1685 304 1740 missio
344 1693 692 1755 peccatorum
713 1723 728 1748 ,
776 1683 831 1737 in
877 1683 1218 1753 impositione
1242 1697 1494 1736 manuum
1525 1681 1707 1737 confe-
1738 1676 1782 1734 Β
1813 1698 1934 1736 rum
1969 1683 2166 1738 dicitur
2193 1701 2206 1737 :
2237 1683 2432 1739 Beatus
2454 1687 2543 1757 qui
2571 1688 2748 1757 vigilat
2771 1700 2819 1743 et
2846 1693 3072 1746 custodit
3095 1697 3399 1750 vestimenta

116 1787 309 1832 runtur
330 1777 475 1831 dona
517 1775 778 1830 virtutum
806 1815 822 1840 ,
876 1775 1017 1830 sicut
1057 1775 1250 1830 Petrus
1285 1775 1558 1844 apostolus
1587 1776 1705 1830 ait:

114 1869 425 1938 Baptizetur
450 1867 667 1938 quisque
701 1875 924 1921 vestrum
969 1866 1026 1919 in
1065 1866 1271 1920 nomine
1307 1865 1518 1920 Domini
1547 1867 1711 1920 nostri

113 1958 240 2014 Jesu
268 1957 471 2012 Christi
511 1959 569 2010 in
604 1957 964 2011 remissionem
1003 1965 1333 2027 peccatorum
1360 1965 1415 2010 ut
1439 1957 1710 2027 accipiatis

113 2049 306 2103 donum
325 2046 561 2119 Spiritus
585 2049 749 2101 sancti
778 2047 914 2118 (Act.
940 2063 1002 2112 ιι,
1021 2047 1135 2118 38).
1164 2046 1298 2101 Nam
1323 2063 1443 2118 qua:
1465 2047 1536 2102 sit
1555 2046 1709 2102 diﬂ‘e-

115 2141 286 2194 rentia
307 2139 569 2210 baptismi
592 2145 648 2194 et
666 2137 1000 2204 chrismatis,
1039 2137 1230 2192 beatus
1252 2136 1585 2208 Augus:inus
1613 2152 1709 2192 ex-

112 2232 283 2303 ponit,
309 2233 536 2288 dicens:
573 2251 592 2285 ι
614 2232 842 2299 Quando
880 2233 1266 2289 exorcizantur
1281 2231 1542 2295 infantes,
1563 2230 1711 2285 velut

114 2306 453 2379 frumentum
473 2323 779 2391 moluntur;
808 2326 1025 2396 quando
1045 2324 1389 2393 baptizantur
1405 2363 1420 2388 ,
1455 2337 1712 2392 consper-

116 2421 349 2484 guntur;
391 2415 610 2483 quando
642 2415 1030 2480 chrismantur,
1067 2422 1391 2483 coquuntur.
1417 2433 1434 2465 ι
1480 2412 1710 2467 Pulchra

119 2506 494 2574 comparatio!
527 2506 664 2561 Dum
696 2506 971 2562 moluntur
1002 2523 1102 2578 per
1120 2507 1504 2572 exoreismum,
1549 2522 1576 2560 a
1614 2520 1712 2576 po-

121 2604 320 2650 testate
363 2595 565 2650 diaboli
613 2605 904 2663 eruantur;
970 2597 1098 2652 dum
1141 2603 1573 2667 consperguntur
1614 2609 1712 2665 per

122 2687 449 2756 baptismum
475 2727 490 2748 ,
545 2703 574 2740 a
622 2695 970 2756 peccatorum
1022 2687 1274 2743 sordibus
1310 2687 1708 2752 emundentur;

125 2777 244 2830 dum
266 2791 368 2848 per
395 2777 634 2832 chrisma
673 2785 1000 2847 coquuntur,
1057 2778 1231 2832 sancti
1278 2773 1514 2845 Spiritus
1537 2777 1711 2846 gratia

128 2864 462 2921 illustrentur
496 2874 554 2922 et
579 2867 989 2922 conﬁrmentur.

715 2979 942 3036 CAPUT
981 2979 1114 3036 VIII.

617 3049 696 3104 De
717 3052 1031 3105 vestimentis
1059 3051 1212 3106 albis.

193 3139 462 3210 Baptizati
501 3141 641 3195 albis
679 3141 979 3196 induuntur
1002 3143 1280 3208 vestibus,
1309 3149 1371 3198 ut
1401 3142 1516 3213 ipso
1550 3142 1715 3197 etiam

127 3230 308 3284 habitu
338 3232 627 3286 exterioris
655 3233 889 3287 hominis
916 3233 1290 3288 demonstrent
1313 3233 1715 3288 innovationem

122 3331 178 3380 et
204 3325 644 3379 emundationem
689 3325 982 3379 interioris.
1014 3324 1114 3390 Qui
1159 3325 1301 3379 enim
1339 3325 1404 3379 de
1448 3332 1717 3394 potestate

122 3415 469 3470 tenebrarum
503 3414 826 3468 transfertur
850 3415 902 3468 in
931 3430 1155 3486 regnum
1181 3415 1316 3470 lucis
1343 3423 1397 3468 et
1422 3416 1712 3478 claritatis,

118 3513 520 3574 consequenter
563 3507 736 3558 utitur
761 3505 1099 3560 vestimentis
1133 3505 1269 3559 albis
1311 3506 1379 3559 ad
1413 3505 1714 3574 exemplum

117 3597 245 3661 Jesu
275 3613 388 3652 non
421 3597 593 3652 solum
624 3597 717 3650 ﬁlii
739 3595 1034 3658 Iosedech,
1073 3597 1166 3650 sed
1197 3604 1253 3650 et
1284 3593 1414 3650 Jesu
1444 3595 1566 3649 Filii
1599 3595 1713 3650 Det.

117 3692 253 3746 Nam
285 3692 341 3745 in
367 3688 496 3746 Jesu
527 3690 635 3746 tilio
654 3688 915 3744 Iosedech
945 3689 1350 3759 prtetlguratum
1378 3695 1462 3743 est
1491 3687 1632 3757 quod
1659 3683 1712 3739 in

117 3783 244 3840 Iesu
274 3784 419 3840 Filio
455 3785 550 3838 Dei
594 3791 713 3839 erat
750 3783 1100 3852 implendum.
1149 3780 1242 3835 Ait
1288 3795 1416 3852 ergo
1455 3781 1715 3850 propheta

117 3877 422 3932 Zacharias
448 3894 463 3930 :
495 3875 562 3929 Et
584 3875 742 3930 Jesus
769 3883 880 3928 erat
903 3873 1120 3928 indutus
1146 3872 1370 3926 vestibus
1398 3870 1648 3935 sordidis,
1669 3880 1717 3924 et

119 3967 292 4020 stabat
323 3976 448 4020 ante
485 3965 675 4035 {aciem
698 3962 891 4034 angeli.
917 3961 1018 4028 Qui
1049 3960 1325 4030 respondit
1353 3967 1408 4012 et
1428 3959 1504 4012 ait
1526 3957 1592 4012 ad
1622 3971 1716 4013 eos

119 4059 210 4126 qui
233 4058 456 4112 stabant
477 4071 661 4110 coram
687 4069 765 4120 se,
793 4055 1010 4109 dicens:
1034 4051 1249 4122 Auferte
1273 4049 1577 4104 vestimenta
1603 4065 1718 4104 sor-

118 4152 246 4204 dida
274 4149 339 4203 ab
369 4166 452 4203 eo.
481 4147 551 4201 Et
574 4147 708 4201 dixit
739 4146 807 4200 ad
832 4162 949 4200 eum
973 4159 991 4197 :
1015 4145 1150 4199 Ecce
1169 4141 1363 4198 abstuli
1391 4160 1424 4196 a
1449 4151 1498 4196 te
1521 4140 1718 4212 iniqui-

119 4252 280 4297 tatem
311 4250 499 4304 tuam;
525 4249 572 4294 et
613 4237 762 4292 indui
805 4246 853 4291 te
895 4237 1225 4300 mutatoriis,
1263 4243 1312 4289 et
1348 4233 1463 4288 dixi
1485 4247 1504 4285 :
1529 4231 1718 4286 Ponite

119 4335 346 4390 cidarim
375 4331 628 4387 mundam
655 4347 810 4401 super
830 4340 986 4400 caput
1015 4313 1149 4397 eius.
1178 4328 1246 4381 Et
1275 4328 1560 4382 induerunt
1599 4341 1717 4378 eum

1811 1790 1942 1839 sua,
1971 1789 2036 1828 ne
2062 1774 2234 1829 nudus
2257 1774 2504 1830 ambulet.
2531 1777 2767 1832 Tertiam
2811 1780 2876 1834 de
2908 1781 3108 1848 futuro,
3136 1801 3256 1854 qua:
3279 1803 3402 1858 spe-

1813 1877 1967 1921 ratur
2005 1867 2058 1921 in
2085 1875 2287 1922 mterna
2307 1869 2417 1922 vita
2462 1885 2560 1939 per
2600 1871 2903 1927 claritatem
2953 1875 3394 1934 immortalitatis.

1814 1956 1968 2012 Unde
1994 1955 2228 2013 Joannes
2251 1959 2523 2028 apostolus
2550 1961 2752 2016 vidisse
2783 1978 2840 2017 se
2865 1963 2994 2018 dicit
3033 1966 3400 2023 innumerabi-

1811 2047 1891 2103 les
1914 2057 2118 2104 stantes
2161 2058 2287 2104 ante
2315 2051 2568 2104 thronum
2603 2052 2656 2106 in
2685 2065 2976 2122 conspectu
3007 2056 3143 2128 Agni
3171 2062 3400 2116 amictos

1813 2137 1966 2192 stolis
1994 2138 2150 2202 albis,
2177 2147 2233 2193 et
2259 2139 2582 2211 interrogari
2611 2141 2680 2194 ab
2704 2159 2810 2196 uno
2842 2145 2908 2198 de
2947 2147 3250 2204 senioribus
3276 2167 3289 2202 :
3326 2150 3402 2205 Ili

1811 2227 1902 2296 qui
1932 2227 2110 2280 amicti
2132 2238 2250 2281 sunt
2277 2228 2425 2282 stolis
2446 2229 2602 2295 albis,
2627 2247 2716 2301 qui
2741 2242 2860 2285 sunt
2887 2243 2937 2286 et
2957 2235 3095 2289 unde
3116 2251 3361 2294 venerunt
3377 2242 3403 2293 .’

1812 2325 1868 2372 et
1891 2316 1961 2371 ab
1988 2333 2054 2372 eo
2079 2317 2291 2374 audisse
2315 2337 2326 2371 :
2359 2317 2430 2373 Ili
2451 2329 2574 2374 sunt
2598 2321 2687 2392 qui
2708 2332 2960 2376 venerunt
2980 2323 3045 2377 de
3064 2325 3402 2383 tribulatione

1812 2427 2003 2482 magna
2022 2421 2071 2466 et
2097 2411 2333 2467 laverunt
2351 2412 2509 2467 stolas
2522 2431 2646 2468 suas
2661 2415 2715 2468 in
2732 2417 2984 2485 sanguine
3005 2417 3145 2487 agni.
3174 2417 3408 2488 Propter

1811 2502 1914 2558 has
1939 2503 2102 2575 igitur
2123 2503 2490 2559 dealbationes
2508 2513 2841 2568 renatorum,
2873 2505 3125 2559 dicuntur
3151 2521 3249 2576 per
3271 2506 3403 2561 Pro-

1811 2593 2032 2664 phetam
2059 2592 2154 2648 lilii
2183 2593 2311 2648 Sion
2334 2594 2666 2648 candidiores
2689 2593 2844 2660 lacte,
2865 2594 3260 2652 rubicundiores
3285 2598 3403 2652 ebo-

1814 2702 1870 2739 re
1889 2686 2115 2756 pretioso
2145 2685 2386 2758 (Thren.,
2408 2702 2482 2753 tv,
2510 2687 2587 2757 7).
2617 2687 2684 2741 Et
2713 2688 2972 2742 Dominus
3003 2687 3193 2759 angelo
3212 2687 3406 2745 Laodi-

1813 2776 1910 2832 cia:
1937 2777 2100 2832 scribi
2123 2776 2277 2846 jubet
2315 2792 2414 2847 per
2440 2777 2701 2832 Joannem
2728 2793 2742 2832 :
2770 2777 2978 2834 Suadeo
3027 2778 3121 2832 tibi
3168 2796 3336 2834 emere
3371 2798 3404 2833 a

1812 2885 1896 2923 me
1921 2887 2110 2925 aurum
2132 2871 2373 2940 ignitum,
2404 2869 2682 2940 probatum
2699 2911 2713 2935 ,
2739 2879 2797 2923 ut
2835 2869 3064 2941 locuples
3093 2870 3221 2939 fias,
3247 2880 3296 2924 et
3320 2887 3407 2924 ve-

1812 2961 2068 3016 stimentis
2097 2961 2228 3016 albis
2271 2962 2510 3016 induaris
2534 2959 2718 3034 (Apoc.
2752 2977 2848 3026 m,
2880 2961 2989 3023 18).
3020 2961 3224 3032 Viginti
3270 2977 3404 3030 qua-

1740 3041 1785 3101 C
1817 3059 1943 3107 tuor
1979 3067 2192 3122 quoque
2230 3054 2471 3109 seniores
2493 3053 2679 3108 sedere
2707 3053 2962 3108 dicuntur
2987 3067 3150 3122 super
3176 3055 3405 3109 thronos

1818 3145 2009 3216 viginti
2043 3152 2274 3214 quatuor
2306 3144 2697 3200 circumamicti
2721 3144 3060 3199 vestimentis
3094 3144 3249 3209 albis,
3273 3153 3327 3200 et
3349 3146 3402 3199 in

1816 3237 2084 3307 capitibus
2116 3252 2300 3291 eorum
2338 3251 2550 3291 corona:
2579 3251 2776 3290 aureae.
2805 3235 2872 3289 Et
2901 3236 3151 3290 omnibus
3175 3237 3228 3289 in
3257 3251 3406 3291 com-

1815 3341 1977 3382 mune
1999 3327 2294 3382 victoribus
2315 3327 2682 3397 promittitur:
2709 3325 2815 3392 Qui
2834 3325 3036 3390 vicerit,
3058 3325 3134 3380 sic
3161 3327 3406 3380 vestietur

1817 3419 2132 3473 vestimentis
2161 3417 2315 3473 albis.

2417 3508 2643 3565 CAPUT
2697 3509 2788 3563 IX.

2105 3601 2182 3655 De
2211 3616 2426 3672 corpore
2448 3600 2725 3654 Dominico
2756 3617 2816 3653 ac
2847 3601 3122 3671 sanguine.

1887 3692 2110 3762 Oportet
2137 3701 2421 3747 renovatus
2450 3707 2547 3761 per
2570 3691 2896 3759 baptismum
2936 3707 3136 3746 mensa:
3161 3691 3402 3748 Domini-

1817 3800 1896 3840 ca:
1930 3783 2220 3854 applicari,
2252 3790 2314 3836 ut
2361 3790 2636 3837 sumentes
2675 3797 2871 3852 panem
2919 3782 3009 3852 qui
3049 3799 3141 3837 cor
3181 3783 3410 3839 hominis

1817 3874 2113 3944 conﬁrmat,
2129 3881 2176 3926 et
2199 3873 2377 3926 vinum
2394 3871 2534 3942 quod
2564 3870 2822 3940 ltetiﬁcat,
2851 3870 3030 3926 dicere
3050 3873 3258 3942 possint
3283 3889 3410 3929 cum

1817 3964 2105 4020 Psalmista
2135 3977 2151 4016 :
2179 3961 2348 4033 Super
2378 3978 2572 4032 aquam
2603 3962 2901 4032 refectionis
2939 3964 3119 4016 eduxit
3149 3981 3260 4028 me,
3292 3967 3410 4019 ani-

1817 4070 1957 4108 mam
1979 4069 2144 4107 meam
2181 4052 2254 4105 ibi
2286 4053 2552 4106 conuertit.
2587 4051 2654 4104 Et
2695 4061 2814 4121 post
2845 4051 3116 4121 paululum
3145 4070 3156 4104 :
3193 4051 3408 4106 Parasti

1817 4145 1873 4198 in
1898 4154 2171 4215 conspectu
2200 4159 2312 4196 meo
2344 4125 2589 4197 mensam.
2608 4143 2857 4196 adversus
2894 4157 2981 4194 eos
3022 4142 3110 4211 qui
3154 4141 3408 4198 tribulam

1819 4252 1920 4289 me.
1946 4235 2047 4301 Qui
2080 4235 2223 4288 enim
2253 4234 2388 4288 dixit
2412 4252 2424 4286 :
2459 4232 2581 4286 Nisi
2608 4233 2726 4303 quis
2756 4241 2966 4285 renatus
2989 4232 3148 4301 fuerit
3174 4248 3239 4285 ea:
3265 4248 3404 4301 aqua

1819 4335 1867 4380 et
1898 4324 2098 4396 Spiritu
2128 4334 2340 4387 sancto,
2392 4340 2494 4377 non
2538 4322 2750 4375 intrabit
2780 4323 2832 4374 in
2869 4338 3080 4390 regnum
3125 4321 3404 4385 calorum;

119 4424 348 4480 restibus
375 4421 560 4494 (Zach.
592 4437 650 4475 ιιι
676 4461 691 4486 ,
715 4419 778 4482 4,
809 4419 884 4491 5).
915 4417 1045 4484 Quae
1074 4418 1200 4472 licet
1229 4417 1282 4470 in
1322 4415 1546 4470 Domino
1579 4413 1708 4467 Jesu
1737 4407 1784 4466 1)
1809 4415 1947 4468 dixit
1975 4429 1990 4467 :
2022 4415 2143 4469 Nisi
2177 4412 2617 4467 manducaveritis
2647 4427 2855 4465 carnem
2881 4427 3068 4476 meam,
3101 4421 3148 4464 et
3174 4411 3406 4466 biberitis

119 4517 342 4573 Christo
370 4529 436 4568 ex
466 4521 622 4584 parte
647 4511 864 4580 impleta
895 4517 1040 4573 sunt,
1064 4508 1236 4577 magis
1265 4507 1519 4560 tamenin
1545 4519 1713 4559 mem-

119 4609 238 4665 bris
257 4605 379 4675 ejus
399 4604 638 4674 quotidie
666 4601 975 4670 implentur.
1007 4599 1137 4653 Erat
1157 4598 1373 4666 quidem
1395 4596 1573 4664 aliquo
1598 4610 1712 4650 mo-

123 4698 192 4753 do
213 4705 270 4752 et
297 4694 561 4750 Dominus
588 4693 806 4746 indutus
838 4691 1078 4746 vestibus
1110 4688 1346 4743 sordidis
1367 4727 1382 4749 ,
1428 4687 1551 4756 quia
1589 4701 1713 4741 cum

122 4806 228 4843 non
248 4787 457 4858 fecisset
478 4793 766 4856 peccatum,
798 4798 892 4853 pro
920 4782 1066 4836 nobis
1099 4789 1367 4852 peccatum
1405 4779 1574 4849 factus
1603 4787 1709 4841 est,

123 4890 172 4933 et
191 4881 305 4950 ipse
326 4877 660 4948 inﬁrmitates
684 4883 888 4930 nostras
905 4873 1148 4945 portavit,
1171 4880 1221 4925 et
1241 4886 1335 4941 pro
1357 4868 1502 4923 nobis
1525 4867 1712 4922 doluit.

125 4969 334 5023 Tamen
363 4966 489 5037 quia
517 4966 571 5020 in
608 4965 696 5018 illo
723 4964 868 5018 nulla
899 4963 1001 5017 fuit
1037 4962 1297 5032 iniquitas
1337 4975 1458 5030 qzue
1483 4959 1723 5014 auferre-

126 5067 239 5125 tur,
280 5059 376 5114 sed
413 5055 716 5112 vulneratus
766 5066 842 5110 est
885 5062 1096 5126 propter
1133 5053 1432 5125 iniquitates
1482 5059 1721 5116 nostras;

122 5149 345 5207 sordida
375 5149 696 5204 vestimenta
727 5146 1046 5202 auferuntur
1073 5161 1104 5198 a
1139 5145 1295 5199 nobis
1318 5185 1334 5209 ,
1377 5157 1498 5198 cum
1539 5149 1724 5197 nostra

123 5251 352 5313 peccata
374 5240 644 5304 delentur,
675 5246 732 5291 ut
752 5245 1097 5307 resurgentes
1117 5237 1172 5289 in
1195 5250 1280 5298 eo,
1304 5235 1585 5289 audiamus
1605 5241 1727 5302 post

124 5333 440 5404 baptisma:
468 5329 602 5383 Ecce
629 5328 779 5382 indui
806 5336 854 5380 te
877 5327 1192 5380 mutatoriis.
1227 5325 1292 5378 Et
1331 5325 1456 5378 illud
1491 5324 1633 5393 quod
1670 5323 1725 5377 in

123 5425 357 5480 Cantico
385 5423 588 5478 dicitur
606 5420 966 5476 canticorum.
1003 5415 1134 5482 Qua:
1157 5427 1230 5470 est
1257 5417 1380 5480 ista,
1404 5431 1522 5487 qua:
1549 5430 1726 5468 ascen-

124 5517 204 5571 dit
234 5514 522 5570 dealbata?
543 5513 612 5568 Et
636 5520 924 5583 postquam
963 5510 1017 5562 in
1056 5509 1232 5576 capite
1269 5508 1538 5577 ungimur,
1570 5506 1723 5576 quasi

197 5641 228 5670 ι
255 5627 456 5697 Expos.
497 5626 733 5682 inchoat.
765 5623 936 5692 Epist.
967 5621 1033 5675 ad
1067 5621 1245 5681 Rom.,
1281 5634 1427 5673 num.
1467 5619 1543 5671 15.

1820 4508 2126 4578 sanguinem
2165 4521 2336 4558 meum
2358 4545 2372 4569 ,
2403 4521 2506 4557 non
2543 4502 2796 4556 habebitis
2819 4502 2974 4555 vitam
3000 4503 3053 4555 in
3084 4501 3248 4555 vobis.
3275 4499 3404 4557 On:-

1825 4599 1911 4654 nis
1940 4599 2040 4653 ista
2067 4597 2332 4652 sententia
2359 4602 2523 4659 tenet,
2550 4602 2610 4648 ut
2635 4595 2752 4649 sine
2777 4608 3003 4662 corpore
3048 4601 3102 4648 et
3144 4595 3408 4665 sanguine

1824 4693 1917 4748 lilii
1949 4691 2182 4747 hominis
2207 4691 2372 4744 vitam
2411 4688 2612 4743 habere
2636 4704 2744 4743 non
2787 4688 3015 4758 possint.
3040 4687 3179 4744 Dicit
3207 4690 3402 4745 iterum

1819 4783 2079 4837 Dominus
2104 4798 2116 4833 :
2155 4778 2319 4834 Panis
2339 4795 2490 4852 quem
2515 4795 2606 4849 ego
2636 4777 2848 4844 dedero,
2882 4795 3006 4832 caro
3032 4795 3146 4834 mea
3195 4789 3270 4835 est
3309 4798 3404 4852 pro

1819 4874 2000 4929 steculi
2021 4875 2144 4928 rita.
2165 4871 2357 4928 Sa’culi
2382 4873 2486 4926 vita
2508 4872 2724 4925 nomine
2744 4871 2991 4926 homines
3012 4871 3403 4944 significantur,

1821 4968 1912 5038 qui
1954 4966 2228 5022 nascendo
2273 4964 2326 5018 in
2369 4964 2472 5018 hoc
2515 4962 2769 5018 smculum
2796 4963 3056 5018 veniunt:
3091 4981 3155 5020 ac
3182 4981 3278 5035 per
3303 4965 3406 5020 hoc

1819 5071 1920 5127 pro
1947 5055 2228 5110 hominum
2257 5053 2367 5108 vita
2392 5068 2518 5109 caro
2549 5051 2752 5107 Christi
2797 5053 2920 5105 data
2949 5061 3062 5117 est,
3108 5069 3269 5122 quam
3302 5054 3405 5108 nisi

1824 5147 2288 5211 manducaverint,
2327 5161 2435 5200 non
2467 5145 2743 5200 habebunt
2767 5144 2935 5198 vitam
2965 5151 3243 5198 :eternam.
3269 5142 3406 5195 Bea-
3449 5207 3454 5212 _

1827 5246 1913 5292 tus
1932 5251 2164 5306 namque
2180 5235 2511 5303 Augustinus
2533 5234 2586 5288 in
2608 5233 2840 5302 quodam
2855 5233 2972 5287 loco
2989 5245 3011 5272 α
3026 5233 3102 5284 ait
3119 5249 3130 5283 :
3153 5248 3171 5279 ι
3193 5229 3406 5297 Optime

1826 5325 2015 5381 Punici
2039 5326 2321 5380 christiani
2344 5324 2671 5394 baptismum
2699 5324 2872 5393 ipsum
2903 5320 3032 5375 nihil
3069 5318 3214 5373 aliud
3241 5332 3402 5386 quam

1827 5417 2086 5481 salutem;
2120 5425 2174 5471 et
2197 5424 2596 5471 sacramentum
2617 5414 2859 5483 corporis
2879 5409 3079 5466 Christi
3107 5409 3239 5462 nihil
3261 5407 3407 5464 aliud

1825 5525 1983 5580 quam
2008 5510 2175 5564 vitam
2206 5518 2420 5566 vocant.
2451 5508 2636 5564 Unde?
2661 5507 2762 5560 nisi
2804 5521 2867 5559 ex
2913 5502 3152 5574 antiqua,
3181 5507 3237 5554 ut
3262 5497 3406 5556 testi.
