3878 6172
447 216 546 272 867

444 419 665 473 insitum
709 421 925 475 tenent,
952 426 1050 481 per
1084 411 1411 480 baptismum
1457 415 1511 462 et
1554 408 2017 476 participationem

444 522 646 563 mensa:
682 503 963 560 dominica:
985 542 999 563 ,
1038 516 1144 555 non
1185 499 1356 554 solum
1386 500 1454 555 ad
1502 512 1726 569 regnum
1763 497 1885 560 Dei,
1926 494 2020 549 sed

443 612 544 651 nec
590 596 656 650 ad
704 593 932 649 salutem
971 599 1025 646 et
1054 591 1222 644 vitam
1250 597 1506 644 aeternam
1537 603 1692 658 posse
1719 588 2014 657 pervenire.

445 685 557 738 Hoc
587 698 732 738 enim
763 689 818 736 et
840 680 1121 749 Scriptura
1151 687 1406 733 testatur.
1437 678 1572 732 Nam
1597 678 1725 747 quid
1764 677 1907 731 aliud
1948 684 2024 730 te-

445 784 574 828 nent
606 773 696 842 qui
724 772 1048 840 baptismum
1078 769 1294 823 nomine
1336 768 1524 823 salutis
1569 768 1879 839 appellant,
1920 766 2021 820 nisi

446 864 588 932 quod
613 863 817 916 dictum
846 869 968 916 est:
1001 860 1192 914 Salvos
1224 874 1322 913 nos
1349 857 1475 913 fecit
1508 873 1604 927 per
1639 857 1913 911 lavacrum
1942 870 2024 910 re-

446 954 842 1026 generationis?
893 951 1033 1018 Quid
1080 951 1225 1005 aliud
1266 951 1431 1004 etiam
1483 950 1577 1019 qui
1625 942 2024 1004 sacramentum

446 1063 646 1103 mens:e
672 1044 963 1100 Dominicae
1013 1044 1176 1097 vitam
1225 1050 1451 1104 vocant,
1502 1040 1607 1095 nisi
1652 1040 1793 1108 quod
1820 1038 2024 1093 dictum

445 1145 528 1191 est
555 1155 566 1188 :
590 1135 747 1187 Panis
769 1148 925 1201 quem
949 1146 1047 1200 ego
1069 1131 1264 1185 dedero
1280 1172 1296 1191 .
1323 1145 1449 1184 caro
1475 1144 1594 1182 mea
1619 1136 1701 1183 est
1727 1142 1825 1197 pro
1846 1125 2025 1180 saeculi

444 1226 587 1279 vita?
615 1223 759 1277 ldem
793 1222 1051 1276 Dominus
1091 1221 1145 1273 in
1184 1220 1473 1290 Evangelio
1498 1237 1511 1272 :
1537 1216 1674 1273 Caro
1709 1218 1845 1271 enim
1881 1233 2023 1279 mea,

447 1315 642 1383 inquit,
670 1328 783 1366 vere
812 1321 884 1364 est
917 1310 1081 1374 cibus,
1112 1319 1161 1364 et
1189 1310 1402 1379 sanguis
1432 1324 1578 1361 meus
1607 1323 1719 1360 vere
1754 1316 1827 1359 est
1853 1315 2023 1375 potus.

447 1419 471 1446 ο
500 1406 633 1459 Cum
676 1403 820 1457 enim
869 1402 989 1457 cibo
1037 1408 1091 1454 et
1136 1407 1264 1468 potu
1293 1399 1349 1453 id
1377 1403 1631 1467 appetant
1660 1395 1936 1457 homines,
1970 1402 2030 1447 ut

445 1512 551 1550 non
578 1494 820 1548 esuriant
851 1507 1023 1559 neque
1051 1490 1269 1554 sitiant;
1304 1490 1406 1544 hoc
1435 1487 1701 1542 veraciter
1736 1500 1843 1539 non
1891 1499 2029 1553 prte—

446 1595 571 1647 stat,
607 1584 709 1638 nisi
741 1585 836 1637 iste
865 1583 1015 1636 cibus
1041 1591 1094 1636 et
1119 1591 1279 1652 potus
1301 1622 1316 1646 ,
1345 1581 1436 1648 qui
1465 1594 1558 1634 eos
1585 1595 1614 1632 a
1640 1580 1836 1647 quibus
1860 1576 2029 1631 sumi-

1474 204 1791 262 LEIDRADI
1825 198 2306 271 LUGDUNENSIS
2343 200 2643 258 EPISCOPI

444 344 553 393 mo,
577 336 631 381 et
660 324 949 394 apostolica
995 321 1297 382 traditione,
1327 334 1430 388 qua
1460 318 1709 373 Ecclesia:
1742 314 2015 371 Christum
2046 313 2093 370 Α

3593 206 3687 264 868

2738 310 2964 369 CAPUT
3002 314 3067 368 Χ.

2124 401 2199 454 De
2220 402 2507 470 infantibus
2530 402 2606 455 vel
2622 403 2702 456 his
2721 405 2812 472 qui
2826 420 2920 474 pro
2944 421 2999 459 se
3022 406 3328 475 respondere
3344 422 3450 459 non
3461 420 3692 477 possunt.

2191 492 2533 549 Consuetudo
2559 493 2811 549 Ecclesiae
2850 496 3047 562 habet,
3074 503 3129 550 et
3162 495 3415 552 doctores
3446 498 3697 566 tradam,

2122 586 2424 640 utomnino
2471 585 2673 640 eisdem
2712 588 3037 643 sacramenti
3079 590 3258 644 verbis
3307 591 3357 644 in
3410 588 3702 646 infantibus

2123 675 2319 744 quibus
2355 682 2410 729 et
2459 676 2513 728 in
2559 675 2858 746 majoribus
2884 679 3135 747 baptismi
3168 679 3429 750 mysteria
3459 679 3701 734 celebre-

2124 780 2263 818 mus.
2284 764 2420 820 llinc
2441 774 2523 820 est
2548 768 2691 820 enim
2712 769 2854 836 quod
2880 770 3134 825 sacerdos
3150 771 3338 825 eadem
3361 780 3701 825 sacramenta

2124 870 2306 924 agens,
2338 872 2443 911 non
2470 872 2638 910 unum
2667 873 2767 926 pro
2796 858 2966 913 altero
2993 859 3318 929 interrogat,
3349 861 3403 915 id
3425 869 3515 915 est
3540 861 3705 930 majo-

2125 959 2238 998 rem
2260 959 2360 1014 pro
2384 960 2569 1015 parvo,
2598 956 2779 1001 utrum
2817 949 3159 1005 abrenuntiet
3192 951 3435 1015 diabolo,
3467 962 3568 1005 aut
3596 967 3703 1005 ere-

2125 1033 2218 1089 dat
2244 1036 2296 1088 in
2326 1036 2491 1090 Deum
2521 1056 2533 1089 :
2564 1038 2658 1092 sed
2696 1039 2869 1108 ipsum
2898 1056 3061 1110 quem
3095 1043 3475 1111 baptizaturus
3503 1050 3590 1097 est
3624 1044 3700 1096 in-

2127 1134 2383 1197 terrogat,
2411 1128 2674 1182 dicendo:
2706 1129 3063 1186 Abrenuntias
3078 1131 3104 1185 1’
3127 1139 3239 1196 aut,
3262 1131 3445 1186 Credis
3462 1132 3492 1185 .’
3511 1132 3559 1186 Is
3585 1147 3707 1186 vero

2126 1218 2217 1287 qui
2248 1233 2370 1272 eum
2393 1219 2638 1289 suscipit,
2662 1234 2771 1275 non
2795 1221 2950 1289 quasi
2974 1237 3116 1276 unus
3149 1237 3248 1292 pro
3275 1222 3448 1277 altero
3492 1237 3707 1291 respom

2128 1308 2218 1363 det
2244 1323 2309 1363 ac
2337 1309 2486 1372 dicit,
2514 1308 2876 1365 Abrenuntiat
2897 1351 2912 1375 ,
2941 1319 3034 1366 aut
3059 1311 3246 1367 Credit
3270 1330 3285 1367 :
3309 1315 3403 1368 sed
3428 1314 3709 1368 Abrenun—

2128 1398 2221 1461 tio,
2250 1405 2363 1461 aut,
2390 1396 2579 1452 Credo.
2609 1399 2675 1452 Et
2690 1400 2804 1454 haec
2823 1415 2986 1455 causa
3013 1410 3113 1463 est,
3140 1402 3433 1470 utparvuli
3459 1412 3516 1456 et
3533 1405 3712 1472 paeni-

2130 1496 2305 1542 tentes
2333 1488 2542 1557 possint
2588 1489 2693 1543 dici
2724 1498 2779 1543 et
2804 1489 3011 1545 ﬁdeles.
3043 1490 3196 1546 Unde
3227 1492 3550 1561 quibusdam
3595 1492 3713 1546 base

2130 1578 2471 1646 negantibus,
2500 1578 2573 1632 ita
2603 1578 2911 1634 a‘Patribus
2945 1579 3214 1633 invenitur
3261 1594 3579 1650 responsum
3606 1595 3624 1633 :
3657 1580 3716 1636 Si

446 1682 534 1727 tur
558 1674 890 1727 immortales
920 1683 973 1726 et
1004 1651 1438 1739 incorruptibiles
1465 1668 1627 1732 facit;
1654 1669 1727 1721 ita
1754 1676 1951 1731 tamen,
1974 1667 2019 1720 si
2055 1651 2097 1709 Β
2125 1676 2409 1736 propterea
2438 1669 2762 1737 poenitentes
2786 1668 2999 1723 dicendi
3030 1686 3133 1723 non
3164 1678 3311 1734 sunt,
3339 1671 3466 1739 quia
3493 1685 3720 1725 sensum

446 1774 571 1821 ante
599 1765 777 1819 omnia
804 1764 859 1816 hi
885 1763 975 1831 qui
1005 1770 1226 1815 sumunt
1250 1761 1506 1830 impleant
1534 1759 1663 1814 illud
1684 1758 1825 1828 quod
1847 1757 2025 1826 seqni-
2121 1757 2417 1826 pmnitendi
2472 1772 2578 1811 non
2631 1758 2863 1822 habent;
2912 1773 3013 1813 nec
3057 1758 3242 1813 ﬁdeles
3287 1756 3500 1812 dicendi
3542 1767 3679 1811 sunt
3705 1797 3720 1819 ,

449 1865 534 1910 tur
560 1873 572 1908 :
609 1854 711 1919 Qui
737 1852 1018 1906 manducet
1052 1868 1219 1906 meam
1248 1867 1456 1904 carnem
1487 1858 1535 1903 et
1563 1850 1683 1903 bibit
1708 1864 1879 1902 meum
1904 1863 2026 1900 san-

448 1946 675 2015 guinem,
708 1943 764 1997 in
808 1959 887 1996 me
929 1951 1099 1996 manet
1144 1953 1187 1995 et
1235 1958 1329 2012 ego
1372 1941 1428 1993 in
1480 1938 1591 1993 illo.
1634 1937 1769 1992 Nam
1814 1938 1916 1992 hoc
1947 1944 2029 1990 est

448 2036 717 2090 veraciter
743 2035 1069 2089 manducare
1099 2032 1241 2086 illam
1283 2046 1464 2087 eseam
1489 2071 1503 2095 ,
1545 2038 1601 2085 et
1651 2029 1800 2083 illum
1844 2029 2030 2084 bibere

446 2131 657 2192 potum,
684 2124 739 2178 in
768 2121 986 2177 Christo
1015 2122 1221 2176 scilicet
1247 2135 1469 2175 manere
1489 2160 1504 2185 ,
1534 2127 1590 2175 et
1617 2119 1766 2174 illum
1810 2133 2031 2173 manen-

452 2220 558 2265 tem
595 2213 648 2266 in
683 2227 741 2266 se
789 2212 1005 2267 habere.
1038 2212 1116 2267 Ac
1159 2225 1258 2279 per
1305 2210 1407 2265 hoc
1463 2209 1552 2280 qui
1600 2224 1707 2264 non
1748 2215 1930 2263 manet
1976 2208 2031 2262 in

455 2301 692 2367 Christo,
721 2307 777 2356 et
805 2301 859 2356 in
891 2315 997 2369 quo
1024 2316 1130 2355 non
1157 2306 1339 2353 manet
1363 2297 1631 2361 Christus,
1658 2297 1846 2367 procul
1873 2297 2036 2353 dubio

451 2405 553 2445 nec
596 2391 884 2457 manducat
929 2388 1046 2458 ejus
1090 2404 1343 2453 carnem,
1371 2404 1472 2443 nec
1494 2388 1631 2442 bibit
1670 2387 1788 2456 ejus
1821 2386 2036 2456 sangui-

454 2499 601 2547 nem,
638 2502 656 2535 ι
694 2483 906 2537 etiamsi
942 2491 1103 2537 tanta:
1130 2482 1207 2536 rei
1241 2490 1642 2535 sacramentum
1671 2479 1739 2533 ad
1772 2479 2036 2549 judicium

453 2574 556 2628 sibi
586 2573 875 2628 manducet
899 2580 952 2627 et
970 2573 1140 2628 bibat.
1167 2571 1324 2625 Aliud
1344 2579 1427 2625 est
1448 2572 1591 2625 enim
1616 2579 2033 2633 sacramentum,

454 2663 600 2717 aliud
627 2663 800 2717 virtus
827 2662 1171 2717 sacramenti.
1198 2660 1355 2716 Salus
1396 2671 1575 2717 autem
1605 2670 1659 2716 et
1684 2662 1792 2716 vita
1835 2669 2036 2715 aeterna

459 2770 567 2809 non
595 2762 679 2809 est
701 2754 944 2808 exterius
968 2754 1018 2806 in
1045 2761 1412 2817 sacramento;
1436 2767 1560 2806 nam
1585 2752 1689 2807 hoc
1718 2752 1882 2806 etiam
1919 2750 2038 2805 inﬁ-

456 2847 605 2902 deles
633 2860 849 2901 sumere
879 2854 1145 2916 possunt;
1194 2845 1289 2900 sed
1328 2845 1555 2900 interius
1599 2844 1735 2900 sumi
1797 2859 1904 2898 non
1942 2858 2039 2912 po-

459 2944 567 2990 test
594 2936 648 2990 in
675 2936 877 2990 virtute
906 2936 1251 2999 sacramenti,
1287 2950 1406 3004 qua:
1440 2950 1545 2988 non
1576 2935 1809 2989 sumitur
1837 2934 1939 2990 nisi
1968 2935 2037 2989 ab

2125 1847 2247 1915 quia
2285 1846 2534 1901 similiter
2565 1862 2781 1902 sensum
2825 1847 3076 1902 credendi
3118 1862 3225 1901 non
3276 1847 3495 1902 habent.
3524 1847 3587 1901 Si
3618 1862 3721 1901 au-

2128 1944 2233 1989 tem
2272 1943 2558 2004 propterea
2599 1945 2747 1991 recte
2784 1936 2970 1992 ﬁdeles
2995 1945 3256 1992 vocantur
3272 1938 3527 2007 quoniam
3546 1936 3723 1993 ﬁdem

2128 2041 2225 2096 per
2246 2027 2415 2080 verba
2445 2027 2771 2097 gestantinm
2802 2026 3199 2096 quodammodo
3235 2026 3578 2096 proﬁtentur,
3610 2043 3721 2082 cur

2128 2131 2234 2171 non
2260 2117 2413 2186 prius
2440 2117 2605 2172 etiam
2644 2118 2969 2186 pmuitentes
3010 2118 3298 2184 habentur,
3336 2135 3458 2174 cum
3487 2135 3593 2190 per
3628 2135 3729 2177 eo-

2132 2210 2376 2264 rumdem
2407 2210 2573 2269 verba
2602 2210 2961 2280 gestantium,
3005 2210 3216 2266 diabolo
3251 2220 3306 2266 et
3350 2212 3476 2266 huic
3512 2213 3728 2267 su:qu

2135 2297 2444 2353 renuntiare
2489 2298 2895 2352 monstrantur?
2943 2296 3137 2351 Totum
3188 2308 3291 2353 hoc
3332 2298 3386 2352 iu
3416 2314 3515 2369 spe
3561 2298 3633 2353 ﬁt
3668 2302 3726 2353 vi

2134 2387 2460 2441 sacramenti
2488 2394 2544 2441 et
2568 2387 2762 2441 divinae
2796 2389 2998 2458 gratiae,
3027 2404 3189 2457 quam
3213 2389 3466 2443 Dominus
3490 2391 3730 2444 donavit

2137 2476 2425 2540 Eeclesim,
2459 2492 2585 2531 cum
2621 2477 2985 2547 baptizantur,
3026 2487 3248 2549 prepter
3272 2479 3524 2534 virtutem
3567 2480 3727 2534 ode-

2136 2565 2544 2633 brationemque
2582 2566 2716 2619 tanti
2745 2567 3067 2620 sacramenti
3088 2606 3104 2630 ,
3136 2568 3384 2636 quamvis
3421 2581 3521 2622 suo
3548 2569 3732 2623 corde

2141 2665 2302 2724 atque
2323 2670 2419 2710 ore
2451 2670 2557 2709 non
2585 2664 2784 2726 agant,
2815 2655 2957 2726 quod
2981 2656 3047 2711 ad
3086 2656 3410 2712 credendum
3451 2656 3736 2713 conﬁten-

2141 2745 2374 2814 dumque
2416 2746 2701 2816 pertineat.
2757 2746 2959 2802 Tamen
3001 2748 3056 2802 in
3105 2763 3331 2804 numero
3379 2739 3745 2805 credentium-

2141 2843 2540 2906 computantur.
2569 2835 2845 2904 Plerisque
2870 2836 3087 2902 accidit,
3131 2845 3191 2892 ut
3234 2837 3498 2894 catholico
3532 2840 3741 2895 animo

2142 2936 2198 2983 et
2225 2929 2387 2984 corde
2409 2930 2476 2982 ab
2505 2929 2712 2983 unitate
2734 2930 2883 2998 pacis
2909 2944 3015 2983 non
3044 2929 3299 2995 alienato,
3324 2930 3496 2999 aliqua
3527 2943 3741 2986 neces-

458 3027 545 3081 his
587 3027 678 3096 Qui
702 3027 967 3081 veraciter
992 3033 1116 3081 sunt
1134 3025 1209 3095 pii
1234 3032 1290 3080 et
1304 3001 1518 3087 ﬁdeles,
1550 3032 1603 3079 et
1628 3026 1912 3078 imitatores
1938 3023 2034 3078 Dei
2064 3001 2109 3065 (ἶ
2141 3020 2299 3075 sitate
2329 3020 2519 3074 mortis
2544 3030 2803 3089 urgente,
2845 3021 2898 3075 in
2936 3020 3168 3090 aliquem
3208 3021 3514 3076 haereticum
3543 3022 3740 3078 irrue-

463 3120 599 3172 sicnt
625 3116 722 3186 filii
751 3116 1067 3181 charissimi,
1099 3124 1145 3169 et
1177 3114 1445 3169 ambulant
1474 3115 1529 3169 in
1560 3113 1855 3179 dilectione,
1897 3115 2030 3169 sicut

466 3218 514 3261 et
550 3206 790 3262 Christus
814 3205 995 3260 dilexit
1031 3222 1148 3259 nos.

533 3297 687 3352 Hunc
711 3310 901 3366 panem
928 3294 1020 3365 qui
1052 3296 1214 3349 vitam
1250 3294 1439 3349 tribuit
1466 3293 1683 3358 mundo,
1716 3292 2040 3364 signiﬁcavit

459 3391 587 3444 illud
636 3405 828 3443 manna
859 3404 966 3458 quo
992 3388 1102 3442 aliti
1132 3396 1257 3441 sunt
1285 3387 1376 3441 ﬁlii
1407 3387 1570 3441 Israel
1620 3386 1672 3440 in
1715 3387 1958 3450 deserto,
1987 3396 2043 3441 et

467 3481 526 3536 ile
556 3496 662 3550 quo
689 3479 946 3533 Dominus
974 3478 1049 3531 ait
1081 3476 1279 3532 Judteis
1308 3491 1322 3530 :
1356 3475 1541 3529 Patres
1571 3477 1724 3530 vestri
1756 3475 2043 3529 manduca-

462 3579 642 3623 verunt
670 3570 724 3622 in
752 3569 953 3622 deserto
991 3584 1217 3630 mantia,
1264 3576 1311 3620 et
1357 3566 1549 3619 mortui
1590 3574 1710 3619 sunt
1758 3564 1939 3636 (Joan.
1968 3578 2039 3626 vr,

461 3656 575 3728 59).
599 3657 733 3712 Cum
760 3672 889 3727 ergo
918 3656 1260 3725 perspicuum
1288 3658 1360 3711 sit
1387 3657 1531 3725 quod
1560 3657 1818 3712 Dominus
1847 3673 1952 3710 non
1979 3658 2046 3711 de

465 3754 640 3801 morte
667 3747 911 3816 corporis
936 3747 1267 3816 loqueretur,
1291 3763 1399 3817 qua
1428 3756 1484 3801 et
1509 3762 1610 3801 nos
1641 3749 1922 3813 morimur,
1952 3750 2045 3817 qui

462 3852 656 3906 panem
685 3838 751 3892 de
785 3837 923 3892 CtBlO
959 3837 1374 3893 descendentem
1418 3838 1897 3905 manducavimus,
1948 3843 2043 3896 sed

466 3932 533 3984 de
560 3938 734 3985 morte
764 3929 977 3994 animae,
1009 3946 1108 3985 cur
1134 3931 1333 3985 dicitur
1376 3932 1520 4000 quod
1559 3932 1652 4001 qui
1682 3930 2044 3988 manducave—

466 4027 592 4075 runt
641 4036 838 4074 manna
886 4020 1085 4074 mortui
1129 4021 1288 4074 sunt?
1331 4019 1582 4090 Nunquid
1631 4029 1686 4076 et
1731 4021 1940 4092 Moyses
1991 4030 2046 4076 et

468 4112 648 4167 caeteri
701 4113 871 4167 sancti
916 4112 1005 4181 qui
1056 4112 1130 4166 ibi
1170 4109 1417 4178 fuerunt,
1477 4113 1676 4168 mortui
1722 4115 1878 4169 sunt?
1938 4113 2045 4168 Sed

467 4206 588 4261 illos
633 4205 761 4262 dicit
804 4214 1047 4262 mortuos
1101 4205 1192 4273 qui
1246 4213 1642 4260 sacramentum
1686 4206 1803 4260 sine
1847 4206 2045 4260 virtute

468 4297 791 4353 sacramenti
839 4304 1217 4366 perceperunt.
1268 4296 1421 4363 Quod
1471 4304 1651 4352 autem
1702 4297 1926 4352 interius
1973 4297 2044 4350 sit

467 4390 642 4443 virtus
678 4388 1036 4450 sacramenti,
1083 4404 1203 4456 qua:
1248 4388 1586 4443 invisibiliter
1620 4396 1842 4457 praestat
1893 4389 2045 4443 ablu-

470 4478 694 4543 tionem,
721 4477 1201 4533 sanctiﬁcationem
1244 4486 1301 4532 et
1345 4479 1544 4542 vitam,
1586 4479 1727 4533 sicut
1773 4494 1912 4548 aqua
1955 4480 2049 4533 ba-

469 4567 766 4636 ptismatis,
815 4567 997 4623 unctio
1046 4568 1389 4633 chrismatis,
1418 4576 1476 4623 et
1515 4583 1709 4638 corpus
1736 4585 1801 4625 ac
1829 4571 2050 4640 sanguis

474 4660 720 4724 Domini,
769 4659 946 4714 nullus
989 4658 1174 4728 utique
1216 4659 1431 4729 ignorat
1477 4658 1731 4714 ﬁdelium.
1778 4659 1929 4715 Unde
1970 4661 2051 4713 in-

474 4750 730 4819 telligitur
774 4751 917 4820 quod
963 4758 1019 4804 et
1066 4751 1172 4805 illis
1204 4752 1439 4820 antiquis
1474 4751 1723 4806 Patribus
1761 4752 1851 4821 qui
1888 4753 2055 4823 bapti-

477 4840 580 4891 zati
611 4840 857 4893 dicuntur
883 4842 937 4893 in
966 4840 1099 4894 nube
1127 4851 1173 4894 et
1202 4842 1257 4895 in
1285 4844 1455 4906 mari,
1483 4842 1562 4897 sic
1605 4842 1791 4897 datum
1826 4851 1908 4898 est
1949 4844 2055 4899 sal-

477 4928 613 4989 vari,
640 4929 885 4982 mundari
915 4938 969 4983 et
998 4932 1322 4986 sanctiﬁcari
1362 4934 1414 4987 in
1450 4934 1648 4988 virtute
1689 4943 2054 4992 sacramento-

479 5032 619 5069 rum.
652 5016 877 5086 Propter
929 5021 1072 5087 quod
1119 5022 1294 5077 nullus
1337 5039 1459 5079 esse
1508 5039 1732 5079 securus
1780 5025 1938 5080 debet
1986 5026 2053 5080 de

477 5107 823 5176 perceptione
854 5119 1314 5166 sacramentorum
1335 5153 1349 5176 ,
1379 5114 1483 5167 nisi
1510 5114 1766 5170 virtutem
1810 5116 2055 5170 invisibi-

480 5195 604 5249 liter
628 5204 809 5252 teneat
833 5205 890 5251 et
917 5199 1205 5253 custodiat.
1233 5200 1357 5255 ibeo
1395 5202 1559 5269 igitur
1585 5205 1765 5258 omnia
1809 5204 1929 5258 ideo
1960 5204 2050 5258 tali

480 5289 640 5344 modo
679 5289 939 5354 dicimus,
968 5290 1092 5358 quia
1124 5292 1226 5346 nisi
1256 5307 1442 5346 sumus
1470 5309 1756 5364 exponere,
1786 5297 2054 5365 quomodo

481 5376 692 5445 plebem
721 5379 1008 5434 doceamus
1037 5381 1191 5435 nobis
1218 5383 1580 5437 commissam.

557 5562 581 5587 ει
609 5549 856 5619 August..
886 5560 1042 5606 tract.
1079 5569 1200 5607 xxvi
1238 5551 1292 5608 in
1321 5552 1509 5610 Joaun.

2136 3121 2276 3177 rent,
2306 3121 2362 3167 et
2387 3112 2455 3167 ab
2481 3127 2547 3167 eo
2569 3112 2771 3168 Christi
2790 3113 3114 3182 baptismum
3136 3114 3253 3169 sine
3278 3114 3415 3169 illius
3440 3116 3739 3184 perversi-

2138 3210 2248 3257 tate
2275 3202 2645 3271 perciperent,
2688 3211 2745 3257 et
2789 3203 2900 3258 sive
2926 3203 3160 3260 defuncti
3192 3205 3307 3260 sive
3330 3205 3541 3259 liberati
3563 3246 3584 3270 ,
3636 3223 3741 3262 ne-

2138 3304 2409 3359 quaquam
2448 3291 2588 3359 apud
2634 3305 2729 3347 eos
2775 3300 3092 3358 manerent,
3140 3295 3207 3348 ad
3254 3309 3389 3363 quos
3433 3310 3734 3365 nunquam

2141 3381 2304 3436 corde
2344 3382 2693 3436 transierant.
2740 3382 2890 3438 Unde
2918 3384 3019 3439 hoc
3056 3384 3171 3440 ﬁeri
3215 3394 3426 3454 potest,
3470 3394 3529 3440 ut
3583 3390 3741 3457 quod

2140 3486 2283 3525 unus
2308 3470 2611 3541 perniciose
2641 3473 2826 3538 tradit,
2853 3472 2989 3529 alter
3012 3473 3302 3530 salubriter
3325 3476 3599 3546 accipiat?
3629 3478 3741 3533 nisi

2142 3563 2270 3632 quia
2323 3565 2618 3617 secundum
2676 3562 2836 3618 ﬁdem
2886 3565 3266 3634 accipientium
3321 3577 3741 3623 sacramentum

2145 3661 2428 3721 acceptum
2452 3650 2750 3720 iudicatur,
2780 3669 2886 3709 non
2924 3655 3217 3710 secundum
3248 3654 3405 3711 ﬁdem
3428 3656 3643 3712 dantis.
3674 3660 3743 3713 Et

2142 3749 2363 3812 prepter
2386 3741 2525 3795 hanc
2548 3757 2768 3796 causam
2796 3741 2856 3797 ﬁt
2880 3752 2939 3797 ut
2959 3743 3014 3798 hi
3036 3742 3130 3812 qui
3158 3744 3307 3797 surdi
3334 3753 3425 3798 aut
3450 3746 3593 3799 muti
3622 3750 3741 3803 nati

2092 3852 2102 3859 ·
2143 3840 2289 3895 sunt,
2316 3838 2408 3884 aut
2435 3831 2825 3901 catholicorum
2857 3842 2952 3886 aut
2998 3834 3049 3885 in
3082 3832 3457 3887 hmreticorum
3497 3850 3743 3890 numero

2143 3921 2501 3990 reperiantur.
2533 3921 2599 3974 Et
2631 3937 2754 3975 cum
2779 3919 3067 3990 Apostolus
3090 3922 3232 3976 dicat
3264 3939 3275 3973 :
3312 3920 3594 3986 Quomolo
3618 3940 3737 3977 cre-

2143 4008 2265 4063 dent
2288 4007 2389 4061 nisi
2417 4007 2804 4062 audierint?Et
2832 4009 3027 4063 iterum
3054 4028 3066 4061 :
3102 4008 3238 4079 Ergo
3266 4009 3395 4078 ﬁdes
3413 4025 3480 4063 ea:
3505 4011 3739 4075 auditu;

2143 4099 2281 4153 miro
2318 4108 2495 4153 tamen
2524 4099 2700 4161 modo,
2729 4099 2843 4154 sive
2863 4100 2971 4153 sint
2998 4100 3165 4163 surdi,
3190 4100 3304 4154 sive
3328 4100 3484 4164 muti,
3511 4100 3637 4156 sive
3658 4102 3744 4157 in-

2143 4188 2335 4253 fantes,
2367 4203 2464 4257 per
2492 4188 2653 4242 corda
2684 4197 2736 4242 et
2758 4204 2852 4244 ora
2876 4189 3213 4243 oﬁerentium
3236 4198 3291 4244 et
3319 4190 3742 4258 suseipientium

2145 4296 2372 4335 numero
2400 4288 2762 4351 aggregantur
2792 4279 3051 4334 ﬁdelium.

2765 4391 2993 4448 CAPUT
3031 4393 3122 4447 XI.

2474 4463 2552 4516 De
2572 4460 2851 4533 disciplina
2872 4462 3074 4516 vivendi
3093 4474 3139 4516 et
3159 4461 3398 4516 docendi.

2225 4557 2297 4610 De
2321 4555 2423 4608 hoc
2448 4562 2627 4607 autem
2654 4552 2798 4622 quod
2820 4553 3083 4621 qumritur
3107 4569 3137 4606 a
3164 4555 3338 4620 nobis,
3382 4563 3441 4608 ut
3480 4555 3741 4610 similiter

2153 4651 2416 4712 dicamus,
2446 4648 2488 4702 si
2519 4649 2571 4702 in
2595 4649 2698 4702 hoc
2717 4648 2859 4716 quod
2882 4648 3238 4717 praedicamus
3263 4664 3361 4703 nos
3382 4649 3526 4720 ipsos
3553 4659 3746 4704 custo-

2156 4741 2398 4805 diamus;
2421 4754 2521 4793 nos
2542 4740 2802 4793 hactenus
2825 4738 3149 4793 uescivimus
3169 4746 3225 4793 et
3246 4739 3420 4793 adhuc
3439 4740 3743 4803 nescimus,

2158 4841 2335 4886 utrum
2358 4832 2530 4901 possit
2554 4832 2713 4885 homo
2739 4845 2891 4885 suam
2918 4829 3159 4900 proﬁteri
3198 4831 3534 4894 custodiam,
3572 4846 3745 4901 quam

2157 4924 2315 4977 habet
2344 4938 2470 4992 erga
2502 4922 2679 4977 divina
2705 4922 2977 4976 mandata.
3006 4920 3138 4975 Nam
3182 4938 3305 4977 cum
3342 4923 3585 4991 quotidie
3620 4924 3749 4975 vite

2153 5013 2537 5068 continentiam
2567 5013 2824 5081 consequi
2852 5027 3128 5077 conemur,
3155 5021 3210 5067 et
3229 5013 3471 5082 quotidie
3493 5022 3585 5066 aut
3608 5016 3745 5067 obii-

2155 5106 2342 5168 vionc,
2390 5113 2485 5158 aut
2528 5104 2902 5172 subreptione,
2950 5110 3043 5157 aut
3090 5102 3436 5169 inﬁrmitate,
3466 5112 3559 5157 aut
3595 5106 3745 5172 quot

2156 5195 2306 5264 pejus
2336 5202 2439 5258 est,
2472 5193 2748 5247 voluntate
2774 5208 3091 5263 peccemus;
3140 5195 3412 5262 quomodo
3454 5210 3747 5264 possumus

2157 5284 2400 5353 proﬁteri
2422 5298 2506 5343 ea,
2531 5284 2650 5352 qua:
2672 5282 2932 5347 volentes,
2957 5283 3174 5352 quando
3192 5296 3369 5352 neque
3392 5299 3478 5347 ea,
3504 5299 3629 5352 qua:
3652 5301 3747 5337 uo-

2159 5376 2328 5429 lentes
2374 5374 2619 5443 agimus,
2671 5372 3050 5442 intelligimus?
3099 5373 3242 5428 sicut
3292 5375 3558 5443 scriptum
3611 5386 3739 5429 eisi:

2159 5462 2357 5516 Delicta
2387 5463 2502 5529 quis
2530 5460 2808 5531 intelligit?
2850 5461 2984 5516 Nam
3027 5463 3128 5516 etsi
3173 5463 3373 5518 dictum
3402 5474 3485 5517 est
3512 5478 3531 5517 :
3559 5462 3710 5519 Deus
3729 5503 3747 5527 .
