3868 6174
205 217 316 274 369

1207 208 1403 265 LIBER
1444 208 1533 264 DE
1574 206 2039 265 SACRAMENTO
2079 209 2421 268 BAPTISMI.

3380 221 3493 292 370

199 338 368 388 vitam
392 344 562 383 meam
588 324 851 380 enuntiari
879 324 1003 388 tibi,
1036 338 1133 379 uos
1164 330 1416 393 putamus
1445 321 1587 388 quod
1613 321 1678 376 de
1699 318 1804 372 cri-
1831 321 1876 376 Α
1906 318 2148 375 dicamus
2174 340 2186 375 :
2223 323 2347 378 Non
2380 340 2462 377 me
2491 322 2758 394 demergat
2804 333 3080 398 tempestas
3120 344 3304 399 aqute,
3334 347 3496 405 neque

204 421 450 476 minibus
496 418 550 473 id
594 430 881 486 possumus
926 414 1124 477 facere,
1162 429 1269 467 non
1313 412 1379 467 de
1426 411 1547 466 aliis
1593 412 1800 466 actibus

202 510 437 566 nostris.
454 509 594 562 sicut
617 506 878 575 scriptum
904 514 1016 559 est:
1048 504 1190 569 Dixi,
1215 502 1502 572 conﬁtebor
1523 502 1707 555 advers
1746 519 1799 555 m

200 618 289 655 me
336 600 657 669 injusttttam
698 611 868 647 meam
910 592 1164 658 Domino,
1214 592 1447 662 qualiter
1479 607 1580 645 nos
1616 591 1669 645 in
1714 591 1800 646 his

201 702 329 758 qum
350 685 735 756 .prtedicamus
784 682 1174 745 custodiamus,-
1204 681 1293 749 qui
1322 680 1563 750 quotidie
1602 693 1791 750 pecca-

1901 410 2175 466 absorbeat
2202 430 2284 467 me
2302 414 2656 485 profundum,
2692 433 2855 487 neque
2891 427 3073 488 urgeat
3101 436 3259 492 super
3282 440 3362 476 me
3397 442 3498 496 pi:-

1901 509 2015 554 teus
2037 517 2095 555 os
2124 518 2298 557 suum.
2327 504 2542 559 Exaudi
2562 522 2666 570 me,
2693 505 2915 562 Domine
2933 548 2948 572 ,
2991 513 3239 581 quoniam
3275 514 3496 587 benigna

1900 600 1975 643 est
2004 592 2367 647 misericordia
2395 603 2488 648 tua
2515 609 2532 646 :
2557 596 2843 650 secundum
2869 597 3256 656 multitudinem
3278 605 3506 659 misera-

1900 681 2100 734 tionum
2124 691 2339 736 tuarum
2369 686 2563 755 respice
2584 686 2640 740 in
2666 704 2768 741 me.
2796 688 2965 758 Igitur
2987 690 3127 745 sicut
3153 696 3499 761 supradictus

202 795 366 834 mus:
396 787 452 833 et
500 777 579 832 sic
629 782 915 846 peccatum
964 774 1226 844 iniquitas
1271 781 1392 829 est.
1442 771 2189 859 confirmanttumApostolus
2226 775 2420 830 docet:
2448 775 2551 842 Qui
2597 795 2699 833 non
2739 780 2909 849 diligit
2951 784 3175 852 fratres,
3219 800 3395 843 manet
3441 792 3496 844 in

198 868 466 939 Apostolo
494 867 584 937 qui
605 868 681 920 ait
708 884 720 919 :
755 863 937 919 Omnis
958 865 1049 934 qui
1068 863 1195 934 facit
1217 873 1507 934 peccatum,
1535 871 1582 916 et
1607 862 1799 931 iniqui-

199 972 364 1015 tatem
395 960 555 1029 facit,
598 966 647 1012 et
686 964 952 1028 peccatum
977 963 1051 1009 est
1076 955 1346 1025 iniquitas.
1372 954 1515 1024 Ergo
1543 953 1798 1022 iniquita-

202 1062 313 1106 tem
339 1066 662 1121 operamur;
692 1056 748 1104 et
774 1048 821 1104 si
846 1048 1187 1118 iniquitatem
1229 1061 1543 1116 operemur,
1595 1046 1650 1099 in
1694 1046 1796 1101 viis

202 1143 422 1198 Domini
439 1157 547 1196 non
568 1139 926 1203 ambulamus,
947 1140 1159 1195 dicente
1177 1138 1489 1193 Psalmista:
1510 1136 1635 1193 Non
1656 1139 1795 1191 enim

200 1234 290 1304 qui
320 1232 651 1302 iniquitatem
680 1240 985 1301 operantur,
1009 1231 1065 1285 in
1102 1231 1198 1284 viis
1224 1230 1339 1301 ejus
1374 1228 1790 1284 ambulaverunt.

200 1324 336 1378 Cum
367 1324 487 1378 hmc
514 1337 645 1394 ergo
668 1322 741 1376 ita
784 1321 924 1386 sint,
952 1321 1083 1391 quid
1119 1322 1186 1376 de
1230 1321 1475 1376 custodia
1514 1320 1796 1375 mandato-

201 1431 322 1471 rum
349 1456 365 1479 ,
413 1413 468 1469 id
512 1421 597 1469 est
643 1413 873 1483 qualiter
911 1428 1011 1468 nos
1052 1413 1105 1467 in
1139 1412 1224 1467 his
1256 1428 1376 1482 quae
1402 1411 1790 1483 praedicamus,

200 1505 595 1569 custodiamus,
620 1503 802 1559 dicere
824 1503 1018 1559 melius
1035 1518 1343 1574 possumus,
1365 1504 1470 1558 nisi
1492 1503 1622 1559 illud
1648 1504 1793 1573 quod

199 1602 345 1656 idem
368 1600 658 1655 Psalmista
688 1599 766 1653 ait
791 1612 808 1652 :
833 1597 1049 1653 Utinam
1087 1597 1386 1669 dirigantur
1411 1599 1510 1652 vite
1550 1613 1679 1651 mea:
1720 1597 1792 1651 ad

196 1694 573 1751 custodiendas
605 1692 1011 1764 justiﬁcationes
1046 1692 1200 1746 tuas!
1232 1690 1364 1758 Quis
1389 1691 1532 1746 enim
1568 1689 1793 1760 implere

194 1794 378 1857 potest
401 1785 548 1856 quod
564 1785 721 1841 nobis
745 1783 1051 1856 praecipitur
1072 1801 1086 1836 :
1109 1781 1304 1852 Diliges
1327 1781 1621 1853 proximum
1645 1788 1790 1834 tuum

192 1876 330 1928 sicut
375 1874 600 1945 teipsum
625 1888 644 1926 :
670 1882 725 1929 et
768 1873 963 1928 iterum
987 1912 1002 1938 ,
1033 1872 1248 1943 Diligite
1274 1871 1514 1926 inimicos
1558 1870 1796 1926 vestros?

193 1965 299 2019 nisi
331 1962 491 2033 cujus
513 1964 775 2021 Dominus
800 1962 1103 2019 dilataverit
1122 1978 1223 2032 per
1256 1961 1578 2018 infusionem
1618 1963 1791 2018 sancti

193 2056 439 2126 Spiritus
470 2072 566 2111 cor
594 2056 648 2110 in
691 2056 978 2120 charitate,
1009 2064 1069 2109 ut
1093 2054 1142 2108 ei
1170 2058 1345 2124 possit
1372 2053 1591 2108 dicere:
1637 2051 1789 2106 Viam

190 2146 573 2205 mandatorum
592 2155 803 2201 tuorum
823 2146 1053 2212 cucurri,
1074 2161 1193 2199 cum
1210 2144 1460 2199 dilatares
1483 2160 1575 2198 cor
1599 2159 1789 2198 meum.

192 2236 545 2292 TerriLiIiter
588 2237 745 2292 valde
789 2236 1052 2292 Dominus
1100 2236 1153 2290 in
1200 2234 1495 2305 Evangelia
1539 2234 1791 2303 proponit

193 2328 418 2386 modum
465 2328 790 2385 humilitatis
832 2335 887 2383 et
928 2326 1323 2396 simplicitatis,
1372 2324 1638 2380 dicendo:
1669 2322 1793 2378 Nisi

191 2427 436 2481 conversi
482 2425 708 2495 fueritis,
754 2432 802 2477 et
842 2421 1136 2494 eﬁiciamini
1164 2421 1296 2474 sicut
1323 2417 1547 2490 parvuli,
1571 2435 1677 2473 non
1703 2418 1791 2471 in-

189 2516 406 2570 trabitis
436 2516 491 2569 in
527 2531 742 2586 regnum
775 2513 1043 2567 cwlorum.
1071 2510 1232 2566 Juxta
1272 2524 1433 2580 quem
1479 2510 1699 2566 modum
1737 2519 1791 2566 et

190 2605 490 2676 Apostolus
530 2603 775 2675 prtecipit
800 2618 814 2656 :
846 2600 1024 2656 Nolite
1052 2601 1202 2671 pueri
1231 2600 1359 2670 efﬁci
1389 2598 1657 2662 sensibus,
1700 2598 1791 2653 sed

191 2698 404 2752 malitia
423 2696 632 2770 parvuli
654 2705 833 2751 estote.
854 2695 960 2751 Sed
986 2695 1110 2765 quis
1140 2695 1209 2748 ad
1237 2702 1442 2748 tantam
1468 2692 1791 2748 innocentia:

190 2789 589 2859 perfectionem
635 2787 918 2858 pervenire
961 2792 1169 2856 potest,
1213 2785 1318 2839 nisi
1365 2783 1412 2839 is
1444 2798 1604 2853 quem
1640 2790 1790 2837 tanta

190 2878 290 2935 Dei
335 2878 580 2951 gratuita
612 2877 916 2949 benignitas
961 2875 1324 2948 przevenerit,
1367 2882 1429 2928 ut
1468 2888 1537 2928 ex
1584 2864 1791 2927 intimis

1858 848 1880 862 ’
1898 871 2082 917 morte.
2110 862 2240 930 Quae
2267 874 2352 920 est
2372 873 2552 921 autem
2596 869 2811 925 dilectio
2830 848 2850 934 ,ί
2869 848 2973 940 qua
3000 848 3197 931 fratres
3234 879 3494 933 debemus

1899 953 2141 1023 diligere,
2172 955 2285 1023 ipse
2314 965 2437 1026 post
2471 974 2642 1028 pauca
2678 963 2915 1016 ostendit
2943 964 3127 1021 dicens
3153 984 3166 1020 :
3193 967 3260 1022 In
3283 970 3380 1023 hoc
3406 988 3495 1024 co-

1899 1045 2172 1112 gnovimus
2195 1048 2507 1101 charitatem
2527 1048 2665 1115 Dei;
2694 1053 2943 1121 quoniam
2969 1054 3057 1109 ille
3080 1074 3174 1127 pro
3199 1060 3345 1115 nobis
3375 1066 3492 1116 ani-

1898 1151 2037 1188 mam
2066 1152 2219 1190 suam
2246 1140 2442 1208 posuit,
2468 1150 2516 1193 et
2542 1159 2636 1196 nos
2666 1143 2911 1200 debemus
2942 1164 3037 1217 pro
3075 1149 3329 1217 fratribus
3372 1156 3490 1208 ani-

1898 1242 2013 1280 mas
2031 1243 2243 1296 ponere.
2271 1229 2339 1284 Et
2370 1231 2566 1286 iterum
2592 1251 2605 1286 :
2641 1233 2763 1289 Non
2793 1235 3076 1307 diligamus
3102 1241 3252 1295 verba
3277 1260 3368 1297 nec
3393 1245 3489 1297 lin-

1897 1324 2022 1386 gua,
2046 1318 2137 1372 sed
2157 1336 2309 1391 Opere
2328 1330 2377 1375 et
2398 1325 2632 1378 veritate.
2653 1326 2757 1380 Sed
2781 1329 2905 1396 quia
2929 1329 3068 1385 hanc
3090 1341 3199 1387 tam
3219 1350 3487 1392 summam

1897 1408 2241 1466 dilectionem
2290 1413 2516 1482 implere
2563 1430 2672 1470 non
2714 1432 3019 1486 possumus,
3053 1429 3109 1475 et
3134 1440 3237 1479 non
3266 1426 3338 1480 ita
3370 1428 3491 1480 dili-

1898 1503 2073 1572 gendo
2099 1502 2299 1559 fratres
2322 1520 2607 1563 manemus
2643 1509 2699 1562 in
2739 1518 2944 1576 morte;
2980 1513 3174 1569 timore
3213 1519 3483 1584 perterriti

1898 1592 2196 1651 clamamus
2229 1597 2297 1652 ad
2320 1599 2778 1668 omnipotentem:
2799 1603 3035 1659 Adha'sit
3057 1607 3349 1675 pavimento
3372 1612 3489 1664 ani-

1897 1700 1984 1738 ma
2004 1702 2152 1753 mea;
2180 1688 2387 1757 vivi/ica
2408 1706 2489 1744 me
2516 1691 2803 1747 secundum
2826 1696 3036 1750 verbum
3065 1706 3232 1753 tuum.
3257 1700 3340 1763 Et,
3372 1701 3481 1755 Do»

1895 1775 2035 1829 mine
2058 1776 2106 1829 si
2134 1776 2233 1842 vis,
2267 1792 2411 1848 potes
2438 1795 2520 1833 me
2543 1779 2749 1835 salvare

1967 1866 2106 1921 Sunt
2129 1870 2326 1924 etenim
2358 1871 2411 1925 in
2449 1872 2645 1928 divinis
2676 1876 2963 1945 praeceptis
3000 1877 3176 1935 adhuc
3200 1881 3481 1939 sublimio-

1896 1972 1956 2011 ra
1981 1967 2037 2013 et
2062 1957 2362 2015 difficiliora
2394 1963 2461 2017 ad
2491 1962 2820 2033 implendum
2845 1967 3095 2023 mandata
3124 1988 3136 2023 :
3167 1972 3260 2027 sed
3286 1973 3331 2027 si
3361 1989 3485 2043 pro-

1893 2060 2079 2122 pterea
2102 2054 2229 2123 quia
2264 2069 2364 2110 nos
2390 2070 2454 2110 ea
2486 2056 2709 2125 implere
2744 2074 2852 2114 non
2878 2076 3181 2130 possumus,
3212 2064 3332 2120 aliis
3374 2082 3482 2121 non

1892 2142 2388 2212 prtedicaverimus,
2445 2146 2641 2216 duplex
2693 2159 2754 2203 ut
2795 2160 3048 2220 putamus
3099 2155 3301 2210 malum
3354 2160 3477 2213 erit.

1893 2233 2078 2304 Neque
2108 2236 2255 2290 enim
2296 2252 2394 2292 nos
2433 2239 2707 2309 ambigere
2736 2249 2948 2310 oportet
2972 2256 3092 2299 esse
3125 2244 3177 2299 in
3209 2247 3364 2316 plebe
3393 2250 3480 2303 cui

1893 2326 2101 2396 prtelati
2125 2341 2333 2393 sumus,
2360 2327 2568 2398 aliquos
2597 2344 2724 2384 vasa
2762 2331 2955 2386 divina:
2982 2333 3365 2391 misericordiae
3405 2336 3484 2390 ef-

1896 2416 2100 2482 fectos,
2143 2418 2196 2472 in
2236 2418 2430 2487 quibus
2482 2420 2730 2475 ostendat
2776 2422 2914 2477 Deus
2957 2423 3173 2479 divitias
3226 2427 3483 2482 bonitatis

1894 2524 2039 2575 sum;
2072 2509 2163 2579 qui
2214 2510 2355 2565 solet
2395 2511 2559 2565 etiam
2596 2512 2661 2566 de
2703 2514 3043 2583 sterquilinio
3070 2515 3312 2584 proferre
3340 2533 3479 2587 prte-

1892 2599 2070 2654 claras
2091 2599 2416 2670 margaritas
2429 2609 2746 2656 ornamento
2772 2618 3018 2672 supernae
3037 2605 3275 2661 civitatis
3296 2616 3484 2677 aptan-

1894 2690 2009 2755 das,
2036 2706 2136 2761 pro
2162 2690 2358 2761 quibus
2384 2692 2552 2747 taceri
2579 2708 2687 2748 non
2716 2694 2912 2749 debent
2950 2694 3263 2766 Scriptum.
3292 2697 3485 2754 Sciunt

1893 2782 2037 2837 enim
2085 2782 2334 2838 doctores
2361 2783 2563 2837 nullam
2603 2798 2723 2839 esse
2765 2785 2819 2839 in
2866 2787 3174 2843 hominibus
3217 2790 3488 2846 conditio-

1892 2888 2036 2938 nem,
2084 2874 2291 2929 nullum
2333 2874 2600 2939 ordinem,
2644 2876 2844 2931 nullam
2883 2887 3118 2944 aetatem,
3158 2868 3362 2937 nullum
3396 2883 3483 2938 in-

190 2970 498 3026 visceribus
533 2970 712 3025 dicere
757 2968 930 3039 possit
1006 2962 1183 3022 Dilexi
1228 2966 1477 3038 quoniam
1521 2965 1787 3020 exaudivit
1814 2996 1865 3064 ο
1893 2964 2131 3031 genium,
2163 2965 2302 3018 unde
2339 2980 2444 3019 non
2487 2976 2732 3036 pereant,
2777 2975 2830 3021 et
2865 2970 3008 3024 unde
3053 2987 3159 3025 non
3208 2972 3485 3029 solventur

192 3064 455 3119 Dominus
479 3079 655 3118 vocem
688 3061 941 3116 orationis
967 3075 1123 3123 meat,
1148 3058 1274 3130 quia
1300 3055 1568 3111 inclinavit
1606 3073 1788 3111 aurem

192 3171 348 3208 suam
375 3153 529 3208 mihi.
560 3152 629 3206 Et
657 3159 778 3220 post
807 3165 976 3221 pauca
1002 3167 1015 3202 :
1048 3148 1357 3203 Custodiens
1390 3146 1637 3218 parvulos
1679 3147 1789 3202 Do-

193 3246 402 3308 minus;
437 3242 747 3298 humiliatus
781 3258 897 3296 sum
927 3251 973 3294 et
1004 3239 1240 3294 liberavit
1262 3256 1365 3294 me.
1388 3239 1468 3295 Ac
1489 3238 1681 3295 deinde
1706 3255 1786 3295 sc-

193 3350 396 3391 curus:
426 3331 761 3398 Convertere,
806 3332 1015 3402 inquit,
1061 3332 1239 3386 anima
1281 3347 1428 3395 mea,
1473 3331 1529 3384 in
1561 3330 1787 3401 requiem

191 3438 363 3484 tuam;
394 3428 594 3483 Dicunt
614 3424 967 3482 ecclesiastici
985 3423 1252 3486 doctores,
1281 3423 1559 3493 speculum
1589 3421 1786 3476 animae

190 3538 317 3579 esse
341 3520 598 3576 mandata
623 3521 824 3585 divina,
857 3528 916 3574 ut
941 3531 1276 3589 unaquaeque
1299 3517 1614 3573 ﬁdelissima
1643 3516 1701 3571 in
1723 3529 1789 3569 eo

190 3631 252 3672 se
276 3615 529 3679 intuens,
573 3610 941 3682 deprehendat
968 3611 1024 3664 in
1046 3610 1337 3678 semetipsa
1365 3606 1451 3663 vel
1488 3606 1786 3663 fteditatem

188 3704 454 3759 vitiorum
479 3740 496 3767 ,
541 3699 629 3755 vel
678 3698 1133 3770 pulchritudinem
1181 3697 1465 3751 virtutum.
1496 3695 1562 3750 Et
1588 3694 1790 3751 idcirco

190 3793 487 3850 Psalmista
519 3791 636 3845 ait:
662 3789 807 3844 Tunc
849 3805 955 3843 non
997 3786 1312 3858 confundar,
1337 3803 1456 3841 cum
1484 3802 1790 3857 perspexero

188 3888 249 3940 in
287 3883 534 3940 omnibus
576 3880 840 3936 mandatis
883 3879 1007 3933 tuis.
1047 3877 1401 3941 Subauditur,
1447 3877 1495 3931 si
1537 3864 1792 3932 direxeris

191 3976 307 4031 vias
350 3989 497 4029 uaeas
535 3971 607 4025 ad
653 3967 1023 4024 custodiendas
1059 3966 1471 4037 justiﬁcationes
1518 3975 1657 4021 tuas.
1687 3966 1792 4023 Sed

195 4066 320 4135 quis
341 4071 593 4120 nostrum
615 4061 820 4130 absque
844 4060 952 4113 hac
981 4056 1301 4114 confusione
1325 4065 1551 4112 cantare
1575 4066 1752 4127 potest
1777 4075 1788 4111 :

196 4161 425 4216 Domine
445 4157 705 4212 Dominus
731 4163 904 4210 noster
923 4154 968 4209 si
991 4153 1089 4223 feci
1113 4153 1270 4219 istud,
1292 4152 1339 4206 si
1361 4161 1434 4207 est
1455 4151 1705 4221 iniquitas
1740 4150 1796 4204 in

196 4248 445 4304 manibus
479 4248 640 4312 meis,
671 4245 718 4300 si
752 4243 960 4300 reddidi
997 4240 1403 4296 retribucntibus
1448 4240 1593 4294 mihi
1620 4238 1792 4303 mala,

194 4339 652 4397 decidam'merito
680 4336 745 4391 ab
770 4336 996 4392 inimicis
1018 4334 1145 4389 meis
1170 4333 1382 4388 inanis?

269 4433 349 4488 De
371 4432 477 4486 hac
505 4430 668 4501 igitur
693 4427 1009 4483 confusione
1034 4439 1132 4479 nos
1156 4423 1417 4477 Dominus
1446 4422 1513 4476 ad
1535 4419 1789 4491 gaudium

196 4524 317 4580 vult
359 4522 528 4578 levari
561 4536 683 4577 cum
720 4518 889 4575 dicit:
917 4517 1069 4571 Beati
1112 4516 1235 4570 estis
1270 4530 1388 4568 cum
1427 4511 1795 4567 maledixerint

196 4616 345 4671 vobis
365 4614 623 4677 homines,
645 4622 694 4665 et
716 4609 973 4682 persecuti
1004 4624 1094 4663 vos
1119 4606 1337 4676 fuerint,
1369 4616 1418 4659 et
1439 4605 1667 4659 dixerint
1685 4619 1795 4657 om-

198 4727 266 4764 ne
291 4706 494 4760 malum
523 4704 799 4758 adversum
826 4717 915 4755 vos
944 4700 1269 4762 mentientes,
1292 4706 1501 4767 propter
1522 4713 1604 4750 me
1625 4709 1643 4747 :
1665 4711 1798 4766 gau-

198 4802 319 4856 dete
368 4808 415 4853 et
462 4795 740 4852 exsultate.
776 4794 844 4848 Et
884 4792 940 4847 in
982 4791 1089 4846 alio
1126 4789 1280 4844 loco:
1310 4784 1472 4842 Orate
1500 4803 1595 4857 pro
1624 4801 1799 4856 perse-

198 4890 481 4963 quentibus
517 4895 565 4941 et
605 4882 1043 4941 calumniantibus
1084 4898 1194 4945 vos,
1238 4889 1293 4933 ut
1340 4878 1454 4932 sitis
1484 4877 1584 4946 filii
1619 4875 1798 4930 Patris

201 4983 380 5047 vestri,
407 4981 500 5053 qui
534 4981 590 5034 in
632 4976 771 5033 caelis
803 4984 898 5031 est.
932 4973 1249 5042 Quicunque
1287 4971 1392 5026 hoc
1439 4984 1508 5024 ex
1548 4966 1799 5022 medullis

202 5073 389 5131 cordis
435 5070 661 5141 implere
683 5067 944 5139 potuerit,
984 5066 1073 5121 ille
1116 5081 1221 5120 non
1261 5060 1638 5130 confundetur,
1679 5077 1798 5113 cum

200 5166 524 5241 perspexerit
544 5165 599 5217 in
626 5162 864 5217 omnibus
888 5158 1152 5214 mandatis
1174 5157 1272 5212 Dei
1313 5164 1566 5224 tanquam
1596 5154 1649 5207 in
1680 5167 1799 5222 spc-

203 5258 351 5315 eulo.
404 5254 643 5311 Joannes
684 5267 923 5322 namque
960 5249 1237 5320 apostolus
1274 5250 1392 5302 ait:
1427 5247 1531 5313 Qui
1583 5245 1710 5300 dicit
1744 5261 1800 5298 se

206 5365 361 5405 nosse
399 5347 569 5401 Deum
591 5387 607 5411 ,
638 5355 686 5401 et
715 5344 968 5399 mandata
996 5342 1112 5411 ejus
1149 5358 1253 5395 non
1286 5340 1541 5404 custodit,
1574 5336 1800 5391 mendax

206 5448 305 5495 est.
333 5438 402 5494 Et
427 5440 622 5493 iterum
648 5455 660 5491 :
693 5434 797 5502 Qui
826 5434 953 5488 dicit
977 5448 1035 5487 se
1061 5431 1117 5486 in
1141 5432 1252 5500 ipso
1270 5446 1500 5492 manere,
1523 5427 1669 5482 debet
1698 5428 1801 5480 sic—

208 5522 281 5583 ut
309 5527 401 5583 ille
429 5526 734 5592 ambulavit,
770 5525 845 5580 sic
885 5533 933 5577 et
974 5524 1083 5593 ipse
1131 5520 1418 5575 ambulare.
1447 5519 1553 5574 Sed
1593 5518 1659 5572 ad
1684 5519 1802 5575 lucc

212 5620 346 5687 quid
366 5620 515 5676 aliud
535 5621 689 5675 nobis
714 5618 979 5689 agendum
1008 5622 1087 5669 est
1109 5654 1123 5677 ,
1153 5612 1253 5666 nisi
1290 5619 1348 5665 ut
1387 5610 1803 5683 ingemiscentes

1896 3054 1947 3106 in
1979 3053 2166 3107 vitam.
2199 3053 2265 3107 Et
2306 3054 2407 3108 hoc
2435 3069 2501 3107 ex
2523 3055 2729 3125 judicio
2760 3054 3003 3122 justitire,
3036 3067 3089 3113 et
3114 3062 3349 3130 gratuita
3380 3063 3485 3117 mi-

1891 3141 2184 3198 sericordia
2230 3143 2324 3198 Dei
2368 3144 2506 3198 hunc
2553 3143 2879 3199 humiliantis
2910 3147 3126 3201 ethunc
3175 3150 3484 3216 exultantis,

1889 3234 2015 3304 quia
2055 3233 2196 3289 calix
2248 3235 2304 3287 in
2352 3251 2513 3288 manu
2543 3234 2657 3303 ejus
2704 3236 2810 3288 vini
2851 3239 2983 3289 meri
3021 3237 3206 3308 plenus
3231 3241 3409 3305 misto,
3438 3257 3487 3295 et

1888 3325 2110 3381 inclinat
2143 3343 2209 3380 ea:
2249 3326 2346 3380 hoc
2383 3327 2438 3381 in
2475 3324 2629 3378 illud.
2663 3326 2729 3379 Et
2753 3335 3037 3396 propterea
3067 3328 3264 3384 debent
3288 3332 3486 3400 praedi-

1889 3416 2000 3471 cari
2053 3414 2370 3486 Scriptum,
2421 3415 2582 3470 debet
2630 3430 2823 3470 sonare
2868 3415 3242 3487 Evangelium,
3285 3419 3485 3474 debent

1890 3506 2201 3562 aununtiari
2243 3513 2301 3561 et
2346 3516 2585 3560 terrores
2632 3505 3137 3572 comminationum,
3172 3514 3228 3561 et
3275 3507 3486 3562 blandi-

1889 3605 2073 3652 menta
2123 3595 2575 3651 consolationum.
2622 3594 2757 3661 Quia
2808 3595 2863 3649 in
2907 3594 3066 3665 plebe
3115 3596 3484 3652 ecclesiastica

1890 3688 2158 3743 exsistunt
2190 3692 2247 3741 et
2276 3684 2609 3748 duricordes,
2643 3685 2841 3754 quibus
2876 3685 3047 3739 utilia'
3077 3693 3205 3740 sunt
3242 3688 3483 3742 tonitrua

1890 3786 1946 3832 et
1975 3776 2181 3848 grando
2211 3790 2521 3831 sermonum
2562 3774 2682 3839 Dei,
2732 3783 2853 3845 qua:
2901 3775 3136 3845 primum
3181 3777 3488 3847 percutiant

1891 3876 1948 3924 et
1971 3876 2156 3937 postea
2179 3867 2435 3935 irrigent.
2462 3866 2713 3920 Existunt
2741 3874 2797 3920 et
2823 3866 3003 3930 mites,
3032 3868 3228 3936 quibus
3250 3876 3490 3922 tantum-

1893 3961 2054 4015 modo
2084 3958 2221 4014 lenis
2266 3966 2323 4013 et
2358 3956 2604 4028 placidus
2631 3970 2812 4012 sermo
2838 3957 2987 4011 verbi
3018 3957 3185 4011 divini
3209 3958 3484 4027 expediat.

1895 4050 1987 4105 Sic
2013 4050 2159 4106 enim
2207 4049 2261 4103 in
2291 4049 2395 4104 hoc
2422 4048 2622 4102 mundo
2650 4046 2900 4108 vivimus,
2932 4052 2992 4098 ut
3017 4059 3232 4115 semper
3271 4046 3488 4101 solliciti

1894 4143 2007 4199 Deo
2049 4143 2231 4198 dicere
2274 4154 2382 4195 non
2410 4151 2686 4193 cessemus
2713 4150 2727 4188 :
2758 4133 2931 4189 Sitivit
2957 4135 3012 4187 in
3041 4144 3091 4188 te
3116 4136 3295 4187 anima
3336 4150 3487 4197 mea;

1894 4249 2052 4304 quam
2079 4229 2436 4300 multipliciter
2460 4227 2555 4280 tibi
2596 4242 2720 4279 caro
2748 4224 2898 4277 mea!
2935 4223 2987 4275 in
3014 4231 3155 4276 terra
3183 4222 3408 4287 deserta,
3439 4234 3487 4276 et

1896 4326 2038 4380 invia
2064 4333 2111 4378 ct
2134 4325 2412 4394 inaquosa.
2440 4318 2672 4374 Vaseula
2712 4316 2857 4370 enim
2882 4322 3008 4369 sunt
3043 4314 3236 4368 anima:
3264 4322 3485 4370 nostrae.

1898 4418 2039 4487 Ergo
2085 4414 2312 4470 levanda
2362 4419 2489 4468 sunt
2531 4410 2600 4464 ad
2630 4409 2797 4463 Deum
2840 4422 2871 4460 a
2912 4404 3067 4460 nobis
3097 4406 3401 4475 petentibus
3435 4414 3491 4460 et

1892 4507 2279 4579 quaerentibus,
2304 4510 2361 4559 et
2406 4500 2694 4558 dicendum
2727 4516 2742 4552 :
2770 4496 2964 4551 Anima
2990 4512 3107 4550 utea
3159 4495 3292 4549 sicut
3344 4504 3485 4550 terra

1895 4601 2008 4655 sine
2029 4614 2167 4668 aqua
2196 4595 2312 4649 tibi.

1966 4691 2107 4745 Ecce
2139 4689 2256 4743 haec
2307 4685 2462 4755 juxta
2489 4682 2837 4753 exiguitatem
2864 4692 3057 4734 sensus
3082 4676 3254 4731 nostri
3297 4675 3366 4731 ad
3406 4677 3489 4730 in.

1899 4789 2168 4853 terrogata
2209 4777 2588 4850 respondimus
2628 4772 2897 4835 breviter,
2939 4768 3488 4839 significantes.quo-

1896 4873 2057 4929 modo
2089 4871 2297 4942 plebem
2346 4874 2590 4922 nostram
2643 4864 2954 4925 doceamus,
2996 4865 3051 4913 et
3093 4873 3156 4912 ca
3183 4873 3303 4928 quae
3329 4857 3491 4912 (loci.L

1898 4980 2050 5028 mus,
2103 4962 2333 5032 qualiter
2381 4974 2481 5014 nos
2526 4957 2627 5027 ipsi
2674 4953 3061 5010 custodiamus.
3107 4949 3263 5004 Nunc
3306 4957 3489 5003 autem

1898 5056 2165 5111 maximas
2199 5052 2354 5107 vobis
2398 5048 2685 5105 referimus
2718 5046 2937 5118 gratias,
2968 5041 3401 5098 constantissime
3435 5047 3491 5093 et

1898 5146 2285 5221 gloriosissime
2323 5143 2638 5212 imperator,
2668 5152 2882 5206 semper
2926 5134 3075 5198 felix,
3124 5132 3346 5200 optime,
3397 5144 3493 5182 au-

1899 5219 2074 5312 gusto,
2103 5239 2193 5308 qui
2224 5251 2324 5291 nos
2352 5235 2439 5306 pia
2463 5239 2642 5288 vestra
2687 5228 3046 5286 sollicitudine
3084 5233 3341 5290 tanquam
3366 5219 3490 5272 dor-

1900 5333 2130 5388 mientes
2175 5325 2446 5390 excitatis,
2491 5331 2546 5379 et
2575 5331 2848 5392 torporem
2882 5314 3081 5371 mentis
3109 5318 3305 5365 nostra
3329 5323 3492 5363 excu-

1901 5424 2035 5488 titis,
2083 5429 2137 5477 et
2185 5419 2254 5475 ad
2301 5423 2547 5475 sanctum
2596 5410 2913 5468 exercitium
2961 5399 3286 5473 provocatis,
3335 5399 3498 5468 quasi

1902 5530 2028 5571 cum
2073 5512 2337 5584 propheta
2385 5514 2587 5566 sancta:
2616 5505 2857 5560 dicentes
2900 5494 3175 5557 Ecclesim,
3214 5505 3311 5561 pro
3340 5488 3494 5559 cujus

1905 5583 2216 5662 defensione
2265 5617 2361 5658 vos
2398 5598 2656 5655 Dominus
2699 5590 2855 5645 Jcsus
2897 5583 3144 5641 Christus
3174 5594 3494 5637 conservare
