3878 6172
314 282 423 339 επ

318 486 447 549 viri,
489 487 581 556 qui
628 487 1023 557 ipsumlocum
1054 495 1311 542 rexerunt
1345 502 1360 540 :
1398 502 1534 557 quos
1584 488 1902 551 Eucherius,

320 577 526 647 Lupus,
569 585 731 647 atque
771 577 1056 642 Genesius,
1102 579 1387 648 caeterique
1415 579 1652 649 episcopi
1694 579 1907 650 Lugdu—

320 681 540 732 nenses,
566 667 658 722 ubi
686 667 788 736 ipsi
816 668 1059 734 «icerant,
1106 677 1199 727 aut
1243 684 1349 723 non
1394 677 1648 741 poterant
1694 671 1902 734 adesse,

320 758 609 813 mittebant
633 759 944 830 cognituros
968 767 1149 814 utrum
1171 760 1443 816 catholica
1461 760 1597 816 ﬁdes
1620 769 1764 816 recte
1791 775 1906 817 cre-

324 848 563 913 deretur,
592 862 663 902 ne
686 846 834 903 fraus
855 849 1111 904 hmretica‘
1142 850 1444 920 pullularet.
1488 850 1701 917 Quibus
1717 850 1821 907 illis
1848 850 1903 904 in

324 944 532 991 tantum
559 944 680 993 erat
705 938 991 993 commissa
1034 954 1185 1005 cura,
1216 947 1277 995 ut
1319 940 1365 995 si
1413 940 1654 996 Ecclesia
1688 939 1903 1009 Lugdu-

324 1025 509 1079 nensis
549 1024 866 1079 viduaretur
912 1026 1130 1096 proprio
1180 1034 1430 1095 patrono,
1477 1026 1576 1095 ipsi
1609 1025 1665 1081 in
1693 1027 1904 1082 cunctis

323 1114 574 1168 adessent
600 1123 862 1178 rectores,
888 1122 942 1169 et
960 1106 1344 1179 consolatores,
1368 1130 1645 1185 quousque
1666 1116 1904 1171 Ecclesia

323 1220 353 1258 a
383 1205 613 1260 Domino
635 1204 947 1275 dignissimo
975 1204 1332 1259 illustraretur
1356 1214 1593 1274 pastore.
1624 1205 1732 1260 Nos
1755 1206 1903 1260 simi-

320 1295 447 1351 liter
471 1295 703 1365 posteris
747 1295 962 1349 illorum
1012 1295 1154 1349 hanc
1201 1302 1521 1364 potestatem
1560 1294 1897 1351 tradidimus.

318 1387 544 1456 Insuper
576 1384 839 1454 iussimus
895 1385 1010 1443 fieri
1073 1385 1289 1442 decreta
1350 1387 1651 1455 priscorum
1715 1400 1902 1458 regum

320 1475 585 1541 Francise,
634 1484 695 1529 ut
735 1475 1186 1544 quemadmodum
1230 1475 1333 1545 ipsi
1382 1483 1687 1533 statuerunt
1729 1476 1903 1530 moni-

319 1573 502 1620 menta
543 1564 755 1619 emendi
789 1571 847 1619 et
873 1562 1098 1635 augendi
1138 1565 1312 1619 locum
1352 1566 1406 1619 in
1434 1567 1682 1621 omnibus
1716 1566 1898 1633 rebus,

318 1668 453 1721 quas
482 1653 549 1707 ad
575 1668 813 1723 praesens
838 1654 1036 1707 habere
1063 1654 1331 1719 videntur,
1360 1655 1444 1713 vel
1478 1655 1531 1711 in
1562 1654 1763 1725 futuro,
1789 1657 1900 1712 Deo
1924 1706 1931 1713 .

1770 280 2145 337 EPISTOLE.

317 396 529 452 scilicet
571 395 910 461 Ambrosius,
945 395 1281 457 Maximinus,
1325 396 1579 457 Licinius,
1610 395 1895 451 clarissimi
1924 400 1962 456 Α

2067 399 2129 455 ll.
2165 400 2405 457 Vestram
2447 404 2632 474 itaque
2668 408 3116 476 sapientissimam
3156 417 3576 482 admonitionem

2005 491 2149 544 omni
2178 506 2365 549 amore
2400 495 2711 564 amplexati,
2760 500 2913 555 valde
2964 505 3215 563 admirati
3245 526 3430 569 sumus
3454 531 3581 586 pro-

2005 582 2323 639 funditatem
2345 594 2540 641 vestrae
2564 598 2764 644 sanctae
2789 592 3253 654 considerationis.
3292 601 3441 661 Inter

2005 672 2201 746 igitur,
2234 691 2363 730 cum
2408 677 2663 748 ingenioli
2713 681 2885 736 ποειιή
2923 678 3285 755 praepediente
3326 695 3584 756 tarditate

2004 780 2110 822 non
2160 769 2293 823 satis
2327 767 2607 827 advertere
2633 773 3016 841 potuissemus,
3061 787 3240 837 utrum
3271 783 3374 840 ista
3398 776 3578 845 vestra

2004 855 2287 913 laudabilis
2332 860 2632 917 admonitio
2679 867 3082 934 responsionem
3128 887 3159 927 a
3194 875 3351 931 nobis
3397 880 3577 947 vellet,

2004 960 2072 1000 an
2116 951 2487 1039 tantummodo
2522 960 2760 1007 nostram
2802 956 2959 1011 nobis
3005 959 3330 1029 imperitiam
3381 984 3581 1039 cogno-

2004 1038 2254 1129 scendam
2298 1042 2723 1096 commendare:
2756 1045 2859 1101 bac
2908 1048 3260 1119 ambiguitate
3308 1038 3597 1129 suspensi--

2002 1126 2205 1182 nullum
2228 1130 2558 1199 probabilius
2578 1134 2859 1189 consilium
2879 1175 2895 1201 ,
2928 1145 2989 1192 ut
3015 1138 3171 1196 nobis
3194 1152 3375 1200 tamen
3402 1126 3577 1206 visum

2003 1228 2105 1285 est,
2151 1222 2389 1289 reperire
2433 1224 2728 1292 potuimus,
2756 1242 2919 1297 quam
2959 1239 3022 1285 ut
3069 1246 3132 1286 ea
3182 1249 3303 1305 qua:
3346 1253 3444 1307 per
3483 1257 3581 1296 vos

2003 1312 2350 1376 cognovimus
2396 1329 2503 1369 non
2554 1314 2793 1384 legitime
2833 1336 2862 1374 a
2906 1314 3062 1378 nobis
3108 1324 3273 1383 fuisse
3321 1344 3578 1400 responsa

1999 1401 2170 1493 prius,
2208 1400 2363 1469 juxta
2390 1405 2739 1472 pusillitatem
2766 1405 2959 1466 sensus
3005 1417 3200 1482 nostri,
3230 1419 3286 1473 in
3313 1430 3576 1489 quantum

1999 1492 2282 1546 videbatur
2308 1495 2726 1563 explicaremus;
2765 1515 2830 1554 ac
2871 1502 3124 1574 deinceps
3160 1508 3244 1563 bis
3272 1509 3469 1569 litteris
3494 1529 3581 1569 se-

2001 1581 2299 1669 renissima
2324 1583 2624 1641 clementiae
2667 1598 2865 1643 vestrae
2910 1590 3293 1664 iudicaremus,
3325 1614 3445 1669 quae
3488 1603 3581 1658 du~

2001 1668 2213 1735 bitatio,
2243 1672 2328 1727 vel
2357 1673 2537 1741 potius
2576 1688 2696 1744 quze
2722 1681 3019 1737 necessitas
3042 1700 3139 1741 nos
3176 1668 3480 1747 arctaverat
3511 1694 3578 1749 ad

316 1742 626 1806 auxiliante,
665 1742 949 1811 acquirere
975 1750 1246 1811 poterunt,
1283 1740 1399 1798 sine
1428 1744 1530 1819 ulla
1559 1744 1892 1814 querimonia
1925 1730 1977 1789 Β
1999 1730 2339 1816 “ﬂuvidum
2359 1730 2430 1817 ξε
2457 1730 2658 1834 mli."
2676 1730 3580 1844 ‘p,{,,,2,;,,;',;go;;;0';ggl;§%:

316 1848 416 1901 per
444 1834 635 1888 Stccula
663 1835 995 1904 possideant.

864 1956 891 1985 ι
916 1944 1247 2002 EPISTOLA
1284 1947 1345 2005 ll.

598 2014 627 2053 δ
655 2030 788 2069 ΙΤΕΙ
824 2031 891 2069 ΔΙ)
929 2031 1173 2072 εΑιωιιωί
1213 2034 1613 2076 IMPERATOREI.

384 2103 613 2159 Domino
660 2105 1045 2175 gloriosissimo
1068 2117 1123 2163 et
1141 2124 1268 2164 vere
1291 2110 1537 2180 piissimo
1558 2112 1892 2187 imperatori,

310 2203 366 2251 et
380 2195 435 2251 in
448 2195 662 2253 Christo
674 2198 883 2261 victori,
903 2214 967 2254 ac
981 2199 1357 2270 triumphatori
1374 2202 1748 2273 invictissime,
1761 2221 1896 2261 sem-

310 2303 410 2358 per
435 2296 683 2357 augusto,
709 2287 1024 2356 Leidradus,
1057 2291 1182 2347 licet
1206 2289 1475 2363 indignus,
1506 2294 1684 2353 divina
1715 2304 1894 2352 tamen

311 2378 713 2448 dispensatione
733 2386 787 2437 et
818 2388 993 2435 vestra
1024 2381 1370 2439 miseratione
1394 2378 1766 2455 Lugdunensis
1790 2386 1895 2443 Ec-

306 2469 494 2527 clesiae
514 2458 812 2541 episcopus.
1114 2552 1117 2553 ν
1188 2548 1213 2553 η

380 2561 425 2617 Ι.
461 2558 918 2620 Christianissima
969 2575 1024 2623 et
1071 2552 1404 2627 admirabilis
1447 2552 1641 2645 religio
1675 2582 1891 2642 vestra,

308 2663 473 2723 atque
499 2653 551 2709 in
581 2648 749 2709 Deum
773 2654 1145 2713 ardentissima
1169 2656 1303 2737 fides
1333 2661 1513 2717 divina
1543 2662 1895 2733 inspiratione

309 2753 536 2810 attactu,
572 2754 629 2801 et
660 2746 901 2816 piissima
932 2748 1291 2806 sollicitudine
1312 2759 1578 2822 permota,
1614 2752 1894 2822 jussitnu-

306 2850 410 2905 per
437 2835 638 2904 aliquid
662 2852 761 2892 nos
794 2837 861 2892 de
887 2826 1239 2894 sacramentis
1280 2848 1481 2898 nostra:
1527 2843 1894 2898 renovationis

311 2924 383 2981 ad
411 2934 622 3003 vestras
641 2927 1014 2998 sagacissimus
1044 2929 1416 2997 inquisitiones
1440 2932 1785 3003 respondere.
1808 2932 1893 2993 Ad

306 3031 451 3086 quas
480 3032 580 3071 nos
622 3016 758 3072 nihil
804 3018 1125 3088 condignum
1160 3021 1540 3088 intelleximus,
1590 3024 1696 3079 nisi
1740 3025 1891 3097 quod

310 3119 415 3159 nec
444 3105 766 3175 respondere
813 3105 1102 3175 facilitatis,
1129 3123 1231 3164 nec
1257 3110 1596 3168 dissimulare
1619 3111 1891 3171 facultatis

308 3204 515 3250 nostra:
548 3210 667 3251 esse
696 3183 1092 3268 perspeximus.
1120 3199 1356 3255 Tandem
1380 3190 1513 3261 licet
1539 3202 1606 3259 ad
1631 3212 1888 3263 neutrum

306 3284 510 3350 idonei,
536 3286 687 3352 juxta
730 3282 1073 3358 exiguitatem
1122 3298 1299 3346 tamen
1329 3291 1601 3363 ingenioli,
1637 3294 1758 3350 fidei
1793 3310 1890 3351 no-

306 3385 441 3453 stra:
461 3374 718 3432 rationem
732 3379 1061 3435 confidenter
1080 3382 1252 3448 vobis,
1271 3383 1423 3453 juxta
1440 3385 1581 3455 quod
1602 3382 1901 3452 sentimus,

306 3470 700 3542 patefecimus,
763 3472 1177 3542 prudentissimo
1203 3476 1407 3545 utique,
1469 3477 1768 3546 justissima
1824 3492 1889 3532 ac

304 3560 555 3631 piissimo
599 3562 860 3617 dictorum
886 3561 1065 3631 iudici.
1096 3566 1204 3621 Vos
1232 3574 1410 3622 autem
1448 3577 1703 3625 consueta
1732 3570 1888 3625 honi-

306 3659 446 3717 tate,
471 3649 664 3706 auditis
698 3653 1134 3722 responsionibus
1158 3652 1376 3722 nostris,
1405 3672 1540 3726 quas
1560 3673 1658 3713 nos
1687 3659 1889 3729 absque

308 3740 730 3812 reprehensione
756 3743 939 3813 utique
968 3743 1144 3798 dicere
1168 3760 1275 3798 non
1301 3747 1593 3816 potuimus,
1622 3746 1776 3817 juxta
1799 3746 1888 3801 be-

306 3832 627 3904 nignitatem
657 3832 910 3899 vestram,
942 3818 1044 3902 qua
1085 3842 1307 3889 cunctos
1349 3830 1602 3890 mortales
1647 3834 1885 3901 anteitis,

307 3931 567 3994 tanquam
612 3924 763 3979 vobis
805 3925 1034 3994 placitas
1077 3924 1298 3979 laudare
1337 3924 1538 3996 dignati
1585 3920 1736 3980 estis.
1778 3917 1924 3981 Nec'

306 4024 493 4070 tamen
530 4012 681 4070 inter'
698 4016 812 4071 haec
838 4016 1072 4087 negastis
1097 4016 1250 4071 nobis
1281 4012 1739 4073 afﬂuentissimam
1759 4032 1886 4072 eru—

306 4106 568 4160 ditionem
588 4115 843 4170 vestram,
874 4098 1509 4176 quominusjudicaretis,
1535 4100 1750 4178 quodin
1778 4108 1884 4173 bis,

304 4197 377 4252 ad
412 4211 532 4266 quae
571 4202 666 4251 vos
693 4194 898 4252 avidius
929 4186 1209 4251 audienda“
1228 4188 1535 4268 parabatis,
1568 4206 1754 4253 nostra
1783 4184 1886 4252 im-

302 4287 504 4359 peritia
537 4286 1140 4344 minimc‘satisfecerit.
1183 4288 1335 4343 Tunc
1379 4286 1594 4343 demum
1640 4280 1885 4343 nontam

1994 1851 2125 1941 stris
2151 1852 2330 1907 minus
2354 1852 2518 1909 fuisse
2542 1870 2640 1926 per
2666 1868 2763 1912 vos
2776 1863 3142 1928 cognovimus.
3157 1865 3358 1923 Deinde
3382 1871 3581 1941 glorio-

1926 1978 1929 1979 ν
1997 1936 2212 1997 sissimo
2258 1947 2566 2016 conspectui
2612 1949 2797 2006 vestro
2842 1947 3148 2021 destinatis,
3190 1958 3235 2012 si
3279 1936 3572 2017 secundum

1990 2033 2288 2102 jussionem
2323 2043 2561 2091 vestram
2617 2038 2843 2095 fecimus
2881 2042 2974 2096 aut
3030 2059 3156 2111 non,
3208 2060 3334 2104 ecce
3382 2052 3579 2108 adsunt

1996 2122 2051 2177 in
2095 2133 2389 2193 conspectu
2414 2126 2599 2197 gloria:
2624 2136 2838 2195 vestrae,
2862 2140 2921 2187 et
2962 2148 3029 2188 ea
3074 2150 3194 2205 quae
3221 2138 3275 2192 in
3302 2140 3583 2209 prioribus

1994 2216 2173 2270 minus
2219 2214 2456 2279 fuerunt,
2485 2224 2540 2272 et
2570 2222 2738 2288 quare
2762 2222 2907 2278 nunc
2935 2238 3000 2278 ea
3038 2225 3275 2282 scribere
3304 2235 3360 2283 et
3398 2235 3581 2287 trans-

1994 2306 2213 2361 mittere
2233 2308 2372 2372 ausi,
2406 2308 2513 2363 imo
2540 2310 2713 2365 coacti
2737 2325 2941 2369 sumus.
2966 2312 3121 2380 Quod
3147 2316 3191 2371 si
3221 2330 3285 2373 ea
3312 2317 3577 2390 aliquate-

1993 2407 2098 2451 nus
2130 2405 2327 2451 vestrte
2358 2396 2619 2455 voluntati
2658 2403 3032 2461 convenientia
3074 2405 3351 2476 iudicatis,
3384 2422 3583 2466 secun-

1994 2490 2119 2544 dum
2150 2488 2543 2545 indeﬁcientem
2564 2492 2879 2550 thesaurum
2907 2496 3167 2553 bonitatis
3192 2507 3389 2555 vestra:
3408 2499 3465 2573 id
3485 2498 3574 2556 fa-

1994 2580 2134 2634 citis.
2160 2578 2259 2635 Sin
2285 2584 2465 2636 autem
2500 2596 2640 2636 vana
2682 2591 2738 2639 et
2775 2584 2954 2641 minus
2980 2587 3153 2653 utilia,
3182 2588 3320 2644 sicut
3348 2588 3573 2647 forsitan

1992 2680 2136 2736 sunt,
2164 2688 2262 2729 nos
2278 2676 2529 2731 novimus
2543 2684 2599 2730 et
2621 2676 2943 2734 conﬁtemur
2964 2679 3365 2739 multiutdinem‘
3380 2681 3437 2739 id
3455 2696 3576 2753 pro-

1993 2764 2190 2818 mereri
2221 2764 2503 2836 imperitite
2531 2774 2751 2833 nostrae,
2782 2769 2873 2837 qui
2900 2778 3140 2825 vestram
3159 2772 3497 2831 voluntatem
3514 2781 3574 2828 et

1994 2858 2237 2909 tenorem
2287 2856 2564 2912 servitutis
2607 2866 2807 2915 nostra:
2856 2860 3036 2915 minus
3068 2861 3349 2918 advertam
3385 2876 3577 2934 possu-

1989 2954 2132 2999 mus.
2176 2942 2494 3014 Quanquam
2522 2948 2626 3002 etsi
2653 2948 3020 3015 advertamua,
3046 2960 3385 3021 nequaquam
3411 2953 3573 3011 simul

1914 3069 1966 3134 C
2199 3033 2722 3134 respondendum
2750 3046 2943 3097 vestrae
2965 3048 3079 3095 tam
3100 3042 3497 3103 sublimissimte
3518 3056 3577 3104 et

1986 3116 2300 3183 Jinimitahili
2326 3128 2744 3198 investigationi,
2778 3140 3223 3202 tameneramtu,
3248 3146 3429 3196 tit-vos
3464 3154 3573 3197 non

1990 3212 2179 3281 lateat,
2209 3233 2332 3287 qum
2368 3234 2469 3275 nos
2492 3226 2656 3276 causa
2684 3224 3004 3292 compulerit
3031 3228 3099 3281 ad
3114 3228 3467 3288 scribendum
3500 3233 3573 3288 de

1991 3309 2081 3365 bis
2099 3324 2239 3379 quae,
2254 3318 2434 3366 vestra
2451 3326 2551 3367 nos
2575 3312 2857 3369 clementia
2881 3324 2938 3371 et
2962 3320 3573 3389 paterna’sollicitudiue

1992 3402 2335 3468 admonente,
2371 3403 2723 3472 cognovimus
2765 3405 2944 3462 minus
2989 3405 3159 3465 fuisse
3200 3410 3256 3465 in
3298 3412 3571 3482 prioribus

1992 3493 2100 3549 illis
2127 3494 2587 3565 responsionibus.

2057 3585 2143 3641 lll.
2174 3586 2429 3644 Dominus
2446 3597 2633 3645 noster
2663 3589 2819 3647 Jesus
2854 3590 3123 3658 Christus,
3157 3592 3315 3663 cujus
3338 3595 3568 3664 egressio

1990 3694 2023 3732 α
2057 3686 2259 3734 summa
2294 3680 2430 3746 cali,
2457 3689 2743 3752 postquam
2766 3684 3012 3753 processit
3055 3693 3306 3755 tanquam
3347 3701 3569 3755 φουνδ

1989 3768 2053 3822 de
2080 3769 2310 3824 thalamo
2335 3787 2430 3825 suo
2448 3811 2463 3836 ,
2493 3772 2778 3841 insignitus
2828 3773 3130 3830 humilitate
3159 3781 3216 3829 et
3242 3772 3568 3831 inﬁrmitate

1989 3859 2306 3916 substantias
2334 3868 2563 3927 nostra,
2596 3861 2794 3917 bellum
2814 3871 3070 3934 gesturus
3108 3865 3395 3921 adversum
3417 3864 3569 3933 priu-

1988 3947 2162 4021 cipem
2211 3948 2371 4019 hujus
2422 3950 2639 4016 mundi,
2678 3965 2741 4006 ac
2778 3952 3045 4027 mundum,
3063 3952 3424 4008 debellaturus
3457 3952 3566 4007 Do-

1987 4038 2160 4111 minus
2184 4038 2340 4107 fortis
2380 4046 2430 4094 et
2451 4046 2652 4110 potens,
2674 4040 2929 4095 Dominus
2954 4051 3138 4111 potens
3163 4043 3220 4096 in
3253 4041 3437 4112 praelia
3479 4039 3567 4097 fu-

1988 4129 2125 4184 turis
2149 4130 2410 4186 militibus
2437 4132 2569 4197 suis,
2598 4128 2928 4201 fugientibus
2968 4131 3154 4201 mundi
3195 4146 3261 4187 ac
3304 4130 3565 4201 principis

1986 4217 2104 4287 ejus
2150 4220 2523 4287 dominatum,
2580 4221 2731 4275 initia
2785 4220 3052 4292 pactionis
3094 4229 3156 4275 et
3205 4220 3564 4290 expeditionis

1986 4324 2277 4381 exponens,
2304 4309 2755 4380 imo,proponens
2780 4310 2856 4364 ait
2885 4327 2899 4363 :
2926 4309 3029 4375 Qui
3057 4325 3160 4364 nou
3189 4311 3565 4367 renuntiaverit

304 4377 576 4448 imperiali
594 4386 768 4448 'quam
801 4380 1020 4448 paterna
1045 4378 1407 4434 admonitione
1434 4378 1767 4433 innotescere
1790 4396 1885 4433 no-

1996 4377 2226 4455 muuibus
2252 4416 2369 4469 qua:
2400 4377 2675 4468 possidet,
2696 4416 2798 4454 non
2821 4407 2985 4471 potest
3020 4415 3128 4455 esse
3162 4415 3306 4453 mus
3334 4398 3565 4470 discipu-

304 4468 393 4523 bis
419 4468 621 4538 dignati
649 4468 799 4533 estis,
829 4470 1007 4524 minus
1037 4484 1134 4524 nos
1176 4470 1376 4525 dixisse
1418 4472 1483 4525 dc
1534 4470 1881 4524 abrenuntia-

303 4556 456 4614 tione
485 4558 711 4623 diaboli,
752 4566 806 4613 et
832 4568 1016 4613 earum
1045 4570 1164 4629 quae
1195 4560 1312 4630 ejus
1340 4567 1459 4613 sunt
1491 4574 1691 4626 rerum,
1723 4575 1884 4629 quam

302 4647 691 4717 vestra'pietas
732 4649 971 4717 opta'rat.
1014 4640 1375 4704 Intelleximus
1423 4649 1601 4718 itaque
1646 4656 1767 4719 post
1794 4664 1888 4703 ve-

303 4748 481 4793 stram
510 4740 942 4810 benignissimam
970 4741 1406 4806 admonitionem,
1447 4743 1572 4810 quia
1613 4743 1678 4797 de
1713 4740 1880 4812 operi-

304 4832 412 4883 bus
457 4838 513 4882 et
556 4832 768 4899 pompis
816 4830 1012 4885 diaboli
1059 4831 1405 4902 multiplicius
1456 4831 1886 4901 respondendum

301 4928 447 4985 erat,
479 4934 639 4989 quam
675 4922 740 4976 de
769 4923 979 4978 caneris
1009 4925 1167 4977 rebus
1201 4942 1213 4976 :
1244 4924 1495 4993 quoniam
1524 4939 1625 4993 per
1666 4939 1760 4978 eas
1789 4937 1885 4977 cu-

300 5011 580 5083 piditates,
612 5018 665 5066 et
698 5028 797 5082 per
837 5013 1157 5083 cupiditates
1183 5013 1433 5068 scandala
1462 5014 1644 5068 mundi
1671 5012 1886 5067 crebre-

304 5111 467 5157 scunt
514 5103 783 5171 quotidie,
829 5112 884 5156 et
930 5104 1072 5172 quod
1115 5103 1264 5172 pejus
1311 5111 1409 5166 est,
1451 5092 1594 5158 inter
1635 5102 1887 5158 Ecclesia:

306 5205 587 5258 rectores,
636 5201 689 5249 et
734 5194 1041 5264 reipublicze
1096 5195 1557 5249 administratores
1606 5195 1886 5249 discordiae

304 5288 594 5349 oriuntur;
626 5284 847 5357 etquod
881 5288 1054 5342 adhuc
1082 5290 1273 5343 borum
1304 5296 1385 5343 est
1408 5292 1718 5359 pessimum,
1749 5290 1887 5343 inter

305 5378 559 5433 doctores
584 5382 639 5431 et
664 5380 938 5434 auditores
965 5378 1083 5433 odia
1123 5388 1181 5433 se
1219 5379 1566 5445 interseruut,
1594 5379 1886 5435 inimicitiae

304 5467 674 5533 cuncitantur,
707 5468 1067 5524 detractiones
1095 5469 1385 5538 agitantur.

600 5619 810 5692 censeri
848 5620 1008 5675 debet
1032 5619 1188 5691 ‘quaSi
1236 5620 1405 5676 altera
1420 5621 1555 5692 'pcrs
1593 5619 1886 5692 superioris

310 5685 480 5744 libelli
508 5689 573 5743 de
600 5686 893 5759 Baptismo.

635 5756 904 5842 mmet.
954 5756 1179 5842 xcix.

1975 4489 2087 4555 lus.
2131 4489 2284 4557 Quod
2308 4490 2526 4561 quidam
2568 4490 2809 4557 audiens,
2837 4491 2917 4545 ait
2954 4490 3031 4545 illi
3065 4508 3079 4544 :
3112 4488 3314 4560 Sequar
3357 4499 3425 4552 te,
3454 4489 3559 4543 Do-

1986 4582 2155 4645 mine;
2184 4581 2273 4635 sed
2309 4582 2536 4652 primum
2562 4582 2798 4652 permitte
2840 4580 2969 4635 mihi
3014 4581 3316 4647 renuntiem
3342 4580 3423 4637 his
3469 4580 3561 4650 qui

1986 4671 2127 4725 domi
2176 4680 2316 4726 sunt.
2351 4670 2555 4729 Sancta
2580 4686 2719 4726 vero.
2754 4679 2929 4736 mater
2953 4670 3276 4735 universalis
3310 4669 3559 4726 Ecclesia

1922 4814 1925 4819 .
1987 4778 2097 4818 non
2124 4763 2282 4820 aliter
2324 4764 2549 4834 suscipit
2594 4762 2648 4818 in
2669 4764 2933 4833 gremium
2959 4763 3029 4819 ad
3062 4778 3123 4819 se
3159 4770 3560 4828 convertentes,

1987 4853 2090 4908 nisi
2136 4854 2288 4923 prius
2339 4854 2722 4908 abrenuntieut
2765 4852 2977 4909 diabolo
3003 4861 3058 4908 et
3075 4851 3327 4913 omnibus
3356 4850 3564 4924 angelis

1985 4940 2122 5010 ejus,
2149 4944 2401 5012 operibus
2426 4958 2638 5015 quoque
2686 4952 2848 5014 atque
2878 4944 3145 5001 universis
3180 4945 3393 5016 pompis
3418 4944 3557 5015 ejus.

2055 5034 2145 5089 Ν.
2176 5034 2535 5090 Discernenda
2564 5043 2689 5090 sunt
2719 5035 2884 5106 igitur
2911 5037 3025 5091 haec
3068 5035 3203 5101 duo;
3251 5035 3382 5105 quid
3419 5034 3562 5089 inter

1987 5140 2044 5179 se
2087 5125 2336 5180 ditl‘erant
2384 5128 2684 5182 renuntiare
2708 5167 2723 5193 ,
2781 5133 2838 5182 et
2886 5127 3271 5181 abrenunuare.
3323 5122 3560 5191 Quorum

1986 5214 2284 5270 differentia
2312 5215 2367 5269 in
2389 5230 2456 5270 eo
2480 5216 2565 5272 vel
2592 5218 2828 5272 maxime
2851 5223 3093 5286 apparet,
3121 5214 3263 5283 quod
3293 5213 3558 5267 renuntia-

1986 5320 2101 5359 mus
2125 5307 2288 5361 rebus
2308 5306 2499 5381 licitis,
2534 5307 2959 5362 abrenuntiauit:
2984 5312 3163 5360 autem
3194 5300 3394 5357 illicitis
3427 5317 3444 5355 :
3474 5316 3558 5379 re.

1985 5397 2295 5454 nuntiamus
2317 5392 2707 5466 ali‘ectibnibus,
2722 5397 3162 5455 abrenuntiamus
3183 5400 3363 5463 autem
3381 5390 3560 5449 illece—

1984 5486 2098 5543 bris
2122 5501 2136 5540 :
2160 5489 2532 5549 renuntiamus
2556 5487 2886 5559 parentibus,
2904 5482 3344 5543 abrenuntiamus
3374 5490 3556 5536 autem

2055 5618 2085 5659 δ
2121 5615 2200 5673 Ex
2222 5616 2494 5675 Analectis
2529 5615 2708 5674 Mabil.

3007 5769 3083 5831 28
