3878 6172
298 275 404 332 8ἳῦ

1318 261 1647 322 LElDttADl
1684 259 2168 323 LUGDUNENSIS
2209 260 2514 326 EPISCOPI

3431 239 3546 327 ἐἴθ

298 385 528 444 diabolo.
549 382 846 438 {leno-utiat
889 380 1293 450 ergoomnibus
1319 393 1438 448 quae
1479 377 1736 448 possidet,
1781 375 1872 444 qui
1899 376 1949 436 Δ
1975 375 2032 429 in
2067 377 2302 445 homine,
2330 379 2571 435 defectus
2599 380 2779 449 potius
2805 379 2904 434 fuit
2926 381 3149 450 quidam
3184 381 3252 436 ab
3275 388 3440 451 opere
3460 380 3552 436 Dei

298 481 378 536 sic
405 486 550 534 tenet
575 492 638 532 ea
686 491 804 545 qua:
840 473 1026 530 mundi
1057 480 1201 538 sunt,
1231 480 1291 526 ut
1317 480 1497 526 tamen
1526 486 1624 540 per
1665 485 1728 524 ea
1767 485 1874 524 non

299 579 547 626 teneatur
574 584 615 624 a-
627 567 824 622 mundo
859 583 870 619 ε
906 565 1067 619 habet
1095 578 1209 618 rem
1236 562 1584 632 temporalem
1613 561 1670 615 in
1697 577 1873 628 usum,

297 671 554 720 atomum
579 660 640 715 in—
675 656 972 720 desiderio;
1022 662 1078 710 et
1099 653 1319 710 exclusa
1347 653 1640 724 cupiditate
1670 652 1874 718 mundi,

297 755 478 810 divina
517 752 570 806 in
594 764 660 806 eo
705 747 943 803 charitas
962 754 1196 818 augetur
1221 753 1382 816 atque
1408 745 1706 815 perﬁcitur.
1735 744 1876 816 Ergo

301 845 394 916 qui
424 845 588 900 Deum
610 841 728 897 vult
769 838 1071 912 possidere,
1087 838 1362 893 renuntiat
1400 837 1632 901 mundo;
1656 851 1761 890 non
1784 851 1878 890 au-

299 945 411 992 tem
465 932 735 989 renuntiat
773 930 993 990 mundo,
1039 928 1131 998 qui
1160 927 1389 985 terrenis
1419 926 1761 981 facultatibus
1809 937 1879 978 ex

299 1029 658 1088 delectatione
688 1024 1010 1083 succumbit.
1041 1022 1358 1090 Quicunque
1385 1035 1515 1091 ergo
1549 1019 1735 1075 volunt
1759 1031 1879 1072 esse

302 1121 548 1192 discipuli
600 1119 823 1184 Christi,
853 1131 967 1187 pra:
1016 1127 1202 1170 amore
1248 1112 1389 1168 illius
1435 1111 1615 1167 omnia
1657 1123 1775 1179 qum
1824 1109 1880 1162 in

301 1215 502 1270 mundo
524 1218 670 1277 sunt,
708 1208 926 1266 etiamsi
943 1207 1210 1272 'habeant,
1237 1205 1537 1268 fastidiunt,
1567 1209 1627 1256 ut.
1653 1201 1760 1255 sint
1786 1199 1880 1253 ha-

299 1306 470 1360 bentes
505 1314 752 1374 tauquam
811 1312 914 1353 non
966 1297 1336 1350 habentes:et
1389 1295 1603 1349 discunt
1636 1306 1740 1345 non
1791 1306 1881 1343 su-

297 1396 448 1467 perbe
473 1410 670 1466 sapere,
706 1406 867 1462 neque
891 1404 1072 1458 sapere
1099 1388 1153 1441 in
1175 1387 1372 1440 incerto
1418 1384 1746 1445 divitiarum,
1785 1377 1880 1434 sed

299 1486 352 1538 in
397 1483 507 1538 Deo
531 1482 654 1536 vivo
678 1479 769 1549 qui
799 1483 1020 1547 praestat
1056 1474 1214 1528 nobis
1237 1474 1420 1527 omnia
1449 1491 1461 1524 :
1490 1472 1674 1539 sicque
1711 1467 1882 1522 facul-

299 1582 440 1628 tates
467 1581 712 1630 terrenas
734 1568 798 1622 ad
823 1564 1269 1620 sustentationem
1293 1561 1586 1630 possident,
1611 1565 1671 1612 ut
1699 1565 1881 1612 tamen

297 1665 462 1718 etiam
487 1677 555 1716 ex
584 1660 665 1714 eis
704 1659 815 1712 Deo
843 1655 1113 1718 serviant,
1163 1649 1316 1718 cujus
1343 1659 1544 1705 aeterna
1574 1650 1713 1703 bona
1743 1647 1880 1702 desi-

303 1755 510 1812 derant.
546 1752 614 1806 Et
657 1750 783 1820 quia
809 1749 864 1801 in
892 1745 1090 1800 divinis
1135 1743 1331 1798 litteris
1378 1739 1648 1810 cupiditas
1693 1751 1878 1807 repre-
1911 1725 1957 1787 Β

301 1846 576 1909 henditur,
613 1831 724 1897 non
741 1838 1003 1904 facultas;
1037 1834 1267 1890 sollicita
1305 1838 1487 1888 mente
1520 1828 1880 1900 perpendunt,

300 1946 362 1994 ut
388 1954 454 1993 ea
481 1952 601 2006 qua:
645 1931 850 1987 habent
884 1944 994 1985 non
1040 1927 1278 1983 habeant
1323 1938 1508 1978 amore
1534 1919 1881 1993 possidendi,

297 2029 394 2086 sed
417 2025 738 2082 necessitate
763 2020 1000 2077 vivendi.
1036 2018 1115 2073 Ea
1163 2023 1344 2071 autem
1372 2014 1572 2084 quibus
1619 2011 1886 2066 abrenun-

301 2124 546 2180 tiandum
580 2129 666 2176 est
688 2160 704 2186 ,
751 2117 900 2174 nullo
944 2115 1101 2171 nobis
1138 2119 1297 2183 pacto
1347 2107 1537 2164 haberi
1584 2105 1886 2162 concedun—

301 2223 412 2280 tur,
469 2211 596 2282 quia
643 2207 791 2264 nullo
835 2205 998 2260 modo
1052 2201 1244 2257 haberi
1279 2204 1508 2270 possunt
1552 2211 1679 2252 cum
1724 2195 1880 2248 Deo:

301 2306 396 2364 sed
423 2321 491 2360 ex
518 2310 631 2359 toto
657 2301 823 2358 corde
850 2293 1342 2353 abrenuntiandnm
1364 2289 1599 2354 diabolo,
1629 2286 1886 2358 operibus

300 2412 365 2452 ac
391 2393 603 2466 pompis
627 2390 765 2461 ejus,
804 2397 865 2443 ut
893 2385 1039 2440 nulla
1089 2382 1242 2438 nobis
1279 2395 1405 2436 eum
1448 2378 1552 2432 illis
1582 2375 1887 2432 communio

303 2491 662 2560 relinquatur,
675 2501 744 2541 ne
765 2498 955 2540 eorum
978 2481 1191 2536 actione
1210 2492 1402 2533 rursus
1419 2488 1683 2546 cogamur
1701 2473 1756 2526 in
1769 2471 1886 2540 ejus

299 2595 527 2654 regnum
554 2576 739 2643 dilabi,
767 2574 920 2646 cuius
965 2569 1162 2626 invidia
1203 2583 1346 2621 mors
1394 2565 1607 2619 intravit
1651 2564 1707 2616 in
1734 2578 1890 2617 mun-

301 2675 451 2739 dum,
474 2669 567 2742 qui
591 2677 705 2724 erat
723 2664 988 2721 homicida
1019 2663 1083 2716 ab
1126 2659 1300 2724 initio,
1329 2658 1581 2714 incentor
1605 2655 1754 2720 mali,
1777 2654 1887 2710 col-

300 2767 445 2823 lator
468 2762 694 2835 peccati.

371 2856 436 2911 ν.
468 2851 706 2909 Contulit
747 2861 980 2919 namque
1007 2846 1185 2918 primo
1212 2843 1420 2900 homini
1473 2842 1627 2896 fenus
1654 2837 1887 2910 peccati,

305 2947 648 3020 quotidianas
676 2942 858 2998 abillo
876 2947 1166 2995 exacturus
1194 2952 1410 2992 usuras.
1432 2934 1682 2991 Creditor
1714 2931 1890 2988 malus

308 3040 439 3097 fecit
465 3036 568 3093 sibi
600 3034 783 3090 usuris
811 3032 1105 3088 obnoxium
1132 3045 1300 3101 genus
1326 3031 1642 3094 humanum,
1672 3026 1758 3081 cui
1787 3025 1890 3080 ml-

306 3145 399 3188 ser
445 3127 657 3183 debitor
683 3122 843 3178 solvit
868 3121 1144 3192 peccando
1181 3135 1286 3174 non
1315 3120 1488 3176 solum
1534 3133 1600 3172 ea
1649 3132 1770 3187 qua:
1799 3115 1890 3171 illo

307 3219 600 3290 instigante
645 3213 854 3279 didicit,
895 3227 1082 3266 verum
1109 3211 1276 3266 etiam
1307 3209 1714 3264 adinventiones
1759 3223 1890 3278 pro-

308 3313 478 3385 prias,
507 3322 642 3379 quas
663 3306 733 3362 ad
756 3304 1031 3360 cumulum
1059 3303 1324 3359 scelerum
1354 3301 1580 3356 addidit.
1603 3301 1668 3355 Et
1689 3299 1892 3356 idcirco

307 3419 428 3462 cum
453 3417 552 3474 per
577 3399 808 3473 gratiam
831 3397 992 3463 illius,
1016 3397 1109 3466 qui
1137 3412 1201 3450 ex
1229 3395 1408 3450 usuris
1435 3403 1485 3448 et
1507 3393 1785 3464 iniquitate
1811 3407 1893 3446 re-

302 3495 462 3550 demit
517 3493 722 3548 animas
770 3500 998 3555 nostras,
1043 3487 1286 3543 eruimur
1333 3486 1400 3540 de
1446 3492 1714 3556 potestate
1763 3482 1891 3538 mali

303 3585 608 3650 creditoris,
643 3599 707 3639 ac
742 3598 840 3654 per
884 3583 989 3637 hoc
1016 3577 1245 3650 improbi
1272 3577 1574 3641 exactoris;
1619 3576 1892 3630 abrenun-

303 3680 550 3736 tiandum
577 3685 662 3732 est
687 3677 786 3744 illi,
824 3692 889 3732 ac
916 3670 1344 3730 denuntiandum
1370 3668 1505 3724 nihil
1536 3684 1633 3723 nos
1660 3667 1711 3723 ei
1740 3666 1892 3723 dein-

305 3784 436 3841 ceps
462 3768 680 3823 debere.

377 3862 467 3920 Vl.
499 3860 628 3928 Qua:
655 3861 727 3916 sit
752 3865 931 3914 autem
961 3859 1115 3929 origo
1143 3865 1198 3912 et
1225 3855 1440 3910 initium
1473 3865 1698 3925 operum
1727 3859 1890 3922 atque

299 3971 614 4030 pomparum
661 3953 883 4019 diaboli,
918 3951 1202 4022 Scriptura
1233 3949 1679 4005 manifestissime
1706 3949 1885 4013 docet,

303 4063 428 4122 qua!
452 4048 576 4104 ait:
621 4047 842 4103 Initium
873 4043 1042 4099 omnis
1084 4043 1284 4114 peccati
1324 4040 1568 4112 superbia
1599 4038 1790 4108 (Eccli.
1827 4053 1886 4106 x,

303 4142 416 4218 i5).
471 4139 612 4210 Quid
660 4139 936 4210 apertius,
971 4135 1099 4207 quid
1144 4133 1482 4204 probabilius
1531 4132 1638 4187 dici
1672 4130 1890 4202 potest?

302 4231 543 4296 Initium,
577 4229 771 4299 inquit,
802 4242 911 4282 non
940 4224 1183 4294 alicujus,
1225 4225 1320 4281 sed
1367 4223 1535 4278 omnis
1558 4223 1756 4294 peccati
1796 4235 1888 4276 su-

297 4323 479 4396 perbia
496 4336 514 4373 :
530 4330 588 4376 ut
615 4322 893 4377 evidenter
908 4319 1218 4375 ostenderet
1243 4318 1386 4388 quod
1413 4317 1530 4387 ipsa
1557 4316 1629 4371 sit
1647 4317 1886 4372 omnium

1917 3084 1966 3148 ϐ

1979 470 2047 524 ad
2069 486 2167 526 sua
2191 485 2374 540 opera,
2407 487 2570 541 quam
2596 486 2730 541 opus
2759 471 2919 526 illius.
2944 471 3011 525 Et
3035 472 3156 526 ideo
3179 471 3324 526 mala
3363 487 3549 542 opera,

1978 569 2104 640 quia
2131 569 2424 624 secundum
2463 584 2540 635 se,
2572 584 2678 623 non
2699 570 2993 624 secundum
3023 569 3194 623 Deum
3224 585 3238 623 :
3280 578 3342 624 ut
3369 583 3554 625 eorum

1978 675 2203 729 operum
2250 668 2504 729 tanquam
2536 659 2809 716 fructuum
2837 661 3104 715 malorum
3149 660 3396 717 voluntas
3442 662 3556 731 ipsa

1979 760 2124 807 esset
2145 751 2292 807 velut
2318 750 2484 806 arbor
2519 751 2683 805 mala.

2049 843 2158 900 VII.
2198 841 2486 911 Apostolus
2527 855 2739 911 quoque
2768 840 2842 895 ait
2872 859 2885 894 :
2912 839 3089 894 Radix
3119 841 3352 894 omnium
3394 840 3561 894 malo-

1981 950 2096 989 rum
2143 941 2220 987 est
2245 931 2503 1001 cupiditas
2555 930 2608 1003 (I
2639 930 2774 984 Tim.
2805 946 2880 996 γι,
2935 929 3045 1001 10).
3101 928 3341 984 Sollicito
3383 930 3561 999 itaque

1980 1025 2326 1081 considerare
2349 1023 2609 1079 debemus
2655 1036 2822 1091 quare
2853 1022 3064 1076 initium
3107 1021 3305 1090 peccati
3355 1021 3566 1075 dicatur

1981 1116 2222 1187 superbia
2246 1129 2265 1167 :
2295 1114 2450 1168 radix
2494 1113 2726 1168 omnium
2754 1111 3016 1166 malorum
3053 1120 3130 1166 est
3155 1110 3435 1181 cupiditas.
3481 1111 3562 1163 An

1982 1208 2121 1263 forte
2151 1221 2452 1262 sermonem
2480 1205 2854 1275 propheticum
2905 1204 3106 1260 Paulus
3156 1205 3433 1274 apostolus
3453 1246 3466 1268 ,
3505 1213 3564 1258 ut

1982 1299 2141 1364 solet,
2183 1298 2463 1367 exposuit;
2509 1296 2946 1366 quandoquidem
2992 1296 3105 1350 sive
3146 1295 3356 1349 initium
3401 1295 3564 1348 omnia

1981 1392 2199 1464 peccati,
2248 1391 2361 1444 sive
2390 1389 2546 1443 radix
2574 1389 2806 1442 omnium
2839 1387 3099 1442 malorum
3143 1387 3370 1451 dicatur,
3404 1401 3564 1440 unum

1982 1485 2232 1553 idemque
2261 1481 2562 1551 significat?
2582 1480 2753 1536 Porro
2773 1481 3038 1552 cupiditas
3057 1488 3217 1551 atque
3242 1480 3492 1550 superbia
3512 1479 3562 1533 in

1983 1582 2195 1629 tantum
2219 1587 2384 1628 unum
2412 1579 2498 1628 est
2518 1572 2738 1635 malum,
2772 1580 2835 1626 ut
2880 1585 2983 1628 nec
3034 1573 3284 1644 superbia
3315 1574 3432 1627 sine
3478 1589 3568 1628 cu-

1981 1665 2228 1735 piditate,
2264 1679 2367 1717 nec
2396 1664 2513 1718 sine
2534 1663 2785 1731 superbia
2811 1664 2983 1733 possit
3023 1663 3249 1718 inveniri
3281 1664 3564 1733 cupiditas.

1983 1755 2428 1825 Quandoquidem
2466 1763 2521 1809 et
2567 1753 2813 1809 diabolus
2864 1755 2919 1808 in
2973 1766 3080 1823 quo
3129 1763 3272 1809 tenet
3321 1754 3568 1825 superbia

1984 1847 2366 1919 principatum,
2396 1846 2627 1916 propriae
2669 1846 2956 1915 potestatis
3002 1861 3065 1900 ac
3111 1847 3434 1916 perditionis
3477 1848 3572 1902 hu»

1983 1955 2156 1996 mante
2183 1936 2537 2008 cupidusfuit
2570 1955 2582 1991 :
2616 1946 2671 1992 et
2698 1939 2811 2007 ipse
2835 1937 2997 1992 homo
3024 1951 3121 2006 per
3161 1939 3458 2008 appetitum
3489 1954 3573 1990 ar-

1983 2018 2492 2094 boris'interdicttc,
2525 2044 2588 2083 ac
2608 2027 2803 2082 divina:
2833 2028 3202 2083 similitudinis
3232 2027 3573 2084 affectatione

1984 2121 2249 2177 morbostc
2269 2120 2581 2190 cupiditatis
2598 2121 2836 2176 ostendit
2867 2119 3141 2175 allectum.
3174 2119 3242 2174 Et
3266 2121 3332 2174 de
3362 2114 3572 2175 diabolo

1985 2212 2225 2282 quidem,
2253 2210 2397 2281 quod
2437 2211 2580 2265 malo
2629 2210 2895 2280 superbia:
2949 2209 3227 2276 ceciderit,
3256 2209 3438 2266 nullus
3486 2205 3572 2280 qui

1987 2291 2245 2371 ambigat.
2276 2301 2351 2355 De
2372 2300 2564 2370 primis
2586 2307 2768 2355 tamen
2798 2299 3106 2357 hominibus
3127 2300 3371 2372 diligenti
3396 2295 3573 2356 consi-

1987 2397 2266 2454 deratione
2289 2393 2584 2462 invenitur,
2615 2397 2742 2466 quia
2763 2397 2817 2450 in
2851 2395 3064 2451 occulto
3087 2396 3240 2468 prius
3281 2394 3413 2451 mali
3457 2410 3574 2450 esse

1987 2495 2288 2559 coeperunt,
2317 2495 2378 2542 ut
2407 2488 2460 2542 in
2489 2495 2735 2557 apertam
2770 2486 3192 2544 inobedientiam
3237 2487 3570 2543 laberentur.

1990 2579 2108 2634 Non
2138 2577 2283 2634 enim
2310 2579 2378 2634 ad
2405 2579 2608 2633 malum
2634 2593 2770 2649 opus
2790 2580 3192 2649 perveniretur,
3219 2580 3324 2634 nisi
3350 2594 3576 2649 praeces-

1981 2670 2150 2728 sisset
2169 2669 2418 2725 voluntas
2439 2670 2601 2724 mala.
2624 2669 2799 2727 Porro
2830 2671 2984 2726 malae
3023 2671 3319 2726 voluntatis
3342 2673 3572 2738 initium,

1991 2761 2134 2830 quod
2158 2761 2333 2832 potuit
2359 2777 2498 2827 esse,
2531 2757 2636 2816 nisi
2666 2758 2958 2832 superbia?
2990 2763 3127 2830 Quid
3153 2767 3237 2819 est
3265 2773 3448 2820 autem
3492 2777 3576 2818 su-

1990 2850 2197 2921 perbia,
2230 2852 2334 2906 nisi
2379 2867 2653 2922 perversa:
2706 2852 3045 2908 celsitudinis
3090 2853 3394 2924 appetitus?
3445 2851 3572 2908 Per-

1991 2957 2147 2997 versa
2177 2943 2326 2998 enim
2365 2950 2451 2999 est
2501 2944 2785 3009 celsitudo,
2818 2945 3033 3001 deserto
3061 2956 3125 3000 eo
3154 2947 3240 3000 cui
3268 2947 3430 3001 debet
3467 2947 3574 3002 aui—

1994 3047 2115 3091 mus
2131 3029 2400 3092 iabmrere
2424 3037 2710 3107 principio,
2738 3033 2839 3092 sibi
2865 3039 3261 3109 quodammodo
3282 3038 3400 3094 ﬁeri
3421 3048 3576 3110 atque

1997 3140 2117 3182 esse
2144 3126 2492 3197 principiitm.
2523 3126 2637 3183 Hoc
2674 3127 2735 3183 ﬁt
2785 3143 2910 3185 cum
2959 3129 3060 3183 sibi
3104 3128 3319 3184 animus
3362 3129 3571 3199 placet:

1995 3219 2099 3275 sibi
2123 3235 2256 3275 vero
2274 3218 2472 3290 placet,
2497 3230 2620 3275 cum
2649 3221 2717 3275 ab
2744 3219 2834 3275 illo
2853 3215 2998 3276 bono
3026 3213 3347 3276 immutabili
3379 3222 3573 3287 deﬁcit,

1993 3308 2138 3378 quod
2163 3309 2212 3364 ei
2241 3309 2413 3379 magis
2437 3309 2655 3378 placere
2682 3310 2886 3377 debuit,
2919 3320 3081 3382 quam
3114 3313 3227 3382 ipse
3253 3313 3378 3368 sibi.
3411 3311 3576 3383 Spon-

1994 3409 2186 3456 taneus
2215 3411 2397 3457 autem
2423 3411 2509 3457 est
2547 3401 2636 3458 ille
2685 3403 2927 3459 defectus
2960 3423 2971 3457 :
3006 3397 3257 3474 quoniam
3301 3401 3347 3460 si
3400 3406 3577 3461 volun-

1992 3502 2078 3549 tas
2107 3493 2162 3548 in
2197 3509 2380 3548 amore
2408 3495 2705 3563 superioris
2732 3496 3266 3564 immutabilisboni,
3299 3513 3330 3551 a
3363 3513 3471 3568 quo
3517 3489 3577 3550 il-

1991 3584 2327 3640 lustrabatur
2351 3592 2412 3639 ut
2453 3585 2693 3652 videret,
2735 3595 2790 3641 et
2816 3587 3213 3642 accendebatur
3253 3599 3312 3642 ut
3349 3600 3574 3655 amaret,

1992 3677 2206 3732 stabilis
2246 3685 2622 3747 permaneret;
2669 3693 2774 3732 non
2819 3677 2945 3734 inde
2992 3678 3058 3731 ad
3105 3677 3206 3731 sibi
3256 3677 3574 3748 placendum

1991 3777 2342 3835 averteretur,
2372 3777 2428 3823 et
2453 3784 2520 3824 ex
2541 3769 2645 3825 hoc
2672 3770 3094 3836 tenebresceret,
3125 3777 3219 3824 aut
3243 3769 3573 3842 frigesccrct.

1994 3868 2052 3916 at
2074 3861 2157 3916 vel
2184 3859 2274 3915 illa
2298 3859 2548 3916 crederet
2574 3875 2765 3916 verum
2795 3861 2996 3916 dixisse
3025 3869 3349 3930 serpentem,
3377 3861 3462 3916 vel
3490 3861 3576 3916 illo

1990 3953 2086 4008 Dei
2115 3953 2371 4008 mandato
2412 3952 2601 4007 uxoris
2646 3962 2961 4024 prmponent
3008 3953 3376 4020 voluntatem,
3425 3964 3571 4026 puta~

1992 4050 2181 4112 retque
2229 4056 2286 4097 se
2315 4040 2596 4098 venialiter
2627 4048 3086 4114 transgressorem
3133 4059 3253 4100 esse
3298 4045 3570 4116 prmcepti,

1991 4136 2037 4190 si
2062 4134 2186 4191 vitae,
2214 4151 2323 4191 suze
2349 4137 2552 4191 sociam
2581 4152 2688 4191 non
2719 4137 2997 4194 desereret
3025 4134 3186 4193 etiam
3219 4138 3273 4194 in
3317 4139 3573 4196 societate

1988 4231 2216 4299 peccati.
2239 4224 2359 4285 Non
2379 4246 2510 4302 ergo
2536 4230 2739 4302 malum
2775 4247 2910 4300 opus
2939 4227 3138 4288 factum
3167 4241 3267 4296 est,
3295 4227 3350 4288 id
3383 4241 3465 4288 est
3485 4232 3574 4288 illa

1991 4324 2373 4393 transgressio,
2399 4331 2460 4377 ut
2501 4323 2622 4378 cibo
2649 4323 2919 4392 prohibito
2958 4333 3329 4390 vescerentur,
3376 4325 3478 4380 nisi
3504 4325 3571 4380 ab

297 4419 644 4483 peccatorum
693 4425 876 4465 causa.
927 4409 1191 4500 Quoniam
1238 4422 1345 4462 non
1390 4407 1563 4500 solum
1601 4417 1886 4500 peccatum
1919 4442 1966 4500 υ
1991 4417 2072 4471 eis
2104 4417 2196 4486 qui
2219 4416 2332 4486 jam
2379 4417 2508 4484 mali
2540 4427 2717 4472 erant.
2757 4416 2914 4472 Patet
2962 4432 3093 4489 ergo
3136 4409 3570 4476 manifestissimo

299 4510 387 4558 est
411 4502 546 4571 ipsa,
577 4501 671 4556 sed
691 4501 852 4555 etiam
885 4499 1088 4554 nullum
1111 4509 1392 4569 pecoawm
1421 4497 1538 4553 ﬁeri
1567 4499 1760 4569 potuit.
1785 4513 1886 4568 ρο·
1920 4497 1949 4500 ⁷
1991 4521 2098 4560 non
2125 4500 2296 4563 solum
2333 4507 2389 4562 in
2424 4507 2654 4573 diabolo,
2683 4523 2873 4563 verum
2900 4509 3062 4564 etiam
3091 4509 3143 4563 iu
3170 4509 3363 4578 primis
3401 4508 3569 4565 homi-

300 4599 410 4649 test
450 4601 546 4646 aut
577 4592 775 4663 poterit
823 4591 942 4647 sine
988 4591 1103 4661 ipsa
1135 4608 1147 4644 :
1175 4598 1230 4645 et
1275 4590 1398 4645 ideo
1445 4590 1653 4642 initium
1691 4589 1888 4643 dicitur

305 4682 474 4737 omnis
499 4682 716 4753 peccati,
740 4681 864 4750 quia
894 4682 1009 4751 ipsa
1048 4676 1327 4750 prmcessit
1357 4680 1412 4734 in
1442 4679 1675 4744 diabolo,
1706 4687 1762 4732 et
1787 4693 1886 4748 per

301 4769 480 4840 ipsam
507 4770 795 4825 subversus
821 4778 905 4824 est
926 4771 1106 4826 homo.
1134 4768 1251 4825 Non
1274 4770 1418 4824 enim
1441 4770 1626 4824 ederet
1652 4768 1718 4823 de
1739 4767 1882 4839 ligno

301 4859 594 4933 prohibito,
625 4857 729 4914 nisi
777 4862 1210 4930 concupisceret;
1256 4876 1358 4916 nec
1397 4861 1737 4930 concupisset
1777 4860 1881 4915 nisi

302 4959 569 5016 tentatus;
598 4965 699 5006 nec
729 4957 1049 5017 tentaretur,
1081 4951 1182 5005 nisi
1211 4953 1487 5017 desertus;
1531 4966 1631 5006 nec
1668 4952 1884 5007 desere-

302 5052 455 5100 retur
477 5055 508 5096 a
534 5039 666 5106 Deo,
687 5041 791 5096 nisi
814 5041 964 5111 prius
989 5043 1104 5112 ipse
1131 5042 1437 5107 desereret;
1483 5057 1583 5097 nec
1609 5041 1887 5097 desereret

300 5134 496 5204 Deum,
521 5133 626 5191 nisi
666 5133 988 5205 superbiret,
1020 5144 1076 5189 et
1100 5134 1504 5191 similitudinem
1530 5136 1624 5191 Dei
1657 5137 1883 5192 damna-

297 5225 482 5284 biliter
513 5225 825 5298 appetisset.
858 5222 906 5278 Ρ
909 5223 1008 5279 erit
1037 5225 1220 5294 itaque
1258 5225 1423 5290 Deus,
1453 5225 1594 5281 sicut
1621 5228 1882 5297 scriptum

295 5327 405 5384 est,
441 5318 699 5373 hominem
733 5326 928 5371 rectum
973 5312 1162 5384 (Eccti.
1195 5331 1269 5370 vn
1297 5356 1312 5380 ,
1342 5314 1436 5389 50)
1461 5357 1476 5382 ,
1528 5331 1592 5372 ac
1633 5332 1733 5386 per
1779 5318 1882 5371 hoc

297 5403 590 5464 voluntatis
619 5409 791 5464 bonae.
820 5407 938 5464 Non
963 5409 1108 5464 enim
1137 5417 1319 5463 rectus
1359 5417 1522 5475 esset,
1549 5409 1744 5464 bonam
1772 5425 1878 5464 non

300 5497 509 5554 habens
533 5499 884 5556 voluntatem.
915 5497 1063 5556 Bona
1112 5501 1276 5572 igitur
1319 5502 1571 5558 voluntas
1610 5519 1745 5573 opus
1798 5511 1881 5559 est

303 5586 420 5651 Dei,
449 5603 572 5642 cum
613 5605 677 5643 ea
726 5592 923 5660 quippe
969 5591 1158 5646 abillo
1202 5591 1375 5648 factus
1403 5603 1489 5649 est
1511 5596 1692 5650 homo.
1741 5594 1878 5649 Mala

302 5689 431 5728 vero
451 5675 717 5741 voluntas,
740 5680 992 5749 quoniam
1019 5682 1196 5736 omnia
1227 5697 1389 5754 Opera
1434 5684 1572 5738 mala
1604 5686 1881 5752 pnecessit

1990 4597 2185 4664 nibus,
2228 4599 2431 4654 malum
2478 4599 2741 4670 superbia:
2795 4601 3137 4671 praecessisse
3178 4601 3232 4655 in
3281 4601 3480 4666 abdito,
3512 4609 3567 4654 ut

1987 4700 2310 4761 sequeretur
2329 4692 2432 4746 hoc
2459 4691 2658 4746 malum
2684 4690 2829 4762 quod
2856 4699 3224 4762 perpetratum
3239 4693 3394 4747 estin
3418 4707 3566 4762 aper-

1989 4787 2064 4834 to.
2089 4774 2287 4835 Verum
2309 4788 2394 4836 est
2418 4781 2562 4834 enim
2591 4782 2734 4850 quod
2758 4782 3018 4850 scriptum
3041 4790 3123 4836 est
3155 4800 3168 4835 :
3198 4782 3334 4837 Ante
3364 4784 3561 4837 ruinam

1984 4871 2253 4927 exaltatur
2287 4891 2379 4928 cor
2405 4867 2586 4945 (Prov.
2613 4890 2726 4938 xvr,
2757 4873 2846 4945 l8)
2867 4915 2883 4940 ,
2911 4884 2967 4929 et
2985 4884 3110 4930 ante
3137 4875 3372 4946 gloriam
3403 4877 3563 4931 humi-

1982 4962 2146 5018 liatur
2170 4962 2320 5035 (Luc.
2338 4980 2452 5030 xtv,
2473 4964 2580 5036 ll).
2596 4958 2825 5020 Prorsus
2846 4967 3000 5020 ruina
3027 4982 3148 5035 qua:
3170 4966 3230 5020 iit
3257 4968 3312 5022 in
3337 4967 3564 5032 occulto,

1983 5057 2239 5126 priecedit
2267 5057 2478 5111 ruinam
2505 5073 2624 5128 quae
2652 5057 2711 5112 ﬁt
2737 5059 2792 5112 in
2819 5057 3128 5124 manifesto,
3155 5060 3284 5114 dum
3307 5061 3395 5116 illa
3417 5062 3567 5116 ruina

1984 5162 2105 5202 esse
2154 5163 2259 5202 non
2288 5156 2529 5217 putatur.
2576 5147 2708 5214 Quis
2743 5149 2890 5202 enim
2942 5149 3328 5205 exaltationcm
3359 5153 3565 5206 ruinam

1984 5244 2157 5305 putat,
2208 5252 2328 5290 cum
2374 5234 2490 5305 jam
2539 5237 2612 5292 ibi
2658 5236 2730 5292 sit
2777 5235 3039 5304 deiectus,
3068 5253 3176 5309 quo
3221 5251 3308 5295 cst
3351 5241 3565 5297 relictus

1989 5325 2274 5381 excelsus?
2333 5325 2464 5393 Quis
2509 5333 2690 5381 autem
2747 5327 2958 5380 ruinam
3009 5341 3130 5383 esse
3184 5343 3293 5383 non
3347 5331 3564 5393 videat,

1987 5418 2202 5486 quando
2247 5416 2307 5472 lit
2345 5417 2583 5472 mandati
2612 5417 2831 5473 evidens
2870 5425 3031 5488 atque
3057 5419 3361 5486 indubitata
3391 5431 3564 5478 trans-

1989 5509 2198 5578 gressio
2209 5508 2233 5562 ἲ

2059 5599 2190 5655 Vlll.
2223 5598 2397 5673 Quam
2424 5600 2721 5672 primorum
2749 5600 3029 5656 hominum
3055 5603 3552 5672 transgressionem,

1985 5690 2030 5747 si
2073 5690 2127 5746 in
2173 5705 2272 5750 sua
2300 5693 2454 5766 quasi
2513 5691 2755 5759 membra
2807 5690 3017 5762 singula
3064 5691 3370 5751 dividamus
3394 5734 3414 5768 ,
3454 5706 3554 5747 non
