3868 6174
335 259 435 318 BN

1782 253 2162 310 EPISTOLE.

3487 249 3592 310 878

336 377 568 436 absurde
593 377 891 431 creduntur
914 375 1079 428 etiam
1108 381 1297 430 caetera
1316 371 1387 426 ibi
1405 370 1641 425 admissa
1670 377 1913 438 peccata.
1945 371 1993 431 Α
2022 385 2183 425 causa
2205 370 2424 426 inimico
2442 371 2714 435 inimicus,
2742 368 2827 425 vel
2851 368 3182 439 adipiscendi
3203 365 3426 436 alicujus
3443 377 3596 424 extra

342 471 520 526 Primo
549 466 802 537 superbia
849 473 931 520 est
986 464 1114 530 illic,
1147 464 1272 532 quia
1319 462 1480 517 homo
1526 462 1582 515 in
1610 475 1706 515 sua
1733 460 1914 528 potius

336 576 456 618 esse
496 571 662 629 quam
682 558 738 611 in
764 557 859 610 Dei
886 563 1151 625 potestate
1181 553 1389 607 dilexit.
1420 551 1627 606 Deinde
1668 549 1914 613 avaritia,

339 654 466 725 quia
505 651 627 720 plus
652 663 818 718 quam
861 647 938 701 illi
992 645 1236 700 sufﬁcere
1265 643 1476 708 debuit,
1531 642 1819 712 appetivit;
1864 647 1920 694 et

343 729 730 810 sacrilegium,
778 735 904 806 quia
950 750 1058 789 non
1111 732 1374 798 credidit;
1428 740 1486 786 et
1528 730 1916 794 homicidium,

343 832 466 901 quia
486 826 924 898 seprmcipitavit
943 824 996 878 in
1023 832 1284 890 mortem;
1315 831 1371 878 et
1387 821 1670 877 fornicatio
1700 819 1918 889 spirita-

343 921 428 987 lis,
459 919 588 990 quia
624 916 908 985 integritas
956 915 1154 970 mentis
1178 915 1426 970 humana:
1462 913 1770 982 serpentina
1799 927 1922 966 sua-

342 1015 494 1068 sione
523 1019 779 1080 corrnpta
807 1017 920 1076 est;
945 1015 1000 1064 et
1029 1007 1252 1071 furtum,
1280 1007 1408 1076 quia
1437 1007 1590 1062 cibus
1617 1005 1922 1074 prohibitus

342 1107 632 1168 usurpatus
653 1105 774 1161 est;
807 1105 862 1152 et
906 1097 952 1152 si
979 1096 1108 1165 quid
1136 1095 1281 1150 aliud
1305 1095 1358 1149 in
1397 1095 1499 1150 hoc
1537 1109 1644 1149 uno
1687 1094 1922 1149 admisso

343 1189 588 1261 diligenti
614 1186 1052 1243 consideratione
1103 1184 1334 1240 inveniri
1374 1191 1571 1254 potest.
1619 1183 1734 1238 Hoc
1762 1183 1926 1253 igitur

341 1283 579 1353 primum
627 1290 891 1336 creatura:
935 1278 1215 1336 rationalis
1263 1277 1465 1334 malum
1517 1285 1703 1333 secuta
1753 1283 1922 1339 sunt,

342 1373 653 1447 ignorantia
717 1386 900 1427 rerum
971 1370 1303 1440 agendarum
1371 1377 1428 1424 et
1489 1367 1925 1437 concupiscentia

343 1468 647 1531 noxiarum,
699 1467 898 1536 quibus
943 1464 1168 1520 comites
1214 1461 1626 1519 subinferuntur
1678 1475 1832 1515 error
1870 1467 1926 1514 et

343 1558 502 1615 dolor
534 1576 549 1612 :
597 1572 716 1626 qua:
745 1557 850 1611 duo
879 1555 1018 1609 mala
1045 1554 1259 1623 quando
1309 1551 1649 1607 imminentia
1679 1549 1924 1605 sentiun-

343 1656 454 1713 tur,
486 1645 765 1716 fugitantis
793 1661 855 1699 ea
899 1643 1064 1698 animi
1092 1650 1272 1698 motus
1299 1649 1526 1698 vocatur
1545 1647 1740 1694 metus.
1755 1639 1925 1694 Porro

2016 460 2304 527 commodi,
2337 461 2478 516 sicut
2504 461 2642 515 latro
2670 460 2898 526 viatori;
2930 459 3016 515 vel
3044 459 3285 515 evitandi
3313 457 3464 523 mali,
3490 458 3598 516 sic-

2016 558 2078 604 ut
2124 550 2174 605 ei
2217 550 2309 619 qui
2360 551 2610 615 timetur;
2670 549 2755 605 vel
2808 549 3096 605 invidendo
3117 587 3135 616 ,
3190 549 3331 604 sicut
3368 547 3596 604 feliciori

2020 641 2288 707 miserior,
2321 650 2412 696 aut
2440 643 2495 697 in
2532 642 2714 711 aliquo
2755 649 3079 712 prosperata
3129 639 3245 708 ejus
3289 657 3450 710 quem
3492 641 3594 696 sibi

2019 733 2221 802 aequari
2249 733 2419 797 timet,
2452 741 2546 788 aut
2570 733 2832 802 aequalem
2863 732 3038 796 dolet;
3080 731 3164 786 vel
3189 731 3302 786 sola
3325 731 3599 786 voluntate

2019 824 2180 878 alieni
2209 825 2352 888 mali,
2404 826 2542 880 sicut
2590 832 2922 896 spectatores
2951 824 3329 896 gladiatorum,
3360 832 3453 880 aut
3478 825 3602 880 irri-

2021 930 2194 981 sores,
2245 923 2338 971 aut
2372 916 2619 972 illusorcs
2645 916 3032 986 quorumlibet,
3059 917 3148 988 qui
3185 916 3434 971 (rotantur
3473 932 3592 970 eam

2021 1004 2158 1058 male
2199 1005 2433 1075 fecerint,
2466 1013 2522 1059 et
2567 1006 2842 1062 exsultant
2891 1005 2946 1060 in
2987 1005 3148 1060 rebus
3191 1005 3462 1076 pessimis,
3492 1004 3602 1060 dis—-

2024 1095 2196 1164 ruptis
2245 1094 2507 1149 limitibus
2537 1096 2788 1151 humanm
2833 1096 3131 1152 societatis.
3162 1095 3307 1150 Nihil
3346 1096 3491 1151 enim
3523 1104 3608 1150 est

2025 1182 2292 1238 infelicius
2319 1182 2578 1238 felicitate
2597 1185 2954 1253 peccantium,
2985 1199 3092 1254 qua
3111 1185 3340 1254 ptenalis
3370 1185 3608 1238 nutritur

2024 1275 2316 1345 impunitas
2333 1285 2393 1331 et
2418 1275 2560 1329 mala
2589 1275 2856 1343 voluntas,
2885 1275 2971 1332 vel
2999 1283 3060 1330 ut
3077 1277 3247 1332 hostis
3273 1275 3495 1332 interior
3517 1289 3607 1330 ro-

2026 1368 2265 1422 boretur.

2094 1458 2187 1512 XI.
2218 1458 2410 1514 Omnia
2439 1474 2653 1530 quoque
2676 1475 2797 1531 quae
2843 1460 3150 1516 demulcent
3186 1472 3376 1513 sensus
3413 1473 3606 1528 corpo-

2025 1549 2122 1615 ris,
2162 1557 2216 1604 et
2254 1564 2354 1619 per
2395 1565 2490 1606 eos
2537 1551 2846 1622 irrumpunt
2885 1552 2955 1608 ad
2988 1551 3304 1608 vastandam
3349 1558 3606 1612 mentem,

2027 1648 2088 1695 ut
2112 1639 2164 1695 ei
2201 1639 2364 1696 liceat
2389 1655 2488 1710 per
2528 1641 2693 1696 latam
2734 1650 2788 1697 et
2839 1642 3134 1712 spatiosam
3183 1640 3327 1694 viam
3372 1654 3492 1708 qua:
3519 1639 3590 1694 du

344 1739 564 1794 animus
601 1751 724 1792 cum
770 1735 1084 1804 adipiscitur
1110 1733 1418 1802 concupita,
1466 1731 1714 1802 quamvis
1752 1730 1928 1802 perni-
1960 1723 2000 1782 Β
2029 1732 2105 1787 cit
2127 1733 2194 1787 ad
2217 1741 2468 1798 mortem,
2501 1732 2728 1803 ingredi,
2757 1732 3066 1802 corporales
3107 1745 3358 1802 quarens
3385 1743 3614 1800 carpere

340 1830 497 1884 ciosa
528 1827 614 1883 vel
645 1825 846 1892 inania,
885 1826 1143 1895 quoniam
1171 1825 1224 1879 id
1248 1839 1438 1880 errore
1459 1838 1571 1878 non
1598 1823 1797 1886 sentit;
1843 1821 1928 1876 vel

345 1919 708 1982 delectatione
758 1917 1002 1972 morbida
1031 1917 1282 1981 vincitun,
1330 1915 1412 1970 vel
1444 1915 1608 1970 etiam
1657 1928 1795 1968 vana
1843 1913 1930 1968 lae-

344 2011 467 2066 titia
491 2008 802 2064 ventilatur.
837 2007 918 2062 Ex
947 2008 1032 2062 his
1059 2007 1370 2062 morborum
1396 2021 1505 2061 non
1526 2003 1790 2060 ubertatis
1831 2003 1930 2060 sed

345 2101 680 2173 indigentiae,
703 2108 956 2169 tanquam
997 2097 1236 2154 fontibus
1259 2098 1438 2154 omnis
1473 2097 1694 2153 miseria
1720 2103 1930 2152 natura:

346 2190 632 2246 rationalis
653 2197 872 2244 emanat
895 2189 952 2244 in
979 2201 1004 2230 ι
1047 2188 1243 2259 quibus
1262 2189 1428 2259 jacet,
1456 2187 1543 2243 vel
1571 2187 1734 2243 etiam
1762 2186 1930 2243 volvi-

346 2291 456 2349 tur,
494 2289 552 2337 et
578 2282 645 2337 de
671 2281 828 2336 malis
855 2281 913 2338 in
953 2281 1094 2336 mala
1126 2282 1515 2351 praecipitatur.

419 2372 516 2431 IX.
543 2373 684 2428 Ecce
729 2371 892 2427 arbor
938 2370 1095 2428 malm
1143 2370 1473 2436 voluntatis,
1501 2384 1623 2440 quae
1664 2371 1933 2441 superbia:

343 2464 528 2520 oritur
575 2463 802 2527 semine,
827 2469 887 2517 et
927 2461 983 2516 in
1014 2461 1328 2532 cupiditatis
1369 2461 1698 2517 convalescit
1728 2461 1928 2529 radice,

346 2552 539 2623 quales
560 2551 880 2622 multiplicat
907 2548 1144 2608 fructus!
1176 2552 1408 2624 Idasque
1445 2552 1494 2609 si
1532 2552 1780 2608 volumus
1803 2568 1934 2609 con-

349 2655 630 2698 summare
683 2641 855 2695 nostri
899 2641 1216 2697 certaminis
1251 2657 1490 2707 cursum,
1542 2658 1832 2700 caveamus
1877 2641 1935 2699 in

349 2729 548 2802 primis
572 2728 921 2800 cupiditatem
945 2738 1109 2800 atque
1131 2733 1462 2802 superbiam,
1507 2749 1615 2788 non
1638 2733 1746 2790 duo
1771 2735 1936 2802 mala,

348 2821 450 2878 sed
473 2835 663 2886 unum,
703 2834 736 2876 a
761 2835 868 2892 quo
893 2821 1128 2876 trahitur
1153 2823 1333 2878 omnis
1359 2823 1486 2880 mali
1516 2831 1671 2880 actus
1700 2824 1934 2879 initium.

2029 1823 2350 1894 voluptates.
2375 1823 2538 1879 Velut
2571 1838 2696 1878 cum
2739 1823 3076 1878 theatrorum
3113 1821 3283 1877 moles
3323 1829 3612 1874 exstruun-

2032 1923 2140 1982 tur,
2168 1922 2225 1970 et
2239 1914 2573 1971 effodiuntur
2613 1913 2966 1971 fundamenta
3007 1915 3305 1970 virtutum:
3342 1928 3471 1969 cum
3499 1911 3613 1983 εισι

2030 2007 2175 2061 riosa
2220 2015 2306 2061 est
2330 2005 2606 2062 ellusionis
2648 2006 2890 2073 insania,
2920 2013 2976 2062 et
3012 2021 3183 2077 opera
3230 2003 3614 2061 misericordiae

2030 2098 2372 2164 deridentur;
2401 2114 2530 2155 cum
2579 2113 2646 2154 ex
2701 2098 2788 2155 his
2839 2113 2961 2169 qua:
3013 2099 3270 2154 divitibus
3315 2098 3609 2160 abundant,

2031 2186 2370 2244 luxuriantur
2388 2190 2701 2256 histriones,
2731 2198 2787 2245 et
2807 2189 3114 2246 necessaria
3141 2190 3234 2244 vix
3259 2189 3461 2244 habent
3481 2201 3616 2258 paus-

2030 2293 2208 2349 peres.
2253 2278 2359 2334 Per
2384 2279 2625 2349 quinque
2666 2293 2860 2334 sensus
2901 2279 3150 2350 corporis
3191 2277 3512 2348 metropolis
3559 2284 3619 2332 et

2031 2385 2132 2425 arx
2157 2369 2357 2426 mentis
2375 2370 2608 2440 capitur,
2640 2379 2864 2441 aspectu
2888 2371 3126 2435 scilicet,
3177 2369 3364 2424 auditu
3381 2405 3399 2434 ,
3431 2372 3615 2440 gustu,

2030 2461 2261 2517 odoratu
2280 2467 2337 2514 et
2359 2467 2528 2515 tactu.
2554 2459 2615 2515 Si
2641 2459 2976 2518 circensibus
2999 2459 3268 2530 quispiam
3293 2457 3610 2522 delectetur;

2032 2554 2084 2611 si
2102 2553 2434 2608 athletarum
2455 2553 2771 2617 certamine,
2793 2552 2842 2608 si
2864 2550 3164 2606 mobilitate
3197 2549 3544 2612 histrionum,
3565 2548 3612 2603 si

2033 2644 2226 2701 formis
2247 2643 2560 2710 mulierum,
2589 2643 2637 2699 si
2661 2643 2949 2714 splendore
2974 2655 3332 2714 gemmarum,
3360 2639 3614 2702 vestium,

2032 2735 2398 2804 metallorum,
2419 2743 2477 2791 et
2500 2736 2715 2792 caeteris
2738 2735 3070 2807 huiusmodi,
3093 2746 3194 2804 per
3222 2732 3505 2789 oculorum
3542 2729 3617 2787 le-

2035 2835 2254 2885 nestras
2281 2828 2477 2883 anima:
2501 2835 2588 2884 est
2607 2837 2769 2899 capta
2807 2827 3051 2882 libertas.

350 2911 494 2970 Nam
515 2914 632 2969 sine
659 2913 931 2984 superbia,
953 2929 1075 2984 quae
1099 2925 1326 2986 possunt
1343 2916 1527 2973 saltim
1552 2916 1797 2974 inchoari
1817 2932 1942 2988 pec-
2107 2919 2223 2976 XII.
2260 2921 2497 2978 Rursum
2517 2921 2722 2988 aditu,
2760 2921 2809 2976 si
2833 2921 2982 2977 vario
3019 2933 3344 2991 organorum
3372 2925 3538 2973 canus
3559 2927 3620 2973 et

351 3012 502 3070 cata,
531 3018 655 3059 cum
691 3004 905 3084 dicatur
945 3005 1155 3060 initium
1201 3007 1370 3062 omnis
1415 3008 1619 3080 peccati
1647 3008 1939 3080 superbia!
1968 3069 2008 3084 Α
2039 3029 2234 3073 vomu
2265 3013 2586 3072 ﬂexionibns
2615 3015 2892 3081 delinitur,
2913 3022 2970 3070 et
2991 3015 3234 3070 carmine
3261 3023 3538 3084 poetarum
3563 3022 3621 3070 et

351 3095 466 3152 Aut
505 3095 625 3152 sine
661 3080 954 3166 cupiditate
995 3097 1238 3153 omnium
1284 3069 1554 3156 malorum
1582 3069 1785 3168 radice,
1815 3115 1938 3172 quae
1963 3069 2011 3135 C
2040 3069 2452 3173 commdiarum,
2479 3069 3620 3176 mimorumque'urbenitatibusetsuophis.

351 3197 586 3258 possunt
612 3188 728 3244 fieri
757 3189 915 3255 mala,
945 3205 1070 3246 cum
1097 3192 1215 3246 sine
1259 3193 1442 3250 radice
1463 3201 1560 3249 aut
1596 3194 1742 3250 nulla
1772 3194 1942 3266 depu-
2039 3206 2099 3256 et
2149 3196 2413 3268 quidquid
2434 3211 2532 3266 per
2562 3211 2722 3252 aures
2749 3196 3011 3252 introiens
3065 3196 3377 3252 virilitatem
3427 3195 3626 3251 mentis

353 3289 544 3338 tentur
581 3290 676 3337 aut
701 3284 945 3338 mortua?
989 3284 1193 3340 Deinde
1244 3287 1290 3342 si
1337 3288 1615 3356 quodlibet
1657 3296 1940 3360 peccatum
2041 3290 2336 3348 eleminat.
2386 3289 2582 3345 Odoris
2633 3296 2818 3342 autem
2861 3288 3149 3354 suavitate,
3180 3295 3237 3345 et
3253 3288 3466 3344 diversa
3503 3288 3628 3360 thy-

355 3380 674 3444 perpetrare
700 3371 877 3427 nullus
908 3380 1089 3443 potest
1106 3413 1122 3439 ,
1151 3375 1257 3429 nisi
1311 3376 1547 3446 propriae
1597 3378 1942 3435 delectationi
2043 3381 2381 3446 miamatum,
2401 3387 2460 3435 et
2478 3394 2772 3445 amomum,
2790 3386 2850 3434 et
2872 3380 3142 3451 peregrini
3163 3382 3335 3435 muris
3351 3380 3627 3452 pellicula,

355 3464 690 3529 consentiat,
704 3464 845 3533 quod
859 3465 1170 3535 cupiditatis
1191 3474 1275 3522 est
1295 3469 1590 3538 pr0prium,
1609 3477 1664 3525 et
1689 3470 1786 3525 Dei
1805 3484 1946 3540 prae-
2043 3471 2190 3542 quod
2216 3468 2492 3526 dissolutis
2516 3476 2574 3524 et
2599 3469 2878 3525 amoribus
2911 3469 3184 3525 convenit.
3231 3469 3625 3526 Tactusautem

355 3563 519 3624 cepta
548 3563 879 3622 contemnat,
908 3555 1054 3625 quod
1097 3565 1183 3612 est
1232 3558 1499 3628 superbiae
1539 3559 1742 3616 malum
1770 3577 1943 3632 :quo-
2043 3563 2345 3619 alienorum
2368 3574 2674 3632 corporum,
2720 3559 3124 3617 etfeminaru
3152 3561 3430 3617 ardentior
3462 3575 3628 3632 appe-

358 3646 526 3703 rnodo
539 3661 646 3701 non
666 3661 734 3700 ex
751 3646 1063 3716 cupiditate,
1081 3661 1200 3716 quae
1217 3647 1374 3703 radix
1398 3647 1658 3703 malorum
1673 3650 1942 3718 omnium;
2046 3655 2180 3710 titus
2197 3653 2402 3709 v’itinus
2425 3654 2480 3708 in
2508 3651 2654 3708 fama
2673 3660 2759 3708 est
2783 3651 2994 3726 [For-te,
3017 3653 3208 3708 vitium
3231 3652 3432 3709 infame
3456 3653 3589 3728 est].

359 3748 421 3798 et
444 3756 514 3797 ex
561 3741 834 3811 superbia,
860 3755 982 3810 quae
1025 3742 1236 3796 initiates
1273 3745 1440 3798 anteis
1478 3745 1676 3816 peccati
1721 3746 1944 3813 dicitur,
2116 3747 2254 3802 XIII.
2293 3745 2464 3818 Igitur
2481 3761 2604 3801 cum
2627 3760 2724 3818 per
2746 3746 2846 3802 has
2872 3754 3059 3818 portas
3087 3746 3242 3818 quasi
3261 3745 3481 3816 quidam
3503 3762 3628 3818 per-

358 3835 611 3906 procedit
653 3848 815 3888 omne
858 3833 1179 3904 peccatum?
1203 3833 1398 3890 Omnia
1442 3836 1608 3908 igitur
1631 3838 1794 3904 mala,
1827 3854 1948 3908 qum
2048 3839 2415 3893 turbationum
2439 3837 2598 3893 cunei
2625 3837 2696 3893 ad
2724 3852 2907 3894 arcem
2935 3845 3138 3895 nostra
3173 3837 3373 3894 mentis
3398 3837 3634 3892 intrave-

360 3941 464 3996 per
489 3924 840 3981 seminarium
862 3923 1124 3992 superbiae
1151 3924 1218 3980 de
1262 3924 1444 3980 radice
1473 3927 1720 3983 oriuntur
1744 3929 1952 3999 cupidi-
2049 3929 2177 3993 rint,
2206 3928 2299 3984 ubi
2325 3929 2430 3983 erit
2456 3927 2712 3985 libertas?
2745 3930 2840 3985 ubi
2860 3929 3119 3984 fortitudo
3145 3929 3298 3998 eius?
3315 3928 3409 3984 ubi
3430 3929 3497 3984 de
3521 3927 3634 3983 Deo

362 4017 518 4080 tatis,
539 4015 596 4070 in
621 4015 705 4068 his
726 4015 934 4070 duobus
951 4014 1400 4084 complectuntur,
1431 4016 1486 4072 id
1500 4024 1588 4073 est
1614 4020 1869 4088 operibus
1891 4028 1949 4076 et
2047 4021 2342 4093 cogitatio?
2398 4021 2630 4077 Maxime
2655 4037 2781 4077 cum
2807 4030 2984 4076 tactus
3024 4021 3280 4091 depingat
3327 4020 3431 4076 sibi
3466 4019 3631 4075 etiam

364 4105 600 4176 pompis.
630 4104 814 4174 Neque
841 4105 1070 4160 inveniri
1089 4115 1267 4175 potest
1295 4107 1461 4162 ullum
1486 4118 1786 4178 peccatum,
1805 4112 1948 4182 quod
2049 4110 2351 4181 praeteritas
2377 4110 2700 4181 voluptates,
2723 4117 2780 4164 et
2804 4109 3178 4166 recordatione
3201 4108 3453 4164 vitiorum
3472 4117 3631 4180 cogat

365 4216 478 4255 non
511 4200 566 4255 in
595 4200 775 4270 aliquo
811 4202 1008 4256 horum
1033 4203 1438 4258 adnumeretnr.
1476 4203 1546 4257 Et
1589 4202 1792 4260 idcirco
1817 4205 1951 4261 ﬁde-
2050 4203 2288 4258 animam
2312 4201 2442 4270 pati,
2489 4210 2547 4255 et
2590 4201 2986 4270 quodammodo
3027 4211 3286 4256 exercere
3326 4198 3469 4268 quod
3523 4213 3634 4255 non

365 4289 510 4346 libus
536 4291 605 4345 ad
625 4291 1063 4347 emundationem
1097 4292 1350 4362 baptismi
1373 4294 1752 4350 accedentibus
1780 4295 1837 4350 in
1862 4295 1949 4353 his
2051 4295 2184 4366 agit.
2250 4293 2483 4349 Peccata
2507 4308 2758 4362 namque,
2803 4309 2926 4362 quae
2948 4292 3017 4348 ad
3050 4293 3327 4349 lasciviam
3363 4294 3634 4365 pertinere

365 4382 789 4485 pro'nu'ntiantur
803 4383 1258 4485 abrenuntianda.
1977 4392 2373 4485 l)noseuntur,
2423 4391 2815 4440 commemorat
2864 4383 3034 4441 Isaias
3075 4385 3337 4456 propheta
3381 4400 3452 4442 ex
3500 4401 3636 4442 voce

441 4470 512 4528 Χ.
537 4472 605 4526 Ει
630 4471 758 4540 quia
787 4473 853 4528 de
887 4474 1142 4543 operibus
1169 4475 1365 4532 diaboli
1390 4475 1566 4534 facilis
1594 4479 1945 4551 intelligentia
1979 4470 2028 4485 ⁶’
2055 4475 2270 4532 Domini
2304 4475 2708 4541 comminantis,
2739 4474 3000 4531 dicendo:
3037 4473 3147 4530 Pro
3172 4491 3236 4530 eo
3257 4475 3396 4547 quod
3423 4475 3635 4531 elevata:

368 4569 473 4626 est,
517 4561 803 4618 dicendum
848 4563 1000 4632 prius
1049 4578 1171 4633 qua:
1211 4565 1352 4620 mala
1393 4568 1461 4622 ad
1488 4583 1712 4638 pompas
1747 4569 1946 4624 diaboli
2054 4575 2178 4623 sunt
2202 4566 2329 4636 ﬁliae
2356 4563 2505 4630 Sion,
2534 4575 2582 4619 et
2607 4563 3002 4620 ambulaverunt
3027 4573 3236 4623 extento
3277 4565 3432 4631 collo,
3463 4576 3514 4621 et
3538 4583 3638 4622 nu—

367 4653 646 4724 pertinere
684 4662 978 4709 noscantur
1005 4674 1017 4709 :
1049 4656 1233 4710 omnia
1259 4657 1508 4714 videlicet
1539 4675 1660 4729 qua:
1697 4661 1764 4716 de
1791 4661 1949 4717 lasci—
2055 4661 2194 4716 tibus
2207 4659 2477 4715 oculorum
2505 4657 2648 4711 ibant
2669 4665 2716 4711 et
2744 4656 3081 4729 plaudebant,
3105 4656 3442 4713 ambulabant
3468 4660 3526 4714 in
3549 4675 3637 4730 pe-

368 4743 464 4800 via
489 4751 651 4812 atque
674 4743 886 4799 luxuria
903 4746 1174 4811 oriuntur,
1201 4745 1379 4816 aliqua
1408 4763 1538 4803 vero
1576 4764 1698 4818 qua:
1726 4750 1794 4806 de
1830 4751 1951 4807 libi—
2056 4752 2212 4807 dibus
2251 4750 2381 4816 suis,
2413 4749 2699 4819 composito
2735 4749 2905 4819 gradu
2957 4749 3296 4815 incedebant;
3348 4749 3638 4805 decalvabit

371 4833 517 4890 dine.
547 4831 684 4887 Nam
727 4843 853 4889 sunt
887 4837 1068 4891 multa:
1095 4837 1368 4906 varimque
1391 4837 1666 4904 libidines,
1718 4855 1950 4911 quarum
2055 4843 2314 4899 Dominus
2342 4841 2584 4896 uerticem
2606 4839 2842 4910 ﬁliarum
2869 4837 3017 4906 Sion,
3073 4850 3121 4896 et
3151 4839 3409 4896 Dominus
3444 4841 3638 4896 crime

374 4923 646 4978 nonnulla:
679 4924 880 4980 habent
929 4925 1095 4981 etiam
1127 4926 1389 4982 vocabula
1439 4929 1675 4998 propria,
1708 4932 1954 5001 quadam
2055 4950 2239 4991 eorum
2258 4933 2494 4988 nudabit.
2550 4933 2619 4988 In
2637 4933 2722 4988 die
2745 4932 2840 4989 illa
2861 4933 3064 5003 auferet
3083 4933 3340 4988 Dominus
3359 4949 3640 4989 ornamen-

373 5027 508 5070 vero
533 5031 640 5071 non
663 5017 882 5072 habent.
917 5017 1048 5085 Quis
1083 5019 1229 5074 enim
1273 5017 1431 5074 facile
1459 5020 1657 5076 dixerit
1703 5023 1834 5091 quid
1861 5038 1958 5080 vo-
2057 5035 2170 5082 tum
2196 5024 2670 5080 calceamentorum
2690 5033 2738 5080 et
2758 5023 2988 5091 lunatas,
3007 5035 3058 5080 et
3076 5033 3306 5095 torques,
3326 5035 3376 5079 et
3401 5024 3637 5088 monilia,

376 5112 534 5159 cetur
557 5103 720 5161 libido
760 5107 1105 5164 dominandi?
1132 5109 1228 5164 Est
1266 5109 1431 5180 igitur
1451 5110 1617 5166 libido
1640 5112 1954 5183 ulciscendi,
2057 5125 2108 5173 et
2137 5115 2395 5182 armillas,
2429 5124 2479 5172 et
2507 5118 2710 5182 mitras,
2769 5115 3172 5179 discriminalia,
3211 5123 3261 5169 et
3288 5112 3636 5184 periscelides.

380 5210 499 5265 qua:
528 5196 610 5251 ira
636 5199 865 5265 dicitur;
910 5209 994 5256 est
1029 5201 1194 5258 libido
1220 5202 1451 5259 habendi
1492 5206 1798 5273 pecuniam,
1839 5223 1960 5278 quas
2059 5216 2111 5264 et
2139 5206 2483 5273 murranum,
2505 5217 2553 5262 et
2573 5207 2924 5280 olfactoriola,
2969 5215 3018 5262 et
3044 5207 3279 5269 inaures,
3324 5211 3374 5258 et
3393 5201 3637 5267 annales,

382 5286 608 5342 avaritia
651 5297 766 5355 est;
815 5299 899 5346 est
944 5289 1108 5346 libido
1155 5293 1634 5364 quomodocunque
1684 5297 1955 5366 vincendi,
2061 5309 2111 5355 et
2149 5315 2380 5371 gemmas
2414 5301 2472 5354 in
2507 5299 2678 5370 fronte
2722 5299 2999 5371 pendentes
3021 5295 3157 5370 (Isa.
3193 5310 3278 5359 III,
3331 5293 3441 5365 16).
3510 5292 3641 5360 ουκ

383 5389 502 5444 (λικε
527 5379 864 5448 pervicacia;
897 5390 983 5437 est
1029 5381 1192 5438 libido
1233 5383 1521 5454 gloriandi,
1551 5401 1672 5456 quae
1694 5386 1958 5456 iactantia
2061 5394 2244 5450 omnia
2266 5402 2489 5465 propter
2537 5395 2826 5464 superbum
2870 5387 3214 5459 supercilium
3241 5393 3298 5442 et
3340 5385 3642 5457 impudicos

386 5476 742 5537 nuncupatur.
781 5469 973 5525 Libido
1013 5478 1098 5526 est
1117 5472 1366 5538 nocendi,
1407 5474 1521 5532 sive
1548 5490 1646 5546 per
1682 5485 1962 5533 contume-
2063 5497 2127 5538 ac
2157 5483 2466 5540 luxuriosos
2508 5493 2662 5540 actus
2681 5483 2958 5539 hominum
3005 5479 3278 5544 dicuntur,
3320 5477 3413 5549 qui
3458 5475 3640 5535 diffusi

385 5552 671 5706 liamgsize
714 5575 813 5630 per
842 5553 1131 5710 injtgiam";
1164 5571 1220 5618 et
1236 5572 1524 5636 utrumque
1552 5568 1636 5624 vel
1664 5568 1958 5626 ulciscendi
2064 5588 2164 5644 per
2189 5577 2374 5633 omnia
2403 5576 2688 5645 desideria,
2718 5589 2912 5646 corpus
2935 5572 3139 5630 ducunt
3156 5565 3448 5644 impurum.
3505 5570 3636 5627 Item

456 5663 478 5690 ι
557 5690 572 5704 .
643 5662 819 5710 usust.
855 5655 908 5709 in
978 5655 1150 5710 nchir.

456 5663 478 5690 ι
510 5655 572 5706 S.
595 5655 819 5722 August.
855 5655 908 5709 in
929 5655 1150 5710 Enchir.
