3868 6174
391 348 482 403 881

1804 340 2184 398 EPISTOLAS.

3528 352 3642 407 885'

385 473 489 520 tem
544 464 613 517 ab
665 459 893 519 avaritia
943 458 1235 515 derivatur.
1303 458 1379 512 De
1416 457 1622 515 duobus
1668 470 1796 512 vero
1839 469 1959 527 qua:
1987 453 2035 513 Α
2060 470 2248 512 verum
2286 458 2449 513 etiam
2495 467 2897 530 praeponuntur.
2920 460 3076 517 nobis
3103 477 3134 518 a
3162 462 3273 520 Deo
3318 471 3633 536 potestates,

384 551 617 608 carnalia
667 556 812 615 sunt,
877 549 1089 606 cunctis
1124 546 1310 617 liquet,
1358 546 1423 601 de
1476 546 1680 601 ventris
1728 545 1962 615 ingluvie

385 643 653 699 luxuriam
712 642 881 698 nasci.
956 639 1088 708 Quia
1130 639 1254 695 dum
1309 655 1477 694 unum
1526 637 1830 693 inordinate
1876 652 1962 692 re—

383 733 578 800 ﬁcitur,
622 732 851 789 alterum
894 731 1087 803 procul
1140 730 1303 785 dubio
1340 729 1406 785 ad
1427 728 1782 783 contumelias
1816 727 1961 784 exci-

383 835 544 881 tatur.

447 914 588 971 XIX.
628 914 734 969 Alii
765 920 969 981 autem,
1006 913 1239 967 maxime
1284 911 1456 967 sancti
1477 908 1670 966 Patres
1697 909 1960 981 Egyptii,

379 1016 502 1063 octo
527 1006 778 1061 dixerunt
798 1019 916 1061 esse
934 1002 1251 1074 principalia
1279 1003 1433 1067 vitia,
1487 1010 1542 1058 et
1562 1001 1738 1072 prima
1768 1016 1963 1071 posue-

377 1105 503 1153 runt
523 1110 587 1155 ea
609 1110 730 1166 quae
754 1095 843 1150 hic
871 1093 1109 1149 carnalia
1132 1094 1273 1148 dicta
1302 1102 1449 1160 sunt,
1470 1094 1619 1149 idest
1642 1093 1960 1164 gastrimar—

377 1188 538 1259 giam,
557 1186 701 1256 quod
728 1195 883 1241 sonat
901 1186 1107 1240 ventris
1126 1184 1437 1257 ingluviem,
1455 1192 1509 1239 et
1526 1183 1959 1248 fornicationem,

377 1275 517 1346 quod
535 1275 623 1331 hic
637 1274 873 1347 generali
902 1275 1117 1329 nomine
1136 1273 1346 1341 luxuria
1372 1275 1699 1331 nominatur.
1719 1273 1960 1329 Tertium

376 1364 785 1435 philargyriam,
832 1363 884 1419 id
927 1371 1011 1419 est
1052 1379 1292 1419 amorem
1352 1365 1613 1435 pecunia},
1668 1364 1810 1434 quod
1863 1378 1964 1420 nos

377 1455 661 1510 avaritiam
695 1455 1055 1510 nominamus.
1117 1455 1379 1523 Quartmn
1409 1457 1566 1521 iram,
1604 1456 1848 1531 quintum
1869 1456 1962 1509 tri-

376 1548 605 1612 stitiam,
637 1556 850 1602 sextum
891 1547 1150 1611 acediam,
1181 1547 1233 1601 id
1278 1554 1363 1601 est
1387 1547 1714 1601 anxietatem
1751 1561 1844 1601 seu
1869 1555 1962 1601 tre-

376 1640 524 1693 dium
547 1636 747 1700 cordis,
778 1636 921 1706 quod
951 1634 1118 1690 nostri
1147 1637 1562 1692 inconstantiam
1591 1637 1675 1691 vel
1698 1637 1963 1709 vagatita-

378 1739 487 1785 tem
519 1729 802 1785 nominare
824 1728 1017 1783 solent.
1073 1726 1371 1799 Septimum
1415 1727 1789 1794 cenodoxiam,
1819 1728 1961 1797 quod

2062 551 2258 623 quibus
2285 552 2480 608 subditi
2499 570 2609 608 esse
2633 554 2895 621 debemus,
2925 573 3027 611 non
3054 556 3221 613 solum
3247 568 3458 631 propter
3476 560 3633 623 iram,

2060 642 2152 697 sed
2189 651 2237 697 ct
2262 653 2471 715 propter
2489 646 2880 700 conscientiam.
2936 646 3037 713 Qui
3067 657 3289 719 propter
3308 650 3410 706 ista
3452 667 3636 709 emen-

2062 734 2232 789 danda
2259 735 2602 805 promulgant
2623 736 2787 807 leges,
2819 738 3115 793 decernunt
3139 736 3638 813 justa,'proponunt

2062 825 2342 895 supplicia,
2362 827 2593 893 vincula,
2627 836 2877 893 torturas,
2908 830 3133 901 ﬂagella,
3162 833 3369 899 exsilia,
3395 843 3637 905 amputa-

2062 912 2235 968 tiones
2258 915 2645 982 membrorum,
2693 916 3011 973 amissiones
3040 935 3243 987 rerum,
3302 910 3501 978 diversi
3549 939 3634 994 ge-

2062 1003 2209 1060 neris
2245 1015 2476 1073 mortes;
2526 1015 2580 1061 et
2629 1006 2827 1067 auferri
2882 1025 2987 1064 non
3033 1019 3258 1081 possunt
3304 1013 3370 1069 de
3416 1016 3636 1071 mundo.

2061 1093 2288 1167 Propter
2324 1098 2424 1152 ista
2453 1098 2850 1155 ecclesiasticus
2876 1101 3050 1171 vigor,
3098 1105 3386 1173 correptio,
3418 1120 3635 1161 excom-

2064 1195 2377 1260 municatio,
2430 1195 2495 1248 de
2526 1194 2768 1252 Ecclesia
2816 1196 3079 1263 exclusio,
3121 1197 3265 1270 leges
3288 1200 3638 1267 paenitentia,

2063 1284 2571 1349 anathematizatio;
2605 1293 2659 1340 et
2679 1284 2876 1341 auferri
2919 1302 3023 1342 non
3052 1298 3278 1357 possunt
3304 1290 3369 1346 de
3388 1290 3638 1347 ecclesia.

2062 1373 2474 1439 Constituantur
2514 1369 2747 1447 judices,
2797 1376 3054 1435 insistunt
3099 1374 3272 1434 oﬂicia
3299 1421 3314 1446 ,
3352 1382 3645 1439 mittuntur

2063 1465 2287 1532 ultores,
2329 1474 2387 1521 ut
2414 1467 2529 1521 hare
2563 1467 2906 1535 corrigantur
2939 1487 2951 1522 :
3002 1476 3058 1525 et
3085 1469 3152 1523 ad
3180 1471 3453 1526 cumulum
3485 1473 3645 1531 mise-

2062 1552 2288 1619 riarum,
2321 1554 2513 1624 quibus
2541 1554 2783 1610 mortalis
2811 1555 2921 1609 vita
2966 1565 3142 1611 exstat
3174 1556 3510 1628 plenissima,
3552 1560 3646 1617 ubi

2063 1652 2266 1701 statuta
2288 1643 2516 1713 justitia,
2559 1644 2803 1716 nequitia
2856 1648 3202 1703 condemnari
3246 1658 3303 1705 et
3341 1652 3645 1709 innocentia

2066 1735 2269 1791 absolvi
2298 1744 2536 1805 putatur,
2561 1736 2862 1807 ignorantia
2893 1738 3111 1794 fallente
3138 1740 3455 1813 plerumque
3472 1760 3645 1801 econ—

377 1834 479 1874 nos
504 1819 721 1873 inanem
748 1818 975 1889 gloriam
1014 1818 1262 1873 dicimus.
1331 1815 1596 1874 Octavum
1631 1819 1958 1888 superbiam.
1995 1799 2036 1857 Β
2068 1827 2237 1882 trario
2262 1827 2457 1898 agitur,
2486 1839 2544 1885 ut
2574 1820 2985 1887 malitiavictrix
3012 1834 3218 1901 redeat,
3264 1844 3319 1890 et
3344 1799 3645 1907 innocentia

376 1911 851 1967 Praetermiserunt
884 1928 1011 1967 vero
1062 1913 1341 1977 invidiam,
1382 1913 1675 1967 maximum
1702 1914 1965 1983 superbia)

377 2003 585 2073 prolem
651 2019 715 2059 ac
762 2004 1046 2070 comitem;
1108 2004 1425 2059 addiderunt
1465 2014 1644 2059 autem
1690 2005 1965 2069 acediam,

379 2096 527 2164 quod
573 2094 825 2150 doctores
858 2094 1112 2151 Ecclesiae
1161 2096 1303 2152 inter
1342 2097 1661 2168 principalia
1701 2098 1828 2152 vitia
1860 2115 1964 2153 non

376 2194 703 2257 posuerunt,
755 2187 849 2241 sed
872 2188 1042 2258 magis
1076 2186 1206 2243 illud
1232 2190 1298 2244 de
1322 2190 1563 2255 tristitia,
1613 2190 1726 2245 sive
1757 2191 1966 2247 luxuria

379 2277 534 2333 nasci
560 2276 848 2332 dixerunt:
896 2280 1019 2349 quia
1048 2289 1102 2335 et
1122 2296 1310 2336 revera
1338 2282 1493 2351 quasi
1520 2283 1797 2353 proprium
1820 2282 1968 2337 vide-

381 2379 473 2425 tur
496 2384 620 2424 esse
640 2371 1048 2424 monachorum.
1121 2368 1255 2425 Nam
1281 2364 1606 2442 generaliter
1657 2373 1711 2427 in
1759 2372 1970 2429 cunctis

381 2460 636 2516 ﬁdelibus
662 2459 832 2515 multo
854 2460 1031 2515 minus
1056 2462 1256 2517 malum
1288 2463 1500 2517 videtur
1528 2477 1665 2528 esse,
1695 2478 1853 2532 quam
1890 2463 1969 2518 in-

380 2550 559 2604 vidia:
614 2550 740 2621 quia
769 2558 823 2605 et
851 2551 904 2605 in
935 2552 1129 2606 divinis
1158 2551 1353 2607 litteris
1378 2550 1567 2622 majori
1616 2554 1971 2610 detestatione

381 2632 632 2692 natatum
683 2641 954 2694 invenitur
1004 2640 1225 2707 invidia,
1285 2657 1445 2711 quam
1494 2643 1705 2713 vagatio
1754 2645 1967 2700 mentis.

380 2728 650 2786 Ultimum
675 2740 972 2803 posuerunt
998 2734 1327 2804 superbiam,
1370 2734 1512 2806 quod
1543 2735 1633 2789 alii
1659 2750 1876 2790 causam
1917 2743 1973 2791 et

379 2823 655 2901 originem
684 2825 924 2879 omnium
952 2825 1207 2881 vitiorum
1234 2840 1353 2880 esse
1372 2825 1643 2881 dixerunt.
1693 2826 1759 2881 Et
1780 2840 1971 2881 revera

380 2917 731 2989 perspicuum
774 2927 857 2972 est
902 2934 1010 2973 non
1033 2919 1098 2973 de
1128 2917 1272 2973 inani
1303 2918 1473 2991 gloria
1517 2918 1846 2989 superbiam,
1878 2918 1973 2974 sed

379 3012 454 3066 tle
482 3009 734 3081 superbia
762 3011 976 3065 inanem
1030 3009 1255 3082 gloriam
1303 3011 1574 3080 generari.
1628 3009 1749 3064 Pari
1790 3017 1973 3064 autem

376 3088 642 3157 contentu
690 3101 906 3172 utrique
945 3100 1143 3171 duplici
1184 3116 1248 3156 ea
1279 3101 1539 3156 divisione
1586 3101 1970 3166 distinxerunt,

379 3191 443 3247 id
464 3198 548 3247 est
573 3191 812 3246 carnalia
838 3198 892 3245 et
912 3191 1194 3261 spiritalia,
1234 3207 1357 3246 cum
1386 3197 1562 3246 tamen
1590 3189 1878 3261 Apostolus
1901 3192 1973 3248 si-

378 3283 500 3337 mul
518 3282 698 3337 omnia
726 3297 890 3352 opera
910 3282 1087 3337 carnis
1112 3282 1397 3337 manifesta
1422 3298 1540 3338 esse
1580 3282 1794 3338 dixerit.
1848 3281 1975 3339 Om-

376 3377 536 3429 nium
581 3389 795 3445 quoque
846 3374 1099 3429 vitiorum
1149 3372 1490 3431 emeientiam
1524 3378 1971 3447 quadripartitam

375 3466 755 3543 esseﬂdieunt.
811 3464 946 3520 Nam
997 3464 1243 3536 qutedam
1291 3467 1505 3522 nonnisi
1562 3476 1686 3524 actu
1731 3470 1974 3538 corporis

378 3557 752 3611 consummari
792 3563 1038 3627 possunt,
1075 3564 1136 3611 ut
1178 3557 1385 3612 ventris
1414 3557 1676 3628 ingluvies
1722 3567 1778 3613 et
1804 3558 1975 3613 forni-

380 3649 563 3703 catio:
610 3649 856 3718 quaedam
886 3663 1016 3703 vero
1045 3647 1162 3702 sine
1187 3648 1295 3703 ulla
1316 3648 1562 3718 corporis
1589 3649 1798 3704 actione
1826 3664 1975 3704 com—

380 3738 619 3809 plentur,
673 3745 733 3791 ut
760 3736 1011 3808 superbia
1045 3738 1450 3795 ctcenodoxia:
1501 3741 1745 3811 quaedam
1794 3750 1974 3793 autem

380 3829 767 3886 commotionis
812 3844 922 3885 sua:
973 3844 1164 3885 causas
1192 3830 1529 3885 extrinsecus
1562 3831 1859 3899 excipiunt,
1913 3837 1973 3884 ut

381 3920 618 3977 avaritia
643 3927 699 3974 et
718 3920 824 3973 ira:
859 3918 962 3973 alia
992 3935 1122 3975 vero
1165 3920 1437 3977 intestinis
1480 3920 1713 3977 motibus
1733 3920 1973 3975 excitan-

382 4022 497 4078 tur,
529 4018 593 4065 ut
614 4010 801 4065 acedia
837 4017 998 4078 atque
1027 4010 1264 4065 tristitia.

453 4099 580 4157 XX.
620 4098 749 4155 ηερε
768 4107 824 4153 et
844 4098 1011 4154 multa
1030 4097 1337 4166 huiusmodi
1364 4101 1517 4164 vitia,
1558 4106 1681 4169 qam
1729 4099 1975 4155 dividun-

385 4203 479 4250 tur
498 4193 553 4248 in
586 4190 840 4261 operibus
863 4200 917 4244 et
960 4189 1170 4259 pompis
1199 4189 1419 4254 diaboli,
1461 4190 1549 4259 qui
1577 4197 1660 4244 est
1705 4198 1893 4245 auctor
1920 4196 1976 4246 et

382 4283 641 4353 princeps
668 4290 1013 4351 peccatorum
1041 4277 1237 4348 quibus
1262 4276 1315 4332 in
1336 4276 1602 4347 baptismo
1629 4279 1974 4333 abrenuntia-

384 4376 587 4438 vimus,
616 4372 834 4443 etquod
859 4369 1011 4441 pejus
1032 4377 1134 4434 est,
1189 4369 1257 4423 ad
1296 4386 1357 4424 ea
1396 4375 1587 4425 lterum
1620 4377 1972 4434 revertentes,

383 4480 573 4521 earum
607 4463 1024 4532 inquinamentis
1044 4460 1383 4516 sordidamur
1406 4470 1460 4517 et
1504 4461 1759 4515 oneribus
1804 4462 1970 4530 depri-
2000 4501 2048 4559 Β

384 4563 607 4624 mimur,
653 4566 712 4613 ut
738 4558 933 4611 merito
954 4556 1228 4611 dicamus:
1280 4554 1430 4615 Sicut
1483 4571 1614 4606 onus
1664 4570 1819 4623 grave
1847 4569 1967 4622 gra-

383 4660 520 4705 rata'
563 4659 684 4703 sunt
729 4666 886 4718 super
915 4664 1013 4701 me.
1092 4643 1421 4699 Putrucrunt
1460 4653 1506 4697 et
1552 4652 1811 4714 corrupta!
1846 4652 1977 4698 sunt

385 4740 656 4793 cicatrices
685 4752 811 4791 metr
834 4756 864 4791 a
889 4737 1025 4804 {acie
1070 4735 1382 4805 insipientia:
1421 4750 1566 4786 mete.
1627 4733 1857 4788 Miseri-is
1884 4733 1969 4803 af-

384 4831 563 4900 ﬂictus
592 4844 710 4882 sum
734 4840 892 4898 usque
915 4828 969 4881 in
997 4827 1174 4895 ﬁnem.
1233 4822 1471 4891 Quorum
1519 4825 1861 4892 corruptione
1891 4825 1971 4878 di-

385 4920 673 4984 laniamur,
702 4926 757 4974 et
777 4918 915 4973 sicut
939 4918 1055 4973 sani
1090 4916 1402 4989 gaudemus.
1451 4912 1677 4982 Propter
1700 4914 1801 4967 ista
1824 4929 1971 4969 cum-

389 5013 630 5066 minatur
678 5010 833 5064 nobis
887 5009 1023 5062 Deus
1070 5008 1241 5078 judem
1262 5005 1464 5077 justus,
1494 5003 1644 5074 fortis
1668 5012 1717 5057 et
1745 5006 1965 5074 patiens,

388 5102 489 5154 nisi
524 5108 906 5164 convertamur,
938 5112 1127 5167 poenas
1165 5105 1417 5160 :eternas,
1458 5095 1548 5148 ubi
1583 5094 1769 5147 vermis
1798 5105 1972 5149 noster

388 5207 492 5244 non
517 5192 757 5251 moritur,
808 5201 854 5243 et
884 5190 1017 5258 ignis
1045 5202 1144 5241 non
1190 5188 1558 5257 exstinguitur.
1610 5185 1838 5255 Propter
1868 5186 1969 5240 ista

388 5284 676 5339 atterimur
701 5293 755 5337 et
781 5280 1064 5351 afﬂigimur
1085 5278 1306 5349 ﬂagellis
1328 5277 1709 5348 temporalibus
1730 5279 1784 5332 in
1813 5277 1975 5333 rebus

390 5372 662 5436 humanis,
702 5372 880 5436 bellis,
937 5371 1358 5441 captivitatibus,
1407 5370 1728 5440 pestilentiis
1754 5410 1768 5434 ,
1810 5368 1968 5433 fame,

390 5464 726 5536 aegritudine.
778 5463 1003 5535 Propter
1044 5471 1125 5517 sta
1156 5464 1564 5518 incommoditas
1585 5478 1790 5527 aerum,
1818 5462 1973 5517 sicci-

395 5566 494 5624 tas,
525 5557 854 5613 exundantia
885 5557 1207 5628 pluviarum,
1260 5555 1601 5610 inclementia
1627 5555 1857 5626 frigoris,
1884 5568 1974 5610 ve—

391 5645 661 5704 hementia
691 5648 920 5712 ardoris,
955 5645 1185 5701 defectio
1234 5645 1683 5713 adjumentorum.
1749 5645 1973 5714 Propter

392 5748 509 5807 quae
558 5756 665 5794 non
716 5739 886 5796 solum
915 5737 1130 5793 cmlitns
1174 5736 1497 5806 corripimur
1523 5745 1581 5789 et
1623 5735 1971 5805 castigamur,

2067 1920 2341 1990 puniatur.

2136 2010 2277 2066 XXI.
2320 2010 2445 2067 llzec
2478 2011 2772 2081 prohibitio
2812 2020 2865 2068 et
2909 2015 3139 2096 eruditio
3178 2024 3365 2071 contra
3393 2030 3487 2072 eas
3524 2033 3647 2072 eum

2069 2102 2263 2170 quibus
2310 2102 2586 2156 nascimur
2610 2102 2865 2158 tenebras
2914 2102 3177 2176 vigilant,
3234 2113 3289 2160 et
3319 2114 3507 2163 contra
3550 2105 3648 2161 hos

2069 2190 2301 2260 impetus
2348 2199 2731 2260 opponuntur;
2776 2190 2948 2262 plena:
3002 2200 3177 2248 tamen
3217 2194 3381 2249 etiam
3408 2195 3539 2264 ipsa?
3566 2194 3646 2250 la-

2067 2280 2260 2335 borum
2303 2288 2359 2334 et
2405 2280 2668 2361 dolorum.
2731 2280 2866 2337 Nam
2916 2283 3044 2353 quid
3090 2283 3189 2339 sibi
3240 2285 3427 2339 volunt
3464 2283 3648 2340 multi—

2069 2374 2241 2432 modo:
2274 2372 2608 2440 formidines,
2666 2389 2786 2444 qua:
2828 2375 3143 2432 cobibendis
3183 2376 3348 2432 etiam
3400 2376 3645 2446 parvulo-

2070 2484 2191 2523 rum
2217 2467 2543 2523 vanitatibus
2562 2468 2934 2523 adhibentur?
2981 2469 3109 2538 quid
3151 2470 3474 2551 paedagogi?
3522 2472 3651 2541 quid

2070 2557 2361 2627 magistri?
2397 2557 2523 2628 quid
2568 2555 2798 2611 ferulae?
2846 2556 2971 2625 quid
3017 2558 3150 2612 hora
3183 2554 3268 2629 [F
3272 2567 3406 2623 orte,
3452 2557 3651 2633 lora]?

2072 2650 2196 2719 quid
2222 2649 2419 2720 virga)?
2461 2646 2588 2718 quid
2622 2646 2901 2718 disciplina
2932 2647 3043 2713 illa,
3073 2664 3177 2717 qua
3225 2646 3504 2719 Scriptura
3530 2666 3647 2706 san-

2072 2746 2158 2796 cta
2180 2738 2311 2793 dicit
2331 2738 2510 2794 dilecti
2565 2736 2658 2791 ﬁlii
2702 2737 2870 2792 latera
2910 2753 3030 2793 esse
3079 2737 3369 2803 tundenda,
3423 2753 3492 2795 ne
3534 2754 3654 2799 ere-

2072 2840 2190 2887 scat
2226 2830 2536 2897 indomitus,
2565 2828 2879 2899 domarique
2899 2830 3012 2899 jam
3036 2830 3204 2886 durus
3232 2838 3327 2885 aut
3352 2831 3441 2886 vix
3461 2832 3653 2902 possit,

2074 2926 2165 2972 aut
2187 2917 2415 2974 fortasse
2451 2924 2549 2974 nec
2573 2920 2777 2986 possit?
2826 2917 2965 2985 Quid
2990 2920 3168 2990 agitur
3206 2919 3293 2975 bis
3328 2922 3505 2990 pzrnis
3535 2938 3655 2978 om-

2073 3010 2247 3073 nibus,
2297 3009 2477 3063 nisiut
2516 3007 2811 3063 debelletur
2833 3009 3119 3079 imperitia,
3147 3018 3226 3066 .et
3251 3025 3416 3081 prava
3451 3013 3654 3083 cupidi-

2078 3106 2161 3158 tas
2197 3101 2516 3168 infrenet'ur,
2555 3116 2678 3157 cum
2728 3101 2924 3171 quibus
2972 3102 3127 3159 malis
3167 3102 3221 3158 in
3253 3104 3357 3160 hoc
3401 3103 3654 3161 saeculum

2076 3193 2356 3251 venimus?
2520 3266 2523 3269 ἢ

2143 3283 2304 3338 XXII.
2346 3282 2487 3349 Quot
2512 3289 2568 3337 et
2595 3281 2810 3350 quantis
2845 3278 3021 3353 poenis
3046 3282 3164 3338 aliis
3210 3299 3378 3355 genus
3425 3284 3654 3356 agitetur

2074 3375 2367 3429 humanum
2392 3412 2406 3437 ,
2446 3386 2567 3443 qua:
2591 3385 2696 3425 non
2739 3370 2807 3424 ad
2842 3369 3102 3425 malitiam
3125 3379 3181 3426 et
3207 3372 3503 3441 nequitiam
3552 3371 3652 3426 ini-

2074 3444 2326 3535 quorum,
2357 3462 2450 3517 sed
2499 3460 2566 3515 a‘d
2594 3459 2953 3515 conditionem
2972 3460 3245 3531 pertinent
3274 3460 3656 3532 miseriamque

2074 3566 2435 3617 communem,
2455 3551 2577 3621 quis
2599 3547 2711 3605 ullo
2735 3538 2990 3605 sermone
3015 3547 3228 3620 digerit,
3258 3549 3380 3620 quis
3426 3548 3536 3604 ulla
3566 3563 3656 3606 co-

2074 3643 2333 3715 gitatione
2382 3638 2825 3710 comprehendit?
2876 3638 3120 3705 Quantus
3165 3647 3248 3692 est
3283 3646 3458 3694 metus
3495 3654 3526 3692 a
3567 3636 3657 3693 de-

2073 3733 2408 3804 ceptionihus
2445 3739 2500 3786 et
2530 3729 2826 3786 mendaciis
2852 3729 3152 3793 hominum,
3206 3744 3234 3784 a
3260 3729 3658 3798 suspicionibus

2073 3824 2258 3880 falsis?
2304 3822 2515 3890 Quanta
2555 3829 2806 3892 putamus
2835 3835 2975 3887 esse,
3025 3835 3187 3891 quam
3238 3821 3458 3887 misera,
3491 3838 3654 3893 quam

2073 3915 2335 3971 dolenda?
2364 3913 2804 3983 Quandoquidem
2818 3913 2872 3967 hi
2894 3910 3157 3984 iudicant,
3187 3913 3277 3981 qui
3300 3914 3660 3969 conscientias

2073 4019 2261 4061 eorum
2282 4004 2348 4060 de
2362 4004 2557 4075 quibus
2579 4002 2825 4073 iudicant
2865 4016 3091 4058 cernere
3116 4012 3409 4072 nequeunt,
3452 4011 3509 4057 et
3535 4018 3656 4058 cum

2074 4096 2195 4166 quis
2241 4097 2501 4165 quzeritur
2546 4102 2725 4148 utrum
2751 4094 2825 4146 sit
2850 4100 3050 4147 nocens
3088 4092 3397 4157 cruoiatur,.
3427 4098 3485 4147 et
3509 4092 3661 4149 inno-

2073 4203 2202 4244 cens
2238 4187 2335 4241 luit
2362 4203 2458 4256 pro
2484 4186 2690 4241 incerto
2716 4184 2919 4239 scelere
2945 4183 3273 4238 certissimos
3297 4198 3517 4253 pugnas;
3550 4200 3656 4241 non

2075 4278 2215 4347 quod
2232 4277 2357 4330 illud
2390 4278 2725 4331 commisisse
2738 4274 3024 4344 detegitur,
3041 4272 3133 4329 sed
3153 4276 3295 4345 quod
3308 4290 3416 4332 non
3432 4278 3658 4332 commi-

2075 4367 2208 4421 sisse
2231 4366 2488 4420 nescitur.
2544 4365 2620 4419 Ac
2641 4380 2737 4435 per
2756 4366 2860 4418 hoc
2884 4365 3186 4435 ignorantia
3207 4365 3406 4435 judicis
3427 4356 3657 4438 plerum-

2075 4472 2179 4526 que
2214 4464 2296 4510 est
2330 4454 2611 4510 calamitas
2648 4454 2979 4517 innocentis;
3019 4463 3075 4511 et
3104 4458 3245 4525 quod
3274 4465 3355 4512 est
3399 4458 3657 4514 intolera-

2074 4546 2232 4621 bilius
2282 4545 2560 4616 magisque
2600 4540 2978 4615 plangendum,
3037 4546 3426 4618 rigandumque
3469 4549 3515 4605 si
3538 4544 3655 4606 ﬁeri

2073 4645 2250 4707 potest
2279 4636 2513 4693 fontibus
2550 4637 2941 4709 lacrymarum;
2995 4652 3116 4693 cum
3162 4647 3450 4710 prapterea
3489 4639 3657 4711 iudex

2078 4737 2327 4799 torqueat
2374 4734 2705 4790 accusatum,
2742 4742 2812 4782 ne
2864 4727 3076 4784 occidat
3115 4729 3365 4784 nesciens
3396 4729 3657 4787 innocen-

2076 4825 2204 4884 tem,
2233 4814 2295 4872 flt
2319 4833 2417 4887 per
2438 4816 2753 4888 ignorantiae
2778 4816 3071 4884 miseriam,
3100 4826 3162 4874 ut
3190 4826 3246 4874 et
3269 4826 3470 4875 tortum
3496 4827 3549 4876 et
3577 4820 3659 4875 in-

2075 4917 2359 4965 nocentem
2408 4908 2636 4973 occidat,
2683 4912 2843 4978 quem
2886 4922 2954 4963 ne
3005 4909 3348 4963 innocentem
3386 4909 3660 4965 occideret

2073 5007 2321 5055 torserat.
2379 4999 2515 5066 Quia
2544 4999 2860 5070 plerumque
2906 5000 3081 5071 hirqui
3109 5009 3425 5073 arguuntur,
3461 5001 3514 5054 vi
3560 4997 3658 5054 do-

2073 5093 2203 5148 loris
2229 5092 2487 5162 superati,
2538 5091 2606 5146 de
2636 5106 2694 5146 se
2735 5092 2867 5147 falsa
2912 5092 3142 5147 confessi
3172 5093 3333 5149 etiam
3362 5091 3658 5162 puniuntur

2073 5186 2413 5249 innocentes,
2440 5192 2496 5238 et
2518 5192 2699 5238 utrum
2732 5184 3069 5238 innocentem
3095 5198 3164 5236 an
3188 5190 3468 5236 nocentem
3486 5178 3651 5249 judex

2074 5278 2354 5341 occiderit,
2403 5276 2595 5331 nescit.
2672 5273 2875 5331 Verum
2913 5282 2997 5329 est
3026 5273 3167 5343 quod
3218 5272 3293 5326 ait
3342 5270 3652 5340 Scriptura:

2077 5367 2317 5422 Tentatio
2345 5376 2418 5422 est
2449 5368 2556 5420 vita
2587 5367 2810 5421 hominis
2842 5379 2999 5433 super
3024 5372 3238 5416 terram.
3289 5359 3386 5415 Et:
3432 5356 3659 5429 Propter

2072 5461 2404 5532 iniquitatem
2445 5459 2741 5529 corripuisti
2773 5455 3050 5516 hominem,
3079 5463 3127 5506 et
3181 5452 3440 5506 tabescere
3486 5450 3659 5521 fecisti

2073 5551 2208 5605 sicut
2238 5565 2485 5605 araneam
2509 5549 2737 5601 animam
2765 5545 2898 5614 ejus.
2951 5542 3210 5598 Oriuntur
3238 5541 3382 5598 inter
3402 5540 3661 5597 Ecclesia

2074 5650 2316 5697 rectores
2366 5648 2421 5694 et
2477 5636 2783 5708 reipublicae
2833 5632 3296 5688 administratores
3360 5632 3657 5687 innumera

2076 5733 2468 5795 contentiones,
2508 5738 2561 5784 et
2593 5726 2879 5798 instigante
2914 5724 3188 5795 superbia,
3235 5723 3529 5795 cupiditate
3571 5729 3653 5776 atr-
