3878 6172
241 497 346 549 que
393 481 593 538 invidia
621 488 675 537 et
719 482 916 538 clausis
961 480 1132 537 oculis
1171 481 1413 536 zelamur
1439 489 1494 537 et
1537 480 1822 552 belligera-

243 591 363 631 mus
383 576 449 630 ad
484 574 714 631 invicem
734 575 965 644 proximi
1005 574 1200 644 quibus
1415 571 1630 627 Nemini
1667 573 1822 643 quid-

242 679 397 735 quam
417 663 668 732 debeatis,
702 666 803 720 nisi
828 667 1112 720 utinvicem
1135 664 1470 736 diligatis.Et
1489 672 1568 720 tot
1592 680 1654 720 ac
1673 672 1820 719 tanta

239 754 383 810 mala
431 756 586 812 nobis
626 756 962 813 imminentia
1014 759 1410 823 consentimus,
1455 757 1651 827 quibus
1701 769 1822 811 esse

240 861 345 901 non
360 846 588 903 debebat
601 852 852 904 adversus
873 867 1081 904 carnem
1096 861 1142 904 et
1163 849 1472 920 sanguinem
1498 847 1816 912 colluctatio,

237 937 334 994 sed
356 939 606 994 adversus
649 943 906 1012 principes
943 951 994 995 et
1018 947 1294 1012 potestates
1319 979 1334 1005 ,
1365 938 1612 993 adversus
1638 939 1822 993 mundi

239 1039 460 1085 rectores
480 1031 807 1086 tenebrarum
829 1031 1037 1098 harum,
1069 1031 1320 1085 adversus
1354 1029 1616 1100 spiritalia
1639 1030 1820 1100 nequi-

238 1121 326 1176 tia:
356 1120 413 1176 in
441 1121 746 1178 calestibus.
774 1123 978 1178 Indicta
1008 1132 1132 1178 sunt
1174 1122 1331 1178 nobis
1371 1122 1650 1177 innumera
1679 1120 1818 1175 bella

236 1213 486 1285 principis
533 1224 582 1270 et
608 1217 876 1286 potestatis
923 1217 1059 1270 aeris
1090 1215 1291 1286 hujus,
1341 1215 1431 1286 qui
1476 1223 1723 1284 operatur
1764 1214 1820 1266 in

239 1303 374 1360 filios
411 1305 748 1376 diﬁidentite,
796 1307 949 1362 saevit
975 1306 1260 1361 adversum
1289 1319 1388 1361 nos
1427 1304 1554 1359 totis
1589 1303 1815 1360 viribus.

306 1395 496 1452 XXIII.
539 1395 800 1453 Terrores
824 1398 988 1452 etiam
1029 1397 1222 1453 divinae
1265 1395 1700 1452 comminationis
1737 1397 1820 1451 in-

237 1494 428 1542 tonant
468 1503 630 1559 super
663 1504 780 1544 nos.
825 1487 1100 1544 Severitas
1141 1488 1318 1560 legum
1351 1495 1404 1543 et
1431 1488 1698 1543 districtio
1733 1502 1819 1542 re-

234 1592 361 1647 gum
385 1577 612 1648 vigilant
633 1579 701 1634 ad
725 1581 1055 1636 coercendos
1078 1595 1196 1645 nos,
1232 1587 1288 1634 et
1316 1578 1452 1634 nihil
1495 1580 1691 1634 horum
1730 1587 1816 1634 at-

239 1666 527 1733 tendimus,
554 1668 739 1726 nisiut
764 1658 984 1726 invicem
1015 1671 1349 1725 mordeamus
1381 1680 1430 1725 et
1461 1671 1815 1740 comedamus,

236 1763 293 1810 ut
322 1755 387 1810 ab
419 1757 636 1812 invicem
663 1775 1052 1814 consumamur.
1099 1760 1236 1826 iicu,
1279 1761 1415 1831 proh
1453 1759 1638 1816 dolor!
1683 1761 1816 1816 Tam

233 1848 412 1904 securi
450 1850 728 1922 pergimus
774 1851 854 1906 ad’
891 1852 1128 1906 tenebras
1175 1855 1478 1919 exteriores,
1538 1854 1694 1924 quasi
1744 1855 1819 1910 ibi

235 1940 390 1995 nobis
413 1941 657 1997 cubicula
690 1951 1061 2012 exstruantur,
1100 1943 1298 2001 cubilia
1327 1953 1662 2011 sternantur,
1686 1946 1819 2002 deli-

234 2027 333 2086 cite
378 2042 795 2102 praeparentur,
837 2035 1074 2093 ministri
1121 2046 1519 2108 procurentur,
1576 2039 1815 2094 thesauri

233 2130 614 2193 congerantur,
653 2133 970 2181 ornamenta
997 2127 1443 2198 multiplicemur,
1486 2146 1609 2186 cum
1637 2128 1820 2204 Scripo

236 2222 360 2270 tura
389 2215 536 2271 dicat
560 2234 572 2270 :
600 2215 962 2290 Quodcunque
989 2228 1154 2290 potest
1179 2237 1364 2276 manus
1397 2233 1488 2277 tua
1518 2223 1712 2293 facere,
1741 2224 1818 2278 in-

233 2314 434 2360 stanter
446 2321 694 2377 operare:
709 2309 834 2379 quia
856 2325 948 2363 nec
969 2326 1122 2381 opus,
1136 2327 1228 2365 nec
1250 2314 1406 2378 ratio,
1424 2330 1515 2368 nec
1530 2315 1816 2386 sapientia,

233 2411 325 2450 nec
341 2395 558 2452 scientia
577 2409 728 2453 erant
754 2399 895 2478 apud
915 2400 1134 2470 inferos,
1164 2419 1265 2474 quo
1283 2413 1338 2457 tu
1360 2421 1630 2476 prope-ras.
1665 2405 1820 2462 Unde

230 2487 386 2544 nobis
402 2495 512 2548 tam
527 2489 808 2562 impudens
828 2494 1098 2564 superbia,
1113 2495 1419 2567 importuna
1437 2500 1726 2570 cupiditas,
1744 2501 1820 2556 in-

234 2576 434 2634 frunita
474 2579 733 2637 lascivia?
772 2581 874 2638 nisi
904 2585 1029 2654 quia
1055 2586 1123 2641 ad
1153 2601 1216 2641 ea
1247 2587 1443 2656 quibus
1470 2589 1523 2643 in
1552 2590 1821 2662 baptismo

234 2673 755 2741 abrenuntiavimus,
779 2673 1148 2746 imprudenter
1167 2679 1520 2747 revertimur;
1543 2690 1598 2737 et
1618 2683 1822 2737 contin-

234 2761 313 2832 git
338 2761 493 2818 nobis
523 2778 612 2820 res
639 2763 750 2820 veri
772 2767 1044 2836 proverbii
1067 2785 1081 2822 :
1107 2765 1269 2824 Canis
1299 2787 1537 2826 reversus
1565 2773 1635 2826 ad
1664 2774 1824 2828 vomi-

233 2864 344 2907 tum
370 2870 543 2920 suum,
575 2865 624 2911 et
648 2872 740 2913 sus
778 2856 886 2913 lota
926 2859 983 2915 in
1027 2858 1298 2916 votutabro
1330 2860 1449 2918 luti.
1490 2861 1641 2920 Unde
1686 2864 1822 2921 bella

234 2951 284 2997 et
331 2943 469 3012 lites,
525 2945 602 3002 ait
649 2947 967 3020 Apostolus,
1017 2951 1074 3006 in
1118 2951 1298 3008 vobis?
1339 2952 1532 3010 Nonne
1569 2957 1822 3014 hinc:ea;

233 3037 665 3108 concupiscentiis
723 3042 935 3108 vestris,
999 3059 1118 3118 qua:
1170 3044 1401 3100 militant
1463 3047 1520 3102 in
1576 3050 1820 3114 membris

235 3130 414 3186 vestris
431 3130 456 3185 .’

310 3220 500 3282 XXIV.
541 3223 886 3284 Manifestum
933 3235 1016 3286 est
1064 3245 1216 3303 ergo,
1255 3246 1472 3292 onmem
1517 3234 1824 3290 contentio-

237 3327 362 3371 nem
400 3315 543 3373 inter
580 3334 678 3374 nos
705 3336 773 3376 ex
803 3321 1096 3392 cupiditate
1130 3323 1299 3379 oriri:
1323 3325 1578 3395 quoniam
1607 3340 1713 3380 non
1742 3334 1826 3382 est

242 3406 350 3464 tale
393 3408 595 3466 bonum
638 3412 794 3484 quod.
821 3413 911 3470 hic
958 3429 1229 3481 amamus,
1261 3424 1320 3471 ut
1347 3416 1521 3472 nullas
1550 3419 1825 3490 angustias

238 3495 407 3554 faciat
447 3503 784 3560 amatoribus
833 3504 964 3562 suis.
1005 3505 1129 3563 ldco
1175 3505 1490 3578 plerumque
1537 3509 1826 3565 dividimur

240 3590 532 3661 litigando,
576 3594 886 3651 mortiferas
931 3605 1026 3650 aut
1074 3606 1224 3652 certe
1269 3599 1526 3655 mortales
1567 3599 1825 3658 victorias

243 3681 586 3750 requirendo,
614 3691 671 3738 et
709 3699 832 3739 cum
869 3685 992 3756 quis
1015 3685 1208 3741 vicerit
1236 3689 1500 3756 superbus
1524 3688 1827 3744 extollitur.

243 3771 299 3828 Si
327 3787 458 3829 vero
483 3774 848 3830 conditionem
893 3776 1139 3848 cogitans
1182 3793 1449 3848 casusque
1484 3795 1826 3847 communes,

241 3861 413 3933 magis
433 3877 553 3932 quae
575 3864 824 3920 accidere
849 3874 1078 3934 possunt
1096 3867 1338 3924 adversis
1364 3870 1579 3940 angitur
1606 3912 1621 3938 ,
1661 3886 1824 3941 quam

241 3956 319 4011 eis
361 3970 482 4028 quae
524 3958 878 4027 provenerint
925 3961 1177 4016 secundis
1226 3961 1390 4017 rebus
1440 3961 1675 4018 inﬂatur.
1716 3964 1825 4020 Res

238 4050 382 4106 enim
421 4050 675 4120 quaelibet
708 4057 922 4108 terrena
943 4052 1103 4109 simul
1133 4068 1165 4108 a
1192 4052 1375 4108 multis
1409 4053 1676 4125 possideri
1716 4071 1822 4110 non

239 4150 451 4215 potest;
490 4143 616 4213 quia
659 4144 706 4200 si
747 4161 888 4202 unus
925 4145 1194 4216 possidet,
1226 4145 1294 4200 ab
1323 4143 1440 4214 ejus
1483 4146 1825 4216 possessione

237 4233 378 4290 alter
409 4233 732 4290 excluditur.
763 4233 872 4290 Res
895 4244 1085 4290 autem
1105 4235 1319 4302 divinm,
1350 4251 1486 4306 quas
1512 4235 1652 4290 Deus
1669 4233 1826 4304 jubet

237 4333 298 4384 ut
341 4342 604 4395 amemus,
647 4327 728 4383 sic
754 4343 785 4382 a
811 4329 995 4386 multis
1033 4327 1398 4398 possidentur,
1429 4337 1490 4384 ut
1533 4329 1666 4385 nulli
1706 4345 1826 4386 cre-

235 4427 421 4476 scente
445 4434 672 4480 numero
698 4420 1108 4490 possidentium,
1129 4419 1330 4490 aliquid
1350 4419 1650 4486 minuatur.
1666 4419 1824 4477 Nullo

238 4511 390 4568 enim
430 4511 602 4568 modo.
637 4509 699 4564 ﬁt
745 4511 953 4577 minor,
991 4511 1280 4566 accedente
1323 4525 1418 4566 seu
1474 4518 1822 4580 permanente

238 4611 487 4658 consorte
513 4601 785 4674 possessio
808 4600 1098 4667 bonitatis;
1129 4600 1238 4656 imo
1273 4601 1543 4670 possessio
1583 4600 1820 4665 bonitas,

243 4707 407 4764 quam
435 4699 586 4747 tanto
613 4691 793 4758 latius,
828 4700 1029 4762 quanto
1064 4691 1386 4748 concordius
1422 4691 1695 4746 individua
1737 4705 1824 4746 so-

238 4783 448 4840 ciorum
473 4782 712 4854 possidet
739 4784 995 4840 Charitas.
1025 4782 1142 4838 Non
1171 4783 1393 4840 habebit
1417 4783 1576 4840 istam
1603 4797 1820 4853 posses-

239 4874 482 4940 sionem,
521 4874 616 4944 qui
659 4890 786 4929 eam
825 4875 1062 4930 noluerit
1102 4876 1306 4933 habere
1358 4892 1697 4932 communem
1726 4895 1738 4929 ε
1769 4885 1825 4932 et

245 4973 396 5022 tanto
421 4980 542 5021 eam
571 4964 804 5035 reperiet
844 4965 1184 5036 ampliorem,
1235 4976 1438 5037 quanto
1477 4969 1550 5024 ibi
1591 4967 1824 5038 amplius

243 5059 478 5130 potuerit
501 5073 685 5114 amare
708 5067 1032 5112 consortem.
1059 5056 1194 5125 Quia
1221 5075 1350 5131 ergo
1373 5061 1475 5114 ista
1495 5076 1613 5130 quae
1635 5075 1821 5116 amare

244 5150 503 5208 debemus
542 5149 845 5204 inordinate
893 5163 1158 5216 amamus,
1202 5151 1322 5206 ideo
1351 5151 1491 5206 bella
1524 5161 1580 5208 et
1607 5153 1728 5210 lites
1755 5168 1821 5208 ex

243 5242 698 5314 concupiscentiis
720 5241 918 5296 nostris
942 5241 1195 5296 oriuntur
1215 5243 1269 5296 in
1301 5243 1485 5298 nobis.

315 5333 479 5391 XXV.
534 5333 640 5389 Sed
685 5334 968 5389 sciendum
1013 5332 1169 5388 nobis
1209 5341 1315 5398 est,
1357 5335 1610 5392 omnibus
1652 5337 1827 5393 modis

246 5441 353 5481 non
400 5442 557 5496 posse
601 5442 700 5483 nos
739 5428 806 5481 ad
847 5441 1073 5498 regnum
1117 5427 1272 5497 pacis
1301 5434 1517 5483 mterna:
1565 5431 1822 5496 transire,

247 5516 352 5570 nisi
379 5517 468 5576 hic
509 5532 632 5574 eam
677 5534 867 5588 pacem
903 5519 1258 5584 tenuerimus,
1291 5533 1450 5588 quam
1484 5519 1610 5575 belli
1641 5521 1820 5592 hujus,

247 5606 317 5662 in
332 5620 440 5674 quo
467 5621 594 5660 caro
631 5609 964 5676 concupiscit
989 5609 1251 5664 adversus
1288 5608 1556 5680 spiritum,
1588 5618 1642 5664 et
1669 5611 1827 5681 spiri-

247 5703 340 5753 ms
366 5695 624 5749 adversus
650 5711 900 5763 carnem,
931 5699 1117 5760 multis
1145 5710 1200 5758 et
1235 5700 1399 5758 variis
1437 5702 1826 5760 certaminibus

323 5796 348 5830 a
391 5783 468 5841 Ex
498 5782 712 5838 [inlusio
745 5788 1001 5844 secunda.

1243 363 1559 420 LEIDRADI
1598 362 1803 420 LUGD.
1843 354 2056 412 EPISC.
2117 355 2498 415 EPISTOLE.

3406 365 3508 422 881

1852 476 1897 534 Α
1925 471 2139 539 quaerit.
2175 469 2289 527 Hoc
2317 480 2498 526 autem
2536 470 2738 528 bellum
2767 490 3042 547 nunquam
3071 476 3240 532 unum
3266 489 3430 544 esset,
3462 483 3514 537 si

1921 573 2114 618 natura
2160 564 2398 620 humana
2442 582 2542 636 per
2580 566 2814 624 liberum
2867 570 3157 626 arbitrium
3197 573 3251 628 in
3289 575 3513 631 rectitu—

1920 654 2064 719 dine,
2114 654 2167 708 in
2211 671 2316 724 qua
2358 655 2498 712 facta
2527 666 2632 723 est,
2665 661 3010 730 perstitisset.
3043 663 3197 719 Nunc
3227 679 3355 720 vero
3392 681 3517 736 quae

1920 756 2109 809 pacem
2159 741 2287 800 felix
2329 762 2451 801 cum
2488 748 2600 804 Deo
2629 751 2830 806 habere
2872 753 3064 820 noluit,
3097 770 3276 810 secum
3308 766 3514 829 pugnat

1922 831 2128 901 infelix,
2153 844 2209 890 et
2234 853 2359 892 cum
2386 841 2459 894 sit
2487 840 2612 896 hoc.
2632 884 2643 895 .
2667 882 2680 896 .
2701 883 2744 897 ..
2768 883 2783 897 .
2809 845 3005 900 melius
3024 855 3110 901 est
3139 857 3321 903 tamen
3348 866 3515 920 quam

1920 924 2103 993 priora
2153 927 2278 982 vitae
2326 929 2506 1000 hujus.
2559 930 2748 989 Melius
2791 934 3102 1007 conﬂigitur
3143 939 3342 1010 quippe
3389 955 3517 995 cum

1923 1018 2088 1083 vitiis,
2117 1035 2280 1089 quam
2308 1038 2429 1077 cum
2461 1025 2578 1079 sine
2615 1026 2723 1082 ulla
2765 1029 3107 1087 conﬂictione
3146 1033 3518 1088 dominantur.

1921 1108 2114 1166 Melius
2144 1121 2248 1178 est,
2283 1114 2524 1184 inquam,
2576 1117 2776 1174 bellum
2803 1136 2925 1175 cum
2967 1137 3060 1192 spe
3097 1125 3245 1194 pacis
3275 1132 3518 1192 aeternae,

1920 1214 2083 1269 quam
2131 1201 2249 1257 sine
2292 1203 2401 1258 ulla
2445 1205 2787 1264 liberationis
2833 1212 3161 1280 cogitatione
3203 1216 3514 1284 captivitas.

1921 1289 2181 1360 Cupi'mus
2227 1296 2444 1364 quidem
2494 1299 2659 1354 etiam
2696 1301 2835 1358 bello
2871 1319 3082 1372 carere,
3133 1316 3189 1362 et
3228 1309 3296 1363 ad
3326 1325 3520 1380 capes-

1919 1383 2147 1437 sendam
2186 1388 2645 1445 ordinatissimam
2686 1407 2895 1462 pacem,
2929 1395 3020 1450 ubi
3052 1398 3364 1454 firmissima
3404 1412 3514 1457 sta-

1917 1475 2130 1532 biiitate
2173 1481 2477 1549 potioribus
2522 1483 2778 1540 inferiora
2821 1488 3142 1556 subdantur,
3179 1491 3302 1563 igne
3344 1494 3518 1550 divini

1919 1567 2123 1623 amoris
2151 1571 2532 1628 succcndimur
2556 1592 2570 1628 :
2603 1577 2699 1631 sed
2733 1578 2802 1643 si,
2831 1581 2974 1649 quod
3001 1582 3160 1647 absit,
3191 1583 3336 1640 illius
3365 1594 3517 1643 tanta

1918 1659 2046 1714 boni
2078 1674 2202 1730 spes
2235 1663 2380 1735 nulla
2419 1674 2589 1733 esset,
2617 1668 2777 1724 malle
2805 1671 3094 1729 debuimus
3121 1675 3175 1730 in
3202 1676 3363 1745 hujus
3390 1693 3518 1732 con-

1919 1748 2174 1809 flictionis
2203 1755 2451 1812 molestia
2480 1774 2786 1827 remanere,
2825 1779 2992 1834 quam
3025 1765 3172 1822 vitiis
3207 1768 3260 1822 in
3296 1785 3399 1825 nos
3425 1771 3519 1826 do-

1850 1829 1896 1889 Β
1924 1843 2297 1910 minationem,
2331 1863 2439 1904 non
2471 1850 2552 1905 eis
2583 1854 2907 1919 resistendo,
2939 1858 3278 1925 permittere.

1994 1933 2184 1990 XXVI.
2249 1935 2666 2010 Suscipiendum
2721 1953 2806 2000 est
2857 1946 3024 2017 igitur
3071 1949 3271 2004 bellum
3328 1961 3594 2024 (ξοιιιιιε.Χ

1920 2023 2073 2090 vitia,
2120 2035 2177 2081 et
2203 2028 2498 2098 gerendum
2545 2033 2766 2101 acriter,
2817 2051 2886 2091 ne
2923 2038 2989 2092 ad
3025 2038 3356 2096 damnabilia
3387 2060 3516 2113 pec-

1921 2124 2045 2171 cata
2090 2120 2408 2188 perducant.
2460 2122 2526 2177 Et
2567 2125 2838 2196 siquidem
2880 2129 3118 2186 nondum
3163 2132 3524 2192 victoriarum

1921 2211 2318 2268 consuetudine
2365 2215 2622 2271 roborum
2674 2226 2819 2285 sunt,
2873 2219 3086 2278 facilius
3131 2225 3429 2281 vincuntur
3465 2235 3526 2283 et

1922 2300 2121 2356 cedunt
2151 2319 2170 2354 τ
2195 2303 2239 2358 si
2268 2311 2448 2359 autem
2471 2305 2690 2362 vincere
2729 2317 2893 2379 atque
2927 2311 3194 2382 imperare
3221 2330 3528 2371 consueve-

1923 2400 2072 2457 runt,
2096 2391 2370 2450 laboriosa
2395 2395 2712 2454 diﬂicuitate
2742 2413 3093 2473 superantur.
3135 2403 3260 2460 Haec
3300 2414 3388 2461 est
3424 2423 3517 2460 au-

1924 2492 2035 2540 tem
2061 2485 2114 2539 in
2140 2485 2244 2542 ﬁde
2275 2485 2496 2545 Christi.
2538 2489 2675 2546 Nam
2704 2493 2749 2547 si
2785 2492 2872 2548 lex
2902 2494 3100 2564 iubens
3129 2498 3288 2563 adsit,
3321 2507 3378 2553 et
3409 2499 3522 2571 spi-

1923 2573 2064 2630 ritus
2082 2575 2279 2645 juvans
2308 2577 2481 2646 desit;
2509 2595 2606 2651 per
2637 2581 2808 2652 ipsam
2845 2585 3269 2656 prohibitionem
3306 2589 3523 2646 deside-

1925 2665 2008 2720 rio
2037 2676 2316 2723 crescente
2347 2671 2556 2739 peccati
2599 2679 2762 2744 atque
2799 2675 3070 2743 vincente,
3117 2678 3282 2734 etiam
3330 2688 3522 2738 reatus

1922 2759 2391 2828 przevaricationis
2439 2765 2679 2822 accedat.
2725 2765 3124 2841 Nonnunquam
3171 2787 3303 2827 sane
3357 2787 3517 2844 aper-

1926 2849 2138 2905 tissima
2195 2852 2324 2906 vitia
2370 2853 2492 2910 aliis
2544 2856 2690 2912 vitiis
2741 2858 3034 2914 vincuntur
3087 2863 3347 2930 occultis,
3393 2880 3529 2936 qua:

1926 2952 2187 3014 putantur
2223 2961 2345 3003 esse
2385 2948 2634 3016 virtutes,
2669 2950 2722 3004 in
2743 2953 2940 3021 quibus
2965 2963 3154 3025 regnat
3178 2957 3430 3028 superbia
3462 2966 3524 3012 et

1926 3037 2173 3106 qumdam
2219 3037 2321 3093 sibi
2364 3038 2614 3110 placendi
2657 3041 2887 3098 altitudo
2937 3045 3176 3101 ruinosa.
3233 3047 3342 3102 Sed
3389 3057 3521 3104 tunc

1928 3128 2075 3184 victa
2104 3130 2234 3184 vitia
2267 3131 2570 3201 deputanda
2611 3141 2756 3201 sunt,
2795 3151 2918 3190 cum
2951 3137 3045 3191 Dei
3074 3153 3259 3195 amore
3287 3139 3521 3195 vincun-

1847 3196 1896 3261 ο
1932 3227 2055 3284 tur;
2106 3235 2269 3292 quem
2317 3196 2422 3276 nisi
2476 3222 2635 3279 Deus.
2665 3196 2780 3296 ipse
2829 3242 2936 3281 non
2989 3229 3184 3295 donat,
3222 3245 3326 3284 nec
3361 3229 3526 3286 aliter

1929 3309 2114 3377 donat,
2141 3311 2244 3366 nisi
2274 3329 2366 3384 per
2383 3313 2724 3372 mediator-em
2746 3315 2848 3371 Dei
2875 3327 2921 3371 et
2948 3319 3217 3374 hominum
3255 3321 3532 3384 hominem.

1927 3397 2195 3456 Christum
2232 3400 2436 3469 Iesum,
2482 3403 2572 3476 qui
2613 3403 2788 3462 factus
2832 3418 2918 3463 est
2955 3410 3228 3481 particeps
3277 3413 3530 3469 mortali-

1927 3494 2055 3551 tatis
2110 3504 2310 3551 nostrze
2335 3537 2351 3562 ,
2391 3505 2453 3551 ut
2500 3512 2598 3554 nos
2631 3499 2928 3571 participes
2974 3500 3181 3560 faceret
3221 3503 3532 3566 divinitatis

1927 3603 2056 3643 ευαλ

2518 3681 2854 3739 EPISTOLA
2894 3685 2980 3740 ΙΙΙ.

2521 3789 2590 3828 AD
2642 3789 2912 3830 SOROBEI.

1996 3862 2344 3920 Charissimae
2369 3879 2433 3920 ac
2461 3865 2957 3934 suspicientissima:
2981 3867 3033 3922 in
3062 3867 3281 3925 Christo
3303 3879 3520 3931 sancta:

1927 3955 2101 4010 sorori
2124 3955 2423 4011 Leidradus
2443 3957 2572 4012 licet
2595 3957 2846 4028 indignus
2864 3957 3241 4030 Lugdunensis
3264 3961 3530 4021 Ecclesiae

1925 4048 2212 4118 episcopus
2247 4048 2302 4103 in
2328 4049 2556 4105 Domino
2589 4047 2715 4105 Jesu
2747 4049 2965 4106 Christo
3003 4055 3397 4124 sempiternam
3437 4072 3529 4114 sa-

1926 4139 2110 4194 lutem.

1996 4229 2337 4302 Cognoscere
2378 4231 2630 4301 dignetur
2669 4231 2958 4302 prudentia
2995 4232 3258 4288 ahnitatis
3289 4242 3398 4290 tua:
3427 4251 3530 4292 nos

1920 4319 2077 4390 juxta
2102 4322 2300 4376 donum
2331 4322 2584 4377 donantis
2622 4321 2716 4376 Dei
2765 4323 2970 4378 viribus
3003 4325 3246 4393 corporis
3275 4325 3530 4396 aliquan-

1929 4411 2098 4482 tisper
2133 4413 2463 4483 praevalere;
2507 4420 2562 4467 et
2590 4414 2886 4469 secundum
2916 4415 3082 4484 quod,
3111 4415 3154 4470 si
3187 4416 3404 4472 incerta
3440 4435 3531 4474 sa-

1925 4503 2010 4558 lus
2053 4513 2275 4574 propter
2313 4512 2595 4574 suspectos
2643 4519 2802 4560 casus
2831 4506 2956 4559 vitae
3007 4506 3168 4576 hujus
3213 4506 3404 4575 habet,
3461 4507 3531 4563 de

1928 4597 2100 4651 salute
2137 4605 2322 4652 nostra
2357 4597 2562 4667 gratias
2590 4597 2700 4652 Deo
2736 4598 2953 4653 debere.
2985 4598 3189 4654 Deinde
3219 4602 3529 4656 secundum

1927 4690 2073 4744 vires
2098 4689 2264 4744 animi
2294 4703 2562 4743 memores
2588 4704 2687 4744 nos
2712 4704 2829 4744 esse
2858 4689 2912 4744 in
2940 4691 3278 4745 orationibus
3317 4693 3539 4748 nostris

1926 4795 2026 4853 pro
2051 4779 2222 4836 salute
2259 4788 2443 4834 vestra
2483 4779 2768 4850 temporali
2794 4789 2848 4835 et
2873 4789 3097 4836 aeterna.
3133 4782 3242 4838 Vos
3277 4798 3528 4853 quoque,

1927 4871 1972 4925 si
2002 4872 2139 4926 bene
2167 4871 2381 4936 valetis,
2415 4880 2470 4927 et
2502 4871 2557 4926 in
2582 4871 2920 4929 orationibus
2946 4874 3162 4939 vestris,
3190 4872 3348 4942 juxta
3379 4877 3530 4946 quod

1928 4964 1993 5019 de
2032 4963 2187 5020 vobis
2225 4963 2567 5030 confidimus,
2599 4979 2869 5020 memores
2896 4965 3065 5020 nostri
3091 4967 3256 5033 estis,
3288 4969 3532 5024 immen-

1930 5071 2019 5111 sas
2049 5057 2159 5112 Deo
2183 5056 2466 5111 referimus
2497 5056 2724 5128 gratias,
2765 5073 2831 5112 eo
2857 5058 2999 5128 quod
3038 5060 3333 5116 secundum
3375 5061 3527 5132 quod

1930 5147 2298 5202 desideramus
2328 5162 2450 5202 esse
2479 5163 2574 5203 vos
2612 5155 2844 5203 constat.
2883 5149 3018 5205 Novi
3053 5160 3235 5206 autem
3274 5153 3526 5210 animum

1930 5245 2172 5291 vestrum
2219 5251 2392 5307 nuper
2434 5238 2741 5292 vehementi
2790 5239 2975 5295 dolore
3024 5242 3356 5311 perculsum,
3398 5254 3526 5316 post

1929 5338 2161 5384 mortem
2203 5329 2320 5394 filii,
2353 5339 2539 5400 postea
2579 5330 2788 5388 fratris.
2837 5333 2904 5388 Et
2940 5334 3126 5404 utique
3165 5337 3298 5390 tanti
3335 5337 3524 5393 solatii

1927 5421 2160 5491 privatio
2212 5421 2359 5476 nullo
2408 5421 2570 5476 modo
2619 5438 2719 5478 nos
2767 5433 2946 5494 potest
2982 5427 3100 5481 sine
3135 5427 3286 5496 gravi
3328 5427 3526 5486 dolore

1932 5510 2102 5578 affici;
2152 5513 2406 5582 quoniam
2455 5513 2521 5568 dc
2568 5529 2798 5583 quorum
2828 5516 2941 5572 vita
2973 5519 3286 5587 gaudemus,
3325 5533 3525 5576 conse-

1930 5614 2158 5678 quenter
2187 5607 2252 5661 de
2280 5622 2468 5663 corum
2499 5616 2674 5663 morte
2714 5609 2993 5674 dolemus;
3033 5619 3090 5665 et
3125 5619 3273 5666 tanto
3305 5609 3522 5680 mtu’ore

1933 5700 2151 5754 tristitia
2203 5716 2298 5756 cor
2349 5708 2597 5756 nostrum
2653 5703 2855 5772 premit
2902 5702 3269 5774 cujuscunque
3327 5719 3520 5772 mors,

1851 4563 1900 4622 D
