3878 6172
320 319 424 376 835

1326 317 1746 376 AMALARIUS.
1779 350 1848 363 -—
1879 318 2155 377 NOTITIA
2194 315 2578 374 HISTORICA.

3468 315 3571 373 886

322 437 525 502 quanto
550 426 757 500 majore
792 427 981 486 Izetitia
1017 427 1334 486 sublevabat
1356 429 1488 484 vita.
1529 427 1714 499 Neque
1743 429 1888 484 enim
1916 435 1963 494 Α
1991 428 2078 484 alii
2107 443 2232 484 mox
2265 429 2318 484 in
2351 429 2493 483 hanc
2518 425 2694 482 lucem
2717 422 2904 492 eﬁ‘usi;
2933 431 2988 482 et
3015 424 3268 496 deinceps
3293 439 3400 482 non
3421 425 3570 483 inve-

319 519 439 588 jura
479 526 688 574 naturae
723 519 938 588 penitus
973 521 1316 592 exstinguere
1356 537 1661 592 possumus,
1701 538 1769 578 ne
1804 524 1899 578 do-

323 609 564 673 leamus;
598 609 694 664 sed
716 607 940 665 forsitan
961 611 1185 666 consilio
1209 611 1432 666 meliore
1459 612 1649 678 lenire,
1681 622 1742 670 ut
1769 613 1900 667 tole-

323 714 544 765 remus;
578 713 646 753 ne
693 699 833 754 forte
881 703 1158 773 contingat
1187 711 1247 757 ut
1284 702 1412 757 dum
1451 703 1652 758 amoris
1695 719 1896 772 sequax

325 789 538 842 animus
563 803 662 859 pro
690 791 936 858 proximo
966 792 1110 847 dolet
1139 801 1198 848 ιιι
1223 792 1472 858 blandus,
1512 792 1734 862 iudiciis
1766 795 1901 849 divi-

323 879 409 933 nis
444 877 706 932 efﬁciatur
734 879 991 936 infensus.
1033 882 1196 938 Multa
1235 884 1380 938 enim
1417 883 1745 938 discretione
1767 900 1901 956 opus

325 977 428 1033 est,
455 975 514 1022 ut
544 969 598 1022 in
626 968 932 1037 hujusmodi
957 971 1163 1026 damnis
1187 973 1328 1027 inter
1363 973 1532 1028 Deum
1564 972 1900 1041 iudicantem

327 1071 380 1113 ct
417 1059 722 1130 proximum
765 1061 1081 1116 morientem
1105 1065 1372 1134 aequitatis
1401 1074 1642 1119 tenorem
1678 1081 1784 1120 non
1819 1081 1904 1122 re-

326 1151 667 1220 linquamus;
697 1159 966 1221 quatenus
991 1161 1044 1206 ct
1064 1152 1363 1221 justissimo
1379 1156 1545 1225 judici
1572 1157 1766 1230 ingrati
1793 1172 1900 1210 non

326 1241 645 1304 existamus,
669 1249 723 1295 et
745 1249 958 1296 mortuo
980 1243 1223 1311 proximo
1251 1246 1640 1314 compassionis
1661 1245 1902 1300 dolorem

326 1330 478 1403 juxta
525 1345 838 1386 mensuram
886 1333 1260 1390 exhibeamus.
1302 1335 1642 1391 Audiendum
1683 1337 1902 1393 omnino

329 1431 413 1483 est
438 1422 720 1477 consilium
744 1422 889 1477 beati
911 1423 1061 1478 Pauli
1092 1427 1317 1496 apostoli
1349 1428 1612 1483 dicentis:
1640 1428 1778 1482 Nolo
1808 1446 1904 1482 au-

331 1521 430 1566 tem
467 1529 554 1567 vos
590 1513 779 1582 fratres
824 1517 1123 1570 contristari
1159 1517 1224 1572 de
1265 1517 1660 1588 dormientibus,
1706 1521 1761 1576 id
1798 1531 1900 1588 est,

334 1603 686 1658 morientibus
710 1643 724 1667 ,
781 1605 916 1658 sicut
953 1615 1001 1659 et
1032 1609 1204 1662 cazteri
1254 1611 1343 1680 qui
1385 1627 1527 1681 spem
1572 1629 1676 1666 non
1716 1613 1903 1668 habent

334 1694 743 1748 resurrectionis.
793 1693 954 1749 Aliud
992 1705 1076 1752 est
1113 1699 1258 1753 enim
1303 1699 1569 1757 inﬁdelem
1617 1701 1906 1758 inﬁdeliter

333 1781 459 1837 ﬂere
486 1790 774 1848 mortuum,
817 1787 969 1854 quasi
1003 1800 1070 1842 ex
1115 1795 1230 1845 toto
1269 1791 1560 1862 perditum,
1599 1807 1757 1862 quem
1796 1808 1903 1851 non
1935 1806 1976 1866 ιι

335 1879 517 1941 speret
567 1887 686 1928 esse
736 1873 1037 1940 victurum;
1091 1875 1235 1931 aliud
1285 1885 1370 1933 est
1419 1877 1630 1934 ﬁdelem
1676 1878 1906 1935 ﬁdeliter

333 1969 602 2015 mortuum
635 1963 851 2018 interim
876 1965 1184 2030 condolere,
1224 1982 1386 2037 quem
1414 1983 1520 2023 non
1549 1969 1758 2025 dubitat
1785 1986 1905 2026 esse

335 2059 788 2107 resurrecturum.
832 2053 900 2108 Et
933 2070 1275 2126 quanquam,
1323 2065 1383 2112 ut
1421 2057 1672 2128 superius
1704 2062 1904 2117 dictum

335 2149 448 2206 est,
498 2143 616 2198 ﬁeri
664 2144 770 2199 non
813 2147 985 2216 possit
1029 2156 1088 2201 ut
1133 2147 1251 2217 ejus
1287 2149 1443 2204 nobis
1489 2166 1595 2205 non
1642 2153 1714 2207 sit
1760 2169 1907 2210 mors

335 2245 545 2297 amara,
587 2233 738 2301 cujus
764 2235 932 2290 dulcis
958 2245 1040 2291 est
1064 2237 1200 2305 vita,
1245 2247 1301 2294 et
1339 2240 1465 2294 hinc
1493 2241 1564 2294 sit
1589 2240 1766 2297 luctus
1809 2244 1909 2298 hu—

336 2326 484 2380 mani
513 2333 570 2380 et
605 2325 880 2382 aﬁ’ectuosi
923 2329 1122 2395 cordis,
1169 2331 1320 2400 quasi
1359 2332 1571 2397 vulnus,
1605 2341 1696 2389 aut
1723 2334 1905 2402 ulcus;

336 2425 486 2472 recte
513 2425 690 2472 tamen
729 2419 854 2474 huic
891 2422 1130 2477 sanando
1153 2423 1478 2479 adhibentur
1506 2425 1758 2481 oﬁiciosae
1783 2442 1910 2482 con-

339 2506 633 2568 solationes
656 2526 668 2562 :
695 2518 780 2564 est
827 2511 972 2570 enim
1019 2512 1164 2583 quod
1212 2522 1470 2570 sanetur:
1504 2525 1561 2572 et
1595 2525 1797 2585 quanto
1827 2526 1913 2572 est

340 2600 644 2654 animorum
671 2601 880 2667 melior,
911 2609 1062 2658 tanto
1101 2604 1155 2658 in
1195 2620 1260 2661 eo
1299 2607 1458 2661 citius
1483 2604 1800 2677 faciliusque
1827 2624 1913 2664 sa-

343 2701 523 2747 netur.
555 2691 688 2747 Cum
711 2694 875 2764 igitur
899 2694 966 2750 de
995 2696 1438 2752 charissimorum
1473 2700 1758 2767 mortibus,
1793 2715 1913 2756 ma-

341 2783 488 2839 xime
511 2798 738 2854 quorum
770 2794 894 2843 sunt
927 2787 1172 2841 humanae
1200 2788 1446 2843 societati
1470 2787 1648 2850 cilicia
1669 2805 1915 2846 necessa-

344 2872 448 2938 ria,
473 2887 618 2928 nunc
642 2874 844 2940 mitius,
873 2890 1015 2930 nunc
1041 2877 1284 2947 asperius
1318 2876 1588 2949 afﬂigatur
1623 2880 1735 2935 vita
1770 2895 1916 2936 mor-

344 2965 568 3032 talium;
600 2974 784 3021 tamen
811 2967 891 3022 eis
914 2982 1049 3038 quos
1089 2969 1361 3040 diligimus
1391 2971 1595 3042 justius
1625 2981 1914 3045 congratu-

342 3054 542 3122 lamur,
571 3073 693 3112 cum
720 3060 1043 3125 moriuntur,
1076 3075 1237 3130 quam
1266 3060 1579 3129 toleramus,
1607 3079 1730 3120 cum
1755 3079 1785 3117 a
1810 3063 1915 3119 ﬁde

2000 521 2146 574 nitur
2186 520 2274 588 qui
2326 526 2641 573 numeretur
2673 517 2791 572 dies
2823 525 2915 572 aut
2957 533 3163 584 annus,
3213 518 3269 574 in
3315 532 3421 588 quo
3467 535 3574 574 non

1998 625 2147 664 mors
2191 623 2484 664 occurrens
2530 609 2836 678 intercipiat
2877 609 3044 664 vitam
3092 608 3208 679 ejus
3257 609 3351 679 qui
3399 609 3576 665 adhuc

1999 701 2180 755 vivere
2215 698 2393 764 vellet,
2425 714 2591 769 seque
2624 701 2804 754 vivere
2841 707 3074 768 putaret.
3105 697 3239 753 Cum
3266 699 3382 754 haec
3415 698 3577 769 igitur

2000 789 2074 844 ita
2107 788 2235 853 sint,
2276 787 2515 858 diligenti
2552 788 2981 843 consideratione
3018 795 3278 853 mutatur,
3311 788 3578 857 qu0tidia-

2000 891 2099 930 nas
2121 875 2234 931 Deo
2257 875 2514 930 debemus
2538 886 2719 944 grates
2745 875 3048 940 exsolvere,
3087 875 3211 942 quia
3251 874 3399 930 dedit
3433 877 3576 944 quod

1999 965 2252 1030 viximus,
2292 965 2527 1034 quandiu
2561 965 2814 1030 viximus,
2855 980 2963 1019 non
2997 964 3180 1019 dolere
3204 965 3268 1020 de
3297 965 3400 1020 hoc
3433 966 3577 1035 quod

2000 1054 2284 1118 morimur,
2332 1053 2473 1107 ultra
2517 1053 2659 1122 quod
2704 1069 2978 1127 nunquam
3007 1053 3312 1122 accepimus
3343 1062 3399 1108 ut
3427 1055 3574 1109 vive-

2003 1157 2204 1197 remus.
2239 1141 2392 1208 Quis,
2419 1157 2569 1212 rogo,
2598 1156 2702 1195 non
2738 1143 3001 1196 moritur?
3031 1142 3088 1196 Si
3121 1140 3390 1207 Salvator,
3419 1143 3580 1198 dator

2002 1232 2194 1287 salutis
2233 1239 2290 1286 et
2327 1233 2473 1296 vitm,
2503 1239 2750 1285 mortuus
2769 1239 2874 1296 est,
2905 1231 3025 1300 quis
3049 1239 3158 1285 tam
3191 1231 3383 1286 stultus
3408 1241 3492 1286 est
3519 1243 3580 1288 ut

2003 1337 2214 1393 semper
2258 1323 2389 1378 velit
2430 1323 2628 1388 vivere,
2676 1324 2803 1380 dum
2848 1324 2997 1378 novit
3024 1339 3122 1392 pro
3154 1325 3310 1380 nobis
3346 1334 3572 1380 mortem

2003 1415 2282 1486 gustasse?
2325 1415 2448 1471 Vita
2487 1415 2765 1470 nascimur
2806 1415 3059 1486 aequales,
3095 1416 3439 1486 corequalitcr
3463 1433 3577 1474 mo-

2006 1507 2180 1561 rimur
2220 1520 2427 1562 omnes.
2478 1507 2703 1562 Diversa
2755 1515 2840 1564 est
2884 1523 3094 1564 merces
3143 1518 3266 1578 post
3314 1519 3571 1578 mortem,

2005 1612 2152 1654 mors
2193 1607 2371 1654 tamen
2411 1600 2664 1655 omnibus
2701 1617 2826 1656 una.
2873 1601 3155 1659 Ploramus
3193 1613 3250 1660 et
3290 1605 3574 1675 gemimus,

2006 1688 2099 1744 sed
2127 1689 2384 1759 prodesse
2420 1692 2488 1746 ad
2514 1691 2743 1747 invicem
2772 1709 2878 1749 non
2906 1695 3164 1750 valemus.
3194 1695 3397 1753 Luctus
3427 1697 3578 1752 adest

2005 1780 2194 1847 oculis,
2222 1790 2277 1836 et
2296 1783 2472 1838 nullus
2501 1783 2707 1842 fructus
2729 1787 2908 1856 operis
2954 1803 2968 1842 :
2997 1788 3123 1857 quia
3151 1804 3256 1843 non
3288 1789 3579 1857 revelatur,

2008 1888 2128 1930 cum
2156 1873 2475 1946 plangimus.
2511 1873 2685 1931 Surda
2719 1885 2780 1932 et.
2799 1877 2943 1932 dura
2957 1885 3037 1932 est
3068 1893 3250 1933 mors:
3277 1894 3375 1935 nec
3406 1881 3579 1948 audit,

2007 1979 2108 2019 nec
2151 1964 2419 2020 condolet.
2462 1965 2618 2021 Nulla
2665 1976 2902 2038 potestas
2943 1968 3191 2023 auxiliari
3235 1969 3338 2024 sibi
3381 1980 3579 2040 potest.

2007 2057 2228 2129 Figulus
2255 2059 2344 2115 ille
2381 2060 2470 2131 qui
2497 2075 2687 2116 omnes
2718 2063 2783 2116 de
2809 2077 2916 2116 una
2945 2070 3090 2117 terra
3132 2061 3436 2132 plasmavit,
3487 2080 3583 2119 no-

2007 2149 2086 2202 vit
2122 2149 2280 2219 quale
2319 2159 2374 2206 et
2407 2153 2622 2221 quando
2659 2168 2755 2208 vas
2797 2153 3028 2224 frangat.
3059 2153 3272 2208 Nullum
3301 2161 3481 2209 tamen
3509 2153 3585 2209 illi

2006 2243 2177 2312 perit;
2208 2243 2333 2312 quia
2358 2245 2449 2312 qui
2489 2243 2617 2299 fecit
2645 2245 2711 2300 de
2743 2245 2982 2316 pulvere,
3012 2245 3079 2302 de
3112 2247 3330 2318 pulvere
3356 2247 3588 2306 reﬁciet.

2007 2332 2090 2387 Ad
2103 2331 2396 2401 jussionem
2420 2334 2811 2404 Omnipotentis
2833 2352 2990 2392 nemo
3009 2346 3191 2407 potest
3211 2353 3330 2393 esse
3350 2337 3585 2396 rebellis.

2011 2420 2113 2486 Qui
2169 2424 2345 2478 adhuc
2382 2425 2533 2489 vivit,
2582 2426 2886 2481 consideret
2926 2427 3069 2482 unde
3117 2429 3288 2498 possit
3332 2429 3587 2497 prodesse

2013 2520 2245 2568 mortuo.
2301 2512 2434 2579 Quia
2485 2521 2541 2568 et
2582 2515 2673 2583 qui
2720 2523 3098 2581 mortuus-est,
3137 2531 3241 2571 non
3267 2525 3388 2587 eget
3416 2515 3586 2572 infru-

2013 2611 2201 2660 ctuoso
2236 2603 2404 2668 luctu,
2447 2604 2541 2659 sed
2578 2603 2854 2660 fructuoso
2892 2605 3164 2676 suﬁ‘ragio.
3203 2605 3325 2680 Jam
3362 2607 3591 2664 suﬁiciat

2013 2697 2289 2766 praterita
2325 2698 2520 2752 damna
2556 2697 2816 2768 plorasse.
2857 2697 3056 2752 Demus
3079 2713 3318 2768 operam,
3351 2697 3586 2757 futuram

2015 2788 2170 2843 nobis
2192 2796 2421 2842 mortem
2441 2787 2694 2857 levigare.
2737 2786 2889 2855 Quod
2916 2788 3076 2862 vitari
3107 2803 3211 2842 non
3240 2796 3436 2859 potest,
3476 2803 3586 2846 non

2015 2880 2170 2936 valde
2217 2881 2510 2936 timendum
2550 2888 2653 2936 est.
2703 2881 2779 2935 Ea
2826 2895 2955 2936 vero
2993 2882 3227 2936 timenda
3278 2890 3401 2937 sunt
3447 2882 3588 2938 mala

2015 2985 2136 3040 quae
2169 2978 2225 3025 et
2249 2972 2490 3026 viventes
2517 2971 2707 3042 vitare
2750 2985 3033 3042 possumus
3083 2979 3139 3025 et
3188 2979 3311 3041 post
3359 2980 3589 3028 mortem

2016 3037 2144 3114 sunt
2171 3060 2332 3114 mala.
2363 3037 2522 3115 Nam/
2527 3075 2694 3125 mors,
2738 3037 2858 3130 qua:
2898 3061 2952 3114 in
2991 3074 3049 3114 se
3093 3037 3234 3114 mala
3283 3068 3382 3125 est,
3433 3060 3592 3116 malis

342 3148 433 3204 vel
475 3149 632 3205 bonis
673 3150 914 3208 moribus
949 3149 1220 3206 labuntur.
1271 3151 1407 3219 Quia
1457 3157 1670 3213 tentatio
1699 3164 1774 3210 est
1811 3156 1918 3210 vita
1945 3147 1990 3210 C
2020 3160 2303 3226 propterea
2350 3152 2490 3207 mala
2524 3160 2626 3218 est,
2665 3153 2790 3221 quia
2827 3166 2924 3221 per
2953 3167 3072 3207 eam
3099 3151 3166 3206 ad
3200 3150 3381 3222 pejora
3411 3158 3589 3206 trans-

346 3244 579 3298 lrumana
612 3259 766 3313 super
791 3252 1002 3298 terram.
1035 3243 1142 3298 Et:
1181 3243 1274 3299 Va:
1313 3247 1511 3301 mundo
1535 3247 1599 3302 ab
1629 3247 1912 3303 scandatis.

346 3333 415 3391 Et
438 3347 563 3389 cum
586 3349 730 3390 mors
751 3349 938 3389 eorum
974 3349 1074 3391 nos
1096 3337 1398 3401 contristat,
1423 3339 1538 3410 ipsa
1562 3338 1760 3394 iterum
1791 3353 1920 3394 con-

347 3425 584 3491 soletur;
634 3424 757 3494 quia
807 3435 1094 3480 caruerunt
1131 3427 1307 3494 malis,
1347 3429 1541 3498 quibus
1578 3429 1632 3483 in
1666 3429 1770 3484 hac
1805 3429 1916 3484 vita

347 3517 475 3572 boni
511 3516 758 3572 homines
780 3517 864 3572 vel
890 3527 1259 3585 conteruntur,
1295 3520 1380 3574 vel
1413 3522 1794 3590 depravantur,
1832 3520 1916 3578 vel

349 3607 404 3661 in
438 3613 668 3676 utroque
705 3605 1098 3676 periclitantur.
1129 3609 1299 3665 Crede
1333 3611 1481 3680 quia,
1519 3617 1579 3664 ut
1603 3611 1734 3666 mihi
1765 3612 1911 3667 vide-

353 3705 462 3761 tur,
493 3710 561 3752 ex
584 3697 753 3752 altera
792 3707 944 3768 parte
965 3700 1110 3755 omni
1147 3701 1395 3756 morienti
1438 3702 1916 3772 congratulandum

352 3794 462 3850 est;
492 3801 562 3841 ne
590 3786 729 3841 forte
753 3788 797 3842 si
827 3788 1072 3855 vixisset,
1115 3789 1267 3860 pejor
1301 3790 1542 3845 obiisset.
1577 3789 1683 3846 Sed
1711 3791 1834 3861 quia
1862 3791 1913 3846 id

354 3877 663 3932 hominibus
707 3879 921 3934 suaderi
951 3895 1057 3936 non
1085 3887 1280 3950 potest,
1329 3880 1458 3934 illud
1487 3879 1755 3935 subtiliter
1791 3896 1918 3936 con-

354 3967 696 4022 siderandum
724 3976 824 4035 est,
866 3971 1006 4039 quod
1030 3985 1150 4024 cum
1180 3985 1366 4026 omnes
1394 3971 1648 4027 mortales
1676 3977 1730 4025 et
1757 3971 1921 4025 mori-

356 4057 463 4112 turi
501 4072 811 4126 nascamur,
859 4059 948 4116 alii
993 4061 1297 4116 moriuntur
1338 4062 1393 4116 in
1439 4062 1608 4117 uteris
1661 4069 1916 4126 matrum,

2016 3253 2147 3300 eunt
2173 3258 2188 3297 :
2218 3245 2376 3300 bonis
2406 3258 2534 3298 vero
2562 3244 2703 3298 bona
2727 3250 2830 3309 est,
2860 3243 2984 3312 quia
3008 3258 3104 3312 per
3130 3257 3250 3300 eam
3275 3243 3341 3298 ad
3370 3243 3592 3300 meliora

2019 3342 2320 3390 transeunt.
2366 3333 2535 3389 Nemo
2563 3334 2667 3389 sibi
2694 3333 2847 3399 vivit,
2895 3341 2951 3388 et
2991 3347 3152 3389 nemo
3198 3333 3300 3388 sibi
3340 3335 3588 3390 moritur.

2020 3424 2077 3480 Si
2104 3424 2351 3489 vivimus,
2394 3423 2624 3480 Domino
2661 3423 2930 3478 vivimus:
2959 3423 3004 3478 si
3047 3423 3324 3487 morimur,
3365 3422 3595 3478 Domino

2020 3515 2303 3570 morimur.
2335 3512 2584 3571 Christus
2621 3521 2868 3569 mortuus
2896 3520 2997 3579 est,
3029 3519 3083 3566 et
3108 3512 3427 3576 resurrexit,
3455 3519 3516 3566 ut
3542 3520 3597 3567 et

2019 3614 2358 3663 mortuorum
2406 3612 2464 3660 et
2505 3605 2750 3660 vivorum
2813 3604 3138 3659 dominetur.
3189 3604 3334 3675 Ergo
3385 3604 3593 3675 cogita-
3667 3678 3676 3686 ο

2019 3699 2187 3762 tione,
2223 3697 2518 3763 locutione,
2548 3695 2860 3767 operatione
2887 3709 2951 3750 ea
2980 3696 3306 3758 studeamus,
3346 3709 3444 3764 per
3476 3709 3597 3764 qua

2020 3787 2095 3846 illi
2116 3787 2444 3857 placeamus,
2471 3785 2623 3856 cujus
2645 3792 2883 3856 potestas
2905 3793 2988 3840 est
3017 3784 3158 3840 male
3177 3784 3418 3840 viventes
3444 3784 3596 3839 dam-

2021 3893 2174 3943 nare,
2206 3885 2262 3933 et
2286 3878 2423 3933 bene
2449 3878 2744 3932 morientes
2780 3875 3115 3948 gloriﬁcare;
3165 3875 3363 3945 quique
3409 3874 3599 3930 tribuit

2020 3955 2163 4021 male
2189 3967 2496 4023 viventibus
2525 3983 2624 4037 per
2649 3967 3076 4023 emendationem
3104 3966 3242 4020 bene
3269 3965 3429 4031 mori,
3458 3979 3597 4020 nun-

2024 4074 2184 4130 quam
2211 4058 2403 4115 tribuit
2425 4061 2562 4116 bene
2588 4059 2943 4114 morientibus
2971 4057 3110 4113 male
3128 4056 3328 4112 vivere.

357 4187 3600 4234 Μ

1599 4311 1770 4356 ANNO
1813 4312 2043 4357 DOMINI
2078 4311 2343 4360 θοῦριν.

1306 4447 2696 4623 AMALARIUS

1452 4699 1909 4757 TREVIRENSIS
1944 4698 2551 4757 ARCHIEPISCOPUS.
2619 4701 2621 4703 ’

1031 4901 1466 4983 ΝΟΤΙΤΙΑ
1523 4901 1904 4977 HISTOR

2017 4901 2077 4976 A
2129 4900 2238 4978 IN
2298 4892 2934 4974 AMALABIUM.

1455 5033 1546 5098 (Ex
1577 5033 1816 5097 Fabricio,
1832 5031 2062 5083 Biblioth.
2087 5031 2220 5082 med.
2239 5035 2291 5082 et
2313 5029 2395 5081 inf.
2421 5027 2555 5090 Lat.)

431 5219 735 5278 Amalarius
753 5219 1098 5281 Fortunatus,
1119 5217 1410 5271 monachus
1439 5214 1812 5268 Bcnedictinus
1831 5253 1844 5278 ,
1875 5220 1930 5266 et
1958 5215 2008 5274 D
2031 5213 2372 5281 Anonymum
2421 5206 2800 5281 Mcllicensem,
2839 5221 2956 5281 cap:
3005 5204 3066 5281 71
3099 5203 3190 5281 de
3240 5200 3603 5281 Scriptoribus

363 5295 429 5349 ab
466 5306 608 5346 anno
632 5287 830 5344 Chriin
869 5288 973 5343 810
1001 5287 1432 5354 archiepiscopus
1459 5284 1807 5354 Trevirensis,
1840 5284 1928 5352 qui

364 5365 559 5416 missus
608 5359 857 5434 a_Carolo
886 5357 1074 5426 Magno
1109 5358 1160 5434 in
1190 5353 1664 5434 Saxoniamanno
1698 5353 1808 5434 ﬁll
1832 5369 1933 5434 occ.-

363 5432 580 5486 clcsiam
609 5424 1062 5502 llamhlirgensem
1112 5427 1164 5480 in
1215 5428 1470 5502 honorem
1501 5427 1670 5502 heatm
1698 5424 1934 5502 Virginis

364 5501 728 5562 consecravit,
779 5495 1010 5553 triennio
1063 5504 1184 5566 post
1218 5497 1532 5550 exstinctus.
1553 5495 1932 5566 j’itanimcjus

365 5570 996 5644 scripsitConstantinus
1011 5563 1504 5644 _Caetanys_cditam
1533 5565 1751 5644 Itonia}.
1767 5563 1898 5615 1612
1916 5603 1930 5644 ,

365 5634 557 5708 4ο,ἠυί
584 5640 775 5693 lilrrum
805 5641 870 5693 de
916 5639 1110 5691 divinis
1154 5636 1352 5690 Olliciis
1383 5651 1487 5708 non
1533 5634 1788 5708 Mctcnsi.
1840 5635 1930 5685 seti

367 5704 792 5769 huic—Amalario
839 5709 1176 5763 tribuendum
1215 5705 1503 5761 contendit.
1541 5704 1678 5769 quod
1741 5711 1934 5771 practcr

2030 5271 2426 5339 ecclesiasticis,
2460 5278 2656 5332 diserte
2705 5271 2867 5330 etiam
2906 5271 3051 5327 Tacit
3081 5271 3374 5327 Albericus'
3412 5286 3602 5326 mona-

2032 5352 2166 5406 chus
2195 5350 2377 5402 Trium
2406 5348 2653 5402 Fontium
2699 5346 2752 5400 in
2793 5344 3056 5399 Chronico
3107 5341 3173 5394 ad
3208 5356 3405 5394 annum
3461 5339 3601 5406 810,

2032 5436 2167 5491 page
2199 5419 2338 5491 153i:
2378 5437 2396 5469 ‹
2435 5418 2631 5491 Wasco
2677 5416 2842 5491 abbas
2874 5409 3168 5491 Mediolaci‘
3191 5407 3288 5491 fuit
3339 5409 3606 5491 archiepi-

2034 5478 2228 5559 scopus
2252 5487 2618 5559 Trcverensis,
2637 5493 2700 5559 et
2727 5489 2846 5551 post
2870 5478 3326 5559 gum-Amalarius
3343 5478 3607 5559 Fortuna-

2035 5549 2439 5615 tns'cardinalis
2463 5596 2481 5624 ,
2521 5557 2609 5624 qui
2637 5549 3168 5624 librumAOtli‘ciorum
3211 5550 3606 5624 ecclesiastico-

2037 5647 2154 5684 rum
2184 5617 2500 5698 composuit.
2535 5617 2640 5680 Sed
2673 5621 2792 5674 libri
2833 5621 2898 5675 de
2935 5617 3133 5698 Ofﬁciis
3162 5620 3227 5698 ad
3278 5620 3604 5676 Ludovicum

2037 5700 2187 5757 Pium
2203 5689 2664 5769 gloriosissimum,
2680 5699 2738 5743 ut
2753 5706 2872 5746 cum
2890 5689 3191 5761 compellat,
3207 5690 3601 5764 imperatorem.
