3878 6172
462 331 559 390 891

1474 325 1799 381 AMALARU
1837 322 2292 380 TREV’IRENSIS
2328 323 2750 380 ARCHIEPISC.

3594 330 3692 386 89%

461 439 769 513 praesumpti
794 438 974 508 operis
1001 437 1274 506 indagare,
1301 437 1392 493 scd
1421 446 1480 491 ut
1507 447 1779 507 tangerem
1810 452 1928 490 meo
1951 436 2030 490 in-
2059 436 2107 495 Α
2132 435 2452 504 sequestrati
2477 451 2681 500 sumus,
2709 436 2886 506 aliqua
2913 437 3184 508 inquirere
3205 440 3268 494 de
3293 439 3698 502 Nocturnalibts

461 539 618 602 cepto
652 537 802 584 utros
841 526 914 600 [F
916 536 1046 592 orte,
1071 527 1238 599 viros]
1271 527 1582 593 industrios,
1635 527 1724 597 qui
1780 527 2030 581 facillime

460 626 680 690 possent
725 618 802 672 rei
846 617 1122 672 veritatem
1150 616 1442 672 dilueidare
1488 615 1634 684 ejus,
1672 631 1834 686 quam
1869 616 2030 671 vehe-

462 717 672 766 menter
699 707 1087 764 desiderabam.

530 802 763 871 Scripsi,
805 810 866 856 ut
908 801 1109 867 nostis‘,
1153 800 1296 870 quod
1329 799 1446 856 illos
1483 801 1785 856 arbitrabar
1830 800 2031 856 imitari

461 894 553 964 qui
595 895 648 948 in
679 895 842 948 choro
871 900 1014 948 stant
1058 901 1112 946 et
1154 899 1374 947 cantant
1421 891 1654 946 intrante
1689 890 1939 962 episcopo
1976 891 2031 944 in

458 986 766 1050 ecclesiam,
792 992 850 1037 ut
875 993 1060 1052 postea
1091 982 1334 1051 sequenti
1358 996 1518 1050 Opere
1558 980 2029 1045 demonstrabitur,

459 1091 576 1148 qua:
604 1074 917 1127 conscientia
957 1072 1161 1143 [Forte,
1207 1070 1600 1142 consentientia]
1641 1079 1770 1124 esset
1799 1069 1897 1141 [in]
1928 1079 2032 1125 toto

460 1172 635 1218 nostra
665 1163 860 1231 ofﬁcio,
887 1163 1026 1233 quod
1055 1164 1230 1232 agitur
1256 1164 1310 1216 in
1331 1162 1508 1227 missa,
1532 1163 1636 1216 sive
1664 1162 1717 1215 in
1739 1161 2031 1229 psallendo,

458 1255 564 1308 sive
598 1253 654 1306 in
696 1253 821 1316 situ,
859 1253 965 1306 sive
1001 1253 1055 1306 in
1095 1252 1364 1323 qualitate,
1393 1254 1498 1306 sive
1522 1254 1578 1305 in
1607 1253 1891 1323 quantitate
1917 1267 2034 1305 cum

462 1344 652 1398 nostris
680 1344 1007 1406 authenticis,
1039 1358 1166 1413 quos
1197 1343 1363 1396 omnis
1407 1341 1638 1396 Ecclesia
1676 1341 1829 1406 colit;
1873 1357 2033 1411 repu—

461 1441 580 1487 tans
616 1432 756 1502 apud
789 1448 874 1486 me
903 1432 1033 1485 nihil
1062 1440 1318 1485 statutum
1347 1445 1464 1486 esse
1490 1433 1542 1485 in
1567 1431 1829 1495 Ecclesia,
1862 1447 2036 1502 neque

460 1531 586 1576 ante
632 1522 836 1576 anticos
873 1520 1163 1593 [antiquos]
1198 1522 1415 1587 Patres,
1445 1537 1617 1591 neque
1655 1522 1793 1591 apud
1844 1537 2032 1576 recen-

461 1615 646 1679 tiores,
671 1614 813 1682 quod
850 1614 1060 1668 ratione
1105 1621 1306 1668 careat.
1357 1612 1413 1668 Si
1451 1613 1593 1667 enim
1621 1612 1844 1683 gentiles
1879 1627 2037 1682 argu-

460 1713 770 1759 mentantur
815 1702 1021 1777 [For-te,
1067 1703 1405 1775 argutantur]
1457 1703 1611 1758 ludos
1657 1702 1864 1771 aliquos
1910 1716 2036 1756 suos

2136 527 2324 594 ofﬁciis
2357 536 2404 580 et
2443 527 2507 581 de
2534 527 2652 582 aliis
2679 543 2796 599 quia
2840 529 2894 582 in
2942 530 3025 582 die
3067 539 3324 600 aguntur;
3363 533 3508 587 etde
3547 533 3697 590 Cinna

2134 616 2347 672 Domini
2392 627 2440 672 et
2482 618 2770 673 Parasceve
2811 630 2861 674 et
2903 619 3132 674 Sabbato
3156 632 3355 675 sancto.
3385 622 3468 677 Ad
3494 624 3698 693 quodsi

2135 717 2330 764 vestra:
2352 710 2625 764 orationes
2651 726 2826 766 meme
2854 711 3221 781 perduxerint,
3247 714 3410 768 credo
3437 717 3572 771 meis
3593 732 3697 772 mo-

2134 798 2279 852 tibus
2303 800 2494 866 adesse
2543 809 2598 854 et
2643 800 2948 857 adfuturam
2996 801 3112 857 fore
3145 803 3573 862 misericordiam
3599 807 3689 862 Do-

2136 887 2288 942 mini.
2314 889 2498 944 Valete
2529 889 2583 945 in
2615 889 2860 946 Christo!

2879 1023 2969 1080 Ill.

2226 1143 2251 1172 ι
2289 1131 2802 1191 INTERROGATIO
2845 1135 3092 1192 CAROLI
3136 1137 3617 1196 IMPERATORIS.

2206 1241 2262 1296 ln
2290 1243 2505 1299 nomine
2532 1244 2726 1312 Patris,
2751 1255 2803 1301 et
2832 1246 2974 1312 Filii,
2998 1255 3054 1302 et
3078 1248 3307 1317 Spiritus
3327 1252 3527 1317 sancti.
3551 1251 3697 1308 Caro-

2137 1333 2220 1388 lus
2249 1337 2623 1394 serenissimus
2642 1339 2915 1409 Augustus
2942 1357 2973 1395 a
2999 1341 3112 1396 Deo
3133 1351 3440 1407 coronatus,
3470 1343 3695 1415 Magnus,

2138 1424 2396 1492 paciﬁcus
2420 1427 2727 1496 imperator,
2752 1430 3052 1485 Romanum
3076 1433 3380 1503 gubernans
3402 1434 3695 1504 imperium,

2139 1513 2229 1581 qui
2277 1523 2330 1568 ct
2366 1530 2463 1584 per
2510 1518 2936 1576 misericordiam
2983 1520 3077 1576 Dei
3128 1537 3223 1576 rex
3278 1523 3613 1581 Francorum
3652 1536 3699 1584 et

2139 1604 2632 1675 Longobardorum,
2659 1610 2927 1667 Amalario
2951 1614 3241 1670 venerabili
3265 1617 3542 1688 episcopo,
3563 1628 3700 1674 aeter‘

2140 1711 2265 1750 nam
2296 1699 2349 1751 in
2378 1698 2606 1755 Domino
2633 1700 2882 1756 salutem.

459 1795 744 1866 allegorice
801 1809 1047 1864 promere
1097 1793 1259 1864 (sicut
1306 1793 1586 1854 aleatores,
1634 1792 1724 1861 qui
1752 1792 2036 1862 perhibent
2068 1786 2114 1846 Β
2210 1787 2417 1858 Saepius
2436 1797 2630 1855 tecum,
2663 1791 2773 1847 imo
2817 1799 2872 1848 et
2915 1810 3037 1849 cum
3063 1797 3273 1853 caeteris
3307 1797 3535 1870 collegis
3563 1797 3696 1872 [Ρει.

461 1885 631 1940 tribus
659 1885 875 1939 tesseris
903 1885 1014 1938 suis
1039 1883 1141 1937 tria
1174 1891 1412 1953 tempora
1439 1881 1750 1951 signiﬁcari,
1774 1897 2034 1950 prtesens,

458 1976 789 2046 praeteritum
819 1981 873 2030 et
919 1972 1184 2038 futurum;
1226 1981 1281 2028 et
1322 1973 1437 2028 vias
1474 1988 1660 2027 eorum
1690 1973 1903 2028 senario
1938 1988 2040 2026 nu-

462 2080 612 2119 mero
661 2064 991 2133 distinguunt
1042 2069 1262 2132 propter
1326 2078 1418 2118 sex
1474 2070 1663 2117 aetates
1725 2062 2035 2128 hominum,

457 2164 662 2223 quanto
700 2154 870 2224 magis
906 2152 1265 2209 Christianam
1316 2154 1634 2208 industriam
1675 2168 1738 2208 ac
1777 2154 2039 2208 rationem

459 2246 615 2320 μη,
643 2244 964 2316 orationem]
1009 2246 1109 2301 sibi
1139 2247 1185 2299 a‘
1212 2245 1324 2300 Deo
1367 2260 1676 2300 concessam
1701 2244 1846 2300 nullo
1879 2244 2040 2300 modo

459 2338 745 2393 excederet
777 2335 976 2391 frustra
1003 2335 1203 2406 aliquid
1247 2336 1517 2390 statuere?
1553 2335 1668 2390 Non
1711 2335 1830 2391 ideo
1857 2350 2040 2390 exem-

459 2427 606 2495 plum
649 2426 715 2480 de
758 2426 1044 2497 gentilibus
1087 2427 1266 2496 posui,
1296 2433 1354 2480 ut
1394 2441 1486 2481 eos
1517 2425 1818 2490 imitemur;
1867 2426 1961 2480 sed
1995 2426 2039 2479 si

461 2517 536 2570 illi
572 2517 673 2571 hoc
707 2516 790 2571 vel
822 2516 947 2570 illud
979 2524 1426 2587 argumentantur
1465 2515 1670 2588 [Forte,
1701 2514 2039 2588 argutantur]

462 2608 711 2672 rationis,
753 2615 953 2677 quanto
1001 2609 1172 2677 magis
1212 2616 1416 2674 totum,
1469 2608 1610 2678 quod
1659 2607 1885 2662 rationis
1928 2615 2037 2672 est,

461 2698 801 2754 Christianus
829 2700 979 2766 sequi
1021 2699 1199 2763 debet,
1237 2699 1328 2768 qui
1359 2713 1581 2752 summae
1608 2697 1803 2752 rationi
1848 2699 1956 2752 Deo
1985 2713 2043 2752 se

461 2802 772 2858 sponsorem
807 2787 956 2843 facit.
995 2788 1110 2843 Non
1143 2789 1263 2844 ideo
1297 2788 1553 2844 Dominus
1578 2789 1813 2843 villicum
1843 2787 2042 2858 iniqui-

461 2879 589 2932 tatis
628 2879 896 2933 laudatum
925 2894 1043 2934 esse
1078 2879 1226 2944 dicit,
1274 2886 1334 2932 ut
1371 2879 1519 2933 illum
1565 2878 1915 2942 imitaremur,
1949 2877 2043 2933 sed

461 2967 508 3022 si
537 2967 625 3024 ille
662 2983 729 3024 ex
756 2969 992 3024 villicatu
1023 2969 1324 3040 iniquitatis
1350 2970 1644 3040 prudenter
1672 2970 1772 3025 sibi
1812 2969 1866 3024 in
1894 2968 2042 3024 futu-

461 3077 584 3116 rum
620 3062 871 3132 providit,
903 3072 1101 3132 quanto
1138 3064 1308 3135 magis
1337 3071 1548 3134 oportet
1577 3063 1946 3120 Christianum
1974 3079 2040 3121 ex

2137 1877 2285 1931 addit
2315 1879 2444 1952 tuis]
2477 1880 2740 1937 familiare
2782 1884 3125 1956 colloquium,
3154 1888 3220 1944 de
3246 1890 3480 1946 utilitate
3515 1903 3698 1948 sanctae

2137 1967 2233 2022 Dei
2260 1968 2518 2024 Ecclesia:
2547 1971 2746 2027 habere
2767 1975 3136 2043 voluissemus,
3164 1979 3210 2032 si
3237 1979 3438 2049 absque
3471 1981 3697 2037 molestia

2137 2061 2401 2130 corporali
2431 2063 2484 2118 id
2507 2061 2644 2118 ellici
2666 2066 2943 2134 potuisset.
2976 2067 3081 2123 Sed
3107 2072 3347 2140 quamvis
3372 2073 3698 2128 sanctitatem

2139 2157 2286 2204 tuam
2334 2151 2388 2205 in
2438 2153 2630 2208 divinis
2669 2156 2830 2212 rebus
2879 2164 2990 2212 tota
3020 2159 3313 2216 intentione
3351 2163 3582 2232 vigilare
3607 2179 3697 2220 non

2139 2241 2446 2310 ignoremus
2469 2282 2486 2309 ,
2531 2245 2780 2300 omittere
2837 2254 3016 2302 tamen
3059 2263 3169 2302 non
3208 2265 3498 2319 possumus
3519 2292 3535 2317 ,
3583 2251 3697 2322 quin

2141 2341 2287 2386 tuam
2330 2332 2688 2401 devotionem,
2722 2345 2907 2392 sancto
2946 2338 3204 2394 incitante
3247 2339 3475 2410 Spiritu,
3519 2342 3698 2399 nostris

2140 2425 2382 2493 apicibus
2419 2426 2800 2496 eompellemus
2836 2436 2994 2499 atque
3028 2446 3488 2498 commoneamus,
3520 2442 3579 2488 ut
3599 2450 3696 2494 lna-

2140 2515 2222 2586 gis
2249 2531 2313 2570 ac
2341 2517 2512 2587 magis
2552 2517 2605 2572 in
2643 2526 2830 2574 sancta
2859 2519 2953 2574 Dei
2983 2519 3221 2576 Ecclesia
3248 2523 3486 2578 studiose
3529 2539 3591 2580 ac
3630 2525 3698 2579 vi.

2140 2606 2325 2675 gilanti
2353 2621 2484 2662 cura
2524 2607 2772 2664 laborare
2801 2609 3018 2666 studeas
3043 2611 3096 2664 in
3125 2612 3508 2681 praedicatione
3529 2624 3694 2670 sancta

2141 2706 2196 2753 et
2227 2700 2468 2754 doctrina
2513 2699 2766 2767 salutari;
2803 2710 3066 2771 quatenus
3105 2719 3206 2773 per
3242 2712 3392 2760 tuam
3434 2706 3695 2762 devotissi-

2141 2805 2286 2845 mam
2317 2791 2590 2846 solertiam
2618 2793 2852 2849 Verbum
2878 2795 3003 2850 vitae
3023 2802 3238 2852 aeternae
3266 2808 3475 2854 crescat
3501 2808 3551 2854 et
3583 2815 3688 2854 cur-

2141 2887 2244 2946 rat,
2290 2889 2346 2935 et
2386 2882 2769 2952 multiplicetur
2813 2901 3068 2942 numerus
3104 2887 3286 2958 populi
3327 2887 3610 2945 Christiani
3648 2891 3694 2945 in

2141 2968 2352 3025 laudem
2383 2980 2438 3026 et
2473 2971 2693 3042 gloriam
2727 2971 3020 3030 Salvatoris
3047 2977 3217 3032 nostri
3242 2977 3360 3033 Dei.

2212 3059 2383 3116 Nosse
2413 3077 2645 3133 namque
2687 3061 2819 3136 [Al.,
2864 3064 3066 3137 itaque]
3113 3081 3212 3136 per
3244 3075 3334 3121 tua
3373 3067 3583 3137 scripta,
3614 3077 3697 3124 at

457 3151 618 3222 justis
668 3153 916 3209 censibus
967 3154 1280 3223 acquirere,
1341 3155 1435 3224 qui
1489 3169 1613 3211 eum
1665 3155 1924 3224 recipient
1985 3146 2112 3210 inC
2141 3168 2241 3224 per
2272 3161 2326 3208 te
2353 3153 2526 3224 ipsum
2557 3154 2820 3222 volumus,
2848 3157 3078 3226 qualiter
3103 3165 3158 3212 tu
3199 3166 3253 3212 et
3278 3157 3591 3228 suﬂ'raganei
3627 3160 3694 3214 tui

462 3252 662 3300 aeterna
691 3244 1070 3299 tabernacula?
1098 3245 1268 3314 Rogo,
1293 3244 1474 3311 Pater,
1496 3252 1557 3299 ut
1576 3257 1682 3301 non
1707 3243 1774 3298 ad
1797 3244 2038 3314 publicas

462 3353 622 3393 aures
654 3337 865 3392 libellus
906 3345 1090 3392 noster
1136 3339 1397 3404 mittatur,
1442 3352 1510 3392 ne
1550 3335 1713 3394 intret
1756 3337 1811 3392 in
1851 3335 2039 3394 dentes

460 3429 903 3491 obtrectatorum,
938 3443 1111 3497 neque
1132 3429 1406 3483 cachinnis
1441 3429 1793 3498 superborum
1817 3443 1915 3498 per
1941 3443 2038 3483 au-

461 3535 552 3575 ras
595 3521 861 3575 resultans
899 3521 964 3576 de
985 3520 1278 3575 humillima
1308 3521 1548 3576 doctrina
1584 3521 1912 3592 paupertatis
1942 3536 2038 3578 no-

460 3626 606 3671 strae.
637 3616 898 3682 Quoniam
938 3631 1044 3671 non
1077 3632 1163 3671 me
1201 3615 1431 3685 praefero
1466 3616 1784 3687 magistrum
1825 3616 1891 3672 de
1933 3616 2038 3671 hac

463 3708 773 3776 scriptione,
818 3709 912 3764 sed
951 3708 1269 3778 discipulum
1315 3708 1673 3778 inquirentem
1701 3708 1843 3778 quod
1877 3707 2038 3777 diligo

465 3798 625 3852 scire.

533 3889 694 3945 Addit
716 3889 877 3946 etiam
900 3888 1158 3944 sanctitas
1174 3896 1352 3943 vestra
1377 3888 1430 3942 in
1457 3887 1682 3957 epistola
1712 3879 2039 3945 commemo-

463 3987 578 4033 rata
619 3981 824 4046 sredas,
857 3995 992 4048 quas
1022 3979 1196 4049 legisti
1230 3978 1422 4033 missas
1463 3979 1532 4033 ad
1573 3981 1826 4035 domnum
1868 3978 2038 4034 Caro-

462 4071 572 4126 lum
605 4073 978 4141 imperatorem
1021 4087 1050 4126 a
1097 4078 1278 4126 nostra
1323 4073 1614 4142 parvitate,
1653 4071 1718 4126 de
1763 4071 2037 4128 Scrutinio

461 4169 516 4215 et
559 4161 899 4231 Baptisterio,
943 4161 1198 4230 prmdicto
1243 4163 1389 4231 operi
1421 4163 1714 4226 innectere,
1744 4163 1888 4233 quod
1930 4178 2036 4219 non

463 4251 662 4314 distuli,
690 4268 1004 4323 praeponens
1033 4252 1182 4319 illud,
1215 4254 1466 4322 quoniam
1495 4261 1653 4308 antea
1680 4253 1923 4324 quisquis
1948 4269 2038 4309 ca-

462 4344 761 4400 tecbizatur
807 4350 860 4398 et
899 4343 1201 4412 baptizatur
1233 4357 1391 4413 quam
1433 4345 1706 4414 perveniet
1746 4344 1813 4398 ad
1854 4359 2038 4400 sacros

461 4435 695 4489 ordines.
726 4434 916 4490 Addidi
945 4436 1106 4489 etiam
1136 4445 1190 4490 et
1209 4436 1353 4505 ipsas
1378 4436 1650 4507 epistolas,
1682 4453 1816 4506 quas
1843 4437 2039 4508 glorio-

459 4525 706 4582 sissimus
731 4525 1018 4594 imperator
1039 4535 1367 4582 memoratus
1389 4527 1535 4581 misit
1562 4528 1747 4600 nobis;
1780 4529 1834 4583 in
1863 4530 2037 4586 prima

461 4631 561 4672 nos
586 4616 825 4671 excitans
853 4617 919 4671 ad
960 4617 1014 4672 id
1055 4617 1380 4684 faciendum,
1427 4619 1482 4673 in
1521 4619 1754 4674 secunda
1792 4621 2039 4689 praebens

461 4709 837 4763 auctoritatem
858 4710 1004 4778 operi
1030 4709 1192 4765 facto.
1224 4709 1587 4780 Similiterque
1617 4725 1710 4765 vos
1736 4726 1950 4780 precor,
1976 4721 2038 4767 ut

461 4813 570 4852 non
614 4799 792 4868 pigeat
836 4799 1172 4854 dilectionem
1216 4808 1450 4855 vestram
1493 4801 1768 4871 perlegere
1809 4817 1873 4857 ea
1915 4817 2035 4872 quae

461 4889 622 4943 modo
650 4889 972 4955 addimus,et
997 4890 1083 4945 ille
1112 4906 1216 4946 non
1254 4891 1399 4960 legit,
1433 4900 1492 4946 ut
1519 4891 1658 4946 sicut
1681 4905 1746 4946 ea
1778 4908 1898 4963 quae.
1922 4894 2035 4963 ipse

461 4977 614 5048 legit,
640 4977 719 5031 sic
743 4986 796 5030 et
819 4979 932 5032 haec
948 4995 1065 5048 quae
1084 4981 1234 5036 vobis
1255 4981 1521 5051 leguntur,
1547 4997 1610 5036 ex
1642 4991 1820 5038 vestra
1847 4992 2034 5039 sancta

461 5067 782 5122 auctoritate
815 5069 1168 5137 corrigantur,
1199 5085 1319 5139 quae
1344 5072 1658 5140 corrigenda
1685 5081 1825 5136 sunt,
1859 5081 1913 5126 et
1941 5071 2033 5126 ﬁr-

461 5166 694 5224 mentur,
725 5175 845 5230 quae
869 5159 1125 5214 ﬁrmanda
1167 5169 1308 5216 sunt.
1337 5162 1570 5231 Mihique
1600 5163 1756 5218 libuit
1791 5171 2028 5218 vestram

459 5250 742 5322 epistolam
769 5251 917 5322 Operi
944 5251 1096 5306 vobis
1137 5252 1438 5320 specialiter
1475 5252 1680 5307 directo
1719 5267 2030 5322 praeponere

457 5354 584 5397 cum
607 5341 851 5396 versibus
890 5340 1207 5410 quibusdam
1251 5341 1494 5394 marinis.
1531 5341 1640 5395 Vos
1667 5341 1812 5395 enim
1848 5356 2025 5396 meum

459 5429 664 5488 nullum
700 5431 867 5486 latere
894 5431 1033 5485 volo.
1080 5430 1432 5495 Pertractavi,
1482 5439 1767 5500 postquam
1807 5446 2033 5500 corpore

531 5597 560 5625 ι
583 5584 709 5639 Haec
734 5593 816 5657 est
843 5585 1066 5657 epistola
1094 5585 1194 5639 sub
1220 5585 1403 5640 eodem
1433 5592 1615 5639 tenore
1645 5586 1710 5640 ad
1741 5587 1874 5642 alios
1903 5603 2034 5656 quo-

446 5667 569 5721 que
615 5653 763 5723 regni
802 5653 1228 5724 archiepiscopos
1267 5671 1408 5709 anno
1448 5657 1664 5710 circiter
1692 5658 1794 5712 812
1835 5653 2029 5718 missa;

471 5728 673 5774 restant
709 5738 916 5794 quoque
957 5725 1254 5792 aliquorum
1300 5725 1670 5794 responsiones
1712 5729 1847 5796 apud
1889 5728 2035 5781 llalu-

677 5923 778 5933 -σ-ο-

2139 3242 2377 3298 doceatis
2397 3252 2452 3298 et
2472 3244 2752 3300 instruatis
2772 3248 3078 3302 sacerdotes
3094 3246 3189 3302 Dei
3213 3247 3311 3322 [et]
3330 3248 3538 3318 plebem
3557 3249 3694 3304 vobis

2137 3335 2481 3391 commissam
2531 3337 2595 3392 de
2643 3337 2896 3408 baptismi
2941 3350 3303 3407 sacramento,
3359 3341 3418 3398 id
3464 3348 3564 3409 est,
3610 3356 3692 3396 cur

2134 3427 2312 3497 primo
2363 3427 2540 3484 infans
2587 3428 2992 3486 catechuminus
3035 3430 3293 3498 edicitur;
3342 3432 3431 3487 vel
3472 3432 3594 3503 quid
3632 3434 3694 3488 sit

2137 3519 2579 3574 catechuminus?
2600 3519 2800 3574 Deinde
2823 3535 2919 3592 per
2939 3522 3180 3577 ordinem
3202 3524 3383 3578 omnia
3407 3540 3522 3594 quae
3547 3541 3689 3596 agun-

2137 3615 2244 3664 tur.
2271 3611 2344 3665 De
2369 3611 2647 3675 scrutinio,
2671 3612 2797 3681 quid
2816 3612 2884 3666 sit
2906 3613 3256 3669 scrutinium?
3278 3616 3344 3671 Et
3362 3617 3428 3671 de
3450 3615 3685 3686 symbolo.

2135 3701 2262 3770 quid
2290 3701 2422 3773 [Al.,
2447 3701 2587 3774 quae]
2619 3704 2688 3757 sit
2711 3704 2828 3773 ejus
2856 3704 3247 3775 interpretatio,
3278 3710 3565 3764 secundum
3595 3707 3682 3764 La-

2136 3792 2312 3847 tinos?
2353 3792 2428 3846 De
2473 3794 2810 3861 credulitate,
2860 3797 3125 3866 quomodo
3165 3800 3490 3856 credendum
3536 3803 3598 3856 sit
3634 3802 3678 3855 in

2135 3883 2304 3939 Deum
2332 3884 2544 3951 Patrem
2578 3888 3017 3958 omnipotentem,
3053 3898 3106 3945 et
3148 3891 3202 3946 in
3235 3890 3420 3948 Iesum
3441 3894 3680 3950 Christum

2135 3971 2332 4028 Filium
2371 3973 2489 4043 ejus
2525 3983 2709 4030 natum
2743 3985 2798 4031 et
2828 3993 3078 4048 passum;
3108 3988 3163 4034 et
3199 3981 3256 4035 in
3303 3980 3555 4052 Spiritum
3581 3999 3681 4039 san-

2137 4072 2305 4134 ctum,
2335 4074 2577 4121 sanctam
2598 4067 2893 4124 Ecclesiam
2921 4071 3263 4140 catholicam,
3291 4082 3346 4129 et
3370 4085 3558 4130 cratera
3583 4089 3680 4144 qua:

2137 4164 2436 4225 sequuntur
2481 4157 2535 4212 in
2573 4160 2760 4215 eodem
2813 4162 3088 4232 symbolo?
3130 4164 3206 4218 De
3245 4166 3679 4222 abrenuntiatione

2139 4243 2353 4302 Satanae
2381 4255 2436 4303 et
2463 4249 2528 4303 de
2555 4251 2805 4307 omnibus
2835 4255 3088 4322 operibus
3122 4253 3236 4324 ejus
3278 4265 3444 4327 atque
3480 4258 3678 4328 pompis.

2138 4336 2270 4404 quid
2315 4338 2386 4391 sit
2429 4338 2862 4406 abrenuntiatio,
2909 4342 2994 4398 vel
3039 4359 3157 4413 quae
3202 4359 3365 4415 opera
3414 4347 3596 4402 diaboli
3637 4356 3680 4399 et

2137 4427 2378 4495 pompm?
2411 4427 2522 4482 Cur
2546 4430 2858 4486 exsulllatur
2881 4431 3010 4504 [Al.,
3039 4433 3380 4508 insuﬂlatur],
3411 4445 3465 4491 et
3488 4453 3578 4492 cur
3607 4451 3680 4490 ex-

2063 4491 2117 4557 D
2140 4518 2443 4573 orcizatur?
2472 4518 2580 4575 Cur
2617 4491 3030 4580 catechuminus
3059 4527 3254 4597 accipit
3298 4491 3500 4583 salem?
3533 4528 3682 4596 Quare

2143 4615 2431 4678 tangantur
2464 4627 2642 4676 nares,
2675 4621 2862 4684 pectus
2884 4623 3114 4685 ungatur
3143 4617 3297 4672 oleo?
3329 4617 3442 4673 Cur
3483 4617 3684 4688 scapulae

2143 4701 2295 4773 [Ms.,
2341 4703 2596 4776 spadulzn]
2637 4705 2914 4776 signentur
2959 4705 3085 4778 [Al.,
3124 4707 3355 4778 scapula:
3401 4707 3686 4780 lavantur]?

2140 4791 2316 4860 Quare
2352 4801 2539 4863 pectus
2577 4801 2630 4849 et
2659 4795 2889 4864 scapulae
2930 4796 3219 4851 liniantur?
3242 4797 3353 4854 Cur
3380 4799 3514 4855 albis
3533 4799 3686 4854 indui-

2139 4891 2227 4938 tur
2252 4885 2617 4940 vestimentis?
2643 4884 2752 4941 Cur
2776 4901 2931 4942 sacro
2960 4887 3249 4943 chrismate
3279 4898 3444 4960 caput
3462 4889 3684 4961 perungi-

2142 4979 2248 5038 tur,
2267 4982 2322 5028 et
2347 4975 2574 5045 mystico
2606 4976 2803 5045 tegitur
2837 4977 3120 5044 velamine,
3150 4979 3235 5036 vel
3258 4995 3486 5050 corpore
3509 4990 3562 5036 et
3581 4995 3685 5035 sau-

2140 5062 2300 5133 guine
2328 5063 2604 5119 Dominico
2641 5065 3026 5120 conﬁrmatur?

2210 5151 2336 5208 Ητεο
2367 5154 2546 5208 omnia
2575 5155 2752 5210 subtili
2775 5156 3023 5229 indagine
3047 5160 3345 5230 perscripta
3363 5160 3535 5226 nobis,
3564 5159 3686 5214 sicut

2138 5245 2390 5310 diximus,
2422 5248 2670 5302 nuntiare
2697 5255 2881 5318 satage
2908 5267 2921 5302 :
2951 5249 3035 5304 vel
3064 5251 3110 5305 si
3148 5253 3222 5306 ita
3266 5260 3452 5308 teneas
3484 5261 3538 5306 et
3566 5265 3688 5320 pra-

2136 5335 2312 5397 dices,
2339 5343 2432 5389 aut
2467 5335 2512 5390 si
2552 5335 2606 5390 in
2645 5337 2746 5392 hoc
2780 5338 2921 5406 quod
2951 5340 3233 5408 prmdicas,
3271 5343 3501 5412 teipsum
3528 5348 3686 5398 custo-

2133 5425 2267 5482 dias.
2293 5426 2436 5480 Bene
2462 5425 2634 5481 valete
2661 5425 2794 5499 [Αι.,
2815 5428 2957 5502 vale]
2985 5437 3039 5484 et
3063 5445 3160 5485 ora
3189 5447 3290 5502 pro
3315 5435 3492 5490 nobis.

2135 5589 2307 5653 zizzm,
2355 5587 2737 5661 Mabillonium,
2787 5589 3056 5658 Martenc,
3103 5592 3346 5648 Pezium.
3391 5593 3467 5650 Ex
3510 5590 3684 5661 quibus

2137 5659 3002 5734 lectiones_\'ariantes‘h~ausitnus.
3053 5664 3181 5718 Vide
3207 5680 3337 5720 vero
3381 5658 3587 5734 Pagium
3623 5658 3684 5712 ad

2137 5747 2332 5784 annum
2360 5730 2483 5794 8l2,
2514 5745 2656 5784 num.
2697 5729 2758 5783 l2
2782 5740 2832 5784 et
2862 5732 2939 5785 l5.
