3868 6174
133 384 259 443 893

384 584 766 644 RESPONSIO
800 586 1130 645 AMALARII
1163 588 1485 647 EPISCOPL

204 672 619 732 Gloriosissime
645 685 702 731 et
738 676 1187 734 excellentissimo
1224 678 1485 751 Augusto,
1531 694 1562 734 a
1609 679 1721 736 Deo

129 772 434 833 coronato,
463 762 661 822 Carolo
699 765 1062 835 serenissimo,
1107 768 1219 823 vita
1252 768 1502 841 salusque
1537 784 1723 842 perpe-

131 864 259 913 tua.
1554 894 1582 917 ο

204 945 443 1003 Domine
480 945 555 1002 mi
579 946 1040 1003 Christianissime
1061 948 1374 1019 imperator.
1400 948 1618 1004 Misistis
1651 948 1724 1004 ad

127 1035 416 1093 servulum
444 1042 685 1091 vestrum
725 1036 1117 1106 inquisitiones,
1160 1038 1455 1093 secundum
1483 1046 1721 1095 vestram

129 1127 593 1193 misericordiam,
617 1127 683 1182 de
707 1142 864 1185 sacro
886 1129 1233 1200 baptismate,
1248 1144 1346 1200 per
1374 1131 1617 1186 ordinem
1639 1130 1724 1185 in-

131 1225 482 1287 terrogantes
509 1231 610 1271 cur
634 1232 966 1287 unaquaeque
992 1234 1079 1275 res
1106 1227 1299 1289 agatur
1327 1219 1381 1273 in
1406 1220 1722 1289 baptisteria

131 1317 193 1364 ut
211 1307 267 1362 in
294 1308 601 1363 scrutinio:
635 1308 777 1364 sicut
811 1308 865 1363 in
906 1309 1156 1364 omnibus
1189 1308 1390 1365 Christi
1415 1308 1719 1379 exemplum

133 1398 452 1469 sequimini,
489 1397 569 1455 sic
611 1405 667 1453 et
716 1397 769 1452 in
806 1397 947 1463 isto;
978 1398 1071 1469 qui
1117 1398 1185 1454 ad
1221 1399 1325 1454 hoc
1372 1398 1723 1470 interrogavit

132 1490 469 1561 Philippum,
488 1496 549 1544 ut
577 1490 822 1553 doceret,
844 1489 1029 1547 dicens
1060 1506 1081 1544 ι
1108 1487 1257 1544 Unde
1283 1506 1510 1544 ememus
1536 1506 1719 1561 panes,

134 1589 188 1634 ut
215 1579 535 1637 manducent
554 1577 610 1632 hi
631 1577 810 1652 (Joan.
834 1594 905 1641 γι,
931 1577 1021 1649 5)?
1051 1578 1274 1643 Tamen,
1298 1587 1358 1633 ut
1378 1579 1724 1651 Evangelista

135 1669 209 1727 ait
235 1683 251 1722 :
275 1667 405 1738 Ipse
437 1668 576 1722 enim
602 1666 796 1722 sciebat
816 1666 940 1738 quid
968 1675 1098 1721 esset
1121 1666 1377 1735 facturus.
1400 1665 1726 1737 Quanquam

135 1758 369 1813 idoneus
396 1774 503 1815 non
540 1758 643 1812 sim
681 1765 876 1812 vestrae
919 1757 1328 1827 interrogationi
1372 1758 1724 1828 respondere,

1186 383 1406 442 EPIST.
1452 386 1542 443 DE
1578 385 2018 446 CEREMONIIS
2051 388 2391 448 BAPTISMI.

1748 507 1802 567 Α
1829 501 1986 558 ﬁdem
2015 510 2197 560 tenere
2220 520 2319 575 per
2344 518 2508 576 opera
2534 505 2833 562 charitatis.
2875 508 2943 563 Et
2971 510 3112 564 sicut
3150 511 3398 584 Augusti-

3294 402 3398 458 895

1821 608 1924 647 nus
1951 592 2027 647 ait
2055 594 2109 648 in
2136 594 2275 650 libro
2312 594 2379 649 de
2406 593 2539 651 Fide
2574 603 2631 651 et
2649 593 2912 667 Operibus
2943 597 3096 670 (Cap.
3127 599 3221 667 27,
3243 617 3396 656 num.

1819 682 1911 755 49)
1936 702 1950 738 :
1997 702 2015 735 ι
2050 682 2139 739 Sic
2154 682 2572 742 'catechizandos
2599 700 2691 742 eos
2717 686 2808 756 qui
2836 688 3162 759 baptismum
3181 697 3395 761 petunt,

1820 782 1881 830 ut
1902 792 2005 831 non
2030 776 2204 831 solum
2228 777 2451 831 audiant
2473 786 2634 848 atque
2660 778 2955 847 suscipiant
2994 780 3124 849 quid
3151 781 3392 846 credere,

1819 880 2008 921 verum
2033 867 2197 921 etiam
2232 865 2464 937 qualiter
2507 867 2737 923 debeant
2766 869 2947 923 vivere
2975 887 2989 924 :
3036 871 3115 926 sic
3150 871 3393 941 promitti

1822 956 2068 1013 fidelibus
2095 959 2260 1012 vitam
2295 966 2574 1024 aeternam,
2624 968 2684 1014 ut
2719 975 2825 1014 non
2874 960 3039 1015 etiam
3085 976 3184 1031 per
3232 960 3394 1016 (idem

1822 1054 2119 1112 mortuam,
2154 1061 2274 1115 quae
2297 1046 2414 1101 sine
2434 1047 2686 1115 operibus
2721 1048 2930 1103 salvare
2957 1064 3064 1104 non
3098 1057 3301 1119 potest,
3323 1050 3394 1106 ad

1820 1152 1942 1194 eam
1976 1153 2034 1192 se
2061 1138 2289 1208 quisque
2317 1153 2476 1209 posse
2505 1140 2788 1208 pervenire
2815 1140 3130 1205 arbitretur,
3165 1142 3259 1195 sed
3296 1156 3395 1211 per

1821 1226 1970 1283 illam
2006 1227 2166 1283 ﬁdem
2197 1228 2406 1300 gratiae,
2434 1244 2553 1298 qua:
2581 1243 2678 1298 per
2705 1228 3043 1283 dilectioan
3068 1236 3345 1300 Operatur.
3369 1249 3388 1281 ι

1821 1319 1897 1374 De
1925 1335 2031 1389 qua
2087 1319 2462 1386 instructione,
2520 1319 2566 1373 si
2627 1319 2748 1389 quis
2790 1317 2929 1387 vult,
2975 1320 3107 1375 satis
3157 1321 3396 1389 reperire

1818 1416 1996 1481 potest
2024 1410 2078 1463 iu
2115 1408 2412 1480 Augustino
2463 1409 2531 1464 de
2573 1408 2974 1464 catechizandis
3012 1407 3253 1463 rudibus.
3294 1406 3395 1464 Su-

1819 1515 1919 1571 per
1958 1500 2213 1569 parvulos
2246 1500 2545 1555 orationem
2596 1500 2795 1554 faciant
2838 1499 2989 1572 μίση
3021 1498 3293 1571 facimus],
3338 1507 3398 1553 ut

1821 1591 2036 1646 caecitas
2069 1591 2247 1647 cordis
2271 1591 2324 1645 in
2366 1592 2445 1647 eis
2472 1590 2788 1660 depellatur,
2814 1591 3192 1660 dirumpantur
3217 1589 3396 1661 laquei

1822 1681 2058 1747 Satanae,
2090 1683 2285 1752 quibus
2324 1680 2541 1738 fuerant
2574 1681 2828 1751 colligati,
2871 1690 2926 1736 et
2953 1680 3129 1737 idonei
3152 1679 3391 1736 etlician-

1820 1780 1910 1827 tur
1932 1788 2032 1844 per
2064 1773 2399 1828 incrementa
2438 1780 2495 1828 et
2531 1772 2986 1826 ministrationcm
3026 1771 3393 1825 membrorum

133 1857 313 1903 tamen
343 1848 738 1902 inobedientem
776 1863 864 1903 me
891 1863 998 1903 non
1027 1856 1240 1918 oportet
1259 1863 1399 1915 esse,
1431 1850 1559 1919 quin
1593 1865 1714 1904 om.-

1824 1875 1884 1917 ea
1908 1875 2231 1933 cognoscere
2260 1876 2380 1933 quae
2402 1860 2714 1916 dimittenda
2741 1869 2887 1929 sunt,
2915 1870 2971 1915 et
2993 1876 3113 1930 qua:
3144 1860 3390 1916 tenenda.

134 1939 291 1994 nibus
315 1939 568 1995 sensibus
582 1948 637 1994 et
659 1939 930 1996 intellectu
955 1955 1075 1996 meo
1097 1941 1292 1998 vestris
1311 1942 1512 1997 sanctis
1525 1942 1723 2012 jussio—

131 2029 290 2084 nibus
319 2031 711 2100 obtemperem.
730 2030 959 2101 Ideoque
980 2033 1122 2102 quod
1145 2033 1414 2103 conjicere
1432 2048 1721 2105 possumus

134 2121 261 2197 [Al.,
286 2121 613 2196 potuimus],
642 2123 957 2194 scripsimus
991 2124 1058 2180 de
1092 2125 1188 2180 his
1207 2126 1370 2183 rebus
1396 2141 1516 2196 quae
1540 2135 1719 2182 vestra

132 2213 436 2270 dominatio
463 2214 833 2284 interrogavit,
871 2222 929 2270 et
963 2215 1187 2284 quodin
1214 2226 1464 2287 promptu
1509 2217 1718 2274 iuveni-

134 2322 252 2363 mus
275 2308 338 2362 in
365 2306 531 2363 dictis
562 2313 875 2363 sanctorum
901 2306 1149 2375 Patrum,
1182 2309 1308 2366 illuc
1344 2311 1516 2382 magis
1544 2311 1720 2367 aciem

134 2399 333 2453 mentis
383 2397 682 2455 direximus
721 2413 791 2455 ex
834 2398 922 2455 bis
963 2415 1086 2472 qua:
1122 2401 1474 2457 admonitioni
1519 2410 1717 2460 vestra:

134 2500 374 2559 magna
408 2487 745 2544 videbamus.
776 2486 887 2544 Nos
922 2503 1052 2544 vero
1089 2504 1400 2561 quanquam
1446 2492 1619 2564 ignari
1647 2492 1722 2549 si-

134 2593 273 2645 mus,
307 2593 418 2634 non
446 2592 723 2635 cessamus
747 2593 845 2650 pro
864 2580 1016 2635 vobis
1041 2589 1096 2635 et
1120 2591 1301 2637 vestra
1326 2583 1716 2650 misericordia,

134 2684 295 2740 quam
330 2670 600 2725 exercetis
628 2669 682 2724 in
718 2684 908 2726 omnes
944 2670 1040 2726 Dei
1076 2670 1328 2739 cultores,
1366 2675 1570 2745 gratias
1608 2672 1721 2730 Deo

137 2774 316 2831 agere,
358 2767 421 2815 et
464 2759 815 2816 stabilitatem
855 2768 1017 2830 atque
1062 2762 1382 2833 sapientiam
1432 2763 1720 2835 imprecari

137 2859 315 2906 vestro
373 2849 657 2920 regimini;
709 2866 940 2922 quarum
994 2852 1478 2925 interrogationum
1544 2857 1721 2924 prima

138 2942 245 2998 bzec
279 2942 542 2999 consistit
577 2957 594 2997 :
640 2942 751 3000 Cur
789 2942 969 3001 infans
1005 2946 1424 3003 catechumenos
1460 2947 1557 3003 ﬂat
1595 2954 1723 3003 ante

142 3036 506 3109 baptismum?

667 3128 750 3185 De
790 3128 1171 3185 catechumenis

204 3216 425 3275 Scimus
467 3218 632 3286 enim,
678 3219 1129 3276 excellentissime
1172 3219 1486 3291 imperator,
1529 3236 1721 3281 omnes
1742 3186 1793 3251 α

139 3311 386 3367 homines
409 3310 511 3367 sub
529 3311 737 3381 peccati
770 3309 901 3380 jugo
930 3310 1105 3366 teneri
1138 3312 1205 3368 ab
1232 3312 1347 3383 ipso
1370 3312 1597 3370 articulo
1621 3330 1718 3383 na-

138 3401 366 3457 tivitatis
394 3402 531 3472 ejus,
578 3416 750 3472 usque
795 3402 863 3456 ad
907 3402 1199 3458 secundam
1248 3403 1616 3470 nativitatem;
1665 3413 1723 3463 et

138 3492 436 3549 veridicam
480 3508 598 3549 esse
638 3493 961 3549 sententiam
1000 3492 1316 3560 Psalmistte,
1361 3495 1454 3565 qui
1499 3496 1718 3567 inquit,

136 3582 266 3640 Ecce
290 3585 437 3640 enim
476 3585 532 3639 in
561 3585 921 3657 iniquitatibus
961 3594 1234 3655 conceptus
1267 3602 1404 3651 sum,
1434 3596 1483 3642 et
1508 3588 1565 3642 in
1596 3603 1720 3657 pec-

137 3675 262 3731 catis
294 3674 532 3746 concepit
560 3691 641 3730 me
669 3684 835 3730 mater
860 3691 975 3730 mea
998 3672 1171 3749 (Psal.
1198 3693 1251 3741 ι,
1277 3675 1351 3748 7).
1392 3677 1463 3732 Et
1507 3678 1612 3734 hoc
1638 3685 1722 3734 est

136 3776 360 3839 propter
386 3765 806 3822 inobedientiam
840 3767 1003 3838 primi
1050 3768 1284 3825 hominis
1320 3778 1375 3825 et
1399 3769 1515 3842 ejus
1544 3779 1721 3827 trans.

137 3858 499 3927 gressionem,
525 3872 558 3912 a
581 3873 689 3930 quo
715 3858 965 3915 ducimus
990 3859 1255 3931 originem
1297 3862 1567 3917 carnalem
1613 3880 1627 3918 :
1665 3870 1723 3919 et

139 3964 240 4007 non
266 3966 431 4022 posse
457 3967 557 4007 nos
585 3950 867 4008 reformari
903 3954 971 4010 ad
1003 3954 1288 4026 imaginem
1333 3954 1450 4028 ejus’
1488 3957 1580 4029 qui
1620 3972 1721 4013 nos

141 4041 364 4106 creavit,
398 4040 506 4096 nisi
546 4056 645 4112 per
687 4042 922 4099 salutare
962 4044 1259 4115 baptisma,
1293 4048 1438 4117 quod
1483 4048 1721 4103 nondum

144 4132 480 4202 accepimus;
510 4146 685 4202 neque
720 4140 870 4204 patet
896 4135 1074 4190 aditus
1118 4138 1265 4208 regni
1305 4137 1584 4205 oculorum,
1614 4139 1721 4194 nisi

137 4237 486 4279 renascantur
509 4239 576 4277 ca:
602 4240 741 4295 aqua
764 4233 813 4279 et
841 4222 1044 4295 Spiritu
1072 4236 1250 4280 sancto
1290 4226 1472 4300 (Joan.
1514 4244 1600 4294 tn,
1640 4227 1717 4301 5).

139 4310 337 4368 Sumus
366 4312 512 4368 enim
548 4320 675 4368 ante
716 4313 980 4384 baptisma
1011 4314 1067 4369 in
1105 4315 1340 4371 tenebris
1366 4316 1716 4387 ignorantiae;

138 4401 189 4457 in
214 4402 503 4459 desideriis
521 4403 704 4459 carnis
728 4404 1083 4473 ambulantes,
1118 4404 1348 4462 facimus
1375 4421 1438 4462 ea
1464 4422 1584 4477 quae
1612 4423 1721 4464 non

2406 1974 2487 2030 De
2525 1975 2799 2029 scrutinio.

1886 2093 1946 2149 ln
1972 2092 2231 2149 scrutinio
2256 2091 2456 2162 quippe
2495 2088 2724 2145 facimus
2763 2088 2977 2158 signum
3014 2087 3192 2144 crucis
3232 2100 3398 2157 super

1815 2198 2029 2255 pueros,
2055 2184 2196 2238 sicut
2213 2182 2518 2239 invenimus
2539 2181 2805 2250 scriptum
2827 2180 2881 2235 in
2903 2178 3146 2236 Romano
3168 2177 3391 2243 Ordine,

1815 2286 1873 2334 et
1906 2275 2337 2348 genuﬂexionem
2381 2281 2436 2330 et
2480 2273 2874 2346 adjurationem
2913 2270 3108 2344 [Edit.,
3158 2266 3393 2325 admira-

1815 2363 2074 2438 tionem];
2106 2372 2165 2420 et
2180 2365 2439 2420 docemus
2459 2363 2758 2432 orationem
2788 2361 3119 2416 Dominicam
3145 2360 3393 2431 patrinos

1815 2464 1874 2514 et
1897 2456 2182 2521 matrinas,
2215 2462 2277 2509 ut
2300 2461 2358 2509 et
2378 2453 2480 2524 ipsi
2508 2452 2756 2508 similiter
2788 2450 3009 2516 faciant,
3050 2464 3187 2520 quos
3219 2463 3399 2505 susce-

1816 2546 1962 2617 pturi
2001 2553 2128 2603 Sunt
2162 2559 2196 2605 a
2236 2560 2392 2600 sacro
2436 2544 2780 2616 baptismate.
2834 2541 3096 2597 Similiter
3141 2540 3399 2596 docemus

1818 2635 2143 2709 symbolum,
2181 2636 2326 2706 quod
2367 2634 2575 2706 signum
2610 2633 2666 2688 in
2708 2640 2901 2689 nostra
2930 2631 3114 2701 lingua
3139 2629 3391 2694 vertitur,

1815 2723 1904 2780 vel
1930 2723 2176 2795 cognitio.
2203 2721 2426 2789 Quando
2445 2720 2822 2776 dividebantur
2848 2716 3072 2788 apostoli
3100 2732 3199 2788 per
3222 2723 3395 2771 totum

1818 2814 2008 2870 orbem
2040 2811 2443 2883 praedicationis
2475 2824 2660 2873 causa,
2690 2807 2957 2863 dederunt
2977 2806 3107 2860 illud
3132 2803 3395 2879 [signum]

1817 2902 2241 2975 praedicationis,
2280 2908 2342 2956 ut
2369 2901 2413 2957 si
2443 2900 2564 2969 quis
2588 2898 2715 2953 talia
2740 2897 3089 2953 confiteretur
3112 2896 3291 2967 qualia
3321 2895 3396 2951 ibi

1821 2994 2096 3060 dicuntur,
2122 2993 2484 3066 cognitionem
2527 2991 2682 3046 daret
2720 3005 2779 3045 se
2823 3005 2855 3044 a
2901 2988 3103 3045 Christi
3140 2988 3401 3062 apostolis

1823 3086 1938 3143 sive
1960 3101 1993 3142 a
2023 3086 2428 3143 successoribus
2450 3098 2639 3140 eorum
2666 3081 2941 3140 didicisse.

2128 3195 2238 3253 Cur
2271 3196 2330 3250 in
2365 3196 2540 3266 fronte
2576 3194 2835 3264 faciamus
2866 3195 3091 3265 signum.

1890 3313 2065 3371 Sedes
2088 3308 2427 3367 verecundiae
2457 3309 2510 3362 in
2537 3306 2715 3362 fronte
2753 3305 2889 3362 solet
2925 3320 3065 3361 esse.
3115 3303 3392 3375 Siquidem

1818 3404 1989 3462 ludei
2023 3404 2079 3459 in
2105 3401 2281 3457 fronte
2312 3400 2639 3455 erubescunt
2669 3397 2891 3453 credere
2940 3398 2995 3452 in
3037 3398 3189 3453 illum
3230 3412 3392 3467 quem

1818 3502 2020 3550 norunt
2065 3489 2403 3554 crucifixum,
2456 3494 2517 3542 ut
2555 3486 2752 3542 Paulus
2797 3486 3072 3557 apostolus
3114 3487 3223 3541 ait:
3276 3485 3392 3541 Nos

1819 3593 1992 3642 autem
2025 3583 2371 3655 prccdicamus
2399 3578 2663 3635 Christum
2688 3580 2996 3649 cruciﬁxum
3041 3578 3244 3634 Judazis
3272 3580 3396 3652 qui-

1817 3679 1935 3733 dem
1959 3674 2289 3740 scandalum,
2320 3673 2555 3745 gentibus
2594 3681 2766 3726 autem
2793 3671 3067 3726 stultitiam
3102 3671 3155 3744 (1
3183 3670 3307 3727 Cor.
3338 3688 3358 3728 ι
3377 3711 3394 3739 ,

1817 3769 1930 3841 23).
1974 3768 2082 3823 Sed
2120 3780 2221 3822 nos
2268 3765 2537 3821 credimus
2567 3779 2667 3834 per
2700 3750 3036 3819 Crucilixum
3072 3763 3291 3829 salvari,
3329 3762 3398 3818 de

1818 3860 1971 3931 cujus
1994 3858 2213 3914 nomine
2248 3855 2417 3912 Judzei
2465 3856 2811 3923 erubescunt,
2853 3856 3007 3925 cujus
3043 3872 3144 3912 nos
3179 3858 3399 3915 nomine

1817 3950 2090 4005 credimus
2115 3947 2346 4012 muniri;
2374 3953 2536 4016 atque
2555 3947 2677 4002 ideo
2704 3946 2757 4001 in
2778 3945 2956 4001 fronte
2983 3947 3195 4018 signum
3220 3947 3399 4001 crucis

1818 4042 2067 4109 facimus,
2105 4040 2197 4096 ubi
2239 4039 2394 4095 sedes
2422 4038 2759 4095 verecundia:
2800 4046 2900 4103 est,
2944 4038 3086 4094 sicut
3120 4037 3233 4108 jam
3261 4037 3402 4093 dixi-

1818 4147 1963 4189 mus.
2207 4217 2368 4284 Quali
2403 4218 2555 4287 signa
2590 4217 2853 4287 signemus
2888 4231 3002 4270 nos.

1889 4325 1958 4382 Et
1992 4340 2097 4381 non
2118 4326 2223 4380 alio
2249 4326 2402 4396 signo
2431 4325 2705 4394 signamus
2730 4339 2851 4390 nos,
2873 4324 2978 4379 nisi
3005 4324 3160 4396 signo
3181 4323 3395 4392 crucis;

1818 4417 1943 4487 quia
1986 4415 2247 4472 Dominus
2283 4415 2338 4469 in
2364 4428 2529 4470 carne
2565 4422 2725 4468 natus
2753 4412 3007 4468 vexillum
3050 4412 3248 4477 crucis,
3290 4424 3400 4482 quo

136 4494 501 4550 conveniunt:
530 4494 763 4551 vivimus
807 4495 1103 4551 secundum
1149 4504 1389 4553 veterem
1420 4498 1715 4564 hominem,

1824 4523 2040 4565 suorum
2080 4504 2285 4560 frontes
2319 4516 2345 4546 ι
2375 4505 2634 4576 signaret,
2688 4502 2937 4570 aflerens,
2987 4511 3049 4558 ut
3096 4502 3401 4560 destrueret

138 4587 226 4655 qui
250 4586 623 4656 corrumpitur
645 4587 939 4642 secundum
960 4587 1224 4643 desideria
1247 4589 1466 4644 erroris.
1491 4588 1721 4659 Ideoque

138 4678 225 4747 Qui
252 4678 532 4735 desiderat
559 4679 852 4733 secundum
880 4693 1079 4734 novum
1106 4679 1378 4735 hominem
1416 4680 1720 4749 reformari,

137 4780 357 4824 necesse
407 4775 493 4823 est
536 4775 592 4825 ut
636 4767 937 4825 instruatur
987 4784 1020 4823 a
1072 4769 1381 4826 doctoribus
1432 4771 1720 4840 Ecclesiae,

136 4858 310 4927 qualis
343 4865 472 4912 ante
513 4857 842 4927 baptismum
871 4858 978 4924 sit;
1015 4859 1192 4930 qualis
1236 4866 1359 4931 post
1393 4860 1723 4931 baptismum

137 4946 351 5004 futurus
371 4949 471 5020 pci-
489 4946 587 5003 Dei
606 4949 856 5018 gratiam,
877 4957 938 5004 ut
959 4950 1025 5005 de
1051 4950 1287 5007 tenebris
1299 4958 1642 5020 peccatorum
1668 4953 1724 5008 in

136 5033 312 5100 lucem
336 5038 583 5094 veritatis
613 5046 991 5104 convertatur;
1023 5039 1211 5099 relicto
1230 5041 1447 5097 nomine
1465 5039 1723 5097 falsorum

139 5127 362 5184 deorum
388 5129 534 5185 colat
560 5147 727 5186 unum
761 5131 931 5187 Deum
955 5132 1137 5188 vivum
1158 5141 1215 5188 et
1246 5148 1465 5189 verum.»
1482 5133 1551 5188 Et
1578 5142 1726 5206 post-

138 5231 301 5293 quam
318 5217 438 5274 htec
459 5220 743 5290 percepita
765 5221 1027 5276 catholico
1049 5222 1287 5288 doctore,
1307 5223 1725 5280 catechumenos

138 5308 356 5378 dicitur,
405 5310 484 5383 [id
521 5310 627 5385 est]
657 5313 945 5367 instructus
970 5314 1083 5370 sive
1105 5314 1337 5370 auditor.

1821 4599 2013 4655 mortis
2048 4598 2374 4667 imperium;
2422 4604 2479 4652 et
2504 4611 2601 4666 per
2628 4594 2737 4650 tale
2782 4597 2994 4668 signum
3046 4603 3401 4666 recognoscat

1821 4689 2094 4747 contraria
2130 4695 2389 4760 potestas,
2418 4686 2776 4758 principatum
2821 4701 2879 4741 se
2903 4686 3131 4755 perdere
3160 4685 3213 4739 in
3257 4684 3396 4752 istis,

1822 4796 1959 4853 quos
1985 4779 2127 4834 Deus
2153 4777 2369 4833 vocavit
2389 4778 2456 4832 ad
2480 4777 2708 4848 gratiam
2736 4775 3010 4846 baptismi.
3032 4773 3165 4829 Illud
3188 4774 3400 4846 signum

1823 4869 2030 4925 faciunt
2048 4869 2104 4924 in
2139 4867 2407 4923 frontibus
2442 4881 2630 4921 eorum
2670 4865 2995 4936 presbyteri,
3023 4864 3275 4936 acolythi,
3305 4879 3403 4943 pa-

1826 4961 1952 5017 triui
1983 4959 2328 5015 etmatrinm.
2384 4956 2651 5013 Scribitur
2694 4955 2748 5010 in
2785 4954 3143 5011 aediﬁcatione
3193 4955 3399 5027 templi,

1827 5066 1988 5121 quam
2018 5049 2153 5104 vidit
2194 5048 2442 5103 Ezechiel
2476 5047 2781 5118 specialiter
2823 5060 2941 5102 esse
2988 5046 3241 5117 fenestras
3276 5045 3403 5100 obli-

1825 5156 1956 5210 quas
1983 5140 2039 5192 in
2066 5138 2312 5191 thalamis
2340 5145 2393 5190 et
2414 5137 2471 5189 in
2498 5136 2756 5207 frontibus
2792 5153 2994 5202 eorum,
3024 5138 3114 5208 qui
3141 5144 3289 5190 erant
3314 5136 3393 5189 in.

1828 5238 1912 5284 ιτα
1947 5238 2150 5301 portam
2179 5228 2410 5299 undique
2454 5243 2547 5298 per
2589 5228 2865 5282 circuitum
2894 5227 3111 5299 (Ezech.
3155 5241 3244 5290 xc,
3286 5223 3398 5296 l6).

1828 5319 1982 5388 Quod
2009 5320 2088 5375 sic
2102 5319 2324 5388 exponit
2347 5320 2539 5373 beatus
2566 5316 2858 5389 Gregorius
2884 5315 3023 5386 (Lib.
3044 5330 3081 5368 ιι
3097 5314 3151 5367 in
3179 5312 3394 5375 Ezech.,

204 5401 327 5458 Non
370 5418 657 5474 possumus
704 5420 1031 5477 cognoscere
1082 5408 1392 5476 veritatem,
1432 5417 1721 5480 antequam
1827 5408 2012 5465 homil.
2040 5409 2094 5473 5,
2142 5424 2292 5463 num.
2340 5407 2475 5478 l9):
2512 5425 2531 5459 ‹
2567 5407 2871 5462 Notandum
2922 5417 3068 5466 vero,
3126 5400 3399 5470 inquiens,

139 5491 380 5551 sciamus
406 5495 537 5564 quid
576 5495 648 5550 sit
688 5494 906 5551 falsum.
945 5497 1114 5567 lgitur
1157 5506 1367 5567 oportet
1402 5515 1502 5555 nos
1527 5500 1721 5557 docere
1820 5499 1964 5570 quod
2000 5499 2147 5553 intra
2182 5505 2394 5569 portam
2433 5498 2670 5567 undique
2698 5512 2795 5565 per
2831 5493 3115 5548 circuitum
3147 5490 3400 5547 fenestrae

142 5581 314 5652 illum,
356 5600 392 5639 a
433 5600 542 5655 quo
570 5588 857 5643 recesserit
899 5588 1195 5656 peccando,
1222 5598 1277 5643 et
1301 5589 1357 5643 in
1390 5604 1499 5660 quo
1533 5605 1720 5647 errore
1817 5591 2050 5659 obliqum
2090 5604 2208 5644 esse
2236 5595 2621 5644 memorantur.
2656 5585 2772 5640 Non
2813 5584 2958 5638 enim
2987 5579 3399 5651 contemplatio-

140 5683 497 5743 nermaneat:
526 5682 584 5733 et
606 5685 793 5747 postea
824 5678 878 5734 iu
918 5693 1077 5748 quem
1106 5686 1352 5747 oporteat
1384 5680 1623 5743 credere,
1662 5689 1717 5737 et
1817 5683 1903 5738 nis
1931 5680 2104 5752 gratia
2136 5680 2359 5735 summis
2387 5680 2561 5743 datur,
2594 5687 2645 5733 et
2691 5676 2927 5733 minimis
2956 5691 3062 5731 non
3093 5674 3275 5761 datur,
3303 5673 3403 5731 sed

284 5788 456 5857 Edit.,
476 5806 684 5846 sacrum
717 5790 908 5862 fronte,
939 5791 1141 5860 absque
1171 5806 1361 5857 sensu;
1395 5791 1597 5858 Canis,
1642 5811 1847 5851 sacrum
1880 5793 2126 5862 frontem.
