3868 6174
477 319 583 380 895

1456 318 1787 373 AMALARH
1829 317 2283 374 TREVIRENSIS
2320 282 2744 374 ARCIIlEPlSC.

3630 332 3750 386 89}

474 452 618 505 δεῖρε
663 432 846 506 [hanc]
899 432 1117 493 summi,
1167 444 1305 497 saepe
1337 429 1560 489 minimi,
1595 428 1792 499 smpius
1838 427 2050 492 remoti,
2089 433 2129 488 Α
2157 428 2312 483 nobis
2340 427 2519 482 omnia
2563 428 2892 483 necessaria.
2925 430 2993 485 Et
3022 431 3224 486 dimitte
3254 433 3399 488 nobis
3440 435 3619 489 debita
3648 453 3749 490 no-

473 526 760 598 aliquando
786 525 945 579 etiam
969 521 1236 592 coniugati
1260 520 1578 590 percipiunt.
1619 539 1636 569 ι

796 616 904 671 Cur
940 624 1122 684 septies
1171 613 1478 668 scrutinium
1524 622 1732 683 agatur.

547 706 877 763 Scrutinium
923 705 981 760 lit
1035 713 1160 758 ante
1209 704 1419 757 Pascha
1469 703 1695 773 septies;
1746 703 2055 773 septenario

472 800 616 855 enim
664 812 890 851 numero
952 810 1094 866 saepe
1149 794 1472 849 universitas
1519 793 1863 864 designatur;
1914 794 2055 848 sicut

475 889 707 944 Joannes
751 886 941 941 scribit.
984 892 1175 954 septem
1224 881 1473 936 Ecclesiis
1517 882 1698 952 (Apoc.
1750 898 1798 946 ι,
1835 882 1891 954 4)
1933 898 2052 951 qure

474 977 677 1033 suntin
703 976 849 1031 Asia.
896 974 1001 1029 Per
1026 976 1126 1028 has
1155 973 1299 1027 enim
1345 982 1550 1042 septem
1594 971 1862 1026 Ecclesias
1904 971 2049 1025 omni

474 1069 727 1124 Ecclesiae
754 1067 959 1123 scribit.
1002 1064 1213 1135 Septies
1250 1071 1658 1134 perscrutautur
1685 1062 1761 1134 [id
1788 1072 1889 1127 est,
1922 1078 2049 1133 per-

474 1161 613 1218 fecte
656 1158 1111 1232 perscrutantur],
1140 1159 1185 1213 si
1215 1172 1277 1212 ea
1323 1159 1429 1210 lixa
1460 1164 1638 1211 mente
1662 1163 1899 1220 teneant,
1931 1171 2051 1225 qua:

476 1254 759 1309 audierunt
783 1268 812 1306 a
844 1251 1128 1321 magistro;
1159 1259 1214 1305 et
1258 1250 1652 1319 quodammodo
1698 1249 1853 1318 quasi
1903 1254 2050 1303 tene-

477 1344 587 1398 bra:
616 1341 871 1413 fugantur
895 1358 924 1394 a
955 1342 1361 1401 catechumenn,
1392 1348 1451 1392 ut
1480 1339 1531 1392 in
1569 1338 1812 1407 profectu
1854 1339 2049 1393 scruti-

476 1435 551 1486 uii
595 1433 958 1486 illumincutur
988 1431 1085 1499 ipsi
1126 1430 1527 1494 catechumeni;
1571 1430 1709 1484 unde
1735 1440 1789 1483 et
1816 1430 1867 1483 in
1898 1446 2049 1484 scru-

476 1525 609 1579 tinio
632 1515 894 1592 acolythis
919 1522 1149 1592 plurium
1193 1522 1551 1576 ministerium
1577 1520 1923 1591 impenditur,
1955 1521 2047 1589 qui

475 1626 791 1671 accensuros
813 1622 936 1668 sunt
957 1614 1235 1667 luminum.
1269 1610 1334 1666 Et
1363 1613 1483 1668 idco
1516 1613 1914 1668 autumavimus
1953 1629 2049 1668 nos

2151 528 2276 579 stra,
2297 518 2429 570 sicut
2451 526 2504 570 et
2530 533 2621 570 nos
2650 517 2961 572 dimittimus
3000 520 3315 576 debitoribus
3346 526 3557 578 nostris.
3592 524 3741 592 Quo-

2152 606 2283 661 tidie
2318 620 2621 675 peccamus,
2661 615 2718 661 et
2776 607 2895 662 ideo
2937 623 3155 664 necesse
3207 618 3291 666 est
3347 613 3503 667 nobis
3553 613 3745 669 dicere

2151 696 2392 766 quotidie
2423 714 2434 748 :
2465 695 2679 750 Dimitte
2704 696 2850 750 nobis
2871 697 3041 752 debita
3067 709 3265 765 nostra,
3294 702 3428 756 sicut
3460 712 3509 756 et
3532 719 3629 756 nos
3659 701 3737 757 di-

2151 786 2406 839 mittimus
2452 785 2773 840 debitoribus
2841 788 3052 841 nostris.
3131 786 3208 844 Te
3263 790 3513 855 donante,
3571 789 3733 857 Deos,

2153 871 2325 929 molle
2362 875 2433 929 sit
2474 890 2570 930 cor
2605 884 2874 941 nostrum,
2919 885 2978 933 ut
3027 878 3139 933 cito
3182 876 3548 950 ignoscamus,
3597 889 3653 936 et
3672 888 3727 936 tu

2151 965 2417 1034 ignoscas.
2452 963 2520 1018 Et
2555 982 2616 1019 ne
2661 982 2753 1019 nos
2778 966 2998 1021 inducas
3024 969 3079 1022 in
3106 971 3458 1023 tentationem.
3498 969 3583 1027 Ne
3615 985 3730 1041 per-

2150 1056 2335 1110 mittas
2362 1071 2459 1109 nos
2484 1071 2516 1109 a
2544 1055 2755 1110 diabolo
2785 1055 2860 1110 ita
2904 1056 3124 1123 tentari,
3165 1064 3228 1112 ul
3250 1071 3588 1129 superemur.
3628 1058 3731 1115 Sed

2149 1142 2314 1197 libera
2343 1159 2435 1197 nos
2461 1161 2494 1198 a
2522 1143 2682 1209 malo,
2711 1144 2764 1198 id
2788 1152 2894 1211 est,
2918 1159 2951 1199 a
2976 1146 3216 1215 peccatis
3245 1160 3367 1218 quae
3392 1150 3679 1220 gessimus.

2749 1232 2830 1288 De
2865 1233 3125 1304 symbolo.

2219 1322 2532 1392 Symbolum
2558 1330 2739 1377 autem
2765 1323 2843 1377 sic
2866 1340 2878 1376 :
2906 1320 3074 1378 Credo
3097 1323 3340 1378 iubeam
3373 1321 3594 1378 Patrem
3619 1341 3729 1379 om-

2149 1414 2478 1483 nipotentem.
2532 1412 2589 1466 In
2637 1411 2921 1467 Dominum
2947 1414 3131 1468 vivum
3179 1422 3234 1470 et
3265 1429 3474 1477 verum,
3518 1413 3730 1470 Patrem

2148 1509 2405 1554 attentum
2430 1501 2615 1554 aeterni
2659 1501 2842 1572 geniti.
2876 1502 3310 1574 Omnipotentem,
3332 1504 3426 1573 qui
3453 1511 3509 1558 et
3544 1519 3733 1573 pecca—

2152 1591 2359 1645 toribus
2410 1590 2597 1645 reddet
2644 1590 2903 1660 supplicia
2953 1593 3245 1647 secundum
3280 1608 3377 1648 sua
3424 1594 3643 1657 merita,
3682 1605 3738 1649 et

478 1704 531 1758 in
568 1703 745 1773 priore
769 1702 1014 1757 oratione
1044 1702 1223 1755 dicere
1249 1719 1261 1754 :
1309 1699 1525 1755 Omnem
1559 1702 1842 1755 ca'citatem
1874 1702 2046 1755 cordis

2152 1682 2304 1752 iustis
2332 1682 2575 1751 praemia.
2598 1680 2895 1736 Creatorem
2925 1682 3037 1737 caeli
3063 1693 3110 1737 et
3138 1692 3311 1749 terrm,
3340 1685 3394 1739 id
3434 1695 3540 1750 est,
3569 1687 3735 1756 spiri-

476 1794 540 1848 ab
569 1763 637 1847 nec
666 1791 891 1863 expelle;
929 1800 985 1844 et
1012 1791 1063 1844 in
1093 1792 1217 1855 ista,
1246 1805 1364 1860 qua:
1403 1791 1576 1860 posita
1607 1789 1759 1861 [Μ,ς,,
1790 1806 1909 1860 qua
1950 1806 2047 1861 ρο-
2081 1763 2122 1819 Β
2152 1774 2311 1863 tualis
2336 1785 2597 1828 creaturae
2625 1782 2678 1829 ct
2698 1774 3016 1844 corporalis.
3050 1775 3118 1828 Et
3139 1777 3195 1830 in
3234 1775 3419 1831 Iesum
3460 1775 3736 1833 Christum

476 1880 612 1953 stea]
652 1879 849 1935 dicitur
887 1881 942 1933 in
987 1879 1267 1942 scrutinio,
1312 1890 1559 1932 tcternam
1602 1896 1663 1932 ac
1695 1880 2049 1949 justissimam

477 1972 719 2041 pietatem
760 1979 924 2034 tuam,
957 1969 1223 2024 dicimus:
1258 1966 1325 2021 Ut
1354 1968 1583 2039 digneris
1627 1984 1712 2021 eos
1750 1967 2049 2022 illuminare

475 2060 669 2115 lumine
698 2058 1050 2130 intelligenda:
1084 2069 1209 2113 tuw.

998 2170 1078 2224 De
1137 2172 1515 2241 genuﬂexione.

542 2282 977 2340 Geuullexionem
1019 2296 1116 2351 pro
1160 2281 1243 2335 his
1285 2280 1532 2346 facimus,
1577 2280 1718 2335 sicut
1744 2277 2051 2349 Stephanus

474 2372 622 2440 fecit,
648 2376 739 2444 qui
765 2374 999 2430 nondum
1019 2372 1275 2442 baptizati
1303 2379 1478 2436 erant,
1504 2371 1756 2441 inquiens
1781 2389 1793 2423 :
1826 2369 2051 2423 Domine

474 2466 568 2527 mi,
593 2480 654 2516 ne
682 2473 885 2517 statuas
912 2462 1017 2516 illis
1043 2464 1139 2516 hoc
1166 2472 1433 2534 peccatum
1465 2463 1604 2532 (Act.
1635 2476 1747 2525 vn,
1776 2459 1890 2533 59),
1923 2460 2048 2528 quia

475 2555 723 2609 nesciunt
749 2554 877 2623 quid
905 2552 1127 2609 faciunt.
1159 2552 1421 2608 Similiter
1449 2568 1546 2623 pro
1579 2553 1699 2607 istis
1725 2566 1964 2616 oramus,
1990 2556 2052 2603 ut

476 2643 618 2698 Deus
671 2641 776 2696 illis
806 2655 911 2696 non
956 2643 1183 2710 imputet
1208 2640 1353 2710 quod
1401 2642 1584 2696 tandiu
1631 2647 1951 2694 erraverunt
1997 2644 2053 2691 et

471 2734 759 2805 iacuerunt
784 2733 841 2786 in
873 2732 1132 2802 peccatis,
1171 2733 1264 2786 sed
1294 2732 1586 2787 secundum
1616 2745 1862 2800 magnam
1890 2729 2053 2783 mise-

478 2822 765 2878 ricordiam
792 2836 943 2877 suam
973 2836 1067 2876 eos
1093 2820 1161 2875 ad
1181 2822 1434 2891 baptismi
1475 2821 1703 2890 gratiam
1732 2820 2012 2890 perducat.

919 2913 997 2967 De
1037 2914 1270 2967 oratione
1303 2912 1599 2966 Dominica.

547 3004 855 3060 Orationem
910 3004 1243 3059 Dominicam
1287 3004 1365 3058 sic
1419 3004 1674 3058 docemus
1725 3021 1738 3056 :
1792 3001 2051 3058 Dominus

477 3097 661 3152 docuit
685 3096 973 3166 discipulos
1013 3096 1149 3151 hanc
1178 3096 1499 3160 orationem,
1544 3110 1611 3149 ne
1651 3094 1919 3166 superﬂua
1956 3108 2048 3164 pe-

478 3194 674 3251 terent,
702 3194 758 3241 et
783 3201 846 3240 ea
876 3200 995 3255 quas
1031 3185 1095 3239 ad
1133 3199 1321 3239 eorum
1359 3184 1588 3240 salutem
1618 3200 1722 3238 non
1754 3185 2043 3255 pertinent.

477 3276 696 3348 Septem
723 3278 1012 3348 petitiones
1058 3284 1183 3331 sunt
1212 3277 1265 3330 in
1312 3277 1415 3333 hac
1455 3277 1701 3331 oratione
1746 3276 2044 3331 Domiuiea.

476 3368 611 3424 Tres
649 3369 920 3439 pertinent
942 3368 1010 3422 ad
1035 3369 1391 3423 aeternitatem
1408 3407 1422 3432 ,
1455 3376 1686 3437 quatuor
1710 3368 1776 3423 ad
1801 3383 2050 3423 necessa-

475 3459 557 3513 ria
586 3467 768 3512 nostra
797 3456 956 3526 hujus
991 3458 1271 3528 temporis,
1301 3474 1420 3528 quae
1454 3459 1506 3515 in
1533 3459 1636 3515 isto
1660 3460 1858 3515 mundo
1895 3458 2046 3531 [Ms.,

475 3545 657 3616 modo]
682 3547 1042 3601 continentur.
1096 3544 1259 3601 Pater
1304 3557 1479 3602 noster
1514 3549 1605 3619 qui
1676 3566 1730 3603 es
1783 3550 1839 3603 in
1885 3548 2046 3617 caelis,

475 3636 829 3704 sancti/icetur
858 3653 1045 3690 nomen
1075 3646 1241 3691 tuum.
1272 3637 1348 3693 Te
1375 3638 1593 3693 Patrem
1628 3638 1793 3695 Deum
1834 3640 2050 3698 invoca-

478 3741 620 3789 mus,
649 3726 740 3794 qui
776 3725 989 3780 voluisti
1028 3741 1128 3782 nos
1155 3725 1336 3784 facere
1379 3730 1474 3784 tibi
1505 3729 1642 3785 filios
1665 3731 1966 3800 adoptivos,
1994 3741 2051 3790 et

478 3815 535 3872 in
579 3817 859 3871 animabus
901 3816 1062 3886 iustis
1108 3819 1290 3874 sedem
1318 3821 1399 3876 vis
1428 3822 1650 3888 habere,
1686 3832 1749 3878 ut
1784 3826 2051 3883 sanctitas

479 3907 712 3963 nominis
742 3908 838 3973 tui,
881 3922 1000 3977 qua:
1031 3909 1170 3978 apud
1209 3917 1261 3965 te
1284 3918 1387 3975 est,
1428 3920 1641 3968 maneat
1667 3914 1720 3968 in
1746 3923 1931 3969 nostro
1958 3932 2051 3986 pe-

478 4006 649 4054 ctore.
685 3998 940 4054 Adveniat
983 4016 1194 4070 regnum
1234 4009 1400 4055 tuum.
1434 4002 1660 4057 Deﬁciat
1695 4006 1931 4073 quotidie
1960 4021 2050 4060 re-

476 4105 640 4161 gnum
666 4090 882 4155 diaboli,
915 4100 1235 4161 crescatque
1258 4100 1424 4148 tuum.
1442 4094 1539 4149 Vel
1564 4095 1654 4149 illo
1681 4096 1861 4162 modo,
1892 4099 2050 4154 sicuti

476 4177 713 4232 clamant
749 4179 801 4234 in
838 4179 1156 4252 Apocalypsi
1184 4199 1197 4235 :
1252 4179 1544 4255 Usquequo,
1572 4184 1807 4249 Domine,
1839 4198 2049 4243 sanctus

476 4276 525 4321 et
567 4285 714 4323 verus
762 4286 865 4323 non
909 4270 1125 4341 judicas
1150 4281 1199 4325 et
1228 4272 1459 4328 vindicas
1484 4276 1787 4345 sanguinem
1819 4288 2049 4333 nostrum

475 4357 541 4411 de
565 4358 645 4412 his
667 4360 755 4431 qui
778 4359 1013 4414 habitant
1041 4362 1095 4415 in
1120 4371 1259 4416 terra
1302 4363 1485 4435 (Apoc.
1517 4381 1568 4420 γι
1587 4406 1601 4431 ,
1632 4366 1756 4437 10)?
1795 4368 1947 4436 Quod
1977 4371 2049 4426 ita

475 4449 778 4516 expositum
822 4450 1065 4507 videmus
1110 4452 1163 4506 in
1211 4452 1348 4508 libro
1399 4455 1579 4511 domui
1620 4458 1776 4514 Beda:
1801 4460 1966 4530 (Beda
1993 4464 2048 4517 in
2079 4464 2126 4524 D
2151 4449 2465 4531 ὲαηειοηιηξ
2487 4449 2922 4552 communionem,

475 4553 592 4606 cap.
648 4554 701 4592 γι
749 4539 977 4611 Αροο.);
1023 4560 1042 4592 ι
1080 4542 1196 4597 Νοιι
1226 4545 1329 4599 hoc
1375 4545 1499 4601 odio
1544 4548 1911 4616 inimicorum,
1950 4570 2050 4625 pro

473 4624 668 4693 quibus
698 4627 749 4680 iu
780 4628 881 4683 hoc
911 4630 1105 4685 smculo
1147 4644 1491 4703 rogaverunt,
1523 4646 1703 4706 orant;
1734 4642 1829 4696 sed
1865 4624 2049 4701 amere

474 4715 762 4784 :equitatis,
795 4733 901 4787 quo
940 4719 1039 4790 ipsi
1087 4720 1282 4789 Judici,
1322 4733 1382 4779 ut
1425 4743 1592 4798 prope
1617 4732 1800 4799 positi,
1830 4750 2051 4792 concor-

471 4803 622 4868 dant,
655 4805 795 4860 diem
818 4808 1025 4877 iudicii,
1055 4826 1160 4880 quo
1208 4815 1417 4882 peccati
1456 4832 1683 4888 regnum
1715 4821 2046 4895 destruatur,

472 4900 528 4948 et
552 4898 1000 4955 resurrectionem
1037 4903 1427 4961 exstinctorum
1467 4924 1751 4981 corporum
1794 4917 2049 4975 advenire

471 4994 783 5056 precantur.
829 4987 961 5042 Nam
986 4999 1042 5046 et
1070 5008 1168 5047 nos
1212 4995 1266 5048 in
1295 5001 1570 5065 praesenti,
1597 5017 1716 5057 cum
1743 5021 1841 5075 pro
1871 5008 2048 5064 inimi-

471 5078 553 5133 cis
574 5092 733 5132 orare
752 5075 1023 5145 iubemur,
1049 5080 1275 5139 dicimus
1305 5094 1481 5143 tamen
1512 5090 1741 5149 Domino
1782 5106 1999 5155 orantes
2030 5118 2043 5154 :

469 5168 724 5223 Adveniet
752 5186 962 5240 regnum
1003 5181 1168 5228 tuum.
1204 5195 1224 5228 ›
1254 5175 1377 5231 Fiat
1421 5179 1656 5237 voluntas
1694 5193 1804 5253 tua,
1831 5188 1965 5243 sicut
1991 5191 2049 5246 in

470 5258 595 5315 corio
633 5267 682 5313 et
721 5260 776 5313 in
813 5268 971 5315 terra.
1027 5262 1131 5318 Per
1170 5264 1353 5320 ccelum
1382 5270 1713 5337 spiritualem
1741 5285 2045 5337 creaturam

467 5347 844 5422 intelligimus;
876 5367 973 5421 per
999 5362 1211 5421 terram,
1251 5360 1603 5428 corporalem.
1635 5362 1713 5417 Ita
1756 5366 1868 5432 ﬁat,
1904 5369 2047 5427 Deus

466 5437 649 5508 Pater,
677 5443 925 5501 voluntas
950 5452 1063 5511 tua,
1086 5454 1146 5500 ut.
1172 5461 1237 5501 ea
1264 5463 1384 5518 quae
1413 5450 1592 5505 animo
1622 5456 1923 5525 cogitamus
1952 5464 2047 5517 bo-

469 5547 559 5597 na,
602 5535 863 5604 perﬁcere
913 5537 1187 5592 valeamus
1235 5554 1398 5608 opere
1448 5556 1545 5610 per
1589 5558 1804 5612 corpus.
1846 5547 2045 5607 Panem

474 5632 705 5678 nostrum
730 5627 1089 5695 quotidianum
1118 5628 1188 5681 da
1218 5630 1365 5683 nobis
1387 5631 1559 5686 hodie.
1608 5634 1834 5706 Semper
1875 5655 2046 5709 quan-

479 5712 565 5764 diu
619 5729 715 5771 nos
741 5731 926 5772 sumus
962 5720 1013 5774 in
1062 5721 1163 5776 hoc
1212 5722 1428 5790 Sicculo,
1483 5725 1703 5796 dignare
1736 5730 2043 5789 ministrare

680 5952 771 5966 “ﬁ

2154 1861 2352 1916 Filium
2379 1863 2511 1932 ejus.
2563 1863 2621 1917 In
2671 1862 3029 1931 Salvatorem,
3064 1864 3314 1920 Unctum.
3372 1864 3580 1922 Filium
3624 1871 3743 1939 ejus

2154 1949 2401 2023 [Unicum
2423 1951 2703 2005 Dominum
2727 1951 3003 2024 nostrum].
3029 1951 3160 2019 Quia
3192 1954 3337 2009 solus
3374 1970 3473 2009 nos
3507 1954 3741 2013 redemit

2152 2040 2389 2108 pretioso
2414 2040 2673 2110 sanguine
2712 2053 2829 2106 suo,
2859 2041 2948 2109 qui
2978 2055 3075 2110 per
3098 2040 3292 2096 Isaiam
3323 2044 3461 2098 dixit
3490 2062 3503 2097 :
3544 2043 3739 2099 Torcu-

2152 2130 2237 2184 lar
2282 2131 2475 2185 calcari
2508 2131 2650 2185 solus
2677 2140 2725 2185 et
2769 2132 2833 2185 de
2873 2133 3109 2201 gentibus
3152 2151 3253 2189 non
3282 2144 3359 2189 est
3412 2137 3491 2190 uir
3536 2154 3735 2192 mecum

2154 2220 2288 2293 (Isa.
2318 2236 2483 2287 um,
2512 2221 2587 2292 5).
2618 2221 2817 2275 Natum
2841 2222 2895 2275 in
2921 2231 3159 2292 tempore
3182 2225 3497 2291 novissimo,
3528 2220 3738 2281 eaMa-

2152 2314 2233 2366 ria
2261 2314 2473 2383 virgine.
2506 2312 2729 2368 Passum
2751 2329 2849 2384 pro
2877 2323 3061 2370 nostra
3096 2316 3266 2373 salute
3296 2318 3391 2372 sub
3419 2315 3617 2374 Pontio
3647 2320 3744 2375 Pi-

2152 2401 2292 2466 lato;
2320 2403 2373 2457 id
2401 2412 2506 2469 est,
2546 2404 2647 2459 sub
2670 2406 2897 2474 praeside
2935 2405 3126 2472 Pilato,
3158 2409 3249 2479 qui
3273 2409 3339 2463 de
3368 2409 3528 2465 Ponti
3557 2413 3735 2467 insula

2152 2491 2271 2546 fuit.
2302 2490 2623 2561 Cruciﬁxus,
2656 2493 2708 2547 in
2742 2509 2904 2549 cruce
2932 2510 3243 2567 suspensus.
3294 2499 3563 2568 Mortuus,
3612 2516 3736 2559 eor.

2152 2583 2324 2653 porali
2349 2592 2552 2651 morte;
2575 2593 2623 2638 ct
2645 2584 2876 2656 sepultus
2892 2601 3120 2658 corpore
3140 2591 3336 2647 triduo.
3357 2592 3649 2647 Descendit
3672 2595 3737 2650 ad

2152 2673 2379 2744 inferna,
2416 2674 2595 2728 anima
2622 2682 2851 2730 tantum.
2899 2675 3075 2732 Tertia
3114 2680 3198 2734 die
3224 2686 3510 2736 resurrexit
3540 2702 3573 2738 α
3600 2701 3742 2740 mor-

2154 2762 2291 2827 tuis;
2340 2776 2566 2832 corpore
2597 2765 2895 2820 resurrexit
2924 2777 3097 2823 morte
3141 2769 3435 2826 destructa.
3488 2773 3740 2829 Ascendit

2153 2851 2224 2907 ad
2253 2852 2426 2919 cmlos,
2449 2854 2705 2925 apostolis
2729 2856 3053 2923 videntibus,
3081 2860 3136 2913 in
3158 2859 3327 2914 forma
3349 2877 3457 2931 qua
3477 2873 3741 2920 venturus

2153 2950 2236 2997 est
2264 2943 2332 2998 ad
2370 2944 2652 3015 judicium.
2684 2946 2939 3004 Ascendit
2976 2950 3044 3005 ad
3090 2951 3274 3016 caelos,
3323 2955 3417 3023 qui
3461 2971 3741 3027 nunquam

2154 3031 2323 3087 defuit
2358 3034 2667 3091 cmlestibus
2693 3037 2928 3093 sedibus.
2964 3038 3119 3094 Sedet
3146 3043 3214 3096 ad
3235 3043 3474 3099 dextram
3501 3042 3600 3101 Dei
3634 3066 3742 3102 om-

2076 3111 2123 3181 C_
2152 3124 2448 3193 nipotentis,
2476 3126 2530 3180 id
2557 3135 2658 3192 est,
2690 3137 2878 3199 regnat
2914 3130 2968 3185 in
3000 3148 3165 3203 regno
3194 3133 3373 3190 Patris
3404 3138 3506 3199 sui,
3542 3139 3597 3193 in
3632 3156 3740 3211 quo

2148 3213 2281 3267 nihil
2304 3214 2580 3271 sinistrum
2605 3229 2787 3274 manet
2807 3229 2861 3275 et
2899 3224 3157 3279 manebit.
3192 3224 3328 3281 Inde
3366 3240 3622 3286 venturas
3652 3234 3742 3303 ju-

2147 3305 2325 3361 dicare
2374 3309 2510 3364 civos
2538 3319 2587 3365 et
2623 3322 2878 3368 mortuos.
2913 3314 3044 3371 Eam
3086 3317 3314 3374 formam
3357 3337 3522 3391 quam
3567 3321 3739 3381 Judaei

2147 3396 2550 3465 cruciﬁxerunt,
2579 3401 2759 3472 impiis
2780 3411 2835 3459 et
2856 3403 3017 3473 iustis
3047 3406 3542 3477 demonstraturus;
3565 3411 3733 3481 iustis

2147 3499 2277 3540 vero
2302 3501 2420 3541 eam
2447 3488 2676 3545 formam
2705 3500 2915 3548 tantum
2944 3510 3107 3564 quam
3142 3495 3311 3554 Judaei
3336 3501 3599 3557 increduli
3632 3521 3732 3558 non

2149 3585 2536 3645 cognoverunt.
2585 3578 2841 3636 Judicare
2885 3586 3021 3639 uiuos
3064 3594 3115 3640 et
3158 3598 3414 3656 mortuos,
3455 3590 3647 3659 iustos
3687 3602 3736 3650 et

2147 3673 2481 3735 peccatores,
2550 3686 2985 3745 unumquemque
3035 3678 3329 3733 secundum
3403 3679 3548 3737 facta
3597 3684 3733 3756 ejus.

2150 3753 2318 3811 Credo
2360 3760 2415 3847 in
2470 3758 2723 3831 Spiritum
2763 3776 3024 3833 sanctum,
3056 3768 3147 3838 qui
3184 3768 3363 3838 aliquo
3394 3775 3557 3829 modo
3586 3753 3734 3847 [ﬁsa

2150 3845 2460 3922 aliquando]
2490 3851 2684 3907 donum
2710 3854 2808 3908 Dei
2845 3856 3064 3925 dicitur,
3097 3867 3150 3915 et
3172 3875 3328 3917 amor
3350 3863 3534 3921 Patris
3574 3845 3634 3922 ἐι
3659 3868 3735 3923 Fi-

2150 3935 2227 4003 lii,
2258 3938 2371 3994 sive
2401 3943 2845 4005 communicatio:
2878 3946 2933 3999 in
2959 3962 3067 4017 quo
3087 3949 3226 4004 dono
3250 3951 3311 4005 lit
3339 3956 3590 4011 remissio
3613 3974 3733 4011 om-

2150 4027 2298 4081 nium
2320 4038 2678 4098 peccatorum.
2704 4032 2931 4104 Ideoque
2955 4038 3045 4108 qui
3064 4036 3496 4110 blasphemaoerit
3526 4046 3581 4099 in
3622 4046 3737 4117 Spi-

2152 4117 2309 4171 ritum
2337 4129 2597 4185 sanctum,
2624 4137 2731 4175 non
2762 4125 3050 4178 remittetur
3068 4128 3145 4189 ei;
3176 4143 3340 4200 neque
3365 4132 3421 4185 in
3454 4133 3556 4187 hoc
3574 4152 3735 4189 utcu-

2151 4203 2224 4297 lp,
2266 4208 2510 4297 nequein
2537 4208 2716 4297 futuro
2742 4211 2958 4281 (Matth.
2991 4229 3101 4282 xu,
3133 4218 3231 4283 52;
3272 4219 3444 4276 Marc.
3478 4240 3582 4290 ιιι,
3626 4227 3731 4297 29).

2153 4290 2402 4348 Sanctam
2424 4295 2719 4352 Ecclesium
2746 4301 3076 4369 catholicam,
3119 4308 3481 4367 universalem
3513 4290 3732 4387 congre-

2151 4384 2422 4454 gationem
2447 4384 2738 4457 iustorum,
2767 4401 2822 4446 et
2848 4395 3111 4452 unitatem
3136 4397 3258 4454 ﬁdei
3289 4404 3573 4462 credimus
3594 4384 3728 4464 esse.

2951 4487 3005 4542 in
3045 4490 3257 4547 vinculo
3292 4497 3448 4564 pacis
3477 4501 3731 4556 unitatem

2150 4567 2382 4637 Spiritus
2433 4587 2652 4631 servare
2706 4580 2889 4634 credo.
2947 4581 3325 4645 Remissioncm
3374 4607 3730 4664 peccatorum,

2148 4675 2284 4729 qum,
2317 4663 2457 4718 sicut
2488 4666 2736 4734 diximus,
2768 4669 2830 4724 ﬁt
2857 4671 2910 4725 in
2932 4674 3073 4731 dono
3103 4676 3339 4747 Spiritus
3367 4687 3571 4741 sancti.
3603 4663 3729 4743 Car;

2149 4751 2229 4805 nis
2259 4756 2721 4821 resurrectionem;
2770 4760 3058 4830 septimam
3102 4766 3312 4823 sabbati
3350 4773 3522 4829 credo
3557 4775 3729 4843 iustos

2147 4841 2390 4911 recipere
2433 4844 2705 4901 absolutos
2752 4863 2782 4902 a
2832 4864 3058 4920 corpore
3106 4862 3342 4927 terreno,
3385 4841 3633 4919 etcrqu
3677 4866 3728 4920 in

2147 4946 2342 5003 magno
2368 4934 2561 5003 gaudio
2589 4939 2880 4993 secundum
2909 4941 3331 5016 uniuscuiusque
3356 4954 3724 5019 mansionem;

2147 5032 2307 5094 atque
2335 5036 2650 5097 exspectare
2674 5039 2925 5086 octavum
2952 5034 3113 5102 diem,
3156 5037 3208 5093 in
3240 5056 3346 5111 quo
3370 5060 3607 5117 corpora
3635 5064 3725 5103 sua

2148 5114 2417 5207 recipiant
2439 5117 2647 5189 integra
2688 5129 2848 5190 atque
2890 5124 3174 5194 perlecta:
3228 5131 3379 5202 impii
3419 5114 3489 5189 ad
3535 5137 3727 5207 suppli—

2146 5205 2309 5300 cium,
2350 5207 2483 5276 iusti
2520 5211 2590 5264 ad
2631 5211 2799 5267 vitam
2838 5223 3093 5275 aeternam
3125 5218 3288 5293 [Vere
3322 5233 3379 5280 et
3405 5205 3612 5300 absque

2145 5293 2409 5351 bitatione
2444 5296 2519 5351 ita
2554 5301 2868 5376 credimus].

2664 5390 2743 5445 De
2778 5396 3183 5454 excrcimtiom.

2216 5472 2590 5564 Exercizatur,
2636 5479 2688 5534 id
2730 5489 2853 5548 est,
2903 5482 3202 5555 adiuratur,
3250 5489 3367 5546 sive
3404 5491 3724 5564 iumwepatur

2147 5560 2420 5629 diabolus,
2465 5567 2564 5621 sub
2616 5583 2725 5639 quo
2781 5579 2909 5626 sunt
2952 5589 3142 5632 omnes
3181 5580 3274 5647 qui
3329 5596 3454 5636 cum
3501 5560 3720 5653 peccato

2148 5659 2456 5743 nascuntur,
2508 5664 2567 5711 ut
2605 5660 2820 5715 recedat
2856 5677 2885 5716 a
2917 5662 3010 5718 Dei
3054 5674 3302 5726 creatura
3338 5669 3534 5743 [Edit.,
3566 5688 3594 5727 a
3623 5673 3715 5729 Dei

2146 5742 2382 5813 natura].
