3868 6174
88 260 202 317 897

650 373 725 427 De
758 374 991 444 exsuﬂlat
1004 374 1132 427 'one.
1172 426 1175 429 .

158 463 488 521 Exsuillatur
516 463 719 532 itaque,
748 462 874 531 quia
919 462 1013 515 tali
1060 462 1251 534 dignus
1277 468 1357 516 est
1387 461 1678 532 ignominia

91 559 338 616 desertor
364 555 645 623 antiquus.

756 645 833 700 De
872 644 1001 699 sale.

154 741 216 798 In
240 741 356 813 ipso
384 740 648 795 scrutinio
673 738 1017 793 benedictum
1049 738 1215 793 salem
1245 737 1327 793 ori
1356 738 1679 807 imponimus

92 841 211 896 post
254 831 492 899 primam
536 829 863 891 orationem,
912 843 1015 898 qua
1067 829 1303 884 dicitur:
1340 827 1678 905 Omnipotens

86 924 392 995 sempiterna
426 921 591 985 Deus,
624 920 873 990 respicere
916 919 1134 991 dignare
1160 935 1314 990 super
1336 919 1472 973 hunc
1503 919 1678 989 [bum-

88 1016 195 1066 tum
217 1020 391 1075 tuum,
419 1025 571 1080 quem
606 1007 675 1061 ad
716 1007 1011 1061 rudimenta
1054 1006 1183 1076 ﬁdei
1208 1024 1390 1061 vocare
1432 1008 1676 1077 dignatus

88 1116 159 1166 es,
188 1106 243 1154 et
267 1099 497 1169 reliqua.
532 1098 604 1153 Ut
634 1105 920 1167 postquam
948 1096 1248 1151 instructus
1288 1096 1448 1151 fuerit
1485 1113 1515 1151 a
1558 1114 1674 1151 ma-

88 1192 254 1259 gistro
292 1188 690 1254 ecclesiastico,
736 1195 1093 1259 recognoscat
1128 1189 1288 1242 verba
1329 1204 1426 1242 sua
1461 1190 1675 1244 condita

91 1282 278 1337 debere
321 1297 445 1337 esse
483 1281 595 1336 sale
633 1280 929 1351 sapientiae,
969 1281 1108 1335 sicut
1158 1279 1355 1335 Paulus
1401 1282 1677 1350 apostolus

86 1373 271 1428 scribit
308 1373 378 1428 ad
403 1370 757 1427 Colossenses
785 1388 797 1424 :
829 1368 1010 1426 Sermo
1035 1380 1196 1425 vester
1219 1372 1272 1425 in
1293 1372 1464 1442 gratia
1478 1370 1585 1425 sale
1608 1374 1675 1427 sit

82 1463 341 1528 conditus,
366 1471 423 1516 ut
446 1463 644 1529 sciatis,
676 1460 936 1535 quomodo
987 1471 1222 1533 oporteat
1265 1478 1353 1517 vos
1394 1462 1675 1535 unicuique

92 1554 398 1623 respondere
422 1549 562 1624 (Col.
590 1567 660 1615 ιν,
693 1550 768 1622 6).

308 1641 588 1707 Quomodo
626 1641 718 1710 ﬁat
758 1641 1093 1699 novissimum
1130 1641 1460 1697 scrutiuium.

152 1732 216 1787 Et
259 1732 396 1788 illud
441 1732 762 1789 scrutinium
806 1733 991 1787 linitur
1028 1734 1253 1788 sabbato
1282 1743 1406 1789 ante
1442 1735 1666 1790 Pascha.
1700 1716 1748 1775 Β
1778 1733 1903 1780 sum
1949 1742 2112 1795 Opera
2154 1727 2391 1783 Ῑιοῐηῖιιίε
2436 1746 2448 1781 ε

82 1822 197 1893 ipso
225 1822 317 1877 die
341 1822 574 1878 facimus
599 1823 889 1893 septimum
927 1823 1273 1888 scrutinium,
1317 1824 1458 1878 sicut
1483 1825 1535 1878 in
1564 1825 1673 1879 Ro-

86 1929 235 1970 mano
256 1913 468 1969 Ordine
497 1915 801 1969 invenimus
832 1913 1113 1984 scriptum,
1153 1921 1208 1969 et
1242 1914 1470 1984 legimus
1506 1931 1672 1985 super

82 2005 233 2060 illos:
260 2002 380 2058 Nec
427 2012 476 2058 te
504 2003 631 2058 latet
677 2001 922 2059 Satanas.

435 2095 517 2151 De
565 2106 705 2150 tactu
745 2097 957 2151 narium
1000 2107 1049 2151 et
1086 2098 1315 2152 aurium.

144 2188 270 2247 Post
299 2190 448 2245 hanc
475 2188 762 2244 lectionem
792 2188 1061 2260 tangimus
1094 2204 1283 2244 eorum
1312 2204 1472 2244 aures
1497 2198 1550 2243 et
1571 2204 1666 2243 na-

88 2296 185 2348 res,
210 2290 265 2337 et
299 2281 534 2336 dicimus
567 2281 685 2335 eis:
742 2277 964 2350 Epheta,
1016 2281 1073 2333 in
1118 2280 1331 2333 odorem
1376 2280 1667 2334 suavitatis.

89 2372 241 2427 Nares
278 2373 579 2443 tangimus,
607 2379 666 2426 ut
706 2372 1115 2435 admoneantur,
1144 2372 1383 2442 quandiu
1415 2372 1665 2444 Spiritum

89 2464 231 2534 hujus
249 2466 382 2520 vitae
422 2466 663 2529 trahunt,
698 2477 910 2533 semper
952 2464 1006 2517 in
1048 2463 1133 2517 his
1155 2471 1520 2532 perseverent,
1551 2480 1670 2534 quae

81 2557 183 2625 jam
209 2556 524 2610 didicerunt
551 2562 607 2609 et
633 2554 809 2609 adhuc
833 2553 1046 2609 discunt
1070 2554 1137 2608 ab
1164 2566 1259 2608 ore
1277 2548 1669 2609 catholicorum

84 2647 355 2712 virorum;
391 2655 446 2701 et
488 2645 609 2701 ideo
639 2654 795 2715 sputo
824 2646 1129 2716 presbyteri
1161 2652 1476 2714 tanguntur.
1508 2644 1671 2699 Sinti-

88 2740 200 2793 liter
227 2739 467 2796 dicimus
495 2736 561 2793 de
585 2737 826 2804 auribus,
870 2738 1025 2806 quasi
1062 2736 1206 2791 dicat
1236 2736 1520 2808 presbyter
1547 2755 1559 2789 :
1607 2736 1670 2791 ll-

88 2831 219 2897 dem,
244 2844 415 2900 quam
440 2830 510 2885 ab
539 2829 644 2883 isto
671 2840 780 2882 ore
811 2826 1067 2893 didicisti,
1115 2833 1167 2880 et
1201 2841 1321 2895 quae
1366 2841 1467 2895 per
1512 2841 1672 2881 aures

93 2922 304 2976 intravit
354 2920 426 2975 ad
466 2918 724 2983 animam,
766 2917 1004 2986 quandiu
1047 2916 1297 2987 spiritum
1341 2916 1468 2970 vitae
1515 2915 1672 2986 hujus

92 3013 299 3067 naribus
346 3008 544 3074 trahis,
580 3023 794 3078 semper
816 3017 1000 3062 tenere
1042 3015 1333 3071 memento,
1378 3014 1439 3060 ut
1489 3006 1667 3061 dicere

90 3104 247 3175 possis
269 3119 401 3159 cum
439 3101 609 3156 Paulo
656 3101 938 3170 apostolo:
988 3097 1184 3151 Christi
1228 3099 1390 3151 bonus
1430 3097 1558 3150 odor
1580 3113 1669 3149 su-

91 3211 192 3247 mus
218 3193 303 3266 (Il
334 3192 462 3247 Cor.
489 3209 528 3247 ιι
556 3233 570 3257 ,
598 3191 705 3263 l5).
738 3191 803 3245 Et
826 3191 1022 3244 iterum
1045 3188 1190 3243 dicat
1209 3188 1430 3243 auribus
1456 3204 1467 3240 :
1494 3187 1669 3241 Aures

89 3285 214 3349 isne,
245 3284 362 3338 Deo
400 3282 716 3346 miserante,
758 3295 972 3350 semper
1003 3287 1203 3349 aperta:
1230 3279 1340 3334 sint
1366 3278 1433 3332 ad
1473 3276 1670 3332 intelli-

84 3374 244 3442 genda
280 3373 453 3428 verba
498 3371 794 3441 disciplina:
836 3370 969 3436 Dei;
1017 3378 1077 3424 ut
1122 3370 1302 3425 dicere
1344 3367 1553 3440 possit:
1601 3365 1670 3421 In

86 3462 328 3516 obaudittt
356 3461 504 3515 auris
528 3460 728 3515 obedivt'
750 3460 842 3514 tibi
871 3458 1043 3532 (Psal.
1077 3475 1189 3514 xvu
1208 3499 1222 3523 ,
1264 3456 1378 3530 45).

372 3551 446 3606 De
482 3553 727 3605 unctione
761 3548 990 3621 scapulae
1025 3561 1073 3603 et
1106 3550 1348 3621 pectoris.

144 3640 341 3696 Postea
384 3642 656 3713 tangimus
696 3640 764 3696 de
790 3641 909 3696 oleo
943 3649 1131 3696 sancto
1177 3639 1425 3711 scapulas
1466 3648 1520 3695 et
1564 3654 1661 3709 pe-

80 3739 215 3797 ctus,
240 3742 298 3786 et
326 3730 560 3786 dicimus
583 3730 665 3785 eis
691 3748 704 3783 :
736 3729 1083 3784 Abrenuntias
1114 3728 1331 3785 Satana:
1349 3730 1375 3783 ?
1396 3738 1450 3784 et
1475 3738 1669 3784 caetera

88 3836 195 3890 quae
228 3830 559 3891 sequuntur.
610 3820 714 3874 Per
740 3820 917 3875 oleum
958 3835 1193 3889 namque
1236 3821 1668 3875 misericordiam

84 3910 173 3964 Dei
207 3912 466 3965 novimus
494 3910 716 3982 signari.
756 3908 925 3981 [Quos
974 3918 1154 3964 autem
1195 3925 1293 3980 per
1337 3910 1530 3975 oleam,
1562 3910 1665 3965 nisi

88 4005 466 4060 misericordes
504 4002 840 4075 accipimus],
880 4003 1006 4073 quia
1053 4002 1240 4058 Graece
1287 4002 1422 4058 elcos
1460 4002 1665 4077 [accc].

92 4095 272 4152 Latine
312 4096 679 4151 misericordia
725 4096 1131 4164 interpretatur.
1174 4095 1230 4148 ln
1258 4094 1511 4164 scapulis,
1552 4095 1668 4148 sive

86 4186 137 4240 in
161 4188 407 4243 humeris
429 4186 793 4242 fortitudinem
830 4187 1037 4242 brachii
1078 4185 1278 4240 terreni
1307 4185 1542 4239 hominis
1566 4200 1664 4255 po-

84 4276 273 4331 nimus.
305 4276 539 4331 Brachia
566 4284 862 4346 operantur
892 4284 946 4331 ct
968 4289 1180 4340 manus,
1212 4291 1332 4345 qua:
1349 4276 1403 4329 in
1428 4275 1667 4331 brachiis

85 4368 265 4436 positae
291 4376 456 4431 sunt;
495 4375 550 4421 et
588 4367 709 4422 ideo
735 4376 1077 4421 autumamus
1112 4380 1209 4436 per
1241 4367 1488 4437 scapulas
1525 4367 1666 4423 desi-

1127 258 1347 313 EPIST.
1393 259 1478 312 DE
1517 256 1958 313 (Ig'Elll-IMUNHS
1998 260 2332 315 llAPTlSMi.

3250 270 3358 323 898

1710 375 1750 432 Α
1785 376 2121 439 ιὐυυιηξρηι,
2156 377 2208 431 id
2237 386 2350 442 est,
2404 376 2775 431 contraiicant
2812 378 3025 434 Satanzn
3074 384 3361 438 contraria:

1781 466 2060 532 potestati,
2086 475 2140 519 et
2166 468 2414 521 omnibus
2432 467 2687 536 operibus
2713 467 2830 537 ejus
2854 477 2908 524 et
2934 470 3184 525 omnibus
3208 487 3364 541 pom-

1778 556 1862 623 pis
1889 556 2024 626 ejus.
2054 557 2295 613 Dicimus
2331 558 2405 613 illi
2437 577 2448 611 :
2479 557 2768 615 Contradic
2800 560 3016 615 Satanae
3040 602 3055 626 ,
3084 578 3207 617 cum
3236 579 3364 634 pro-

1776 645 1937 712 pheta
1989 644 2192 699 David:
2230 644 2539 700 Obliviscere
2580 648 2828 718 pupulum
2866 659 3013 703 tuum
3057 660 3104 704 et
3141 651 3359 706 domum

1776 736 1940 804 patris
1966 737 2043 789 tui
2076 736 2247 807 (Psat.
2278 754 2421 801 xuv,
2454 738 2560 809 ll).
2608 738 2801 793 Postea
2825 748 2880 793 et
2902 741 3154 797 omnibus
3179 743 3357 810 operi—

1778 820 1879 876 bus
1902 820 2037 889 ejus,
2088 840 2207 893 qua:
2238 835 2362 878 sunt
2414 823 2720 892 fornicatio,
2775 828 3037 882 idolorum
3083 830 3356 891 servitus,

1777 912 2036 966 vencllcia
2070 952 2084 975 ,
2140 912 2425 967 homicidia
2454 955 2469 978 ,
2505 914 2796 970 ebrietates
2819 957 2832 979 ,
2858 919 3279 972 comessationes
3306 929 3360 973 et

1778 1002 1864 1055 his
1894 1002 2111 1056 similia.
2147 1001 2276 1069 Quae
2302 1004 2549 1072 quamvis
2595 1007 2659 1058 ad
2697 1008 2877 1061 carnis
2905 1008 3207 1079 voluptates
3236 1025 3360 1078 per-

1779 1089 2019 1157 tineant,
2068 1101 2244 1147 tamen
2294 1108 2456 1162 opera
2498 1104 2623 1149 sunt
2652 1095 2885 1162 Satanae,
2913 1115 3139 1169 quorum
3168 1116 3359 1156 suasor

1776 1189 1832 1234 et
1885 1181 2236 1253 investigator
2263 1190 2345 1238 cst
2374 1185 2635 1240 occultus.
2667 1187 2791 1242 llzec
2822 1198 2947 1244 sunt
2983 1206 3102 1260 qua:
3135 1201 3361 1263 regnant

1775 1269 1829 1325 in
1852 1270 2067 1327 diabolo
2095 1274 2211 1329 sine
2239 1288 2402 1329 carne
2430 1293 2444 1328 ε
2477 1277 2749 1345 superbia,
2783 1279 3005 1344 invidia,
3038 1281 3356 1348 inimicitiar,

1775 1366 2167 1431 contentiones,
2198 1366 2588 1431 aemulationes,
2622 1369 2734 1433 iraa,
2767 1369 2921 1437 riam,
2955 1370 3315 1428 dissensiones
3340 1412 3356 1438 ,

1775 1463 1936 1509 sectae
1964 1464 2018 1510 et
2065 1457 2294 1526 reliqua.
2339 1458 2597 1525 Quamvis
2626 1476 2690 1515 ea
2727 1459 3020 1529 Apostolus
3064 1460 3265 1534 (Gatat.
3300 1478 3358 1529 v,

1777 1544 1845 1599 l9
1872 1544 2001 1617 seq.)
2029 1564 2185 1616 opera
2211 1550 2386 1603 carnis
2407 1550 2569 1612 dicat,
2592 1558 2770 1606 tamen
2797 1553 2914 1607 sine
2933 1568 3101 1608 carne
3130 1561 3361 1624 regnant

1775 1633 1830 1688 in
1859 1634 2102 1703 diabolo;
2135 1646 2191 1693 et
2219 1646 2344 1692 sunt
2370 1641 2600 1708 quodam
2630 1642 2791 1697 modo
2815 1658 2980 1712 opera
3000 1644 3198 1706 carnis,
3229 1644 3357 1715 quia

2496 1739 2551 1783 et
2602 1730 2761 1785 homo
2806 1733 3030 1786 vivendo
3061 1735 3356 1787 secundum

1775 1817 2160 1885 semetipsum,
2203 1818 2307 1873 hoc
2354 1826 2437 1873 est
2478 1821 2775 1874 secundum
2814 1821 3126 1887 hominem,
3171 1821 3347 1877 factus

1775 1915 1859 1962 est
1892 1909 2083 1963 similis
2108 1910 2322 1964 diabolo
2344 1951 2357 1974 ,
2392 1911 2515 1980 quia
2557 1918 2609 1965 et
2663 1910 2752 1966 ille
2800 1913 3093 1967 secundum
3119 1912 3353 1982 seipsum

1774 1998 1958 2055 vivere
1988 2000 2174 2055 voluit.
2204 2000 2330 2056 Haec
2358 2018 2523 2072 opera
2560 2001 2775 2058 Satana:
2802 2003 3031 2059 dicimus
3059 2045 3074 2069 ,
3122 2020 3352 2075 quorum

1773 2091 2075 2161 aliquorum
2106 2109 2298 2149 suasor
2322 2104 2377 2149 et
2397 2094 2688 2164 instigator
2714 2104 2824 2159 est,
2863 2095 3164 2164 aliquorum
3195 2101 3356 2166 caput

1774 2192 1829 2238 et
1855 2185 2031 2255 origo.
2064 2184 2367 2241 Novissime
2399 2203 2411 2238 :
2444 2195 2492 2238 et
2537 2185 2778 2240 omnibus
2813 2186 3013 2256 pompis
3036 2186 3182 2256 ejus,
3235 2201 3356 2256 quae

1775 2281 1899 2328 sunt
1920 2274 2105 2329 inanis
2126 2274 2413 2344 jactantia,
2448 2274 2697 2329 homines
2731 2275 2952 2340 terreni,
2995 2291 3196 2330 canora
3234 2291 3357 2332 mu-

1773 2365 1910 2431 sica,
1932 2366 1987 2420 iu
2016 2367 2213 2436 quibus
2254 2381 2395 2435 smpe
2431 2366 2657 2421 solvitur
2680 2374 2733 2420 et
2759 2367 2994 2421 mollitur
3009 2366 3356 2426 Christianus

1771 2459 1958 2529 vigor;
1990 2458 2297 2528 spectacula
2335 2459 2515 2529 turpia
2561 2458 2644 2514 vel
2702 2459 2970 2528 superﬂua
2997 2500 3010 2523 ,
3038 2468 3093 2513 et
3125 2459 3351 2530 reliqua.

1770 2554 1975 2621 Deinde
1998 2564 2411 2624 perscrutamur
2431 2556 2673 2626 patrinos
2696 2564 2749 2610 et
2770 2557 3051 2620 matrinas,
3070 2557 3114 2612 si
3131 2566 3357 2626 possunt

1770 2652 1994 2699 cantare
2018 2643 2352 2699 Dominicam
2392 2647 2694 2700 orationem
2731 2653 2786 2700 et
2832 2646 3164 2717 symbolum,
3214 2647 3357 2702 sicut

1769 2736 2187 2806 praemonuimus
2214 2753 2224 2789 :
2259 2752 2322 2790 ac.
2341 2745 2528 2807 postea
2554 2752 2651 2806 per
2688 2737 2958 2803 ordinem,
2995 2737 3136 2793 sicut
3162 2739 3214 2792 in
3247 2738 3352 2795 Ro-

1770 2844 1931 2883 mano
1959 2828 2160 2883 Ordine
2185 2831 2445 2899 scriptum
2471 2838 2572 2895 est,
2606 2845 2820 2884 sacrum
2848 2828 3083 2885 cilicium
3126 2832 3344 2904 peragi-

1770 2931 1911 2983 mus,
1938 2933 2109 2989 usque
2140 2919 2203 2973 ad
2225 2919 2651 2975 sacratissimum
2681 2935 2817 2990 opus
2843 2921 3202 2991 baptismatis.

2359 3049 2763 3127 Recapitulatio.

1838 3162 1891 3218 ls
1920 3165 2011 3232 qui
2039 3162 2397 3233 baptizandus
2423 3171 2508 3217 est
2530 3163 2643 3232 jam
2674 3163 3113 3227 catechumenos,
3148 3165 3200 3220 id
3230 3173 3315 3222 est
3337 3208 3353 3234 ,

1768 3254 2067 3309 instructus
2089 3252 2180 3324 [Ρ.
2206 3253 2347 3307 deest
2380 3268 2501 3308 esse
2528 3252 2745 3323 debet],
2778 3263 2837 3307 ut
2877 3264 3230 3324 recognoscat
3268 3272 3355 3311 er-

1769 3359 1952 3399 rorem
1983 3345 2271 3414 pristinum
2300 3352 2356 3399 et
2395 3344 2660 3416 intelligat
2688 3344 2861 3399 lucem
2890 3347 3156 3401 veritatis.
3187 3349 3355 3405 Arec-

1769 3424 1850 3505 pit
1866 3435 2033 3489 salem
2065 3435 2364 3505 sapientiae,
2395 3443 2459 3489 ut
2486 3435 2814 3506 turpiloquia
2847 3436 3159 3492 declinaret.
3191 3440 3355 3511 A:‘ju-

1769 3535 1921 3581 ratus
1944 3534 2030 3581 est
2051 3525 2316 3591 diabolus,
2350 3527 2439 3596 qui
2471 3526 2572 3581 fuit
2602 3527 2655 3581 in
2687 3527 2797 3594 illo,
2824 3544 2946 3583 cum
2977 3530 3126 3601 signo
3151 3532 3351 3599 crucis,

1769 3626 1831 3671 ut
1873 3617 2094 3672 recedat
2121 3632 2150 3670 a
2182 3617 2274 3672 Dei
2306 3616 2508 3671 famulo
2541 3636 2554 3670 :
2588 3625 2643 3672 et
2672 3618 2797 3673 inde
2838 3619 2897 3673 iit
2937 3618 3239 3690 genuﬂexio
3283 3621 3354 3675 ad

1758 3708 1961 3773 'Deum,
1989 3715 2051 3761 ut
2082 3707 2224 3762 Deus
2254 3707 2402 3762 illum
2430 3708 2667 3778 expellat
2711 3724 2739 3762 a
2789 3721 2887 3764 suo
2932 3719 3143 3765 vocato.
3173 3708 3349 3767 Orare

1767 3813 1869 3867 pro
1886 3799 2179 3869 semetipso
2196 3798 2308 3868 jam
2331 3798 2525 3852 doctus
2544 3806 2628 3853 est
2664 3798 2718 3851 in
2759 3799 3009 3853 oratione
3052 3799 3352 3856 Dominica.

1770 3892 2049 3958 Quomodo
2064 3892 2301 3946 credere
2331 3900 2600 3962 oporteat,
2626 3892 2739 3962 jam
2769 3892 2975 3947 audivit
3000 3893 3053 3946 in
3084 3893 3348 3963 symbolo.

1767 3981 2093 4034 Admonitus
2120 3988 2205 4034 est
2244 3994 2344 4049 per
2394 3989 2611 4051 sputum
2656 3981 2956 4051 presbyteri
2981 4023 2994 4043 .
3023 3989 3084 4035 ut
3115 3984 3353 4051 qnandiu

1749 4073 2017 4142 spiritum
2066 4072 2193 4126 vita:
2237 4071 2394 4140 hujus
2440 4071 2665 4125 naribus
2712 4072 2920 4135 trahit,
2954 4070 3112 4125 ﬁdem
3141 4111 3155 4135 ,
3188 4087 3350 4140 quam

1770 4165 1977 4218 audivit
2004 4180 2102 4234 per
2131 4179 2315 4227 aures,
2338 4172 2538 4218 teneat.
2564 4162 2694 4217 Post
2723 4164 2960 4217 auditam
2992 4163 3153 4216 ﬁdem
3197 4166 3353 4234 ungi-

1770 4264 1861 4310 tur
1888 4256 2031 4309 inter
2076 4254 2323 4323 scapulas
2373 4261 2429 4307 et
2475 4261 2696 4322 pectus,
2738 4260 2795 4305 ut
2842 4252 2936 4304 Dei
2980 4252 3351 4307 misericordia

1769 4346 2128 4417 cogitationes
2165 4344 2325 4397 bonae
2356 4350 2413 4396 et
2454 4356 2617 4410 opera
2646 4341 3142 4395 corroborenturin
3181 4355 3269 4409 eo,
3297 4351 3355 4398 et

78 4416 228 4526 gnari
280 4416 456 4511 fortia
508 4468 671 4526 opera
712 4456 1024 4521 hominum;
1076 4416 1141 4509 ei
1170 4469 1267 4524 per
1309 4416 1517 4524 plectris,
1573 4454 1667 4509 ubi
1698 4416 1748 4477 υ
1774 4437 1993 4492 rem“
2020 4435 2089 4488 ab
2125 4434 2273 4526 οξηηί
2320 4433 2501 4497 malo:
2536 4432 2680 4501 (11³οά
2728 4432 2808 4526 ad;
2842 4431 3083 4487 membra
3135 4432 3352 4526 δθῑξιηω

86 4552 479 4621 quodammodo
503 4551 750 4607 consistit
774 4550 1083 4606 cubiculum
1129 4550 1536 4620 cogitationum,
1575 4564 1669 4603 vo-

85 4642 253 4700 lamus
291 4643 567 4714 designari
597 4644 769 4697 bonas
805 4641 1180 4712 cogitationes.
1210 4639 1337 4693 Oieo
1383 4652 1587 4703 sancta,
1615 4640 1671 4695 id

85 4746 162 4791 est
182 4736 558 4792 misericordia
584 4734 679 4789 Dei
698 4774 713 4799 ,
739 4740 1032 4803 unguntur,
1058 4741 1118 4785 ut
1147 4730 1319 4785 sciant
1340 4744 1552 4800 semper
1575 4730 1669 4785 de-

89 4830 293 4894 precari
324 4824 757 4881 misericordiam
781 4823 895 4887 Dei,
924 4831 985 4876 ut
1009 4820 1206 4891 dirigat
1229 4819 1392 4874 corda
1421 4825 1477 4872 et
1503 4833 1670 4888 opera

86 4931 265 4971 eorum
299 4918 357 4971 in
388 4916 654 4971 charitatc
679 4914 777 4969 Dei
809 4922 863 4969 et
888 4912 1147 4984 patientia
1185 4909 1410 4975 Christi,
1439 4918 1497 4964 ut
1523 4923 1675 4964 reco-

88 5014 345 5073 gnoscant
369 5022 430 5062 se
464 5022 571 5061 non
602 5005 758 5060 aliter
785 5006 985 5060 bonum
1023 5002 1239 5075 operari
1277 5016 1455 5073 posse,
1499 5015 1673 5071 neque

88 5095 238 5163 velle,
262 5098 371 5152 nisi
406 5112 505 5167 per
536 5096 963 5152 misericordiam
988 5094 1105 5149 Dei.

592 5212 667 5272 De
704 5214 1176 5270 abrenuntiationc.

150 5331 564 5402 lnterrogamus
590 5330 711 5385 illos
735 5344 872 5399 quos
901 5335 1028 5381 ante
1061 5326 1423 5381 instruximus
1453 5325 1506 5378 iu
1549 5324 1671 5389 ﬁde,

85 5432 137 5475 et
167 5436 311 5493 quos
340 5430 530 5491 postea
559 5420 782 5475 scrutati
810 5434 1000 5475 sumus
1025 5457 1040 5485 ,
1071 5417 1119 5473 si
1146 5417 1320 5473 adhuc
1351 5416 1677 5486 permansis-

86 5522 206 5567 sent
232 5515 291 5568 in
321 5515 410 5568 his
438 5528 561 5582 quze
604 5512 859 5583 primitus
892 5511 1222 5574 didicerunt;
1271 5516 1325 5562 et
1351 5508 1396 5562 si
1422 5522 1479 5562 se
1509 5523 1678 5563 caecos

88 5604 494 5674 cognovissent,
509 5612 562 5659 et
586 5603 747 5658 modo
767 5613 1115 5674 prosperasse
1140 5600 1208 5653 ad
1227 5599 1427 5663 lumen,
1451 5613 1515 5653 eo
1537 5600 1678 5668 quod

88 5696 355 5767 perfecte,
388 5697 441 5752 id
471 5705 554 5753 est
597 5697 815 5766 septies,
860 5695 980 5750 illos
1006 5692 1229 5749 scrutati
1255 5705 1441 5745 sumus
1474 5709 1484 5743 :
1515 5692 1557 5746 si
1585 5692 1678 5746 ab-

1769 4530 2032 4601 pertinet;
2065 4536 2122 4581 et
2150 4524 2313 4579 faciat
2332 4526 2564 4588 bonum;
2595 4531 2654 4579 et
2680 4524 3005 4578 conﬁteatur
3037 4538 3098 4580 se
3125 4525 3353 4581 credere

1770 4623 1827 4677 in
1850 4621 2019 4675 Deum
2042 4617 2260 4672 Patrem
2286 4617 2734 4685 omnipotentem,
2778 4625 2835 4670 et
2880 4616 2934 4669 in
2980 4614 3162 4670 Iesum
3192 4614 3351 4671 Chri-

1771 4721 1917 4767 stum
1954 4710 2147 4765 Filium
2178 4709 2315 4780 ejus,
2344 4716 2530 4763 natum
2578 4722 2645 4761 ex
2687 4706 2853 4761 Patre
2878 4715 3006 4761 ante
3029 4708 3210 4762 omnia
3252 4722 3353 4763 sre-

1771 4804 1920 4868 cula;
1954 4804 2152 4858 factum
2178 4815 2247 4854 ex
2276 4799 2502 4853 muliere
2533 4799 2587 4852 in
2618 4807 2863 4867 tempore.
2904 4797 3194 4852 novissimo
3237 4817 3249 4851 :
3295 4809 3351 4854 et

1773 4894 1827 4948 in
1850 4893 2111 4964 Spiritum
2140 4899 2385 4946 sanctum
2403 4928 2417 4951 ,
2445 4895 2501 4943 et
2524 4887 2752 4956 reliqua.
2782 4885 2981 4956 Sicque
3009 4886 3352 4957 conjungitur

1774 4984 1866 5059 [F.
1897 4987 2039 5041 deest
2066 4979 2341 5053 Ecclesiae]
2365 4994 2521 5036 sacro
2547 4978 2708 5033 fonte:
2726 4977 3086 5048 baptismatis.

2270 5114 2345 5170 De
2383 5113 2626 5167 unctione
2663 5109 2866 5182 capitis.

1847 5230 1972 5285 Post
2016 5229 2121 5284 hoc
2168 5227 2405 5281 salutare
2454 5225 2728 5279 lavacrum
2785 5223 2975 5278 linitur
3025 5228 3182 5291 caput
3233 5220 3354 5290 ejus

1774 5339 1930 5380 sacro
1957 5321 2284 5386 chrismate,
2332 5317 2474 5372 unde
2520 5317 2830 5371 sacerdotes
2870 5321 2928 5367 et
2967 5325 3122 5383 reges
3159 5319 3351 5364 unctos

1775 5431 1894 5472 esse
1938 5412 2187 5468 novimus
2232 5410 2287 5465 iu
2330 5408 2508 5465 Veteri
2560 5406 2924 5461 Testamento.
2975 5399 3045 5456 Ut
3088 5398 3352 5468 intelligat

1775 5505 2081 5574 baptizatus
2107 5500 2285 5572 regale
2306 5517 2370 5555 ac
2398 5496 2730 5554 sacerdotale
2768 5491 3127 5547 ministerium
3171 5503 3229 5544 se
3259 5502 3352 5543 ac-

1778 5595 2005 5665 cepisse,
2047 5592 2174 5661 quia
2221 5591 2361 5645 illius
2406 5585 2617 5657 corpori
2671 5582 2940 5636 adunatus
2968 5586 3085 5641 est,
3113 5577 3205 5646 qui
3234 5575 3350 5630 ilex

1779 5701 2021 5744 summus
2060 5692 2115 5739 et
2156 5682 2421 5737 Sacerdos
2445 5686 2529 5733 est
2551 5689 2715 5728 verus
2742 5688 2755 5725 :
2780 5680 2834 5727 et
2862 5686 3087 5740 regnum
3131 5679 3358 5739 sperare
