3868 6174
547 212 651 266 899

1061 205 1390 260 AMALARH
1432 200 1891 258 TREVIRENSIS
1929 195 2353 254 ARCHIEPISC.
2398 196 2610 250 ΕΡὶέιΤ.
2653 197 2736 250 Dii
2775 194 3049 250 CJEREM.
3087 193 3278 250 BAPT.
3640 201 3718 259 900

549 321 705 375 debet
736 328 1073 390 perpetuum,
1105 324 1160 370 et
1192 317 1396 370 hostias
1440 313 1794 368 immaculata:
1846 324 2131 365 conversas
2158 310 2201 367 A
2233 306 2417 362 Potest
2439 307 2552 361 ﬁeri
2590 317 2648 361 ut
2679 308 2769 377 qui
2802 307 2977 361 alieno
3018 320 3235 379 peccato
3263 321 3381 365 sunt
3417 311 3564 383 ligati,
3589 313 3719 372 aliena

553 414 714 468 tionis
744 412 850 466 Deo
880 423 1093 477 semper
1118 407 1332 462 oﬁerre.

1029 501 1104 554 De
1127 509 1419 570 tegumenta
1455 498 1658 569 capitis.

628 591 852 662 Tegitur
890 598 1072 663 postea
1120 590 1306 644 linteo.
1355 589 1423 642 Et
1456 589 1560 642 hoc
1605 589 1671 642 de
1714 587 1896 641 Veteri
1942 586 2132 641 Testa-

557 689 737 735 mento
782 689 1113 750 assumptum
1159 689 1278 744 est;
1324 679 1403 733 sic
1446 679 1588 731 enim
1631 678 1889 747 scriptum
1939 685 2023 730 est
2078 675 2130 728 in

554 772 740 826 Exodo
767 791 778 824 :
804 770 970 825 Filios
991 788 1190 842 quoque
1217 769 1599 835 illius,scilicet
1619 769 1820 834 Aaron,
1850 766 2134 837 applicabit:

556 874 604 917 et
633 863 814 916 inducs
843 863 1030 917 tunicis
1058 862 1228 928 lineis,
1256 863 1527 933 cingesque
1554 861 1723 915 balteo
1751 901 1765 925 ,
1792 861 1970 914 Aaron
1995 857 2136 911 scili-

557 963 633 1007 cet
671 963 721 1007 et
765 953 950 1007 liberos
993 953 1104 1022 ejus
1132 994 1146 1019 ,
1196 961 1244 1006 et
1274 953 1503 1023 impones
1548 953 1620 1006 eis
1669 951 1879 1006 mitram
1916 947 2131 1021 (Exod.

557 1062 711 1112 XXIX,
739 1047 793 1111 8,
823 1047 897 1116 9).
943 1044 1062 1101 Jam
1111 1055 1362 1116 percepta
1392 1046 1566 1116 gratia
1607 1045 1748 1100 sacri
1797 1043 2138 1114 baptismatis

558 1153 665 1190 non
696 1135 994 1191 reconﬁdat
1022 1137 1225 1192 viribus
1253 1137 1385 1202 suis,
1428 1137 1520 1191 sed
1564 1149 1778 1204 semper
1820 1135 2139 1203 deprecetur

560 1236 618 1280 ut
643 1235 919 1296 protectus
944 1227 1016 1281 sit
1041 1226 1247 1283 caelesti
1279 1227 1498 1282 auxilio.
1515 1226 1910 1280 Protectionem
1927 1222 2137 1277 Domini

557 1324 872 1386 przeclaram
897 1325 1145 1380 volumus
1169 1324 1469 1394 intelligere
1488 1337 1584 1394 per
1603 1321 1823 1376 linteum
1845 1335 1952 1391 quo
1976 1326 2138 1389 caput

561 1417 780 1484 tegitur.

1138 1485 1219 1540 De
1240 1485 1562 1540 indumento.

2232 396 2564 466 professione
2588 397 2887 451 solvantur.

2302 484 2449 550 llaec,
2472 487 2716 556 piissime
2743 488 3052 556 imperator,
3079 503 3240 544 causa
3269 490 3557 546 obedientize
3585 495 3725 564 posui-

2233 593 2373 640 mus,
2403 579 2527 646 quia
2556 579 2775 648 dignum
2802 587 2886 634 est
2907 587 3099 634 vestra:
3125 581 3373 634 voluntati
3394 583 3611 638 omnibus
3629 584 3720 642 viri-

2233 670 2334 724 bus
2367 670 2603 724 obedire.
2657 670 2860 724 Tamen
2918 669 2971 724 in
3017 669 3261 726 omnibus
3304 672 3382 725 his
3417 688 3524 742 qua:
3548 676 3723 736 diximus

2232 761 2407 830 parati
2430 777 2615 815 sumus
2641 762 2862 815 auribus
2890 761 3157 816 inclinatis
3199 778 3227 815 a
3258 761 3542 819 doctoribus
3564 765 3681 837 (Hs,
3699 789 3718 825 a

2235 851 2549 906 doctoribus
2594 852 2828 924 inclytis]
2861 853 3056 924 corrigi
3086 863 3141 908 et
3164 856 3440 909 emendari.
3482 855 3549 912 De
3591 872 3717 918 nostra

2236 943 2552 999 credulitate
2580 944 2693 999 hmc
2724 945 2950 1000 dicimus
2975 954 3028 1000 et
3060 946 3354 1013 recepimus
3378 987 3390 1008 ,
3439 950 3562 1018 quod
3603 949 3719 1008 Isaias

2235 1031 2372 1086 dixit
2427 1051 2439 1085 :
2490 1032 2714 1086 Verbum
2754 1031 3106 1088 abbreviatum
3155 1031 3305 1104 faciet
3356 1034 3578 1092 Dominus
3616 1058 3722 1112 super

2237 1130 2432 1176 terram
2468 1122 2638 1194 (Rom.
2674 1141 2751 1190 ιχ,
2775 1123 2885 1196 28).
2921 1125 3207 1180 Credimus
3237 1141 3397 1181 unum
3432 1125 3574 1184 Deum
3593 1132 3720 1186 vivum

2237 1221 2293 1266 et
2316 1228 2503 1268 verum
2535 1230 2749 1284 semper
2771 1230 2888 1270 esse
2917 1215 3305 1271 immutabilem
3326 1258 3340 1282 ,
3372 1225 3532 1272 tamen
3557 1216 3723 1274 mutatis

2238 1299 2308 1356 lia
2331 1314 2666 1374 cperantem,
2697 1319 2970 1374 nunquam
3013 1321 3137 1362 esse
3158 1307 3272 1360 sine
3292 1321 3381 1362 sua
3400 1301 3635 1378 sapientia,
3655 1311 3726 1365 hoc

2237 1402 2322 1449 est
2346 1434 2361 1461 ,
2410 1396 2526 1450 sine
2552 1394 2690 1450 Filio
2720 1412 2850 1460 suo;
2888 1414 3066 1469 neque
3095 1394 3209 1453 sine
3238 1395 3349 1468 ejus
3375 1399 3632 1464 voluntate,
3657 1401 3727 1455 hoc

2238 1494 2340 1550 est,
2366 1487 2481 1542 sine
2503 1487 2703 1559 Spiritu
2726 1498 2934 1544 sancto.
2949 1489 3096 1545 Deus
3123 1488 3283 1542 Pater
3305 1490 3355 1544 in
3375 1489 3496 1544 bona
3516 1489 3724 1544 voluntate

635 1592 782 1649 Albis
809 1596 1046 1651 induitur
1080 1597 1447 1661 vestimentis,
1490 1603 1552 1649 ut
1578 1595 1714 1649 sciat
1739 1608 1796 1648 se
1826 1591 2139 1647 inviolatum

2248 1593 2334 1632 sua
2375 1579 2556 1633 omnia
2610 1581 2816 1635 creavit
2856 1597 2954 1650 per
3006 1581 3345 1649 sapientiam.
3389 1579 3624 1635 Credimus
3652 1589 3728 1634 tres

565 1697 761 1752 corpus
784 1687 1082 1756 possidere,
1112 1695 1167 1740 et
1191 1656 1457 1740 charitate
1481 1685 1684 1756 Spiritu
1710 1684 1880 1740 sancti
1909 1683 2141 1738 illustra-
2171 1656 2215 1716 Β
2245 1687 2504 1742 981³80ηᾶ5
2533 1671 2712 1728 Patris
2737 1681 2791 1727 ει
2819 1673 2939 1728 Filii
2968 1682 3023 1728 ει
3047 1672 3282 1743 Spiritus
3301 1673 3480 1739 sane“.
3505 1681 3551 1728 θῑ
3577 1675 3726 1744 τεθεΡί·

565 1783 678 1830 tum
707 1793 802 1831 cor
823 1793 880 1833 se
908 1780 1109 1834 habere
1141 1795 1155 1833 :
1183 1781 1296 1835 sive
1334 1787 1686 1850 recognoscat
1712 1795 1770 1834 se
1798 1777 2064 1847 justitiam
2089 1783 2146 1828 et

567 1867 860 1936 nuptialem
914 1878 1118 1924 vestem
1186 1871 1405 1924 habere.
1464 1871 1568 1924 Per
1630 1868 1950 1924 vestimenta
1999 1867 2143 1921 enim

564 1973 728 2026 opera
749 1959 973 2028 justilite
1000 1960 1392 2030 intelliguntur,
1416 1962 1556 2015 unde
1583 1961 1780 2016 dicitur
1798 1959 1877 2014 eis
1905 1977 1916 2011 :
1951 1957 2144 2014 Sacer-

564 2049 708 2105 dotes
730 2052 1242 2122 induanturjustitia
1275 2052 1447 2124 (Psal.
1477 2070 1659 2118 cum,
1679 2053 1755 2123 9).

784 2164 858 2219 De
893 2166 1289 2234 conﬁrmatione
1317 2166 1548 2236 corporis
1577 2175 1624 2220 et
1655 2165 1946 2236 sanguinis.

635 2274 999 2332 Conﬁrmatur
1033 2288 1221 2348 postea
1265 2293 1492 2350 corpore
1515 2287 1571 2333 et
1597 2279 1858 2349 sanguine
1885 2275 2098 2332 Domini
2128 2317 2143 2341 ,

565 2367 787 2422 utsciat
823 2383 920 2438 per
960 2370 1085 2424 talia
1132 2371 1389 2441 mysteria
1440 2370 1710 2425 diabolum
1757 2369 2039 2437 expulsum
2078 2368 2147 2422 ab

565 2457 682 2526 ejus
707 2459 870 2513 corde
893 2499 906 2523 ,
944 2475 1010 2516 ac
1035 2460 1306 2516 Christum
1345 2461 1644 2516 inhabitare
1672 2461 1746 2515 ita
1773 2467 1836 2513 ut
1874 2457 2149 2513 conﬁden-

566 2551 654 2600 ter
680 2546 924 2604 dicamus
953 2568 964 2602 :
995 2548 1209 2616 Omnes,
1240 2551 1328 2621 qui
1362 2552 1417 2604 in
1453 2550 1658 2605 Christo
1699 2549 1947 2620 baptizati
1975 2549 2098 2603 estis
2129 2588 2144 2613 ,

566 2633 835 2693 Christum
866 2640 1108 2695 induistis
1138 2639 1279 2714 (Gal.
1307 2658 1390 2707 ιιι,
1417 2641 1528 2714 27).

891 2751 968 2805 De
988 2752 1220 2823 parvulis
1253 2771 1356 2808 non
1384 2754 1712 2824 loquentibus
1742 2768 1765 2796 δ
1783 2798 1798 2813 .

641 2859 898 2927 Quamvis
926 2863 1135 2934 parvuli
1181 2881 1279 2935 per
1313 2875 1531 2922 mtatem
1573 2881 1679 2921 non
1716 2865 1924 2938 possint
1952 2863 2148 2920 intelli-

2245 1780 2366 1818 tnus
2391 1779 2581 1819 versus
2605 1763 2810 1821 Sedulii
2834 1781 2849 1820 :

2371 1874 2473 1939 lion
2496 1879 2630 1939 quia,
2655 1879 2737 1938 qui
2760 1889 2977 1927 summus
2993 1877 3146 1927 Pater
3170 1885 3264 1938 est,
3288 1888 3332 1927 et
3362 1878 3496 1929 Filius
3510 1879 3575 1928 hic
3591 1889 3664 1928 est.

2367 1936 2466 1986 Sed
2489 1936 2623 2000 quia,
2644 1936 2777 2002 quod
2799 1953 3016 1989 summus
3041 1939 3188 1988 Pater
3215 1936 3306 2000 est,
3331 1949 3379 1990 et
3397 1939 3530 1990 Filius
3545 1941 3616 1990 hoc
3632 1946 3700 1989 est.

2245 2037 2440 2095 Filium
2469 2040 2642 2096 solum
2675 2043 3038 2112 assumpsisse
3065 2058 3284 2098 carnem
3321 2044 3590 2108 humanam,
3612 2052 3658 2097 ut
3679 2042 3728 2096 vi-

2247 2128 2420 2186 sibilis
2443 2130 2584 2186 l‘oret
2606 2133 2946 2200 hominibus;
2981 2136 3130 2190 hunc
3156 2135 3602 2206 baptizatum,quia
3621 2148 3730 2203 opor-

2247 2222 2397 2276 tebat
2420 2238 2518 2278 nos
2542 2223 2808 2294 baptizari
2832 2242 2846 2291 ;
2875 2226 3020 2281 hunc
3039 2235 3312 2281 mortuum
3337 2240 3538 2297 corpore
3570 2223 3728 2287 mundo,

2248 2320 2309 2367 ut
2349 2329 2448 2368 nos
2486 2329 2824 2370 moreremur
2876 2317 3160 2385 peccatis;
3219 2316 3355 2371 hunc
3400 2313 3688 2370 resurrexisse
3709 2328 3728 2365 ι

2248 2404 2513 2469 mortuis,
2545 2413 2603 2459 ut
2646 2420 2746 2462 nos
2793 2421 3147 2477 Speraremus
3175 2407 3605 2470 resurrectionem;
3633 2403 3731 2458 hunc

2248 2503 2536 2550 venturum
2578 2495 2634 2552 in
2676 2497 2972 2554 novissimo
3007 2496 3219 2567 judicio
3246 2537 3263 2564 ,
3290 2497 3484 2567 quando
3508 2492 3732 2566 segregabit

2247 2603 2378 2644 oves
2407 2590 2474 2645 ab
2504 2589 2674 2646 hzedis
2699 2630 2714 2656 ,
2741 2598 2797 2646 et
2817 2599 3002 2661 postea
3026 2591 3175 2645 solos
3201 2588 3364 2645 malos
3386 2590 3433 2643 in
3458 2586 3641 2649 inferno,
3662 2585 3731 2638 hoc

2248 2687 2335 2734 est
2363 2719 2378 2746 ,
2433 2679 2489 2735 in
2542 2681 2718 2752 poenis
2764 2682 3040 2748 victuros;
3069 2681 3246 2752 justos
3275 2680 3407 2737 solos
3445 2681 3490 2735 in
3516 2693 3645 2749 regno
3665 2675 3729 2730 Dei

2250 2770 2407 2826 beate
2445 2781 2784 2843 regnaturos.
2824 2772 2951 2829 Haec
2977 2782 3065 2829 est
3089 2815 3104 2840 ,
3143 2772 3429 2844 iustissime
3469 2773 3728 2842 imperator.

2250 2869 2434 2918 nostra
2487 2863 2800 2929 credulitas,
2849 2862 2964 2919 hare
3003 2872 3096 2920 est
3138 2880 3260 2935 spes
3287 2863 3448 2929 ﬁrma,
3474 2862 3593 2916 hunc
3612 2859 3731 2914 Deum

568 2965 697 3020 gere
736 2951 908 3021 ipsam
939 2955 1348 3010 conversionem
1377 2957 1445 3012 ad
1469 2957 1637 3011 Deum
1665 2964 1828 3027 atque
1855 2954 2147 3012 credulita-
2175 2993 2222 3057 Ο
2253 2966 2519 3017 amamus,
2555 2967 2716 3022 quem
2745 2952 3025 3008 ardentius
3067 2969 3249 3008 amare
3278 2953 3614 3008 desideramus.

570 3052 680 3098 tem
711 3083 726 3109 ,
784 3045 1057 3102 credimus
1104 3055 1282 3103 tamen
1324 3064 1419 3105 eos
1462 3051 1532 3105 ad
1580 3049 1866 3106 Dominum
1905 3049 2149 3106 converti

567 3143 792 3206 propter
828 3137 1196 3195 conversionis
1221 3150 1620 3196 sacramentum
1650 3181 1665 3207 ,
1689 3149 1744 3196 et
1764 3140 1924 3196 ﬁdem
1950 3141 2151 3196 habere

568 3234 790 3296 propter
827 3226 949 3282 ﬁdei
982 3239 1381 3286 sacramentum
1403 3272 1416 3296 ,
1467 3233 1606 3287 sicut
1634 3232 1862 3303 legimus
1887 3232 1941 3286 in
1968 3231 2151 3303 Augu-

569 3315 697 3370 stini
727 3317 950 3387 epistola
978 3320 1045 3374 ad
1074 3321 1405 3377 Bonifacium
1427 3323 1734 3393 episcopum
1758 3362 1774 3388 ,
1817 3322 1884 3376 de
1910 3321 2151 3393 parvulis

571 3409 958 3479 requirentem,
987 3413 1078 3467 ubi
1106 3413 1236 3468 dicit
1263 3429 1277 3469 :
1311 3433 1329 3466 ι
1359 3414 1477 3484 Ipsa
1505 3416 1782 3485 responsio
1809 3415 1876 3470 ad
1904 3405 2147 3470 celebra-

569 3499 771 3555 tionem
795 3502 1030 3569 pertinet
1060 3506 1406 3570 sacramenti,
1435 3507 1574 3560 sicut
1601 3506 1665 3560 de
1695 3506 1809 3574 ipso
1836 3502 2145 3577 [baptismo]

569 3589 896 3660 Apostolus:
932 3589 1253 3664 Consepulti,
1291 3595 1486 3665 inquit,
1541 3613 1721 3651 sumus
1774 3613 1893 3650 cum
1944 3593 2150 3649 Christo

571 3699 664 3751 per
690 3683 1002 3752 baptismum
1046 3684 1101 3740 in
1127 3697 1344 3741 mortem
1378 3688 1548 3760 (Rom.
1589 3707 1665 3753 vl,
1707 3689 1783 3762 4).
1823 3690 1938 3745 Non
1967 3699 2150 3745 autem

573 3770 666 3834 ait,
697 3771 1028 3841 sepulturam
1054 3775 1494 3845 signiﬁcavimus,
1519 3781 1612 3835 sed
1631 3796 1854 3850 prorsus
1877 3781 1952 3835 ait
1981 3796 1996 3836 :
2028 3799 2153 3836 con-

571 3861 761 3931 sepulti
787 3879 988 3918 sumus.
1022 3864 1434 3924 Sacramentum
1462 3885 1591 3940 ergo
1622 3879 1782 3926 tantae
1816 3874 1894 3928 rei
1921 3888 2025 3928 non
2046 3875 2151 3929 nisi

573 3951 814 4021 ejusdem
860 3955 937 4009 rei
968 3957 1228 4012 vocabulo
1272 3962 1620 4030 nuncupavit.
1659 3961 1845 4031 Itaque
1868 3962 2151 4033 parvulum

573 4041 673 4095 etsi
702 4044 938 4099 nondum
976 4046 1109 4102 ﬁdes
1134 4048 1221 4102 illa
1244 4090 1258 4113 ,
1291 4065 1412 4119 quae
1435 4051 1487 4104 in
1509 4052 1842 4106 credentium
1877 4052 2152 4107 voluntate

572 4132 840 4199 consistit,
867 4135 982 4205 jam
1010 4146 1190 4192 tamen
1218 4139 1390 4207 ipsius
1426 4139 1547 4195 ﬁdei
1579 4150 1977 4197 sacramentum
2022 4143 2152 4198 ﬁde-

572 4220 676 4276 lem
719 4221 865 4280 facit.
895 4225 1030 4280 Nam
1052 4227 1193 4283 sicut
1217 4229 1442 4285 credere
1466 4231 1838 4300 respondetur,
1870 4232 1945 4288 ita
1986 4234 2157 4288 etiam.

2324 3042 2353 3082 ι»
2385 3042 2628 3110 Dixistis,
2662 3043 3006 3099 serenissime
3038 3044 3333 3115 imperator
3357 3085 3371 3111 ,
3400 3041 3514 3098 velle
3538 3056 3614 3094 vos
3635 3037 3730 3092 scire

2251 3133 2485 3204 qualiter
2511 3151 2610 3191 nos
2629 3144 2685 3192 et
2709 3135 3036 3207 suifraganei
3059 3137 3232 3192 nostri
3254 3136 3538 3192 doeeremus
3551 3128 3733 3202 populum

2251 3228 2346 3283 Dei
2378 3229 2444 3285 de
2479 3230 2733 3300 baptismi
2778 3240 3149 3287 sacramento.
3185 3231 3305 3298 Haec
3332 3239 3475 3302 prout
3498 3227 3731 3298 potuimus.

2251 3318 2670 3388 prmlibavimus.
2701 3319 3086 3394 Suﬂ'raganeus
3116 3332 3202 3380 est
3226 3337 3411 3377 nomen
3438 3319 3596 3376 media:
3610 3315 3724 3386 signi-

2254 3408 2558 3477 ﬁcationis;
2610 3411 2734 3466 ideo
2779 3414 3054 3469 nescimus
3103 3414 3263 3485 quale
3302 3415 3454 3469 ﬁxum
3481 3411 3525 3468 ei
3549 3418 3736 3480 apponere

2251 3500 2566 3568 debeamus,
2595 3510 2676 3570 ut,
2705 3505 3180 3576 presbyterorum,
3205 3517 3295 3561 aut
3315 3505 3556 3566 abbatum,
3580 3509 3649 3554 aut
3668 3497 3736 3553 dia-

2252 3606 2548 3659 conorum,
2597 3601 2654 3649 et
2695 3603 3015 3649 caeterorum
3067 3597 3336 3667 graduum
3385 3592 3660 3648 inferiorum.
3698 3583 3734 3638 Si

2253 3682 2392 3738 forte
2442 3686 2819 3756 episcoporum
2871 3702 3114 3754 nomen,
3167 3691 3256 3759 qui
3310 3685 3565 3757 aliquando
3604 3689 3734 3735 vestri!

2253 3775 2460 3830 civitati
2494 3777 2720 3848 subjecti
2749 3787 2904 3833 erant
2932 3819 2947 3844 ,
2979 3779 3186 3835 addere
3215 3780 3484 3841 debemus,
3511 3790 3588 3830 oro
3606 3780 3650 3826 ul
3670 3769 3734 3823 hoc

2253 3881 2360 3919 non
2393 3866 2619 3936 imputet
2643 3869 2894 3924 dominus
2921 3885 3078 3924 servo
3115 3885 3216 3926 suo
3233 3910 3249 3935 ,
3273 3869 3393 3939 quia
3421 3881 3566 3935 usque
3586 3864 3625 3916 in
3646 3873 3736 3930 ρηεο

2254 3974 2378 4014 sons
2411 3969 2622 4030 tempus
2645 3976 2750 4015 non
2781 3977 2900 4015 sum
2925 3977 3088 4016 ausus
3121 3979 3181 4018 ea
3215 3963 3485 4029 attingere,
3509 3970 3604 4027 qum
3631 3949 3735 4006 nobis

2254 4047 2494 4116 injuncta
2523 4066 2628 4105 non
2659 4058 2813 4116 sunt;
2851 4053 2944 4106 sed
2984 4062 3214 4122 paratus
3239 4068 3354 4108 sum
3375 4049 3581 4105 omnium
3599 4037 3734 4097 Christi

2255 4157 2535 4198 servorum
2557 4145 2781 4214 vestigia
2808 4147 2979 4215 sequi.
3017 4147 3086 4200 Et
3120 4148 3166 4202 si
3190 4146 3326 4202 forte
3353 4143 3734 4215 presbyterorum;

2257 4235 2624 4306 supradictum
2646 4236 2891 4291 ordinem
2916 4237 3200 4293 docuimus
3223 4237 3340 4292 illos
3363 4244 3414 4289 et
3434 4227 3736 4288 admonuimus.

572 4311 748 4370 ﬁdelis
771 4325 1038 4384 vocatur;
1071 4333 1178 4374 non
1216 4335 1332 4376 rem
1370 4321 1540 4392 ipsam
1595 4331 1772 4376 mente
1824 4324 2110 4379 annuendo
2133 4365 2149 4391 ,
2180 4349 2231 4410 υ
2254 4336 2314 4383 ιιι
2365 4343 2506 4396 saepe
2550 4329 2784 4384 doceant
2827 4328 3080 4398 populum
3124 4329 3259 4394 Dei,
3289 4340 3420 4382 vana
3444 4321 3579 4390 hujus
3611 4309 3737 4410 nfundi

574 4409 670 4465 sed
695 4409 861 4479 ipsius
890 4412 968 4466 rei
996 4421 1395 4470 sacramentum
1426 4415 1789 4485 percipiendo.
1811 4415 1948 4471 Cum
1969 4426 2149 4474 autem

572 4514 634 4557 se
682 4501 844 4557 homo
876 4518 1066 4573 sapere
1111 4507 1338 4576 creperit
1359 4547 1374 4572 ,
1425 4523 1529 4562 non
1571 4508 1700 4568 illud
1749 4520 2152 4568 sacramentum

573 4600 822 4662 repetet,
871 4593 965 4648 sed
1007 4595 1308 4668 intelliget,
1340 4598 1564 4669 ejusque
1599 4599 1862 4657 voluntati
1911 4619 2151 4659 consona

572 4681 691 4752 ejus
719 4683 993 4738 voluntate
1021 4687 1379 4756 coaptabitur.
1415 4688 1528 4745 Hoc
1555 4693 1793 4760 quandiu
1819 4707 1923 4747 non
1951 4693 2150 4762 petest,

572 4769 776 4825 valebit
812 4783 1212 4829 sacramentum
1242 4775 1312 4830 ad
1339 4777 1456 4847 ejus
1485 4779 1711 4833 tutelam
1743 4780 2002 4836 adversus
2027 4796 2154 4835 con-

575 4861 774 4916 trarias
819 4871 1144 4932 potestates;
1193 4877 1248 4922 et
1291 4876 1500 4924 tantum
1553 4870 1779 4937 valebit,
1817 4881 1876 4926 ut
1927 4873 1971 4927 si
2027 4881 2154 4928 ante

574 4959 799 5026 maioris
846 4979 1002 5018 usum
1054 4962 1185 5036 [Al.,
1217 4973 1341 5020 ante
1390 4967 1612 5038 majoris
1648 4985 1807 5024 usum
1835 4970 2042 5033 :etatis,
2075 4969 2154 5023 vel

574 5063 607 5104 λ
639 5050 864 5106 rationis
909 5051 1032 5125 usu]
1062 5069 1128 5109 ex
1157 5055 1260 5110 hac
1300 5056 1412 5111 vita
1449 5058 1814 5128 emigraverit,
1846 5074 1943 5128 per
1977 5059 2152 5128 ipsum

573 5150 994 5208 sacramentum,
1023 5147 1436 5201 commendante
1481 5147 1734 5203 Ecclesia:
1772 5149 2057 5215 charitate,
2086 5149 2154 5204 ab

570 5235 666 5292 illa
692 5235 1140 5292 condemnatione
1162 5252 1282 5307 qua:
1312 5253 1411 5308 per
1443 5255 1608 5294 unum
1639 5240 1910 5296 hominem
1933 5240 2155 5295 intravit

570 5327 627 5384 in
668 5329 950 5394 mundum,
999 5327 1312 5383 Christiano
1339 5327 1607 5396 adjutorio
1649 5331 1925 5386 liberetur.
1958 5350 1976 5382 ι
2015 5330 2155 5385 Huc-

574 5435 746 5491 usque
801 5421 1136 5494 Augustinus
1194 5422 1259 5477 de
1316 5423 1558 5493 parvulis
1615 5438 1719 5477 non
1787 5423 2151 5492 loquentibus.

647 5545 672 5572 ⁸
699 5533 756 5608 in
777 5536 897 5590 cod.
923 5533 980 5590 S.
1006 5534 1142 5608 Galli
1172 5537 1382 5608 Titulus
1406 5555 1418 5590 :
1450 5537 1528 5608 De
1567 5524 1797 5608 paruulis
1835 5552 1938 5591 non
1962 5535 2154 5591 intelli-

579 5605 811 5672 gentibns
842 5617 888 5658 et
919 5615 1040 5660 tunc
1067 5607 1227 5676 ﬁdem
1255 5605 1582 5664 habentibus;

2257 4417 2561 4488 relinquere
2584 4427 2640 4473 et
2660 4433 2788 4473 vera
2811 4417 3052 4473 orelestia
3082 4427 3291 4489 petere.
3333 4417 3408 4472 Ex
3433 4415 3540 4476 hoc,
3558 4408 3665 4462 unde
3682 4415 3738 4456 me

2253 4509 2397 4577 cogit
2421 4518 2600 4564 vestra
2618 4507 2792 4580 jussio
2821 4510 3151 4580 respondere
3182 4527 3195 4562 :
3231 4509 3276 4564 si
3303 4509 3355 4563 in
3387 4507 3496 4568 hoc,
3519 4497 3738 4590 quod???

2253 4601 2393 4666 dico,
2424 4618 2506 4656 me
2535 4603 2707 4673 ipsum
2735 4603 3052 4668 custodiam,
3081 4603 3158 4657 ita
3199 4599 3484 4672 respondeo
3505 4614 3516 4648 :
3539 4587 3660 4646 Oculi
3672 4587 3738 4638 uti

2252 4709 2452 4763 semper
2478 4694 2548 4747 ad
2579 4694 2884 4758 Dominum,
2913 4694 3165 4764 quoniam
3193 4694 3299 4759 ipse
3323 4689 3488 4746 evellet
3513 4685 3566 4738 de
3607 4679 3736 4748 ιαιιιιεο

2252 4783 2405 4854 pedes
2431 4800 2571 4838 ineas
2606 4782 2777 4855 (Psul.
2802 4799 2953 4849 xxrv,
2979 4781 3090 4853 15).
3123 4783 3294 4847 Sciat,
3318 4779 3517 4836 domine
3540 4771 3631 4833 mi,
3655 4778 3738 4820 san-

2254 4874 2496 4930 ctissima
2528 4874 2850 4945 gubernatio
2886 4883 3069 4929 vestra
3091 4915 3106 4940 ,
3132 4874 3264 4929 nulli
3294 4887 3378 4926 me
3403 4859 3737 4953 prtedicaroalli

2253 4974 2461 5036 peccet.
2497 4943 2563 5021 Et
2591 4974 2774 5021 tamen
2796 4967 2975 5022 recolo
2997 4966 3320 5027 sententiam
3339 4961 3472 5019 beati
3495 4952 3660 5015 Jacobi,
3678 4943 3737 5000 ulti

2255 5059 2369 5112 ait:
2400 5057 2467 5110 In
2497 5057 2673 5112 multis
2703 5059 2841 5113 enim
2889 5057 3202 5128 offendimus
3239 5071 3407 5111 omnes
3433 5050 3554 5123 (Jac.
3593 5036 3734 5136 111,2).

2255 5148 2390 5204 Cum
2415 5164 2659 5204 summus
2688 5148 2887 5205 Christi
2910 5149 3224 5219 loqueretur
3246 5143 3517 5218 apostolus,
3534 5130 3736 5208 prmisit.

2255 5243 2312 5295 in
2346 5239 2526 5295 multis
2552 5281 2565 5304 ,
2595 5249 2650 5294 et
2671 5240 2967 5310 subjunxit,
3010 5254 3220 5302 omnes;
3263 5243 3321 5290 ut
3349 5240 3486 5288 tanto
3510 5222 3675 5282 cautius
3700 5223 3739 5266 se

2257 5333 2554 5406 imperfecti
2583 5349 2798 5405 Quoque
2829 5333 2881 5388 in
2926 5332 3217 5403 loquendo,
3255 5327 3334 5383 vel
3365 5321 3550 5396 agendo
3574 5314 3736 5372 cucum-

2257 5426 2508 5496 spiciant,
2542 5433 2744 5494 quanto
2772 5423 2975 5479 certius
3005 5419 3352 5491 cognoverint
3372 5456 3386 5480 ,
3417 5413 3527 5483 quia
3550 5418 3627 5461 nec
3650 5408 3733 5471 ρετ·

2328 5541 2356 5580 δ
2387 5541 2518 5596 \‘ide
2549 5556 2668 5612 qum
2696 5540 2929 5597 diximus
2959 5539 3015 5596 in
3044 5536 3243 5594 Mouito
3276 5529 3481 5605 praevio.
