3868 6174
157 253 266 310 ενοι

412 256 830 317 THEODORUS
863 263 1178 320 ARCHIEP.
1227 262 1570 321 CANTUAR.
1611 297 1681 306 -—
1719 266 2270 328 POENITENTIALE.
2312 304 2381 314 -
2418 272 2633 328 EPlS'l‘.
2684 271 3162 330 DEDICATURIA.

3309 277 3412 330 90'!

156 367 534 457 ferriquidem
560 371 710 434 boni,
754 383 810 429 et
831 375 922 444 qui
946 373 1179 444 Spiritus
1203 379 1374 432 sancti
1399 380 1573 448 gratia
1599 378 1735 432 duce
1761 382 1811 440 Α
1840 381 2123 438 referimus
2148 423 2162 449 ,
2194 386 2428 440 maxime
2449 386 2574 454 quia
2601 401 2725 441 cum
2755 385 2870 455 ipsa
2896 385 3174 456 perlegere
3198 387 3250 440 in
3275 403 3425 457 prae-

157 456 454 521 incedunt,
498 457 659 526 hujus
690 461 815 515 vitae
849 463 993 518 viam
1037 465 1151 520 sine
1197 465 1485 521 oﬂ‘enslone
1529 467 1734 536 peccati

155 543 386 616 alicujus
412 548 686 602 transilire
709 550 976 609 ullatenus
994 563 1231 623 possent,
1258 565 1418 626 atque
1440 558 1558 612 ideo
1577 558 1737 613 doce-

152 643 281 690 mus
309 636 390 690 sic
440 652 456 690 :
506 636 567 692 Si
612 639 956 708 conﬁteamur
979 654 1192 713 peccata
1226 656 1407 700 nostra
1433 687 1448 712 ,
1489 647 1660 716 ﬁdelis
1686 656 1738 702 et

147 728 332 796 justus
365 739 465 796 est,
497 740 552 784 ut
580 734 808 786 remittat
829 736 974 790 nobis
999 748 1211 807 peccata
1239 750 1417 820 nostra
1442 741 1495 814 (Ι
1513 740 1672 796 Joan.
1693 757 1733 807 ι,

154 819 240 892 9);
274 823 401 892 quia
450 824 565 878 sine
596 833 820 894 peccato
856 829 910 883 in
953 831 1056 887 hac
1095 833 1207 888 vita
1241 819 1360 891 esse
1401 850 1506 889 non
1547 849 1737 904 possu-

151 925 297 967 mus.
331 910 514 967 Prima
542 915 732 972 salutis
755 932 878 986 spes
900 928 983 974 est
1003 919 1292 991 confessio,
1309 939 1410 979 nec
1429 925 1657 994 quisque
1679 940 1739 982 se

147 1006 360 1076 justum
396 1013 551 1073 putet
598 1013 654 1061 et
704 1017 830 1065 ante
871 1012 1056 1067 oculos
1086 1014 1181 1068 Dei
1209 1015 1380 1085 erigat
1423 1017 1733 1082 cervicem;

154 1090 373 1161 deinde,
398 1095 634 1162 dilectio,
685 1099 812 1168 quia
863 1101 1094 1158 charitas
1125 1105 1221 1162 Dei
1245 1106 1406 1178 operit
1435 1107 1736 1163 multitudi-

151 1203 270 1241 nem
297 1198 634 1258 peccatorum
662 1190 715 1263 (Ι
745 1188 892 1246 Petr.
917 1209 992 1260 iv,
1019 1194 1094 1266 8).

441 1363 919 1425 RESPONSORIA
956 1372 1206 1430 CAROLI
1242 1375 1490 1436 MAGNI.

352 1472 358 1476 “
515 1473 582 1510 ΔΙ)
625 1475 1026 1518 ΡΒᾸΞΟΕΒΕΝΤΕΗ
1065 1480 1380 1522 EPISTOLAII.

218 1543 278 1598 In
315 1546 536 1601 nomine
564 1549 739 1606 Patris
758 1593 773 1618 ,
803 1562 858 1607 et
887 1555 1005 1611 Filii
1031 1598 1046 1622 ,
1076 1565 1130 1613 ct
1157 1557 1388 1629 Spiritus
1409 1563 1602 1617 sancti.
1635 1562 1735 1619 Ca-

152 1633 299 1690 rolus
330 1637 711 1694 serenissimus
732 1640 1022 1714 Augustus,
1059 1662 1090 1700 a
1121 1647 1230 1702 Deo
1263 1661 1582 1715 coronatus,
1619 1669 1736 1708 ma-

1839 472 2009 525 sentia
2057 487 2242 528 nostra
2292 475 2635 542 fecissemus,
2682 477 2945 530 catholica
2987 485 3043 530 et
3084 478 3228 531 omni
3259 478 3415 536 laude

1839 561 1996 631 digna
2025 563 2342 621 invenimus.
2373 567 2438 621 Et
2461 568 2581 633 hoc,
2613 569 2754 637 quod
2783 569 2938 623 nobis
2962 569 3218 624 obediens
3237 569 3410 637 fuisti,

1838 661 1893 707 et
1938 656 2139 710 nostris
2181 657 2516 726 jussionibus
2570 659 2875 714 accelerare
2910 660 3148 724 curasti,
3180 661 3410 730 gratiam

1839 745 2066 814 agimus.
2102 746 2356 813 Quamvis
2392 749 2538 802 enim
2579 737 2725 802 tuani
2771 750 3114 803 sanctitatem
3155 750 3208 804 in
3255 751 3416 820 spiri«

1839 835 2070 891 tualibus
2091 845 2145 891 et
2170 837 2490 892 Christianis
2537 839 2796 894 doctrinis
2839 840 3118 894 sollicitam
3152 857 3272 895 esse
3305 856 3411 894 non

1840 925 2170 997 ignoramus,
2200 929 2375 982 adhuc
2410 936 2462 983 te
2515 944 2796 984 monemus
2832 938 2886 984 et
2915 931 3301 995 exhortamur,
3355 942 3414 986 nt

1838 1020 2011 1089 magis
2049 1034 2112 1074 ac
2149 1020 2320 1088 magis
2356 1019 2408 1072 in
2436 1018 2742 1074 Christiana
2786 1021 3029 1075 doctrina
3064 1030 3117 1075 et
3155 1023 3414 1090 praedica-

1839 1113 1983 1166 tione
2011 1118 2196 1165 sancta
2224 1125 2411 1164 omnes
2440 1111 2529 1178 qui
2557 1109 2656 1163 sub
2695 1119 2785 1164 tuo
2816 1111 3075 1180 regimine
3112 1112 3413 1167 consistunt

1837 1213 1889 1257 et
1919 1203 1987 1256 ad
2018 1212 2162 1256 tuam
2188 1202 2464 1257 dimcesim
2494 1202 2763 1271 pertinent
2788 1242 2804 1268 ,
2833 1203 3072 1258 imbuere
3097 1219 3204 1257 non
3231 1220 3415 1272 grave-

1839 1296 1932 1350 ris.
1961 1309 1985 1334 ιι
2025 1295 2101 1350 De
2130 1295 2395 1365 episcopis
2429 1292 2782 1365 snﬂ'ragancis
2811 1295 2876 1348 ad
2901 1295 3197 1349 Ecclesiam
3229 1295 3414 1350 'l‘refo—

1837 1403 1956 1442 rum
1985 1385 2093 1458 [Ita
2119 1403 2217 1439 ms.
2245 1383 2357 1438 loco
2385 1383 2750 1455 Trevirorum]
2778 1425 2791 1449 ,
2827 1386 2880 1438 in
2912 1401 3014 1453 qua
3050 1384 3276 1440 Domino
3314 1402 3412 1439 an-

1837 1483 2035 1529 nuente
2079 1483 2131 1529 te
2172 1473 2455 1542 praesulem
2509 1488 2628 1529 esse
2676 1474 2960 1541 volumus,
3019 1475 3159 1529 sicut
3187 1484 3416 1530 antcnus

1839 1565 1957 1636 [F.,
1987 1565 2264 1636 hactenus]
2288 1573 2526 1619 nostram
2547 1566 2940 1620 ordinationem
2963 1575 3016 1621 et
3039 1567 3417 1634 dipositionem

1841 1667 2001 1730 atque
2023 1657 2317 1726 jnssioncm
2353 1659 2710 1728 exspectasti,
2745 1659 2991 1714 volumus
3018 1701 3032 1725 ,
3064 1668 3124 1714 ut
3154 1660 3369 1716 interim
3396 1701 3412 1726 ,

153 1733 285 1822 ἕηιξε
313 1726 574 1822 Ρθείίῖςῖυε
600 1729 915 1800 ίπιβθτθιοτν
949 1735 1247 1792 Romanum
1277 1739 1583 1810 gubernans
1626 1743 1730 1796 im-
1764 1725 1809 1784 Β
1836 1751 1981 1820 quod
2009 1750 2076 1803 ad
2103 1758 2350 1804 nostrum
2376 1750 2597 1804 veniens
2619 1749 2878 1822 [veneris]
2926 1750 3246 1820 colloquium
3277 1793 3292 1816 ,
3343 1753 3414 1806 ita

149 1816 383 1882 perium,
403 1819 494 1887 qui
511 1829 567 1874 et
590 1836 688 1890 per
713 1825 1138 1884 misericordiam
1159 1831 1253 1884 Dei
1285 1847 1378 1886 rex
1402 1833 1734 1890 Francorum

143 1914 200 1960 et
219 1907 727 1979 Longobardorum,
758 1914 1032 1973 Amalario
1055 1922 1350 1976 venerabili
1382 1924 1654 1995 episcopo,
1679 1925 1734 1978 in

146 1995 383 2053 Domino
418 1999 670 2056 salutem.

215 2088 438 2160 Scripta
479 2094 637 2149 nobis
679 2103 772 2151 tua
821 2099 1104 2156 sanctitate
1139 2101 1368 2169 directa,
1414 2112 1567 2174 grata
1615 2121 1734 2160 sus-

146 2185 393 2254 cepimus
453 2188 708 2256 dextera;
759 2205 858 2260 pro
895 2207 1003 2262 quo
1051 2193 1147 2248 tibi
1197 2195 1379 2250 laudes
1427 2205 1482 2251 et
1527 2199 1730 2266 gratias

1833 1849 2135 1911 exspectes.
2161 1838 2382 1894 (laeteris
2411 1855 2540 1894 vero
2565 1839 2839 1907 gradibus,
2863 1840 2916 1894 id
2937 1849 3038 1903 est,
3059 1841 3413 1910 presbyteris,

1833 1931 2164 1994 diaconibus,
2185 1937 2240 1983 et
2255 1931 2400 1984 omni
2415 1930 2579 1995 clero,
2603 1929 2686 1985 vel
2706 1930 2850 2000 plebi
2873 1939 2975 1984 tum
2989 1931 3083 1984 tibi
3109 1931 3412 1984 commissae

1832 2019 1974 2074 inter
2023 2017 2209 2092 [intra]
2259 2028 2406 2073 tuam
2441 2021 2755 2088 parochiam
2795 2019 3254 2075 commorantibus
3292 2037 3413 2074 cum

1832 2110 1980 2164 omni
2015 2110 2296 2164 devotione
2335 2109 2631 2179 prmdicare
2679 2118 2735 2164 et
2779 2110 2973 2165 docere
2996 2110 3140 2163 viam
3170 2111 3414 2164 veritatis

1839 2200 2077 2254 studeas.
2106 2198 2250 2253 Bene
2274 2199 2392 2252 vale
2421 2206 2477 2253 et
2502 2214 2597 2254 ora
2623 2214 2723 2270 pro
2743 2200 2915 2255 nobis.

214 2322 416 2405 II.ijinc
441 2323 569 2405 jam_
599 2336 750 2397 patet
785 2329 1078 2405 clausulam
1106 2331 1258 2405 illam
1295 2333 1534 2405 epistolae
1561 2333 1876 2402 superioris,
1907 2348 2026 2400 quae
2053 2333 2242 2403 incipit
2273 2347 2289 2386 :
2322 2332 2559 2398 Dixistis,
2593 2333 2917 2389 serenissima
2945 2335 3246 2405 imperator,
3287 2347 3414 2387 vere

146 2393 215 2447 ad
249 2392 402 2448 illam
429 2392 706 2465 pertinere
729 2439 743 2465 ,
773 2399 837 2454 de
862 2417 970 2470 quo
992 2402 1273 2456 dubitabat
1298 2392 1565 2457 Canisius.

153 2521 3411 2577 ΞΜ

1033 2656 2516 2820 THEODORUS

1221 2881 1642 2939 ARCHIEPISC.
1683 2882 2238 2940 CANTUARIENSIS
2269 2895 2318 2937 α.

1402 3001 2156 3048 ψ

2168 3019 2202 3034 ο·

519 3111 1512 3271 THEODORI
1588 3097 3050 3273 PCENITENTIALE

140 3340 479 3423 Omnibus
515 3355 660 3423 qum
695 3337 962 3417 reperiri
999 3345 1344 3423 potuerunt
1381 3342 1669 3420 ejusdem
1723 3343 2020 3423 capitulis
2076 3343 2411 3423 adauctum
2446 3381 2464 3413 ,
2519 3354 2633 3418 per
2685 3351 2964 3423 canones
3003 3336 3299 3423 selectos”
3334 3353 3414 3398 ex

216 3414 688 3500 antiquissima
714 3414 1045 3500 canonum
1083 3414 1473 3484 Collectione
1531 3439 1653 3485 ms.
1721 3414 1840 3483 nec
1870 3439 2002 3484 non
2053 3438 2166 3500 per
2223 3418 2406 3500 plura
2459 3414 2793 3500 ei__varii_s
2858 3414 3408 3500 Pcenitentialibus

223 3492 548 3562 hactenus
583 3495 848 3586 ineditis
878 3506 1175 3586 excerpta
1208 3501 1571 3586 expositum
1604 3521 1622 3573 ;
1677 3501 1996 3586 praeclaris
2035 3492 2482 3561 ecclesiasticae
2537 3492 2892 3572 disciplina:
2949 3492 3410 3563 Monumentis,

221 3595 373 3657 qum
405 3595 488 3640 ex
522 3574 783 3655 Optimis
814 3574 1143 3638 codicibus
1175 3574 1328 3638 mss.
1363 3579 1596 3640 selecta
1630 3574 1806 3655 sunt,
1839 3579 2304 3643 conﬁrmatum.

141 3697 430 3764 hconus
489 3701 686 3761 Ρετιτ
724 3698 978 3778 primus
1025 3697 1092 3760 in
1131 3697 1322 3760 lucem
1353 3699 1586 3769 edidit;
1617 3721 1755 3762 cum
1780 3700 2082 3781 pluribus
2116 3696 2530 3781 conciliorum
2560 3692 2903 3756 canonibus
2933 3680 3202 3757 contulit
3229 3711 3251 3760 ,-
3281 3689 3412 3752 dis-

1218 3781 1662 3842 sertationibus
1694 3789 1749 3840 et
1776 3777 1946 3840 notis
1978 3777 2324 3839 illustravit

1013 3953 1609 4136 (Epistula
1693 3954 2503 4095 behicatoria.

1202 4265 1576 4311 CLARISSIMO
1621 4260 2124 4314 DOCTISSIMOQUE
2169 4259 2314 4307 VIBO
2345 4287 2362 4317 ,
2455 4291 2458 4294 -

1387 4362 1595 4402 οιΙΝιωί
1632 4359 2133 4400 BENEFICENTISSIIO
2150 4384 2166 4411 ,

409 4465 721 4513 VBTEBUM
761 4460 1044 4509 CODICUM
1079 4458 1664 4504 MANUSCRIPTOBUM
1701 4455 2089 4499 INDAGATORI
2136 4452 2576 4499 CURIOSISSIMO
2611 4453 2693 4497 ET
2730 4447 3170 4509 FELICISSIHO,

725 4542 1038 4588 ECCLESIE
1087 4539 1454 4583 GALLICANE
1508 4537 1684 4579 JUBIS
1727 4536 1843 4577 SEU
1887 4533 2254 4576 LIBERTATIS
2303 4530 2778 4578 ετυυιοδιδδιιίο
2811 4558 2829 4590 ,

972 4621 1328 4685 ANTONIO
1389 4619 1612 4681 VYON
1673 4617 1992 4678 DOMINO
2047 4617 2590 4678 D’HEROUVAL.

213 4755 465 4812 Tantum
495 4749 592 4805 tibi
619 4750 805 4814 debeo,
832 4747 918 4801 vir
936 4745 1256 4810 clarissime,
1281 4749 1543 4814 quantum
1565 4741 1873 4814 persolvere
1892 4751 2165 4814 nunquam
2197 4736 2419 4814 possim.
2446 4734 2640 4814 Sedea
2668 4741 2794 4814 sunt
2821 4731 3417 4814 beneﬂciantua‘tqua-

138 4829 216 4885 lia
228 4802 682 4881 —(;-li-rn—_iaudabat
701 4802 984 4872 Romanus
1006 4825 1211 4876 orator,
1243 4802 1313 4867 ut.
1331 4811 1549 4883 ingenui
1567 4802 1647 4866 ‘sit
1673 4811 1860 4875 animi,
1887 4809 1974 4864 cui
1995 4802 2220 4862 multum
2245 4807 2494 4871 debetur,
2516 4805 2693 4861 eidem
2716 4805 3010 4874 plurimum
3031 4802 3170 4859 velle
3197 4802 3416 4861 debere.

139 4897 373 4956 Certum
405 4905 624 4963 quoque
649 4889 778 4945 illud
801 4898 882 4943 est
911 4888 1055 4958 quod
1078 4887 1154 4940 ait
1182 4894 1340 4955 poeta
1368 4902 1380 4936 :

1109 4973 1398 5034 Neutiquam
1422 4971 1628 5020 oliicinm
1653 4969 1795 5020 liberi
1821 4969 2159 5034 essehominis
2181 4975 2314 5034 puto,

1119 5036 1236 5085 Cum
1262 5028 1303 5083 is
1329 5034 1445 5086 nihil
1474 5041 1774 5094 promereat,
1802 5030 2050 5093 postulare
2070 5029 2114 5078 id
2132 5030 2300 5090 gratia:
2317 5029 2495 5090 apponi
2515 5028 2630 5078 sibi.

139 5131 336 5200 Itaque
361 5142 505 5200 cum
535 5123 741 5200 abhinc_
763 5122 968 5200 aliquot
999 5117 1703 5200 annisnanimadverterem,
1737 5114 1820 5166 vir
1849 5112 2150 5200 clarissime
2166 5109 3413 5200 ,‘fpl‘erosgque‘librosnnostrornmutemgorum

139 5180 632 5271 praestantissimos
650 5180 870 5271 publica
897 5199 987 5244 tua
1012 5188 1368 5271 beneficentia
1391 5185 1661 5271 adornari,
1682 5199 1914 5271 cumun
1943 5184 2084 5271 sicut
2102 5181 2552 5271 lectionistitaet
2563 5180 3413 5271 liheralitatis‘es‘se‘m:panrtig$£§;

139 5243 1172 5338 ﬁé'EtiﬁiiﬁéngdiGérénomina
1196 5258 1499 5327 cupiebam.
1534 5243 1732 5310 Verum
1769 5243 1900 5323 quid
1935 5253 2002 5307 de
2040 5266 2160 5305 meo
2200 5243 2403 5304 referre
2429 5251 2684 5319 possem?
2713 5251 2936 5320 sequine
2960 5243 3264 5302 debuissem
3286 5243 3420 5299 iliud

138 5330 339 5414 poetae
355 5336 552 5394 comici
575 5330 906 5390 consilium?

220 5547 248 5574 ιι
285 5528 602 5584 Theodorus
630 5525 829 5582 szecnlo
848 5541 924 5580 vn
951 5523 1019 5578 ad
1046 5522 1207 5578 linem
1231 5530 1484 5584 vergente
1513 5519 1730 5574 floruit:

141 5620 259 5661 non
305 5603 490 5671 igitur,
517 5598 815 5671 secundum
849 5595 1106 5671 ordinem
1133 5590 1602 5671 chronologieum,
1648 5590 1737 5671 hic

141 5660 226 5731 illi
256 5660 415 5730 locus
438 5660 586 5726 suus.
615 5667 720 5724 Sed
744 5667 992 5739 ignoscat
1017 5663 1300 5733 indulgens
1326 5660 1527 5727 lector;
1563 5660 1739 5716 serius

1033 5398 1273 5458 Quoniam
1294 5398 1340 5447 id
1363 5397 1467 5447 ﬂeri
1489 5395 1619 5458 quod
1647 5395 1720 5444 vis
1743 5407 1838 5444 non
1860 5397 2042 5457 potest,
2067 5390 2190 5442 velis
2210 5391 2254 5439 id
2280 5392 2410 5454 quod
2434 5392 2602 5454 possis.

1843 5517 2015 5579 enim,
2067 5515 2194 5569 licet
2241 5514 2452 5570 anobis
2495 5510 2851 5584 undeqnaque
2894 5505 3006 5576 jam
3057 5501 3148 5584 diu
3190 5501 3422 5584 requisi-

1847 5597 1962 5652 tus,
1999 5573 2053 5640 in
2093 5601 2283 5642 manus
2324 5594 2539 5641 nostras
2581 5573 2725 5636 venit
2765 5573 2910 5631 liber
2941 5573 3111 5628 sancti
3152 5573 3422 5642 archiepio

1847 5658 2014 5726 scopi.
2056 5657 2212 5711 Eon.
