3928 6178
193 242 292 298 929

1529 247 1968 305 ΡίῈΝΙΤΕΝΤΙΛ
1979 251 2080 306 LE.

3323 262 3426 317 930

191 355 472 425 episcopus
511 354 671 412 debet
717 357 936 413 missam
982 373 1163 430 agere,
1191 365 1246 413 et
1285 373 1408 414 eum
1449 360 1764 415 benedicere
1792 363 1840 421 Α
1870 369 2019 418 turas
2050 381 2064 418 :
2105 372 2314 419 etcum
2338 364 2500 434 positi
2545 362 2743 420 fuerint
2771 366 2824 420 in
2863 367 3144 438 sepulcris,
3192 367 3433 428 funditur

193 444 450 498 inclinato
491 444 689 513 capite,
719 460 840 500 cum
862 447 1068 502 duobus
1092 447 1174 503 vel
1220 448 1391 503 tribus
1421 449 1649 502 testibus
1695 449 1760 504 de

192 532 451 611 fratribus
480 535 616 599 suis,
653 543 706 590 et
732 537 894 592 donet
932 537 981 592 ei
1007 537 1253 592 baculum
1280 546 1335 592 et
1357 539 1594 608 pedules.
1627 538 1762 592 San-

191 631 289 677 ctae
319 623 586 677 mouiales
609 638 738 678 vero
777 624 1027 679 basilicas
1057 625 1157 680 sibi
1201 627 1515 681 commissas
1553 641 1764 695 semper

192 713 385 772 debent
413 728 751 768 consecrare.
793 712 962 769 Grazci
986 715 1145 768 simul
1165 717 1487 771 benedicunt
1524 717 1759 780 viduam,

191 813 244 856 et
269 803 556 872 virginem,
585 813 640 856 et
666 809 951 872 utramque
970 802 1186 875 semper
1204 806 1402 861 habent
1425 820 1758 861 consecrare.

193 891 453 946 Abbatem
485 891 710 962 eligunt.
751 891 979 946 Romani
1008 908 1114 946 non
1141 894 1320 948 velant
1344 895 1581 948 viduam.
1611 906 1636 934 α
1667 893 1764 948 Se-

190 981 426 1038 cundum
480 980 698 1036 Gnaeos
756 981 1071 1052 presbytero
1126 983 1252 1037 licet
1300 984 1564 1054 virginem
1609 998 1763 1038 sacro

182 1071 457 1126 velamine
475 1087 812 1138 consecrare,
836 1081 890 1126 et
912 1075 1260 1130 reconciliare
1298 1077 1666 1145 paenitentem,
1709 1083 1764 1128 et

189 1163 370 1218 facere
398 1163 573 1218 oleum
622 1165 982 1219 exorcizatum
1009 1205 1023 1230 ,
1073 1177 1127 1220 et
1163 1166 1388 1220 inﬁrmis
1431 1167 1688 1232 chrisma,
1717 1169 1763 1222 si

188 1270 412 1310 necesse
436 1263 538 1309 est.
564 1253 866 1310 Secundum
903 1256 1176 1312 Romanos
1200 1271 1305 1312 non
1334 1257 1478 1322 licet,
1513 1258 1615 1312 nisi
1653 1259 1763 1327 epi-

189 1361 357 1415 scopo
381 1345 502 1400 soli.

803 1433 1030 1490 CAPUT
1057 1435 1145 1491 IV.

546 1523 622 1577 De
651 1523 972 1594 baptismatis
998 1525 1410 1592 conﬁrmatione.

258 1617 318 1669 lu
348 1616 668 1685 baptismate
705 1615 1042 1668 dimittuntur
1066 1631 1170 1669 non
1210 1615 1613 1684 conjunctiones
1642 1631 1762 1670 mu-

1859 469 1956 523 pro
1999 456 2079 510 eis
2122 457 2312 510 oratio.
2346 455 2584 525 Denique
2612 457 2777 509 humo
2801 456 2886 510 vel
2913 465 3062 526 petra
3091 460 3428 528 operiuntur.

1861 545 2042 600 Prima
2063 554 2118 601 et
2144 547 2301 602 tertia
2328 554 2383 600 et
2422 563 2578 622 nona,
2610 563 2710 602 nec
2749 564 2854 602 non
2886 549 3160 619 trigesima
3211 547 3298 607 die
3332 567 3433 621 pro

1860 636 1940 690 eis
1968 637 2131 692 missa
2151 645 2359 708 agatur.
2409 637 2616 692 Exinde
2640 647 2760 706 post
2788 654 3006 705 annum,
3061 640 3104 694 si
3143 636 3425 706 voluerint,

1861 735 2122 781 servetur.
2152 726 2164 777 ἱ
2210 727 2383 782 Missa:
2416 743 2545 781 vero
2575 729 2910 782 szecularium
2939 739 3270 786 mortuorum
3319 741 3429 788 tres

1860 815 1915 868 in
1946 829 2106 880 anno,
2143 817 2301 869 tertia
2335 816 2444 880 die,
2467 825 2522 870 et
2549 831 2707 881 nona,
2744 825 2798 870 et
2826 818 3129 887 trigesima;
3168 821 3291 888 quia
3313 837 3430 874 sur-

1864 904 2004 958 rexit
2048 903 2307 958 Dominus
2365 905 2522 958 tertia
2567 905 2672 968 die,
2709 914 2762 959 et
2807 923 2947 960 nona
2995 909 3128 961 hora
3181 911 3427 978 spiritum

1861 995 2062 1058 emisit,
2091 1001 2146 1047 et
2191 994 2408 1063 triginta
2454 994 2645 1049 diebus
2690 994 2926 1066 Moysem
2970 996 3292 1064 planxerunt
3332 999 3427 1052 ﬁlii

1861 1082 2046 1136 Israel.
2082 1079 2139 1136 lu
2177 1081 2340 1135 missa
2381 1097 2594 1150 quoque
2636 1084 3020 1138 monachorum
3049 1099 3147 1152 per
3195 1086 3430 1158 singulas

1861 1175 2188 1244 septimanas
2226 1175 2444 1229 nomina
2484 1175 2712 1228 recitare
2747 1190 2864 1229 mos
2889 1185 2989 1230 est.
3039 1177 3144 1231 Pro
3181 1176 3430 1231 defuncto

1862 1267 2128 1321 monacho
2156 1266 2320 1320 missa
2350 1275 2541 1335 agatur
2583 1266 2666 1319 die
2695 1267 2982 1335 sepultura:
3009 1268 3144 1338 ejus,
3192 1276 3246 1321 et
3272 1268 3431 1322 tertia

1863 1357 1998 1413 die:
2042 1363 2248 1424 postea,
2301 1364 2558 1424 quantum
2607 1357 2840 1410 voluerit
2882 1359 3046 1412 abbas
3091 1376 3103 1410 :
3141 1375 3240 1428 pro
3295 1359 3432 1415 laico

1863 1448 2002 1501 bono
2029 1447 2186 1501 tertia
2210 1447 2295 1502 die
2313 1448 2396 1501 vel
2413 1449 2667 1516 septima;
2695 1447 2800 1518 [AL
2828 1449 2976 1512 add.,
3003 1459 3121 1518 post
3139 1451 3428 1520 jejunium:

1863 1550 1960 1603 pro
1981 1535 2271 1603 ptenitente
2291 1536 2560 1606 trigesima
2578 1535 2686 1607 die]
2714 1544 2767 1590 et
2787 1537 3114 1606 propinquos
3138 1538 3252 1606 cjus
3277 1556 3434 1609 opor-

1869 1632 1941 1678 tet
1957 1624 2204 1695 jejunare
2230 1634 2435 1694 septem
2481 1626 2691 1690 diebus,
2718 1634 2772 1681 et
2799 1628 3121 1684 oblationem
3151 1629 3345 1686 offerre
3371 1635 3436 1687 ad

188 1709 410 1771 lierum,
439 1708 564 1776 quia
596 1708 688 1761 ﬁlii
714 1708 802 1777 qui
844 1716 965 1760 ante
991 1708 1338 1776 baptismum,
1373 1708 1451 1763 sic
1498 1716 1553 1762 et
1585 1716 1765 1778 peste-
1795 1690 1842 1747 Β
1868 1690 2056 1780 altare,
2086 1717 2226 1770 sicut
2261 1690 2313 1770 in
2338 1715 2464 1770 Jesu
2493 1715 2586 1769 ﬁlii
2615 1715 2805 1771 Sirach
2837 1719 3032 1789 legitur
3069 1738 3081 1773 ε
3111 1729 3159 1776 et
3187 1739 3281 1791 pro
3305 1721 3439 1777 Saul

187 1800 398 1853 riorum
441 1797 593 1852 ﬁunt.
648 1797 703 1854 Si
749 1813 877 1852 vero
925 1814 1031 1853 non
1068 1807 1288 1868 putatur
1310 1815 1428 1854 esse
1468 1816 1603 1854 uxor
1655 1799 1760 1871 [AL

188 1891 321 1945 add.
346 1890 520 1962 ergo],
553 1906 651 1946 nec
678 1890 770 1944 ﬁlii
792 1899 915 1946 ante
937 1891 1176 1962 generati
1203 1907 1300 1961 pro
1331 1891 1454 1947 filiis
1478 1892 1762 1957 habentur,

187 1997 292 2036 nec
325 1983 464 2037 inter
486 1998 543 2036 se
566 1982 761 2038 fratres
787 1999 998 2047 vocare,
1029 1983 1113 2038 vel
1139 1983 1465 2039 haareditatis
1491 1989 1767 2040 consortes

187 2072 312 2125 fieri
341 2078 585 2140 possunt.
623 2070 682 2125 Si
723 2070 842 2140 quis
871 2070 1082 2142 gentilis
1110 2071 1505 2142 eleemosynam
1555 2071 1764 2138 fecerit,

189 2161 306 2232 [AL
331 2161 455 2213 add.
479 2169 534 2213 et
554 2159 932 2215 abstinentiam
960 2159 1204 2224 haberet,
1227 2157 1357 2230 ete.]
1386 2167 1441 2213 et
1468 2158 1570 2212 alia
1605 2158 1766 2224 bona,
1823 2164 1834 2173 ‘

189 2266 318 2320 quae
346 2265 666 2304 enumerare
695 2263 798 2302 non
840 2263 1146 2318 possumus,
1191 2249 1429 2317 nunquid
1457 2263 1520 2304 ea
1566 2248 1620 2302 in
1668 2249 1768 2303 ba-

187 2342 396 2410 ptismo
446 2339 710 2408 perdidit?
735 2338 851 2393 Non
904 2339 1104 2394 bonum
1155 2337 1371 2408 aliquod
1423 2339 1618 2408 perdit,
1673 2339 1769 2394 sed

189 2429 394 2484 malum
424 2428 610 2481 abluit.
657 2427 769 2482 Hoc
810 2427 838 2467 b
874 2426 1214 2482 Innocentius
1257 2443 1392 2496 papa
1422 2428 1488 2483 de
1520 2429 1770 2483 catechu-

192 2532 356 2571 mcno
402 2525 547 2586 gesta
577 2531 674 2585 pro
701 2515 942 2584 exemplo
988 2530 1194 2585 ponens
1240 2514 1540 2570 afﬁrmavit.
1571 2526 1595 2555 ο
1636 2516 1772 2572 Gre-

191 2610 381 2681 gorius
409 2608 779 2663 Nazianzenus
807 2607 933 2663 dicit
957 2607 1254 2662 secundum
1280 2607 1606 2677 baptismum
1651 2623 1771 2664 esse

189 2707 580 2776 lacrymarum.
618 2704 830 2758 Nullum
873 2703 1168 2773 perfectum
1191 2703 1462 2759 credimus
1495 2704 1550 2758 in
1596 2703 1772 2774 bapti-

196 2817 338 2856 smo.
401 2799 874 2854 Conﬁrmationem
938 2797 1175 2868 episcopi
1238 2813 1346 2852 non
1399 2797 1767 2867 disputamus;

192 2892 216 2930 δ
243 2899 424 2945 tamen
451 2889 505 2942 in
531 2888 744 2942 Nicaena
776 2887 976 2958 synodo
1006 2887 1108 2942 fuit
1133 2887 1366 2942 chrisma
1395 2885 1770 2942 constitutum.

196 2993 219 3021 ο
247 2981 467 3035 Pannos
497 2979 816 3033 chrismatos
845 2978 1038 3048 iterum
1059 2991 1218 3047 super
1251 2975 1414 3031 alium
1440 2975 1770 3045 baptizatum

194 3072 400 3142 imponi
429 3086 535 3128 non
561 3077 640 3124 est
669 3069 976 3128 absurdum.
1015 3067 1033 3106 ί
1066 3067 1124 3121 1η
1165 3066 1562 3124 catechumenze
1597 3074 1652 3121 et
1679 3068 1775 3121 ba-

194 3162 452 3231 ptismate
490 3169 544 3212 et
567 3158 969 3213 conﬁrmatione
999 3173 1136 3212 unus
1159 3164 1340 3226 potest
1365 3171 1484 3212 esse
1527 3165 1703 3225 pater,
1733 3154 1780 3210 si

194 3261 419 3307 necesse
445 3251 517 3306 sit
547 3268 560 3302 :
592 3266 700 3304 non
723 3258 806 3303 est
833 3257 1010 3303 tamen
1049 3250 1400 3304 consuetudo.
1439 3246 1542 3302 Per
1571 3246 1783 3317 singula

197 3342 398 3412 singuli
442 3341 763 3409 suscipiunt.
799 3341 822 3379 ε
856 3339 970 3394 Non
1000 3339 1123 3394 licet
1171 3339 1333 3394 alium
1363 3339 1655 3409 suscipere,
1687 3339 1778 3408 qui

197 3449 305 3486 non
333 3439 415 3485 es'
449 3430 774 3499 baptizatus.
802 3428 932 3483 Viro
953 3437 1134 3483 autem
1158 3425 1286 3483 licet
1309 3427 1562 3482 feminam
1605 3429 1778 3484 susci-

197 3544 327 3598 pere
355 3529 410 3581 in
459 3527 747 3595 baptismo,
795 3525 1042 3580 similiter
1067 3531 1122 3578 et
1150 3522 1364 3578 feminae
1387 3523 1561 3576 virum
1610 3522 1780 3578 susci-

195 3633 348 3687 pere.
373 3619 400 3657 h
442 3615 558 3670 Non
582 3617 707 3670 licet
735 3614 1019 3684 baptizatis
1046 3627 1168 3668 cum
1200 3612 1600 3668 catechumenis
1619 3627 1786 3666 man--

195 3709 403 3763 ducare
446 3705 557 3779 [ΑΙ.
597 3707 748 3773 add.,
792 3721 964 3776 neque
992 3703 1233 3761 osculum
1258 3704 1337 3759 eis
1365 3702 1538 3774 dare],
1578 3712 1778 3774 quanto

198 3799 379 3869 magis
398 3799 710 3870 gentilibus.

827 3884 1066 3941 CAPUT.
1087 3883 1154 3941 ν.

433 3976 517 4041 ρε
539 3976 694 4031 missa
722 3975 1084 4044 defunctorum
1121 3983 1168 4029 et
1198 3983 1543 4028 mortuorum.

275 4071 292 4110 ί
329 4066 644 4122 Secundum
687 4067 980 4123 Romanam
1008 4065 1299 4121 Ecclesiam
1342 4081 1458 4120 mos
1483 4074 1566 4120 est
1596 4081 1779 4121 mona-

199 4161 335 4216 chos
359 4160 444 4213 vel
468 4159 745 4230 religiosos
771 4157 1048 4212 defunctos
1074 4157 1126 4210 in
1153 4155 1432 4211 ecclesiam
1463 4164 1701 4226 portare,
1723 4166 1779 4212 et

197 4269 324 4308 cum
351 4252 643 4307 chrismate
667 4265 864 4320 ungere
890 4256 1126 4319 pectora,
1154 4247 1333 4315 ibique
1359 4263 1456 4316 pro
1481 4247 1560 4302 eis
1582 4248 1778 4304 missas

1865 1807 1965 1876 filii
2005 1806 2176 1861 Israel
2217 1807 2608 1876 jejunaverunt,
2638 1815 2842 1876 postea,
2897 1811 3130 1877 quandiu
3172 1811 3442 1866 voluerint

1864 1900 2183 1970 presbyteri.
2218 1901 2242 1938 ιι
2273 1899 2422 1954 Multi
2451 1900 2640 1954 dicunt
2671 1915 2779 1954 non
2807 1899 2970 1955 licere
3016 1917 3113 1971 pro
3145 1901 3441 1957 infantibus

1865 1990 2062 2045 missas
2086 1989 2262 2045 facere
2287 1997 2412 2046 ante
2439 1999 2643 2059 septem
2671 2006 2858 2046 annos.
2899 1991 3004 2045 Sed
3030 1992 3154 2046 licet
3188 1991 3204 2029 ι
3244 1992 3442 2063 Diony-

1867 2082 1979 2137 sius
2006 2079 2326 2151 Areopagita
2364 2079 2508 2134 dicat
2533 2079 2920 2148 blasphemiam
2971 2081 3080 2134 Deo
3123 2079 3318 2146 facere,
3349 2081 3440 2149 qui

1868 2169 2058 2224 missas
2077 2167 2234 2224 otl‘ert
2262 2183 2359 2238 pro
2383 2167 2530 2224 malo
2557 2169 2772 2224 homine
2798 2188 2809 2222 :
2845 2182 2884 2208 ιιι
2902 2170 3232 2239 Augustinus
3262 2180 3438 2225 tamen

1868 2259 2000 2315 dicit
2027 2277 2123 2330 pro
2152 2261 2398 2316 omnibus
2436 2261 2760 2317 Christianis
2807 2261 2908 2316 hoc
2951 2275 3071 2316 esse
3110 2261 3437 2324 faciendum,

1869 2352 1994 2422 quia
2020 2354 2123 2407 hoc
2143 2351 2225 2406 vel
2251 2351 2330 2406 eis
2374 2351 2585 2421 proﬁcit
2630 2358 2721 2405 aut
2744 2350 3107 2425 offerentibus,
3139 2360 3230 2404 aut
3258 2361 3443 2420 peten-

1874 2444 2032 2499 tibus.
2065 2444 2132 2497 Et
2157 2458 2264 2497 non
2291 2451 2375 2496 est
2402 2443 2606 2498 licitum
2648 2441 2841 2496 missas
2869 2441 3144 2496 celebrare
3167 2443 3445 2512 presbyte-

1873 2547 1950 2597 ro,
1981 2532 2065 2586 vel
2091 2531 2336 2595 diacono,
2373 2531 2459 2586 cui
2484 2547 2590 2586 non
2613 2531 2760 2596 licet,
2798 2530 2879 2584 vel
2901 2531 2994 2600 qui
3023 2545 3130 2584 non
3151 2531 3264 2584 vult
3299 2546 3445 2586 com—

1872 2623 2183 2677 munionem
2211 2621 2475 2692 accipere.
3174 2623 3183 2632 ‘

2479 2751 2705 2808 CAPUT
2749 2751 2834 2807 Vl.

2021 2865 2099 2920 De
2120 2864 2420 2932 abbatibus,
2452 2874 2500 2919 et
2523 2865 2812 2929 monachis,
2842 2863 2922 2918 vel
2950 2865 3292 2919 monasteriis.

1945 2974 2167 3030 ltAbbas
2179 2984 2354 3046 potest
2372 2990 2470 3045 pro
2495 2974 2797 3028 humilitate
2820 2989 2942 3028 cum
2961 2975 3314 3043 permissione
3339 2975 3450 3044 cpi-

1878 3065 2028 3135 scopi
2088 3064 2267 3121 locum
2330 3080 2486 3120 suum
2548 3064 2953 3134 derelinquere;
3021 3073 3200 3121 tamen
3251 3065 3452 3122 fratres

1878 3155 2078 3225 eligant
2106 3155 2208 3210 sibi
2235 3155 2483 3210 abbatem
2513 3155 2578 3208 de
2604 3153 2754 3222 ipsis,
2786 3154 2831 3208 si
2869 3153 3103 3218 habent;
3138 3155 3220 3208 sin
3249 3163 3447 3221 autem,

1879 3247 1946 3302 de
1969 3246 2262 3301 extraneis.
2297 3253 2322 3280 ο
2351 3245 2461 3300 Nee
2484 3245 2766 3314 episcOpns
2788 3244 2944 3298 debet
2972 3244 3228 3298 violenter
3254 3245 3452 3299 retine-

1877 3351 1939 3392 re
1963 3336 2211 3391 abbatem
2243 3336 2298 3389 in
2326 3335 2443 3390 loco
2480 3349 2598 3388 suo.
2636 3333 2992 3404 Congregatio
3030 3334 3186 3388 debet
3213 3334 3315 3388 sibi
3355 3335 3452 3389 eli-

1877 3442 2003 3498 gere
2025 3427 2275 3482 abbatem
2314 3433 2436 3495 post
2459 3423 2573 3493 ejus
2598 3431 2848 3490 mortem,
2892 3433 2987 3478 aut
3036 3439 3100 3478 eo
3132 3423 3365 3490 vivente,
3406 3425 3453 3478 si

1884 3517 2196 3573 discesserit
2224 3515 2306 3571 vel
2351 3513 2674 3584 peccaverit.
2719 3512 2837 3582 lpse
2865 3528 2971 3567 non
2999 3520 3178 3581 potest
3221 3511 3453 3580 aliquem

1881 3608 2138 3665 ordinare
2159 3607 2226 3660 de
2253 3605 2365 3660 suis
2393 3602 2724 3674 propinquis,
2751 3617 2923 3672 neque
2943 3601 3153 3667 alienis,
3173 3616 3270 3656 nec
3289 3601 3453 3655 alium

1876 3701 2125 3756 abbatem
2148 3700 2276 3754 dare
2305 3698 2420 3753 sine
2443 3695 2718 3751 voluntate
2747 3693 2996 3748 fratrum.
3030 3704 3056 3744 ι)
3089 3691 3147 3747 Si
3175 3707 3303 3748 vero
3329 3708 3456 3762 pec-

1876 3789 2078 3846 caverit
2103 3788 2288 3852 abbas,
2326 3787 2577 3857 episcopo
2621 3801 2726 3840 non
2757 3785 2884 3840 licet
2933 3784 3121 3840 tollere
3166 3786 3459 3854 possessio-

1877 3894 2000 3936 nem
2048 3877 2386 3942 monasterii,
2441 3878 2688 3947 quamvis
2743 3875 3051 3945 peccaverit
3094 3876 3264 3931 abbas
3302 3894 3315 3928 :
3361 3875 3456 3930 sed

1876 3971 2056 4025 mittat
2080 3985 2202 4025 eum
2230 3970 2284 4023 in
2327 3967 2474 4023 aliud
2510 3967 2895 4023 monasterium
2942 3966 2996 4019 in
3023 3973 3287 4035 potestate
3328 3965 3462 4019 alte-

1876 4063 1991 4119 rius
2025 4062 2255 4119 abbatis.
2285 4061 2402 4116 Non
2439 4061 2566 4116 licet
2608 4060 2808 4123 abbati,
2839 4073 3020 4127 neque
3055 4058 3306 4126 episcopo
3348 4064 3458 4110 ter—

1878 4173 1992 4214 ram
2041 4157 2286 4212 ecclesiae
2311 4162 2626 4210 convertere
2669 4154 2738 4208 ad
2780 4152 2965 4216 aliam,
3013 4149 3260 4219 quamvis
3288 4147 3460 4202 amba:

1879 4248 1934 4302 in
1958 4257 2223 4319 potestate
2254 4248 2371 4317 ejus
2395 4247 2524 4300 sint.
2551 4256 2578 4294 ει
2603 4244 2659 4298 Si
2688 4251 2897 4297 mutare
2919 4241 3036 4295 vult
3059 4248 3257 4292 terram
3287 4236 3461 4291 eccle-

199 4346 511 4409 celebrare;
556 4344 745 4398 deinde
770 4358 893 4399 cum
933 4342 1237 4398 cantatione
1267 4350 1483 4412 portare
1509 4343 1576 4396 ad
1603 4341 1778 4410 sepulé
1808 4367 1859 4429 ο
1883 4344 1996 4409 size,
2028 4343 2191 4398 faciat
2211 4357 2333 4396 eum
2367 4339 2592 4395 consilio
2613 4336 2864 4407 episcopi,
2896 4343 2953 4389 et
2991 4333 3219 4388 fratrum
3239 4344 3458 4385 suorum

273 4547 304 4574 ιι
338 4531 546 4586 Theod.
574 4530 732 4599 capit.
761 4527 850 4592 20,
882 4536 922 4581 t.
948 4515 1311 4599 IX‘Sptcileg.

271 4605 306 4642 δ
333 4603 609 4656 ιηηορριιι.
639 4591 780 4669 papa
811 4591 844 4653 l'
875 4599 927 4669 in
964 4591 1201 4669 epist—.3,
1245 4591 1364 4661 cap.
1393 4591 1468 4669 ti;
1521 4593 1680 4663 epist.
1723 4592 1777 4658 4,

275 4616 306 4642 ³)
337 4616 609 4682 Innocent.
635 4616 780 4723 sapa
811 4616 831 4653 ι
875 4616 1201 4718 ιηοεριδιὲέ,
1245 4616 1433 4716 θυμὲ)

197 4667 1076 4812 °“£"3:.§?'§;..i:.°3.?.3si?
1190 4679 1356 4730 ’⁰³¹”
1426 4699 1441 4714 ·

271 4813 302 4853 d
335 4808 539 4884 Theod.
563 4825 690 4884 cap.
721 4808 774 4862 4·
874 4875 932 4884 Α,
1213 4871 1225 4884 .

281 4895 309 4921 ο
338 4881 534 4935 Burch.
563 4879 598 4932 l.
624 4868 697 4940 t'v,
722 4892 839 4945 cap.
871 4875 960 4941 94,
983 4892 1049 4930 ex
1075 4871 1269 4945 concil.
1300 4868 1538 4945 Beluae,
1569 4884 1618 4923 c.
1647 4869 1700 4922 8.

283 4951 305 4990 ΐ
339 4949 536 5004 Burch.
571 4949 606 5000 l.
656 4939 730 5011 1v,
775 4939 824 5000 (Ξ.
852 4939 1036 5009 26,ex
1077 4939 1565 5011 concil..\logunt.,
1613 4955 1662 4992 c.
1703 4939 1780 5011 ξς

201 5024 297 5077 lvo
331 5037 383 5090 p.
415 5035 454 5082 ι,
478 5035 527 5072 c.
567 5009 1070 5095 218,.'ex_de.eretis
1092 5010 1287 5095 llxgini
1318 5023 1492 5080 papze,
1519 5025 1639 5078 cap.
1694 5009 1780 5075 10,

199 5095 272 5146 de
303 5085 630 5152 eimsecrat.,
658 5087 780 5141 dist.
806 5085 857 5146 4,
891 5085 946 5137 in
977 5085 1306 5138 catechismo.

285 5163 313 5200 ε
342 5159 540 5213 Burch.
585 5147 626 5210 ιζ
656 5173 731 5219 tv,
777 5171 826 5208 c.
857 5153 951 5218 26,
993 5167 1059 5207 ex
1107 5167 1258 5207 conc.
1309 5147 1571 5219 lingunt,
1601 5163 1669 5219 Ac.
1712 5147 1785 5212 2;

203 5229 306 5285 lvo
331 5245 386 5298 p.
413 5244 453 5293 ι,
504 5243 554 5282 c.
595 5217 725 5289 220,»
763 5225 829 5280 de
866 5217 1203 5287 C0nsecrat.,
1231 5219 1356 5274 dist.
1384 5217 1438 5282 4,
1489 5233 1539 5272 c.
1591 5217 1645 5272 in
1697 5219 1789 5271 ba-

200 5311 551 5445 ?ugml‘oheod.
582 5381 699 5445 cap.
733 5363 891 5445 $6,}.
927 5361 996 5414 ιχ
1035 5355 1322 5445 Spicilcg.;
1355 5356 1415 5411 C.
1445 5355 1514 5412 M.
1557 5355 1785 5426 Capitul.

205 5440 247 5495 l.
283 5455 360 5498 vr.
389 5452 437 5490 c.
464 5436 564 5501 92;
596 5433 791 5489 Burch.
826 5433 860 5486 ι.
891 5447 1043 5501 me:
1072 5433 1160 5501 95.

296 5523 312 5550 ι
349 5497 696 5578 Theod.-cap.
721 5503 812 5578 9Q,
839 5511 878 5557 t.
917 5497 1262 5578 lli-Spicilcg.

288 5587 307 5628 ³
345 5576 484 5650 Ear-
511 5576 582 5650 19
607 5566 834 5650 Thes}.
874 5566 1292 5650 ιεὲκηερίείιεε·

291 5651 316 5689 ι
342 5637 544 5702 Theod.
571 5660 687 5715 cap.
723 5644 809 5708 G9,
841 5651 876 5696 t.
900 5639 968 5694 ιχ
994 5637 1246 5710 Spicileg.

2283 4557 2297 4572 .
2329 4515 2536 4572 Eccles.
2563 4529 2683 4580 cap.
2710 4514 2770 4579 7;
2799 4512 3002 4569 Theod.
3034 4526 3153 4580 cap.
3185 4509 3274 4580 56,
3303 4516 3343 4580 t.
3387 4507 3459 4563 ΙΧ

1888 4588 2176 4660 δῃίοἰιθες
2209 4604 2351 4658 resp.
2378 4586 2593 4660 ἦρι-είς.
2631 4578 2715 4648 lll,
2758 4578 2842 4654 ep.
2900 4581 3048 4660 l,__ad
3092 4578 3456 4660 BonifaciI-ttp;

1887 4648 2172 4715 Burchfl."
2198 4675 2278 4720 ιιι,
2303 4648 2370 4711 ’ρ.
2397 4655 2496 4720 65;
2525 4648 2616 4708 lvo
2657 4669 2711 4724 p.
2745 4648 2826 4718 ni,
2855 4669 2904 4709 c.
2937 4652 3021 4716 67,
3054 4667 3121 4707 ex
3150 4649 3310 4705 dictis
3339 4648 3461 4703 Dio-

1886 4729 2558 4874 ῃγὲιὸῗῐῖἳιιὲῗεὲἓὲίιίνίὀ.
2588 4809 2725 4874 (ξηιλ,
2747 4793 2850 4874 ιον,
2875 4801 2932 4874 et.
2959 4791 3164 4874 “b.'..de
3203 4804 3330 4845 cum
3364 4803 3464 4874 Pio

1884 4869 2115 4940 mortuis
2161 4858 2415 4940 gerenda,
2448 4880 2566 4940 cap.
2699 4862 3003 4940 Amalarius
3033 4861 3126 4916 lib.
3160 4877 3237 4925 IV,
3282 4858 3462 4940 9‘4};

1883 4939 1950 4991 de
2012 4927 2416 4993 consevcratione
2470 4927 2596 4989 dist.
2643 4934 2703 5000 1,
2741 4934 2930 4998 visum,
2989 4947 3056 4986 ex
3103 4945 3257 4986 conc.
3308 4927 3467 4983 Cabi-

1885 5008 1994 5061 lon.
2034 5023 2094 5070 u,
2140 5022 2186 5060 c.
2217 5005 2307 5060 '59.

1963 5088 1991 5114 ιλ
2023 5065 2217 5130 Burch.
2249 5075 2285 5128 l.
2312 5089 2435 5137 vm,
2457 5087 2508 5128 c.
2541 5071 2628 5132 86,
2651 5087 2717 5125 ex
2752 5087 2904 5126 conc.
2937 5069 3201 5140 Mogunt.,
3229 5081 3347 5140 cap.
3373 5065 3462 5117 18.

1972 5153 1993 5180 τ
2023 5145 2225 5199 Theod.
2265 5159 2382 5213 cap.
2414 5142 2502 5207 46,
2545 5151 2584 5196 ι.
2630 5141 2701 5196 ΙΧ
2731 5141 2981 5212 Spicileg.
3011 5137 3076 5195 ν.
3127 5137 3319 5192 Ρωηὶι.
3343 5147 3465 5186 cum

1894 5231 2012 5286 cap.
2044 5216 2317 5270 collatum.

1967 5296 1994 5334 ρ
2029 5285 2091 5337 ν.
2121 5283 2281 5352 epist.
2333 5279 2631 5352 Agathonis
2657 5295 2749 5350 pp.
2793 5283 2865 5352 ad
2886 5275 3230 5352 Ethelredum
3283 5282 3466 5352 regem

1895 5338 2228 5434 Μεεςίρτιίημ.
2262 5360 2317 5405 οι
2358 5338 2711 5434 Ῑῖιείξάοῑυῆί
2749 5348 2905 5434 κετίὶιι·
2925 5345 3110 5434 .939;
3127 5340 3326 5434 TP.":‘S‘-
3357 5338 3464 5434 εἶ’

1895 5432 1934 5477 t.
1959 5407 2038 5477 71X
2068 5421 2329 5492 Spicileg;
2358 5421 2555 5475 Burch.
2594 5420 2630 5473 Ι.
2661 5433 2784 5483 vm,
2829 5431 2879 5479 c,
2923 5407 3110 5477 87,'ex
3157 5425 3308 5466 conc.
3357 5407 3473 5463 Mo-

1891 5491 2375 5628 gui‘iigétiioéap.
2404 5557 2493 5612 48.
2523 5557 2587 5628 y.
2620 5553 2810 5628 Poenit.
2842 5565 2962 5605 cum
2987 5564 3141 5628 capp.
3173 5547 3378 5604 Theod.
3411 5545 3470 5601 in

1895 5630 2081 5703 Spicil.
2113 5632 2197 5685 ed.
2226 5618 2496 5684 collatum.
2523 5624 2718 5678 Burch.
2741 5622 2778 5675 Ι.
2804 5637 2882 5683 Ill,
2913 5635 2960 5673 ρ.
2990 5618 3080 5674 9.8.
