3928 6178
245 249 347 307 935

1576 232 2133 295 PtENiTENTlALE.

3386 247 3493 305 955

238 352 539 416 masculum
564 364 621 412 et
643 353 901 413 feminam
926 350 1193 430 genuerit.
1247 348 1454 409 Mulieri
1483 357 1700 422 quoque
1746 349 1810 404 ll-
1835 353 1882 410 Δ
1914 347 2031 421 16).
2073 346 2091 387 ι
2127 347 2184 404 Si
2206 347 2333 418 quis
2361 347 2627 406 dimiserit
2652 346 2908 423 gentilem
2936 365 3161 409 uxorem
3202 362 3326 424 post
3358 357 3495 430 bap.

235 457 326 505 cet
349 463 451 518 per
473 447 656 502 omnia
684 450 809 500 ante
831 443 1251 507 communicare,
1282 440 1498 510 quando
1537 439 1701 494 debet
1719 452 1813 509 pa-

234 555 380 596 rere.
406 550 432 580 ι
471 536 531 593 Si
567 537 722 609 cujus
744 551 882 590 uxor
900 533 1162 589 fornicata
1188 531 1370 597 Merit,
1393 531 1520 586 licet
1538 530 1815 586 dimittere

234 644 359 684 eam
378 634 434 681 et
463 625 626 681 aliam
655 625 932 695 accipere;
966 624 1066 678 hoc
1093 630 1196 691 est,
1226 622 1271 677 si
1300 620 1657 676 virdimiserit
1677 632 1811 675 uxo-

234 735 351 774 rem
377 732 530 772 suam
552 725 771 786 propter
786 713 1218 778 fornicationem,
1233 712 1277 766 si
1291 711 1464 782 prima
1476 709 1641 765 fuerit
1650 723 1806 775 uxor,

228 810 439 865 licitum
460 816 545 863 est
579 815 638 861 ut
662 804 821 860 aliam
850 804 1081 873 accipiat
1100 818 1322 858 uxorem
1348 821 1361 856 :
1391 802 1481 857 illa
1503 815 1634 857 vero
1661 801 1706 856 si
1720 815 1810 855 vo-

229 900 395 955 luerit
417 899 682 970 poenitere
706 898 801 951 Sua
833 901 1055 965 peccata
1080 901 1203 963 post
1227 892 1363 948 duos
1400 906 1591 957 annos,
1645 890 1809 945 alium

226 992 465 1062 accipiat
485 990 685 1044 virum.
722 988 751 1028 ιι
778 984 985 1040 Mulieri
1015 998 1123 1040 non
1146 983 1276 1038 licet
1313 983 1492 1037 virum
1513 981 1805 1046 dimittere,

225 1081 357 1135 licet
377 1080 446 1134 sit
472 1077 770 1133 fornicator
791 1073 899 1147 [ΑΙ.
929 1074 1054 1128 add.
1108 1073 1211 1128 nisi
1239 1071 1380 1127 forte
1398 1086 1496 1142 pro
1534 1078 1809 1126 monaste-

223 1169 334 1242 rio]
365 1211 376 1223 .
406 1168 639 1224 Basilius
666 1167 769 1221 hoc
798 1164 1080 1235 judicavit.
1125 1161 1448 1235 Legitimum
1498 1158 1808 1230 coniugium

222 1276 336 1313 non
360 1259 493 1312 licet
515 1270 770 1327 separare
793 1254 911 1309 sine
960 1268 1227 1309 consensu
1247 1250 1548 1316 amborum,
1574 1263 1596 1291 ε
1630 1258 1810 1322 potest

223 1360 409 1407 tamen
436 1349 576 1404 alter
601 1347 755 1402 alteri
786 1345 1061 1401 licentiam
1087 1345 1218 1400 dare
1244 1344 1502 1400 accedere
1532 1343 1599 1398 ad
1632 1345 1804 1399 servi-

225 1450 399 1498 tutem
423 1441 517 1496 Dei
542 1440 597 1494 in
625 1439 975 1503 monasterio,
1000 1436 1026 1477 τι
1053 1445 1107 1492 et
1128 1435 1463 1500 sibinubere,
1488 1436 1533 1491 si
1559 1436 1613 1489 in
1633 1436 1808 1507 primo

223 1532 477 1603 conjugio
505 1538 622 1586 erat
647 1529 942 1585 secundum
985 1528 1231 1591 Graacos;
1276 1534 1330 1582 et
1361 1534 1539 1581 tamen
1566 1539 1673 1580 non
1723 1531 1809 1580 est

223 1625 548 1679 canonicum
584 1641 596 1675 :
630 1622 711 1677 sin
757 1628 934 1676 tamen
975 1619 1029 1673 in
1058 1617 1295 1675 secundo
1339 1624 1475 1683 erat,
1522 1610 1807 1671 non‘licet

1912 441 2146 504 tismum,
2178 441 2232 494 in
2273 448 2541 510 potestate
2579 440 2700 512 ejus
2734 442 2842 498 erit
2885 458 3005 498 eam
3036 445 3237 501 habere
3259 447 3347 503 vel
3381 464 3493 507 non

1910 530 2146 587 habere:
2186 530 2347 586 simili
2387 533 2548 588 modo
2576 533 2620 588 si
2658 534 2780 603 quis
2805 549 2993 589 eorum
3018 536 3324 605 baptizatus
3349 542 3487 608 erit,

1910 617 2046 672 alter
2069 618 2305 687 gentilis,
2330 619 2468 675 sicut
2485 620 2773 691 Apostolus
2799 623 2931 678 dicit
2949 636 3021 676 ως
3048 623 3079 676 1
3085 625 3290 693 nﬁdeli:
3311 638 3493 683 autem

1909 708 1955 762 si
1978 707 2217 773 discedit,
2240 708 2475 764 discedat
2500 709 2553 781 (Ι
2579 708 2702 765 Cor.
2727 727 2826 777 vn,
2857 712 2966 784 15).
2997 713 3140 781 Ergo
3168 714 3322 783 cujus
3351 733 3501 773 uxor

1910 796 2142 853 inﬁdelis
2182 805 2237 853 et
2276 797 2512 869 gentilis,
2539 807 2723 855 etnon
2749 808 2929 869 potest
2953 802 3214 868 converti,
3246 804 3492 860 demute-

1909 897 2000 945 tur
2020 889 2152 962 [Al.,
2183 890 2528 962 dimittatur].
2554 889 2612 946 Si
2640 892 2834 948 mulier
2856 893 3167 951 discesserit
3188 912 3220 951 a
3246 898 3366 954 viro
3390 915 3494 955 suo

1908 979 2210 1050 despiciens
2226 995 2375 1045 eum,
2390 989 2443 1034 et
2469 981 2658 1036 nolens
2677 982 2896 1048 reverti,
2911 992 2967 1037 et
2988 985 3325 1042 reconciliari
3344 990 3483 1055 viro,

1906 1077 2030 1139 post
2071 1069 2309 1139 quinque
2337 1084 2505 1125 annos
2542 1080 2568 1108 ιι
2597 1085 2718 1125 cum
2750 1086 3015 1129 consensu
3060 1076 3296 1147 episcopi
3325 1078 3486 1133 aliam

1908 1163 2153 1235 accipere
2180 1164 2344 1219 liceat
2364 1179 2586 1219 uxorem
2612 1181 2625 1217 :
2656 1165 2703 1220 sl
2732 1165 2786 1219 in
2814 1168 3126 1236 captivitate
3147 1185 3246 1239 per
3267 1170 3375 1225 vim
3394 1172 3489 1226 du-

1906 1262 1995 1309 cta
2023 1255 2214 1311 redimi
2239 1270 2344 1309 non
2362 1262 2557 1324 potest,
2585 1264 2707 1325 post
2734 1271 2933 1311 annum
2964 1259 3188 1314 alteram
3219 1262 3483 1331 accipere.

1906 1344 2038 1400 Item
2061 1345 2106 1400 si
2138 1346 2193 1399 in
2220 1345 2537 1414 captivitate
2565 1348 2757 1402 ductus
2784 1346 2944 1402 fuerit
2967 1350 3051 1404 vir
3073 1350 3220 1418 ejus,
3249 1353 3489 1422 quinque

1906 1451 2076 1492 annos
2117 1444 2424 1507 exspectet:
2458 1438 2710 1494 similiter
2738 1449 2917 1495 autem
2948 1448 3002 1495 et
3037 1442 3250 1509 mulier,
3282 1444 3328 1498 si
3356 1444 3484 1499 talia

1906 1529 2250 1598 contigerint.
2280 1529 2337 1585 Si
2361 1530 2523 1601 igitur
2541 1531 2767 1586 alteram
2790 1533 3007 1588 duxerit
3027 1549 3269 1601 uxorem,
3296 1543 3319 1570 °
3344 1538 3487 1606 prio-

1906 1634 2022 1674 rem
2052 1619 2117 1675 de
2145 1620 2459 1689 captivitate
2501 1636 2775 1676 reversam
2823 1623 3088 1693 accipiat,
3134 1626 3489 1693 posteriorem

221 1715 388 1768 tertio
419 1725 442 1753 ε
468 1714 682 1767 vivente
697 1711 816 1765 viro
839 1710 923 1765 vel
941 1722 1128 1764 uxore.
1158 1707 1383 1763 Maritus
1405 1707 1449 1762 si
1497 1707 1609 1783 ipse
1662 1706 1801 1775 seip-
1831 1691 1875 1751 Β
1905 1708 2172 1764 dimittat:
2197 1708 2445 1764 similiter
2463 1718 2643 1765 autem
2666 1710 2775 1777 illa,
2800 1691 3210 1782 sicut—superius
3232 1715 3487 1783 diximus,

217 1821 343 1860 sum
367 1807 421 1860 in
447 1804 591 1860 furto
620 1811 713 1857 aut
738 1800 1094 1857 fornicatione
1120 1814 1335 1855 servum
1364 1798 1514 1862 facit,
1543 1797 1628 1854 vel
1671 1811 1805 1867 quo-

216 1912 434 1969 cunque
451 1903 692 1966 peccato,
718 1893 911 1948 mulier
923 1892 967 1947 si
980 1891 1131 1963 prius
1153 1896 1259 1945 nun
1273 1888 1462 1944 habuit
1476 1887 1799 1958 coniugium,

213 1984 389 2040 habet
413 1990 736 2055 potestatem
762 1988 885 2052 post
916 1993 1115 2033 annum
1160 1979 1391 2033 alterum
1442 1978 1687 2047 accipere
1725 1976 1809 2031 vi-

224 2092 373 2131 rum.
403 2074 624 2132 Diaeoni
654 2082 832 2128 autem
859 2072 1062 2127 relictae
1090 2085 1197 2126 non
1222 2069 1349 2126 licet
1398 2069 1528 2143 [Al.,
1583 2070 1805 2141 Bigamo

215 2166 405 2223 autem
432 2181 541 2221 non
560 2163 725 2237 licet].
753 2164 974 2219 Muliere
1021 2171 1254 2229 mortua,
1296 2160 1425 2217 licet
1467 2160 1586 2216 viro
1620 2161 1640 2200 ί
1683 2168 1806 2232 poSt

215 2271 466 2311 mensem
490 2255 717 2312 alteram
744 2254 988 2323 accipere
1023 2268 1037 2304 :
1069 2259 1287 2307 mortuo
1315 2253 1430 2306 viro
1460 2259 1579 2322 post
1601 2266 1804 2306 annum

210 2347 342 2401 licet
370 2345 583 2400 mulieri
612 2344 840 2398 alterum
868 2343 1057 2413 tollere
1081 2344 1278 2401 virum.
1312 2342 1503 2397 Mulier
1518 2343 1571 2407 ,εἰ
1589 2342 1798 2399 adulte-

211 2452 273 2492 ra
302 2444 413 2502 est,
435 2445 492 2492 et
532 2436 619 2491 vir
669 2434 786 2504 ejus
834 2451 941 2491 non
977 2435 1093 2489 vult
1139 2433 1385 2493 habitare
1433 2449 1557 2489 cum
1615 2450 1699 2500 ea,
1757 2435 1804 2490 si

210 2528 327 2583 vult
360 2527 453 2585 illa
478 2514 859 2581 monasterium
887 2526 1114 2591 intrare,
1145 2533 1395 2594 quartam
1436 2533 1649 2596 partem
1694 2541 1805 2582 sum

210 2617 553 2675 haereditatis
602 2616 841 2672 obtineat
887 2633 901 2670 :
958 2616 1003 2671 si
1051 2632 1157 2672 non
1212 2610 1347 2683 vult,
1402 2616 1535 2672 nihil
1582 2615 1799 2673 habeat.

211 2709 563 2778 Quaecunque
617 2707 811 2763 mulier
876 2708 1200 2763 adulterium
1260 2710 1689 2781 perpetraverit,
1748 2710 1804 2765 in

207 2807 489 2872 potestate
511 2799 614 2854 viri
660 2807 762 2865 est,
816 2799 862 2855 si
896 2799 1026 2855 velit
1045 2799 1380 2856 reconciliari
1418 2801 1630 2857 mulieri
1654 2801 1807 2856 adul-

210 2899 366 2949 tera.
414 2889 475 2945 Si
492 2890 837 2947 reconciliata
884 2889 939 2945 in
985 2889 1150 2955 clero,
1216 2906 1322 2946 non
1373 2890 1590 2962 prolicit
1634 2891 1807 2946 vindi-

208 2996 300 3039 cta
346 2983 528 3056 illius,
573 2983 639 3038 ad
677 2983 953 3055 proprium
978 2984 1156 3038 virum
1186 2984 1443 3055 pertinet.
1476 2984 1574 3039 Vir
1603 2992 1658 3039 et
1681 3000 1801 3040 mu-
1829 3029 1859 3056 ,ε

208 3073 310 3129 lier
357 3073 785 3129 ln-matrimonio
809 3074 853 3129 si
895 3073 1005 3129 ille‘
1034 3073 1267 3129 voluerit
1298 3081 1352 3129 et
1393 3072 1483 3127 illa
1530 3072 1796 3140 noluerit,

209 3166 295 3221 vel
329 3164 423 3219 ille
463 3162 764 3218 inﬁrmatus
800 3165 826 3203 ε
863 3178 959 3218 seu
1002 3163 1095 3218 illa
1119 3164 1429 3230 inﬁrmata;
1471 3169 1651 3219 tamen
1680 3178 1801 3218 om-

211 3256 349 3310 nino
392 3269 519 3309 cum
569 3267 832 3313 consensu
873 3254 1157 3315 amborum
1204 3261 1540 3325 separentur.
1565 3252 1801 3308 Mulierll

211 3361 340 3417 qua:
362 3344 512 3401 vovit
538 3354 660 3415 post
696 3351 925 3399 mortem
958 3345 1063 3399 viri
1091 3343 1237 3412 ejus,
1267 3359 1375 3399 non
1415 3344 1645 3413 accipiat
1665 3342 1804 3399 alte-

213 3452 374 3492 rum:
401 3444 458 3491 et
481 3442 692 3489 mortuo
709 3434 1239 3504 illo,pr:evarieatrix
1270 3436 1314 3490 si
1350 3434 1579 3503 accipiat
1606 3433 1801 3501 alium,

217 3528 235 3568 ἰ
258 3526 575 3594 iterumque
592 3531 759 3595 nupta
779 3539 903 3580 eum
929 3538 995 3580 eo
1012 3524 1331 3595 prenitentia
1351 3532 1497 3580 mota
1516 3524 1562 3579 si
1582 3523 1807 3594 implere

210 3616 338 3671 vult
360 3622 491 3670 vota
510 3630 631 3679 sua,
660 3615 714 3668 in
752 3622 1016 3685 potestate
1044 3615 1149 3670 viri
1185 3615 1303 3684 ejus
1345 3624 1533 3671 utrum
1555 3614 1803 3684 impleat,

212 3722 284 3762 an
314 3720 445 3766 non.
472 3705 617 3776 Ergo
642 3718 801 3759 unam
823 3704 1093 3767 licentiam
1114 3704 1299 3765 dediti
1328 3703 1664 3773 Theodorus,
1685 3719 1809 3775 qum

216 3796 472 3856 confessa
498 3808 581 3859 est
609 3807 792 3855 votum
823 3806 945 3870 post
973 3798 1222 3853 undecim
1255 3784 1428 3855 annos
1451 3799 1656 3855 nubere
1682 3813 1807 3855 cum

150 3897 166 3909 '
218 3890 316 3945 illo
345 3889 486 3943 viro.
519 3888 585 3942 Et
612 3889 656 3943 si
692 3888 814 3958 quis
839 3889 893 3942 in
916 3888 1163 3943 saeculari
1186 3886 1372 3951 habitu
1393 3898 1576 3946 votum
1595 3888 1808 3945 voverit

217 3982 337 4035 sine
363 3994 629 4034 consensu
654 3978 889 4049 episc0pi
910 4019 925 4043 ,
956 3979 982 4018 ιι
1011 3974 1128 4050 ipse
1154 3978 1437 4049 episcopus
1475 3979 1640 4035 habet
1658 3987 1806 4051 pote-

218 4076 422 4123 statem
464 4076 676 4123 mutare
720 4068 1044 4122 sententiam
1085 4066 1207 4137 ejus
1240 4068 1287 4124 si
1316 4068 1449 4123 vult.
1480 4068 1807 4141 Legitimum

218 4159 531 4230 coniugium
569 4157 849 4228 mqualiter
876 4158 998 4213 licet
1021 4159 1073 4212 in
1097 4158 1183 4214 die
1211 4165 1266 4212 et
1289 4166 1450 4214 nocte
1467 4199 1482 4224 ,
1512 4159 1650 4214 sicut
1669 4160 1808 4215 scri-

217 4260 373 4320 ptum
395 4257 477 4304 est
503 4266 515 4301 :
539 4247 681 4302 Tuus
710 4258 784 4303 est
808 4249 937 4313 dies,
966 4257 1014 4302 et
1044 4258 1133 4303 tua
1167 4260 1242 4305 est
1265 4265 1370 4305 non:
1395 4248 1578 4322 (Psal.
1610 4268 1807 4321 Lxxm.

292 4395 320 4422 ι
345 4380 563 4455 Δ’ῙΊιθίξιὶ
593 4397 727 4455 cap.
750 4346 871 4455 illi,
892 4390 942 4455 t.
966 4382 1055 4455 lx
1099 4381 1351 4455 Spicileg.
1379 4384 1611 4449 ;concil.
1637 4383 1802 4449 Com-
1833 4393 1881 4454 υ

288 4452 383 4505 nd.
411 4466 460 4505 c.
486 4453 518 4505 8
543 4468 558 4516 ;
587 4450 749 4506 C(M.
773 4452 1003 4522 Capitul.
1044 4454 1082 4507 l.
1111 4450 1167 4519 γ’,
1198 4469 1246 4508 c.
1280 4450 1381 4517 f9;
1424 4455 1616 4509 conci].
1676 4455 1800 4512 Tri-

288 4468 383 4505 nu.
411 4468 460 4505 c.
486 4468 518 4505 δ
543 4468 558 4516 ;
587 4468 647 4506 υ.
681 4468 749 4506 Μ.
773 4468 1003 4522 capitur.
1045 4468 1082 4507 ι.
1111 4470 1167 4519 v,
1198 4469 1246 4508 c.
1280 4468 1381 4517 19;

213 4468 504 4605 mrie‘nseﬂ
526 4529 765 4604 tempore
789 4522 1031 4605 Formosi
1058 4538 1230 4605 papas,
1246 4540 1304 4605 ἐς
1335 4524 1424 4582 41.

294 4594 320 4632 b
344 4591 574 4645 Basilius
600 4591 655 4646 in
682 4593 838 4663 epist.
877 4595 944 4648 ad
963 4591 1421 4665 Amphilochium,
1447 4609 1495 4649 e.
1511 4593 1577 4662 9;
1602 4595 1798 4653 conci].

216 4661 436 4717 Comm.
467 4676 516 4716 e.
559 4661 647 4714 l6.

305 4676 436 4745 me,
467 4676 647 4745 9.10.-

290 4744 313 4768 ε
347 4730 581 4801 Capitul.
613 4731 674 4786 C.
700 4730 770 4785 Μ.
800 4732 837 4787 1.
866 4748 945 4796 vr,
973 4748 1022 4787 c.
1052 4732 1176 4787 206.

285 4801 313 4841 (ι
346 4800 701 4927 Τιιθοαμὲ.
738 4803 823 4868 15,
850 4811 888 4856 t.
919 4803 987 4857 ιχ
1039 4802 1224 4886 βρὶείι.
1244 4819 1259 4867 ;
1283 4803 1802 4876 Excerpt.Ergberti

285 4885 545 4927 iorac..c.
575 4872 630 4926 ll
680 4888 775 4927 .ex
791 4888 914 4927 can.
938 4871 1372 4927 African.:cnnc.
1407 4872 1593 4927 Comu.
1618 4889 1667 4927 c.
1700 4874 1796 4927 l5:

215 4870 545 4942 Eborac._.c.
572 4870 775 4935 ll8,ex
791 4888 914 4942 can.
938 4870 1202 4933 Africam;
1219 4888 1372 4927 conc.
1388 4870 1593 4942 .Comp.
1618 4870 1667 4928 (Ξ.
1700 4874 1796 4942 l5;

216 4888 545 4930 κληΐθρης.
572 4888 775 4935 “mea
791 4888 914 4928 can.
938 4888 1202 4933 Amicam;
1219 4888 1535 4937 concauum
1582 4913 1593 4925 .

216 4939 431 5013 Regino
450 4940 487 5013 l.
505 4942 785 5013 ndekEecl.
813 4940 1054 5013 Discipl.,
1070 4959 1117 4998 c.
1138 4942 1259 5013 107,
1284 4958 1350 4997 ex
1367 4943 1526 4998 dictis
1542 4888 1606 4996 ﬁli

295 5008 582 5079 éCapitnl.
608 5010 672 5065 Ο.
705 5010 773 5065 Μ.
804 5012 841 5064 1.
865 5008 1017 5078 vr,c.
1047 5013 1170 5070 516.

296 5078 324 5167 ί
631 5081 1212 5167 Εδδέηειῖθτκιέδοηίθίῗῑ
1243 5081 1485 5167 δνηοίέέίδ
1504 5085 1678 5167 ﬂii"?

220 5233 275 5272 co
297 5149 563 5271 leaiheod.
590 5149 708 5220 cap'.
738 5151 825 5218 76,
864 5162 904 5210 t.
954 5154 1023 5208 IX
1051 5149 1304 5226 Spicileg'.
1333 5172 1350 5221 ;
1389 5153 1620 5225 Capitula
1653 5154 1690 5207 Ι·
1722 5170 1798 5223 νιν

297 5258 552 5343 riguit.
579 5289 761 5355 Rom.,
798 5291 881 5345 tit.
912 5291 965 5347 8.

303 5360 320 5398 i
354 5356 608 5416 Distinet.
634 5360 724 5425 24,
757 5377 806 5420 c.
837 5360 896 5419 Si
922 5362 1018 5417 vir.

303 5425 318 5476 i
352 5426 555 5482 Theod.
585 5445 705 5500 cap.
742 5431 824 5490 12.
857 5440 895 5486 t.
922 5430 993 5485 IX
1041 5430 1291 5506 Spicileg.
1318 5435 1451 5491 Vide
1479 5442 1655 5493 notas.

299 5496 330 5536 ιι
354 5496 419 5551 C.
443 5496 514 5555 li.
536 5498 767 5556 CanituL
798 5500 833 5554 l.
858 5517 911 5556 v.
933 5518 983 5556 e.
1009 5500 1100 5556 50.

256 5540 265 5549 .
299 5518 330 5566 -_-
354 5518 419 5551 υ.
444 5518 514 5555 ιι.
536 5518 767 5566 napum.
798 5518 833 5554 ι.
858 5518 911 5566 v,
933 5518 983 5557 e.
1009 5518 1100 5556 au.

306 5516 1366 5655 fl;,_vt’.f:ll?uépieileg.;
1405 5572 1602 5634 Burch.
1630 5576 1672 5632 l.
1707 5594 1799 5645 rx,

225 5649 282 5691 e.
312 5633 405 5706 59,
424 5650 494 5694 ex
515 5633 736 5696 decreto]
761 5633 986 5711 Eutych.
1023 5652 1111 5713 pp.

1609 4958 1740 4999 eron
1748 4985 1760 5000 .

1905 1798 1949 1853 sl
1980 1798 2105 1853 talia
2133 1799 2492 1870 contigerint,
2531 1800 2714 1855 faciat.
2757 1800 2816 1856 Si
2857 1800 3012 1869 cujus
3054 1819 3277 1860 uxorem
3318 1807 3491 1864 hostis

1903 1891 2273 1956 abstulerit,et
2300 1892 2414 1961 ipse
2439 1906 2559 1947 eam
2585 1891 2807 1962 adipisci
2828 1907 2934 1947 non
2962 1902 3161 1962 potest,
3179 1894 3304 1950 licet
3326 1897 3487 1953 aliam

1904 1982 2130 2049 tollere;
2171 1983 2365 2038 melius
2409 1990 2492 2038 est
2533 1983 2611 2038 sic
2655 1981 2868 2049 facere,
2915 2001 3076 2056 quam
3118 1985 3395 2042 fornicari.
3429 1988 3489 2044 Si

1904 2075 2099 2130 iterum
2122 2084 2244 2143 post
2272 2076 2390 2131 haec
2413 2091 2554 2131 uxor
2582 2075 2670 2131 illa
2699 2077 2910 2131 venerit
2938 2077 3005 2130 ad
3032 2093 3178 2145 eum,
3203 2095 3309 2134 non
3332 2081 3491 2136 debet

1903 2163 2068 2235 recipi
2094 2161 2227 2236 [Αι.,
2253 2163 2381 2218 add.
2410 2165 2478 2220 ab
2504 2163 2616 2238 eo],
2648 2164 2693 2220 si
2716 2165 2874 2220 aliam
2910 2165 3110 2222 habet:
3143 2167 3237 2223 sed
3265 2168 3358 2223 illa
3391 2170 3491 2225 tol—

1903 2256 1980 2311 lat
2003 2257 2166 2311 alium
2192 2256 2391 2323 virum,
2417 2256 2459 2311 si
2490 2272 2657 2311 unum
2687 2265 2812 2311 ante
2836 2256 3105 2313 habuerit.
3138 2258 3337 2315 Eadem
3364 2275 3490 2319 sen-

1903 2347 2068 2402 tentia
2100 2344 2220 2419 [Αἱ.
2252 2345 2405 2413 add.,
2452 2345 2582 2420 stat]
2624 2348 2691 2402 de
2734 2349 2905 2405 servis
2936 2349 3336 2406 transmarinis.
3373 2361 3401 2401 ι»
3430 2350 3488 2404 ln

1902 2440 2063 2495 tertia
2095 2439 2495 2511 pr0pinquitate
2541 2439 2720 2493 carnis
2766 2438 2892 2493 licet
2937 2440 3143 2495 nubere
3191 2440 3490 2496 secundum

1902 2528 2142 2596 Griecos,
2167 2530 2308 2585 sicut
2331 2530 2385 2584 in
2414 2530 2531 2600 lege
2551 2530 2812 2601 scriptum
2843 2539 2926 2585 est
2951 2548 2964 2585 ε
3007 2531 3062 2590 in
3090 2532 3274 2600 quinta
3300 2546 3492 2587 secun-

1902 2618 2031 2674 dum
2056 2618 2350 2684 Romanos,
2382 2626 2562 2675 tamen
2589 2620 2642 2674 in
2685 2621 2845 2675 tertia
2876 2636 2982 2676 non
3020 2621 3254 2688 solvunt,
3298 2623 3344 2678 si
3370 2632 3492 2693 post

1905 2711 2038 2785 [Αι.,
2063 2710 2373 2785 postquam]
2398 2711 2600 2768 factum
2625 2710 2807 2767 fuerit.
2850 2711 2991 2782 Ergo
3022 2713 3076 2767 in
3106 2714 3294 2783 quinta
3323 2730 3491 2786 gene-
3515 2724 3527 2736 ‘

1904 2800 2114 2857 ratione
2143 2800 2558 2873 coniungantur.
2594 2801 2662 2856 ‘ln
2696 2810 2889 2872 quarta
2933 2801 2978 2856 si
3024 2802 3226 2857 inventi
3256 2802 3490 2872 fuerint,

1905 2907 2013 2946 non
2044 2900 2385 2962 separantur.
2428 2891 2487 2946 ln
2534 2892 2694 2947 tertia
2741 2900 2922 2947 tamen
2957 2893 3356 2964 propinquitate
3383 2910 3493 2951 non

1906 2984 2033 3040 licet
2080 2999 2305 3040 uxorem
2358 2983 2579 3039 alterius
2630 2984 2878 3053 accipere
2926 2992 3048 3053 post
3096 2984 3303 3039 obitum
3354 2982 3492 3053 ejus.

1905 3085 1934 3124 τι
1961 3073 2267 3143 Ᾰὲἒειιιειίιει·
2295 3073 2378 3128 vir
2408 3071 2751 3150 conjungitur
2793 3073 2845 3126 in
2889 3072 3236 3130 matrimonio
3278 3075 3363 3130 his
3401 3075 3493 3145 qui

1904 3164 2007 3219 sibi
2029 3163 2414 3235 consanguinei
2443 3172 2592 3228 sunt,
2621 3171 2676 3218 et
2703 3164 2888 3218 uxoris
2924 3178 3036 3219 sua:
3076 3165 3494 3236 consanguineis

1902 3263 2025 3326 post
2050 3262 2281 3309 mortem
2310 3253 2517 3308 uxoris.
2555 3252 2672 3308 Duo
2693 3267 2907 3323 quoque
2944 3254 3143 3308 fratres
3175 3255 3312 3310 duas
3341 3269 3493 3311 soro-

1905 3360 1993 3400 res
2015 3343 2451 3414 possunthabere
2477 3362 2490 3396 :
2533 3352 2555 3381 τ
2583 3353 2640 3398 et
2674 3352 2832 3414 pater
2875 3343 3148 3414 ﬁliusque,
3178 3356 3410 3401 matrem
3438 3354 3492 3403 et

1906 3434 2090 3491 tiliam.
2142 3432 2367 3488 Maritus
2393 3433 2485 3503 qui
2512 3448 2634 3489 cum
2664 3448 2834 3489 uxore
2863 3450 2958 3491 sua
2989 3435 3299 3501 dormierit,
3349 3435 3492 3493 lavet

1905 3540 1964 3582 se
1993 3530 2281 3595 antequam
2308 3524 2465 3581 intret
2492 3527 2545 3580 in
2566 3525 2873 3581 ecclesiam.
2900 3538 2921 3565 ε
2953 3525 3178 3582 Maritus
3198 3542 3307 3582 non
3331 3528 3493 3586 debet

1906 3629 2133 3671 uxorem
2170 3630 2324 3670 suam
2349 3616 2547 3672 nudam
2584 3617 2790 3673 videre.
2838 3616 2896 3675 Si
2925 3616 3051 3688 quis
3089 3618 3307 3687 nuptias
3330 3617 3494 3675 habet

1904 3706 1992 3761 vel
2017 3706 2359 3761 matrimonia
2390 3721 2497 3762 non
2527 3706 2699 3774 licita,
2733 3716 2915 3764 tamen
2945 3707 3151 3772 licitum
3177 3716 3260 3765 est
3283 3722 3490 3777 escam,

1906 3813 2068 3869 quam
2117 3798 2355 3865 habent,
2407 3799 2776 3867 manducare,
2822 3800 2949 3873 quia
2998 3799 3265 3871 Pmpheta
3313 3802 3489 3858 dixit:

1906 3887 2120 3945 Domini
2142 3898 2223 3945 est
2247 3899 2390 3951 terra
2418 3898 2466 3946 ct
2495 3889 2765 3961 plenitudo
2789 3892 2923 3963 ejus.
2963 3893 2983 3930 θ
3016 3890 3075 3947 Si
3113 3892 3196 3947 vir
3219 3893 3494 3949 etmulier

1906 3974 2287 4045 coniunxerint
2305 3994 2365 4034 se
2385 3978 2439 4033 in
2466 3982 2834 4047 matrimonio,
2863 3989 2920 4037 et
2944 3991 3130 4051 postea
3156 3983 3353 4038 dixerit
3372 3999 3494 4038 mue

1905 4069 2011 4126 lier
2027 4068 2097 4125 de
2112 4069 2231 4125 viro
2250 4086 2353 4126 suo
2368 4087 2480 4127 non
2505 4088 2665 4143 posse
2686 4072 2795 4146 [AL
2817 4073 2968 4137 add.,
2982 4075 3202 4129 nubere
3220 4088 3344 4128 eum
3365 4075 3491 4148 eo];

1905 4159 1953 4215 si
1999 4160 2123 4231 quis
2167 4162 2367 4231 poterit
2416 4164 2648 4233 probare
2696 4162 2838 4232 quod
2880 4178 3068 4217 verum
3116 4163 3208 4228 sit,
3260 4164 3493 4233 accipiat

1907 4249 2072 4307 alium
2094 4251 2290 4326 virum.
2326 4264 2356 4292 ιι
2381 4252 2622 4309 Puellam
2662 4253 3043 4323 desponsatam
3083 4267 3192 4308 non
3229 4254 3358 4309 licet
3395 4270 3492 4326 pa-

1964 4352 2017 4427 ‘m
2034 4386 2238 4463 Theca.
2275 4402 2392 4458 cap.
2433 4387 2523 4455 is,
2570 4396 2611 4443 t.
2645 4386 2717 4444 Ix
2763 4388 3059 4463 Spicileg.;
3100 4391 3395 4450 Burchard.
3448 4393 3490 4450 ι.

1904 4454 2291 4596 ηέιεὲξὲένρι.
2327 4527 2461 4598 Egb.
2496 4528 2658 4583 Ebur.
2688 4544 2739 4583 c.
2772 4524 2895 4598 1112,
2949 4544 3124 4586 canon
3163 4530 3343 4598 Dicit;
3382 4532 3492 4588 Re-

1876 4594 1881 4603 ’
1905 4597 2097 4670 εἰηολ.
2127 4613 2167 4652 ιι
2190 4594 2257 4653 de
2280 4594 2425 4670 Eccl.
2446 4598 2687 4670 Discipl.,
2713 4614 2761 4653 c.
2787 4597 2917 4670 £24;
2940 4600 3136 4655 Burch.
3160 4600 3197 4654 Ι.
3222 4616 3299 4665 rx,
3322 4594 3372 4657 c.
3395 4601 3487 4661 54.

1978 4674 2002 4752 ξ
2029 4668 2282 4752 ἓξεοφι.
2310 4667 2657 4752 Egb.n1§bor.,
2677 4686 2744 4752 ε.
2775 4668 2891 4752 125,
2919 4684 3089 4752 canon
3114 4670 3278 4752 Qicit.

1975 4738 2233 4823 rj‘heod:
2288 4737 2408 4823 cap.
2435 4737 2538 4823 _84,
2584 4747 2625 4792 t.
2659 4738 2750 4821 .lX
2799 4740 3049 4823 Spicileg.
3076 4757 3102 4823 ;.
3130 4740 3387 4823 [tabanus
3433 4744 3489 4823 i_n

1904 4808 2165 4893 epist.ad
2192 4807 2546 4893 ﬂumberlum
2588 4809 2799 4893 epise‘;
2839 4807 3048 4893 Elegiae
3087 4810 3125 4863 1.
3165 4827 3206 4866 n
3240 4811 3306 4866 de
3334 4813 3488 4872 Eccl.

1909 4876 2152 4960 Discipb,
2184 4892 2301 4947 cap.
2333 4876 2459 4959 ?00,
2492 4893 2560 4960 es
2584 4876 2808 4960 epistola
2839 4876 3064 4960 Rabani.

1977 4949 2586 5034 q'Rabanus‘inhepist.
2612 4950 2705 5034 ad
2742 4949 3486 5034 ilymbertirl‘mneplscopum;

1907 5018 2113 5101 Reg.an
2147 5016 2184 5070 l.
2216 5032 2255 5073 η
2283 5019 2348 5072 de
2375 5016 2583 5074 Eccles.
2612 5017 2859 5102 Discipl.,
2883 5036 3002 5091 cap.
3025 5016 3243 5086 200,-“
3270 5016 3357 5093 ep.
3378 5016 3488 5077 Ra;

1907 5087 2055 5139 ham.
2080 5102 2244 5139 causa
2267 5086 2359 5139 35.
2386 5103 2440 5139 α.
2474 5090 2529 5139 5.
2554 5105 2622 5139 ex
2650 5089 2910 5139 Fabiano.

1905 5087 2055 5152 hani,
2080 5102 2244 5143 causa
2267 5087 2359 5153 55,
2386 5103 2440 5158 q.
2474 5090 2529 5153 5,
2554 5105 2622 5145 ex
2650 5087 2910 5146 Fabiano.
2947 5087 2966 5091 ⁷
3301 5087 3321 5093 ”

1908 5156 2235 5284 collla'lt‘lllixe‘od.
2266 5172 2386 5230 cap.
2428 5158 2516 5212 75.
2549 5160 2612 5219 V.
2652 5158 2848 5217 Posuit.
2882 5177 3002 5221 cum
3031 5177 3149 5234 cap.
3192 5170 3248 5217 et
3288 5175 3488 5220 canon.

1977 5310 2000 5406 ἶ
2032 5296 2237 5353 Theod.
2267 5312 2387 5369 cap.
2416 5306 2457 5353 t.
2478 5296 2552 5353 IX
2597 5298 2913 5429 Ericilegn
3292 5369 3305 5382 '

2028 5368 2196 5425 Cone.
2228 5369 2473 5426 Ver-mer.
2499 5386 2549 5426 e.
2580 5371 2606 5425 1
2672 5388 2687 5429 :
2726 5371 2807 5427 Ra
2920 5411 2934 5426 .
2961 5386 3049 5429 en.
3077 5373 3146 5427 ad
3181 5369 3305 5427 lien

1982 5369 2017 5443 *Α
2028 5368 2196 5443 9011c.
2228 5365 2473 5443 Yeripcr.
2499 5386 2549 5426 e.
2580 5365 2687 5443 l7;
2961 5373 3146 5443 ep._ad
3181 5365 3489 5443 Heribald,

1903 5452 1953 5493 e.
1990 5438 2331 5511 297;“Regino
2355 5439 2392 5493 1.
2410 5456 2481 5511 it,
2509 5456 2558 5497 c.
2585 5441 2681 5511 52,
2701 5440 2827 5511 242,
2850 5458 2914 5497 ex
2938 5438 3022 5510 cp.
3051 5440 3256 5495 Babani
3281 5440 3483 5511 libi)”,

1903 5523 2022 5581 cap.
2048 5509 2149 5577 55;
2178 5506 2378 5568 Furch.
2409 5510 2446 5563 l.
2468 5506 2554 5576 ix,
2580 5525 2630 5565 c.
2658 5510 2750 5576 ιο,
2772 5510 2835 5565 tl
2865 5527 2879 5578 ;
2925 5506 3013 5565 lv'o
3125 5526 3244 5575 vm,
3272 5524 3324 5565 c.
3355 5506 3443 5564 76.

1903 5649 1916 5651 _
1974 5593 1999 5620 υ
2029 5580 2234 5651 Theod.
2265 5595 2388 5650 cap.
2418 5579 2556 5646 l02;
2595 5579 2632 5634 l.
2658 5595 2877 5651 vncap.
2918 5581 3008 5646 9|,
3062 5615 3095 5633 ..
3123 5579 3192 5633 Μ.
3220 5596 3237 5645 ;
3282 5579 3489 5636 Burelu

1902 5649 1938 5704 1.
1967 5666 2043 5718 ix,
2066 5666 2118 5706 c.
2152 5649 2221 5705 40
2245 5667 2259 5717 ;
2300 5649 2389 5705 lvo
2409 5666 2463 5721 p.
2488 5663 2587 5716 νη,
2614 5666 2679 5705 e..
2697 5650 2785 5706 40.
