3928 6178
379 227 484 287 955
1364 216 1709 274 TIIEODORI
1747 213 2061 304 ARCHIEP.
2100 211 2648 273 CANTHARIENSIS
3510 213 3621 271 9:6

379 345 622 402 rentibus
646 340 779 397 dare
801 339 893 395 alii
918 338 1056 403 viro,
1083 336 1186 391 nisi
1210 335 1300 389 illa
1329 334 1551 389 omnino
1578 332 1828 394 resistat;
1863 338 1945 383 ta-
1975 332 2019 386 Α
2049 329 2196 402 pulo]
2221 347 2238 395 ;
2278 337 2538 402 praeterea
2563 322 2917 394 quadraginta
2944 331 3069 378 ante
3093 322 3281 378 Natale
3307 321 3541 390 Domini,
3564 333 3625 379 et

380 447 506 489 men
534 431 603 486 ad
621 426 1001 484 monasterium
1029 424 1153 479 licet
1173 424 1271 490 ire,
1296 422 1343 477 si
1370 420 1618 478 voluerit.
1648 419 1741 474 illa
1767 426 1947 475 autem
2051 429 2172 490 post
2202 418 2553 474 Pentecosten
2591 414 2945 486 quadraginta
2989 413 3104 469 dies
3150 413 3337 486 [Add.,
3386 415 3622 488 noctes].

382 524 704 593 desponsata
733 518 781 572 si
812 532 918 572 non
946 515 1063 569 vult
1093 515 1340 570 habitare
1368 528 1490 569 cum
1511 527 1576 567 eo
1611 511 1727 566 viro
1752 511 1838 565 cui
1866 518 1950 565 est

379 618 723 684 desponsata,
759 623 783 652 α
823 606 1079 664 reddatur
1121 606 1171 661 ci
1208 605 1432 674 pecunia
1474 617 1635 673 quam
1680 601 1854 665 dedit,
1894 607 1952 654 et

379 705 540 759 tertia
579 716 704 770 pars
724 699 990 763 addatur;
1033 695 1114 750 sin
1146 702 1326 748 autem
1356 692 1446 747 illa
1474 690 1736 754 noluerit,
1762 690 1952 759 perdat

376 793 656 863 pecuniam
685 805 844 859 quam
861 803 961 858 pro
984 786 1073 842 illa
1097 787 1259 841 dedit.
1287 784 1467 838 Puella
1488 791 1668 837 autem
1694 781 1949 836 tredecim

378 895 639 936 annorum
669 878 749 932 sui
780 875 1026 945 corporis
1049 882 1371 945 potestatem
1402 874 1583 927 habet.
1623 871 1652 910 ι»
1693 869 1833 925 Puer
1859 884 1952 924 us-

376 986 481 1041 que
509 970 578 1033 ad
605 968 910 1039 quindecim
951 980 1122 1021 annos
1156 965 1227 1019 sit
1259 965 1317 1018 in
1341 970 1609 1033 potestate
1642 960 1812 1031 patris
1843 958 1949 1014 sui.

376 1061 530 1115 Tunc
555 1060 789 1127 seipsum
817 1064 995 1127 potest
1017 1055 1336 1111 monachum
1377 1052 1575 1108 facere.
1614 1050 1796 1106 Puella
1823 1064 1953 1104 vero

376 1134 647 1208 sexdedm
688 1147 771 1201 vel
809 1145 1194 1215 septemdecim
1238 1157 1498 1199 annorum
1524 1182 1538 1207 ,
1587 1140 1640 1194 in
1689 1145 1955 1210 potestate

376 1248 681 1311 parentum.
712 1238 842 1292 Post
871 1245 1048 1290 autem
1079 1237 1219 1290 hanc
1253 1242 1463 1288 aetatem
1506 1230 1647 1300 patri
1686 1245 1792 1284 non
1829 1226 1956 1283 licet

379 1330 542 1385 ﬁliam
567 1346 718 1386 suam
744 1335 932 1385 contra
956 1326 1072 1396 ejus
1096 1327 1427 1381 voluntatem
1457 1325 1510 1379 in
1550 1321 1952 1378 matrimonium

380 1422 528 1477 dare.

975 1506 1203 1562 CAPUT
1245 1504 1360 1558 XII.

863 1596 942 1650 De
970 1597 1128 1650 serris
1156 1608 1203 1649 et
1234 1592 1464 1648 ancillis.
1516 1623 1521 1627 -

449 1691 612 1744 Pater
639 1688 806 1742 ﬁlium
836 1685 1158 1741 necessitate
1195 1691 1415 1740 coactus
1442 1690 1763 1754 potestatem
1794 1680 1955 1734 habet
1986 1692 2026 1748 ιι
2055 1678 2228 1732 rentia
2272 1677 2697 1747 regenerationis
2726 1677 2782 1732 in
2819 1676 2957 1732 albis
2997 1676 3342 1732 Pentecostes
3367 1678 3647 1732 orandum
3726 1733 3731 1736 ,

380 1783 590 1834 tradere
616 1780 668 1832 in
698 1776 978 1832 servitium
1016 1783 1223 1844 septem
1255 1790 1460 1840 annos;
1502 1774 1693 1829 deinde
1723 1773 1839 1827 sine
1861 1787 1955 1825 vo—

376 1868 585 1923 luntate
618 1867 711 1921 ﬁlii
739 1865 1009 1920 licentiam
1038 1863 1283 1919 tradendi
1316 1878 1419 1917 non
1447 1862 1626 1917 habet.
1655 1860 1826 1915 llomo
1849 1868 1955 1913 tre-

382 1959 555 2014 decim
586 1972 847 2012 annorum
876 1955 1109 2023 seipsum
1148 1962 1327 2023 potest
1356 1952 1536 2011 facere
1562 1966 1799 2007 servum.
1840 1949 1952 2004 Non

338 2072 351 2083 -
377 2048 501 2102 licet
523 2046 727 2103 homini
752 2060 909 2100 servo
933 2045 1118 2099 tollere
1140 2043 1445 2113 pecuniam,
1462 2057 1623 2111 quam
1645 2040 1760 2113 ipse
1780 2038 1954 2111 acqui-

383 2138 527 2195 sivit.
563 2148 585 2176 ε
617 2136 672 2191 Si
701 2150 917 2190 servum
946 2142 1001 2188 et
1029 2132 1279 2188 ancillam
1307 2132 1554 2186 dominus
1580 2129 1860 2184 amborum
1903 2128 1956 2181 in

379 2208 785 2279 matrimonium
830 2221 1131 2292 conjunxit,
1180 2227 1365 2291 postea
1397 2218 1626 2273 liberato
1652 2208 1830 2269 servo
1874 2214 1957 2271 vel

381 2315 601 2381 ancilla,
627 2313 673 2369 si
703 2328 809 2368 non
838 2320 1015 2382 potest
1040 2309 1231 2365 redimi
1260 2324 1378 2378 qua:
1406 2308 1458 2362 in
1498 2305 1721 2362 servitio
1746 2313 1850 2369 est,
1889 2304 1955 2358 li-

383 2410 515 2464 bero
536 2408 664 2461 licet
690 2406 976 2475 ingenuam
1011 2402 1357 2473 conjungere.
1389 2398 1414 2439 ά
1450 2398 1508 2453 Si
1546 2398 1666 2468 quis
1696 2397 1832 2451 liber
1856 2410 1954 2449 an-

381 2493 634 2567 eillamin
656 2492 1000 2547 matrimonio
1021 2492 1311 2560 acceperit,
1341 2505 1443 2544 non
1468 2488 1663 2561 habeat
1686 2484 1955 2541 licentiam

383 2585 676 2647 dimittere,
707 2582 749 2636 si
779 2588 905 2636 ante
934 2597 1056 2636 cum
1077 2594 1341 2635 consensu
1372 2579 1654 2633 amborum
1685 2574 1956 2644 conjuncti

349 2678 524 2727 .sunt.
557 2669 614 2724 Si
640 2676 1011 2739 prmgnantem
1040 2669 1160 2738 quis
1188 2668 1415 2724 liberam
1447 2672 1745 2734 comparat,
1778 2676 1802 2702 θ
1824 2663 1959 2716 liber

380 2770 466 2817 est
481 2776 546 2816 ex
569 2776 633 2815 ea
650 2767 964 2829 generatus.
1010 2758 1110 2824 Qui
1147 2758 1395 2813 ancillam
1436 2765 1802 2827 przegnantem
1835 2767 1956 2807 mu-

381 2857 568 2913 lierem
589 2857 804 2921 liberat,
827 2870 984 2926 quem
1014 2848 1235 2924 generat
1258 2861 1341 2907 est
1362 2867 1570 2906 servus.

968 2942 1195 2999 CAPUT
1232 2943 1365 2997 Xlil.

790 3033 868 3088 De
903 3033 1117 3088 diversis
1146 3032 1534 3103 questionibus.

457 3127 478 3166 τ
514 3124 726 3195 Jejunia
752 3125 992 3195 legitima
1020 3124 1122 3179 tria
1148 3132 1275 3179 sunt
1310 3124 1363 3178 in
1403 3140 1544 3179 anno
1569 3122 1704 3196 [Al.,
1732 3139 1830 3196 pro
1858 3139 1953 3195 po-

452 3274 476 3301 η
506 3260 733 3330 Capitul.
764 3260 823 3316 C.
854 3261 924 3314 Μ.
954 3260 988 3314 l.
1016 3277 1094 3326 v1,
1124 3276 1174 3316 c.
1202 3260 1293 3315 25.
1362 3289 1367 3330 ξ
1584 3329 1593 3330 ί
1666 3329 1672 3330 ί
1858 3292 1867 3296 δ

454 3332 483 3371 b
511 3329 711 3385 Theod.
758 3332 920 3402 capit.
965 3332 1054 3394 86,
1105 3330 1240 3395 116,
1286 3329 1412 3393 118,
1446 3339 1485 3384 ι.
1526 3329 1601 3416 lx
1655 3329 1952 3455 Spicilegq

454 3417 532 3455 nc.
559 3400 728 3455 Tolet.
762 3418 815 3455 χ.
856 3417 905 3455 c.
938 3401 1006 3455 G:
1039 3402 1287 3455 Excernt.
1322 3400 1455 3455 Καὶ).
1502 3401 1754 3455 [thoraca
1785 3416 1835 3455 c.
1897 3401 1951 3455 0.

379 3417 532 3456 conc.
559 3400 728 3456 Tolet.
762 3400 905 3466 κίε.
938 3401 1006 3465 6;
1039 3402 1287 3469 Excerpt.
1322 3400 1455 3469 Egh.
1502 3401 1754 3465 Eborac.,
1785 3416 1835 3455 c.
1862 3400 1951 3464 90,

381 3471 487 3541 9|;
527 3470 564 3525 1.
596 3470 835 3541 t_Capit.,
868 3487 917 3525 c.
942 3469 1010 3524 46
1037 3473 1160 3524 etc.
1194 3468 1328 3535 i715;
1374 3468 1564 3541 chin.
1591 3470 1629 3523 l.
1655 3468 1949 3537 11,0.177;

381 3540 577 3593 Burch.
608 3539 644 3591 ι.
675 3539 729 3604 8,
754 3557 801 3595 c.
834 3541 921 3596 18.

453 3620 475 3647 ο
507 3607 717 3681 'I’heod1
739 3625 856 3681 cap.
883 3608 943 3662 7i
970 3648 987 3672 ,
1012 3608 1149 3681 51X
1203 3607 1497 3681 Spicileg._;
1535 3610 1785 3681 Excerpt.
1816 3610 1952 3681 Egb.

380 3678 544 3731 Ebor.
576 3692 626 3730 c.
661 3677 782 3740 124,
806 3677 982 3731 canon
1010 3677 1168 3732 Dicit.
1230 3677 1427 3733 Burcb.
1453 3678 1489 3731 l.
1519 3695 1598 3744 ix,
1624 3696 1673 3734 c.
1702 3677 1788 3734 19.

449 3744 476 3784 ά
511 3745 585 3798 Ex
616 3760 765 3800 conc.
801 3746 1124 3809 Matiscensi,
1153 3745 1385 3813 Capitul.
1416 3747 1452 3800 l.
1476 3763 1551 3813 γι,
1580 3764 1627 3804 c.
1662 3749 1750 3803 94.

454 3824 479 3882 ἑ
507 3814 592 3882 Al.
624 3828 740 3882 cap.
776 3813 978 3867 Theod.
1010 3815 1101 3881 7i,
1130 3824 1169 3869 t.
1193 3813 1263 3869 iX
1319 3815 1502 3882 Spicil.

453 3881 707 4007 Ἄξεωώ
738 3897 856 3955 cap.
881 3884 907 3938 1
949 3884 1005 3949 9,
1035 3893 1072 3938 t.
1105 3884 1172 3940 lx
1204 3881 1457 3955 Spicileg.
1485 3902 1501 3953 ;
1547 3886 1584 3942 I.
1612 3903 1665 3943 γι
1693 3883 1951 3959 Capitul.,

381 3976 432 4012 (ο
464 3976 588 4007 1M.

2054 508 2129 564 De
2154 508 2511 578 promissione
2538 519 2636 560 sua
2659 503 2781 558 laici
2807 518 2917 558 non
2949 501 3147 558 debent
3173 503 3354 559 facere
3390 519 3625 573 moram,

2048 597 2177 668 quia
2199 612 2346 652 mors
2379 611 2485 650 non
2521 593 2720 649 tardat.
2754 594 2780 631 ε
2807 590 2976 647 Servo
3017 592 3111 646 Dei
3159 592 3464 648 nullatenus
3500 594 3629 649 licet

2050 699 2310 754 pugnare,
2335 684 2623 738 multorum
2664 681 2788 738 licet
2824 681 2896 737 sit
2922 682 3145 737 consilio
3183 697 3468 737 servorum
3505 682 3626 738 Dei.

2051 773 2080 813 ιι
2111 773 2291 828 infans
2308 788 2406 843 pro
2426 771 2629 827 infante
2647 778 2823 839 potest
2847 770 2965 827 dari
2990 771 3059 825 ad
3080 773 3467 828 monasterium
3493 773 3626 840 Deo,

2052 864 2296 934 quamvis
2338 864 2501 918 alium
2538 862 2814 931 vovisset:
2863 870 3044 917 tamen
3083 861 3273 917 melius
3311 871 3397 918 est
3440 872 3629 918 votum

2053 954 2310 1025 implere;
2350 953 2600 1011 similiter
2638 967 2835 1022 pecora
2880 954 2897 994 ί
2943 951 3135 1022 aequali
3182 953 3360 1023 pretio
3403 962 3633 1023 possunt

2054 1047 2283 1112 mutari,
2326 1047 2370 1101 si
2400 1060 2620 1101 necesse
2648 1044 2738 1099 sit.
2769 1044 2881 1098 Rex
2908 1044 2954 1099 si
2982 1044 3201 1100 alterius
3242 1043 3386 1115 regis
3428 1053 3629 1101 terram

2052 1136 2237 1201 habet,
2261 1144 2439 1205 potest
2460 1135 2661 1190 donare
2683 1150 2781 1204 pro
2810 1135 2988 1191 anima
3027 1150 3144 1190 sua.
3181 1135 3424 1193 lnventio
3458 1136 3513 1190 in
3542 1135 3626 1190 via

2052 1226 2283 1283 tollenda
2308 1234 2413 1292 est,
2446 1223 2459 1275 i
2493 1226 2539 1280 si
2569 1226 2815 1283 inventus
2847 1224 3009 1279 fuerit
3047 1239 3343 1295 possessor,
3372 1227 3629 1281 reddatur

2052 1319 2124 1373 ei.
2155 1317 2437 1376 Tributum
2464 1314 2707 1381 ecclesia:
2732 1315 2802 1370 sit
2834 1315 2975 1370 sicut
3008 1323 3095 1370 est
3130 1314 3469 1369 consuetudo
3505 1330 3628 1383 pro-

2054 1408 2262 1473 vincim,
2294 1407 2348 1463 id
2375 1414 2478 1471 est,
2513 1422 2582 1461 ne
2602 1413 2812 1460 tantum
2831 1422 3095 1476 pauperes
3119 1406 3174 1461 in
3200 1406 3427 1461 decimis
3454 1415 3549 1460 aut
3572 1407 3628 1460 in

2054 1497 2319 1577 aliquibus
2344 1497 2502 1551 rebus
2526 1495 2633 1549 vim
2662 1496 2954 1566 patiantur.
2982 1495 3228 1550 Decimas
3252 1510 3362 1549 non
3387 1503 3472 1549 est
3498 1493 3630 1564 legi-

2056 1589 2245 1642 timum
2273 1586 2402 1641 dare
2429 1586 2533 1641 nisi
2566 1586 2891 1657 pauperibus
2916 1594 2967 1641 et
3004 1584 3321 1655 peregrinis.
3349 1583 3456 1640 Pro
3482 1599 3633 1639 reve-

2057 1779 2158 1834 cst,
2187 1770 2241 1825 in
2267 1769 2711 1839 quinquagesima
2734 1777 2940 1825 oratur.
2977 1768 3163 1824 Oratio
3202 1776 3381 1838 potest
3416 1768 3517 1824 sub
3541 1784 3635 1822 vc-

2054 1859 2251 1931 lamine
2289 1872 2431 1924 esse,
2479 1873 2603 1913 cum
2631 1858 2928 1914 necessitas
2953 1858 3114 1929 cogit.
3158 1856 3257 1925 Qui
3285 1874 3387 1928 pro
3414 1858 3637 1913 homine

2055 1959 2268 2006 mortuo
2285 1949 2515 2021 jejunat,
2546 1950 2780 2018 seipsum
2808 1949 3045 2020 adjuvat.
3087 1950 3168 2007 De
3207 1959 3423 2009 mortuo
3452 1958 3633 2007 autem

2055 2042 2151 2098 Dei
2195 2042 2361 2099 solius
2389 2050 2475 2097 est
2499 2041 2710 2096 notitia.
2750 2042 2774 2081 ιι
2814 2040 3045 2096 inﬁmis
3069 2041 3195 2097 licet
3217 2040 3362 2096 omni
3392 2041 3529 2096 hora
3554 2041 3633 2094 ci-

2055 2135 2182 2191 bum
2214 2140 2266 2189 et
2290 2141 2476 2204 potum
2504 2147 2750 2197 sumere,
2786 2130 2998 2202 quando
3038 2132 3346 2195 desiderant
3384 2131 3471 2188 vel
3510 2147 3636 2201 pos-

2056 2232 2202 2290 sunt,
2233 2224 2279 2279 si
2308 2230 2608 2294 opportune
2632 2229 2877 2293 possunt.

2628 2355 2857 2413 CAPUT
2891 2356 3047 2413 XIV.‘

2567 2466 2641 2521 De
2680 2467 3116 2522 reconciliatione.

2144 2581 2372 2639 Romani
2421 2579 2767 2638 reconciliant
2819 2580 3094 2635 hominem
3154 2578 3292 2633 intra
3342 2576 3635 2636 absidem:

2056 2673 2229 2731 (ἔπειξεί
2278 2672 2485 2729 nolunt.
2536 2670 2918 2727 Rcconciliatio
2956 2669 3331 2741 pcenitentium
3375 2666 3431 2723 in
3474 2682 3628 2724 coma

2056 2766 2268 2823 Domini
2306 2773 2512 2819 tantum
2539 2771 2623 2819 est
2648 2764 2715 2818 ab
2738 2762 3003 2833 episcopo,
3029 2769 3086 2816 et
3112 2768 3487 2816 consummata
3518 2773 3633 2829 poe«

2055 2859 2299 2915 nitentia.
2349 2855 2367 2896 ι
2417 2855 2472 2931 Si
2517 2872 2643 2911 vero
2673 2855 2924 2925 episcopo
2957 2850 3166 2909 dillicile
3192 2853 3279 2915 sit,
3312 2851 3631 2922 presbytero

2055 2963 2232 3026 potest
2255 2952 2591 3009 necessitatis
2616 2965 2776 3006 causa
2803 2949 3043 3020 praebere
3077 2953 3424 3016 potestatem,
3447 2952 3511 2999 ut
3530 2943 3633 2998 im-

1983 3026 2029 3089 C
2056 3044 2219 3114 pleat.
2247 3040 2632 3099 Reconciliatio
2653 3039 2706 3094 in
2727 3039 2830 3095 hac
2851 3035 3125 3107 provincia
3147 3050 3255 3092 non
3281 3040 3390 3102 est,
3422 3033 3552 3106 quia
3575 3039 3633 3087 et

2056 3135 2269 3204 publica
2299 3131 2614 3203 poenitentia
2638 3145 2743 3185 non
2773 3137 2876 3184 est.

2130 3263 2852 3379 meamne.“
2916 3260 3170 3334 ερίοίιεε·

2130 3336 2837 3477 ἒξ)ῗῖὶὶ
2884 3401 3174 3472 Spicileg.;
3213 3400 3411 3457 Burch.
3438 3399 3477 3455 ι.
3504 3416 3630 3468 vni,

2059 3493 2108 3534 θ’
2130 3475 2255 3599 ἰδ’ν.
2284 3545 2420 3614 Aug.
2449 3558 2613 3599 serm.
2645 3542 2712 3598 de
2731 3541 2913 3614 verbis
2937 3539 3123 3614 Apost.
3151 3539 3283 3614 c._li.

2128 3616 2156 3657 ι
2192 3609 2397 3669 Βητριιῖ
2438 3615 2474 3669 ι.
2511 3629 2682 3679 xvm,
2727 3628 2777 3669 c.
2807 3611 2916 3677 20;
2954 3609 3043 3668 lvo
3083 3627 3138 3682 p.
3177 3610 3279 3677 15,
3317 3624 3368 3666 c.
3404 3609 3519 3675 ἃς
3560 3622 3633 3665 αι

2057 3682 2937 3836 (i_n2:|;.efat.AP‘<§nit.
2982 3751 3178 3836 Roma,
3201 3748 3488 3836 Abegit-10.1.
3519 3763 3538 3802 I

2057 3825 2206 3880 Eccl.
2255 3817 2471 3894 Discipl.
2494 3817 2529 3886 ,’
2554 3837 2671 3894 cap.
2717 3821 2855 3894 29‘6‘,
2905 3817 3323 3877 constitutiones
3358 3817 3631 3874 Edmundi

2059 3894 2212 3950 arch.
2243 3890 2669 3958 Canuiariensis,
2699 3905 2750 3946 c.
2780 3890 2868 3945 12.

395 4085 3620 4114 mw

1223 4235 1926 4351 CAPITULA
2012 4232 2733 4347 THEODORI

803 4555 1200 4615 CAPITULUM
1235 4553 1524 4611 PRIMUM.

382 4672 693 4728 Pwniteutia
717 4670 861 4725 illius
890 4670 1014 4723 anni
1054 4668 1232 4732 unius,
1277 4667 1366 4737 qui
1391 4667 1447 4719 in
1477 4673 1683 4737 ponant
1703 4680 1840 4735 aqua
1861 4664 1944 4732 je-

546 4740 820 4811 junandus
848 4748 940 4803 est,
975 4739 1074 4791 isto
1101 4734 1572 4791 ordine'obseraari
1598 4734 1764 4788 debet.

451 4843 475 4871 δ
501 4829 821 4885 Pmnitentia
847 4829 987 4883 illius
1012 4828 1136 4882 anni
1166 4826 1344 4891 unius,
1369 4825 1457 4895 qui
1484 4825 1538 4879 in
1559 4839 1696 4894 pane
1723 4831 1780 4879 et
1808 4837 1945 4893 aqua

375 4918 698 4990 jejunandus
717 4926 820 4981 est,
852 4916 972 4971 talis
997 4932 1115 4971 esse
1142 4917 1309 4971 debet
1328 4915 1381 4970 in
1410 4927 1728 4985 unaquaque
1745 4913 1947 4968 hebdo-

380 5009 559 5063 mada.
595 5006 728 5062 Tres
759 5006 873 5061 dies
892 5045 907 5070 ,
956 5005 1011 5060 id
1056 5013 1138 5059 est
1185 5004 1373 5060 feriam
1401 5005 1643 5073 quintam
1670 5011 1725 5058 et
1753 5003 1963 5069 sabbas

377 5107 511 5164 tum,
535 5114 564 5153 a
592 5098 738 5162 vino,
770 5096 1012 5158 medone,
1046 5094 1242 5150 mellita
1272 5104 1327 5149 et
1349 5092 1602 5158 cervisia,
1642 5107 1672 5147 a
1699 5106 1863 5147 carne
1890 5100 1947 5146 et

374 5190 651 5261 sagimine,
684 5205 714 5243 a
744 5200 902 5244 caseo
932 5193 986 5241 et
1012 5185 1150 5251 ovis,
1193 5194 1248 5240 et
1291 5185 1359 5240 ab
1406 5183 1553 5239 omni
1590 5183 1772 5254 pingui
1800 5182 1948 5254 pisce

374 5296 430 5336 se
473 5280 757 5336 abstineat.
829 5276 1112 5332 Mandncet
1145 5273 1598 5330 autemminutos
1641 5264 1946 5345 pisciculos,

373 5372 418 5426 si
434 5372 649 5427 habere
668 5378 866 5443 potest.
890 5367 947 5423 Si
978 5367 1178 5423 habere
1202 5381 1308 5421 non
1328 5372 1525 5436 potest,
1553 5373 1759 5419 tantum
1790 5364 1949 5419 unius

443 5515 469 5551 ι
510 5503 773 5573 Antiquus
795 5501 933 5573 liber
956 5499 1246 5557 Pcenitent.
1275 5497 1692 5571 Andegavensis,
1724 5510 1843 5566 cap.
1871 5496 1947 5552 De

373 5573 596 5626 τριηράὶο
622 5572 933 5643 prudentis.

1976 4549 2031 4610 ι)
2055 4545 2268 4618 generis
2293 4544 2494 4617 piscem
2520 4585 2535 4610 ,
2558 4546 2623 4599 et
2653 4545 2919 4618 legumina
2946 4586 2961 4611 ,
3002 4554 3057 4599 et
3080 4546 3253 4613 olera,
3287 4554 3344 4603 et
3371 4563 3550 4619 poma,
3574 4543 3623 4604 si

2045 4643 2183 4709 vult,
2213 4642 2482 4706 comedat,
2518 4648 2573 4695 ct
2601 4641 2883 4696 cervisiam
2910 4640 3085 4705 bibat;
3131 4649 3187 4696 et
3223 4640 3275 4695 in
3304 4641 3497 4698 diebus
3521 4643 3628 4697 Do-

2046 4731 2282 4796 minicis,
2307 4739 2364 4785 et
2391 4730 2443 4785 in
2467 4730 2636 4784 Natali
2664 4730 2873 4784 Domini
2907 4729 3025 4786 illos
3050 4737 3281 4799 quatuor
3309 4731 3455 4795 dies;
3484 4741 3543 4785 et
3569 4731 3624 4785 in

2045 4820 2342 4892 Epiphania
2373 4836 2537 4876 unum
2564 4820 2735 4886 diem;
2772 4828 2827 4874 et
2855 4820 2907 4874 in
2932 4820 3153 4890 pascha,
3181 4833 3354 4888 usque
3383 4820 3451 4874 ad
3475 4822 3667 4875 ccta-7

2047 4924 2173 4965 vum
2203 4910 2378 4975 diem;
2410 4916 2464 4967 et
2494 4910 2548 4965 in
2566 4908 2896 4965 Ascensione
2922 4909 3156 4976 Domini,
3178 4917 3234 4967 et
3251 4908 3619 4973 Pentecostes,

2048 5008 2281 5070 quatuor
2305 4998 2449 5063 dies;
2480 4999 2508 5040 δ
2529 5006 2585 5053 et
2617 4998 2670 5052 in
2713 4997 2850 5053 festo
2881 4998 3049 5067 sancti
3080 4995 3305 5054 Joannis
3342 4997 3619 5068 Baptism

2049 5097 2106 5144 et
2139 5097 2338 5151 sanctae
2366 5087 2547 5143 Maria:
2565 5129 2581 5154 ,
2624 5097 2679 5143 et
2702 5097 3008 5144 sanctorum
3033 5088 3312 5144 duodecim
3336 5088 3624 5158 Apostolo-

2053 5195 2191 5245 rum,
2216 5188 2272 5234 et
2298 5180 2468 5241 sancti
2498 5180 2804 5246 Michaelis,
2849 5188 2904 5235 ct
2927 5180 3098 5235 sancti
3127 5178 3382 5249 Remigii,
3410 5188 3466 5235 et
3494 5178 3623 5250 Οιηέ

2052 5270 2200 5326 nium
2230 5269 2571 5337 Sanctorum,
2602 5280 2657 5327 et
2682 5272 2851 5327 sancti
2877 5271 3107 5336 Martini,
3135 5278 3190 5325 et
3210 5271 3263 5324 in
3280 5270 3427 5327 illius
3446 5269 3619 5325 sancti

2055 5362 2369 5430 festivitate,
2395 5365 2488 5434 qui
2517 5363 2570 5418 in
2597 5363 2684 5419 illo
2713 5364 3021 5434 episcopatu
3042 5360 3270 5417 celebris
3293 5361 3543 5416 habetur.

2045 5498 2156 5620 56!:
2175 5495 2483 5622 rgerminum
2509 5496 2852 5599 Triburiense
2876 5496 2977 5554 sub
3002 5494 3262 5551 Formosa
3286 5509 3423 5565 Papa
3442 5534 3460 5563 ν
3496 5509 3611 5566 cal"
