3924 6180
440 351 544 410 939

438 481 555 526 sam
577 469 755 521 cantet
777 474 875 531 pro
901 471 965 513 eo
990 497 1005 523 ,
1056 453 1160 511 nisi
1191 452 1298 510 sint
1327 450 1553 507 crimina
1582 445 1830 517 capitalia
1851 486 1865 510 ,
1901 456 2022 512 qua:
2054 447 2098 501 Α

438 558 684 616 confessa
719 553 870 623 prius
898 547 1067 603 lavari
1107 560 1231 600 cum
1256 542 1507 614 lacrymis
1534 539 1749 595 debent.
1792 537 1858 591 Et
1889 544 2016 590 tunc

440 650 553 722 ipse
576 646 747 708 adsit,
794 649 849 696 et
874 637 1075 694 audiat.
1114 635 1182 690 Et
1213 634 1403 689 devote
1434 630 1547 701 ipse
1573 628 1762 722 otI'erat
1785 623 2018 697 propriis

439 718 689 794 manibus
714 746 909 805 panem
953 740 1009 786 et
1051 729 1238 784 vinum
1279 723 1529 780 manibus
1572 718 1907 784 sacerdotis;
1964 723 2020 770 et

438 834 642 887 intente
683 826 1033 897 respondeat,
1078 828 1337 894 quantum
1374 818 1534 888 sapit,
1582 817 1647 873 ad
1670 815 2019 871 salutationes

438 927 493 977 et
517 917 923 975 exhortationes
950 912 1287 969 sacerdotis:
1335 918 1389 963 et
1413 907 1691 964 humiliter
1728 904 2017 960 Dominum

437 1011 779 1081 deprecetur,
824 1014 885 1060 ut
927 1004 1127 1059 oblatio
1157 1015 1317 1071 quam
1357 1000 1472 1069 ipse
1509 1005 1565 1052 et
1610 998 1893 1067 presbyter
1919 1011 2019 1065 pro

436 1117 495 1157 se
519 1109 573 1156 et
600 1113 699 1170 pro
730 1097 967 1167 peccatis
995 1095 1108 1150 suis
1135 1092 1246 1146 Deo
1274 1089 1562 1155 obtulerat,
1608 1089 1748 1143 Deus
1776 1087 2021 1157 omnipo-

437 1200 558 1247 tens
606 1187 1030 1243 misericorditer
1073 1197 1172 1252 per
1219 1180 1468 1251 angelum
1532 1194 1688 1233 suum
1744 1177 2020 1245 suscipere

346 1338 349 1341 .
435 1284 718 1354 dignetur;
757 1286 812 1334 et
834 1291 899 1333 eo
929 1276 1016 1331 die
1034 1279 1259 1343 excepto
1285 1272 1429 1337 vino,
1457 1285 1617 1326 carne
1657 1277 1712 1325 ct
1736 1268 2018 1339 sagimine,

356 1362 359 1365 ’
437 1372 684 1430 comedat
708 1367 971 1441 quidquid
1008 1362 1153 1431 vult,
1190 1370 1247 1417 et
1272 1362 1350 1418 sic
1378 1362 1607 1417 redimat
1636 1359 1876 1431 reliquos
1905 1359 2021 1414 dies

398 1508 411 1521 .
438 1480 586 1519 anni.

952 1546 1351 1606 CAPITULUM
1389 1544 1500 1601 VII.

335 1633 343 1641 ’
441 1647 514 1701 De
537 1647 603 1701 iis
631 1645 722 1716 qui
739 1644 987 1715 jejunare
1013 1657 1117 1695 non
1143 1645 1359 1720 possunt
1376 1678 1402 1720 ,Δ
1418 1646 1465 1691 et
1490 1634 1678 1689 habent
1712 1633 1850 1688 unde
1878 1632 2020 1687 redi-

496 1744 501 1747 -
1032 1726 1172 1764 more
1206 1717 1425 1779 possint.

510 1818 537 1847 ι
566 1803 623 1859 Si
654 1802 776 1874 quis
821 1800 959 1856 forte
1001 1815 1110 1853 non
1150 1804 1327 1868 potest
1362 1794 1639 1865 ieiunare,
1688 1802 1745 1850 et
1768 1792 2019 1849 habuerit
2050 1814 2099 1876 Β

440 1899 580 1954 unde
626 1890 896 1950 redimere
942 1890 1150 1962 possit,
1200 1888 1249 1944 si
1277 1888 1427 1943 dives
1452 1886 1643 1951 fuerit,
1690 1900 1789 1955 pro
1814 1891 2022 1953 septem

440 1984 865 2046 hebdomadibus
914 1984 1005 2038 det
1048 1981 1245 2037 solidos
1287 1978 1497 2050 viginti.
1556 1978 1749 2033 Sinon
1771 1974 2027 2031 habuerit

441 2083 581 2138 unde
610 2087 818 2134 tantum
846 2078 976 2133 dare
1004 2075 1209 2146 possit,
1240 2074 1328 2130 det
1353 2074 1537 2128 decem
1574 2070 1792 2126 solidos.
1848 2068 1906 2123 Si
1933 2083 2026 2122 au-

440 2181 548 2227 tem
572 2169 799 2225 multum
836 2180 1043 2237 pauper
1071 2163 1265 2229 fuerit,
1294 2163 1384 2218 det
1421 2161 1622 2217 solidos
1656 2168 1785 2215 tres.
1833 2158 2018 2213 Nemi-

440 2277 566 2318 nem
601 2258 916 2323 conturbet,
944 2256 1087 2327 quod
1116 2254 1379 2323 iussimus
1414 2251 1544 2306 dare
1578 2250 1776 2306 solidos
1812 2246 2019 2319 viginti,

439 2358 534 2406 aut
556 2349 751 2411 minus,
785 2347 911 2417 quia
936 2344 1145 2401 facilius
1170 2350 1254 2398 est
1280 2341 1377 2406 illi,
1423 2340 1470 2395 si
1499 2339 1647 2394 dives
1673 2337 1853 2401 fuerit,
1894 2338 2025 2391 dare

440 2444 643 2500 solidos
689 2440 925 2512 viginti,
980 2451 1142 2507 quam
1172 2434 1398 2505 pauperi
1442 2440 1570 2486 tres.
1638 2429 1745 2485 Sed
1783 2429 2025 2483 attendat

442 2535 817 2605 unusquisque
856 2531 943 2585 cui
983 2531 1114 2585 dare
1138 2527 1349 2590 debeat,
1391 2524 1504 2579 sive
1529 2537 1627 2594 pro
1657 2519 2024 2589 redemptione

438 2631 774 2701 captivorum
796 2667 813 2693 ,
839 2625 952 2681 sive
978 2638 1142 2693 super
1175 2628 1421 2676 sanctum
1444 2618 1635 2682 altare,
1666 2628 1760 2670 seu
1784 2612 1880 2668 Dei
1910 2626 2025 2667 ser-

437 2724 546 2791 vis,
570 2728 666 2778 aut
696 2717 1026 2792 pauperibus
1050 2715 1106 2769 in
1134 2712 1551 2781 elcemosynam.

944 2823 1144 2882 CAPIT
1152 2821 1342 2879 ULUM
1382 2818 1514 2875 VIII.

441 2927 521 2981 De
552 2926 617 2979 iis
644 2922 733 2996 qui
769 2937 873 2979 non
890 2926 1103 2992 possunt
1125 2913 1407 3034 ᾳάὶηιριενῗ
1432 2908 1572 2984 quod
1595 2910 1648 2964 in
1676 2905 2023 2962 Paenitentiali

1049 2995 1298 3034 scrmtum
1326 3000 1378 3034 es
1407 3021 1420 3034 .

1049 2995 1298 3057 scriptum
1326 2995 1420 3037 est.

513 3086 543 3131 δ
565 3085 669 3155 Qui
699 3098 804 3140 non
844 3086 1071 3153 possunt
1109 3078 1188 3133 sic
1231 3089 1391 3146 agere
1430 3070 1823 3143 paenitentiam,
1850 3073 1911 3122 ut
1933 3082 2024 3122 su-

443 3181 629 3254 perius
651 3179 912 3241 diximus,
952 3172 1117 3229 faciat
1158 3170 1255 3225 sic.
1305 3166 1366 3222 Si
1403 3174 1515 3221 tres
1544 3180 1714 3219 annos
1742 3163 2027 3217 continuos
2050 3161 2101 3227 G

440 3275 682 3350 ieiunare
708 3273 896 3336 debet,
932 3276 986 3323 et
1000 3266 1250 3338 ieiunare
1277 3276 1382 3316 non
1415 3266 1612 3329 potest,
1652 3257 1732 3311 sic
1761 3255 2025 3350 redimere

442 3344 644 3440 potest.
667 3363 850 3419 Primo
870 3374 1012 3415 anno
1033 3363 1218 3426 eroget
1238 3352 1437 3409 solidos
1453 3348 1639 3420 viginti
1657 3346 1796 3419 [sex]
1818 3346 1871 3400 in
1886 3344 2028 3398 cloe-

444 3473 748 3531 mosynam.
768 3452 1019 3512 Secundo
1033 3464 1175 3505 anno
1199 3452 1384 3516 eroget
1403 3443 1603 3498 solidos
1616 3440 1828 3509 viginti,
1840 3447 1896 3494 et
1918 3446 2028 3491 ter-

443 3555 521 3608 tio
547 3565 690 3606 anno
712 3545 1012 3604 octodecim
1058 3540 1287 3602 solidos,
1335 3538 1437 3592 hoc
1462 3542 1545 3590 est
1570 3574 1585 3598 ,
1632 3532 1830 3589 solidos
1872 3545 2033 3586 sexa-

444 3646 593 3716 ginta
641 3648 894 3710 quatuor.
950 3634 1204 3687 Potentes
1241 3638 1421 3683 autem
1463 3627 1711 3681 bmnines
1745 3624 1867 3691 plus
1895 3622 2028 3677 dare

447 3712 666 3796 debent,
693 3729 819 3797 quia
841 3725 927 3782 cui
961 3723 1085 3792 plus
1114 3718 1484 3776 committitur,
1523 3715 1647 3785 plus
1671 3714 1738 3768 ab
1759 3728 1825 3767 eo
1848 3712 2030 3780 exige-

448 3831 568 3887 tur;
617 3817 712 3889 qui
754 3814 945 3870 illicita
992 3809 1372 3870 committunt,
1424 3805 1587 3860 etiam
1616 3819 1648 3857 a
1678 3802 1838 3858 licitis
1863 3801 2029 3857 absti-

444 3926 577 3967 nere
600 3908 816 3972 debent,
850 3911 907 3960 et
926 3914 1123 3971 corpus
1151 3898 1347 3952 debent
1367 3894 1605 3965 affligere
1624 3891 1860 3961 ieiuniis,
1889 3889 2029 3961 vigi-

446 4004 536 4058 liis
558 4041 573 4067 ,
620 4008 677 4055 et
724 3996 933 4054 crebris
979 3988 1333 4047 orationibus.
1373 3985 1514 4041 Caro
1538 3984 1681 4037 enim
1710 3981 1832 4035 laeta
1860 3978 2028 4033 trahit

448 4094 517 4151 ad
539 4091 775 4161 culpam,
801 4084 1003 4142 atilicta
1023 4089 1204 4140 autem
1233 4077 1445 4134 reducit
1477 4074 1547 4128 ad
1571 4072 1804 4127 veniam.

972 4190 1169 4249 CAPIT
1179 4188 1371 4245 ULUM
1407 4186 1499 4241 IX.

444 4294 523 4349 De
542 4292 607 4347 iis
631 4290 722 4360 qui
749 4287 996 4358 jejunare
1031 4298 1135 4360 non
1173 4286 1406 4359 possunt,
1425 4292 1526 4360 nec
1556 4273 1744 4328 habent
1762 4268 1914 4325 unde
1940 4286 2029 4323 re-

1012 4353 1209 4406 dimere
1236 4353 1456 4419 possint.

516 4453 621 4521 Qui
641 4450 889 4521 ieiunare
930 4462 1036 4501 non
1066 4450 1271 4513 potest,
1318 4449 1371 4494 et
1399 4453 1505 4494 non
1529 4437 1694 4493 habet
1714 4434 1855 4491 unde
1884 4433 2026 4490 redi-

446 4508 581 4612 mat,
607 4508 664 4600 et
690 4508 926 4613 psalmos
946 4508 1116 4602 novit,
1144 4550 1244 4606 pro
1263 4548 1373 4589 uno
1406 4532 1516 4596 die,
1547 4544 1708 4600 quem
1734 4529 1788 4583 in
1810 4542 1950 4597 pane
1973 4534 2028 4580 et
2056 4508 2110 4570 Β

450 4652 591 4708 aqua
609 4633 857 4705 ieiunare
884 4632 1062 4695 debet,
1092 4626 1265 4683 tribus
1288 4624 1499 4680 vicibus
1524 4621 1674 4677 Beati
1704 4618 2028 4674 immaculati

448 4740 622 4796 usque
651 4723 718 4777 ad
747 4722 1029 4781 Dominum
1055 4713 1438 4775 contribularer
1485 4712 1762 4777 decantet;
1819 4716 1874 4765 et
1910 4724 2031 4765 sex-

448 4817 554 4870 ties
580 4811 828 4866 Miserere
848 4812 948 4864 mei
973 4809 1135 4871 Deus,
1153 4815 1207 4862 et
1228 4804 1535 4876 septuagies
1557 4807 1862 4872 prosternat
1887 4814 1945 4853 se
1976 4799 2028 4852 in

455 4917 653 4963 terram
677 4945 692 4970 ,
740 4913 793 4959 et
818 4919 914 4975 per
955 4904 1195 4972 singulas
1231 4898 1630 4970 genuﬂexiones
1670 4895 1829 4950 Pater
1858 4903 2034 4948 noster

455 5001 726 5056 decantet.
779 4994 880 5061 Qui
928 5003 1106 5048 autem
1150 4992 1385 5060 psalmos
1421 4989 1631 5055 nescit,
1677 5003 1778 5059 pro
1809 5002 1917 5041 uno
1945 4985 2033 5040 die

454 5104 615 5163 quem
643 5088 696 5142 in
715 5100 854 5158 pane
883 5091 937 5139 et
974 5098 1114 5152 aqua
1152 5081 1398 5151 ieiunare
1442 5082 1631 5146 debet,
1676 5078 1880 5135 centies
1904 5091 2033 5148 pro-

454 5189 661 5241 sternat
688 5196 748 5237 se
794 5179 849 5233 in
891 5186 1093 5232 terram
1118 5214 1132 5240 ,
1164 5182 1218 5229 et
1253 5190 1349 5246 per
1378 5174 1614 5244 singulas
1636 5169 2035 5244 genuﬂexiones

462 5275 621 5330 Pater
640 5281 813 5329 noster
839 5270 1107 5326 decantet.

526 5439 554 5469 ι
585 5424 780 5484 Ρωῃὶι.
807 5423 990 5488 Rom.,
1020 5422 1104 5477 tit.
1149 5420 1204 5487 9,
1247 5436 1295 5476 c.
1326 5419 1427 5490 29;
1475 5418 1772 5490 Halitgar.;
1799 5417 2028 5490 Regino,

453 5496 493 5550 ι.
520 5514 583 5561 ιι,
614 5513 663 5552 c.
685 5497 821 5559 458;
844 5495 1064 5557 Burch.,
1092 5493 1126 5546 Ι.
1155 5508 1269 5556 xnx,
1293 5506 1343 5545 c.
1365 5489 1435 5561 ἓξ
1454 5505 1467 5553 ;
1489 5489 1682 5561 ivo,p.
1715 5505 1805 5561 xv,
1825 5505 1873 5543 c.
1899 5489 2025 5542 202.

529 5557 999 5631 bPiraum—Rom“
1027 5565 1111 5618 tit.
1135 5562 1186 5627 9,
1218 5578 1336 5632 cap.
1366 5557 1464 5625 50;
1489 5557 1717 5628 Regino,
1737 5557 1787 5632 _l:
1802 5575 1875 5632 ii,
1904 5575 2025 5629 cap.

458 5633 596 5698 MS;
624 5634 851 5698 Burch.,
878 5632 915 5685 l.
944 5628 1056 5696 xix,
1085 5649 1133 5689 c.
1161 5633 1262 5697 25;
1287 5628 1399 5692 lvo,
1433 5643 1485 5699 p.
1522 5645 1611 5696 xv,
1645 5645 1694 5685 c.
1726 5628 1850 5684 205.

533 5713 556 5740 ε
583 5697 743 5773 Ista_a
768 5703 915 5773 nullo
944 5703 1167 5773 antiquo
1204 5697 1827 5757 auctore'ecclcsiasticu
1856 5697 2029 5753 citan-

464 5778 550 5823 tur
571 5785 636 5825 ex
661 5769 960 5826 Theodoro.

1431 337 1772 395 TIIEODiJ-lll
1814 333 2131 387 AlitllliEP.
2171 332 2722 390 CANTUANENSIS

3586 328 3698 388 940

2654 441 3054 500 CAPITULUM
3099 442 3166 497 Χ.

2406 534 2483 590 De
2523 535 2873 605 redemptione
2909 542 3100 605 septem
3129 544 3406 586 annorum.

2190 626 2321 681 Item
2391 626 2496 680 alio
2561 626 2724 680 modo
2789 624 3069 680 duodecim
3144 622 3407 677 triduana:
3479 622 3700 692 singula!
3756 642 3763 647 ί

2121 734 2243 773 cum
2268 716 2547 787 psalteriis
2581 717 2754 771 tribus
2783 715 3047 785 impletis,
3082 721 3136 769 et
3164 727 3284 768 cum
3318 713 3573 783 palmatis
3596 723 3701 767 tre-

2122 811 2294 865 centis
2340 824 2440 880 per
2488 806 2699 879 singula
2742 806 2997 877 psalteria
3050 812 3309 860 excusant
3364 805 3523 858 unius
3576 808 3699 862 anni

2120 898 2513 969 pmnitentiam.
2553 897 2620 952 Et
2661 896 2851 967 viginti
2898 903 3133 966 quatuor
3172 893 3421 948 biduante
3453 893 3701 949 similiter

2122 1004 2246 1045 cum
2284 987 2553 1058 psalteriis
2602 986 2867 1058 impletis,
2915 974 2979 1041 et'
3010 1000 3135 1040 cum
3171 983 3419 1054 palmatis
3446 987 3701 1042 trecentis

2122 1092 2220 1147 per
2245 1077 2452 1147 singula
2481 1076 2732 1146 psalteria
2761 1082 3021 1130 excusant
3044 1074 3177 1129 duos
3208 1089 3399 1129 annos.
3424 1086 3448 1114 ε
3475 1073 3701 1144 Septua-

2122 1165 2269 1235 ginta
2312 1164 2548 1233 quinque
2584 1163 2777 1232 psalmi
2814 1179 2935 1217 cum
2980 1162 3230 1233 palmatis
3268 1165 3523 1219 trecean
3544 1178 3704 1219 excu-

2123 1252 2570 1307 santbiduanam.
2591 1251 3028 1320 Centum-psalmi
3050 1266 3172 1306 cum
3193 1252 3703 1321 palmatistrecentis

2122 1346 2384 1394 excusant
2421 1340 2749 1394 triduanum.
2802 1339 3031 1394 Centum
3066 1341 3256 1411 viginti
3283 1341 3465 1397 missa:
3490 1344 3700 1413 speeiao

2122 1431 2203 1486 les
2227 1431 2453 1502 singulas
2492 1446 2615 1487 cum
2661 1431 2833 1487 tribus
2871 1431 3174 1501 psalteriis,
3222 1441 3422 1487 etcum
3451 1436 3701 1488 trecentis

2122 1522 2376 1594 palmetis
2410 1532 2672 1579 excusant
2715 1540 2936 1579 annum.
3015 1524 3244 1580 Centum
3289 1526 3446 1582 solidi
3492 1528 3607 1583 dati
3651 1530 3698 1581 in

2121 1613 2519 1686 eleemosynam
2551 1629 2752 1669 annum
2775 1622 3057 1669 excusant.

2591 1723 2684 1781 CA
2704 1724 3073 1780 PITULUM
3130 1723 3229 1781 XI.

2664 1815 2741 1869 De
2770 1810 3153 1885 paenitentibus.

2197 1906 2224 1947 ἀ
2254 1907 2325 1964 Ut
2352 1908 2404 1962 in
2430 1908 2607 1979 capite
2639 1906 2828 1977 ieiunii
2852 1921 3039 1963 omnes
3061 1907 3272 1979 publice
3296 1910 3623 1979 pmnitentes
3657 1909 3708 1965 in

2129 2000 2346 2055 civitate
2367 2000 2587 2054 veniant
2615 2007 2741 2053 ante
2769 1997 2911 2053 fores
2937 1999 3180 2054 ecclesia:
3205 2002 3361 2055 nudis
3379 2002 3631 2072 pedibus,
3652 2017 3703 2057 et

2128 2092 2304 2147 cilicio
2353 2091 2523 2147 induti
2554 2092 2805 2162 episcopo
2843 2106 2941 2147 suo
2985 2108 3043 2147 se
3089 2102 3496 2165 reprmsentent.
3527 2093 3594 2148 In
3623 2111 3703 2149 ca-

2125 2181 2236 2252 pite
2265 2180 2700 2251 Quadragesimm
2728 2196 2918 2235 omnes
2946 2182 3294 2252 pmnitentes,
3318 2185 3411 2255 qui
3438 2185 3703 2254 publicam

2126 2272 2427 2340 suscipiunt
2450 2280 2543 2325 aut
2572 2280 2926 2341 susceperunt
2967 2273 3365 2342 pmnitentiam,
3408 2284 3533 2329 ante
3563 2277 3701 2331 fores

2126 2362 2366 2418 ecclesia:
2395 2377 2453 2417 se
2488 2371 2874 2433 repraesentem
2894 2364 3146 2434 episcopo
3173 2380 3334 2420 sacco
3374 2366 3573 2432 induti,
3603 2369 3703 2421 vut-

2126 2454 2269 2507 tibus
2309 2454 2361 2506 in
2406 2461 2604 2507 terram
2632 2455 2937 2523 prostratis,
2982 2470 3104 2510 reos
3138 2470 3195 2510 se
3223 2472 3343 2511 esse
3374 2457 3489 2527 ipso
3516 2459 3697 2512 habitu

2124 2552 2179 2599 et
2206 2544 2355 2599 vultu
2395 2543 2809 2613 proclamantes.
2838 2544 2917 2599 lbi
2962 2546 3153 2601 adesse
3180 2546 3381 2601 debent
3430 2547 3702 2619 archipre-

2126 2634 2327 2705 sbyteri
2354 2634 2752 2704 parochiarum,
2777 2634 2831 2688 id
2866 2641 2967 2700 est,
3004 2635 3308 2706 presbyteri
3332 2637 3702 2707 ptenitentium

2126 2746 2218 2800 qui
2263 2743 2448 2783 eorum
2481 2727 2944 2782 conversationem
2994 2725 3284 2798 diligenter
3308 2728 3581 2797 inspicere
3616 2730 3700 2783 de-

2123 2822 2276 2885 bent,
2308 2829 2363 2875 ct
2412 2819 2706 2902 secundum
2748 2818 2965 2872 modum
3000 2820 3170 2890 culpa:
3208 2821 3585 2890 pmnitentiam
3613 2837 3701 2892 per

2123 2911 2372 2981 przeilxos
2413 2911 2611 2981 gradus
2659 2910 2957 2982 iniungant.
3003 2910 3132 2965 Post
3175 2911 3291 2965 hinc
3330 2912 3381 2967 in
3420 2913 3701 2967 ecclesiam

2126 3018 2220 3060 eos
2267 3005 2596 3068 introducat,
2626 3012 2829 3060 etcum
2878 3006 3025 3060 omni
3079 3005 3225 3060 clero
3275 3014 3481 3076 septem
3530 3007 3700 3076 pomi-

2130 3097 2378 3151 teutiales
2407 3097 2642 3167 psalmos
2690 3097 2745 3151 in
2787 3107 2987 3151 terram
3035 3105 3346 3166 prostratus
3390 3113 3512 3151 cum
3535 3095 3704 3169 lacry-

2132 3178 2235 3243 mis
2254 3204 2354 3262 pro
2398 3203 2584 3244 eorum
2633 3187 2970 3242 absolutione
3018 3186 3287 3244 decantet.
3336 3186 3489 3241 Tunc
3525 3202 3705 3241 resur-

2131 3294 2263 3349 gens
2288 3278 2355 3334 ab
2381 3278 2645 3341 oratione,
2671 3276 2824 3345 juxta
2855 3277 2998 3347 quod
3024 3292 3259 3331 canones
3281 3277 3493 3348 iubent,
3519 3291 3706 3330 manus

2130 3369 2209 3424 cis
2238 3370 2498 3439 imponat,
2531 3382 2726 3436 aquam
2770 3366 3112 3422 benedictum
3142 3381 3305 3437 super
3348 3380 3442 3421 eos
3470 3376 3703 3438 spargat,

2129 3459 2369 3514 cinerem
2414 3460 2560 3529 prius
2609 3460 2804 3513 mittat.
2830 3456 3032 3512 Deinde
3075 3457 3252 3512 cilicio
3293 3459 3473 3527 capita
3520 3473 3703 3512 eorum

2130 3551 2421 3618 cooperiat,
2446 3559 2500 3605 et
2528 3565 2649 3605 cum
2678 3551 2879 3620 gemitu
2903 3558 2957 3604 et
2982 3549 3193 3605 crebris
3232 3550 3477 3620 suspiriis
3504 3550 3589 3604 eis
3617 3549 3703 3603 de-

2129 3642 2360 3707 nuntiet,
2389 3642 2531 3711 quod
2558 3642 2697 3697 sicut
2724 3641 2893 3695 Adam
2922 3642 3193 3712 proiectus
3213 3650 3298 3696 est
3319 3643 3383 3696 de
3424 3642 3697 3711 paradiso,

2131 3733 2203 3786 ita
2234 3741 2289 3788 ct
2313 3734 2413 3803 ipsi
2441 3749 2540 3804 pro
2567 3735 2802 3805 peccatis
2830 3734 2897 3789 ab
2931 3735 3161 3789 ecclesia
3191 3733 3540 3801 abiiciuntur.
3572 3734 3697 3789 Post

2132 3824 2447 3895 hmciubeat
2473 3826 2766 3893 ministris,
2796 3833 2854 3879 ut
2895 3840 2989 3880 eos
3021 3836 3175 3880 extra
3204 3825 3428 3895 ianuam
3467 3827 3705 3883 ecclesia:

2129 3913 2417 3984 expellant.
2460 3914 2649 3970 Clerus
2675 3930 2804 3971 vero
2829 3916 3173 3987 prosequitur
3197 3933 3292 3972 eos
3334 3934 3459 3973 cum
3488 3933 3702 3989 respon-

2130 4007 2275 4061 serio
2328 4025 2340 4060 :
2390 4005 2457 4060 In
2485 4006 2677 4061 sudore
2701 4006 2875 4061 vultus
2914 4009 3019 4068 tui,
3074 4016 3181 4063 etc.
3215 4007 3288 4064 Ut
3314 4008 3561 4062 videntes
3589 4024 3703 4063 san-

2130 4105 2275 4150 ctam
2324 4096 2623 4152 Ecclesium
2678 4111 2776 4165 pro
2820 4094 3151 4151 facinoribus
3181 4097 3293 4151 suis
3338 4097 3701 4151 tremefactam

2130 4196 2293 4257 atque
2343 4194 2689 4252 commotam,
2721 4201 2827 4240 non
2870 4187 3266 4257 parvipendant
3317 4187 3700 4258 pmnitentiam.

2131 4278 2189 4332 ln
2228 4292 2383 4333 sacra
2430 4286 2614 4331 autem
2642 4276 2855 4331 Domini
2879 4292 3033 4332 omna
3063 4292 3255 4332 rursus
3282 4278 3351 4332 ab
3376 4292 3565 4332 eorum
3592 4289 3702 4346 pre~

2132 4369 2367 4439 sbyteris
2390 4367 2635 4424 ecclesia:
2660 4368 2951 4423 luminibus
2985 4376 3463 4438 reprmsententur.

2650 4480 3048 4537 CAPITULUM
3102 4480 3215 4536 XII.

2164 4552 2243 4607 De
2272 4551 2627 4606 admonitione
2661 4552 3031 4674 principuiigm
3084 4553 3329 4607 vitiorum
3350 4591 3366 4619 ,
3405 4560 3455 4606 et
3492 4564 3669 4607 eorum

2777 4638 2941 4674 secere
2980 4638 3057 4674 us.

2777 4638 3057 4692 spcczeous.

2208 4725 2231 4753 ε
2258 4712 2410 4768 Nunc
2431 4713 2527 4769 tibi
2559 4722 2683 4768 octo
2710 4711 3027 4781 principalia
3064 4718 3291 4780 peccata
3327 4709 3625 4781 explicabo.
3644 4704 3699 4761 Si

2134 4809 2188 4863 in
2220 4808 2324 4865 illis
2364 4817 2416 4863 te
2460 4820 2773 4879 percussum
2800 4845 2813 4867 ,
2866 4813 3089 4868 tactum,
3138 4804 3479 4861 vulneratum
3518 4803 3699 4865 sentis.

2135 4900 2257 4955 vide
2275 4915 2342 4954 ne
2369 4899 2498 4954 mihi
2520 4897 2683 4963 celes,
2701 4896 2753 4951 id
2775 4905 2876 4961 est,
2904 4897 3230 4965 superbiam,
3251 4912 3444 4951 vanam
3464 4895 3698 4966 gloriam,

2137 4994 2411 5059 invidiam,
2445 4992 2602 5056 iram,
2633 4990 2932 5055 tristitiam,
2961 4989 3268 5051 avaritiam,
3291 4989 3495 5042 ventris
3528 4984 3698 5057 inglu-

2139 5085 2301 5149 viem,
2332 5081 2618 5138 luxuriam.
2651 5079 2729 5133 Ex
2775 5079 2972 5150 quibus
3000 5078 3046 5133 si
3097 5085 3149 5131 te
3187 5076 3508 5147 culpabilem
3555 5087 3701 5128 reco-

2139 5171 2757 5245 gnoscis,pmnitentiam
2772 5169 3004 5240 suscipe.
3019 5167 3154 5223 Nam
3180 5182 3249 5223 ex
3272 5168 3363 5223 bis
3379 5166 3553 5224 omnia
3576 5164 3699 5217 vitia

2140 5263 2406 5318 oriuntur.
2441 5259 2459 5299 τ
2492 5260 2570 5315 De
2594 5259 2846 5330 superbia
2866 5299 2881 5326 ,
2907 5274 3028 5329 quae
3056 5259 3270 5313 initium
3299 5258 3475 5313 omnis
3500 5251 3698 5326 peccati

2160 5418 2231 5503 ηδ
2273 5415 2553 5503 ReginoLlI;
2579 5431 2616 5479 ι,
2649 5429 2697 5469 c.
2722 5412 2821 5469 291
2845 5430 2859 5480 ;
2887 5428 2952 5468 ex
2975 5429 3129 5470 conc.
3155 5411 3480 5484 Agathensi;
3506 5406 3693 5463 Burch.

2137 5489 2232 5547 lib.
2257 5485 2376 5554 xxx;
2403 5504 2452 5542 c.
2486 5485 2573 5542 56.

2214 5572 2237 5599 ε
2282 5559 2507 5629 Regini),
2540 5555 2693 5629 libi
2717 5554 2784 5613 de
2812 5553 3031 5629 Ecclus;
3061 5552 3300 5629 Discip.,_
3321 5569 3441 5624 cap.
3465 5548 3589 5614 500;
3610 5559 3699 5629 cg-

2134 5613 2391 5702 ρῑιμιεῃιξ
2420 5613 2698 5702 ’[ἥρρείυιῐὶ
2725 5640 2791 5702 _c.
2844 5626 2906 5680 δι
2934 5613 3509 5702 ;__Bur_ch.'lib.__'x|x,
3548 5613 3589 5674 α
3634 5613 3689 5670 6.

2211 5700 2231 5741 ί
2267 5699 2399 5756 Vide
2427 5695 2485 5753 S.
2515 5695 2697 5766 Greg.,
2725 5693 2758 5747 1.
2794 5710 2920 5750 xxx:
2953 5693 3162 5762 Moral.,
3188 5708 3307 5764 cap.
3341 5693 3425 5747 Π.
