3924 6180
262 301 355 358 θιι

261 505 627 581 ρτωειιωιηίθ,
670 511 727 558 et
760 502 1075 573 pertinacia,
1107 503 1510 569 contentiones,
1570 504 1827 566 haereses,

262 595 589 667 arrogantia.
625 593 704 648 De
730 592 930 647 invidia
960 593 1202 649 nascitur
1222 593 1405 648 odium
1426 633 1441 658 ,
1484 594 1787 648 susurratio
1813 632 1828 657 ,

1350 291 1908 350 MENITENTIALE.
1946 323 2015 333 —
2054 292 2413 350 CAPITULA.

263 412 601 486 estctregina
618 412 860 469 omnium
877 412 1162 478 malorum,
1177 413 1416 468 nascitur
1433 412 1821 476 inobedieutia,
1856 413 1894 467 Α

3402 307 3507 361 ΜΞ

2001 412 2194 468 Interr.
2251 414 2735 471 Uude'conl‘essus
2774 416 2967 481 fuisti,
3029 418 3112 471 vis
3138 420 3512 487 paenitentiam

1931 503 2229 572 suscipere,
2251 514 2307 558 et
2333 504 2479 558 illam
2505 505 2644 559 bene
2681 505 2974 569 custodire,
3028 514 3082 560 et
3133 524 3322 563 omnes
3360 512 3515 568 adin-

1930 593 2209 649 ventiones
2231 594 2428 650 diaboli
2444 596 2846 662 abrenuntiare,
2861 602 2914 651 et
2930 604 3172 652 sanctam
3195 598 3513 657 Trinitatem

261 686 539 749 detractio,
565 682 857 739 exsultatio
877 681 933 737 in
976 682 1220 738 adversis
1247 683 1500 752 proximi,
1529 681 1747 737 atilictio
1776 682 1831 736 in
1932 683 2171 739 credere.
2200 714 2271 724 --
2293 683 2449 756 Resp.
2484 685 2641 741 Volo.

258 775 549 849 prosperis.
593 772 672 832 De
700 787 841 826 vana
887 772 1087 843 gloria,
1129 770 1391 840 iactantia
1415 813 1433 838 ,
1482 773 1791 844 arrogantia
1812 812 1829 837 ,

260 864 576 936 indignatio,
599 862 867 930 discordia
888 902 903 927 ,
949 862 1125 917 inanis
1153 862 1335 933 gloriae
1359 863 1556 933 cupido
1580 871 1635 918 et
1660 864 1831 934 hypo-

259 955 436 1009 crisis.
483 953 559 1007 De
587 952 668 1006 ira
696 952 946 1007 oriuntur
970 952 1125 1017 rixae,
1154 958 1336 1007 tumor
1374 954 1594 1019 mentis,
1645 962 1834 1008 contu-

256 1046 452 1112 meliae,
476 1045 703 1110 clamor,
733 1045 1047 1115 indignatio,
1077 1045 1444 1115 praesumptio,
1468 1046 1829 1117 blasphemim,

254 1135 533 1204 sanguinis
583 1133 794 1199 effusio,
825 1134 1148 1200 homicidia,
1200 1135 1494 1190 ulciscendi
1547 1136 1829 1205 cupiditas,

254 1223 576 1294 iniuriarum
621 1222 902 1277 memoria.
931 1222 1008 1276 De
1055 1223 1275 1278 tristitia
1316 1224 1558 1278 nascitur
1606 1223 1831 1287 malitia,

253 1330 450 1372 rancor
468 1314 658 1379 animi,
684 1313 1124 1383 pusitlanimitas,
1150 1314 1478 1381 amaritudo,
1506 1314 1830 1383 desperatio,

254 1414 465 1476 torpor,
505 1403 721 1477 vagatio
765 1403 962 1458 mentis
983 1443 999 1468 ,
1059 1417 1201 1474 sape
1244 1406 1408 1459 etiam
1456 1412 1510 1459 et
1552 1404 1835 1475 praesentis

253 1498 377 1552 vitae
420 1496 656 1552 maxima
686 1493 991 1550 delectatio.
1029 1495 1105 1550 De
1138 1496 1367 1550 avaritia
1404 1497 1656 1550 oriuntur
1691 1495 1831 1549 invi-

246 1588 374 1654 diae,
419 1588 586 1653 furta,
614 1587 930 1653 latrocinia,
981 1588 1270 1643 homicidia
1290 1629 1304 1653 ,
1357 1588 1637 1643 mendacia
1662 1628 1677 1655 ,
1710 1603 1835 1657 per-

247 1677 424 1750 iuria,
470 1679 713 1748 rapinas,
746 1678 1095 1749 inquietudo,
1144 1679 1440 1743 violentiae,
1494 1678 1692 1748 injusta
1745 1679 1833 1749 ju-

2002 773 2155 829 Tunc
2176 782 2482 843 prosternat
2502 792 2561 831 se
2584 777 2851 846 paenitens
2876 780 2930 833 in
2961 786 3182 846 terram,
3199 789 3253 837 et
3282 797 3408 838 cum
3437 780 3515 839 ia-

1934 863 2133 933 crymis
2156 865 2298 919 dicat
2316 883 2328 918 :
2346 866 2411 920 Et
2428 867 2481 921 in
2504 868 2590 921 his
2617 876 2672 921 et
2703 868 2757 922 in
2785 869 2906 924 aliis
2930 871 3074 925 vitiis
3107 873 3516 946 quibuscunquc

1934 954 2167 1007 humana
2186 953 2453 1026 fragilitas
2467 966 2654 1011 contra
2672 960 2955 1015 Dominum
2974 970 3340 1020 etcreatorem
3359 982 3512 1021 suum

1935 1052 2028 1099 aut
2055 1047 2361 1117 cogitando,
2390 1056 2483 1102 aut
2508 1048 2797 1119 loquendo,
2824 1061 2917 1106 aut
2946 1056 3219 1123 operando
3240 1095 3256 1121 ,
3304 1064 3398 1111 aut
3425 1058 3517 1113 de—

1936 1138 2203 1203 lectando,
2258 1147 2353 1193 aut
2404 1142 2832 1211 concupiscendo
2895 1159 3121 1214 peccare
3174 1155 3391 1216 potest,
3462 1149 3515 1202 in

1935 1234 2185 1287 omnibus
2210 1248 2295 1287 me
2333 1249 2588 1305 peccasse
2610 1242 2664 1288 ct
2691 1252 2842 1291 reum
2880 1238 2935 1291 in
2967 1249 3259 1308 conspectu
3288 1240 3383 1296 Dei
3433 1256 3518 1296 su-

1934 1338 2033 1393 per
2054 1339 2244 1379 omnes
2282 1326 2527 1380 homines
2564 1340 2686 1381 esse
2729 1342 2996 1397 cognosco
3018 1337 3074 1383 et
3099 1330 3377 1386 confiteor.
3408 1332 3519 1386 Hu-

1936 1416 2138 1472 militer
2178 1418 2343 1471 etiam
2390 1422 2466 1483 te,
2500 1419 2753 1474 sacerdos
2791 1419 2910 1487 Dei,
2961 1435 3197 1490 exposco
3242 1429 3301 1475 ut
3352 1423 3521 1478 inter-

1935 1506 2097 1563 cedas
2144 1523 2245 1578 pro
2288 1523 2375 1562 me
2437 1514 2491 1563 et
2546 1509 2786 1577 peccatis
2826 1511 2963 1565 meis
3010 1510 3081 1565 ad
3138 1511 3425 1566 Dominum
3466 1521 3521 1567 et

1936 1604 2234 1653 creatorem
2271 1598 2515 1652 nostrum
2538 1639 2551 1663 ,
2615 1608 2882 1669 quatenus
2917 1602 2982 1656 de
3032 1601 3118 1656 bis
3149 1610 3203 1655 et
3252 1603 3320 1656 de
3347 1603 3523 1659 omni-

1934 1689 2038 1743 bus
2061 1673 2356 1743 sceleribus
2380 1688 2517 1744 meis
2543 1691 2757 1745 veniam
2773 1698 2828 1746 et
2849 1691 3239 1763 indulgentiam
3263 1696 3519 1766 consequi

251 1770 423 1836 dicia,
471 1777 815 1840 contemptus
878 1770 1129 1825 veritatis
1156 1811 1172 1836 ,
1240 1770 1437 1825 futurae
1481 1771 1833 1827 beatitudinis
1865 1757 2168 1835 Emere”.

244 1860 469 1927 oblivio,
492 1860 778 1916 obduratio
802 1859 1003 1916 cordis.
1032 1860 1110 1915 De
1142 1861 1352 1916 ventris
1376 1861 1614 1933 ingluvie
1638 1876 1834 1933 propa-

249 1962 410 2027 gatur
472 1953 652 2023 inepta
706 1953 939 2019 laetitia,
976 1952 1313 2021 scurrilitas,
1360 1954 1572 2021 levitas,
1631 1955 1835 2010 vanilo-

244 2043 439 2114 quium
463 2084 478 2108 ,
532 2042 870 2097 immunditia
915 2043 1160 2114 corporis
1185 2083 1201 2110 ,
1241 2043 1568 2100 instabilitas
1616 2046 1832 2111 mentis,

218 2134 510 2199 ebrietas,
534 2132 722 2197 libido,
754 2133 1027 2189 bebetudo
1053 2148 1264 2189 sensus.
1282 2134 1360 2191 De
1378 2133 1594 2189 luxuria
1615 2148 1837 2206 genera-

246 2236 339 2280 tur
361 2225 581 2280 caacitas
602 2225 818 2290 mentis,
847 2225 1286 2290 inconsideratio,
1312 2228 1695 2294 inconstantia,
1712 2244 1838 2283 ocu-

245 2316 428 2372 lorum
474 2315 561 2370 vel
609 2315 775 2371 totius
811 2316 1054 2386 corporis
1092 2318 1485 2389 praecipitatio,
1523 2334 1680 2374 amor
1730 2319 1831 2372 im-

246 2408 563 2463 moderatus
616 2406 739 2472 sui,
785 2408 969 2462 odium
1003 2409 1382 2464 mandatorum
1425 2409 1554 2475 Dei,
1609 2410 1837 2465 affectus

244 2497 535 2569 pmsenﬁs
561 2496 765 2564 subsidi,
792 2498 990 2553 horror
1022 2507 1078 2554 et
1103 2499 1413 2570 desperatio
1435 2499 1624 2556 futuri.

748 2612 1146 2670 CAPITULUM
1193 2614 1333 2669 XIII.

249 2682 327 2739 De
363 2684 667 2749 uirtutibus,
688 2685 873 2759 quibus
911 2684 1092 2759 eadem
1122 2685 1247 2739 vitia
1270 2684 1529 2759 superari
1574 2696 1833 2759 possunt;

607 2765 654 2808 et
680 2754 747 2808 de
775 2754 1115 2810 conclusione
1145 2754 1479 2826 paenitentia.

315 2846 469 2918 Ergo
512 2846 557 2902 si
585 2847 849 2916 superbus
873 2844 1023 2900 fuisti
1072 2861 1245 2916 usque
1273 2846 1454 2907 modo.
1497 2847 1722 2903 humilia
1753 2856 1836 2904 te—

248 2940 431 3009 ipsum
456 2937 513 2992 in
538 2944 830 3006 conspectu
860 2936 977 2991 Dei.
1003 2935 1280 2991 Si'vanam
1308 2936 1535 3008 gloriam
1579 2937 1836 3003 dilexisti,

2114 1900 2119 1905 .
2619 1867 2724 1906 03A
2731 1867 2822 1907 T10
2829 1890 2842 1905 .

2008 1939 2160 1995 Tunc
2180 1939 2435 1996 sacerdos
2456 1940 2601 1995 dicat
2631 1958 2643 1993 :
2675 1939 2999 1996 Misereatur
3024 1941 3121 1996 tibi
3160 1940 3407 1998 Christus
3432 1942 3521 1998 Fi-

1935 2027 2039 2084 lius
2061 2028 2191 2095 Dei;
2219 2030 2382 2085 donet
2415 2029 2513 2084 tibi
2541 2029 2684 2084 Deus
2710 2045 2897 2084 veram
2923 2030 3299 2102 pmnitentiam
3317 2031 3519 2098 facere,

1936 2118 2095 2175 fidem
2140 2128 2363 2185 rectam,
2398 2136 2547 2191 spem
2573 2128 2799 2187 certam,
2831 2122 3155 2176 cbaritatem
3200 2121 3517 2191 perfectam,

1934 2226 2118 2266 veram
2161 2211 2523 2268 humilitatem
2571 2220 2626 2267 et
2679 2212 3016 2281 sapientiam,
3066 2211 3418 2268 sobrietatem
3463 2225 3517 2268 et

1935 2302 2513 2369 tolerantiam,bonum
2544 2303 2706 2359 ﬁnem
2734 2312 2788 2357 et
2816 2304 3274 2373 persevcrantiam
3298 2305 3515 2360 bonam.

1935 2394 2212 2465 lndulgeat
2242 2396 2339 2450 tibi
2390 2395 2532 2450 Deus
2580 2396 2761 2452 omnia
2807 2403 3030 2465 peccata
3078 2404 3170 2451 tua
3219 2398 3519 2466 praeterita,

1934 2485 2244 2552 praesentia,
2277 2492 2332 2538 et
2360 2484 2540 2539 futura
2564 2495 2611 2537 α.
2643 2484 2911 2540 Illuminet
2939 2492 2991 2539 te
3019 2484 3254 2555 Spiritus
3281 2493 3518 2551 sanctus,

1937 2589 2154 2629 sensum
2182 2582 2330 2629 tuum
2360 2574 2578 2645 dirigat,
2621 2575 2858 2629 animam
2911 2582 3059 2629 tuam
3107 2575 3297 2642 salvet,
3322 2577 3525 2649 cogita—

1937 2665 2113 2720 tiones
2149 2674 2365 2720 sanctas
2402 2666 2500 2721 tibi
2552 2666 2800 2736 inspiret,
2830 2666 2898 2721 ad
2940 2667 3108 2721 vitam
3156 2674 3417 2722 aeternam
3471 2675 3525 2724 te

1937 2758 2220 2826 perducat.

2008 2850 2215 2907 Deinde
2260 2851 2517 2908 sacerdos
2546 2862 2670 2907 cum
2698 2851 2995 2921 poenitente
3024 2865 3082 2905 se
3121 2857 3433 2921 prosternat
3469 2851 3523 2905 in

1938 2948 2105 3006 terra,
2149 2949 2205 2995 et
2238 2942 2487 2997 decantet
2514 2943 2614 2997 hos
2642 2942 2878 3011 psalmos
2913 2959 2925 2994 :
2958 2941 3206 2995 Miserere
3233 2943 3333 2995 mei
3362 2941 3522 3007 Deus,

248 3029 429 3100 cogita
450 3041 518 3082 ne
543 3034 761 3096 propter
792 3026 1163 3081 transitoriam
1188 3027 1401 3083 laudem
1428 3037 1688 3083 aeternam
1716 3042 1838 3097 per-
1878 3096 1917 3102 _
1941 3040 2114 3099 usque
2141 3031 2213 3086 ad
2238 3046 2413 3085 omnes
2431 3031 2730 3102 iniquitates
2758 3048 2900 3086 meas
2928 3031 3061 3086 dele.
3091 3032 3319 3087 Benedic
3345 3033 3525 3087 animo

246 3096 348 3178 das
376 3119 705 3176 mercedem.
736 3117 794 3173 Si
833 3119 1048 3175 invidiae
1074 3120 1268 3191 rubigo
1295 3129 1350 3175 te
1380 3120 1487 3174 huc
1517 3134 1687 3189 usque
1713 3096 1842 3176 con-
1866 3096 1919 3163 α
1948 3096 2062 3175 ηιεᾷ
2105 3120 2389 3174 Dominum
2436 3096 2610 3191 usque
2657 3122 2725 3175 ad
2778 3122 3130 3175 renovabitur.
3186 3121 3403 3176 Salvum
3441 3122 3526 3191 [ac

247 3208 523 3280 sumpsit,
570 3208 712 3280 quod
768 3215 852 3263 est
896 3216 1182 3279 peccatum
1230 3210 1529 3264 maximum
1580 3217 1638 3265 et
1679 3226 1842 3280 super

244 3302 437 3357 omnia
463 3299 796 3367 detestabile,
828 3300 954 3369 quia
983 3300 1196 3356 diabolo
1230 3309 1579 3372 comparatur
1604 3302 1838 3367 invidus,

244 3394 342 3464 qui
376 3392 560 3463 primo
581 3392 788 3447 homini
816 3392 1011 3449 invidit
1031 3394 1218 3449 datum
1245 3394 1391 3464 quod
1414 3395 1529 3465 ipse
1555 3408 1655 3463 per
1685 3408 1841 3449 suam

240 3485 471 3554 culpam
516 3484 844 3553 perdiderat,
873 3501 972 3558 age
1008 3487 1415 3555 paenitentiam,
1446 3496 1504 3543 et
1538 3487 1841 3557 profectum

242 3577 512 3643 aliorum,
542 3584 695 3632 tuum
732 3579 954 3647 deputa.
997 3577 1054 3633 Si
1090 3579 1313 3634 tristitia
1346 3586 1398 3634 te
1444 3585 1696 3650 superat,
1743 3593 1842 3648 pa-

242 3669 504 3725 tientiam
550 3677 605 3723 et
642 3670 1107 3739 longanimitatem
1157 3672 1437 3726 meditare.
1493 3669 1551 3725 Si
1602 3671 1843 3726 avaritiae

243 3761 481 3816 morbus
518 3770 573 3816 te
598 3768 810 3831 gravat,
842 3762 1020 3832 cogita
1071 3762 1215 3832 quod
1268 3763 1423 3817 radix
1473 3770 1557 3817 est
1600 3761 1842 3816 omnium

245 3851 543 3916 malorum,
592 3858 650 3906 et
696 3850 1015 3909 idololatria:
1053 3861 1439 3922 comparatur:
1477 3861 1532 3908 et
1568 3852 1690 3907 ideo
1734 3851 1844 3906 lar-

245 3958 379 4013 gum
406 3951 462 3996 te
477 3956 598 3998 esse
619 3951 851 4013 oportet.
872 3942 930 3998 Si
946 3944 1026 3997 ira
1058 3953 1111 3999 te
1131 3953 1310 4010 vexat,
1338 3960 1459 4015 qua:
1486 3945 1541 3999 in
1554 3944 1840 3998 stultorum

249 4036 375 4090 sinu
400 4036 699 4105 requiescit
733 4036 999 4095 dominari
1027 4038 1192 4093 debes
1229 4039 1410 4093 animo
1440 4046 1550 4102 tuo,
1574 4045 1630 4092 et
1646 4039 1788 4092 hanc
1809 4053 1842 4091 a

248 4137 306 4183 te
342 4127 543 4183 mentis
570 4127 962 4199 tranquillitate
999 4128 1144 4200 fuga.
1173 4127 1232 4183 Si
1268 4129 1475 4184 ventris
1504 4128 1767 4199 ingluvies
1789 4136 1842 4182 te

248 4222 320 4276 ad
372 4219 742 4277 devorandum
779 4221 1076 4292 protrahit,
1107 4221 1455 4277 sobrietatem
1510 4228 1737 4275 sectare.
1783 4219 1842 4274 Si

245 4313 494 4379 luxuria,
523 4313 831 4369 castitatem
863 4327 1021 4369 vove.

323 4406 625 4476 Postquam
654 4407 719 4461 de
754 4405 843 4462 his
882 4405 1039 4461 factis
1067 4403 1349 4461 confessus
1374 4404 1494 4470 fuit,
1525 4414 1654 4460 tunc
1693 4403 1840 4459 dicat

244 4497 552 4553 sacerdos:
583 4495 943 4568 Recognoscis
988 4504 1040 4551 te
1068 4510 1189 4552 esse
1221 4495 1541 4565 culpabilem
1569 4495 1635 4550 de
1662 4495 1840 4549 omni-

244 4591 359 4645 bus
385 4589 629 4659 peccatis
675 4589 802 4654 tuis,
835 4604 956 4659 quae
997 4596 1119 4659 post
1146 4588 1473 4658 baptismum
1515 4585 1734 4640 sciendo
1762 4586 1846 4640 vel

244 4680 557 4736 nesciendo
585 4680 911 4744 recordaris,
963 4680 1019 4734 in
1062 4681 1227 4734 verbo
1271 4686 1364 4732 aut
1412 4679 1466 4732 in
1509 4691 1713 4746 opere,
1754 4684 1849 4731 aut

243 4772 593 4843 cogitatione
639 4778 832 4826 contra
860 4771 1180 4825 mandatum
1227 4770 1321 4825 Dei
1355 4768 1562 4839 egisse?
1591 4798 1661 4808 ——
1686 4767 1842 4838 Resp.

242 4866 446 4921 Facio.

326 4954 533 5010 Interr.
548 4954 832 5012 Promittis
861 4963 914 5010 te
938 4956 1004 5011 de
1028 4954 1319 5025 praateritis
1348 4952 1521 5024 culpis
1536 4951 1845 5013 emendare,

241 5057 307 5104 et
378 5063 575 5104 omnes
627 5035 1038 5104 adinventiones
1087 5048 1287 5104 diaboli
1340 5046 1759 5103 abrenuntiare?
1780 5075 1851 5086 --

246 5140 424 5210 Resp.
453 5139 743 5195 Promitto.

329 5229 535 5286 Interr.
559 5230 737 5287 Habes
753 5231 914 5287 ﬁdem
942 5229 1247 5287 confessam
1270 5238 1326 5286 et
1350 5237 1569 5301 peccata
1603 5227 1850 5285 confessa

244 5325 378 5381 Deo
414 5333 471 5380 et
503 5324 771 5380 sacerdoti
815 5339 916 5379 suo
938 5365 953 5390 ,
998 5332 1059 5378 ut
1092 5323 1441 5377 remittantur
1493 5322 1591 5377 tibi
1629 5326 1853 5393 peccata

243 5418 398 5475 tua?
418 5417 611 5473 Credis
636 5407 859 5474 boc?—-
890 5416 1045 5488 Resp.
1072 5415 1268 5472 Credo.

331 5507 533 5563 Interr.
569 5508 747 5565 Habes
775 5509 830 5563 in
870 5507 1145 5563 voluntate
1174 5514 1287 5570 tua,
1317 5505 1463 5576 quod
1515 5503 1674 5575 egisti
1722 5516 1854 5558 con-

250 5609 355 5657 tra
394 5600 650 5655 mandata
704 5600 804 5655 Dei
848 5600 954 5654 hoc
998 5596 1415 5653 emendare?-—
1444 5594 1602 5665 Resp.
1649 5593 1851 5651 Habeo.

342 5749 371 5778 ι
402 5736 535 5793 Vide
566 5736 757 5806 Regin.
790 5736 1018 5803 ibidem;
1049 5734 1273 5800 Burch.,
1306 5730 1341 5785 l.
1373 5748 1485 5799 xix,
1509 5747 1558 5786 c.
1589 5730 1639 5781 7.

1945 3227 2147 3267 servum
2170 3219 2337 3277 tuum,
2360 3210 2597 3264 Domine.
2619 3209 2799 3263 Alium
2821 3209 3079 3263 auxilium
3107 3209 3200 3264 tibi
3230 3210 3294 3265 de
3323 3220 3521 3266 sancto.

1946 3302 2219 3357 Custodiat
2248 3301 2503 3355 Dominus
2531 3311 2580 3355 te
2606 3302 2670 3356 ab
2698 3303 2836 3355 omni
2872 3300 3037 3368 malo,
3062 3310 3168 3358 etc.

2630 3408 2850 3448 ORATIO.

2015 3482 2261 3537 Christus
2285 3482 2455 3537 Filius
2498 3482 2595 3537 Dei
2640 3483 2748 3538 vivi
2796 3498 3144 3553 perseverare
3169 3491 3224 3540 te
3269 3483 3329 3539 in
3368 3484 3528 3542 bonis

1944 3575 2197 3643 operibus
2217 3573 2380 3629 faciat
2405 3575 2615 3629 cunctis
2659 3574 2850 3632 diebus
2872 3576 2995 3631 vitae
3023 3585 3149 3644 ture,
3175 3584 3232 3633 et
3268 3578 3531 3647 perducat

1944 3664 2000 3718 in
2026 3664 2195 3719 vitam
2218 3672 2500 3720 aeternam.
2529 3663 2724 3721 Amen.

2632 3772 2851 3813 ORATIO.

2015 3846 2158 3901 Deus
2205 3847 2360 3918 cujus
2408 3846 2745 3918 indulgentia
2792 3864 2951 3903 nemo
2999 3865 3107 3904 non
3160 3850 3386 3921 indiget,
3416 3867 3528 3908 me-

1943 3946 2126 3993 mento
2151 3938 2337 3993 famuli
2372 3940 2469 4005 tui,
2495 3940 2587 4010 qui
2618 3941 2825 3997 lubrica
2856 3943 3058 3997 terreni
3080 3944 3325 4014 corporis
3367 3943 3533 4016 fragi-

1943 4030 2096 4084 litate
2126 4031 2360 4087 nudatus
2388 4040 2491 4107 est,
2527 4049 2856 4102 quaesumus,
2882 4035 2949 4088 da
2986 4035 3201 4089 veniam
3230 4035 3529 4102 confitenti,

1942 4135 2104 4191 parce
2135 4123 2383 4191 supplici,
2411 4134 2470 4177 ut
2518 4126 2608 4194 qui
2656 4125 2769 4180 suis
2816 4126 3054 4198 peccatis
3091 4134 3403 4193 accusatur,
3439 4133 3531 4181 tua

1944 4216 2299 4271 miseratione
2322 4216 2582 4272 salvetur.

2628 4322 2848 4362 ORATIO.

2017 4396 2242 4452 Domine
2290 4404 2475 4451 sancte
2517 4395 2682 4451 Pater
2727 4397 3091 4467 omnipotens,
3138 4404 3338 4452 aeterne
3368 4394 3531 4463 Deus,

1945 4488 2037 4558 qui
2064 4503 2164 4557 per
2201 4486 2387 4542 Jesum
2415 4487 2690 4544 Christum
2720 4487 2911 4543 Filium
2939 4496 3087 4542 tuum
3124 4488 3408 4542 Dominum
3437 4502 3536 4544 no-

1945 4588 2117 4635 strum
2145 4580 2369 4633 vulnera
2410 4586 2593 4633 nostra
2621 4594 2815 4634 curare
2844 4579 3095 4649 dignatus
3132 4593 3211 4642 es,
3252 4586 3305 4631 te
3336 4577 3537 4647 suppli-

1945 4686 2038 4725 ces
2062 4686 2316 4740 rogamus
2363 4678 2419 4725 ct
2462 4670 2718 4740 petimus,
2748 4677 2809 4723 ut
2837 4669 3091 4740 precibus
3129 4668 3326 4723 nostris
3351 4682 3536 4722 aurem

1945 4772 2052 4817 tuae
2076 4762 2292 4831 pietatis
2344 4762 2603 4816 inclinare
2648 4761 2904 4831 digneris,
2956 4759 3050 4830 qui
3097 4760 3258 4814 etiam
3306 4759 3540 4814 remittis

1946 4854 2124 4909 omnia
2148 4854 2396 4916 crimina,
2428 4860 2484 4909 et
2514 4860 2732 4922 peccata
2771 4852 3023 4907 universa
3053 4851 3368 4919 condonas;
3414 4853 3539 4907 des-

1948 4962 2052 5017 que
2079 4945 2207 5001 huic
2248 4944 2450 4999 famulo
2476 4951 2590 5011 tuo,
2624 4944 2869 5010 Domine,
2901 4958 3000 5012 pro
3028 4943 3267 5013 peccatis
3302 4943 3537 5005 veniam,

1946 5055 2047 5112 pro
2074 5051 2311 5094 mmrore
2360 5037 2624 5102 lmtitiam,
2672 5053 2773 5107 pro
2816 5042 2994 5092 morte
3036 5038 3229 5103 vitam,
3275 5044 3332 5090 et
3357 5036 3423 5090 de
3450 5044 3540 5089 tua

1950 5128 2320 5184 misericordia
2346 5127 2623 5184 confidens
2659 5128 2943 5200 pervenire
2974 5135 3247 5183 mereatur
3270 5125 3341 5180 ad
3369 5125 3538 5180 vitam

1951 5231 2227 5278 :etemam.

2636 5329 2855 5371 ORATIO.

2023 5410 2376 5480 Omnipotens
2403 5415 2462 5463 et
2490 5405 2803 5461 misericors
2850 5401 3011 5465 Deus,
3060 5398 3153 5468 qui
3194 5403 3542 5469 peccatorum

1955 5503 2340 5576 indulgentiam
2384 5503 2439 5557 in
2486 5499 2825 5557 confessione
2871 5494 3092 5551 sceleris
3134 5491 3382 5566 posuisti,
3414 5507 3541 5550 suc-

1957 5610 2114 5652 curre
2140 5594 2307 5666 lapso,
2343 5593 2603 5649 miserere
2638 5586 2889 5654 confessi,
2914 5595 2976 5644 ut
3018 5598 3181 5658 quem
3224 5583 3542 5652 delictorum
