3928 6178
328 332 429 388 9'15

1320 315 1672 373 THEODORI
1709 312 2030 369 ARCIIIEI’.
2056 309 2625 371 'CANTUARIENSIS

3492 303 3599 362 9H

329 450 516 498 catena
544 436 881 507 constringit,
920 432 1226 504 magnitudo
1266 438 1368 485 tua:
1402 429 1619 500 pietatis
1643 425 1903 483 absolvat.
1935 427 1983 487 Δ
2011 424 2167 490 dunt,
2198 438 2323 480 mox
2347 424 2673 480 occidantur
2700 427 2755 477 et
2783 418 3156 491 proiiciantur,
3190 426 3247 472 et
3282 424 3477 473 caetera
3510 435 3605 474 ca-

998 537 1216 579 OIIA'I'IO.

399 624 751 694 Omnipotens
783 618 1108 689 sempiterne
1149 616 1312 681 Deus,
1341 611 1618 669 confitenti
1665 608 1790 665 huic
1832 606 1910 660 fa-

331 717 475 772 mulo
502 722 595 769 tuo
621 712 686 767 N.
724 726 823 782 pro
854 719 941 765 tua
981 709 1181 778 pietate
1222 713 1441 776 peccata
1481 702 1682 766 relaxa,
1711 707 1770 754 ut
1803 711 1910 752 non

332 806 451 877 plus
478 805 527 860 ei
558 808 750 859 noceat
792 798 1138 855 conscientiae
1174 804 1357 851 reatus
1384 793 1452 849 ad
1485 805 1720 863 paruam,
1752 800 1913 856 quam

335 896 662 967 indulgentia
689 901 794 948 tua:
822 890 1041 961 pietatis
1070 888 1136 943 ad
1166 888 1399 942 veniam.

1013 993 1231 1034 οιιΑτιο.

404 1082 620 1142 Precor,
671 1077 913 1139 Domine,
954 1070 1254 1128 clementia:
1297 1074 1353 1123 et
1392 1062 1774 1121 misericordiae
1813 1069 1918 1116 tuae

338 1169 693 1239 maiestatem,
737 1174 797 1220 ut
837 1161 1039 1217 famqu
1076 1167 1169 1213 tuo
1215 1157 1282 1211 N.
1314 1162 1539 1226 peccata
1582 1161 1637 1207 et
1677 1151 1918 1207 facinora

273 1305 282 1313 .
337 1280 434 1318 sua
460 1259 737 1317 conﬁtenti
764 1257 998 1313 debitam
1025 1250 1407 1307 rclaxationem
1447 1254 1503 1301 et
1538 1245 1751 1302 veniam
1776 1257 1919 1314 pra:-

337 1364 482 1409 stare
507 1350 766 1422 digneris,
796 1355 851 1402 et
880 1343 1275 1415 praeteritorum
1303 1338 1591 1395 criminum
1615 1335 1798 1404 culpas
1834 1333 1920 1387 in-

339 1444 577 1514 dulgeas.
613 1439 715 1506 Qui
754 1435 993 1492 humeris
1023 1434 1127 1488 tuis
1158 1422 1311 1488 ovem
1350 1428 1614 1500 perditam
1638 1422 1921 1488 reduxisti,

340 1537 433 1607 qui
456 1531 727 1605 publicani
754 1527 1004 1599 precibus
1041 1532 1095 1579 et
1125 1520 1460 1579 confessione
1486 1518 1728 1588 placatus
1751 1529 1831 1581 es,
1863 1522 1923 1568 tu

266 1625 275 1631 ”
341 1604 528 1692 etiam,
578 1623 824 1687 Domine,
863 1618 991 1675 huic
1041 1614 1241 1670 famulo
1289 1621 1381 1668 tuo
1418 1611 1664 1681 placatus
1698 1621 1820 1663 esse
1843 1604 1924 1660 di-

343 1717 545 1789 gneris.
597 1713 676 1768 Tu
712 1710 874 1781 hujus
908 1707 1160 1779 precibus
1207 1704 1474 1775 benignus
1522 1700 1723 1771 aspira,
1760 1704 1823 1754 ut
1864 1697 1920 1753 in

2010 528 2073 569 ro
2107 512 2482 569 manducetur.
2515 510 2575 566 Si
2617 517 2799 565 autem
2834 507 3081 563 tardatur
3106 505 3327 571 occisio,
3358 520 3467 561 non
3506 522 3607 562 co-

2011 605 2315 663 medantur.
2363 605 2422 662 Si
2454 612 2638 660 autem
2681 602 2947 660 cadavera
2974 601 3337 657 laceraverint
3362 610 3612 658 mortuo—

2013 714 2155 765 rum,
2179 706 2541 765 macerentur,
2564 704 2621 752 et
2642 703 2767 767 post
2788 694 2916 750 anni
2940 693 3205 749 circulum
3228 693 3609 749 comedantur.

2015 786 2074 842 Si
2103 795 2283 843 autem
2312 786 2465 858 porci
2507 785 2807 842 occiderint
2843 783 3139 848 hominem,
3171 782 3356 838 statim
3400 781 3616 837 interﬁ-

2016 876 2229 932 ciantur
2251 883 2306 930 et
2332 874 2679 945 sepeliantur.

2482 964 2885 1022 CAPITULUM
2910 964 3096 1020 XVIII.

2019 1058 2097 1113 De
2119 1056 2225 1112 illis
2248 1058 2337 1130 qui
2360 1072 2571 1113 carnem
2594 1056 2950 1179 morticinam,
2976 1053 3055 1109 vel
3078 1054 3405 1109 immundam
3445 1071 3621 1110 come-

2767 1135 2922 1179 ermt.

2767 1135 2901 1181 crint
2909 1165 2922 1179 .

2096 1230 2121 1259 ο
2149 1217 2248 1286 Qui
2280 1218 2573 1273 manducat
2595 1229 2815 1272 carnem
2848 1215 3205 1280 immundam,
3230 1222 3323 1269 aut
3369 1215 3618 1271 mortici-

2021 1324 2167 1375 nam,
2213 1315 2309 1362 aut
2349 1307 2698 1363 dilaceratam
2745 1321 2776 1360 a
2820 1304 3031 1371 bestiis,
3079 1304 3443 1377 quadraginta
3493 1306 3614 1361 dies

2021 1399 2300 1472 paeniteat.
2327 1397 2387 1454 Si
2408 1404 2588 1454 autem
2605 1395 2929 1452 necessitate
2947 1393 3107 1451 famis
3124 1394 3429 1466 contingat,
3444 1395 3617 1451 multo

2023 1492 2196 1549 levius
2222 1500 2324 1548 est.

2528 1577 2926 1636 CAPITULUII
2966 1577 3109 1634 XIX.

2023 1681 2103 1738 De
2149 1682 2256 1738 illis
2285 1682 2375 1753 qui
2418 1680 2690 1751 sanguine,
2720 1677 2797 1734 uel
2837 1677 2943 1733 alio
2970 1676 3243 1730 immundo
3286 1674 3613 1745 polluuntur.

345 1768 682 1864 Zonfessione
707 1768 984 1873 placabilis
1025 1768 1364 1869 permaneat:
1402 1768 1728 1863 Fletus—ejus
1752 1799 1807 1847 et
1829 1804 1924 1860 pe-

2101 1774 2122 1816 ι
2147 1773 2252 1842 Qui
2283 1772 2564 1844 sanguine,
2594 1771 2678 1827 vel
2698 1783 3020 1842 quocunque
3042 1769 3318 1824 immundo
3339 1768 3617 1838 polluitur,

346 1899 465 1953 titio
492 1903 805 1967 perpetuam
832 1887 1177 1947 clementiam
1206 1893 1354 1940 tuam
1404 1882 1653 1939 celeriter
1678 1886 1927 1945 exorent,

347 1988 654 2056 sanctisque
681 1982 943 2038 altaribus
968 1978 1249 2034 restitutus
1276 1974 1390 2045 spei
1415 1987 1605 2028 rursus
1632 1978 1847 2026 aeternae
1869 1982 1933 2023 ac

346 2078 552 2137 caelesti
581 2077 765 2148 gloriae
790 2071 1145 2142 mancipetur.
1193 2067 1297 2134 Qui
1334 2064 1473 2120 vivis
1500 2070 1555 2120 et
1583 2074 1794 2133 regnas,
1822 2066 1929 2115 etc.

1027 2175 1243 2219 ORATIO.

422 2264 563 2319 Deus
582 2260 927 2329 omnipotens
953 2256 1027 2311 sit
1066 2253 1279 2323 adiutor
1303 2260 1358 2306 et
1391 2256 1666 2322 protector
1701 2255 1844 2315 tuus,
1881 2253 1939 2302 et

350 2359 571 2424 prmstet
590 2349 978 2420 indulgentiam
1001 2346 1066 2401 de
1082 2343 1318 2414 peccatis
1341 2341 1451 2397 tuis
1466 2339 1778 2413 przeteritis,
1802 2352 1938 2408 prm-

354 2445 616 2509 sentibus,
643 2448 698 2497 et
726 2453 751 2482 ι
782 2439 1000 2494 futuris.

867 2525 1267 2585 CAPITULUM
1304 2523 1442 2580 XIV.

358 2622 424 2679 Ut
453 2621 627 2677 nullus
652 2615 1043 2691 episcopus,_vel
1069 2615 1347 2691 ριίεσζιειιιει·⁸
1371 2612 1587 2691 alterius
1615 2609 1937 2691 panitentem

668 2682 781 2745 sine
808 2682 991 2742 litteris
1016 2682 1096 2740 sui
1122 2682 1347 2755 episcopi
1374 2682 1644 2752 suscipiat.

425 2782 736 2841 Curandum
761 2787 847 2837 est
870 2794 1002 2835 vero
1036 2777 1295 2841 maxime,
1322 2782 1377 2830 et
1404 2773 1550 2829 omni
1580 2770 1790 2828 cautela
1816 2783 1941 2842 pro-

356 2873 667 2937 videndum,
697 2886 768 2927 ne
798 2869 921 2940 quis
966 2867 1215 2933 fratrum,
1256 2865 1801 2936 coepiscoporumque
1839 2875 1939 2916 no-

358 2973 618 3029 strorum,
647 2969 741 3017 aut
776 2961 941 3015 etiam
976 2958 1418 3030 presbyterorum
1445 2955 1503 3010 in
1546 2953 1769 3010 alterius
1810 2952 1944 3009 civi-

359 3062 470 3110 tate
490 3055 575 3109 vel
596 3053 817 3110 dimcesi
860 3052 1226 3122 pmnitentem,
1259 3048 1344 3105 vel
1373 3048 1472 3104 sub
1507 3061 1669 3100 manu
1703 3045 1940 3115 positum

2028 1864 2077 1921 si
2103 1864 2279 1920 nescit
2302 1863 2398 1934 qui
2435 1859 2748 1927 manducat,
2775 1860 2891 1916 leve
2918 1868 3021 1916 est.
3053 1857 3111 1915 Si
3136 1869 3319 1914 autem
3351 1859 3479 1924 scit,
3502 1873 3621 1928 pm-

2028 1956 2203 2014 niteat
2224 1955 2377 2027 juxta
2405 1954 2621 2011 modum
2647 1952 2977 2022 pollutionis.

2538 2065 2936 2123 CAPITULUM
2973 2065 3093 2120 XX.

2032 2165 2112 2221 De
2128 2163 2234 2219 illis
2252 2163 2343 2236 qui
2363 2161 2661 2227 comedunt,
2688 2167 2777 2213 aut
2801 2157 2980 2236 bibunt
3000 2154 3285 2236 immundis
3306 2153 3623 2208 animalibus
3689 2166 3705 2176 '

2519 2241 2716 2286 tactum
2742 2227 2823 2285 uel
2846 2227 3141 2282 intinctam.

2110 2325 2268 2394 ‘.Qui
2295 2324 2551 2389 comedit,
2579 2321 2665 2378 vel
2690 2320 2827 2376 bibit
2869 2319 3155 2374 intinctum
3185 2331 3217 2370 a
3249 2313 3507 2369 familiari
3532 2315 3621 2369 bc-

2036 2417 2162 2484 stia,
2194 2416 2247 2472 id
2271 2423 2374 2480 est,
2403 2429 2558 2480 cane,
2586 2421 2719 2478 etc.,
2738 2418 2795 2466 et
2831 2408 2953 2474 scit,
2984 2416 3201 2463 centum
3230 2404 3473 2477 psalmos
3500 2420 3618 2459 can~

2039 2517 2132 2565 tet.
2165 2507 2223 2564 Si
2259 2507 2455 2572 nescit,
2482 2507 2616 2561 duos
2639 2504 2755 2560 dies
2793 2500 3021 2573 jejunet,
3045 2498 3131 2554 vel
3165 2498 3211 2553 si
3246 2497 3516 2552 redimere
3545 2510 3614 2550 vo

2037 2599 2219 2665 luerit,
2250 2597 2638 2669 quinquaginta
2670 2594 2906 2664 psalmos
2930 2599 3131 2647 cantet.
3179 2588 3281 2656 Qui
3334 2588 3545 2644 dederit
3566 2587 3623 2642 Ii-

2039 2704 2265 2761 quorem
2292 2689 2347 2744 in
2370 2702 2477 2758 quo
2500 2704 2620 2743 mus
2642 2688 2726 2742 vel
2751 2684 2977 2740 mustela
3007 2682 3205 2740 mortui
3236 2680 3444 2737 inventi
3481 2687 3624 2742 sunt,

2040 2784 2085 2837 si
2122 2782 2293 2837 laicus
2327 2789 2430 2846 est,
2464 2787 2670 2848 septem
2714 2778 2829 2833 dies
2873 2775 3150 2846 paeniteat.
3183 2771 3243 2829 Si
3285 2772 3345 2827 in
3367 2770 3627 2828 coenobiis

2041 2877 2291 2948 contigit,
2318 2881 2589 2930 trecentos
2633 2872 2867 2943 psalmos
2914 2876 3116 2924 cantet.
3168 2866 3269 2934 Qui
3316 2873 3507 2937 postea
3534 2877 3628 2918 no-

2040 2969 2199 3032 verit,
2228 2967 2370 3037 quod
2418 2966 2581 3021 talem
2610 2974 2798 3036 potum
2842 2962 3064 3027 biberit,
3107 2967 3327 3016 centum
3366 2958 3636 3029 quinqua-

2043 3059 2192 3130 ginta
2217 3064 2419 3113 cantet.
2449 3055 2507 3111 Si
2536 3056 2660 3126 quis
2688 3052 2986 3110 comederit
3012 3050 3365 3107 semicoctum
3405 3047 3629 3109 inscius,

360 3144 674 3207 sacerdotis,
701 3150 795 3198 aut
816 3108 939 3197 eum
961 3140 1052 3211 qui
1077 3136 1479 3195 reconciliatum
1500 3150 1560 3192 se
1580 3108 1778 3191 dixerit
1797 3148 1938 3199 esse,
1969 3108 2015 3172 Β
2744 3140 3060 3215 psalterium
3084 3148 3302 3202 cantet;
3333 3138 3511 3195 sciens
3539 3108 3633 3191 an;

360 3239 477 3292 sine
500 3235 736 3306 episcopi
761 3233 847 3289 vel
874 3230 1176 3303 presbyteri
1213 3226 1522 3283 testimonio
1556 3232 1610 3280 et
1635 3222 1852 3287 litteris,
1874 3223 1943 3278 ad

362 3327 517 3398 cujus
546 3324 782 3396 pertinet
804 3320 1080 3392 parochia,
1111 3316 1390 3385 suscipiat.

875 3426 1273 3485 CAPITULUM
1311 3424 1428 3482 XV.

362 3507 440 3561 De
462 3504 568 3561 illis
600 3504 689 3575 qui
717 3500 970 3557 animalia
1009 3498 1257 3575 a_bestiis
1297 3494 1603 3575 dilacerata,
1652 3502 1700 3547 et
1743 3490 1944 3564 laqueis

832 3566 1160 3638 strangulata
1189 3564 1484 3619 comedunt.

434 3666 464 3706 ι»
485 3661 772 3726 Animalia,
800 3672 919 3729 quae
943 3672 972 3710 a
996 3656 1135 3725 lupis
1176 3669 1272 3710 seu
1306 3669 1337 3708 a
1364 3654 1587 3709 canibus
1618 3651 1946 3718 lacerantur,

366 3770 474 3811 non
504 3762 631 3809 sunt
666 3749 1031 3809 comedenda:
1082 3762 1185 3803 nec
1230 3762 1440 3812 corvus,
1479 3761 1581 3803 nec
1619 3760 1868 3816 capreus,
1900 3745 1947 3801 si

371 3844 567 3901 mortui
593 3840 795 3897 inventi
842 3838 1079 3904 fuerint;
1125 3835 1229 3893 nisi
1259 3836 1398 3893 forte
1422 3838 1491 3893 ab
1518 3836 1738 3892 homine
1773 3836 1950 3892 adhuc

370 3936 491 3992 viva
513 3932 825 3990 occidantur
846 3929 1015 4001 prius,
1055 3926 1146 3984 sed
1173 3928 1353 3998 porcis
1390 3935 1445 3983 et
1468 3928 1693 3984 canibus
1730 3924 1945 3982 dentur.

369 4031 508 4086 Aves
535 4043 666 4084 vero
707 4034 763 4082 et
799 4023 1053 4081 animalia
1094 4030 1304 4085 czetera,
1354 4020 1400 4076 si
1444 4020 1501 4074 in
1538 4021 1742 4076 retibus
1775 4028 1951 4075 stran-

369 4121 639 4193 gulentur,
677 4132 783 4172 non
830 4121 956 4170 sunt
988 4110 1359 4179 comedenda;
1406 4124 1507 4165 nec
1547 4110 1595 4164 si
1626 4108 1953 4179 oppresserit

369 4209 646 4279 accipiter,
676 4214 730 4262 et
772 4205 817 4261 si
856 4204 935 4259 sic
959 4209 1174 4257 mortua
1201 4198 1546 4254 inveniuntur
1571 4215 1583 4252 :
1615 4198 1739 4267 quia
1766 4198 1823 4251 in
1849 4196 1953 4251 Ac-

373 4302 517 4357 tibus
560 4296 921 4368 apostolorum
963 4293 1277 4364 praacipitur
1321 4291 1591 4345 abstinere
1646 4305 1675 4344 a
1726 4288 1955 4346 fornica-

373 4395 539 4458 tione,
565 4406 596 4445 a
627 4390 903 4460 sanguine,
936 4395 989 4442 et
1019 4385 1303 4451 sulfocato,
1330 4392 1384 4439 et
1415 4383 1730 4440 idolola'ria.

865 4500 1263 4559 CAPITULUM
1298 4499 1439 4556 XVI.

692 4575 766 4629 De
789 4574 991 4644 apibus,
1012 4574 1057 4628 si
1076 4572 1313 4626 homines
1337 4570 1638 4625 occiderint.

446 4682 467 4710 σε
498 4670 660 4738 Apes,
691 4667 737 4721 si
766 4666 1036 4720 hominem
1070 4663 1343 4728 occidunt,
1391 4662 1519 4731 ipsa:
1557 4678 1770 4732 quoque
1812 4660 1957 4716 festi-

377 4770 572 4818 uentur
596 4758 787 4823 occidi,
813 4757 917 4811 mel
944 4765 1121 4811 tamen
1150 4754 1523 4809 manducetur.

866 4866 1261 4923 CAPITULUM
1298 4867 1459 4923 XVII.

376 4942 455 4999 De
472 4941 641 5014 porcis
656 4948 703 4993 et
723 4937 954 5009 gallinis,
977 4939 1022 4991 si
1044 4939 1349 5007 sanguinem
1370 4936 1635 4991 hominum
1657 4936 1951 4991 comedunt.

448 5033 478 5075 ά
510 5031 570 5090 Si
594 5031 745 5103 porci
785 5029 868 5084 vel
896 5029 1106 5100 gallina:
1151 5028 1466 5099 sanguinem
1514 5028 1748 5084 hominis
1774 5045 1955 5085 come-

448 5180 477 5209 ι
508 5165 736 5237 Regino,
762 5163 796 5217 ι.
830 5178 848 5217 ι
876 5160 944 5216 de
976 5160 1124 5217 Eccl.
1151 5160 1320 5226 Disc.,
1348 5176 1467 5231 cap.
1491 5161 1597 5216 300
1622 5160 1889 5230 ;'Burch.,
1917 5166 1955 5218 l.

376 5234 779 5379 "16.1.3111
805 5301 1026 5379 _Judici_a
1051 5316 1102 5356 c.
1134 5300 1234 5379 29“;
1277 5300 1433 5379 Beda:
1461 5316 1581 5379 (περ.
1624 5302 1702 5357 De
1728 5305 1961 5379 diuersis

378 5380 576 5443 causis,
606 5372 725 5447 cap.
760 5374 845 5429 14.
875 5372 1478 5447 Antiq_u‘um_Pmnitent.
1512 5373 1668 5427 Rom.
1695 5375 1956 5447 abhllalit-

379 5451 530 5521 gario
559 5442 918 5525 'exsc:tjptum_1
943 5460 993 5498 c.
1164 5442 1386 5525 Burch.,
1418 5442 1456 5495 l.
1487 5459 1603 5508 xix,
1632 5459 1678 5497 c.
1717 5444 1815 5512 85;
1850 5447 1960 5514 Ivo,

379 5512 433 5591 ὖ.
468 5535 558 5582 xv,
588 5534 638 5573 c.
664 5512 757 5583 97,
785 5532 847 5571 ex
879 5513 1166 5570 Pmnitent.
1196 5512 1400 5567 Theod.
1948 5512 1953 5514 '

454 5600 474 5627 ο
506 5587 726 5649 Burch.,
752 5586 787 5640 Ι.
824 5600 1003 5653 xtx,c.
1029 5583 1126 5649 86;
1155 5581 1266 5648 Ivo,
1292 5597 1346 5652 p.
1376 5597 1486 5649 xxv,
1512 5597 1560 5638 c.
1589 5584 1678 5648 98,
1708 5599 1770 5640 ex
1787 5586 1965 5643 Pa‘ni-

384 5664 515 5711 teut.
545 5658 747 5710 Theod.

451 5727 478 5767 ιι
508 5726 728 5791 Burch.,
757 5725 791 5778 1.
827 5740 938 5791 xix,
964 5738 1014 5778 c.
1043 5724 1143 5789 88;
1174 5721 1285 5789 Ivo,
1310 5738 1362 5793 p.
1403 5738 1491 5791 xv,
1517 5738 1564 5778 c.
1594 5723 1682 5779 99.

1981 4451 2034 4511 D

2043 3248 2175 3306 tem,
2202 3246 2405 3308 septem
2430 3237 2546 3293 dies
2572 3237 2852 3309 paeniteat.
2899 3234 3007 3289 Ρη)
3037 3232 3180 3288 furto
3206 3231 3421 3287 modico
3444 3228 3637 3301 viginti

2042 3329 2160 3386 dies
2182 3330 2460 3400 poeniteat.
2507 3328 2652 3384 Puer
2675 3328 2768 3399 qui
2795 3334 2878 3383 est
2904 3339 3169 3382 annorum
3207 3323 3393 3379 decem
3420 3321 3638 3391 aliquod

2046 3421 2252 3478 furtum
2279 3421 2508 3487 faciens,
2539 3426 2746 3491 septem
2776 3418 2891 3475 dies
2910 3416 3186 3488 paeniteat.
3220 3412 3276 3470 Si
3299 3412 3425 3483 quis
3459 3412 3640 3466 tinxe-

2047 3513 2121 3569 rit
2150 3528 2372 3570 manum
2396 3514 2451 3568 in
2493 3512 2674 3582 aliquo
2697 3510 2819 3566 cibo
2846 3508 3050 3579 liquido
3082 3514 3138 3563 et
3165 3520 3270 3560 non
3301 3504 3493 3560 idonea
3520 3516 3641 3556 ma-

2047 3620 2142 3671 nu,
2172 3611 2389 3660 centum
2415 3602 2672 3674 palmatis
2696 3600 3036 3657 emnndetur.
3065 3597 3124 3653 Si
3152 3597 3207 3651 in
3234 3595 3429 3660 farina,
3458 3601 3557 3648 aut
3582 3591 3641 3647 in

2049 3695 2229 3766 aliquo
2254 3696 2400 3751 sicco
2424 3695 2567 3758 cibo,
2597 3700 2690 3747 aut
2712 3692 2766 3746 in
2790 3690 2961 3762 pulte,
2989 3696 3080 3743 aut
3105 3687 3160 3742 in
3184 3686 3325 3740 lacte
3352 3681 3641 3753 coagulato

2049 3800 2172 3840 mus
2212 3784 2299 3839 vel
2340 3782 2571 3838 mustela
2617 3780 2963 3835 inveniun'ur
3004 3774 3221 3840 mortui,
3265 3773 3490 3844 quodin
3533 3772 3645 3827 cir-

2051 3878 2197 3932 cuitu
2221 3875 2338 3946 ejus
2357 3882 2460 3939 est,
2493 3880 2660 3928 totum
2679 3869 2992 3943 projicietur
3016 3866 3192 3933 foras;
3220 3863 3366 3935 quod
3389 3862 3643 3918 relictum

2052 3974 2155 4032 est,
2182 3965 2555 4021 manducetur.

2562 4070 2958 4131 CAPITULUM
2994 4067 3116 4125 XXI

2305 4188 2380 4243 De
2404 4187 2508 4242 illis
2535 4186 2623 4257 qui
2669 4185 2760 4239 diu
2787 4182 3001 4238 reticent
3026 4188 3238 4251 peccata
3267 4194 3384 4233 sua.

2126 4302 2153 4341 ιι
2193 4300 2484 4355 Sciendum
2508 4314 2637 4355 vero
2657 4307 2762 4363 est,
2786 4303 3045 4366 quantum
3069 4292 3192 4363 quis
3208 4307 3378 4363 opere
3397 4300 3649 4348 moratur

2057 4392 2113 4447 in
2141 4392 2393 4463 peccatis,
2423 4400 2571 4447 tanto
2598 4390 2770 4461 magis
2791 4389 2994 4459 agenda
3013 4395 3097 4442 est
3120 4385 3461 4457 pmnitentia.

2549 4498 2946 4557 CAPITULUM
2980 4497 3143 4554 XXII.

2255 4592 2333 4646 De
2364 4592 2469 4646 illis
2495 4593 2583 4664 qui
2611 4590 2837 4661 aliquem
2864 4591 2918 4644 in
2947 4590 3029 4643 ira
3055 4596 3440 4655 percusserunt.

2133 4683 2150 4723 ί
2188 4681 2244 4735 Si
2274 4681 2397 4751 quis
2421 4681 2654 4750 aliquem
2680 4695 2777 4750 per
2802 4680 2940 4734 iram
2979 4678 3329 4748 percusserit,
3352 4686 3413 4733 et
3432 4676 3651 4751 sangui-

2054 4786 2179 4826 nem
2205 4748 2476 4837 elluderit,
2512 4748 2565 4827 si
2610 4748 2779 4826 laicus
2821 4776 2923 4835 est,
2956 4769 3140 4839 viginti
3184 4768 3301 4824 dies
3346 4748 3647 4839 permeat,

2056 4860 2305 4925 clericus,
2358 4862 2596 4933 triginta.
2645 4860 2725 4916 Illi
2771 4869 2971 4925 autem,
3023 4861 3113 4929 qui
3152 4860 3380 4930 gradum
3424 4860 3647 4922 halent.

2058 4951 2286 5020 amplius
2308 4953 2420 5022 pati
2449 4953 2645 5008 debent
2670 4970 2683 5005 :
2712 4952 2971 5007 diaconus
2994 4964 3089 5006 se:
3113 4964 3349 5013 menses,
3365 4949 3652 5020 presber

2057 5056 2221 5095 unum
2245 5058 2467 5111 annum,
2491 5044 2774 5113 episcOpus
2795 5040 2932 5097 duos
2953 5055 3124 5095 annos
3145 5048 3200 5094 et
3217 5052 3313 5094 sex
3341 5054 3575 5094 menses.

2106 5201 2108 5205 ν
2137 5186 2160 5215 ε
2189 5174 2419 5246 Theod.,
2450 5190 2568 5246 cap.
2601 5174 2707 5239 8'5;
2746 5173 2902 5246 Beda:~
2941 5188 3059 5246 can.
3094 5170 3172 5246 De
3210 5170 3428 5246 diversis
3452 5171 3651 5246 causis,

2061 5260 2183 5315 cap.
2231 5245 2334 5309 li;
2386 5241 2532 5315 Reg.’
2554 5245 2589 5315 l.
2622 5261 2683 5308 ιι,
2714 5261 2763 5315 c.
2807 5244 2951 5315 399;
2985 5241 3256 5315 Burch.,}
3312 5255 3497 5308 srx,c.
3533 5242 3603 5296 88
3632 5257 3649 5306 ;

2062 5311 2174 5423 lvo',
2288 5330 2377 5379 xv,
2408 5311 2612 5380 αξιοι),
2639 5329 2705 5369 ex
2730 5314 3019 5368 Pmnitent.
3052 5311 3258 5366 Theod.

2238 5386 2414 5443 urch..
2438 5385 2476 5438 I.
2505 5402 2622 5443 arx.
2645 5400 2696 5443 c.
2728 5383 2833 5443 90;
2863 5383 2973 5443 Ivo,
3004 5397 3058 5443 ι).
3089 5397 3175 5443 xv,
3206 5396 3257 5435 c.
3286 5379 3388 5436 I02

2376 5423 2414 5450 .,
2439 5396 2476 5438 ι.
2505 5402 2622 5449 arx,
2645 5400 2696 5443 c.
2728 5396 2833 5449 UU;
2863 5396 2973 5446 tvo,
3004 5397 3058 5450 p.
3089 5397 3175 5443 xv,
3206 5396 3257 5435 c.
3286 5396 3410 5436 ιυιι.

2140 5397 2154 5423 ι
2193 5397 2414 5450 Burch.,
2439 5397 2476 5438 ι.
2505 5402 2622 5449 arx,
2645 5400 2696 5443 c.
2728 5397 2833 5449 90;
2863 5397 2973 5446 tvo,
3004 5397 3058 5452 p.
3089 5397 3175 5443 xv,
3206 5397 3257 5435 c.
3286 5397 3410 5436 ιυιι.

2140 5456 2165 5494 Β
2183 5453 2347 5536 .Bedae
2380 5470 2623 5537 .canones
2648 5455 2716 5510 ad
2740 5454 2976 5510 remedia
3017 5459 3250 5523 pceeat.,
3277 5464 3326 5504 c.
3355 5450 3442 5515 l4,
3472 5447 3550 5504 De
3571 5444 3647 5504 di-

2066 5540 2222 5579 l‘ﬂ‘ﬂs
2247 5541 2439 5579 causis.

2135 5596 2163 5635 ιι
2196 5596 2423 5665 Regina,
2456 5595 2492 5649 l.
2525 5612 2587 5659 ιι,
2615 5611 2665 5650 c.
2700 5594 2827 5661 136;
2852 5593 3081 5659 Burch.,
3103 5589 3141 5645 Ι.
3166 5606 3246 5659 ιι,
3273 5605 3325 5648 c.
3348 5588 3437 5646 68.

2148 5667 2163 5705 ί
2197 5666 2421 5736 Regillo,
2449 5666 2487 5719 I.
2523 5682 2582 5731 ll,
2614 5681 2661 5720 c.
2683 5666 2804 5720 455.
