3924 6180
296 306 402 362 935

779 416 1174 476 CAPITULUM
1212 419 1396 473 XXIII.

405 513 481 567 De
506 511 610 564 illis
629 511 720 581 qui
751 511 1107 564 truncationes
1148 510 1495 564 membrorum
1525 511 1777 579 fecerunt.

366 615 393 643 α
423 601 525 669 Qui
549 617 646 672 per
672 601 845 655 rixam
870 601 978 655 ictu
1020 600 1249 655 debilem
1281 600 1363 655 vel
1393 599 1688 655 deformem
1715 599 1888 653 homi-

290 710 422 750 nem
447 692 657 756 l‘ecerit,
690 691 880 746 reddat
923 694 1192 761 impensas
1224 693 1455 755 medico,
1490 692 1517 731 ι»
1562 701 1613 744 ει
1654 691 1886 744 medium

290 801 496 841 annum
526 785 804 855 pmniteat.
840 783 897 838 Si
945 798 1050 838 non
1098 783 1346 838 habuerit
1377 785 1516 837 unde
1549 782 1754 846 reddat,
1798 798 1890 835 an-

290 894 423 932 num
453 893 616 932 unum
646 875 921 946 pmniteat.
953 873 1011 928 Si
1043 875 1210 930 laicus
1237 891 1332 944 per
1357 874 1536 928 dolum
1573 876 1888 945 sanguinem

286 966 566 1031 eﬂ'uderit,
598 965 789 1020 reddat
835 965 910 1020 illi
955 973 1164 1020 tantum
1194 975 1455 1036 quantum
1501 967 1701 1020 nocuit.
1751 965 1889 1020 Etsi

288 1075 402 1115 non
430 1060 594 1114 habet
622 1059 765 1113 unde
796 1058 1006 1122 reddat,
1052 1060 1224 1114 solvat
1255 1061 1309 1112 in
1338 1074 1501 1128 opere
1525 1059 1757 1128 proximi
1784 1059 1886 1123 sui,

287 1149 537 1220 quandiu
566 1149 657 1204 ille
685 1149 950 1204 inﬁrmus.
996 1151 1064 1205 Et
1107 1159 1293 1222 postea
1320 1151 1674 1222 quadraginta
1699 1151 1812 1206 dies
1837 1149 1888 1204 in

283 1257 434 1312 pane
463 1249 522 1296 et
551 1256 690 1310 aqua
714 1242 998 1310 poeniteat.

807 1351 1203 1409 CAPITULUM
1237 1355 1423 1410 XXIV.

936 1423 1016 1477 De
1057 1425 1256 1478 eodem.

363 1514 471 1582 Qui
519 1517 682 1570 ictum
710 1516 960 1585 proximo
995 1515 1222 1582 dederit,
1251 1526 1307 1572 et
1351 1533 1457 1572 non
1481 1520 1742 1582 nocuerit,
1781 1528 1894 1573 tres

285 1608 410 1662 dies
434 1607 488 1661 in
510 1621 648 1676 pane
668 1617 721 1662 et
743 1623 881 1673 aqua
908 1609 1186 1678 poeniteat.
1212 1609 1270 1664 Si
1292 1610 1542 1674 clericus,
1565 1625 1789 1676 annum,
1811 1611 1894 1665 vel

285 1698 600 1753 dimidium.
633 1695 690 1752 Si
715 1699 838 1767 quis
879 1699 1038 1753 alicui
1068 1699 1344 1769 quodlibet
1374 1701 1678 1755 membrum
1709 1702 1896 1756 volun—

286 1800 407 1844 tate
436 1804 533 1844 sua
560 1790 913 1854 truncaverit,
956 1797 1067 1844 tres
1095 1806 1266 1845 annos
1308 1792 1570 1861 pmnileat
1597 1793 1649 1845 in
1675 1808 1812 1861 pane
1837 1801 1892 1846 et

275 1895 461 1951 aqua.
503 1878 721 1933 Parvuli
748 1895 807 1935 se
839 1880 1066 1935 invicem
1097 1881 1487 1950 perculientes,
1517 1891 1626 1936 tres
1667 1882 1798 1936 dies.
1833 1880 1891 1937 Si

287 1986 424 2028 vero
449 1969 840 2036 adolescentes,
869 1971 1056 2041 viginti
1080 1971 1194 2026 dies
1222 1973 1534 2042 pmnitcant.

798 2081 1197 2139 CAPITULUM
1227 2083 1392 2137 XXV.

289 2153 371 2206 De
402 2151 513 2206 illis
541 2153 630 2223 qui
675 2152 743 2205 ad
787 2151 1081 2220 feriendum
1115 2153 1376 2206 hominem
1423 2154 1766 2221 surrexerint,
1808 2171 1895 2207 vo-

532 2224 694 2278 lentes
717 2239 835 2276 eum
863 2223 1116 2288 occidere,
1146 2233 1194 2277 et
1225 2240 1328 2277 non
1361 2233 1663 2294 potuerunt.

359 2317 470 2382 Qui
526 2315 596 2369 ad
648 2313 950 2368 feriendum
1000 2315 1275 2369 hominem
1333 2314 1655 2379 surrexerit,
1709 2313 1896 2369 volens

285 2421 419 2461 eum
455 2403 728 2467 occidere,
758 2409 870 2457 tres
893 2403 1226 2470 septimanas
1251 2403 1530 2472 poeniteat.
1580 2400 1636 2456 Si
1665 2402 1896 2459 clericus

285 2494 476 2556 fuerit,
529 2508 624 2548 sex
670 2507 903 2548 menses.
950 2491 1105 2559 Quod
1150 2493 1196 2547 si
1233 2491 1620 2556 vulneraverit,
1653 2492 1894 2561 quadra-

288 2588 448 2658 ginta
476 2585 616 2642 dies.
647 2585 704 2641 Si
751 2586 982 2641 clericus
1010 2587 1292 2651 clericum,
1323 2602 1524 2641 annum
1552 2594 1725 2641 totum
1751 2605 1765 2643 :
1798 2588 1896 2644 sed

285 2688 347 2736 et
372 2678 667 2752 pecuniam
693 2693 798 2750 pro
826 2678 986 2734 modo
1016 2679 1274 2744 vulneris,
1301 2681 1388 2734 cui
1432 2678 1644 2744 inﬂixit,
1668 2680 1892 2736 tribuat.

780 2789 1181 2846 CAPITULUM
1220 2790 1408 2846 XXVI.

532 2860 611 2915 De
642 2859 748 2916 illis
774 2863 863 2932 qui
895 2861 994 2915 sibi
1019 2861 1146 2932 ipsis
1176 2870 1392 2915 mortem
1420 2862 1672 2932 inferunt.

425 2953 657 3020 Placuit,
679 2962 740 3008 ut
763 2953 854 3022 qui
879 2953 982 3008 sibi
1008 2953 1142 3024 ipsis
1160 2953 1522 3008 voluntariam
1545 2969 1645 3022 per
1666 2953 1894 3022 ferrum,

288 3056 391 3102 aut
419 3060 708 3111 venenum,
739 3053 833 3100 aut
875 3059 974 3116 per
998 3045 1377 3114 praecipitium,
1408 3051 1502 3098 aut
1544 3059 1642 3114 per
1670 3061 1897 3115 suspen-

1406 304 1964 362 ΡωΝιτεΝτιΑιε.
2003 333 2070 342 ——
2108 301 2453 358 CAPITULA

3465 306 3570 361 94":

1909 425 1958 480 Α
1986 426 2164 470 autem
2202 415 2606 484 praesumpserit
2637 421 2762 469 ante
2802 423 3009 486 tempus
3058 418 3379 488 praeﬁnitum
3404 419 3572 474 eCclc—

1989 504 2125 558 siam
2173 506 2396 570 intrare,
2438 512 2517 557 tot
2567 504 2681 559 die‘s
2728 506 2783 558 in
2828 521 2966 576 pane
3012 516 3068 561 et
3112 525 3250 578 aqua
3295 509 3572 578 pmniteat.

1990 605 2119 664 quot
2165 597 2391 651 ecclesia
2442 613 2630 653 carere
2679 598 2959 653 debuerat.
3010 598 3110 665 Qui
3160 610 3338 656 autem
3381 617 3578 658 concuc

1989 688 2170 743 buerit
2201 704 2322 742 cum
2345 703 2407 743 ea
2433 705 2501 743 ex
2542 689 2629 744 bis
2654 690 2861 755 diebus,
2895 690 3080 745 decem
3126 693 3240 746 dies
3271 694 3322 746 in
3356 709 3494 762 pane
3523 701 3576 748 et

1992 792 2130 845 aqua
2157 778 2432 846 pmniteat.
2549 843 2552 848 ι

2469 869 2864 924 CAPITULL'M
2905 871 3094 924 XXIX.

1993 959 2067 1012 De
2094 958 2198 1013 illis
2224 961 2312 1030 qui
2340 959 2614 1013 libidinose
2640 962 3032 1082 oqtrertavcrint
3064 962 3305 1031 puellam,
3338 973 3427 1016 aut
3459 981 3575 1018 mu-

2708 1049 2884 1082 ieram.

2708 1049 2884 1084 teram.

2069 1121 2087 1160 ί
2116 1122 2172 1177 Si
2204 1123 2326 1192 quis
2345 1123 2731 1177 oblrectaverit
2750 1124 2954 1192 puellae,
2986 1133 3078 1177 aut
3105 1125 3344 1180 mulieris
3368 1134 3579 1194 pectus,

1993 1213 2078 1267 vel
2117 1213 2503 1283 turpitudinem
2552 1226 2769 1278 earum,
2818 1216 2862 1268 si
2917 1215 3145 1271 clericus
3185 1225 3301 1281 est,
3345 1219 3581 1289 quinque

1994 1305 2139 1368 dies;
2174 1304 2220 1358 si
2248 1303 2438 1370 laicus,
2464 1311 2575 1358 tres
2599 1304 2715 1359 dies
2743 1306 3018 1375 poeniteat.
3050 1306 3361 1372 Monachus,
3390 1309 3473 1364 vel
3499 1326 3582 1364 sa—

1993 1393 2186 1449 cerdos
2212 1409 2243 1447 a
2274 1394 2577 1448 ministerio
2606 1394 2786 1448 divino
2824 1395 3093 1464 suspensi,
3126 1397 3172 1450 si
3201 1398 3327 1465 quid
3366 1398 3471 1452 tale
3501 1399 3581 1455 l'e—

1994 1484 2195 1549 cerint,
2227 1483 2418 1555 viginti
2460 1484 2575 1538 dies
2619 1484 2934 1553 poeniteant.
2983 1485 3255 1554 Scriptum
3294 1496 3378 1542 est
3413 1488 3581 1554 enim,

1997 1592 2157 1645 neque
2185 1574 2434 1645 tetigeris,
2463 1591 2625 1646 neque
2651 1574 3012 1630 obtrectat'eris
3041 1577 3416 1647 turpitudinem
3444 1578 3587 1648 femi-

1999 1685 2206 1722 narum.

2488 1760 2886 1818 CAPITULUM
2923 1763 3089 1818 XXX.

2080 1851 2155 1905 De
2178 1851 2283 1904 illis
2308 1850 2396 1921 qui
2425 1869 2542 1904 cum
2571 1852 2876 1906 mulieribus
2905 1854 2959 1907 in
2983 1853 3166 1907 balneo
3193 1871 3246 1908 se
3267 1855 3502 1909 laverint.

2073 1945 2097 1983 ⁸
2139 1941 2194 1997 Si
2235 1943 2356 2013 quis
2389 1942 2444 1996 in
2473 1942 2664 1998 balneo
2711 1960 2767 1998 se
2809 1944 2991 1998 lavare
3034 1945 3438 2015 praesumpserit
3463 1961 3582 2000 cum

1998 2033 2316 2088 mulieribus
2337 2073 2352 2098 ,
2381 2041 2491 2088 tres
2521 2034 2634 2090 dies
2662 2036 2954 2105 poeniteat,
2979 2045 3035 2091 et
3055 2035 3284 2092 ulterius
3310 2052 3413 2092 non
3453 2053 3586 2108 prte-

1999 2130 2197 2177 sumat.

2481 2217 2878 2274 CAPITULUM
2915 2218 3111 2274 XXXI.

2001 2309 2067 2363 Ut
2097 2310 2274 2366 nullus
2303 2312 2441 2366 alius
2471 2322 2752 2380 prtrsumat
2780 2313 3130 2380 paenitentiam
3171 2312 3315 2374 dare,
3363 2311 3441 2365 vel
3467 2327 3588 2365 con-

2089 2381 2364 2450 fessionem
2392 2382 2595 2448 audire,
2627 2399 2785 2453 quam
2811 2384 3078 2453 episcopus
3108 2380 3182 2436 vel
3215 2380 3498 2451 presbyter.

2071 2473 2096 2512 ιι
2125 2473 2278 2530 Sicut
2321 2474 2465 2530 enim
2501 2474 2824 2528 sacriﬁcium
2869 2473 3063 2528 oll‘erre
3093 2487 3199 2527 non
3246 2472 3461 2535 debent,
3489 2471 3590 2525 nisi

2000 2567 2262 2637 episcopi,
2291 2566 2376 2621 vel
2401 2567 2724 2637 presbyteri,
2753 2566 2949 2635 quibus
2976 2566 3156 2620 claves
3180 2563 3329 2634 regni
3357 2561 3591 2617 cmlcstis

2001 2657 2214 2712 traditae
2243 2664 2400 2722 sunt,
2431 2657 2508 2711 sic
2546 2672 2645 2712 nec
2674 2656 3047 2726 ptenitentium
3072 2655 3274 2725 judicia
3312 2651 3402 2706 alii
3433 2667 3590 2706 usur-

1998 2765 2130 2822 pare
2157 2749 2375 2804 debent.
2412 2747 2470 2802 Si
2509 2755 2689 2803 autem
2730 2747 3028 2802 necessitas
3063 2746 3332 2809 evenerit,
3377 2752 3436 2798 ut
3462 2758 3588 2815 pre—

2001 2843 2182 2913 sbyter
2224 2858 2330 2897 non
2367 2841 2528 2897 fuerit
2561 2855 2816 2911 przesens,
2846 2841 3104 2896 diaconus
3129 2838 3387 2908 suscipiat
3413 2837 3588 2908 poeni-

2000 2941 2203 2988 tentem
2232 2933 2300 2988 ad
2326 2933 2760 2988 communionem
2788 2939 3052 2986 sanctam.

2474 3041 2871 3098 CAPITULUM
2908 3041 3122 3096 XXXII.

290 3141 472 3201 dium,
500 3136 585 3191 vel
619 3112 1060 3206 quolibet—modo
1103 3112 1343 3189 inierunt
1383 3112 1636 3199 mortem,
1668 3112 1814 3189 nulla
1841 3135 1896 3189 in
1925 3127 1973 3191 C
2005 3114 2078 3169 De
2119 3114 2436 3206 εέτπροτξθω
2471 3114 2659 3184 (μάθω
2693 3130 2748 3167 ³⁸
2776 3115 3048 3206 ίσοηίίηενξ
3087 3112 3268 3206 ἀεθεηι
3305 3113 3589 3206 coniuga“-

287 3230 575 3285 oblatione
622 3243 721 3298 pro
769 3226 876 3282 illis
921 3226 1364 3282 commemoratio
1395 3225 1513 3290 llat,
1559 3240 1734 3295 neque
1769 3241 1896 3282 cum

287 3318 526 3389 psalmis
551 3318 619 3373 ad
645 3316 979 3388 sepulturam
1009 3315 1345 3372 deducantur
1368 3332 1557 3372 eorum
1606 3317 1890 3372 cadavera.

291 3412 453 3466 Multi
474 3411 620 3467 enim
648 3412 752 3466 hoc
785 3411 892 3466 sibi
933 3408 1024 3478 jus
1061 3417 1325 3479 usurpant
1363 3423 1461 3478 per
1489 3409 1893 3481 ignorantiam;

290 3503 552 3560 similiter
578 3511 635 3558 et
675 3502 742 3558 de
768 3502 855 3557 his
882 3501 1086 3571 placuit
1113 3500 1250 3567 ﬁeri,
1298 3501 1390 3571 qui
1435 3515 1534 3570 pro
1574 3501 1686 3556 suis
1727 3501 1896 3557 scele-

289 3597 454 3652 ribus
499 3594 814 3666 puniuntur.
865 3593 1182 3662 Quicunque
1228 3606 1286 3646 se
1332 3591 1550 3661 propria
1597 3591 1892 3656 voluntate,

293 3692 400 3740 aut
429 3685 485 3738 iu
531 3698 674 3753 aqua
707 3682 1019 3751 iactaverit,
1063 3690 1156 3736 aut
1183 3681 1376 3736 collum
1409 3681 1676 3752 ligaverit,
1708 3691 1804 3738 aut
1829 3684 1894 3740 de

290 3775 499 3831 arbore
553 3774 990 3845 prtecipitaverit,
1043 3781 1138 3827 aut
1193 3772 1338 3827 ferro
1390 3773 1740 3842 percusserit,
1801 3783 1896 3830 aut

289 3867 526 3923 cuilibet
547 3866 865 3921 voluntariae
888 3880 946 3921 se
987 3864 1148 3920 morti
1183 3863 1488 3926 tradiderit,
1513 3863 1669 3918 istius
1694 3863 1895 3920 oblatio

291 3973 408 4013 non
444 3957 759 4027 recipiatur.

777 4045 1176 4102 CAPITULUM
1215 4045 1425 4100 XXVII.

565 4137 632 4193 Ut
660 4137 867 4207 feminae
895 4145 1233 4193 menstruam:
1261 4154 1365 4192 non
1389 4138 1634 4208 o/I‘erant.

370 4233 396 4270 ἀ
431 4231 684 4286 Mulieres
731 4238 1013 4286 menstruo
1065 4239 1306 4299 tempore
1351 4245 1461 4285 non
1505 4230 1753 4297 offerant,
1797 4250 1898 4288 nec

292 4324 786 4390 sanctmmoniales,
843 4338 943 4378 nec
982 4323 1170 4388 laicae;
1219 4322 1264 4378 si
1294 4325 1757 4393 praesumpserint,
1789 4333 1897 4382 tres

291 4418 669 4474 hebdomadas
696 4417 1013 4488 pmuiteant.

762 4528 1161 4585 CAPITULUM
1196 4529 1430 4586 XXVIII.
1805 4590 1808 4592 _

295 4602 374 4656 De
401 4601 510 4656 illis
539 4601 765 4670 feminis,
805 4616 922 4671 quae
967 4610 1084 4654 ante
1112 4600 1365 4654 mundum
1392 4603 1697 4672 sanguinem
1738 4600 1899 4656 eccle-

477 4674 611 4726 s'am
649 4673 870 4736 intrant,
898 4679 946 4724 et
969 4686 1086 4740 quia
1106 4673 1373 4740 nupserint
1409 4673 1488 4725 liis
1518 4672 1717 4726 diebus.

377 4773 402 4800 ο
433 4759 624 4814 Mulier
653 4774 774 4828 quae
804 4759 974 4813 intrat
1001 4757 1289 4812 ecclesiam
1335 4765 1460 4812 ante
1489 4760 1744 4813 mundum
1775 4775 1896 4813 san-

291 4852 522 4925 guinem
547 4859 668 4921 post
698 4859 911 4921 partum
940 4869 952 4904 :
983 4850 1027 4904 si
1058 4850 1358 4905 mascalum
1387 4851 1654 4921 genuerit,
1683 4852 1896 4922 triginta

293 4953 417 5002 tres
452 4944 606 5009 dies;
655 4945 700 4999 si
749 4943 1028 5008 feminam,
1073 4943 1463 5014 quinquaginta
1512 4958 1627 4999 sex.
1680 4943 1736 4998 Si
1781 4959 1900 5014 quae

371 5087 398 5115 ι
433 5073 715 5143 Reginn,l.
749 5091 810 5138 ιι,
839 5090 889 5127 c.
919 5072 1008 5137 54,
1038 5089 1104 5128 ex
1126 5074 1508 5130 Pmnitentiali.

377 5145 410 5184 δ
445 5144 802 5227 Ιπξρεηεθεοίη
850 5145 1090 5227 medicos
1134 5145 1359 5227 tribuat,
1406 5146 1728 5227 etmmacula:
1760 5159 1902 5227 ,ρης-

299 5217 441 5269 tium
469 5221 526 5268 et
551 5228 686 5282 opus
711 5214 850 5281 ejus,
875 5215 1046 5270 donec
1088 5222 1328 5280 sanetur,
1362 5215 1634 5283 restituat,
1659 5223 1714 5270 et
1743 5214 1901 5270 dimi-

301 5287 454 5340 dium
483 5298 704 5348 annum,
734 5293 841 5339 etc.
1881 5293 1893 5324 <

376 5353 618 5426 {conm
643 5355 1015 5410 Bracharense
1046 5373 1104 5417 ιι,
1139 5370 1187 5410 c.
1225 5353 1329 5419 16;
1375 5355 1724 5426 Halitgarius,
1751 5357 1788 5408 1.
1819 5372 1888 5420 iv,

300 5443 353 5550 ἶ.
386 5423 420 5478 6
445 5440 458 5489 ;
489 5423 720 5548 Regiing,
745 5441 811 5480 ex
834 5426 1060 5481 concilio
1085 5427 1368 5491 Brachar.,
1393 5423 1638 5494 cap.'15;
1672 5427 1890 5491 Burch.,

329 5536 340 5547 .
372 5511 487 5550 six.
514 5510 564 5549 c.
627 5513 659 5550 ο
704 5535 717 5548 .

329 5511 487 5557 .stx,
514 5510 564 5549 c.
595 5510 717 5550 1ου.

378 5563 406 5604 δ
432 5555 569 5639 Vide
595 5565 882 5639 Pmnitent.
905 5567 1032 5631 Th.,
1052 5584 1171 5639 cap.
1197 5568 1272 5624 De
1297 5577 1478 5638 quiest.
1508 5567 1890 5638 conjugiorum.

385 5647 410 5707 ξ
437 5632 580 5707 Vide
596 5635 663 5689 ad
689 5638 791 5692 hoc
823 5649 981 5707 caput
1009 5632 1182 5695 notas.

388 5703 405 5743 ι
451 5703 680 5774 Regina,
713 5707 748 5762 Ι.
781 5726 838 5774 ιι,
869 5703 916 5762 c.
952 5709 1083 5776 231;
1121 5709 1338 5774 Burch.,
1366 5709 1398 5762 l.
1431 5725 1558 5774 xvii,
1590 5723 1635 5763 c.
1663 5709 1750 5763 Ω.

2079 3209 2095 3248 ί
2141 3205 2200 3260 1η
2249 3204 2420 3260 tribus
2464 3205 2894 3274 quadragesimis
2924 3205 3080 3268 anni,
3125 3212 3180 3259 et
3216 3205 3269 3259 in
3300 3206 3385 3260 die
3412 3205 3582 3260 Domi-

2000 3300 2152 3362 nico,
2183 3304 2238 3352 et
2267 3304 2458 3365 quarta
2489 3294 2624 3350 feria
2655 3301 2711 3348 et
2743 3303 2897 3349 sexta
2927 3295 3197 3366 coniugati
3225 3310 3283 3350 se
3320 3297 3596 3351 continere

1999 3390 2228 3454 debent;
2261 3403 2362 3443 nec
2408 3387 2514 3442 illis
2548 3387 2738 3442 diebus
2779 3387 3051 3458 copulari,
3091 3388 3327 3458 quandiu
3370 3397 3588 3458 gravata

2000 3478 2163 3534 fuerit
2187 3493 2344 3543 uxor,
2384 3477 2437 3532 id
2461 3485 2574 3541 est,
2605 3490 2636 3530 a
2672 3491 2778 3545 quo
2810 3476 2896 3532 die
2928 3476 3069 3531 ﬁlius
3097 3476 3150 3530 in
3190 3484 3345 3531 utero
3386 3484 3588 3531 motum

2000 3573 2192 3628 fecerit
2218 3585 2390 3642 usque
2435 3570 2503 3625 ad
2532 3577 2778 3639 partum,
2814 3584 2843 3623 a
2870 3577 3028 3638 partu
3064 3575 3188 3638 post
3225 3569 3442 3637 triginta
3483 3577 3588 3624 tres

2002 3667 2137 3733 dies,
2171 3665 2216 3721 si
2245 3665 2418 3729 Illius;
2450 3664 2494 3719 si
2529 3671 2709 3719 autem
2740 3665 2876 3726 lilia,
2900 3671 3022 3734 post
3058 3664 3444 3734 quinquaginta
3473 3679 3587 3720 sex,

2453 3773 2851 3830 CAPITULUM
2885 3773 3124 3828 XXXIII.

2129 3847 2204 3902 De
2235 3846 2428 3915 femina
2455 3862 2572 3916 qua:
2597 3855 2776 3916 sponte
2803 3844 2976 3914 ﬁlium
3004 3863 3158 3899 suum
3187 3847 3453 3900 occiderit.

2075 3939 2088 3989 ι
2137 3941 2194 3994 Si
2248 3947 2423 3993 mater
2474 3937 2640 3991 ﬁlium
2688 3945 2878 4005 sponte
2927 3937 3229 4002 occiderit,
3283 3937 3588 4006 quindecim

2003 4029 2058 4103 [d
2081 4028 2234 4102 cem]
2267 4043 2437 4083 annos
2458 4028 2741 4096 pmniteat,
2765 4036 2820 4082 et
2844 4043 3116 4097 nunquam
3146 4036 3333 4093 mutet,
3363 4029 3464 4082 nisi
3488 4030 3595 4085 Do-

2001 4121 2198 4175 minica
2228 4119 2334 4174 die.
2368 4117 2557 4174 Mulier
2590 4127 2770 4174 autem
2799 4119 3154 4186 paupercula,
3185 4118 3229 4172 si
3257 4118 3469 4184 fecerit,
3497 4135 3588 4188 pro

2000 4210 2311 4266 difﬁcultate
2338 4208 2631 4273 nutricndi,
2661 4226 2751 4264 ses
2785 4225 2954 4264 annos
2992 4211 3266 4279 poeniteat.

2459 4321 2858 4377 CAPITULUM
2899 4322 3136 4377 XXXIV.

2152 4394 2230 4448 De
2250 4393 2354 4448 illis
2378 4393 2467 4464 qui
2493 4403 2767 4462 parentum
2798 4393 3046 4448 honorem
3071 4410 3175 4448 non
3203 4404 3426 4449 servant.

1921 4481 1974 4541 Ι)
2071 4487 2094 4524 ι
2124 4485 2180 4540 Si
2226 4485 2348 4555 quis
2373 4484 2778 4539 inhonoraverit
2806 4493 3015 4556 patrem
3059 4493 3151 4539 aut
3184 4493 3444 4549 matrem,
3480 4494 3585 4540 tres

1996 4592 2166 4632 annos
2211 4577 2492 4646 poeniteat.
2537 4575 2691 4642 Quod
2738 4577 2781 4630 si
2830 4592 3046 4631 manum
3088 4577 3363 4642 levaverit,
3403 4586 3497 4633 aut
3539 4581 3585 4633 ci

1996 4667 2399 4738 percussionem
2430 4667 2701 4733 intulerit,
2727 4676 2930 4737 septem
2963 4684 3134 4726 annos
3162 4670 3440 4738 patuitcat.

2461 4777 2858 4833 CAPITULUM
2899 4778 3115 4834 XXXV.

2275 4849 2351 4904 De
2375 4847 2478 4902 illis
2500 4849 2589 4918 qui
2616 4849 2699 4902 die
2727 4849 2999 4904 Dominico
3025 4850 3312 4921 nupserim.

2081 4939 2092 4976 ¹
2129 4939 2184 4993 Si
2212 4939 2334 5009 quis
2359 4939 2444 4993 die
2483 4939 2763 4993 Dominico
2809 4941 3083 5009 nupserit,
3117 4952 3265 5012 petat
3303 4960 3332 4998 a
3364 4945 3586 5002 Domino

2076 5076 2100 5113 ε
2139 5073 2333 5128 Ρωῐιὶι.
2366 5071 2547 5135 Rom.,
2581 5072 2663 5126 tit.
2693 5073 2746 5138 5,
2775 5089 2823 5127 c.
2862 5074 2962 5142 ‘28;
2991 5074 3214 5141 Burch.,
3255 5075 3347 5132 lib.
3381 5093 3490 5142 xw,
3529 5093 3577 5132 c.

2001 5145 2132 5210 I58;
2165 5143 2272 5207 lvo,
2301 5159 2355 5212 p.
2381 5157 2480 5212 νιν,
2512 5157 2560 5196 c.
2603 5142 2725 5197 M8.

2069 5217 2094 5256 ιι
2135 5211 2459 5286 Halitg’arius
2480 5212 2762 5286 inprml'at.
2779 5213 2984 5281 Pwnit;
3012 5216 3234 5286 Regino,
3253 5214 3288 5266 l.
3314 5232 3351 5280 ι,
3375 5231 3424 5271 c.
3449 5215 3577 5279 296;

1892 5293 1906 5334 ‘.
1999 5284 2196 5339 Burch.
2229 5283 2266 5336 l.
2293 5298 2404 5349 six,
2433 5297 2482 5337 c.
2517 5284 2636 5348 155,
2669 5284 2790 5338 154.

2078 5356 2093 5395 ί
2139 5353 2366 5423 Regina,
2407 5353 2442 5406 l.
2485 5370 2520 5418 ι,
2562 5369 2610 5408 ε.
2657 5357 2780 5418 3‘28,
2811 5370 2876 5410 ex
2922 5355 3149 5410 concilio
3177 5352 3577 5418 llclibernensi;

2000 5425 2227 5490 Burch.,
2258 5441 2306 5479 c.
2342 5423 2496 5489 19,0.
2533 5424 2803 5480 155.νὶὀο
2825 5439 2942 5492 cap.
2971 5427 3166 5481 Paenit.
3201 5424 3300 5477 Th.
3334 5425 3410 5477 De
3436 5441 3578 5484 auo;-

2000 5495 2250 5550 stionibus
2279 5494 2664 5564 conjugiorum,
2691 5503 2743 5548 et
2769 5503 2944 5548 notas.

2075 5564 2088 5616 i
2135 5564 2362 5636 Begino,
2389 5565 2429 5636 Vl.
2455 5582 2496 5629 ι,
2528 5565 2735 5636 είδοςη
2767 5565 2857 5636 lib.
2885 5581 2947 5627 ιι,
2975 5581 3022 5636 ς.
3053 5564 3140 5628 66,
3171 5564 3256 5618 67.

2075 5638 2098 5676 ¹ι
2140 5634 2334 5691 Posuit.
2369 5635 2522 5688 Rom.
2557 5635 2636 5688 tit.
2663 5634 2714 5695 4,
2745 5651 2794 5687 c.
2832 5635 3016 5697 ΗΛῖ.

2081 5705 2092 5745 ι
2136 5705 2458 5769 Concilium,
2487 5705 2625 5772 apud
2657 5704 2956 5759 Theodonis
2984 5708 3158 5762 villam
3192 5724 3308 5761 can.
3344 5706 3394 5760 lo.
