3928 6178
295 293 393 350 949

1394 280 1948 341 ΡΈΝΙΪΕΝΤΙΑΕΕ.
1989 308 2058 321 -—-
2095 278 2455 336 CAPITULA.

3448 278 3555 335 859

291 407 433 461 enim
462 403 741 477 Scriptura
773 420 786 456 :
819 414 847 444 α
879 401 1004 458 Non
1032 398 1307 457 vindicabit
1331 398 1589 457 Densius
1610 396 1684 452 bis
1715 398 1769 453 in
1794 396 1876 449 id—
1906 402 1947 457 Λ
1978 394 2196 451 modum
2221 394 2442 449 vitiosas
2468 398 2682 447 constat
2708 404 2846 446 esse.
2875 388 3078 461 Nempe
3103 389 3229 447 inde
3254 390 3553 450 detrahun.

290 512 482 566 ipsum.

779 582 976 639 CAPIT
988 581 1178 641 ULUM
1213 580 1354 638 XLV

708 672 787 728 De
824 674 1075 744 episcopis
1114 672 1193 727 vel
1238 671 1457 727 clericis.

359 765 389 806 ιι
417 763 525 821 ως
552 764 900 820 continentia:
921 765 1110 820 eadem
1132 770 1216 819 est
1235 763 1426 818 altaris
1446 760 1731 826 ministris,
1755 775 1875 830 quae

288 858 577 930 episcopis,
609 864 704 912 aut
728 855 1086 928 presbyteris,
1112 854 1206 925 qui
1232 870 1356 910 cum
1380 860 1564 910 essent
1591 852 1734 918 laici,
1760 852 1877 908 sive

285 946 552 1012 lectores,
580 945 727 1001 licito
763 953 819 1000 et
845 959 1045 1001 uxores
1072 944 1299 1012 ducere,
1338 950 1393 998 et
1425 942 1563 998 ﬁlios
1587 955 1876 1012 procreare

284 1044 598 1109 potuerunt.
626 1036 733 1093 Sed
752 1052 875 1095 cum
894 1036 961 1090 ad
984 1036 1273 1106 praedictos
1290 1035 1633 1106 pervenerint
1653 1034 1870 1105 gradus,

284 1127 454 1197 caspit
478 1125 562 1181 eis
589 1141 698 1181 non
727 1125 894 1195 licere
922 1125 1066 1195 quod
1093 1124 1264 1181 licuit.
1295 1124 1448 1181 Unde
1474 1132 1531 1180 et
1555 1123 1624 1179 de
1667 1123 1876 1179 carnali

285 1218 348 1273 ﬁt
390 1218 635 1288 spiritale
679 1218 1028 1275 connubium.
1078 1217 1305 1287 Oportet
1330 1232 1425 1273 eos
1461 1232 1561 1275 nec
1601 1216 1876 1271 dimittere

285 1325 506 1375 uxores,
540 1318 595 1365 et
629 1310 783 1380 quasi
812 1325 918 1364 non
946 1311 1198 1376 habeant,
1223 1310 1305 1365 sic
1331 1310 1553 1375 habere,
1582 1323 1690 1377 quo
1727 1306 1874 1363 salva

284 1400 361 1453 sit
403 1400 643 1456 charitas
690 1401 1116 1469 connubiorum,
1160 1407 1218 1458 et
1266 1409 1442 1457 cesset
1487 1400 1730 1470 operatio
1773 1414 1873 1453 nu-

285 1491 543 1559 ptiarum.

772 1580 1170 1639 CAPITULUM
1204 1581 1387 1638 XLVI.

495 1671 569 1727 De
600 1673 818 1728 atatim
844 1680 1135 1744 perpetrato
1158 1673 1215 1727 in
1245 1674 1383 1727 atrio
1404 1670 1658 1726 eadem.

357 1759 421 1817 Si
447 1761 504 1816 in
537 1762 685 1816 atrio
717 1761 1242 1832 ecclesiaequislibet
1266 1759 1609 1829 inim-iuverit
1637 1759 1872 1829 aliquem
1903 1758 1950 1817 Β

284 1853 664 1923 presbyterum
682 1893 697 1918 ,
722 1853 810 1907 vel
837 1854 1036 1911 ibidem
1061 1854 1280 1924 aliquod
1318 1853 1661 1923 sacrilegium
1682 1865 1876 1921 perpo-

286 1944 535 2009 traverit,
566 1943 727 2001 altari
750 1953 805 1999 et
832 1945 1062 1999 Domino
1091 1955 1113 1983 ο
1147 1951 1518 2014 componatur.

764 2052 1158 2111 CAPITULUM
1197 2052 1402 2109 XLVII.

656 2124 740 2179 De
778 2127 1002 2195 ingenua
1041 2125 1186 2194 ﬁdeli
1232 2132 1497 2178 accusata.

306 2272 335 2292 ι
356 2219 577 2275 Scelere
604 2219 654 2277 si
679 2219 803 2288 quis
843 2217 1110 2287 ingenuus
1146 2216 1324 2272 ﬁdelis
1354 2221 1595 2281 notatur,
1626 2215 1788 2271 liceat
1818 2214 1881 2270 ei

285 2326 412 2364 cum
434 2308 747 2378 iuramento
773 2323 834 2364 se
862 2321 1180 2378 expurgare.
1208 2305 1362 2374 Quod
1387 2307 1432 2360 si
1463 2307 1691 2375 quilibet
1718 2306 1872 2379 inge-

285 2414 427 2453 unus
451 2400 605 2469 gravi
642 2397 867 2458 infamia
904 2397 1225 2468 publicetur,
1262 2404 1325 2451 ut
1368 2409 1489 2451 eum
1524 2396 1753 2466 populus
1790 2412 1873 2452 su.

285 2489 587 2559 periuravit
614 2488 963 2544 criminosum
992 2486 1204 2552 haberi,
1233 2487 1278 2542 si
1307 2501 1365 2542 se
1390 2501 1649 2543 excusare
1686 2487 1871 2542 volue-

286 2580 378 2644 rit,
411 2580 441 2620 σι
467 2579 610 2636 ferro
642 2593 701 2636 se
729 2580 1019 2634 examinet.

634 2736 637 2739 Α
752 2666 1147 2725 CAPITULUM
1185 2664 1412 2724 XLvut.

522 2761 600 2816 De
624 2761 917 2832 conjagatis
939 2760 1027 2831 qui
1057 2759 1248 2813 nubere
1277 2776 1380 2813 non
1401 2767 1638 2829 possunt.

360 2864 387 2893 ο
422 2850 578 2919 Quod
604 2861 785 2906 autem
814 2850 1156 2921 interrogasti
1187 2850 1253 2904 de
1289 2849 1375 2904 bis
1394 2849 1487 2918 qui
1528 2849 1875 2906 nmtrimonio

276 2942 456 3012 juncti
481 2950 636 3007 sunt,
665 2951 720 2996 et
748 2942 952 2996 nubere
978 2957 1083 2995 non
1111 2948 1367 3009 possunt,
1392 2941 1442 2994 si
1470 2940 1563 2995 ille
1584 2940 1766 3004 aliam,
1788 2940 1875 2996 vel

283 3036 381 3091 illa
409 3034 577 3089 alium
605 3034 802 3088 ducere
829 3032 1020 3101 possit,
1050 3032 1245 3101 quibus
1264 3030 1531 3100 "scriptum
1557 3038 1677 3085 est:
1710 3027 1883 3085 Viret

1976 496 2065 557 tur
2093 488 2339 543 homines
2362 502 2396 541 a
2434 484 2741 550 sacriﬁcio,
2771 483 2912 539 sicut
2944 484 3216 553 quondam
3252 484 3394 543 titius
3436 485 3555 543 IIeli

1974 579 2321 649 peccantibus
2365 577 2595 632 rebelles
2636 575 2763 630 hinc
2807 574 2933 630 inde
2967 575 3224 630 contrarii
3262 576 3557 639 existentes

1973 670 2234 739 exemplis
2260 669 2441 739 pravis
2468 667 2709 738 quotidie
2738 663 2953 735 pejores
2980 664 3107 723 facti
3136 674 3280 720 sunt.
3325 665 3428 733 Qui
3458 684 3555 722 au-

1974 768 2084 814 tem
2116 760 2184 815 de
2222 758 2495 829 praedictis
2538 757 2672 817 viris
2710 770 2809 825 per
2847 755 3113 811 occultam
3158 756 3551 819 confossionem

1971 857 2191 918 peccata
2222 864 2340 929 ase
2379 850 2641 904 absconsc
2675 848 2964 903 commissa
3002 862 3189 903 coram
3225 847 3396 904 oculis
3433 849 3549 915 Dei,

1971 950 2237 1014 praesente
2257 943 2418 998 etiam
2447 943 2725 999 sacerdote
2749 942 2839 1012 qui
2860 942 2938 998 eis
2958 942 3261 999 indicturus
3281 951 3363 998 est
3380 942 3555 1013 poeni-

1974 1034 2217 1100 tentiam,
2243 1034 2568 1089 conﬁtentur
2589 1043 2642 1089 et
2667 1034 2983 1104 semetipsos
3007 1035 3243 1105 graviter
3266 1035 3554 1105 deliquisse

1974 1135 2260 1189 accusant,
2293 1126 2337 1180 si
2372 1126 2639 1181 veraciter
2664 1125 3045 1194 pmnituerint,
3076 1133 3129 1181 et
3153 1141 3210 1180 se
3232 1141 3330 1195 per
3349 1124 3553 1197 jejunio

1973 1223 2028 1270 et
2056 1217 2453 1287 eleemosynas,
2477 1216 2826 1288 vigiliasque,
2862 1226 3023 1288 atque
3063 1232 3247 1273 sacras
3282 1218 3554 1289 orationes

1975 1322 2097 1363 cum
2125 1302 2376 1378 lacrymis
2402 1322 2636 1378 purgare
2658 1308 3004 1371 certaverint,
3034 1307 3119 1361 his
3146 1307 3306 1361 etiam
3331 1305 3362 1347 'h
3387 1307 3554 1377 gradu

1974 1406 2205 1461 servato,
2240 1412 2363 1467 spes
2385 1398 2558 1453 veniae
2587 1397 2654 1453 de
2682 1396 3053 1463 misericordia
3074 1396 3169 1453 Dei
3195 1397 3554 1466 promittenda

1974 1497 2078 1555 est,
2107 1489 2199 1559 qui
2227 1505 2416 1548 omnes
2442 1490 2688 1546 homines
2716 1489 2830 1547 vult
2863 1490 3042 1546 salvos
3065 1488 3204 1554 ﬁeri,
3230 1497 3284 1545 et
3312 1488 3378 1545 ad
3403 1488 3557 1559 agni--

1974 1579 2175 1635 tionem
2205 1579 2450 1635 veritatis
2475 1580 2788 1650 pervenire,
2824 1594 2997 1650 neque
3029 1578 3146 1636 vult
3178 1586 3409 1635 mortem
3432 1592 3558 1648 pec-

1975 1666 2197 1736 catoris,
2225 1660 2323 1745 sed
2344 1679 2403 1725 ut
2426 1679 2772 1727 convertatur
2800 1678 2855 1727 et
2883 1672 3046 1726 vivat.

2513 1783 2916 1843 CAPITULUM
2950 1784 3016 1838 L.

1974 1854 2053 1912 De
2090 1854 2182 1910 illo
2216 1856 2306 1927 qui
2341 1872 2433 1927 per
2473 1856 2770 1938 ebrietatem
2810 1854 2886 1910 vel
2928 1854 3259 1937 tioracitatem
3296 1852 3557 1917 Euchari-

2519 1935 2673 1979 stiam
2703 1935 3001 1980 euomuerit.

2050 2019 2067 2059 ί
2100 2000 2162 2072 Si
2187 2015 2309 2087 quis
2334 2030 2434 2086 per
2468 2012 2781 2071 ebrietatem
2810 2014 2893 2067 vel
2920 2014 3270 2069 voracitatem
3297 2012 3559 2069 Euchari-

1972 2108 2133 2163 stiam
2165 2105 2495 2171 evomuerit,
2538 2106 2892 2176 quadraginta
2938 2105 3053 2159 dies
3087 2106 3379 2175 pmniteat,
3415 2104 3457 2161 si
3488 2104 3559 2159 sit

1972 2198 2200 2255 clericus
2218 2240 2233 2264 ,
2262 2197 2346 2251 vel
2376 2198 2674 2252 monachus
2702 2206 2794 2251 seu
2823 2178 3111 2263 diaconus";
3146 2196 3446 2267 presbyter,
3475 2210 3560 2251 se-

1970 2290 2253 2362 ptuaginta
2282 2284 2431 2355 dies;
2455 2290 2741 2358 cpiscopus
2772 2288 3080 2358 nonaginta.
3112 2287 3170 2345 Si
3199 2304 3297 2359 pro
3333 2284 3559 2355 inﬁrmi:

1973 2381 2100 2435 tatis
2128 2394 2289 2436 causa
2318 2380 2649 2443 evomuerit,
2690 2386 2891 2449 septem
2922 2377 3037 2433 dies
3066 2378 3343 2449 poeniteat.
3476 2376 3479 2379 “

2502 2491 2899 2547 CAPITULUM
2938 2491 3023 2549 LI.

2096 2561 2154 2618 Si
2182 2561 2382 2634 aliquid
2406 2561 2470 2616 de
2501 2561 2660 2616 calice
2692 2563 2829 2615 sacri
2857 2559 3128 2631 sanguinis
3158 2558 3448 2624 s'tillaverit.

2044 2653 2103 2711 Si
2132 2669 2262 2709 vero
2297 2666 2396 2724 per
2436 2654 2820 2725 negligentiam
2850 2654 2916 2708 de
2956 2654 3124 2710 calice
3160 2650 3361 2733 aliquid
3391 2653 3561 2709 stilla-

1974 2746 2116 2803 verit
2143 2745 2199 2801 in
2226 2755 2445 2810 terram,
2480 2745 2661 2800 tabula
2690 2742 2927 2799 radctur.
2962 2742 3019 2799 Si
3049 2759 3156 2800 non
3186 2740 3349 2798 fuerit
3379 2743 3560 2800 tabula

1974 2838 2035 2896 ut
2059 2856 2166 2896 non
2190 2839 2558 2903 conculcetur,
2587 2837 2740 2893 locus
2765 2837 3107 2903 conradetur,
3137 2844 3191 2893 et
3217 2836 3269 2891 in
3296 2834 3415 2907 igne
3439 2851 3563 2891 con-

1974 2939 2240 2996 sumetur,
2271 2937 2326 2985 et
2350 2930 2487 2985 cinis
2513 2928 2653 2983 intra
2678 2926 2847 2983 altare
2872 2928 3213 2992 recondetur,
3238 2935 3292 2981 et
3312 2927 3562 2983 sacerdos

1976 3022 2329 3092 quadraginta
2368 3019 2484 3075 dies
2515 3019 2795 3088 poeniteat.
2834 3016 2891 3073 Si
2922 3030 3090 3088 super
3126 3018 3295 3074 altare
3332 3015 3347 3070 i
3393 3018 3566 3074 stilla-

280 3126 478 3181 ,ηκιεεν
495 3127 542 3180 ,ί
566 3143 621 3180 ,ο
645 3125 1017 3195 mium“;
1033 3163 1049 3189 ,
1077 3134 1125 3179 οε
1154 3133 1329 3194 poma
1352 3123 1543 3178 mune,
1565 3123 1630 3178 άε
1651 3124 1761 3180 vim
1784 3125 1873 3178 αξ-
1899 3102 1947 3164 ε
1976 3113 2115 3168 verit
2148 3111 2310 3175 calix,
2342 3112 2559 3166 sorbeat
2584 3109 2830 3165 minister
2849 3110 3065 3176 stillam,
3091 3119 3147 3165 et
3168 3117 3279 3166 tres
3304 3110 3420 3186 dies
3440 3126 3562 3180 poe-

278 3218 442 3283 zerit,
476 3214 497 3254 ί
525 3215 665 3287 φιοό
692 3231 795 3269 non
818 3216 978 3284 possit
1001 3215 1141 3269 coire
1161 3230 1278 3268 cum
1299 3231 1380 3279 eo,
1403 3216 1449 3268 si
1471 3223 1635 3284 potest
1655 3214 1881 3286 probare

280 3318 379 3379 per
399 3309 607 3379 justum
624 3307 912 3377 judicium,
943 3307 1082 3377 quod
1108 3321 1287 3361 verum
1313 3316 1410 3372 est,
1437 3307 1659 3377 accipiat
1688 3305 1871 3359 alium.

278 3399 420 3455 Item
445 3415 461 3451 :
487 3397 547 3454 Si
567 3398 682 3469 quis
703 3382 959 3469 acceperit
982 3412 1225 3463 mrem,
1240 3406 1288 3450 et
1305 3395 1491 3450 habent
1511 3396 1678 3466 ipsam
1697 3393 1877 3463 aliqua

282 3501 536 3561 tempore,
567 3499 615 3544 et
636 3490 751 3560 ipsa
776 3489 972 3560 [carina
996 3489 1124 3543 dicit
1149 3487 1287 3558 quod
1304 3504 1415 3542 non
1439 3488 1621 3541 coisset
1644 3501 1765 3540 euut
1790 3499 1875 3551 eo,

282 3591 333 3636 et
358 3580 449 3634 ille
469 3581 548 3635 vir
567 3580 695 3635 dicit
717 3580 856 3651 quod
881 3580 999 3649 fecit
1024 3580 1223 3646 invita;
1252 3580 1316 3635 de
1354 3580 1464 3636 uiro
1503 3587 1727 3645 constat,
1750 3580 1878 3650 quia

283 3672 369 3726 uir
388 3678 463 3725 est
486 3678 640 3741 caput
661 3668 918 3724 mulieris.

775 3758 1172 3815 CAPITULUM
1210 3758 1394 3814 XLIX.

285 3850 369 3904 De
394 3848 674 3911 ordinatis,
698 3847 742 3902 si
772 3858 891 3903 ante
909 3889 924 3913 ,
954 3847 1032 3902 rel
1068 3858 1182 3920 post
1211 3848 1590 3920 ordinationem
1619 3848 1673 3902 in
1702 3848 1878 3902 crimi-

562 3919 766 3974 nalibus
792 3920 1019 3993 peccatis
1060 3918 1360 3999 deprehensi
1390 3918 1607 3988 fuerint.

360 4016 387 4054 8
421 4012 499 4067 De
530 4012 615 4066 bis
642 4027 771 4081 ergo
792 4012 969 4067 visum
996 4019 1080 4065 est
1102 4011 1258 4065 nobis
1282 4010 1548 4067 conscribi
1577 4009 1668 4078 qui
1695 3997 1882 4064 sacros

284 4102 508 4157 ordines
541 4102 768 4167 habent,
798 4110 854 4156 et
883 4109 1028 4167 ante,
1058 4096 1138 4155 vel
1170 4110 1294 4171 post
1316 4100 1714 4155 ordinationem
1742 4114 1877 4155 con-

284 4193 580 4248 taminatos
624 4191 944 4261 capitalibus
985 4191 1305 4247 criminibus
1342 4207 1401 4247 se
1439 4190 1780 4261 proﬁtentur.
1822 4190 1880 4245 In

284 4284 503 4354 quibus,
530 4292 589 4338 ut
612 4283 745 4339 mihi
774 4283 1004 4347 videtur,
1035 4284 1152 4338 haec
1185 4282 1443 4337 distantia
1473 4298 1593 4338 esse
1619 4283 1797 4346 debet,
1821 4291 1882 4338 ut

283 4376 330 4429 si
370 4374 692 4444 deprehensi
736 4374 823 4429 vel
858 4374 1001 4445 capti
1044 4373 1247 4430 fuerint
1282 4372 1494 4443 publice
1531 4374 1582 4428 in
1621 4368 1875 4443 periurio,

282 4463 458 4529 furto,
489 4472 583 4519 aut
605 4462 960 4519 fornicatione
978 4504 994 4531 ,
1023 4470 1081 4519 et
1105 4463 1317 4520 caneris
1351 4456 1659 4532 huiusmodi
1697 4456 1880 4517 crimi-
1909 4446 1963 4513 ι)

283 4559 468 4623 nibus,
487 4559 782 4614 secundum
804 4574 1068 4616 canonum
1088 4574 1367 4616 sacrorum
1392 4560 1642 4616 instituta
1661 4575 1692 4613 ι
1714 4560 1886 4631 gradu

281 4648 513 4718 proprio
538 4650 892 4719 deponantur,
928 4651 1073 4723 quod
1102 4651 1415 4707 scandalum
1443 4652 1516 4707 sit
1548 4652 1749 4723 populo
1788 4650 1883 4707 Dei

280 4754 551 4810 personas
593 4740 727 4796 tales
768 4754 926 4811 super
964 4754 1025 4798 se
1062 4742 1267 4811 p’ositas
1304 4743 1538 4808 habere,
1580 4758 1713 4812 quas
1740 4741 1881 4797 ultra

355 4885 384 4913 ³
424 4872 685 4949 Can._sub
701 4876 918 4949 nomine
938 4886 1138 4949 apost.,
1161 4894 1211 4933 c.
1235 4877 1304 4932 54
1323 4895 1336 4944 ;
1356 4876 1547 4949 Basil.,
1574 4893 1623 4932 c.
1641 4880 1695 4949 5ἒ
1719 4878 1877 4949 epist.

284 4957 485 5015 canon.
515 4943 584 4997 ad
616 4943 1083 5015 Amphilochium;
1116 4943 1337 5011 Burch.,
1373 4948 1408 5000 l.
1437 4963 1567 5011 xvu,
1600 4962 1648 5002 c.
1679 4943 1768 5005 '59:

358 5013 763 5088 h__Es_de_c_retis
794 5017 987 5072 Leonis
1014 5018 1056 5083 I,
1072 5013 1199 5088 'cap.
1226 5019 1322 5084 l7;
1348 5018 1619 5088 Rabanus,
1640 5019 1696 5072 in
1718 5018 1876 5088 epist.

286 5086 356 5139 asl
384 5083 756 5155 Heribaldum,
788 5101 907 5155 cap.
940 5088 1039 5154 ll;
1074 5083 1314 5155 Re‘gino,’
1337 5090 1375 5142 l.
1404 5105 1444 5152 ι,
1476 5103 1525 5142 c.
1556 5087 1644 5144 96.

363 5165 387 5192 ε
411 5153 634 5229 poncil.
664 5153 1044 5229 _Triburieuse,
1071 5175 1121 5215 c.
1157 5153 1193 5213 ἷίι
1217 5167 1275 5214 et
1304 5159 1368 5226 6;
1405 5157 1633 5229 Regina,
1659 5157 1697 5212 l.
1735 5175 1796 5226 ιι,
1825 5174 1875 5214 c.

286 5224 387 5285 5'7;
411 5223 634 5287 Burch.,
664 5224 701 5278 Ι.
728 5241 810 5291 ιιι,
829 5242 878 5281 e.
907 5227 1027 5282 I95.

363 5293 394 5334 σι
431 5293 573 5367 Bal).
605 5293 826 5367 Emit,
847 5296 884 5351 l.
913 5313 997 5363 ιιι,
1025 5311 1144 5367 cap.
1174 5297 1231 5363 6,
1259 5313 1327 5355 ex
1349 5298 1549 5354 Posuit.
1577 5296 1782 5355 Theod.
1804 5300 1879 5355 De

291 5365 403 5439 hac
426 5364 747 5439 probatione
789 5368 913 5423 vide
940 5364 1222 5439 egregium
1262 5370 1566 5439 exemplum
1609 5370 1749 5439 apud
1788 5370 1881 5424 Ai-

292 5432 562 5512 rncinum,
587 5432 623 5488 l.
648 5436 788 5512 v_De
816 5432 1351 5512 gestis'Franeurum,
1380 5432 1501 5512 cap.
1524 5439 1624 5512 δέη
1644 5432 1879 5512 Regina,

290 5503 391 5581 lib.
424 5519 516 5581 ξι,
544 5519 600 5581 _c._
637 5506 737 5574 43;
777 5503 1111 5581 ei_eoncilio
1150 5503 1575 5581 Mogun’ciac'cnsi
1611 5503 1876 5579 ’capfﬂi

294 5574 518 5638 Burch.,
544 5574 639 5631 lib.
654 5592 730 5641 vt,
760 5592 809 5633 c.
840 5576 892 5632 7.

374 5653 399 5684 ο
436 5643 577 5722 Vide
607 5645 763 5722 epist.
795 5647 1109 5722 Babani_atl
1140 5647 1349 5722 IIerib.,
1386 5665 1433 5705 c.
1463 5650 1564 5718 29;
1595 5648 1753 5722 ch.,
1783 5648 1877 5706 lib.

293 5728 366 5780 tt,
393 5728 443 5770 c.
472 5712 598 5783 9.52,
634 5712 764 5772 citat
791 5734 857 5774 ex
888 5734 975 5787 ep.
1009 5719 1236 5775 Ilabani.

1977 3201 2174 3265 niteat;
2202 3199 2252 3255 si
2283 3213 2457 3268 usque
2478 3198 2545 3253 ad
2572 3199 2810 3264 tertiam,
2833 3213 3028 3254 novem
3054 3199 3201 3264 dies;
3227 3200 3274 3254 si
3294 3213 3470 3268 usque
3491 3199 3561 3253 ad

1976 3298 2223 3362 quartam
2241 3330 2256 3354 ,
2284 3289 2595 3359 quindecim
2621 3288 2758 3343 dies.
2798 3288 2866 3343 Et
2887 3288 3199 3343 linteamina
3223 3302 3345 3358 qum
3368 3287 3564 3357 tetige-

1978 3391 2105 3438 runt
2153 3381 2355 3438 stillam
2400 3379 2575 3435 tribus
2620 3379 2869 3434 minister
2913 3378 3096 3434 abluat
3144 3378 3351 3434 vicibus
3391 3377 3563 3434 calice

1978 3475 2168 3533 subtus
2196 3471 2404 3542 posito,
2437 3477 2493 3525 et
2524 3484 2663 3539 aqua
2702 3467 2991 3525 ablutionis
3027 3474 3291 3533 sumatur,
3328 3473 3383 3524 et
3404 3466 3563 3538 iuxta

1979 3563 2148 3620 altare
2182 3561 2522 3618 recondatur.
2946 3572 2961 3593 ι

2502 3644 2899 3707 CAPITULUM
2935 3646 3040 3703 LII.

1977 3741 2058 3795 De
2099 3740 2189 3795 illo
2216 3742 2305 3812 qui
2351 3740 2535 3795 evomit
2581 3738 2925 3819 sacri/icium,
2954 3745 3004 3793 et
3044 3754 3077 3792 a
3106 3737 3325 3793 canibus
3367 3753 3559 3793 consu-

2680 3818 2861 3862 mitur.

2053 3904 2080 3944 ιι
2108 3902 2207 3970 Qui
2253 3901 2553 3959 evomuerit
2589 3900 2938 3967 sacriﬁcium,
2966 3907 3022 3955 et
3051 3914 3080 3953 a
3111 3900 3337 3963 canibus
3362 3912 3562 3954 consu-

1978 3994 2165 4059 mitur,
2194 4009 2394 4047 annum
2424 4006 2592 4047 unum
2636 3990 2917 4060 pceniteat.
2948 3989 3043 4044 Sin
3075 3999 3288 4055 autem,
3317 3989 3560 4057 quadra-

1980 4090 2126 4161 ginta
2154 4087 2269 4142 dies
2294 4086 2574 4155 pteniteat.
2609 4084 2667 4138 Si
2688 4083 2745 4137 in
2771 4084 2857 4138 die
2881 4081 3097 4150 quando
3124 4079 3536 4135 communicare

1980 4178 2075 4244 rit,
2118 4176 2443 4232 sacriﬁcium
2471 4172 2789 4236 evomuerit,
2826 4171 2871 4226 si
2903 4178 3029 4224 ante
3056 4169 3289 4224 mediam
3319 4173 3554 4232 noctem,

1982 4277 2096 4323 tres
2119 4266 2580 4336 superpositioncs
2612 4261 2805 4327 faciat;
2834 4261 2880 4315 si
2908 4264 3030 4329 post
3061 4256 3295 4312 mediam
3308 4256 3559 4321 ‘noetem,

1985 4358 2150 4423 duas;
2180 4355 2227 4410 si
2253 4362 2377 4424 post
2400 4353 2714 4416 matutinas,
2743 4364 2927 4404 unam.

2490 4456 2891 4516 CAPITULUM
2930 4452 3059 4513 LIII.
3104 4482 3109 4493 -

2612 4550 2694 4607 De
2726 4548 2927 4604 eodem.

2062 4645 2080 4685 ι
2109 4645 2167 4703 Si
2194 4660 2323 4703 vero
2359 4643 2686 4701 sacriﬁcium
2720 4640 3040 4707 evomuerit,
3071 4637 3427 4711 quadraginta
3452 4638 3569 4695 dies

1981 4726 2264 4810 poeniteat.
2311 4732 2369 4792 Si
2410 4733 2741 4790 inﬁrmitatis
2778 4747 2975 4797 causa,
3020 4737 3225 4800 septem
3256 4729 3390 4785 dies.
3421 4726 3478 4785 Si
3512 4728 3570 4785 in

2061 4876 2081 4916 ί
2123 4875 2258 4932 Vide
2277 4887 2438 4944 supra
2464 4886 2583 4944 cap.
2614 4868 2910 4944 ll__veteri§
2944 4866 3065 4923 cod.
3095 4862 3396 4944 ιῖωιιίιε-υι
3418 4880 3564 4936 qure-

1983 4930 2241 5001 stionibas
2264 4930 2646 5001 εοὴῑιιςίοὴιηι.
2675 4940 2838 4994 Cone.
2867 4936 3161 5001 Compend.
3190 4946 3238 4990 ο.
3266 4930 3352 4987 ι’).

2054 5018 2081 5056 ε
2116 5015 2313 5070 Pcenit.
2342 5002 2549 5066 Rabani
2578 5025 2628 5065 c.
2658 5010 2720 5077 l;
2751 5004 2974 5074 Burch.,
3001 5002 3096 5063 lib.
3126 5016 3243 5077 sur,
3271 5019 3321 5060 c.
3347 5002 3569 5077 Ilium:

1982 5086 2211 5142 concilio
2238 5081 2527 5145 Ilerdensi,
2560 5080 2633 5151 in,
2659 5073 2769 5151 quo
2798 5087 2982 5135 tamen
3010 5092 3115 5134 non
3142 5075 3340 5146 legitur
3359 5073 3453 5128 hic
3478 5087 3569 5127 ca-

1982 5171 2110 5211 non.
2135 5156 2246 5220 lvo,
2275 5170 2329 5226 ν·
2358 5168 2509 5226 Vh?-
2543 5148 2697 5226 ἔρρ’-
2762 5217 2778 5226 .
2885 5219 2897 5226 .
2999 5217 3014 5226 .
3041 5206 3093 5226 -..
3329 5218 3335 5226 ε

2052 5226 2080 5265 ιι
2112 5214 2246 5282 Vide
2269 5214 2356 5295 ep.
2379 5214 2569 5278 Isidori
2596 5217 2928 5308 llispalcnsis
2950 5217 3016 5273 ad
3041 5214 3345 5271 Massoncm
3359 5214 3567 5280 episco-

1981 5311 2351 5448 Tin'uegigg,
2378 5363 2475 5419 lib.
2507 5376 2526 5416 ι
2552 5361 2620 5417 de
2642 5360 2793 5417 Eccl.
2825 5357 2995 5423 Dlsc.,
3022 5371 3140 5427 cap.
3172 5352 3307 5417 ita;
3336 5346 3564 5411 Burch.,

1984 5435 2078 5491 lib.
2103 5453 2156 5499 v,
2185 5434 2234 5491 c'.
2258 5434 2348 5489 46.

2056 5505 2071 5557 i
2115 5506 2253 5561 Vide
2279 5503 2488 5560 Iudicia
2517 5496 2759 5572 Gregorii
2784 5495 2875 5564 III,
2901 5512 2948 5552 c.
2981 5492 3071 5551 28.

2055 5578 2081 5617 ιι
2120 5577 2231 5640 lvo,
2257 5592 2312 5657 p.
2340 5591 2403 5639 ιι,
2432 5590 2481 5630 c.
2506 5572 2597 5653 57.
3196 5633 3207 5645 ,
3544 5642 3560 5656 ,

1982 5645 2095 5771 mi.
2120 5644 2530 5771 ibiibi?“
2669 5639 2723 5706 δ’
2749 5653 2801 5694 θ’
2830 5637 2895 5704 ⁸³
2924 5634 3147 5702 “mh”
3173 5634 3273 5691 ¹¹¹”
3303 5647 3361 5699 ν’
3384 5642 3436 5687 ⁸·
3456 5625 3560 5694 ‘9“

2009 5732 2095 5783 vo,
2124 5731 2179 5787 p.
2206 5731 2269 5783 ιι,
2296 5730 2344 5769 c.
2377 5730 2465 5769 οδ.
