3924 6180
385 277 484 341 95-1

1352 273 1706 332 'I‘iIEODORI
1739 271 2059 329 ARCIIiEP.
2099 269 2661 327 CANTUARIENSIST

3515 274 3619 329 9'51

380 397 558 469 ignem
583 391 830 466 proiecit,
852 399 1068 448 centum
1088 390 1324 460 psalmos
1343 399 1540 446 cantet.
1561 389 1618 446 Si
1641 405 1769 446 vero
1787 404 1949 446 canes
1978 391 2019 448 Α
2049 387 2314 441 buratur:
2345 392 2399 440 et
2427 386 2586 451 cinis,
2623 391 2684 440 ut
2709 399 2898 454 supra,
2929 386 3270 452 recondatur,
3294 395 3351 441 et
3383 397 3626 448 sacerdos

382 484 709 540 lambuerint
751 483 913 538 talem
940 482 1220 547 vomitum,
1251 489 1468 537 centum
1496 481 1612 536 dies
1637 482 1728 552 qui
1755 482 1953 536 evomit

383 577 664 645 pmniteat.

883 663 1279 720 CAPITULUM
1315 665 1448 721 LIV.

451 757 530 812 De
558 755 892 813 Eucharistia
923 758 1204 811 inueterata
1231 773 1323 828 per
1343 757 1721 828 quinquaginta
1753 757 1882 810 dies.

454 867 673 924 ‘Omne
715 867 1040 924 sacriﬁcium
1084 868 1302 924 sordida
1341 875 1610 924 vetustate
1652 869 1957 937 perditum,

382 961 505 1029 igne
538 958 961 1015 comburendum
1007 966 1122 1026 est,
1151 967 1208 1014 et
1251 959 1388 1014 cinis
1411 959 1563 1031 juxta
1603 957 1776 1013 altare
1808 971 1963 1027 sepe-

380 1049 613 1106 Iiendus.

901 1140 1299 1197 CAPITULUM
1333 1141 1423 1197 LV

382 1231 461 1287 De
484 1230 589 1286 illis
615 1231 704 1303 qui
728 1248 835 1286 non
857 1232 980 1286 bene
1000 1231 1337 1303 custodierint
1365 1247 1551 1302 corpus
1576 1241 1623 1286 et
1651 1233 1959 1302 sanguinem

1064 1300 1299 1356 Domini.

451 1412 483 1454 δ
507 1412 608 1479 Qui
633 1427 739 1468 non
766 1413 904 1468 bene
931 1412 1248 1468 custodierit
1275 1410 1617 1477 sacriﬁcium,
1647 1420 1703 1467 et
1729 1426 1848 1466 mus
1875 1411 1957 1466 vel

384 1505 602 1575 aliquod
631 1504 837 1560 animal“
875 1504 1019 1560 aliud
1058 1506 1352 1560 comederit
1399 1504 1558 1570 illud,
1606 1503 1960 1574 quadraginta

386 1599 500 1654 dies
522 1598 800 1667 paeniteat.
826 1595 927 1663 Qui
955 1603 1134 1652 autem
1155 1597 1450 1666 perdiderit
1472 1595 1601 1650 illud
1625 1596 1681 1650 in
1709 1595 1957 1660 ecclesia,

387 1697 481 1742 aut
501 1703 627 1759 pars
650 1686 767 1757 ejus
793 1687 1066 1753 ceciderit,
1091 1693 1147 1742 et
1171 1703 1278 1743 non
1309 1687 1524 1741 inventa
1559 1685 1746 1752 fuerit,
1770 1685 1958 1754 viginti

385 1781 502 1835 dies
535 1780 812 1849 pmniteat.
864 1778 1202 1834 Profundens
1238 1778 1439 1848 aliquid
1484 1793 1646 1848 super
1683 1778 1853 1832 altare
1896 1778 1962 1832 de

387 1870 586 1936 calice,
632 1867 847 1939 quando
893 1870 1134 1934 oﬂ‘ertur,
1177 1883 1271 1924 sex
1307 1869 1422 1924 dies
1463 1868 1756 1938 poeniteat;
1788 1874 1882 1922 aut
1915 1868 1961 1922 si

383 1959 765 2025 abundantius,
803 1965 1008 2028 septem
1039 1959 1153 2014 dies
1180 1959 1461 2027 paeniteat.
1492 1956 1593 2024 Qui
1623 1967 1804 2012 autem
1838 1972 1964 2026 per-

385 2049 559 2106 fundit
595 2049 850 2114 calicem,
889 2050 1016 2104 dum
1048 2048 1364 2105 solemnitas
1409 2048 1588 2104 missa:
1635 2047 1960 2111 celebratur,

384 2145 738 2216 quadraginta
762 2146 876 2200 dies
900 2145 1177 2215 paeniteat.
1207 2145 1274 2199 Et
1317 2142 1410 2214 qui
1434 2143 1704 2212 acceperit
1748 2139 1960 2196 sacriﬁ-

385 2238 529 2291 cium
572 2235 1104 2308 pollutusnocturno
1139 2247 1400 2306 tempore,
1427 2243 1633 2305 septem
1683 2233 1968 2303 poeniteat.

388 2327 653 2382 Diaconus
666 2327 990 2385 obliviscens
1007 2327 1333 2384 oblationem
1352 2325 1570 2390 oﬁ‘erre,
1584 2326 1754 2380 donec
1771 2323 1966 2379 offera-

389 2428 482 2476 tur
501 2422 814 2487 linteamen,
827 2421 1040 2489 quando
1052 2418 1349 2473 recitantur
1366 2416 1584 2470 nomina
1598 2413 1962 2484 pausantium,

389 2511 638 2569 similiter
656 2511 934 2582 pmniteat.
955 2510 1055 2575 Qui
1077 2507 1460 2579 negligentiam
1484 2521 1611 2576 erga
1641 2504 1966 2560 sacriﬁcium

390 2604 598 2670 fecerit,
626 2611 686 2658 ut
719 2602 994 2658 vermibus
1033 2607 1408 2670 consumptum
1437 2599 1505 2654 ad
1541 2583 1769 2652 nihilum
1805 2596 1964 2651 deve-

391 2696 549 2764 nerit,
583 2706 606 2734 °
639 2702 763 2751 tres
791 2691 1228 2764 quadragesimus
1271 2691 1327 2745 in
1375 2705 1514 2760 pane
1541 2697 1597 2744 et
1630 2703 1764 2757 aqua
1797 2687 1968 2757 paeni-

389 2793 520 2843 teat.
545 2785 602 2841 Si
626 2784 893 2855 integrum
923 2783 1198 2836 inventum
1226 2779 1410 2844 fuerit,
1439 2780 1492 2834 in
1514 2794 1589 2834 eo.
1603 2779 1804 2834 vermis
1824 2793 1968 2834 com-

394 2878 638 2943 buratur,
664 2883 718 2931 et
741 2873 878 2930 cinis
904 2872 1004 2927 sub
1027 2871 1181 2926 altari
1209 2871 1491 2926 condattu'.

898 2982 1294 3042 CAPITULUM
1329 2982 1462 3040 LVI.

991 3077 1066 3132 De
1094 3076 1274 3132 eadem
1305 3092 1378 3130 re.

462 3192 493 3234 «ι
519 3191 578 3248 Si
626 3191 883 3247 ceciderit
927 3189 1250 3246 sacriﬁcium
1295 3189 1361 3244 de
1405 3188 1654 3244 manibus
1698 3187 1974 3244 otferentis

398 3293 540 3341 terra
557 3291 735 3347 tenus,
761 3291 938 3338 etnon
961 3281 1288 3347 inveniatur,
1316 3294 1476 3335 omne
1506 3279 1865 3350 quodcunque
1893 3279 1978 3333 in-

395 3382 612 3432 ventum
641 3372 806 3429 fuerit
841 3373 897 3427 in
934 3373 1053 3428 loco
1080 3373 1134 3426 in
1160 3387 1267 3441 quo
1289 3371 1568 3436 ceciderit,
1593 3372 1981 3434 comburatur:

393 3473 452 3522 et
473 3467 624 3530 cinis,
651 3473 712 3520 ut
735 3479 918 3535 supra,
949 3463 1334 3528 abscondatur;
1367 3469 1421 3515 et
1447 3461 1533 3516 cui
1561 3460 1853 3525 acciderat,
1885 3459 1976 3514 ille

394 3557 633 3612 medium
659 3570 858 3609 annum
883 3553 1158 3622 paeniteat.
1194 3549 1252 3605 Si
1281 3563 1408 3604 vero
1435 3549 1761 3604 sacriﬁcium
1791 3549 1980 3604 inven-

401 3656 513 3701 tum
549 3643 734 3710 fuerit,
762 3643 915 3699 locus
944 3642 1120 3712 scopis
1157 3639 1466 3707 mundetur,
1499 3647 1559 3694 ut
1594 3655 1777 3710 supra,
1825 3655 1976 3695 com-

475 3788 520 3898 es
537 3776 650 3842 lvo,
701 3792 756 3848 p.
806 3793 881 3843 ιι,
909 3792 958 3832 c.
1002 3775 1107 3840 59;
1149 3788 1228 3829 ex.
1265 3774 1494 3830 concilio
1537 3773 1839 3830 Arelatensi
1889 3791 1973 3838 ιιι,

405 3863 455 3901 c.
487 3863 540 3898 ἱ).

477 3916 504 3955 δ
539 3913 630 3970 Ivo
657 3931 713 3986 p.
747 3932 816 3983 tr,
846 3931 897 3972 c.
940 3913 1037 3982 60;
1071 3913 1138 3970 de
1183 3913 1493 3972 Consecrat.
1534 3916 1661 3972 dist.
1697 3913 1764 3980 2,
1798 3929 1847 3970 c.
1875 3913 1979 3980 Qui

407 3985 529 4039 bene
557 3985 692 4039 non}.

479 4066 504 4126 ἦ
536 4053 780 4126 Gregorii
809 4055 874 4110 III
897 4055 1128 4123 Judicia,
1155 4071 1203 4112 c.
1230 4055 1323 4114 28.

480 4123 507 4163 ἀ
542 4123 740 4195 l_vo,'p.
768 4141 829 4190 ιι,
859 4141 907 4180 c.
937 4125 1025 4180 60.

483 4204 506 4233 ε
542 4193 788 4267 Gregorii
812 4195 886 4252 III
903 4195 1133 4264 Judi‘cia,
1158 4211 1209 4252 c.
1232 4195 1325 4254 28.

2052 477 2242 547 viginti
2275 477 2390 533 dies
2413 477 2691 547 paeniteat.

2548 565 2945 623 CAPITULUM
2983 567 3138 624 LVII.

2649 659 2726 712 De
2751 659 2934 713 eadem
2965 676 3038 713 re.

2127 750 2184 805 Si
2210 751 2330 820 quis
2350 749 2746 804 Eucharistiam
2775 750 3114 820 negligentiae
3134 765 3293 805 causa
3319 752 3628 821 perdiderit,

2057 857 2223 896 unum
2260 857 2459 894 annum
2491 841 2769 910 paeniteat,
2796 841 2888 894 vel
2907 849 3017 895 tres
3054 841 3520 911 quadragesimas,
3543 858 3634 897 seu

2058 932 2416 1002 quadraginta
2442 932 2574 987 dies.
2605 931 2662 986 Si
2691 931 3013 986 sacriﬁcium
3039 932 3094 986 in
3139 939 3283 986 terra
3313 933 3626 1002 perdiderit,

2058 1021 2396 1093 negligentia:
2423 1037 2607 1087 causa,
2637 1022 2996 1093 quadraginta
3038 1023 3274 1091 psalmos
3301 1033 3504 1078 cantet.
3538 1025 3626 1090 Qui

2057 1113 2357 1184 neglexerit
2381 1113 2728 1177 sacriﬁcium,
2759 1121 2819 1167 ut
2850 1127 3066 1168 vermes
3096 1115 3148 1167 in
3174 1129 3240 1168 eo
3267 1115 3398 1178 sint,
3423 1123 3481 1169 et
3508 1127 3530 1153 ⁶
3552 1131 3630 1169 co-

2060 1202 2226 1256 lorem
2250 1217 2360 1256 non
2382 1203 2577 1258 habeat
2600 1217 2976 1274 saporemque,
2999 1203 3192 1273 viginti
3209 1203 3294 1259 vel
3321 1205 3537 1275 triginta
3558 1209 3634 1260 vel

2059 1293 2414 1364 quadraginta
2443 1294 2557 1350 dies
2579 1295 2857 1363 poeniteat.

2545 1407 2952 1467 CAPITULUM.
2974 1407 3154 1462 LVIII.

2065 1475 2133 1531 Ut
2163 1476 2337 1532 nullus
2363 1477 2589 1547 injustas
2618 1494 2911 1542 mensuras,
2935 1487 2985 1531 et
3013 1478 3246 1548 pondera
3266 1478 3492 1548 injuste,
3513 1477 3632 1534 lucri

2519 1564 2682 1602 causa
2715 1548 2843 1602 dare
2870 1557 3177 1619 prcrsumat'.

2135 1637 2155 1676 ι
2187 1638 2257 1693 Ut
2284 1652 2549 1693 mensura:
2573 1647 2628 1694 et
2654 1639 2890 1709 pondera
2917 1636 3064 1707 justa
3111 1637 3265 1702 ﬁant,
3293 1639 3438 1694 sicut
3469 1640 3520 1693 in
3552 1639 3623 1694 di—

1993 1733 2036 1791 B
2064 1727 2204 1782 vinis
2229 1727 2442 1795 legibus
2462 1727 2739 1783 sancitum
2763 1735 2874 1793 est;
2905 1742 3036 1798 ergo
3064 1729 3352 1783 statuimus
3375 1729 3446 1783 ab
3470 1729 3624 1783 omni-

2059 1815 2162 1870 bus
2185 1817 2287 1871 hoc
2314 1816 2736 1871 observandum.
2766 1817 2835 1871 Et
2859 1817 2904 1872 si
2934 1818 3059 1887 quis
3081 1815 3258 1885 justas
3283 1833 3562 1874 mensuras
3582 1829 3634 1872 et

2054 1903 2200 1974 iusta
2231 1906 2470 1976 pondera
2511 1907 2657 1962 lucri.
2676 1922 2839 1962 causa
2884 1917 3097 1962 mutare
3132 1909 3553 1986 praesumpserit,
3577 1909 3633 1965 in

2059 2009 2200 2064 pane
2223 2002 2279 2050 et
2302 2009 2442 2065 aqua
2466 1995 2654 2066 viginti
2677 1996 2792 2050 dies
2816 1996 3105 2066 pmuiteat.

2563 2106 2962 2163 CAPITULUM
3000 2107 3132 2162 LIX.

2065 2178 2141 2235 De
2164 2187 2330 2235 matre
2351 2195 2469 2250 qua
2489 2177 2743 2250 infantem
2768 2195 2922 2250 suum
2940 2179 3102 2248 juxta
3121 2180 3292 2249 ignem
3320 2181 3566 2250 posuerit,
3585 2190 3626 2234 et

2451 2246 2554 2303 sua,
2572 2246 2881 2319 negligentia
2907 2246 3159 2303 mortuus
3171 2258 3268 2303 est.

2137 2344 2164 2383 σ
2201 2340 2390 2404 Mater,
2419 2339 2462 2394 si
2487 2337 2644 2408 juxta
2679 2337 2858 2394 focum
2889 2338 3148 2394 infantem
3186 2355 3343 2394 suum
3376 2340 3621 2409 posuerit.

2137 2433 2300 2489 homo
2319 2445 2518 2500 aquam
2541 2429 2598 2484 in
2620 2429 2916 2484 caldarium
2937 2429 3167 2494 miserit,
3185 2438 3240 2483 et
3258 2429 3479 2484 ebullita
3502 2445 3627 2499 aqua

2066 2523 2242 2580 infans
2286 2522 2601 2592 superfusus
2637 2531 2884 2576 mortuus
2932 2521 3128 2586 fuerit,
3175 2537 3276 2591 pro
3325 2522 3637 2594 negligentia

2067 2621 2240 2669 mater
2265 2611 2563 2682 paeniteat:
2591 2617 2646 2666 et
2669 2608 2758 2665 ille
2781 2610 2942 2665 homo
2961 2624 3194 2664 securus.
3212 2610 3304 2664 sit.

2585 2721 2984 2779 CAPITULUM
3022 2722 3134 2777 LX.

2162 2817 2236 2870 De
2263 2817 2386 2872 viris
2407 2815 2687 2880 ordinatis,
2711 2831 2932 2886 quorum
2956 2825 3166 2884 peccata
3192 2813 3399 2868 occulta
3418 2822 3550 2867 sunt.

2141 2909 2170 2949 ιι
2197 2909 2282 2963 De
2304 2907 2439 2963 viris
2479 2906 2764 2972 ordinatis,
2790 2921 3018 2976 quorum
3047 2913 3268 2976 peccata
3310 2904 3514 2961 occulta
3542 2897 3640 2958 ne‘c-

2073 2997 2359 3054 manifeste
2410 2999 2478 3054 ab
2527 2997 2707 3067 aliquo
2755 2997 2908 3068 argui
2957 3004 3214 3068 possunt,
3267 2997 3314 3052 si
3366 2995 3631 3051 salubriter

2002 3074 2048 3138 ο
2077 3088 2385 3161 compuncti
2423 3104 2521 3159 pro
2548 3089 2787 3158 peccatis
2823 3088 3217 3144 confessionem
3247 3089 3496 3158 episcopo
3533 3087 3632 3141 sive

2075 3183 2393 3253 presbytero
2433 3179 2648 3234 occulte
2692 3178 2918 3244 faciunt,
2945 3180 3146 3234 bonum
3183 3179 3315 3233 mihi
3362 3179 3561 3234 videtur
3583 3185 3636 3232 ut

2077 3274 2374 3330 secundum
2407 3273 2460 3328 id
2500 3273 2643 3342 quod
2685 3272 2960 3328 decretum
2987 3271 3151 3327 fuerit
3177 3273 3246 3328 ab
3281 3273 3524 3342 episcopo
3559 3267 3634 3323 vel

2077 3367 2416 3438 presbytero,
2439 3365 2810 3435 paenitentiam
2831 3371 2993 3436 agant
3015 3380 3120 3418 non
3143 3363 3343 3433 tepide,
3367 3377 3462 3417 nec
3479 3362 3632 3424 tarde,

2043 3532 2053 3541 .
2079 3457 2172 3513 sed
2193 3457 2464 3513 ferventer
2476 3465 2531 3511 et
2551 3456 2804 3522 sollicite;
2826 3469 2891 3510 ac
2904 3456 2981 3510 sic
2997 3471 3056 3510 se.
3077 3455 3287 3509 veniam
3313 3461 3631 3523 peccatorum

2080 3565 2114 3604 a
2137 3549 2376 3606 Domino-
2392 3557 2760 3621 percepturos,
2787 3556 2843 3603 et
2861 3548 3084 3618 gradum
3115 3561 3176 3603 se
3202 3554 3494 3602 retenturos
3519 3557 3632 3596 con-

2081 3640 2268 3696 ﬁdant.

2158 3774 2178 3813 τ
2221 3774 2530 3846 Capitulare
2557 3772 3025 3846 Aiquisgranense,
3045 3789 3097 3846 ς.
3144 3772 3242 3838 74;
3273 3787 3421 3827 conc.
3452 3769 3636 3824 Arelat.

2083 3861 2158 3911 vr,
2187 3861 2235 3900 c.
2271 3845 2364 3908 14;
2397 3859 2552 3900 conc.
2581 3844 2783 3901 Turon.
2816 3862 2898 3909 ιιι,
2929 3861 2975 3899 c.
3005 3844 3092 3897 45.

2135 3919 2184 3988 ,8
2212 3914 2381 3988 ponc.
2448 3914 2799 3971 Triburiense
2861 3924 3099 3985 tempore
3163 3915 3405 3970 Formosi
3470 3922 3631 3980 palm.

2085 4001 2136 4042 co
2153 3985 2415 4110 1imminit.
2443 4055 2606 4122 Rab.,
2645 4071 2694 4111 c.
2739 4057 2789 4110 ί.
2833 4055 2954 4110 Vid.
2987 4055 3172 4111 Isidor.
3203 4053 3427 4125 Ilispal.,
3469 4065 3542 4120 ep.
3568 4048 3640 4103 ad.

2086 4125 2391 4181 Massonem
2417 4129 2586 4195 episc.

599 4418 1115 4501 CAPITULA.
1168 4421 1677 4500 PATBIBUS
1731 4375 2190 4498 CONCILII
2249 4417 3010 4501 ΗΕΗΠΠΓΟΒΒῙΛΕ
3063 4421 3454 4500 OBLATA

1324 4548 1379 4623 A
1427 4543 1986 4624 THEODORO
2044 4544 2740 4640 P-RIESIDENTE,

883 4657 1129 4722 Collata
1160 4679 1299 4722 cum
1330 4660 1533 4722 tribus
1567 4657 1887 4722 codicibus
1915 4674 2059 4718 mss.
2091 4655 2396 4719 Historiae
2428 4657 2777 4740 Anglorum
2811 4661 2950 4723 Ven.
2999 4662 3198 4725 Beda.

1803 4789 2277 4806 “-

490 4891 716 4958 Quibus,
741 4889 916 4959 inquit
942 4891 1290 4957 Theodorus,
1315 4890 1498 4946 statim
1525 4888 1720 4959 protuli
1746 4885 1993 4942 eumdem
2017 4885 2071 4946 D
2098 4900 2376 4944 servemus
2413 4889 2692 4946 Dominica
2731 4899 2854 4960 post
2896 4892 3159 4948 decimam
3205 4903 3450 4962 quartam
3481 4892 3642 4947 lunam

420 4981 620 5038 librum
646 4992 933 5044 canonum,
959 4987 1014 5033 et
1040 4993 1109 5033 ex
1132 4979 1320 5034 eodem
1349 4979 1486 5034 libro
1511 4979 1694 5034 decem
1735 4975 1990 5048 capitula,

423 5085 546 5145 qua
579 5083 678 5141 per
721 5068 838 5124 loca
880 5075 1190 5122 notaveram
1220 5087 1233 5122 :
1272 5070 1398 5140 quia
1438 5070 1669 5124 maxime
1702 5069 1859 5124 nobis
1895 5082 1998 5121 ne-

426 5165 662 5224 cessaria
686 5162 945 5228 sciebam,
994 5161 1099 5217 illis
1145 5177 1329 5218 coram
1353 5166 1596 5231 ostendi,
1614 5174 1669 5220 et
1691 5173 1754 5219 ut
1783 5165 1898 5219 haec
1919 5162 1995 5219 di-

427 5256 682 5331 ligentius
704 5255 772 5311 ab
797 5254 1048 5311 omnibus
1076 5254 1495 5325 susciperentur,
1524 5258 1732 5328 rogavi.

1007 5344 1048 5400 I.
1085 5343 1164 5400 De
1191 5344 1398 5400 Pascha
1409 5381 1432 5401 .Δ

2100 4976 2258 5045 primi
2291 4980 2508 5034 mensis.

2658 5126 2720 5180 II.
2751 5126 2826 5181 De
2853 5127 3120 5199 episcopis-

2177 5250 2205 5288 ι’
2236 5249 2307 5306 Ut
2331 5249 2510 5305 nullus
2542 5251 2913 5321 episcoporum
2943 5255 3256 5323 parochiam
3280 5254 3493 5310 alterius
3514 5254 3636 5306 inva~

2105 5345 2224 5408 dat,
2269 5345 2363 5401 sed
2414 5351 2698 5400 contentus
2747 5345 2817 5401 sit
2866 5347 3256 5416 gubernatione
3307 5347 3511 5404 credita:
3556 5338 3639 5399 sibi

503 5450 529 5478 ι
563 5439 632 5494 Ut
664 5445 908 5495 sanctum
955 5437 1098 5494 diem
1138 5437 1362 5496 Pascha:
1390 5440 1446 5494 in
1486 5454 1772 5496 commune
1818 5456 2006 5498 omnes
2104 5435 2293 5504 plebiS-

507 5573 533 5602 ⁸
560 5561 1026 5642 (ξοπιες-Διεικιζς.
1047 5567 1070 5620 1
1093 5567 1580 5642 ὶᾶεοιθιιιιιιοοηο.
1607 5569 1828 5642 Νἰοεθιιί.
1852 5571 2006 5642 Apud
2108 5574 2173 5628 de
2190 5569 2444 5642 Synodis:
2473 5571 2868 5637 Theodoret.,l.
2896 5589 2911 5626 ι
2945 5573 3167 5640 llist.,c.
3197 5575 3258 5640 8;
3293 5575 3400 5631 tid.
3427 5587 3531 5628 can.
3555 5565 3636 5622 sub

439 5630 660 5697 Euseb,
681 5633 771 5689 lib.
796 5651 853 5688 ιιι
871 5635 936 5690 de
950 5637 1064 5692 Vita
1089 5630 1445 5708 Constantini,
1461 5655 1578 5712 cap.
1609 5641 1673 5698 i8
1689 5657 1702 5707 ;
1718 5630 1977 5698 Albanas.
1991 5683 2006 5710 ,

2109 5644 2324 5698 nomine
2355 5653 2527 5711 apost.
2556 5643 2609 5695 7.

2187 5713 2213 5752 ι’
2253 5711 2410 5768 Conc.
2445 5711 2716 5782 Antioch,
2741 5729 2789 5768 c.
2819 5714 2854 5771 3
