3928 6178
297 299 399 359 εδδ

787 413 874 468 Ill.
915 412 1000 467 De
1018 412 1362 466 monasteriis.

362 527 386 553 α
415 511 485 568 Ut
506 523 734 580 qumque
762 505 1089 561 monasteria
1117 504 1227 558 Deo
1250 511 1561 558 consecrata
1597 501 1727 556 mili
1751 503 1864 572 epi-

293 615 577 671 scoporum
619 599 776 652 liceat
799 611 864 651 ea
897 596 951 649 in
991 593 1170 662 aliquo
1206 593 1524 662 inquietare,
1567 607 1668 646 nec
1705 590 1865 659 quid-

294 709 457 766 quam
477 691 544 747 de
569 705 758 746 eorum
785 689 948 742 rebus
970 685 1231 741 violenter
1254 685 1585 740 abstrahere.

475 789 478 800 '
817 779 907 836 IV.
940 779 1018 833 De
1046 778 1334 832 monachis.

362 879 391 918 ιι
417 877 488 932 Ut
513 873 760 931 monachi
788 883 810 912 ο
837 888 943 928 non
967 872 1199 940 migrent
1224 871 1288 926 de
1313 870 1428 925 loco
1451 869 1516 922 ad
1540 869 1739 934 locum,
1766 869 1869 924 hoc

291 979 396 1036 est,
426 969 491 1024 de
522 965 846 1022 monasterio
873 965 940 1018 ad
967 963 1376 1026 monasterium,
1411 955 1515 1017 nisi
1552 978 1648 1032 per
1685 961 1869 1016 dimis-

290 1062 499 1116 sionem
533 1057 737 1127 proprii
780 1054 1011 1120 abbatis,
1037 1055 1132 1109 sed
1167 1055 1221 1108 in
1251 1068 1313 1108 ea
1348 1061 1700 1131 permaneant
1735 1055 1868 1109 obe-

289 1151 527 1216 dientia,
561 1165 723 1222 quam
769 1156 1010 1218 tempore
1051 1163 1162 1202 suae
1202 1146 1569 1202 conversionis
1604 1145 1867 1215 promise-

287 1250 446 1300 runt.

862 1331 922 1385 V.
965 1329 1043 1384 De
1070 1327 1296 1383 clericis.

355 1443 383 1482 δ
415 1443 486 1500 Ut
530 1441 706 1496 nullus
746 1439 1064 1495 clericorum
1102 1437 1412 1506 relinquens
1444 1434 1720 1506 proprium
1751 1433 1866 1502 epi-

287 1548 546 1602 scopum,
590 1530 793 1602 passim
831 1528 1072 1598 quolibet
1111 1528 1418 1582 discurrat:
1456 1539 1630 1594 neque
1673 1521 1867 1576 alicubi

285 1627 510 1682 veniens
555 1625 756 1693 absque
799 1620 1254 1677 commendatitiis
1283 1619 1477 1673 litteris
1505 1617 1586 1672 sui
1619 1615 1866 1686 prmsulis

285 1714 630 1784 suscipiatur.
671 1712 823 1779 Quod
865 1712 911 1767 si
951 1709 1118 1766 semel
1162 1716 1442 1778 susceptus
1467 1714 1578 1772 est,
1609 1714 1664 1761 et
1696 1705 1865 1760 noluit

283 1804 548 1859 invitatus
586 1803 786 1867 redire,
814 1810 871 1858 et
921 1810 1222 1871 susceptor,
1251 1807 1307 1855 et
1353 1800 1398 1854 is
1441 1799 1534 1868 qui
1582 1807 1862 1867 susceptus

285 1905 367 1952 est
390 1895 935 1953 excommunicationi
965 1894 1282 1964 subiacebit.

527 2008 609 2064 VI.
639 2008 716 2062 De
743 2007 995 2079 episcopis
1023 2016 1069 2061 et
1096 2004 1297 2060 clericis
1325 2003 1629 2076 peregrinis.

359 2136 384 2163 ο
418 2122 492 2178 Ut
526 2121 763 2191 episcopi
793 2127 952 2188 atque
977 2119 1158 2174 clerici
1195 2117 1465 2188 peregrini
1493 2113 1729 2169 contenti
1757 2113 1866 2168 sint

284 2213 668 2285 hospitalitatis
710 2224 934 2265 munere
971 2210 1171 2274 oblato,
1211 2209 1447 2279 nullique
1474 2221 1661 2262 eorum
1708 2205 1866 2259 liceat

284 2308 452 2363 ullum
478 2304 712 2360 cilicium
749 2303 1082 2358 sacerdotale
1113 2304 1314 2371 absque
1338 2299 1605 2370 permissu
1627 2296 1861 2366 episcopi

285 2399 338 2453 in
365 2395 520 2467 cujus
546 2394 800 2466 parochia
824 2406 944 2448 esse
972 2392 1336 2462 cognoscitur,
1365 2401 1544 2461 agere.

824 2503 932 2560 γιι.
974 2501 1052 2558 De
1076 2502 1310 2573 synodis.

359 2599 381 2640 ΐ
423 2599 493 2656 Ut
517 2598 603 2654 bis
645 2599 700 2654 in
731 2613 874 2653 anno
915 2597 1152 2668 synodus
1189 2603 1580 2668 congregetur:
1613 2596 1708 2651 sed
1737 2596 1862 2666 quia

283 2691 512 2747 diversa:
538 2704 716 2746 causa:
751 2689 1070 2758 impediunt,
1100 2687 1300 2760 placuit
1336 2686 1586 2743 omnibus
1616 2686 1670 2740 in
1711 2701 1862 2741 com-

283 2797 468 2848 mune,
491 2790 553 2836 ut
575 2781 826 2837 Kalendis
845 2780 1069 2851 Augusti
1089 2781 1146 2834 in
1168 2777 1287 2835 loco
1307 2779 1400 2848 qui
1429 2777 1728 2849 appellatur
1749 2775 1864 2832 Clo-

281 2873 535 2932 ieahooth
562 2875 729 2931 semel
751 2875 804 2929 in
831 2890 971 2930 anno
993 2880 1367 2946 congregetur.

631 2965 754 3023 Vill.
784 2965 864 3020 De
891 2966 1246 3038 episcoporum
1271 2965 1524 3034 primum.

1383 286 1952 345 PCENITENTIALE.
1985 320 2055 330 —
2093 289 2462 348 CAPlTULA.

1893 414 1938 471 Α
1967 411 2220 468 bitionem
2245 429 2259 464 ε
2291 428 2479 468 omnes
2511 421 2803 484 agnoscant
2835 421 3044 482 tempus
3071 422 3125 469 et
3147 415 3390 472 ordinem
3419 433 3545 474 con-

3442 301 3546 357 936

1967 500 2284 556 secrationis
2313 517 2442 556 sum.

2325 592 2416 647 IX.
2463 593 2536 646 De
2564 595 2920 665 episcoporum
2945 613 3179 652 numero.

2015 681 2065 720 ’δ
2103 681 2162 735 ιιι
2203 697 2490 738 commune
2536 692 2828 740 tractatum
2872 694 2956 741 est
2990 696 3050 741 ut
3094 688 3273 758 plures
3311 692 3548 760 ρρὶερορὶ

1967 779 2243 827 crescente
2263 787 2492 829 numero
2516 773 2751 829 ﬁdelium
2776 784 3125 847 augerentur;
3154 779 3249 833 sed
3271 780 3334 834 de
3362 782 3462 835 hac
3494 797 3546 834 re

1965 859 2037 915 ad
2057 877 2295 931 praesens
2315 863 2552 920 silemus.

2498 977 2568 1031 X.
2602 976 2680 1030 De
2709 979 2975 1048 conjugio.

2045 1069 2058 1107 i
2097 1066 2201 1122 Pro
2228 1067 2509 1138 coniugiis,
2533 1075 2594 1122 ut
2616 1069 2747 1122 nulli
2778 1069 2936 1123 liceat
2969 1070 3073 1124 nisi
3100 1070 3398 1142 legitimum
3445 1077 3542 1127 lia-

1966 1155 2094 1211 bere
2117 1157 2464 1212 connubium.
2483 1156 2670 1211 Nullus
2698 1161 2962 1212 incestum
2992 1157 3174 1214 faciat.
3203 1161 3392 1216 Nullus
3416 1179 3546 1216 con-

1959 1243 2140 1316 iugem
2165 1248 2462 1316 propriam,
2486 1247 2612 1310 nisi,
2641 1255 2701 1301 ut
2723 1258 2967 1302 sanctum
2991 1247 3336 1320 Evangelium
3366 1253 3540 1319 docet,

1966 1337 2337 1394 fornicationis
2362 1354 2524 1395 causa
2554 1339 2839 1408 relinquat.
2865 1339 3015 1405 Quod
3045 1341 3088 1395 si
3115 1342 3396 1410 quisquam
3425 1360 3547 1412 pro-

1962 1432 2138 1501 priam
2185 1431 2452 1502 expulerit
2495 1431 2776 1501 coniugem
2804 1431 3046 1502 legitimo
3076 1433 3176 1486 sibi
3206 1434 3549 1491 matrimonio

1963 1522 2328 1591 coniunctam,
2367 1523 2413 1577 si
2440 1522 2780 1578 Christianus
2807 1537 2927 1578 esse
2959 1532 3108 1578 recte
3136 1522 3386 1589 voluerit,
3418 1526 3548 1579 nulli

1965 1611 2121 1666 alteri
2165 1612 2477 1680 copuletur;
2511 1613 2606 1668 sed
2629 1614 2701 1667 ita
2728 1623 3064 1683 permaneat,
3095 1624 3187 1668 aut
3216 1617 3443 1686 propria:
3469 1632 3552 1672 re-

1967 1702 2285 1756 concilietur
2307 1701 2484 1756 uxori.

2034 1793 2128 1849 His
2160 1794 2342 1862 itaque
2386 1793 2655 1862 capitulis,
2680 1802 2739 1848 ut
2766 1795 3108 1865 persequitur
3129 1794 3464 1860 Theodorus,
3497 1797 3549 1850 in

1965 1900 2250 1940 commune
2290 1884 2538 1939 tractatis
2566 1898 2632 1940 ac
2673 1883 2934 1950 diillnitis,
2965 1893 3024 1939 ut
3051 1885 3257 1939 nullum
3300 1885 3551 1956 deinceps

1969 1978 2038 2030 ab
2085 1973 2266 2045 aliquo
2294 1982 2540 2030 nostrum
2581 1975 2789 2030 oriatur
2817 1975 3177 2031 contentionis
3215 1974 3547 2038 scandalum,

1967 2074 2061 2120 aut
2085 2065 2188 2119 alia
2230 2081 2343 2136 pra:
2383 2064 2502 2120 aliis
2529 2065 2954 2137 divulgarentur,
2983 2067 3185 2136 placuit
3223 2076 3283 2121 ut
3324 2081 3549 2136 quaeque

1962 2142 2190 2209 di'ﬂlnita
2234 2163 2380 2219 sunt,
2414 2154 2784 2224 unusquisque
2813 2164 3057 2210 nostrum
3094 2170 3286 2212 manus
3319 2156 3549 2224 propria:

1961 2243 2357 2314 subscriptione
2402 2243 2765 2298 continuaret.
2794 2242 2968 2310 Quam
2995 2244 3318 2298 sententiam
3347 2241 3546 2298 dili'mi-

1962 2338 2122 2392 tionis
2147 2337 2330 2392 Titillo
2373 2337 2582 2391 notario
2627 2337 2969 2392 scribendam
3011 2337 3228 2392 dictavi.
3259 2337 3451 2392 Actum
3495 2336 3546 2390 in

1961 2442 2146 2483 mense
2192 2435 2247 2482 et
2294 2426 2588 2481 indictione
2636 2427 3037 2497 suprascriptis.
3065 2426 3322 2496 Quisquis
3376 2426 3544 2496 igitur

1963 2525 2154 2572 contra
2201 2517 2342 2571 hanc
2397 2515 2722 2571 sententiam
2771 2516 2927 2586 iuxta
2973 2516 3188 2571 decreta
3242 2529 3540 2578 canonum,

1963 2614 2151 2662 nostra
2192 2606 2357 2661 etiam
2411 2603 2767 2661 consensione
2811 2620 2873 2660 ac
2915 2604 3312 2674 subscriptione
3359 2620 3551 2660 manus

1963 2707 2168 2755 nostris
2213 2697 2590 2753 conﬁrmatam
2641 2711 2857 2768 quoquo
2904 2697 3063 2752 modo
3102 2695 3290 2750 venire
3323 2709 3550 2764 eamque

1963 2789 2256 2860 infringere
2284 2789 2595 2854 tentaverit,
2633 2788 2846 2843 noverit
2871 2801 2930 2842 se
2958 2789 3027 2843 ab
3055 2787 3204 2841 omni
3249 2786 3424 2842 oﬁicio
3465 2801 3550 2842 sa-

1963 2881 2220 2938 cerdotali
2246 2888 2300 2935 et
2327 2887 2515 2935 nostra
2545 2880 2802 2934 societate
2829 2878 3203 2948 separandum.
3233 2877 3421 2931 Divina
3449 2892 3546 2932 vos

1963 2972 2136 3043 gratia
2162 2970 2216 3024 in
2239 2969 2446 3023 unitate
2469 2977 2671 3024 sanctae
2692 2967 2948 3023 Ecclesia:
2973 2981 3085 3022 suae
3108 2967 3350 3022 viventes
3368 2973 3549 3022 custo-

357 3063 385 3103 ⁸
406 3061 478 3118 Ut
504 3059 684 3116 nullus
705 3059 1078 3130 episcoporum
1099 3072 1158 3115 se
1180 3054 1435 3127 praeferat
1456 3053 1610 3110 alteri
1631 3068 1728 3124 per
1749 3068 1861 3110 am-
1887 3095 1933 3159 C
1967 3061 2082 3116 diat
2111 3057 2430 3114 incolumes.

356 3203 383 3232 ι
421 3190 588 3246 Conc.
619 3190 801 3257 llerd.,
827 3205 875 3246 c.
904 3191 960 3245 3.

356 3260 386 3300 δ
415 3259 620 3316 Concil.
647 3261 924 3325 Chalced.,
952 3275 1002 3314 c.
1025 3257 1088 3324 4;
1112 3273 1266 3312 conc.
1288 3257 1695 3328 Andegavense,
1719 3273 1768 3314 c.
1790 3259 1856 3324 8;

282 3345 441 3388 conc.
472 3331 809 3396 Veneticum,
835 3346 885 3385 c.
917 3330 980 3396 6;
1019 3343 1172 3399 conc.
1201 3327 1526 3399 Agathense,
1558 3344 1606 3399 c.
1632 3327 1722 3394 21,
1757 3329 1856 3393 38;

281 3415 440 3457 cane.
469 3400 650 3454 Aurel.
674 3416 714 3466 ι,
740 3417 789 3455 c.
818 3401 912 3466 i9;
943 3414 1096 3455 conc.
1125 3397 1325 3466 Turon.
1358 3413 1421 3462 ιι,
1445 3415 1493 3453 c.
1525 3398 1610 3451 15.

361 3479 384 3509 ο
417 3469 517 3524 Hic
542 3465 705 3540 vulgo
729 3465 922 3540 legitur
965 3470 1018 3540 in
1049 3467 1210 3540 editis
1245 3465 1562 3540 Utepiswpi
1601 3468 1860 3540 monachi.

280 3536 441 3607 Quod
489 3536 688 3595 rectilis
733 3536 887 3594 abest
914 3554 944 3593 a
974 3537 1180 3593 duobus
1230 3536 1506 3592 codiéibus
1529 3538 1748 3606 optimis
1783 3537 1865 3592 bi-

283 3611 568 3665 bliothecae
597 3611 852 3670 Thuanae,
884 3619 940 3664 et
985 3608 1052 3662 ab
1079 3607 1250 3676 altero
1283 3608 1659 3676 antiquissimo
1704 3620 1865 3675 quem

282 3681 374 3733 vir
401 3680 741 3735 doctissimus
769 3678 1063 3734 Chililetius
1091 3677 1148 3735 S.
1179 3675 1230 3730 J.
1263 3675 1473 3731 mecum
1503 3677 1869 3732 communica-

283 3751 389 3831 vit,
411 3757 572 3831 atque
590 3750 751 3831 etiam
775 3749 1134 3831 abexcerptis
1145 3747 1365 3831 Egberti
1386 3747 1546 3831 Ehor.
1573 3747 1719 3827 arch.
1745 3760 1864 3831 cap.

284 3817 500 3884 66,ubi
530 3820 644 3874 sic:
684 3820 984 3873 Theodorus
1030 3819 1155 3871 dicit
1180 3817 1476 3870 {Monac/ti
1506 3832 1606 3868 non
1647 3817 1866 3884 migrent

285 3889 354 3943 de
398 3887 535 3954 loco,
561 3898 665 3945 etc.
710 3890 918 3943 Etenim
967 3888 1234 3958 alioquin,
1274 3887 1376 3940 hoc
1403 3885 1696 3958 capitulum
1744 3899 1868 3938 cum

285 3959 438 4014 nullo
461 3974 666 4016 canone
693 3962 1007 4029 cuiusquam
1037 3955 1224 4029 synodi
1257 3955 1610 4026 praecedentis
1635 3969 1864 4010 consen-

287 4029 443 4084 tiret.

359 4099 385 4139 δ
427 4098 592 4154 Cone.
622 4099 824 4154 Arelat.
873 4117 914 4164 ι,
943 4115 992 4152 c.
1020 4099 1083 4152 2|
1108 4115 1122 4165 ;
1155 4113 1308 4153 conc.
1356 4096 1629 4151 Nicmnum
1649 4135 1666 4162 ,
1692 4109 1742 4150 c.
1773 4095 1862 4160 15,

292 4169 390 4234 ιϐς
420 4184 574 4225 conc.
603 4169 1017 4232 Antiochenum,
1053 4185 1104 4223 c.
1135 4170 1196 4234 5;
1236 4183 1389 4222 conc.
1417 4167 1660 4230 Laodic.,
1688 4180 1738 4220 c.
1770 4165 1862 4229 41,

290 4239 393 4305 ι2;
425 4255 546 4296 can.
590 4241 691 4295 sub
724 4240 940 4294 nomine
977 4246 1149 4307 apost.
1195 4237 1291 4303 H;
1335 4252 1490 4292 conc.
1549 4236 1738 4292 Carth.
1793 4249 1870 4299 tv,
1903 4244 1951 4304 ι)

1967 3210 2017 3249 c.
2043 3193 2076 3248 5
2093 3210 2108 3259 ;
2125 3193 2246 3248 cod.
2267 3191 2474 3247 Eccles.
2499 3189 2757 3257 Afric..,c.
2789 3190 2884 3256 7i;
2910 3205 3064 3245 conc.
3093 3190 3466 3256 Toletanumt,
3492 3207 3544 3247 c.

1968 3263 2066 3327 ης
2109 3278 2265 3318 conc.
2309 3261 2712 3332 Andegavense,
2746 3276 2794 3314 c.
2827 3261 2851 3313 1
2852 3277 2889 3332 ἐ
2927 3275 3080 3332 conc.
3125 3259 3464 3332 Epaonense,
3493 3276 3543 3315 c.

1967 3333 2034 3400 6;
2060 3347 2213 3387 conc.
2240 3329 2487 3394 Valent.,'
2502 3346 2550 3386 c.
2576 3331 2639 3393 5;
2667 3345 2821 3384 conc.
2850 3329 3022 3400 Tolet.
3047 3345 3110 3392 ιι,
3137 3344 3185 3400 c_.
3213 3329 3265 3400 2.

2043 3401 2358 3526 QGSynodus
2390 3401 2447 3455 S.
2476 3400 2716 3463 Patricii,
2747 3414 2796 3453 c.
2831 3400 2919 3454 30.
2949 3397 3114 3452 Citat.
3138 3396 3368 3468 Capitul.
3400 3398 3436 3451 l.
3468 3413 3546 3462 v1,

1971 3488 2020 3528 c.
2044 3488 2132 3526 δυ.

2049 3542 2068 3582 τ
2111 3541 2278 3598 Cone.
2318 3540 2618 3607 Nicaanum,
2641 3555 2689 3595 c.
2717 3539 2774 3606 5,
2804 3545 2860 3593 et
2890 3539 3071 3608 plures
3097 3535 3190 3592 alii
3219 3551 3456 3591 canones
3481 3552 3548 3592 ex

1965 3628 2120 3669 conc.
2153 3611 2390 3666 Nicano.

2040 3686 2065 3723 ε
2103 3681 2307 3737 Concil.
2340 3679 2557 3734 Milevit.
2583 3695 2657 3744 ιι,
2689 3694 2737 3732 c.
2772 3678 2860 3741 15,
2887 3677 2983 3743 N;
3018 3677 3073 3732 in
3113 3677 3324 3746 integro
3365 3676 3551 3746 codice

1965 3751 2222 3808 Ecclesia:
2274 3749 2564 3814 Africanze,
2603 3765 2652 3804 c.
2694 3748 2792 3813 86;
2829 3764 2894 3802 ex
2933 3763 3086 3803 conc.
3117 3745 3312 3809 Afric.,
3352 3761 3401 3800 c.
3444 3745 3543 3809 53;

1965 3838 2117 3877 conc.
2141 3822 2350 3885 CarttL,
2376 3835 2431 3875 ιι.
2454 3820 2544 3886 i9,
2565 3819 2663 3874 sub
2679 3819 2900 3875 Aurelio
2922 3819 3208 3889 episcopo;
3233 3830 3385 3871 conc.
3410 3814 3553 3884 Aga-

1966 3893 2181 3946 thense.
2209 3906 2260 3946 c.
2287 3891 2376 3945 25.

1966 3900 2181 3955 thense,
2209 3906 2260 3946 c.
2287 3900 2376 3945 25.

2041 3962 2068 4001 ιι
2107 3959 2273 4015 Cone.
2302 3959 2488 4013 Carth.
2521 3974 2582 4025 ιι,
2610 3975 2658 4014 c.
2692 3955 2746 4013 5.

2047 4031 2065 4072 ί
2109 4029 2273 4085 Cone.
2303 4023 2643 4094 Milevitq'c.
2685 4029 2786 4094 i7;
2818 4027 3252 4096 lnnocent.lep.
3295 4023 3360 4096 ad
3407 4023 3552 4096 Exu-

1969 4101 2184 4227 peiéipm
2211 4093 2556 4170 episcopum,
2592 4114 2647 4154 c.
2680 4097 2730 4152 6.
2758 4093 2830 4139 ὲ
2857 4097 3019 4154 Citat.
3063 4097 3156 4152 lib.
3194 4093 3248 4149 vi
3291 4093 3548 4163 Capitul.,

1971 4187 2022 4226 c.
2121 4211 2134 4225 .

1971 4187 2134 4226 (3.51.

306 4366 3549 4402 __________________________________________.__

1008 4488 1197 4548 ALIA
1243 4482 1638 4547 CAPITULA
1682 4477 2099 4542 COLLECTA
2141 4478 2256 4540 EX
2297 4472 2833 4539 FRAGMENTIS.

558 4627 930 4705 Fragmenta
967 4641 1044 4686 ex
1081 4622 1375 4702 capitulis
1411 4640 1444 4684 a
1482 4639 1612 4683 rev.
1650 4622 1730 4683 D.
1756 4599 1927 4682 Luca
1961 4616 2237 4680 Acherio
2281 4615 2472 4678 editis
2513 4615 2578 4677 in
2611 4614 2936 4694 Spicilegii
2965 4622 3148 4679 torno
3169 4618 3281 4680 1X.

654 4824 774 4886 Hic
821 4819 1394 4902 printer-mittuntur
1439 4838 1567 4900 qum
1609 4833 1804 4896 supra
1849 4821 2066 4876 notata
2105 4824 2249 4877 sunt
2283 4812 2364 4874 ad
2397 4814 2820 4875 Pwnitentiate
2864 4814 3195 4876 Theodori.

982 5015 1100 5054 CAP.
1128 5013 1202 5054 γι.

369 5105 396 5133 ι
425 5091 529 5158 Qui
560 5089 645 5146 bis
671 5087 927 5159 baptizati
966 5095 1092 5142 sunt
1133 5087 1468 5156 ignorantes,
1498 5097 1606 5138 non
1635 5081 1874 5152 indigent

295 5182 639 5254 paenitentia,
670 5181 775 5235 nisi
823 5179 964 5250 quod
995 5176 1288 5232 secundum
1330 5188 1568 5230 canones
1594 5188 1701 5228 non
1744 5186 1870 5241 pos-

2590 5005 2659 5045 IX
2693 5005 2809 5044 CAP.
2840 5007 2936 5045 VII.

2052 5079 2081 5119 ιι
2110 5077 2220 5146 Qui
2251 5090 2542 5150 operantur
2587 5082 2642 5134 in
2680 5079 2768 5134 die
2807 5081 3120 5151 Dominico,
3163 5085 3337 5141 Graeci
3381 5087 3552 5156 prima

1978 5170 2097 5225 vice
2133 5179 2392 5242 arguunt,
2434 5172 2668 5227 secunda
2707 5173 2900 5229 tollunt
2953 5174 3184 5243 aliquid,
3230 5175 3390 5228 tertia
3437 5176 3554 5229 vice

296 5283 425 5330 sunt
449 5274 710 5338 ordinari,
749 5271 849 5326 nisi
877 5286 976 5342 pro
1003 5283 1195 5339 magna
1233 5266 1572 5322 necessitate.
1613 5264 1716 5332 Qui
1743 5278 1873 5320 vero
1979 5262 2194 5318 tertiam
2238 5271 2450 5333 partem
2489 5261 2556 5318 de
2596 5264 2788 5332 rebus,
2815 5273 2871 5321 et
2914 5263 3197 5334 vapulant,
3229 5263 3313 5317 vel
3347 5272 3551 5332 septem

296 5383 412 5424 non
449 5367 718 5439 ignorant,
751 5363 903 5433 quasi
932 5363 1127 5416 iterum
1163 5357 1436 5414 Christum
1465 5355 1868 5420 cruciﬁxerunt,

295 5457 599 5527 pmniteant
625 5462 829 5525 septem
855 5450 1032 5515 annis,
1062 5457 1254 5518 quarta
1282 5446 1436 5512 feria,
1460 5454 1514 5501 et
1539 5454 1689 5501 sexta
1712 5445 1866 5511 feria,

299 5558 358 5602 et
384 5548 559 5603 tribus
586 5543 1030 5616 quadragesimis.

376 5672 398 5699 ιι
431 5660 653 5720 Burch.,
681 5658 714 5711 l.
760 5674 834 5721 tv,
880 5675 928 5712 c.
956 5657 1052 5721 5|;
1086 5655 1198 5721 im,
1239 5671 1289 5724 p.
1322 5669 1362 5719 ι,
1400 5668 1446 5706 c.
1499 5651 1629 5717 145,
1665 5651 1758 5708 Gr.
1804 5652 1869 5707 de

305 5728 496 5796 Cons,
515 5731 636 5784 (list.
664 5730 717 5796 4,
737 5744 784 5782 (⁵.
805 5728 1021 5793 Quibus.

1979 5354 2167 5411 diebus
2190 5356 2508 5424 pmniteant.

2603 5466 2674 5504 ει
2707 5464 2823 5505 CAP.
2857 5463 2931 5502 IX.

2051 5535 2348 5595 Ecclesiam
2375 5539 2501 5596 licet
2535 5555 2735 5611 ponere
2767 5538 2819 5592 in
2850 5537 2958 5590 alio
2993 5535 3112 5590 loco
3137 5534 3180 5588 si
3209 5549 3428 5592 necesse
3453 5540 3553 5603 sit,

1979 5649 2239 5772 d.cbil:|id.
2271 5659 2423 5708 notas
2452 5653 2516 5707 ad
2551 5652 2740 5707 Poenit.
2777 5650 2900 5715 Th.,
2928 5647 2993 5703 de
3013 5660 3176 5716 opere
3209 5647 3350 5715 quod
3381 5648 3556 5704 inter-

2017 5737 2030 5770 ι
2184 5758 2197 5771 .

2017 5737 2197 5771 ιειιυῐ.
