3924 6180
323 298 422 354 957

321 408 552 466 cesserit
579 447 596 473 ,
640 412 734 460 aut
769 405 936 459 intret
971 403 1361 460 monasterium
1391 401 1621 456 Domino
1650 400 1856 457 servire
1887 437 1902 462 ,
1931 399 1985 458 A

324 512 424 558 aut
445 501 741 555 humanum
772 493 964 550 subeat
991 507 1040 549 α.

967 599 1086 639 CAP.
1127 600 1250 638 LXV.

401 684 428 724 δ
457 681 557 749 Qui
599 693 702 750 per
741 677 1042 746 jussionem
1081 673 1288 728 domini
1317 672 1400 728 sui
1428 671 1689 728 occiderit
1733 668 1909 725 homi-

327 791 477 841 nem,
505 774 624 829 dies
650 770 722 826 40
743 769 973 841 jejunet.

959 876 1077 914 CAP.
1115 875 1262 915 LXVI.

395 961 537 1016 Ante
585 954 822 1012 natalem
851 952 1062 1008 Domini
1093 951 1265 1006 nostri
1292 949 1422 1006 Iesu
1458 949 1694 1016 Christi,
1733 946 1908 1004 ϐιωθὶ

323 1068 455 1112 sera
481 1061 537 1107 et
563 1049 744 1107 Latini
771 1061 914 1104 nona
940 1046 1073 1100 hora
1097 1044 1292 1100 missas
1317 1043 1612 1100 celebrant.

976 1153 1094 1192 CAP.
1131 1152 1256 1191 LXX.

399 1231 498 1299 Qui
525 1229 810 1300 pecuniam
834 1226 888 1280 in
915 1225 1152 1296 praedam
1180 1225 1416 1290 duxerit,
1444 1223 1659 1279 tertiam
1693 1231 1906 1294 partem

324 1329 514 1393 eroget
535 1361 550 1386 ,
580 1325 634 1374 et
662 1317 732 1371 40
761 1317 875 1371 dies
896 1315 1120 1387 jejunet.

944 1419 1062 1460 CAP.
1103 1420 1292 1460 LXXIII.

401 1511 423 1540 ε
455 1499 556 1566 Qui
586 1495 851 1553 dimiserit
889 1509 1112 1548 uxorem
1145 1509 1298 1548 suam
1355 1493 1513 1549 alteri
1556 1491 1906 1566 coniungens,

327 1599 541 1663 septem
569 1588 724 1644 annis
750 1587 1030 1658 puniteat.

960 1693 1079 1732 CAP.
1116 1692 1254 1730 LXXV

399 1793 546 1848 Patri
572 1800 628 1848 et
648 1791 760 1847 ﬁlio
785 1798 1015 1846 matrem
1039 1797 1096 1844 et
1120 1789 1286 1846 ﬁliam
1316 1789 1442 1846 licet
1472 1789 1526 1844 in
1557 1789 1902 1846 matrimonio

325 1884 548 1940 habere.

943 1985 1061 2025 CAP.
1099 1986 1298 2026 LXXVII.

397 2063 424 2102 ά
450 2062 639 2118 Mulier
667 2071 856 2132 sponte
895 2062 1127 2132 pel-dens
1149 2072 1364 2132 partum
1388 2077 1542 2118 51mm
1566 2101 1581 2126 ,
1617 2061 1662 2116 si
1687 2069 1812 2117 ante
1837 2062 1907 2118 40

322 2158 444 2216 dies
465 2157 1052 2230 conceptionis,annum
1065 2171 1230 2210 unum
1259 2156 1540 2225 pmniteat,
1553 2157 1599 2214 si
1621 2170 1749 2210 vero
1761 2164 1902 2226 post.

324 2256 442 2312 tres
465 2263 635 2306 annos
659 2248 940 2318 pmniteat.

899 2355 968 2398 EX
1009 2355 1128 2398 CAP.
1167 2356 1333 2395 LXXX.

401 2432 662 2490 Similiter
689 2448 811 2502 quae
849 2432 918 2486 ab
964 2431 1098 2502 ipsis
1145 2431 1469 2502 supradictis
1507 2438 1858 2488 consecratur
1887 2470 1904 2497 ,

327 2542 470 2596 aqua
497 2520 806 2581 exorcizata
834 2530 1192 2594 aspergatur
1213 2562 1230 2590 ,
1275 2530 1333 2578 et
1371 2521 1550 2592 aliqua
1588 2522 1908 2580 collectione

323 2617 738 2674 conﬁrmentur.

907 2702 1026 2742 CAP.
1064 2701 1328 2740 LXXXVIII.

400 2803 692 2874 Presbyter
716 2804 766 2859 si
789 2803 930 2859 viam
961 2801 1338 2863 ambulaverit,
1361 2807 1417 2855 et
1443 2813 1739 2854 occurrens
1783 2815 1906 2855 mur

324 2897 431 2952 lier
456 2910 652 2966 ragans
672 2909 796 2950 eum
818 2894 986 2950 ﬁlium
1011 2909 1167 2950 suum
1192 2892 1466 2948 inﬁrmum
1483 2892 1768 2962 baptizari,
1792 2891 1909 2961 ipse

322 3001 427 3057 pro
457 2986 668 3042 itineris
709 2986 793 3044 sui
835 2984 1179 3042 festinatione
1226 2983 1555 3054 neglexerit;
1603 2983 1909 3054 quicunque

1029 289 1587 348 POENITENTIALE.
1629 320 1699 331 ——
1733 284 2074 345 CAPITULA
2113 282 2473 341 COLLECTA
2509 283 2603 340 EX
2641 281 2902 338 FRAGM.

3483 289 3590 346 938

2650 405 2770 448 CAP.
2802 405 2943 445 XCIV.

2086 484 2112 524 ⁸
2144 483 2200 538 Si
2233 483 2354 553 quis
2381 481 2667 552 episcopus
2701 481 2786 535 vel
2813 481 3098 552 presbyter
3125 481 3293 538 fracta
3320 481 3595 542 oblatione

2009 589 2116 629 non
2163 572 2684 638 communicaverit,
2733 571 2877 626 dicat
2915 570 3291 626 rationabilem
3333 588 3553 630 causam
3577 617 3593 642 ,

2011 665 2096 720 sin
2129 664 2298 732 aliud,
2329 665 2652 735 deponatur.

2651 770 2768 810 CAP.
2812 770 2914 810 XCV
2925 793 2934 807 .

2076 847 2106 888 δ
2138 844 2338 901 Omnes
2377 845 2565 902 ﬁdeles
2616 846 2708 914 qui
2758 845 3135 915 ingrediuntur
3191 845 3480 902 ecclesiam
3527 863 3594 903 ac

2009 941 2251 992 sanctam
2273 933 2601 989 oblationem
2630 948 2734 987 non
2761 942 3116 1003 praesumunt,
3158 949 3256 990 nec
3293 936 3596 1008 percipiunt

2009 1025 2335 1084 sacriﬁcium
2363 1065 2378 1091 ,
2407 1040 2528 1080 cum
2556 1025 2809 1080 convenit
2833 1025 3036 1095 privari
3063 1026 3463 1081 communione.

2651 1133 2769 1172 CAP.
2813 1131 2957 1170 XCVI.

2080 1208 2378 1278 Episcopus
2402 1222 2508 1261 non
2533 1215 2692 1262 exeat
2719 1206 2785 1259 ad
2813 1206 2974 1259 aliam
3005 1206 3337 1276 parochiam,
3367 1216 3420 1261 et
3442 1223 3593 1262 suam
3657 1217 3662 1228 '

2009 1301 2295 1371 relinquat;
2317 1300 2418 1354 nisi
2441 1299 2726 1370 cpiscopus
2742 1299 3033 1354 multorum
3048 1297 3252 1367 judicio
3273 1308 3329 1355 ct
3365 1302 3598 1356 maxime

2008 1390 2402 1462 supplicatione
2434 1389 2685 1461 perﬁciat
2714 1393 2759 1444 ί.

2633 1499 2751 1536 CAP.
2796 1498 2964 1537 XCVII.

2080 1568 2095 1620 i
2134 1570 2426 1626 Eunuchus
2471 1571 2516 1625 si
2551 1586 2649 1641 per
2677 1571 2904 1627 insidias
2947 1573 3228 1627 hominum
3257 1572 3431 1627 factus
3460 1581 3586 1640 est,

2007 1662 2094 1718 vel
2117 1663 2161 1719 si
2189 1663 2241 1717 in
2270 1664 2646 1733 persecutione
2673 1663 2789 1733 ejus
2828 1672 3103 1734 amputata
3129 1672 3254 1720 sunt
3283 1665 3484 1730 virilia,
3511 1665 3596 1720 vel

1934 1746 1982 1810 Β
2008 1758 2053 1814 si
2078 1759 2152 1812 ita
2176 1757 2349 1812 factus
2371 1767 2451 1812 est
2468 1764 2645 1822 natus,
2670 1765 2726 1811 et
2753 1764 2838 1810 est
2862 1757 3073 1826 dignus,
3102 1755 3365 1810 efficiatur
3385 1757 3597 1826 episco-

2009 1868 2130 1922 pus.
2166 1851 2368 1920 Siquis
2392 1851 2754 1920 amputaverit
2774 1849 3124 1918 sibimetipsis
3147 1848 3340 1912 virilia,
3372 1849 3592 1903 omnino

2007 1958 2114 1996 non
2143 1949 2320 2012 potest
2353 1957 2472 1996 esse
2499 1940 2751 1998 clericus.
2785 1940 2842 1994 Si
2866 1941 2988 2010 quis
3014 1947 3138 2010 post
3163 1941 3389 2009 gradum
3411 1956 3599 2009 ampu-

2009 2032 2208 2086 taverit
2229 2031 2423 2096 virilia,
2445 2031 2665 2084 omnino
2690 2030 2994 2084 damnetur.
3020 2028 3077 2084 Si
3107 2031 3228 2098 quis
3251 2029 3593 2102 semetipsum

2010 2123 2320 2190 absciderit,
2351 2122 2524 2178 tribus
2551 2122 2710 2178 annis
2735 2121 3112 2176 communione
3134 2120 3390 2193 privetur.

2647 2228 2766 2266 CAP.
2809 2227 2952 2266 XCIX.

2083 2301 2109 2342 ιι
2140 2299 2327 2355 Nullus
2352 2315 2450 2370 per
2477 2299 2761 2372 pecuniam
2784 2300 3026 2354 obtineat
3051 2298 3308 2370 gradum:
3335 2298 3418 2354 sin
3441 2313 3589 2363 vero,-

2009 2399 2065 2444 et
2092 2389 2226 2460 ipse,
2265 2399 2318 2444 et
2365 2389 2644 2447 ordinator
2669 2387 2784 2458 ejus
2810 2389 3064 2444 erunibus
3093 2388 3268 2444 modis
3296 2404 3329 2442 a
3357 2404 3597 2444 commu-

2007 2480 2170 2535 nione
2198 2479 2571 2551 projicientur.

2686 2563 2802 2604 CAP.
2843 2565 2916 2603 CI.

2084 2640 2185 2708 Qui
2225 2656 2418 2696 carnes
2471 2641 2778 2695 immundas
2833 2639 3314 2703 manducavermt,
3363 2646 3422 2693 et
3451 2636 3598 2694 olera

2014 2747 2135 2802 qua:
2165 2748 2286 2786 eum
2325 2746 2488 2787 carne
2524 2737 2830 2802 coquuntur
2853 2769 2868 2795 ,
2901 2743 3116 2784 cessare
3155 2735 3371 2799 oportet
3409 2743 3441 2782 a
3492 2728 3598 2784 mi-

2010 2822 2258 2877 nisterio.

2687 2907 2804 2947 CAP.
2836 2906 2940 2948 CVI.

2087 2979 2105 3019 ι
2138 2979 2438 3051 Episcopus
2463 3021 2477 3047 ,
2505 2983 2794 3052 presbyter
2817 3023 2832 3046 ,
2871 2983 3130 3037 diaconus
3160 2979 3411 3037 conﬁteri
3438 2977 3594 3034 debet

323 3078 494 3132 etiam
541 3077 942 3148 praesumpserit
977 3077 1032 3133 in
1068 3076 1344 3147 provincia
1388 3090 1486 3130 sua
1515 3075 1732 3145 propria
1755 3115 1770 3140 ,
1813 3082 1911 3130 aut
1934 3091 1983 3156 ο
2009 3081 2296 3141 peccatum
2319 3086 2498 3125 suum.
2531 3071 2812 3126 Confessio
2841 3070 2951 3127 Deo
2980 3071 3080 3127 soli
3108 3112 3123 3138 ,
3181 3069 3227 3125 si
3267 3082 3490 3125 necesse
3518 3074 3597 3121 est

324 3167 524 3231 aliena,
552 3167 639 3222 vel
666 3169 971 3238 ubicunque
996 3168 1212 3224 inventa
1241 3165 1406 3221 fuerit
1449 3166 1542 3236 qui
1561 3165 1912 3221 commenda-

325 3265 445 3312 tum
474 3256 576 3312 sibi
601 3257 875 3312 inﬁrmum
915 3272 1024 3312 non
1063 3256 1177 3310 vult
1218 3256 1497 3326 baptizare
1521 3296 1536 3320 ,
1581 3263 1638 3310 et
1674 3256 1754 3310 sic
1793 3256 1910 3311 sine

327 3349 598 3421 baptismo
624 3351 888 3406 morietur
911 3391 927 3418 ,
964 3351 1279 3421 deponatur.
1335 3348 1597 3404 Similiter
1643 3355 1823 3404 autem
1863 3347 1910 3403 si

325 3441 604 3499 hominem
630 3443 910 3509 occiderit,
940 3451 1035 3499 aut
1059 3441 1470 3499 fornicationem
1510 3439 1718 3508 fecerit,
1745 3441 1910 3513 depo-

326 3543 511 3588 natur.

980 3619 1100 3658 CAP.
1124 3618 1234 3658 XCI.

406 3705 430 3732 -
462 3693 564 3760 Qui
592 3694 805 3750 duxerit
829 3693 1047 3749 viduam
1075 3693 1128 3747 in
1156 3708 1380 3748 uxorem
1410 3693 1510 3748 sibi
1541 3692 1626 3748 vel
1645 3698 1770 3762 post
1808 3691 1907 3746 ba-

324 3785 587 3855 ptismum
611 3824 628 3850 ,
676 3785 789 3840 sive
833 3793 956 3840 ante
1000 3783 1369 3854 baptismum,
1421 3799 1528 3838 non
1577 3790 1757 3854 potest
1789 3795 1910 3837 esse

327 3875 636 3946 presbyter.
1295 3937 1313 3957 ο

974 3961 1091 3999 CAP.
1131 3960 1259 3998 XCII.

407 4037 427 4076 ί
463 4036 575 4092 Non
603 4036 963 4092 communicet
995 4036 1078 4089 vir
1106 4050 1230 4089 cum
1273 4049 1442 4088 uxore
1480 4048 1573 4088 sua
1624 4024 1865 4089 adultera
1892 4074 1907 4099 ,

327 4128 582 4182 similiter
603 4135 657 4180 et
680 4142 815 4181 uxor
841 4142 964 4182 cum
994 4125 1235 4182 adultero
1277 4127 1394 4181 viro
1419 4142 1526 4181 non
1550 4126 1696 4182 ineat
1720 4143 1910 4198 pacem

327 4215 852 4272 communicationis.

325 4360 432 4473 “De
460 4347 624 4470 ἕπει
645 4348 736 4404 hic
759 4346 994 4418 aliquid;
1017 4344 1252 4416 suppleri
1279 4354 1454 4416 potest
1474 4363 1538 4404 ex
1570 4348 1903 4418 CapituLﬁl,

411 4458 423 4470 .
460 4433 530 4470 η’.

403 4491 428 4526 ι)
450 4487 648 4542 ΡιιΊΙῘῐ.
676 4487 858 4551 Rom.,
883 4487 968 4541 tit.
995 4487 1047 4551 I,
1072 4503 1120 4542 c.
1156 4487 1240 4541 I7.

403 4569 426 4597 ε
458 4558 746 4612 Ρωιιὶιεηι,
778 4558 958 4622 Rom.,
985 4558 1066 4611 tit.
1091 4559 1144 4622 ὅ,
1170 4571 1219 4611 c.
1244 4557 1334 4611 20.

399 4627 427 4670 ιι
459 4628 621 4692 Beda,
650 4629 718 4682 de
747 4628 966 4682 Remed.
990 4642 1167 4696 pecc.,
1201 4643 1250 4684 c.
1270 4629 1326 4683 5.

405 4710 429 4768 ἐ
466 4699 596 4768 Egb.
628 4699 857 4768 Excerp.
886 4699 976 4752 51.

405 4767 426 4806 ί
469 4764 686 4824 summa
709 4764 839 4833 esto,
866 4768 910 4822 si
932 4767 1053 4838 quis
1077 4767 1166 4830 '52,
1191 4782 1246 4838 q.
1280 4767 1334 4834 1,
1363 4780 1432 4823 ex
1459 4764 1671 4824 Theod.
1705 4769 1901 4826 Paruit.

405 4840 428 4877 ⁸
457 4838 590 4892 Can.
624 4839 724 4893 sub
751 4839 968 4892 nomine
1004 4854 1090 4906 ap.
1122 4839 1175 4893 9.

400 4909 432 4978 ¹ιν
457 4908 590 4963 Can.
620 4908 722 4962 sub
747 4924 891 4962 nom.
926 4905 1122 4977 apost.,
1173 4923 1223 4963 c.
1269 4907 1365 4973 li;
1398 4907 1591 4964 concil.
1628 4905 1906 4978 Antioch.,

323 4995 381 5036 ο.
411 4977 448 5036 2
469 4995 486 5042 ;
508 4979 706 5035 concil.
729 4979 1100 5035 Bracharense
1132 4993 1191 5044 ιι,
1220 4994 1270 5033 c.
1295 4980 1384 5035 85.

2013 3161 2100 3233 agi
2132 3161 2278 3216 licet.

2665 3248 2783 3287 CAP.
2823 3247 2954 3287 CVII.

2079 3334 2119 3362 ω
2138 3321 2471 3377 Dtemonium
2501 3321 2787 3378 sustinenti
2810 3321 2938 3377 licet
2952 3327 3134 3391 petras
3157 3327 3212 3374 ct
3226 3318 3375 3375 olera
3396 3316 3600 3374 habere

2010 3415 2126 3470 sine
2155 3414 2541 3470 incantatioue.

2644 3499 2762 3539 CAP.
2802 3499 2954 3538 CVIII.

2082 3591 2110 3620 η
2139 3579 2393 3650 Perjures
2419 3579 2598 3635 tribus
2624 3580 2781 3635 annis
2817 3579 3134 3650 poenitcant.
3169 3571 3464 3633 Sodomita:
3503 3590 3598 3632 se-

2008 3677 2156 3740 ptem
2182 3671 2370 3738 annis;
2401 3670 2592 3726 molles
2621 3685 2730 3725 uno
2759 3685 2922 3725 anno.

2647 3776 2767 3817 CAP.
2807 3775 2952 3815 CXIV.

2085 3862 2110 3890 °
2139 3853 2344 3910 Stando
2373 3855 2637 3912 orandum
2667 3871 2766 3926 pro
2801 3855 3102 3911 reverentia
3128 3854 3246 3910 Dei.

2563 3961 2634 4000 EX
2666 3963 2784 4002 CAP.
2821 3961 3046 4000 UL'I‘IIIO.

2083 4047 2112 4087 ι³
2141 4036 2371 4092 Basilius
2396 4037 2661 4106 judicavit
2685 4039 2868 4109 pueris
2909 4037 3186 4091 licentiam
3215 4034 3422 4091 nubere
3471 4041 3598 4090 ante

2013 4131 2283 4189 sexdecim
2316 4146 2520 4196 annos,
2552 4131 2599 4185 si
2638 4132 2915 4186 abstinere
2942 4145 3048 4184 non
3081 4129 3375 4199 potuerint,
3403 4141 3596 4199 quam-

2011 4220 2094 4276 vis
2120 4219 2373 4278 monachi
2401 4218 2652 4276 fuissent.

2088 4353 2106 4421 ᾖ
2147 4352 2420 4421 Proﬁciat.
2456 4351 2576 4407 Vid.
2611 4353 2804 4407 concil.
2834 4351 3112 4416 Antiocb.,
3144 4365 3192 4406 c.
3221 4351 3277 4406 3.

2013 4420 2112 4548 Ni
2141 4419 2348 4547 02min.
2381 4424 2482 4480 sub
2501 4423 2720 4479 nomine
2747 4439 2860 4495 ap.,
2883 4439 2934 4478 c.
2957 4423 3049 4490 2!,
3070 4422 3163 4488 22,
3187 4421 3279 4488 25,
3299 4419 3370 4475 24
3396 4436 3410 4488 ;
3435 4434 3592 4477 conc.

2065 4510 2080 4547 ι
2119 4532 2158 4548 ..
2226 4533 2238 4546 .
2313 4532 2326 4544 .

2065 4508 2158 4556 ια,
2189 4508 2238 4547 C.
2274 4508 2326 4545 ‘I.

2084 4561 2113 4633 ξι
2137 4562 2268 4633 Can.
2303 4563 2402 4617 sub
2431 4563 2648 4633 nomine
2677 4579 2763 4633 ap.
2791 4563 2880 4620 50.

2087 4632 2108 4673 ι
2144 4632 2394 4704 Gregorii
2425 4634 2489 4688 ιιι
2533 4632 2762 4700 Iudicia,
2785 4650 2836 4690 c.
2864 4633 2956 4690 δι).

2086 4700 2279 4776 m_lvo,'
2299 4721 2353 4776 p.
2376 4721 2460 4776 gn,
2491 4720 2540 4759 c.
2571 4704 2658 4776 75,
2689 4721 2754 4759 ex
2785 4705 2944 4761 dictis
2973 4700 3312 4774 Hieronymi.

2086 4784 2115 4812 ιι
2142 4773 2342 4828 Poenit.
2375 4774 2558 4839 Rom.,
2589 4775 2672 4828 tit.
2700 4776 2757 4840 2,
2781 4791 2830 4830 c.
2859 4777 2912 4829 4.

2087 4851 2111 4879 ο
2137 4845 2257 4899 Vid.
2289 4845 2463 4909 Tert.,
2493 4844 2557 4899 de
2585 4839 2796 4900 Corona
2822 4845 2958 4910 mil.,
2985 4860 3035 4899 c.
3065 4843 3120 4909 9,
3144 4852 3197 4898 et
3222 4842 3316 4899 lib.
3349 4842 3414 4898 de
3440 4839 3596 4900 Orat.

2084 4923 2123 4986 pi
2139 4915 2272 4986 για.
2297 4914 2453 4984 Reg.,
2473 4914 2738 4986 interrog.
2767 4915 2824 4982 'i,
2847 4924 2905 4970 et
2929 4915 2997 4970 ad
3010 4915 3178 4970 inter.
3201 4913 3286 4980 l5,
3318 4915 3376 4970 in
3401 4914 3601 4986 regulis

2024 4982 2196 5040 fusius
2226 4982 2533 5056 disputatis.

1365 5169 1863 5266 FRAGMENTA
1911 5173 2028 5234 EX
2078 5171 2549 5236 CANONIBUS.

333 5410 418 5466 Ex
463 5405 746 5464 canonibus
795 5423 828 5460 α
861 5402 1054 5461 Εαηὶα
1102 5403 1298 5462 Loaisa
1347 5405 1574 5464 collectis
1619 5407 1714 5464 sub
1757 5407 1910 5464 titulo

732 5473 1084 5532 Conciliorum
1110 5474 1502 5532 Toletanorum.

400 5575 530 5630 tlte.
555 5588 684 5628 xvn.
713 5601 784 5612 —
808 5583 833 5611 ε
857 5571 935 5635 De
963 5571 1049 5626 his
1078 5571 1242 5626 etiam
1265 5586 1427 5642 super
1452 5572 1650 5642 quibus
1676 5572 1910 5629 interro-

403 5698 428 5726 ι
461 5684 687 5757 ῐὶυείηο,
719 5682 753 5737 1.
785 5700 855 5748 ιι,
887 5699 933 5739 c.
966 5683 1100 5750 562;
1131 5683 1355 5751 Burch.,
1381 5683 1473 5742 lib.
1501 5701 1612 5751 xu,
1638 5701 1685 5740 ρ.
1719 5684 1836 5741 152.

2014 5294 2175 5367 gasti,
2205 5295 2308 5352 hoc
2332 5304 2439 5362 est,
2469 5296 2536 5352 de
2561 5295 2650 5353 illa
2674 5297 2874 5353 fenuna
2900 5337 2916 5364 ,
2957 5312 3080 5367 qua:
3102 5305 3438 5352 menstruum
3465 5309 3593 5350 san-

2012 5388 2232 5460 guinem
2265 5403 2424 5443 suum
2465 5389 2760 5445 immiscuit
2793 5390 2915 5444 cibo
2963 5387 3048 5442 vel
3106 5387 3298 5456 potui,
3350 5394 3406 5441 et
3447 5386 3597 5442 dedit

2013 5477 2132 5532 viro
2159 5491 2258 5532 suo
2285 5487 2344 5531 ut
2369 5479 2701 5542 comederet,
2726 5486 2781 5533 et
2809 5478 2877 5532 de
2903 5476 2992 5530 illa
3021 5491 3142 5546 quae
3169 5489 3350 5531 semen
3382 5475 3486 5530 viri
3509 5476 3595 5531 sui

2017 5566 2073 5622 in
2102 5575 2234 5640 potu
2263 5568 2418 5635 bibit,
2445 5581 2499 5625 et
2527 5569 2591 5626 de
2614 5585 2678 5626 ea
2709 5584 2828 5641 quae
2859 5575 3051 5624 testam
3079 5567 3315 5624 hominis
3343 5566 3608 5627 conbusr
