3928 6178
437 311 542 366 959

1415 296 1762 355 THEODORI
1803 291 2120 350 ARCHIEP.
2162 289 2720 349 CANTUARIENSIS

3597 287 3706 346 960

437 423 511 478 sit
553 420 683 492 igni,
727 427 783 474 et
831 417 947 471 viro
977 431 1074 470 suo
1105 413 1251 468 dedit
1282 428 1378 482 pro
1409 411 1722 466 infirmitate
1750 408 1968 462 vitanda
2001 447 2016 470 ,
2051 411 2091 466 Δ
2123 412 2278 474 grent
2313 404 2380 458 de
2405 404 2524 460 loco
2554 405 2621 458 ad
2651 404 2825 458 locum
2853 419 2866 468 ;
2910 403 3002 458 sed
3028 419 3082 456 In
3112 418 3173 457 ea
3202 412 3559 472 permaneant
3583 406 3709 460 obe—

440 511 586 583 quali
620 507 937 581 penitentia
970 507 1077 560 sint
1107 503 1402 574 plectendze
1438 521 1450 554 :
1493 510 1551 555 ut
1579 500 1736 555 nobis
1767 499 1979 552 videtur
2003 537 2018 561 ,

439 603 534 660 tali
563 600 828 657 sententia
857 606 981 652 sunt
1004 595 1275 660 feriendus,
1305 595 1441 648 sicut
1469 593 1609 662 magi
1634 600 1688 646 ct
1709 588 2021 657 arioli,quia

443 694 707 764 magicam
742 699 915 744 artem
945 688 1253 742 exercuisse
1294 693 1608 740 noscuntur.
1664 682 1797 736 Nam
1838 680 1904 735 de
1937 680 2023 734 his

439 787 532 857 qui
561 783 823 855 magicam
853 790 1027 835 artem
1056 779 1366 834 exercuisse
1399 784 1714 839 noscuntur,
1767 783 1822 827 et
1858 787 2024 841 augu-

439 879 521 934 ria
550 874 870 937 attendunt,
898 881 951 926 et
980 870 1340 926 divinationes
1389 868 1679 921 observant
1709 905 1723 929 ,
1754 861 2022 917 Theodori

440 964 832 1034 archiepiscopi
867 962 1042 1032 gentis
1090 959 1385 1030 Anglorum
1415 956 1830 1012 constitutiones
1855 953 2025 1007 habe—

440 1073 582 1122 mus,
614 1057 667 1110 in
695 1055 889 1125 quibus
919 1052 1178 1122 scriptum
1206 1058 1307 1105 est.
1340 1061 1364 1089 α
1395 1048 1495 1115 Qui
1549 1046 1792 1101 immolat
1825 1043 2025 1098 daemo-

441 1149 547 1202 niis
573 1148 627 1200 in
652 1145 912 1210 minimis,
945 1159 1111 1198 unum
1142 1157 1341 1196 annum
1372 1141 1649 1210 poeniteat.
1682 1137 1782 1204 Qui
1817 1151 1944 1190 vero
1971 1135 2025 1189 in

443 1240 674 1309 magnis,
699 1238 882 1292 decem
915 1236 1071 1290 annis
1094 1235 1374 1304 poeniteat.
1414 1231 1662 1285 Rabamts
1690 1228 1871 1282 eadem
1900 1229 2026 1280 citat

443 1346 508 1384 ca:
538 1327 996 1383 constitutionibus
1030 1325 1308 1388 Theodori,
1335 1323 1423 1377 sed
1462 1338 1578 1392 qua:
1611 1322 1812 1390 integra
1843 1320 1918 1372 sic
1951 1334 2030 1372 re-

443 1432 722 1494 prwsentat
755 1422 807 1475 in
836 1419 1051 1490 epistola
1082 1418 1150 1472 ad
1179 1416 1545 1471 Heribaldam.
1907 1408 1913 1412 ’

521 1512 788 1566 Theodori
828 1509 1216 1579 archiepiscopi
1261 1508 1436 1578 gentis
1488 1505 1782 1575 Anglorum
1827 1503 2030 1559 consti-

443 1606 683 1660 tutiones
715 1605 994 1667 habemus,
1021 1603 1071 1656 in
1099 1602 1295 1672 quibus
1323 1599 1584 1668 scriptum
1621 1605 1706 1651 est
1743 1616 1754 1650 :
1797 1596 1897 1663 Qui
1931 1596 2030 1650 im-

444 1693 613 1750 molat
645 1693 925 1748 dzemoniis
961 1694 1014 1746 in
1061 1691 1299 1746 minimis
1327 1705 1492 1744 unum
1523 1703 1723 1743 annum
1745 1687 2025 1758 poeniteat.

447 1782 551 1852 Qui
580 1799 707 1838 vero
737 1784 790 1837 in
820 1783 1052 1853 magnis,
1076 1782 1261 1836 decem
1285 1795 1454 1835 annos
1478 1779 1754 1848 poeniteat.
1781 1777 1808 1818 ι’
1837 1776 2028 1831 Mulier

447 1875 495 1930 si
524 1890 627 1944 qua
659 1875 810 1944 ponit
839 1872 1002 1926 filiam
1029 1887 1180 1926 suam
1209 1887 1370 1940 supra
1398 1879 1599 1925 tectum
1641 1868 1725 1924 vel
1757 1869 1810 1922 in
1842 1865 2027 1922 forna-

447 1983 566 2022 cem
615 1981 714 2036 pro
770 1967 1003 2020 sanitate
1049 1963 1253 2027 febris,
1290 1972 1495 2032 septem
1533 1976 1702 2015 annos
1747 1959 2026 2030 poeniteat.

449 2070 470 2097 ε
505 2058 608 2125 Qui
635 2058 826 2112 ardere
852 2055 979 2110 fecit
1008 2071 1173 2125 grana
1210 2055 1300 2109 ubi
1345 2061 1592 2108 mortuus
1626 2059 1712 2107 est
1740 2052 1903 2106 homo
1929 2065 2030 2119 pro

449 2149 680 2203 sanitate
706 2147 1000 2201 viventium
1026 2153 1082 2202 et
1105 2144 1298 2200 domus
1319 2186 1334 2211 ,
1365 2143 1606 2214 quinque
1654 2155 1824 2196 annos
1860 2139 2034 2209 patui-

446 2248 578 2295 teat.
607 2238 666 2294 Si
689 2239 884 2294 mulier
909 2239 1304 2294 incantationes
1325 2236 1410 2291 vel
1435 2234 1794 2290 divinationes
1818 2231 2030 2296 fecerit,

444 2347 614 2388 unum
641 2347 840 2386 annum
866 2330 949 2386 vel
967 2339 1079 2385 tres
1099 2328 1544 2401 quadragesimas
1566 2327 1648 2382 vel
1673 2325 2032 2397 quadraginta

444 2420 564 2476 dies
587 2421 744 2490 juxta
773 2421 1088 2491 qualitatem
1137 2421 1309 2491 culpa:
1341 2421 1622 2490 paeniteat.
1673 2417 1804 2471 Vide
1831 2432 2034 2487 quoque

447 2511 585 2566 Rab.
619 2511 708 2566 lib.
741 2527 803 2566 ιιι
831 2515 896 2565 de
928 2512 1284 2580 paenitentiam
1312 2510 1694 2580 satisfactione,
1727 2525 1844 2578 cap.
1871 2506 1961 2563 48.

1208 2599 1274 2654 Π.

450 2688 536 2749 Ea:
559 2693 973 2764 excerptionibus
1020 2691 1232 2762 Egberti
1265 2691 1612 2745 Eboracensis
1638 2688 2032 2760 archiepiscopi.

517 2784 648 2840 CAP.
697 2799 805 2839 Lvt.
845 2813 916 2822 —
963 2781 1266 2837 Theodorus
1305 2782 1470 2836 dicit:
1504 2782 1778 2836 Statutum
1821 2789 1881 2836 ut
1919 2781 2038 2837 sine

449 2875 774 2930 auctoritate
801 2872 885 2926 vel
927 2887 1193 2928 consensu
1231 2873 1606 2942 episcoporum
1646 2871 1951 2943 presbyteri
1982 2873 2036 2928 in

449 2963 778 3032 quibuslibet
801 2962 1047 3018 ecclesiis
1068 2979 1173 3019 non
1204 2963 1625 3028 constituantur,
1666 2978 1766 3019 nec
1793 2964 1916 3020 inde
1944 2981 2040 3022 ex-

2124 495 2348 559 dientia,
2394 510 2558 564 quam
2594 503 2838 562 tempore
2883 508 2992 548 suae
3036 493 3406 548 conversionis
3450 495 3711 564 promise-

2127 594 2274 637 I'llﬂl.

2865 674 2952 728 ΠΙ.

2171 765 2256 820 Ex
2301 764 2426 819 Ven.
2452 764 2610 819 Beda:
2639 764 2926 819 canonibus
2953 765 3023 818 ad
3053 765 3280 819 remedia
3307 773 3659 834 peccatorum.

2194 856 2272 909 Ex
2320 871 2438 910 car.
2500 871 2622 908 vm.
2684 853 2986 908 Theodorus
3051 855 3207 907 dixit.
3275 854 3572 910 Monachus
3630 855 3711 911 fs-

2126 949 2274 1003 ciens
2321 946 2349 988 ἀ
2395 946 2838 1011 fornicationem,
2897 955 2953 1001 et
2999 962 3107 1002 non
3158 947 3462 1011 inveniens,
3517 963 3711 1003 annum

2125 1054 2292 1092 unum
2320 1038 2584 1108 poeniteat
2607 1047 2662 1094 et
2687 1037 2991 1092 dimidium.
3025 1039 3158 1093 Item
3185 1041 3484 1094 monachus
3515 1040 3715 1096 faciens

2127 1145 2249 1184 cum
2277 1129 2478 1200 puella,
2510 1146 2605 1185 sex
2630 1146 2802 1186 annos
2828 1131 3112 1201 pceniteat.

2876 1241 2964 1296 IV.

2129 1333 2214 1387 Ex
2263 1333 2505 1402 capitulis
2549 1331 2750 1386 selectis
2792 1349 3052 1385 canonum
3104 1330 3546 1402 Ilibermmium,
3582 1350 3714 1402 iqua:

2185 1350 2214 1387 π
2263 1350 2505 1402 capimus
2549 1350 2750 1386 selectis
2792 1350 3052 1385 canonum
3104 1350 3510 1385 moernensrurn
3531 1373 3546 1395 ,
3641 1350 3671 1385 ιι

2185 1403 2252 1456 R.
2281 1403 2348 1457 D.
2378 1403 2548 1457 Lucas
2575 1403 2826 1456 Acherius
2854 1402 3016 1455 edidit
3041 1402 3094 1456 in
3123 1401 3373 1471 Spicileg.
3414 1411 3542 1454 tam.
3571 1350 3671 1455 13’.

2201 1513 2318 1569 Lm.
2367 1530 2462 1579 LII,
2504 1529 2622 1569 CAP.
2658 1513 2744 1567 14.
2775 1543 2844 1552 —-—
2872 1512 2948 1566 De
2978 1511 3265 1565 morticinis
3312 1511 3518 1576 suibus,
3569 1521 3619 1566 et
3657 1513 3716 1566 de

2131 1601 2446 1658 animalibus
2497 1604 2803 1673 sanguinem
2845 1602 3132 1656 humanum
3171 1602 3523 1667 sumentibus,
3568 1611 3618 1655 et
3655 1603 3716 1656 dc

2133 1694 2378 1747 carnibus
2410 1694 2650 1746 comestis
2674 1710 2704 1746 a
2738 1691 2874 1762 lupis
2899 1709 2915 1756 ;
2946 1691 3010 1745 de
3037 1691 3264 1760 piscibus
3303 1699 3350 1746 et
3374 1691 3717 1761 strangulatis

2130 1783 2446 1838 animalibus
2470 1801 2488 1849 ,'
2511 1785 2576 1838 de
2608 1786 2846 1838 comestis
2872 1784 2937 1836 ab
2963 1783 3230 1852 accipitre,
3275 1792 3321 1836 et
3366 1782 3432 1837 de
3472 1800 3626 1854 equo.
3647 1814 3712 1824 —

2133 1873 2433 1928 Theodorus
2459 1875 2726 1944 episcOpus
2747 1875 2908 1928 dicit:
2936 1873 3112 1928 Graeci
3135 1888 3352 1928 carnem
3377 1874 3715 1928 morticinam

2131 1983 2237 2022 non
2269 1967 2400 2021 dant
2424 1967 2606 2037 porcis
2634 1967 2767 2021 suis.
2803 1978 2828 2006 ο
2858 1965 3035 2021 Pelles
3064 1980 3194 2020 vero
3217 1966 3635 2021 morticinorum
3657 1968 3718 2020 ad

2132 2059 2499 2114 calceamenta
2528 2067 2584 2114 et
2613 2058 2793 2112 lanam
2831 2068 2889 2113 et
2925 2072 3127 2113 cornua
3162 2058 3324 2113 licent
3357 2058 3579 2128 accipi;
3634 2059 3718 2113 sed

2132 2167 2239 2206 non
2271 2152 2324 2205 in
2360 2159 2606 2206 sanctum
2633 2150 2856 2219 aliquid.
2895 2149 3097 2203 Tamen
3126 2149 3171 2202 si
3199 2163 3328 2203 casu
3364 2148 3519 2218 porci
3547 2163 3721 2203 come-

2132 2241 2262 2296 dant
2285 2257 2506 2296 carnem
2536 2240 2968 2304 morticinorum,
3001 2246 3094 2294 aut
3119 2239 3438 2308 sanguinem
3464 2237 3719 2300 hominis,

2133 2347 2240 2386 non
2305 2331 2638 2400 abjiciendos
2695 2330 3006 2395 credimus;
3073 2344 3175 2384 nec
3239 2327 3470 2399 gallinas
3534 2327 3721 2398 aquali

2132 2422 2312 2477 modo.
2359 2419 2629 2478 Animalia
2674 2435 2796 2490 quas
2827 2436 2858 2475 a
2896 2420 3058 2490 lupis,
3105 2420 3218 2475 sive
3263 2420 3492 2475 canibus
3527 2433 3720 2474 consu-

2135 2522 2376 2580 muntur,
2418 2529 2527 2568 non
2551 2512 2901 2579 comedenda,
2934 2513 3037 2568 nisi
3065 2513 3248 2582 porcis
3285 2513 3656 2584 proiiciantur
3676 2523 3726 2568 et

2136 2605 2404 2670 canibus;
2452 2619 2553 2659 nec
2600 2617 2815 2670 cervus,
2866 2617 2968 2659 nec
2995 2619 3147 2673 aper,
3192 2605 3238 2660 si
3284 2604 3484 2658 mortui
3521 2604 3724 2660 inventi

2137 2693 2372 2760 fuerint;
2419 2695 2597 2764 pisces
2639 2702 2820 2749 autem
2868 2693 3072 2759 licent,
3117 2694 3209 2764 qui
3249 2693 3476 2749 alterius
3521 2703 3725 2749 natura:

2137 2793 2282 2842 sunt.
2332 2785 2476 2840 Aves
2497 2795 2552 2841 et
2579 2786 2832 2840 animalia
2872 2793 3088 2851 caetera,
3138 2785 3268 2840 siin
3301 2785 3509 2840 retibus
3551 2795 3724 2840 stran-

2137 2877 2411 2949 gulentnr,
2464 2893 2573 2933 non
2622 2886 2750 2934 sunt
2794 2877 3144 2934 comedenda.
3193 2875 3394 2932 Paulus
3426 2877 3577 2931 enim
3624 2877 3723 2931 ait:

2137 2970 2403 3025 Abstinete
2426 2987 2516 3024 vos
2556 2987 2588 3024 α
2624 2971 2881 3040 suﬂ'ocato
2911 2970 3195 3040 sanguine,
3239 2978 3289 3024 et
3328 2969 3395 3022 ab
3424 2967 3726 3022 idololatria

450 3053 738 3126 pellantur,
766 3055 901 3148 etsi
935 3055 1056 3124 quis
1085 3055 1187 3111 hoc
1214 3053 1394 3111 facere
1437 3055 1746 3120 tentaverit,
1795 3056 2036 3127 synodali
2063 3086 2112 3148 ε
2143 3060 2284 3132 (Act.
2309 3076 2422 3125 ut,
2445 3060 2559 3132 25).
2587 3059 2849 3116 Similiter
2873 3059 2942 3115 ab
2966 3059 3226 3130 accipitre
3252 3068 3488 3113 mortua.
3522 3059 3727 3128 Equum

451 3149 718 3203 sententia
754 3147 1001 3202 feriatur.

521 3237 649 3293 CAP.
705 3253 850 3294 vat.
912 3237 1216 3293 Theodorus
1277 3237 1424 3292 dicit.
1489 3237 1739 3294 Monacbi
1785 3253 1892 3295 non
1940 3241 2040 3294 mi-

523 3385 548 3413 α
578 3373 806 3439 Regino,
829 3373 922 3428 lib.
942 3391 1004 3438 ιι,
1028 3390 1075 3429 c.
1109 3372 1232 3438 360,
1261 3372 1358 3427 ‘56l
1380 3390 1394 3439 ;
1418 3371 1646 3439 Burch.,
1668 3372 1762 3427 lib.
1790 3389 1842 3438 ιι,
1867 3389 1916 3428 c.
1949 3372 2032 3428 l3.

523 3443 550 3482 ι’
575 3443 730 3498 Beda:
753 3460 874 3500 can.
907 3445 976 3498 ad
1012 3445 1238 3498 remedia
1268 3453 1614 3512 peccatorum,
1646 3460 1694 3499 c.
1730 3444 1816 3497 ll.

524 3524 547 3552 ε
573 3513 802 3586 Regino,
825 3515 918 3570 lib.
941 3531 1000 3579 ιι,
1029 3529 1146 3584 cap.
1168 3513 1304 3578 557;
1335 3514 1557 3579 Burch.,
1591 3514 1683 3568 lib.
1710 3531 1763 3578 ιι,
1791 3530 1907 3586 cap.
1939 3513 2029 3568 Ἡ.

2142 3167 2251 3208 non
2298 3153 2621 3223 prohibent:
2675 3161 2854 3208 tamen
2907 3151 3240 3209 consuetudo
3280 3166 3386 3206 non
3435 3160 3520 3206 est
3547 3166 3728 3206 come-

2143 3245 2291 3299 dere.

2211 3378 2238 3418 ά
2274 3378 2546 3443 Quaereris,
2596 3379 2650 3432 in
2681 3377 2878 3448 Plenit.
2907 3377 3129 3448 antiquo
3168 3377 3397 3448 Andeg.,
3435 3385 3492 3432 et
3521 3379 3580 3432 in
3618 3376 3728 3434 cod.

2146 3464 2247 3504 ms.
2278 3449 2380 3503 viri
2404 3449 2472 3503 cl.
2501 3449 2627 3502 Ant.
2661 3447 2863 3502 domini
2886 3447 3228 3503 d‘Hérouval.

2230 3531 2252 3558 ε
2275 3518 2386 3583 Ινο,
2411 3534 2465 3588 p.
2493 3535 2602 3584 xrv,
2628 3534 2678 3573 c.
2703 3519 2791 3583 97,
2823 3533 2886 3573 ex
2913 3517 3111 3572 Pcenit.
3146 3519 3248 3573 Th.

1191 3753 1684 3814 FRAGMENTA
1728 3754 1837 3812 EX
1900 3753 2158 3814 LIBRIS
2220 3753 3002 3816 POENITENTIALIBUS.

1225 3990 1266 4043 l.

752 4104 845 4160 EX
872 4102 1396 4160 POENITENTIALI
1429 4102 1734 4161 ROMANO.

457 4239 582 4298 Τιτ.
611 4257 652 4306 1,
691 4255 808 4295 CAP.
836 4255 893 4293 χ.
923 4239 1001 4292 De
1026 4237 1132 4292 illis
1157 4240 1246 4309 qui
1275 4255 1370 4308 pro
1394 4237 1622 4292 vindicta
1643 4247 1920 4308 parentum
1947 4238 2042 4291 ho-

924 4310 1192 4365 micidium
1217 4309 1566 4363 committunt.

865 4424 966 4496 (Ex
997 4424 1286 4479 Pcenitent.
1321 4421 1638 4496 Theodori.)

530 4550 554 4577 ι
581 4535 683 4604 Qui
707 4549 806 4606 pro
839 4535 1074 4590 vindicta
1104 4533 1290 4590 fratris
1312 4575 1327 4599 ,
1369 4544 1463 4588 aut
1489 4534 1717 4589 aliorum
1759 4541 2041 4605 parentum

460 4629 731 4684 hominem
763 4627 1041 4691 occiderit,
1071 4627 1144 4682 ita
1165 4627 1426 4696 poeniteat
1447 4635 1508 4681 ut
1537 4627 1826 4682 homicidia
1852 4635 2045 4696 sponte

460 4719 784 4774 commissa:
819 4734 940 4773 cum
971 4718 1087 4789 ipsa
1113 4717 1326 4773 Veritas
1351 4718 1534 4772 dicat:
1567 4715 1700 4770 Mihi
1727 4716 2042 4780 vindictam,

461 4819 508 4861 et
530 4824 622 4878 ego
643 4808 946 4863 retribuam.

464 4914 591 4972 Τιτ.
620 4933 684 4984 ιι,
721 4933 842 4971 (ιλιι.
869 4933 943 4971 tv.
974 4916 1053 4971 De
1078 4917 1181 4972 illis
1201 4919 1290 4989 qui
1317 4935 1370 4972 se
1397 4918 1616 4971 scienter
1642 4913 2041 4986 perjuraverint.

841 5025 941 5097 (Ex
970 5027 1330 5081 Pmnitentiali
1361 5025 1674 5098 Theodori.)

538 5136 568 5177 δ
598 5134 656 5191 Si
700 5136 820 5205 quis
847 5137 1153 5206 suspicatur
1184 5137 1328 5206 quod
1361 5137 1430 5192 ad
1473 5136 1767 5208 periurium
1799 5137 2042 5200 ducatur,

464 5239 522 5286 et
547 5238 723 5285 tamen
749 5245 816 5284 ex
846 5243 1112 5284 consensu
1134 5227 1301 5296 jurat,
1353 5230 1708 5300 quadraginta
1735 5229 1851 5283 dies
1877 5228 2050 5298 poeni-

466 5334 595 5392 teat,
643 5333 700 5382 ct
746 5333 948 5394 septem
998 5330 1286 5392 sequentes
1323 5337 1526 5384 annos,
1580 5332 1634 5378 et
1672 5335 1942 5390 nunquam
1979 5320 2050 5374 sit

466 5416 586 5472 sine
612 5417 763 5489 gravi
797 5415 1134 5486 pmnitentia.

543 5586 568 5614 ι
602 5573 826 5643 Regino,
859 5576 893 5628 Ι.
927 5591 989 5640 ιι,
1026 5590 1074 5628 c.
1101 5573 1202 5639 23;
1239 5571 1462 5634 Burch.,
1495 5569 1586 5623 lib.
1608 5584 1698 5639 .Yl,
1731 5582 1778 5620 c.
1819 5565 1906 5630 δέ,
1937 5565 2046 5629 lvo,

474 5656 526 5708 Γ.
868 5731 951 5783 ep.
983 5715 1048 5767 ad
1075 5711 1373 5779 Heribald,
1398 5727 1444 5765 (τ.
1485 5711 1580 5775 l8;
1612 5707 1835 5778 Regino,
1861 5705 1951 5759 lib.
1987 5721 2048 5771 11,

2148 3994 2270 4048 Τιτ.
2309 4010 2365 4048 ιιι
2431 4008 2548 4046 ειν.
2600 4007 2746 4045 xxxv.
2791 3989 2864 4042 De
2907 3989 2986 4041 his
3027 3988 3116 4058 qui
3143 3986 3390 4056 fornicati
3431 3995 3549 4038 sunt
3599 3987 3722 4039 sicut

2782 4058 3090 4114 Sodomittr.

2519 4152 2621 4226 (Ex
2652 4149 3012 4206 Pcenitentiali
3037 4147 3350 4218 Theodori.)

2220 4258 2242 4286 ο
2276 4246 2334 4301 Si
2360 4245 2484 4315 quis
2511 4243 2808 4298 fornicatus
2857 4241 3056 4305 fuerit,
3093 4240 3233 4294 sicut
3263 4237 3558 4293 Sodomita:
3592 4237 3730 4292 fece-

2147 4347 2297 4405 runt,
2337 4338 2383 4393 si
2407 4337 2712 4408 episcopus,
2743 4333 2936 4405 viginti
2965 4331 3204 4402 quinque
3232 4344 3406 4384 annos
3432 4329 3730 4399 paniteat:

2073 4427 2124 4490 D
2149 4423 2386 4501 quinque
2411 4443 2478 4483 ex
2504 4428 2590 4483 his
2623 4427 2675 4481 in
2712 4441 2851 4496 pane
2881 4432 2936 4480 et
2962 4439 3124 4492 aqua,
3169 4439 3235 4478 ex
3264 4421 3413 4477 omni
3441 4420 3622 4477 ollicio
3645 4421 3733 4476 de-

2145 4529 2392 4592 ponatur,
2425 4518 2821 4590 peregrinando
2849 4515 2998 4570 ﬁniat
3031 4515 3147 4569 dies
3169 4513 3292 4568 vitae
3327 4527 3460 4568 sum.
3498 4511 3729 4582 Presby-

2145 4621 2230 4666 ter
2257 4609 2565 4681 quindecim
2610 4623 2782 4663 annos
2823 4606 3106 4677 paeniteat,
3157 4603 3398 4674 quinque
3442 4617 3509 4658 ex
3555 4603 3646 4657 his
3679 4601 3728 4655 in

2144 4717 2282 4772 pane
2312 4710 2365 4757 et
2393 4716 2554 4770 aqua,
2585 4698 2848 4770 superiori
2881 4695 3149 4751 sententia
3187 4694 3507 4764 deponatur.
3541 4691 3730 4746 Diaco-

2145 4811 2246 4848 nus
2277 4802 2332 4848 et
2364 4791 2661 4847 monachus
2690 4789 2971 4844 duodecim
3017 4801 3209 4851 annos,
3257 4794 3371 4839 tres
3402 4783 3456 4837 in
3499 4796 3640 4853 pane
3680 4787 3728 4834 et

2146 4899 2304 4953 aqua,
2333 4891 2391 4936 et
2414 4882 2733 4950 deponatur.
2776 4877 2955 4929 Addit.
2984 4873 3158 4928 Ansel.
3189 4891 3201 4926 :
3241 4873 3299 4928 Si
3329 4881 3509 4926 autem
3539 4884 3724 4930 senes,

2146 4979 2239 5026 aut
2267 4986 2410 5041 aeger
2432 4968 2628 5033 fuerit,
2671 4966 2984 5020 carceribus
3013 4962 3315 5018 tenebrosis
3343 4961 3588 5016 reclusus
3613 4972 3723 5029 pm-

2146 5063 2316 5116 niteat
2343 5059 2595 5115 omnibus
2621 5058 2810 5112 diebus
2836 5057 2961 5110 vita:
2997 5070 3127 5110 suae.

2218 5153 2341 5210 Τιτ.
2377 5169 2474 5217 ιιι,
2520 5168 2638 5207 (ιιι).
2682 5165 2809 5204 xxv.
2869 5149 2946 5202 De
2983 5165 3042 5202 eo
3087 5148 3177 5218 qui
3225 5146 3480 5216 fornicari
3511 5141 3634 5207 calt,
3678 5151 3722 5194 ct

2781 5235 2883 5274 non
2909 5228 3094 5289 potest.

2217 5315 2244 5356 ἀ
2281 5314 2336 5369 Si
2371 5314 2492 5384 quis
2533 5311 2928 5382 concupiscens
2947 5310 3225 5375 fornicari,
3252 5317 3306 5365 et
3335 5323 3442 5362 non
3471 5303 3722 5377 potuerit,

2152 5416 2242 5461 aut
2270 5405 2464 5460 mulier
2492 5418 2600 5459 non
2622 5403 2919 5473 susceperit
2941 5417 3085 5468 eum,
3113 5401 3160 5456 si
3187 5401 3491 5471 episcopus,
3521 5405 3719 5468 septem

2152 5579 2198 5618 c.
2228 5561 2334 5616 526
2357 5577 2372 5625 ;
2397 5560 2618 5622 Burch.,
2645 5557 2682 5610 l.
2707 5573 2807 5621 xu,
2832 5573 2880 5612 c.
2917 5557 3014 5624 ll;
3061 5557 3170 5622 lvo,
3202 5572 3252 5626 p.
3287 5571 3422 5620 un,
3459 5569 3503 5608 c.
3541 5549 3624 5606 68.

2222 5644 2243 5670 ε
2279 5631 2485 5694 Ansel.,
2512 5629 2604 5683 lib.
2641 5644 2718 5692 ιιι,
2755 5644 2801 5682 c.
2828 5628 2916 5682 97.

2222 5703 2246 5743 ἀ
2277 5701 2482 5766 Ansel.,
2515 5700 2547 5753 Ι.
2576 5715 2650 5765 ιιι,
2683 5713 2728 5752 c.
2766 5697 2879 5754 129.
