3924 6180
237 357 324 413 961

909 331 1466 396 ΡΟΕΝΠΕΝἨΛΕΕ.
1512 358 1578 368 ν-
1618 319 1838 379 CANTI

1951 348 1957 369 ι
1999 311 2354 372 COLLECTA
2399 309 2492 365 EX
2531 306 2790 364 FRAGM.

3386 301 3495 360 96:7.

233 482 399 526 annos
423 462 720 535 pmuiteat;
768 455 1071 526 presbyter,
1114 451 1390 520 quinque;
1437 445 1696 499 diaconus
1723 437 1806 490 vel
1840 434 1878 491 Α
1911 430 2066 535 I'Iisll‘i
2103 427 2257 535 ,Ῑιιξιει
2307 427 2550 481 ordinem
2593 424 2798 535 ξιιξιὶοἱο
2823 445 2825 448 ‘
2849 421 3496 535 δειφτςίοῑξερωῐιὶιθθυι-

233 529 546 616 monachus,
573 558 685 603 tres
710 564 722 599 :
770 560 833 600 ex
861 544 946 597 his
976 557 1139 596 unum
1172 541 1224 594 in
1254 552 1392 608 pane
1413 543 1469 590 et
1495 547 1634 603 aqua
1663 547 1676 596 ;
1708 529 1810 584 ele-

233 648 329 704 rici
367 645 448 699 vel
477 641 616 704 laici,
651 640 788 694 duos
813 651 987 691 annos
1014 631 1332 704 poenitcant.

230 760 356 820 CAP.
400 770 548 812 nix.
581 751 822 820 Qualiter
863 749 1107 819 paenitere
1132 745 1312 799 debeat
1341 755 1458 811 qua:
1495 735 1810 792 lenocinium

885 827 1152 890 operatur.

858 923 1140 964 τιιεοοοιιυ
1144 921 1188 959 5.

300 1023 325 1052 ι
354 1005 658 1065 Esercuisti
686 1001 1035 1063 lenocinium,
1059 1005 1151 1052 aut
1172 996 1226 1049 in
1250 995 1440 1063 teipsa,
1474 998 1568 1045 aut
1595 990 1647 1044 in
1671 985 1810 1050 aliis,

231 1103 303 1156 ita
344 1099 488 1163 dico,
536 1104 597 1156 ut
635 1105 732 1150 tuo
775 1090 1083 1146 meretricio
1122 1102 1272 1142 more
1325 1085 1432 1139 luis
1483 1081 1816 1137 amatoribus

231 1207 429 1260 corpus
470 1161 619 1243 tuum
665 1188 732 1241 ad
777 1183 1140 1246 tractandum,
1194 1189 1249 1234 et
1287 1179 1354 1234 ad
1405 1161 1824 1235 sordidandum,

233 1301 330 1356 pro
376 1283 550 1352 pretio
579 1279 844 1335 tradidisti
872 1297 883 1330 :
909 1293 1028 1342 seu,
1061 1275 1205 1345 quod
1233 1271 1502 1328 crudelius
1552 1277 1645 1326 aut
1672 1266 1818 1336 peri-

232 1375 491 1438 culosius,
539 1369 773 1426 alienum
817 1383 1038 1437 corpus,
1084 1365 1208 1419 filim
1237 1363 1360 1418 dico
1387 1361 1469 1415 vel
1515 1357 1714 1427 neptis,
1761 1360 1818 1408 et

234 1464 462 1534 alicujus
500 1462 818 1518 Christianae
847 1456 1178 1512 amatoribus
1203 1451 1511 1514 vendidisti,
1552 1449 1638 1502 vel
1683 1461 1816 1502 con-

236 1555 483 1618 cessisti,
532 1551 617 1604 vel
657 1547 987 1604 internuntia
1011 1545 1156 1600 fuisti
1180 1543 1266 1598 vel
1309 1541 1592 1598 consiliata
1623 1553 1716 1600 es,
1759 1542 1818 1590 ut

236 1657 480 1717 stuprum
505 1641 720 1713 aliquod
753 1641 847 1696 tali
873 1639 1032 1693 modo
1050 1641 1474 1706 perpetraretur,
1493 1633 1628 1688 duos
1649 1645 1819 1684 annos

237 1740 503 1811 pumileas
526 1750 620 1806 per
648 1733 911 1802 legitimas
936 1729 1119 1784 ferias.
1149 1727 1350 1781 Tamen
1379 1725 1432 1778 in
1459 1722 1687 1779 concilio
1719 1721 1822 1775 Eli-

1916 522 2061 576 Laici
2107 520 2252 574 velut
2289 529 2412 572 vota
2455 533 2560 572 non
2597 517 2875 580 habentes,
2925 515 2968 570 si
3002 515 3360 580 inebriantur,
3407 531 3500 571 ar-

1915 621 2148 685 guantur
2185 629 2216 666 a
2265 611 2563 674 sacerdote,
2613 609 2756 679 quod
2783 608 2980 664 ebriosi
3009 623 3231 680 regnum
3260 609 3354 664 Dei
3392 625 3500 664 non

1914 705 2290 776 possidebunt,
2337 711 2389 757 et
2420 703 2670 758 interitus
2716 701 2785 756 sit
2825 701 3080 765 ebrietas,
3117 709 3172 754 et
3215 701 3502 772 compellat

1916 812 2008 852 eos
2034 796 2318 866 poenitere.
2353 793 2456 860 Qui
2484 793 2626 863 cogit
2657 792 2930 846 hominem
2959 801 3015 844 ut
3046 792 3366 858 inebrietur,
3402 793 3502 846 hu-

1919 885 2194 940 manitatis
2239 885 2412 953 gratia
2460 883 2728 937 acerrime
2765 881 3130 950 corripiatur,
3188 889 3244 935 et
3295 889 3499 951 septem

1887 977 2032 1032 'dies
2073 975 2352 1046 poeniteat.
2412 972 2468 1026 Si
2512 988 2612 1042 per
2649 979 3014 1041 contemptum
3042 1013 3056 1036 ,
3107 972 3325 1042 triginta
3361 971 3497 1026 dies.

1919 1066 2108 1120 Nullus
2153 1065 2491 1119 Christianus
2529 1063 2691 1116 alium
2738 1063 2857 1131 plus
2900 1063 3085 1117 bibere
3120 1071 3294 1131 cogat,
3340 1078 3501 1132 quam

1919 1165 2124 1211 natura:
2165 1154 2412 1210 suliieiat.
2466 1153 2618 1220 Quod
2665 1153 2710 1207 si
2756 1153 2959 1218 fecerit,
2989 1154 3146 1222 juxta
3175 1154 3226 1208 id
3274 1155 3416 1224 quod
3447 1156 3502 1208 in

1919 1247 2284 1302 Poeniteutiali
2308 1248 2553 1308 habetur,
2585 1245 2865 1314 pmniteat.

1921 1339 2046 1396 Τιτ.
2090 1356 2188 1394 vn.
2216 1355 2333 1394 car.
2380 1354 2507 1391 xxx.
2549 1336 2626 1390 De
2665 1336 2769 1389 illis
2796 1337 2884 1406 qui
2909 1336 3205 1389 Christiana
3245 1336 3504 1405 mancipia

2518 1429 2906 1498 captivarerint.

2288 1520 2386 1591 (Ex
2416 1503 2782 1572 i’oenitentiali
2816 1516 3132 1586 Theodori.)

1993 1614 2020 1653 ιι
2051 1611 2109 1666 Si
2136 1611 2255 1681 quis
2285 1624 2658 1680 quemcunque
2689 1609 2965 1662 hominem
3012 1608 3252 1677 quolibet
3291 1607 3508 1679 ingenio

1925 1703 2278 1774 eaptivaverit
2303 1743 2317 1767 ,
2372 1710 2465 1755 aut
2515 1699 2873 1754 transmiserit
2902 1722 2936 1755 .·
2970 1707 3080 1752 tres
3124 1714 3294 1753 annos
3332 1698 3509 1768 paeni-

236 1781 462 1884 berMno
489 1781 886 1896 blVpraeciypitur,
918 1828 977 1874 ut
1005 1819 1093 1872 illa
1120 1832 1238 1887 quae
1265 1817 1380 1870 haec
1404 1810 1819 1885 perpetraverit,
1861 1781 1900 1839 Β
1929 1799 2060 1847 teal-

236 1921 337 1975 nisi
370 1920 426 1975 in
453 1919 581 1981 line,
614 1915 847 1984 accipiat
874 1909 1330 1967 communionem.

235 2011 360 2066 Τιτ.
391 2024 481 2073 iv,
513 2022 630 2061 car.
679 2019 752 2059 iv.
804 2002 878 2055 De
923 2001 1063 2123 ["in
1106 2013 1199 2068 per
1245 1995 1598 2050 necessitatem
1646 2006 1825 2062 perpe-

409 2110 415 2113 -
946 2081 996 2123 tr
1054 2086 1104 2122 ο.

409 2110 415 2113 -
946 2081 1104 2123 trato.

866 2177 1198 2219 TBEODORUS.

308 2277 332 2306 ε
367 2263 427 2318 Si
469 2263 590 2330 quis
615 2274 711 2329 per
749 2256 1127 2313 necessitatem
1150 2252 1360 2308 furatus
1401 2250 1566 2306 fuerit
1598 2246 1826 2311 cibaria,

229 2357 318 2428 ,γει
345 2363 577 2416 vestem,
597 2359 690 2404 aut
705 2363 872 2420 pecus
891 2362 991 2417 per
1017 2345 1238 2407 famem,
1269 2348 1362 2396 aut
1389 2355 1486 2410 per
1508 2339 1824 2402 nuditatem,

238 2447 504 2517 paeniteat
531 2440 895 2498 hebdomadas
934 2447 1062 2492 tres.
1111 2435 1170 2490 Si
1198 2433 1511 2497 reddiderit,
1537 2446 1641 2485 non
1671 2443 1831 2500 coga-

242 2548 329 2592 tur
349 2534 621 2606 jejunare.

648 2623 777 2678 CAP.
815 2637 868 2674 v.
909 2619 987 2673 De
1014 2619 1154 2688 [uno
1189 2614 1426 2687 capitali.

309 2721 336 2760 δ
369 2721 430 2774 Si
483 2718 605 2788 quis
654 2715 858 2770 furtum
916 2711 1147 2782 capitale
1191 2708 1563 2772 commiserit,
1617 2707 1672 2761 id
1728 2713 1830 2770 est,

243 2809 619 2883 quadrupedia
649 2806 834 2860 tulerit
853 2804 940 2859 vel
973 2818 1132 2857 casas
1165 2799 1454 2869 effregerit,
1506 2805 1712 2868 septem
1739 2812 1836 2850 an-

244 2922 343 2962 nos
373 2904 660 2974 pmniteat,
707 2907 762 2953 et
794 2898 936 2967 quod
967 2895 1202 2949 furatum
1229 2901 1331 2956 est,
1359 2893 1570 2946 reddat.
1617 2890 1676 2944 Si
1713 2889 1836 2958 quis

244 3004 430 3050 autem
471 2993 540 3046 de
569 2990 867 3045 minoribus
897 2985 1081 3048 semel,
1115 2993 1210 3039 aut
1251 2984 1335 3038 bis
1379 2982 1582 3036 furtum
1623 2980 1832 3044 fecerit,

246 3087 442 3142 reddat
470 3085 612 3154 quod
636 3083 775 3146 tulit,
802 3089 856 3135 et
880 3095 1022 3135 anno
1051 3094 1158 3134 uno
1181 3077 1461 3147 poeniteat.
1495 3073 1710 3128 Addunt
1734 3071 1838 3125 Re-

245 3179 368 3248 gina
416 3185 464 3228 et
512 3173 753 3226 Burch.:
801 3171 886 3225 vel
933 3171 977 3224 si
1019 3169 1141 3239 quis
1180 3165 1487 3235 sepulcrum
1531 3163 1834 3227 violaverit,

247 3275 460 3337 septem
512 3279 682 3319 annos
727 3261 1028 3332 pmniteat,
1083 3267 1194 3313 tres
1247 3271 1315 3312 ex
1363 3256 1450 3311 bis
1499 3254 1551 3308 in
1599 3267 1742 3324 pane
1787 3261 1842 3306 et

250 3372 422 3426 aqua.

248 3449 384 3502 (ΣΑΡ.
413 3463 489 3501 χι.
523 3444 674 3511 Quod
695 3453 750 3498 ut
780 3442 1064 3511 sacrilegus
1077 3438 1402 3512 judicanrius
1423 3446 1496 3492 est
1523 3436 1613 3507 qui
1641 3445 1840 3506 patrem

737 3514 810 3569 vel
841 3523 1057 3567 matrem
1079 3510 1360 3582 expulerit.

885 3619 1216 3660 τιιεοῡοιιυε.

331 3713 358 3742 ο
384 3699 443 3755 Si
471 3699 593 3770 quis
621 3707 828 3769 patrem
858 3695 940 3750 vel
966 3701 1193 3748 matrem
1235 3689 1524 3760 expulerit,
1556 3688 1754 3759 impius
1791 3694 1848 3740 et

254 3792 561 3862 sacrilegus
601 3788 922 3860 iudicandus
965 3793 1068 3840 est.
1119 3783 1388 3838 Pmniteat
1429 3789 1608 3836 autem
1652 3777 1848 3848 aequali

258 3893 525 3954 tempore,
556 3878 791 3950 quandiu
829 3877 884 3931 in
913 3875 1190 3946 impietate
1216 3872 1307 3927 illa
1333 3871 1618 3927 exstiterit.

718 3970 846 4026 CAP.
877 3985 974 4023 xu.
1005 3967 1082 4021 De
1105 3967 1284 4021 eadem
1317 3981 1388 4018 re.

900 4073 1229 4114 THEODORUS.

344 4161 362 4200 ι
398 4154 718 4212 Maledixisti
743 4152 886 4223 patri
911 4151 990 4207 vel
1016 4149 1174 4204 matri
1192 4157 1322 4212 tua},
1339 4147 1422 4202 vel
1439 4145 1713 4214 flagellasti
1737 4159 1851 4211 eos,

261 4253 350 4308 vel
389 4252 444 4306 iu
467 4248 649 4318 aliquo
683 4243 1070 4307 dehonestasti,
1102 4240 1460 4311 quadraginta
1489 4240 1604 4294 dies
1642 4239 1695 4292 in
1717 4253 1856 4308 pane

261 4355 322 4399 et
367 4355 512 4410 aqua
557 4354 682 4393 eum
729 4344 931 4406 septem
973 4333 1323 4403 sequentibus
1369 4331 1528 4386 annis
1568 4334 1852 4400 pomiteas,

2076 1881 2206 1938 CAP.
2249 1898 2399 1935 χχχι.
2429 1881 2506 1935 De
2543 1881 2996 1935 administratione
3022 1881 3352 1935 xenodochii.

2301 1972 2400 2043 (Ex
2431 1972 2794 2025 Pmnitentiali
2823 1972 3133 2040 Theodori.)

2002 2058 2020 2096 ί
2054 2055 2111 2112 Si
2138 2057 2259 2125 quis
2297 2057 2631 2110 xenodochia
2677 2071 2973 2125 pauperum
3001 2057 3378 2123 administrat,
3428 2057 3514 2114 vel

1925 2145 2162 2200 decimas
2204 2146 2387 2214 populi
2421 2148 2748 2216 susceperit,
2797 2155 2852 2202 et
2879 2146 3074 2202 exinde
3100 2148 3183 2202 vel
3209 2149 3324 2203 suis
3346 2164 3516 2204 smcu-

1927 2237 2132 2292 laribus
2163 2237 2329 2292 lueris
2371 2239 2690 2292 sectandum
2727 2239 2927 2307 aliquid
2954 2239 3306 2304 subtraxerit,
3359 2242 3517 2310 quasi

1929 2348 2111 2388 rerum
2141 2333 2360 2388 invasor
2390 2349 2516 2388 reus
2545 2337 2800 2387 damnum
2831 2334 3103 2398 restituat,
3139 2340 3194 2388 et
3223 2335 3322 2388 sub
3351 2349 3519 2389 eano-

1928 2427 2052 2480 nico
2093 2425 2298 2494 judicio
2340 2425 2684 2488 reformetur,
2729 2435 2783 2479 et
2813 2435 2937 2496 agat
2985 2427 3358 2495 potnitentiam
3408 2435 3520 2482 tre;

1929 2531 2120 2570 annos.
2155 2513 2426 2584 Scriptum
2463 2524 2549 2571 est
2576 2517 2760 2570 enim:
2793 2515 2975 2570 Talem
3007 2516 3267 2571 Dominus
3294 2517 3514 2586 dispen~

1931 2615 2167 2660 satorem
2197 2605 2410 2675 quaerit,
2439 2607 2527 2675 qui
2562 2607 2664 2661 sibi
2692 2608 2758 2660 de
2786 2608 2900 2661 suis
2931 2607 3064 2661 nihil
3098 2615 3342 2676 usurpet.

1934 2697 2058 2752 Τιτ.
2089 2711 2208 2762 vui,
2237 2712 2355 2751 car.
2383 2715 2460 2752 ιιι.
2510 2696 2775 2769 Nubentes
2817 2708 2930 2769 post
2966 2708 3138 2752 votum
3180 2715 3282 2753 non
3307 2709 3428 2754 sunt
3455 2700 3520 2754 ab

2449 2768 2666 2821 invicem
2693 2768 2994 2838 separandi.

2560 2876 2892 2916 τιιιιοιιοιιυε.

2008 2948 2065 3006 Si
2127 2951 2209 3004 vir
2259 2957 2445 3006 votum
2499 2950 2514 3000 i
2577 2951 2908 3020 virginitatis
2958 2951 3164 3006 habens
3217 2951 3528 3024 adiungitur

1935 3040 2111 3104 uxori,
2145 3046 2332 3108 postea
2359 3055 2468 3094 non
2495 3039 2731 3094 dimittat
2755 3055 3003 3099 uxorem.
3037 3042 3130 3096 sed
3172 3042 3346 3099 tribus
3371 3043 3529 3098 annis

1864 3121 1910 3184 C
1941 3129 2220 3201 pwniteat.

2701 3223 2763 3278 ll.

2147 3313 2237 3368 EX
2263 3313 2773 3370 PCE'NITENTIALI
2803 3315 3056 3372 RABANI
3083 3318 3324 3376 MAURI.

2309 3421 2703 3460 ARCHIEPISCOPI
2740 3422 3175 3464 MOGUNTINENSIS.

2123 3491 2236 3547 LIB.
2267 3510 2350 3558 in,
2379 3509 2496 3548 car.
2527 3511 2602 3548 vi.
2635 3494 2710 3548 De
2734 3498 3046 3564 pwiiitentiis
3069 3499 3345 3557 (uicorum.

2017 3584 2148 3638 item
2177 3586 2229 3639 in
2256 3587 2571 3655 poenitentia
2591 3629 2607 3653 ,
2639 3603 2800 3658 quam
2829 3590 3144 3648 Theodorus
3174 3596 3532 3666 archiepisco-

1947 3691 2048 3746 pus
2073 3675 2366 3732 Britannim
2403 3693 2526 3732 eum
2557 3681 2769 3734 caeteris
2811 3683 3078 3752 episcopis
3105 3688 3406 3753 constituit,
3457 3691 3532 3744 ita

1947 3767 2292 3821 continetur:
2321 3767 2378 3822 Si
2407 3768 2566 3824 homo
2604 3780 2830 3826 vexatus
2855 3781 2938 3828 est
2964 3789 2994 3827 a
3022 3775 3260 3842 diabolo,
3285 3787 3341 3832 et
3367 3781 3539 3835 nescit

1950 3857 2152 3927 aliquid
2181 3858 2286 3912 nisi
2315 3859 2514 3929 ubique
2532 3861 2856 3929 discurrere,
2885 3873 2940 3920 et
2962 3867 3160 3923 occidit
3188 3873 3537 3940 semetipsum

1952 3963 2274 4018 quacunque
2303 3963 2490 4015 causa,
2525 3952 2748 4020 prodest
2786 3961 2846 4006 ut
2887 3966 3073 4011 oretur
3095 3973 3194 4026 pro
3221 3974 3309 4026 eo,
3345 3962 3389 4014 si
3415 3972 3540 4016 ante

1955 4039 2240 4111 religiosus
2265 4048 2420 4107 erat;
2467 4041 2514 4096 si
2539 4057 2638 4111 pro
2670 4042 3066 4113 desperatione,
3109 4055 3202 4100 aut
3227 4065 3324 4117 pro
3348 4050 3540 4106 timore

1955 4132 2158 4201 aliquo,
2203 4142 2297 4188 aut
2331 4147 2430 4202 pro
2467 4134 2648 4190 causis
2687 4135 2995 4204 incognitis,
3045 4137 3156 4192 Deo
3183 4139 3540 4207 relinquimus

1956 4229 2059 4284 hoc
2079 4228 2366 4296 judicium,
2395 4237 2449 4284 et
2481 4245 2589 4283 non
2623 4229 2740 4283 ausi
2787 4245 2974 4285 sumus
3015 4246 3115 4299 pro
3153 4246 3219 4286 eo
3243 4248 3418 4297 orare,
3447 4235 3541 4303 qui

1958 4318 2310 4386 semetipsum
2349 4319 2610 4372 occiderit
2653 4319 2868 4388 propria
2900 4335 2996 4373 sua
3026 4320 3318 4376 voluntate.
3353 4322 3544 4379 Missas

264 4435 402 4504 quia
423 4405 693 4485 -Domiuus
718 4405 890 4481 dixit:
938 4423 1040 4489 Qui
1072 4421 1402 4477 maledixerit
1441 4421 1580 4491 patri
1619 4435 1736 4485 suo,
1780 4417 1857 4473 vel
1892 4480 1937 4504 ἢ
1960 4423 2058 4476 ιπο
2081 4421 2148 4461 θο
2188 4405 2368 4460 facere
2413 4420 2518 4459 "0“
2545 4405 2694 4472 Ῑίοθιν
2739 4407 2834 4462 sed
2867 4415 3071 4462 "mum
3102 4424 3281 4474 mare,
3324 4420 3380 4465 ει
3402 4411 3544 4466 0199‘

266 4524 457 4587 matri,
493 4528 658 4574 morte
680 4518 957 4572 moriatur.

473 4611 595 4664 Τιτ.
625 4625 681 4673 v,
710 4623 827 4662 car.
856 4622 936 4662 ιιι.
967 4605 1045 4660 De
1068 4603 1288 4676 crapula
1323 4613 1373 4658 et
1399 4604 1665 4659 ebrietate.

912 4711 1243 4752 TllEODORUS.

353 4799 379 4836 8
393 4793 659 4851 Sacerdos
684 4789 952 4861 quislibet,
972 4789 1014 4842 si
1039 4787 1337 4843 inebriatur
1358 4801 1457 4855 per
1483 4785 1864 4856 ignorantiam,

267 4898 488 4960 septem
516 4884 634 4938 dies
666 4882 924 4952 paeniteat
960 4881 1012 4934 in
1037 4896 1176 4950 pane
1201 4888 1256 4934 et
1281 4894 1450 4948 aquas
1479 4877 1536 4932 Si
1561 4892 1660 4946 per
1700 4877 1869 4945 negli-

270 4976 542 5050 gentiam,
570 4969 873 5042 quindecim
901 4968 1016 5024 dies
1044 4986 1058 5033 ;
1111 4969 1156 5023 si
1185 4985 1281 5039 per
1301 4976 1690 5037 contemptum,
1736 4982 1872 5036 qua-

270 5067 534 5138 draginta
554 5063 690 5116 dies.
715 5060 1002 5122 Diaeonus,
1030 5058 1113 5113 vel
1141 5059 1436 5113 monachus
1463 5057 1758 5112 secundum
1783 5072 1874 5111 or-

273 5161 497 5220 dinem,
527 5162 588 5208 ut
615 5152 875 5222 scriptum
901 5158 1013 5213 est,
1044 5165 1138 5204 seu
1167 5157 1221 5203 et
1251 5149 1443 5218 reliqui
1467 5147 1652 5203 clerici
1679 5154 1740 5202 ut
1770 5147 1872 5201 mi-

355 5306 386 5334 ·
417 5289 640 5351 Bureh.,
666 5285 702 5339 l.
731 5301 842 5346 XIX,
871 5297 918 5335 c.
950 5282 1074 5337 278.

357 5365 391 5403 δ
421 5364 585 5418 Cone.
613 5357 879 5418 Eliberit.,
919 5369 966 5405 c.
1003 5353 1085 5406 l’2.

363 5445 390 5471 α
423 5432 640 5492 Burch.,
671 5428 705 5480 Ι.
740 5444 817 5490 ιιι,
857 5440 906 5479 c.
935 5423 1042 5488 58;
1075 5423 1187 5489 lvo,
1225 5439 1278 5492 p.
1317 5440 1436 5488 xm,
1467 5438 1516 5478 c.
1550 5422 1623 5487 4;
1662 5418 1872 5483 Ansel.,

282 5507 391 5560 lib.
424 5520 500 5564 x1,
533 5517 580 5553 c.
615 5499 736 5553 109.

367 5571 396 5610 τι
425 5561 618 5626 Pumit.
646 5569 798 5621 Rom.
829 5569 896 5623 ab
927 5567 1122 5635 Halitg.
1148 5564 1476 5635 exscriptum
1502 5577 1531 5615 e
1551 5561 1751 5635 scrinio
1780 5575 1874 5616 ec-

286 5654 478 5740 etesiae
504 5642 682 5701 Rom.;
713 5639 935 5708 Regina,
959 5639 994 5692 l.
1026 5633 1095 5703 it,
1109 5649 1227 5703 cap.
1263 5635 1397 5700 268;
1424 5634 1645 5700 Bureb.,
1672 5633 1764 5688 lib.
1799 5646 1876 5694 xi,

288 5729 347 5770 ε.
383 5711 454 5768 59

433 5781 638 5853 Anscl.,
657 5782 750 5838 lib.
775 5795 848 5848 ιι,
875 5795 923 5835 e.
956 5777 1070 5832 ιιι.

1887 4480 1937 4541 D
1965 4514 2217 4570 mosynas
2249 4499 2456 4569 largiri,
2503 4498 2548 4554 si
2591 4499 2712 4568 quis
2755 4499 3096 4556 Christianus
3142 4505 3318 4558 subita
3361 4512 3542 4560 tenta—

1967 4591 2113 4646 tione
2142 4598 2322 4646 mente
2363 4605 2459 4645 sua
2494 4591 2778 4658 exciderit,
2816 4592 2902 4648 vel
2931 4607 3028 4663 per
3054 4595 3319 4649 insaniam
3345 4605 3546 4651 semet-

1966 4681 2143 4750 ipsum
2192 4680 2484 4744 oeciderit,
2531 4682 2752 4755 quidam
2797 4699 2896 4752 pro
2964 4699 3031 4739 eo
3074 4685 3272 4741 missas
3319 4686 3541 4743 faciunt.

1967 4772 2098 4826 Item
2138 4772 2192 4826 in
2222 4773 2408 4828 eodem
2437 4774 2578 4829 libro
2603 4792 2616 4828 :
2667 4773 2722 4828 Si
2751 4777 2872 4844 quis
2896 4792 2992 4844 pro
3017 4777 3221 4832 ultione
3259 4782 3546 4851 propinqui

1970 4863 2242 4919 hominem
2263 4863 2544 4931 occiderit,
2588 4867 2848 4934 paeniteat
2875 4869 3016 4922 sicut
3044 4870 3310 4925 homicida
3341 4883 3547 4942 septem

1968 4953 2054 5008 vel
2083 4955 2270 5009 decem
2295 4969 2463 5009 annos
2487 4971 2501 5019 ;
2544 4955 2590 5010 si
2633 4964 2813 5012 tamen
2845 4955 3068 5014 reddere
3097 4961 3209 5014 vult
3237 4963 3549 5033 propinquis

1970 5045 2254 5114 pecuniam
2297 5045 2671 5103 aestimationis
2717 5047 2888 5104 levior
2923 5050 3029 5104 erit
3065 5053 3381 5120 poenitentia
3411 5051 3546 5120 ejus,

1971 5135 2027 5190 id
2057 5144 2166 5204 est,
2211 5136 2432 5192 dimidio
2461 5138 2655 5208 spatio.
2704 5139 2806 5207 Qui
2849 5142 3110 5198 occiderit
3155 5143 3422 5196 hominem
3452 5153 3549 5210 pm

2052 5275 2073 5313 τ
2102 5273 2328 5339 Burch.,
2355 5275 2392 5328 ι.
2424 5291 2616 5340 xix,,c.
2639 5275 2763 5331 270.

2052 5348 2076 5386 ε
2107 5345 2379 5409 Bureh.,l.
2413 5361 2524 5409 XIV,
2556 5362 2674 5415 cap.
2707 5349 2740 5402 8
2766 5365 2779 5411 ;
2809 5348 2917 5411 lvo,
2943 5362 2994 5415 p.
3021 5361 3139 5408 xui,
3172 5362 3220 5399 c.
3251 5344 3317 5398 76

2047 5416 2077 5456 ιι
2100 5417 2320 5478 Burch.,
2348 5415 2382 5468 Ι.
2410 5431 2461 5479 v,
2488 5432 2536 5470 c.
2567 5416 2637 5469 49
2662 5433 2676 5479 ;
2724 5417 2834 5479 lvo,
2862 5432 2914 5484 p.
2949 5431 3037 5478 xv,
3069 5431 3117 5468 c.
3146 5415 3267 5468 Mi).

2056 5489 2073 5528 ί
2103 5486 2326 5548 Bureh.,
2355 5485 2391 5538 Ι.
2419 5501 2471 5550 v,
2498 5503 2545 5540 e.
2576 5487 2676 5540 159
2700 5502 2714 5549 ;
2737 5485 2844 5549 lvo,
2871 5501 2924 5553 p.
2953 5500 3039 5546 xv,
3064 5500 3113 5538 c.
3150 5484 3272 5539 “9.

2056 5556 2069 5606 i
2111 5555 2264 5626 Apud
2295 5556 2445 5610 Grat.
2480 5556 2654 5625 (Decr.
2695 5570 2746 5626 p.
2791 5570 2828 5616 ι,
2859 5556 2984 5626 dist.
3027 5555 3117 5618 27,
3149 5569 3198 5608 c.
3224 5554 3280 5625 5)
3321 5553 3555 5626 additur,

1983 5624 2363 5698 s:ntpl_ed:,_§ed
2411 5624 2562 5698 abest
2591 5640 2690 5698 [ex
2719 5625 2819 5698 ista
2859 5625 2926 5678 ab
2953 5626 3205 5698 omnibus
3248 5624 3366 5698 eod.
3403 5639 3554 5690 mss.,

1984 5706 2039 5751 et
2068 5692 2204 5750 infra
2227 5695 2326 5766 27-,
2359 5711 2413 5766 q.
2446 5695 2494 5759 1,
2517 5711 2565 5747 c.
2599 5692 2656 5747 Si
2682 5694 2799 5762 quis
2823 5703 3014 5766 votum,
3053 5695 3215 5752 etiam
3242 5695 3310 5751 ab
3337 5695 3559 5766 impres-

1987 5769 2081 5833 sis,
2114 5773 2170 5819 ut
2191 5764 2629 5826 animadvertunt
2655 5772 2889 5820 correct.
2919 5764 3072 5823 Grat.
