3928 6178
426 323 533 385 963

1401 316 1745 377 TBEODORI
1787 318 2103 377 ARCIHEP.
2142 318 2693 379 CANTUANENSIS

3569 321 3679 377 96$

425 442 666 502 vindicta
708 440 912 505 fratris,
941 437 1124 494 tribus
1158 436 1319 493 annis
1344 438 1626 508 poeniteat.
1673 439 1735 494 in
1756 439 1865 495 alio
1887 438 2007 495 loco
2034 442 2079 504 Α
2107 440 2208 495 bus
2230 454 2291 495 se
2314 440 2589 496 abstineat
2620 440 2692 495 ab
2719 437 2984 504 Ecclesia,
3024 445 3082 494 et
3108 438 3202 510 qui
3228 438 3494 496 occiderit
3512 440 3690 499 homi-

427 535 619 593 decem
646 546 817 589 annos
845 530 1045 587 dicitur
1065 529 1328 599 poeniteat
1353 546 1369 595 ;
1400 531 1669 586 homicida
1697 538 1875 587 autem
1911 530 2007 587 de.

423 640 545 685 cem
582 624 669 680 vel
698 631 905 694 septem
948 636 1138 677 annos.
1184 620 1243 676 Si
1283 621 1455 677 laicus
1483 622 1712 678 alterum
1750 623 2007 679 occiderit

424 720 536 777 odii
567 717 942 782 meditatione,
992 714 1037 769 si
1064 730 1170 769 non
1203 713 1318 769 vult
1340 728 1490 768 arma
1533 714 1856 784 relinquere,
1886 728 2005 787 po:-

425 809 708 865 nitentiam
741 814 944 878 septem
980 822 1265 873 annorum,
1315 807 1430 862 sine
1450 821 1616 862 carne
1643 813 1698 863 et
1724 806 1851 862 vino
1896 815 2007 861 tres

423 917 615 957 annos.
674 898 731 956 Si
771 900 894 970 quis
927 899 1188 955 occiderit
1231 901 1554 954 monachum
1597 898 1682 952 vel
1725 898 2002 965 clericum,

421 1003 596 1049 artem
637 992 927 1061 relinquat,
977 1000 1032 1045 et
1074 991 1185 1047 Deo
1234 990 1452 1056 serviat,
1499 1000 1554 1044 et
1599 998 1802 1059 scptem
1834 1003 2004 1043 annos

420 1085 701 1157 pmniteat,
738 1083 883 1154 quod
910 1083 965 1138 in
1001 1081 1210 1151 judicio
1239 1081 1479 1152 episcopi
1507 1088 1610 1134 est.
1653 1079 1754 1147 Qui
1780 1079 2007 1149 presby-

421 1185 598 1233 terum
629 1176 910 1241 occiderit,
961 1174 1243 1231 duodecim
1288 1188 1552 1228 annorum
1592 1173 1642 1228 ei
1684 1173 2003 1242 paenitentia

421 1270 715 1324 secundum
759 1282 995 1323 canones
1034 1266 1379 1336 imponatur;
1424 1271 1517 1318 aut
1545 1264 1589 1318 si
1616 1264 1917 1335 negaverit,
1957 1262 2003 1319 si

418 1356 557 1414 liber
583 1366 688 1424 est,
735 1373 857 1413 cum
885 1356 1167 1413 duodecim
1184 1353 1352 1423 juret.
1386 1354 1445 1410 Si
1471 1362 1651 1410 autem
1686 1369 1875 1409 servus
1906 1368 2005 1424 per

418 1448 701 1503 duodecim
740 1462 988 1503 vomeres
1030 1445 1303 1501 ferventes
1346 1460 1405 1500 se
1446 1454 1674 1516 purget,
1724 1445 2003 1501 convictus

418 1555 561 1596 noxa
598 1556 768 1611 usque
796 1538 862 1594 ad
903 1539 1153 1594 ultimum
1178 1538 1304 1592 vitae
1345 1547 1558 1607 tempus
1586 1538 1791 1593 militiae
1816 1537 2003 1610 cingu-

419 1630 531 1690 lum
556 1633 809 1703 deponat,
839 1639 895 1687 et
919 1646 1143 1687 uxorem
1172 1630 1405 1685 amittat.
1443 1629 1546 1698 Qui
1575 1645 1673 1701 per
1704 1629 2000 1700 iussionem

417 1723 631 1780 Domini
659 1723 741 1780 sui
771 1714 1032 1779 occiderit
1048 1722 1343 1788 hominem,
1373 1721 1727 1792 quadraginta
1751 1719 1867 1776 dies
1889 1734 2003 1791 pte-

417 1816 614 1883 niteat,
660 1825 717 1872 et
750 1816 843 1888 qui
869 1814 1130 1872 occiderit
1154 1814 1448 1878 hominem,
1493 1812 1850 1883 quadraginta
1892 1812 2004 1867 die-
2034 1805 2081 1867 Β

2109 545 2235 586 nem
2256 531 2313 586 in
2332 532 2553 601 pubieo
2571 530 2734 595 bello,
2781 529 3141 600 quadraginta
3163 529 3355 585 diebus
3383 531 3686 600 pmoiteat;

2108 622 2481 694 siperiram,
2533 631 2648 678 tres
2694 621 3691 689 annos;sicausa,unoarmo;si

2105 729 2204 785 per
2228 715 2485 784 populum
2508 714 2593 771 vel
2624 728 2725 784 per
2748 722 2923 770 artem
2960 714 3221 786 aliquam,
3250 722 3461 786 septas
3496 729 3689 781 animo,

2108 812 2201 858 aut
2244 804 2402 874 plus;
2443 806 2489 861 si
2517 822 2616 876 per
2642 805 2835 869 rixam,
2872 805 3063 861 decem
3092 820 3263 861 annos
3299 800 3584 875 poniteat.
3630 807 3689 863 Si

2105 896 2229 963 quis
2258 895 2524 952 maleﬁcio
2570 911 2668 952 suo
2699 896 2935 965 aliquem
2968 896 3282 967 perdiderit,
3329 897 3572 967 quinque
3594 914 3691 953 an-

2105 1000 2206 1041 nos
2230 987 2507 1057 pmniteat,
2555 987 2691 1042 duos
2715 1002 2784 1042 ex
2807 988 2897 1042 bis
2918 988 2973 1042 in
3006 1002 3147 1058 pane
3169 994 3231 1042 et”
3265 1002 3425 1058 aqua.
3477 987 3539 1042 Si
3565 990 3686 1058 quis

2104 1091 2202 1148 per
2228 1091 2468 1132 amorem
2496 1078 2771 1134 veneficus
2795 1079 2889 1145 sit,
2915 1086 2974 1133 et
2996 1078 3269 1134 nemiuem
3289 1078 3610 1149 perdiderit,
3640 1081 3691 1135 si

2105 1168 2334 1224 clericus
2350 1177 2454 1235 est,
2485 1184 2653 1225 unum
2677 1183 2877 1224 annum
2900 1170 3164 1242 pceniteat
3187 1171 3242 1225 in
3266 1186 3407 1241 pane
3432 1181 3491 1226 et
3515 1187 3682 1241 aqua;

2103 1262 2148 1316 si
2170 1263 2425 1319 sacerdos
2448 1263 2705 1332 quinque,
2739 1263 2844 1319 duo
2876 1279 2944 1319 ex
2985 1264 3073 1319 his
3093 1264 3150 1319 in
3177 1279 3319 1334 pane
3340 1273 3403 1320 et
3433 1280 3595 1335 aqum
3627 1265 3685 1319 Si

2103 1353 2362 1409 diaconus
2388 1363 2499 1410 tres
2522 1366 2715 1423 annos,
2749 1371 2919 1411 unum
2950 1371 3020 1412 ex
3053 1358 3139 1411 his
3163 1357 3220 1411 in
3252 1348 3401 1427 pane
3428 1366 3489 1413 et
3520 1372 3685 1428 aqua,

2101 1454 2157 1499 et
2182 1444 2350 1501 laicus
2378 1446 2658 1503 dimidium
2683 1460 2882 1502 annum
2914 1449 3180 1517 parniteat
3206 1465 3220 1502 :
3258 1450 3499 1505 maxime
3517 1450 3565 1505 si
3591 1464 3687 1520 per

2101 1536 2204 1592 hoc
2247 1537 2491 1593 mulieris
2512 1546 2730 1606 partum
2767 1538 3005 1608 quisque
3023 1540 3327 1609 deceperit,
3375 1548 3494 1596 tres
3516 1555 3691 1597 annos

2100 1629 2466 1700 unusquisque
2492 1638 2853 1704 superaugcat
2893 1631 2947 1686 iu
2968 1644 3109 1703 pane
3130 1640 3187 1688 ct
3214 1646 3381 1704 aqua,
3416 1646 3490 1688 ne
3516 1633 3689 1689 homi-

2100 1720 2227 1775 cidii
2252 1735 2379 1777 reus
2400 1721 2488 1777 sit.
2756 1720 2761 1725 ’

1611 2053 2478 2169 FRAGMENTA

1234 2268 1365 2349 ex
1417 2198 2260 2351 COLLECTCBIBUS
2334 2258 2862 2375 CANONUM.

692 2635 808 2697 EX
857 2628 1115 2697 LIBRIS
1167 2632 1227 2693 II
1271 2627 1703 2695 REGINONIS

508 2728 615 2800 DE
658 2732 1289 2798 ECCLESIASTICIS
1334 2726 1800 2794 DISCIPLINIS
1838 2739 1888 2787 ι.

654 2858 744 2914 DE
787 2853 1237 2913 SUSCIPIENDA
1269 2850 1762 2920 CONFESSIONE.

414 2956 519 3029 (lx
562 2952 836 3011 Theodori
903 2946 1295 3030 archiepiscopi
1321 2944 1436 3030 "vel
1479 2943 1642 3002 Bch
1688 2947 1997 3020 presbyteri

993 3016 1408 3091 Pwiritentiali.)

481 3139 599 3196 Lis.
646 3155 689 3204 ι,
738 3151 857 3191 car.
899 3148 1105 3190 ccxcvr.
1149 3132 1177 3173 δ
1227 3131 1478 3201 Episcopi
1529 3129 1615 3186 vel
1672 3131 1996 3203 presbyteri,

409 3229 627 3302 quando
679 3227 917 3283 fidelium
968 3223 1238 3294 recipiunt
1278 3220 1671 3287 confessiones,
1712 3222 1998 3280 humiliare

409 3337 469 3377 se
494 3322 784 3386 debent,et
799 3332 923 3374 cum
949 3313 1184 3371 tristitiae
1202 3314 1405 3385 gemitu
1428 3310 1789 3385 lacrymisque
1812 3330 1995 3381 orare,

408 3428 516 3468 non
553 3412 725 3468 solum
772 3424 873 3480 pro
903 3407 1018 3463 suis
1057 3405 1291 3470 delictis,
1338 3404 1433 3459 sed
1469 3406 1632 3459 etiam
1684 3418 1784 3474 pro
1810 3403 1997 3461 fratris

406 3520 563 3561 casu.
612 3503 705 3558 Ait
729 3503 878 3557 enim
922 3499 1213 3569 Apostolus
1244 3515 1257 3552 :
1289 3495 1421 3562 Quis
1468 3496 1795 3566 inﬁrmatur,
1826 3507 1874 3553 et
1901 3515 1995 3570 ego

408 3613 514 3653 non
531 3596 774 3665 infit-mor
798 3592 884 3666 (11
911 3591 1037 3648 Cor.
1062 3589 1162 3663 x)?

586 3690 591 3693 ‘
1009 3678 1159 3735 Unde
1207 3694 1392 3752 supra.

476 3775 608 3830 CAP.
637 3787 896 3829 ccxovm.
928 3783 952 3811 α
980 3770 1115 3826 Cum
1162 3785 1296 3841 ergo
1338 3771 1550 3826 venerit
1578 3770 1773 3841 aliquis
1793 3773 1862 3828 ad
1906 3787 1996 3829 sa-

407 3864 685 3920 cerdotem
724 3861 972 3918 conﬁteri
998 3868 1220 3931 peccata
1263 3875 1382 3929 sua,
1408 3861 1633 3918 mandet
1662 3863 1715 3917 ei
1740 3865 1994 3919 sacerdos

407 3964 471 4010 ut
493 3962 773 4026 exspectet
808 3953 1104 4017 modicum,
1148 3953 1322 4009 donec
1361 3954 1529 4009 intret
1557 3954 1863 4021 ecclesiam,
1901 3962 1995 4010 aut

404 4047 715 4105 Cubiculum
753 4061 910 4103 suum
933 4046 1002 4102 ad
1022 4045 1346 4102 orationem.
1374 4046 1439 4101 Si
1469 4056 1648 4101 autem
1677 4063 1781 4102 non
1806 4057 1889 4102 est
1916 4048 1995 4103 lo-

404 4152 505 4193 cus
546 4145 707 4207 aptus
749 4137 821 4192 ad
866 4135 991 4192 hoc.
1029 4136 1177 4190 dicat
1223 4136 1365 4192 hanc
1389 4136 1691 4191 orationem
1730 4136 1791 4191 in
1829 4137 1992 4193 corde

1077 4326 1299 4373 οιιιτιο.

2101 2507 2305 2564 tionem
2331 2507 2576 2564 veritatis
2612 2511 2819 2578 venire,
2847 2510 2942 2581 qui
2964 2525 3074 2567 non
3118 2512 3204 2569 vis
3229 2519 3472 2572 morm
3494 2528 3686 2588 peccs-

2102 2604 2303 2664 torum,
2327 2598 2423 2653 sed
2445 2605 2506 2653 ut
2519 2608 2910 2657 convertantur
2931 2609 2988 2656 et
3011 2602 3217 2669 vivant,
3246 2604 3467 2676 suscipe
3493 2608 3686 2661 oratio-

2100 2689 3687 2764 mmemqumbmdoantecomdumclementim

2096 2789 2205 2837 tua
2232 2796 2334 2852 pro
2377 2780 2597 2839 famulis
2618 2790 2673 2838 et
2711 2782 3018 2840 famulahus
3052 2786 3163 2841 tuis
3198 2786 3293 2856 qui
3322 2787 3393 2842 ad
3415 2787 3681 2858 peniten-

2098 2873 2230 2928 tiam
2262 2882 2549 2939 venerunt,
2586 2883 2647 2930 ut
2693 2875 2793 2931 des
2814 2875 2923 2931 illis
2946 2877 3196 2947 spiritum
3228 2881 3683 2949 conpunctionis,

2093 2972 2157 3021 ut
2193 2966 2520 3037 resipiscam
2546 2983 2578 3022 a
2620 2968 2823 3025 diaboli
2860 2970 3091 3040 laqueis,
3120 2986 3155 3025 a
3204 2986 3314 3042 quo
3362 2975 3591 3031 astricti
3615 2983 3685 3030 te-

2021 3040 2070 3107 C
2100 3064 2317 3125 nenmr,
2357 3067 2415 3113 et
2436 3058 2509 3114 ad
2542 3067 2600 3114 te
2643 3062 3088 3133 pereondignarn
3138 3040 3578 3123 satisfactione
3606 3081 3679 3122 re~

2098 3154 2384 3204 vertantur
2410 3165 2508 3220 per
2528 3152 2776 3207 eumdem
2800 3152 3125 3209 Dominum;

2172 3242 2373 3298 Videas
2390 3251 2577 3298 autem
2604 3244 2690 3298 ille
2721 3246 2812 3315 qui
2834 3247 2903 3301 ad
2924 3248 3299 3317 penitentiam
3326 3251 3499 3305 venit
3512 3265 3684 3308 sacer-

2100 3332 2279 3387 dotem
2310 3332 2521 3388 tristem
2560 3343 2615 3389 et
2649 3334 3039 3407 lacrymantem
3066 3352 3165 3407 pro
3186 3339 3299 3392 suis
3324 3337 3682 3407 facinoribus,

2099 3424 2273 3493 magis
2298 3424 2413 3495 ipse
2444 3424 2640 3480 timore
2663 3425 2759 3481 Dei
2788 3427 3070 3495 perculsus
3090 3427 3326 3499 amplius
3352 3431 3613 3487 tristem:
3630 3440 3683 3489 et

2097 3517 2450 3572 exhorrescat
2474 3526 2698 3591 peccata
2727 3533 2824 3598 sua
2858 3531 2902 3574 θ.

2276 3645 2464 3706 Οὶὶῦο
2502 3650 2598 3705 AD
2651 3650 2942 3707 DANDAM
2974 3651 3512 3719 ΡἚΝΙΤΕΝΤΙΑΜ.

2700 3742 2849 3800 Unde
2878 3762 3062 3817 supra.
3080 3796 3083 3797 ν
3448 3744 3453 3749 ”

2164 3852 2295 3909 CAP.
2324 3868 2440 3910 cce.
2471 3856 2492 3896 τ
2536 3855 2669 3912 Post
2693 3855 2811 3913 htec
2836 3857 3111 3929 interroga
3140 3874 3268 3915 eum
3299 3862 3529 3921 blande.
3554 3865 3679 3923 leni-

2095 3957 2304 4016 terque.
2334 3945 2524 4003 Credis
2552 3947 2607 4004 iu
2638 3948 2809 4004 Deum
2846 3949 3063 4007 Parem
3088 3960 3144 4008 et
3166 3951 3365 4008 Filium
3402 3966 3469 4010 et
3517 3957 3677 4029 Spiri-

2095 4050 2209 4096 tum
2232 4043 2514 4095 sanctum?
2533 4040 2686 4113 Resp.
2718 4041 2914 4099 Credo.
2933 4044 3213 4101 —Credis
3242 4047 3385 4115 quod
3427 4030 3552 4105 istm
3577 4059 3678 4106 tres

2092 4144 2341 4199 meum
2387 4145 2529 4185 unus
2576 4130 2720 4187 Deus
2767 4132 2872 4188 sit?
2919 4131 3076 4203 Resp.
3129 4134 3327 4192 Credo.
3371 4166 3454 4180 —-
3494 4140 3676 4198 Credit

2090 4220 2459 4291 qtrodinipsa
2492 4222 2599 4277 ista
2637 4224 3211 4295 carne,inqnanuue
3243 4242 3325 4295 es,
3370 4231 3677 4302 inipsaw

2088 4327 2317 4383 mere
2360 4315 2532 4371 baca
2556 4315 2612 4370 in
2652 4316 2740 4370 die
2754 4314 2945 4384 iudicii
2984 4327 3041 4374 et
3064 4320 3309 4389 recipere
3335 4323 3461 4379 sive
3483 4326 3676 4382 bonum

474 4409 605 4466 Cn.
636 4422 850 4465 cncta.
890 4406 920 4449 ἆ
950 4407 1179 4463 Domine
1220 4410 1362 4464 Deus
1396 4409 1757 4478 omnipotens,
1806 4412 1987 4481 propi»
2021 4408 2067 4471 D
2090 4404 2206 4459 sive
2246 4404 2451 4459 malum
2472 4404 2618 4476 quod
2642 4406 2893 4477 gessisti?
2918 4407 3116 4466 Credo.
3158 4440 3231 4455 -—
3268 4414 3367 4471 Vis
3402 4418 3677 4474 amittere

401 4499 517 4556 tius
557 4509 674 4555 esto
722 4498 861 4553 mihi
905 4499 1213 4569 peccaturi,
1263 4506 1328 4553 ut
1360 4499 1624 4569 condigne
1655 4501 1747 4557 tibi
1779 4504 1984 4571 possim

401 4591 606 4659 gratias
629 4603 815 4659 agere,
846 4589 940 4659 qui
969 4603 1058 4644 me
1081 4588 1359 4658 indignum
1388 4599 1608 4660 propter
1629 4598 1778 4646 tuam
1817 4594 1984 4648 mise-

400 4680 693 4736 ricordiam
740 4680 1055 4735 ministrum
1097 4677 1277 4735 fecisti
1318 4679 1480 4735 cilicii
1523 4682 1892 4750 sacerdotalis,
1932 4692 1987 4741 et

402 4784 491 4825 me
515 4769 769 4840 exiguum
791 4769 1156 4839 humilemque
1177 4770 1543 4825 mediatorem
1559 4772 1891 4827 constituisti
1918 4772 1986 4827 ad

400 4858 667 4913 orandum
714 4868 771 4913 et
796 4859 1238 4915 intercedendum
1287 4861 1357 4916 ad
1405 4862 1694 4917 Dominum
1738 4870 1985 4917 nostrum

399 4943 585 5000 desum
615 4943 892 5000 Christum
915 4945 1113 5001 Filium
1138 4954 1289 5003 tuum
1319 4964 1419 5019 pro
1445 4952 1795 5019 peccantibus
1821 4960 1876 5011 et
1916 4951 1984 5007 ad

399 5035 777 5107 pmtdtentiam
819 5038 1235 5094 revertentibus.
1277 5039 1509 5111 ideoque
1548 5041 1857 5100 dominator
1885 5043 1985 5098 Dor

397 5129 567 5194 utine,
598 5129 691 5200 qui
716 5143 909 5186 omnes
929 5129 1177 5187 homines
1199 5131 1486 5189 vissalvos
1510 5133 1629 5189 ﬁeri
1657 5144 1713 5190 et
1739 5135 1815 5192 ad
1831 5137 1985 5207 agiti-

471 5274 500 5305 ι
527 5261 639 5320 Hos
660 5263 747 5319 vir
769 5263 1169 5321 eruditissimus
1184 5265 1437 5323 Baluzius
1460 5267 1529 5324 ad
1551 5268 1712 5325 fidem
1728 5268 1984 5327 vetustis-

396 5332 521 5392 simi
542 5335 744 5392 codicis
765 5346 1020 5392 accurate
1042 5338 1367 5393 emendavit.

465 5407 495 5445 b
524 5404 747 5478 iialigt,
778 5406 833 5478 in
857 5404 1008 5477 praef.
1037 5407 1075 5461 l.
1103 5424 1202 5475 vr.;
1231 5407 1429 5464 Burch.
1450 5450 1466 5476 ,
1496 5409 1532 5464 l.
1561 5426 1675 5478 nx,
1697 5427 1746 5467 e.
1781 5413 1838 5467 3.

468 5484 493 5547 ε
526 5475 747 5547 [laliqu
778 5475 908 5534 ibid.
928 5495 946 5544 ;
970 5478 1198 5545 Burch.,
1225 5479 1260 5533 l.
1290 5495 1406 5547 ιιι,
1431 5475 1481 5536 c.
1505 5481 1562 5535 2.

466 5541 849 5617 “gantiam,
910 5541 1090 5617 ibid;
1149 5541 1401 5617 Burch.,
1456 5551 1587 5607 ibid.
1649 5566 1700 5606 e.
1753 5553 1806 5607 '5.

472 5623 499 5652 ο
541 5613 642 5671 ilic
669 5613 923 5674 locossic
948 5633 1008 5674 se
1035 5613 1197 5676 habet
1228 5621 1282 5676 in
1308 5613 1479 5677 veteri
1508 5622 1695 5677 codice
1723 5636 1826 5676 ms.
1858 5637 1978 5677 mo-

398 5685 623 5766 nasterii
660 5685 1086 5766 Rivipullensis:
1126 5708 1145 5766 ς
1181 5691 1382 5766 Videris
1417 5700 1601 5766 autem
1633 5691 1738 5766 ille
1785 5691 1974 5766 frater,

399 5752 493 5821 qui
524 5752 589 5807 ad
613 5752 989 5822 paenitentiam
1023 5761 1189 5830 venit,
1215 5762 1353 5818 hanc
1377 5763 1677 5822 sacerdotis
1699 5752 1974 5821 humilitatl

2091 4497 2198 4553 illis
2224 4505 2446 4569 peccata
2471 4499 2563 4567 qui
2589 4499 2644 4554 in
2675 4508 2728 4556 te
2753 4512 3130 4571 peccaverunt,
3161 4505 3391 4563 Destino
3429 4511 3673 4571 dicate:

2091 4585 2151 4641 Si
2198 4604 2305 4643 non
2351 4588 2658 4647 remiserit“
2707 4591 3003 4648 hominibus
3056 4605 3272 4665 peccata
3317 4614 3534 4667 eorum,
3586 4618 3673 4656 iter

2085 4686 2236 4747 pater
2256 4686 2420 4733 vester
2461 4679 2681 4733 dimittet
2706 4681 2845 4736 vobis
2871 4694 3082 4753 peccata
3121 4696 3288 4742 vestra
3319 4688 3544 4758 (Matth.
3578 4695 3672 4762 vt).

2087 4764 2247 4839 Resp.
2279 4769 2432 4825 Volo.
2459 4771 2631 4827 -σΕι
2664 4773 2888 4843 require
2920 4776 2989 4830 ab
3036 4788 3106 4831 eo
3155 4774 3449 4849 diligenter
3500 4784 3548 4838 si
3592 4794 3671 4839 est

2086 4859 2446 4928 incestuosus,
2476 4872 2573 4918 aut
2595 4879 2703 4919 suo
2722 4866 2925 4921 seniori
2954 4867 3209 4924 inﬁdelis.
3240 4871 3309 4927 Et
3337 4873 3386 4928 si
3427 4890 3539 4931 non
3560 4877 3670 4932 vult

2086 4951 2351 5008 inecsuim
2384 4952 2679 5021 dimittere,
2705 4970 2817 5011 non
2857 4966 3011 5027 potes
3034 4959 3086 5014 ei
3108 4960 3241 5016 dare
3266 4965 3663 5033 pmnitentiam.

2087 5042 2147 5099 Si
2163 5053 2346 5100 autem
2364 5044 2499 5111 vult,
2526 5054 2702 5114 potes.
2736 5046 2832 5102 liis
2862 5050 3182 5118 prmmissis,
3207 5055 3568 5122 pernitenlem
3594 5057 3667 5111 al-

2085 5135 2229 5206 loqui
2254 5135 2549 5194 adectuose
2573 5137 2737 5194 debet
2758 5142 3013 5198 sacerdos
3030 5143 3122 5198 his
3142 5144 3323 5199 verbis
3354 5164 3369 5201 :

2085 5282 2211 5340 tem,
2264 5274 2435 5353 magis
2462 5282 2685 5353 peccata
2714 5292 2811 5353 sua
2839 5278 3197 5353 exhorrescit,
3241 5281 3413 5353 magis
3457 5281 3666 5336 scelera

2082 5361 2178 5401 sua
2207 5346 2560 5415 pertimescit.
2590 5346 2721 5401 Post
2763 5349 2878 5404 haec
2913 5349 3232 5404 eharitativc
3258 5346 3516 5408 sacerdos
3543 5366 3663 5407 eum

2080 5416 2359 5540 suscigiat,
2387 5416 2665 5500 humiliter
2678 5420 3021 5502 eumsedere
3046 5418 3209 5474 faciat
3236 5435 3438 5486 secum,
3464 5423 3661 5477 blande

2080 5501 2204 5540 eum
2274 5489 2542 5540 ulusmodr
2594 5491 2932 5540 sermonibus
2978 5491 3220 5540 attrahat
3260 5507 3275 5540 :
3312 5490 3526 5540 Frater-
3554 5506 3657 5540 non

2079 5501 2204 5558 eum
2234 5489 2542 5555 hujusmodi
2594 5490 2932 5544 sermonibus
2978 5491 3220 5544 attrahat
3260 5507 3275 5543 :
3311 5490 3526 5558 Frater,
3553 5506 3658 5545 non

2079 5555 2373 5613 erubescas
2394 5558 2643 5613 confiteri

2153 5624 2392 5699 (Bureh.
2403 5668 2420 5695 ,
2434 5624 2705 5685 ἰδίει.Ἷὶάὲ
2721 5629 2919 5699 librum
2936 5629 3216 5699 antiquum
3230 5629 3655 5685 Pmnitentialem

2077 5695 2519 5824 ἒὲίῖςέἓῖῗηωω
2543 5700 2746 5756 editum
2772 5715 2803 5755 a
2826 5698 2882 5773 ,l.
2910 5695 3136 5767 Marino,
3159 5701 3214 5756 in
3243 5701 3535 5772 appendice
3558 5699 3650 5754 lib.

2680 5568 2898 5629 peccatu
2927 5568 3039 5614 tua.
3080 5579 3101 5611 ι
