3924 6180
340 334 449 396 065

1028 327 1585 389 PCENITENTIALE.
1629 360 1696 368 —
1734 325 2078 385 CAPITULA
2117 323 2477 384 COLLECTA
2516 323 2607 379 EX
2634 323 2905 415 ‘FRAGM.

3494 320 3600 379 966

411 444 623 515 Frater,
648 445 757 501 noli
791 445 1114 500 erubescere
1130 451 1351 513 peccata
1379 450 1471 497 tua
1494 442 1762 498 conllteri.
1785 439 1922 496 Nam
1954 447 1997 504 Α
2024 437 2223 507 fecisti,
2248 455 2421 496 annos
2446 448 2670 510 septem.
2710 437 2818 494 Pro
2842 438 3054 495 modico
3077 437 3223 494 furto
3244 438 3435 512 viginti
3463 439 3604 507 dies,

337 547 400 595 et
440 552 545 609 ego
571 543 825 606 peccator
870 550 1011 599 sum,
1059 542 1115 589 et
1162 533 1411 589 fortassis
1453 531 1639 603 pejora
1672 548 1835 603 quam
1861 541 1922 586 tu

341 626 539 683 feceris
562 627 736 682 habeo
759 624 924 680 facta.
952 624 1078 679 Haec
1108 624 1312 679 idcirco
1346 625 1631 691 admoneo,
1660 625 1787 695 quia
1813 624 1923 679 usi-

338 728 514 776 tatum
565 718 782 789 generis
809 716 1030 771 humani
1052 715 1240 769 vitium
1274 724 1379 780 est,
1421 724 1480 770 ut
1504 717 1694 771 beatus
1720 714 1922 789 Grego-

336 812 458 866 rius
479 808 610 865 dicit
633 806 773 881 (Lib.
803 823 919 861 mi
952 804 1170 871 Moral.,
1203 822 1252 860 c.
1282 804 1360 878 9),
1388 814 1443 860 et
1468 804 1698 861 labendo
1732 822 1923 876 pecca-

337 909 459 957 tum
524 900 884 964 committere,
933 904 989 951 et
1036 896 1382 952 commissum
1441 895 1748 951 confitendo
1814 912 1921 953 non

335 991 589 1063 prodere,
610 991 704 1045 sed
725 988 968 1056 negando
982 985 1290 1052 defendere,
1315 994 1477 1056 atque
1501 986 1806 1041 convictum
1831 987 1922 1040 de-

340 1081 608 1137 fendendo
631 1078 1011 1149 multiplicare.
1038 1078 1107 1131 Et
1135 1077 1227 1147 qui
1272 1076 1485 1132 diabolo
1509 1077 1799 1147 instigante
1821 1091 1919 1131 ne-

336 1170 503 1226 fanda
533 1170 759 1225 crimina
783 1175 1097 1241 perpetrare
1119 1182 1227 1220 non
1257 1167 1560 1229 metuimus,
1592 1167 1705 1221 haec
1732 1165 1920 1220 eadem

338 1276 463 1331 qua
483 1275 648 1331 opere
674 1256 878 1328 absque
904 1258 993 1312 illa
1012 1256 1336 1311 verecundia
1356 1255 1702 1326 perfecimus,
1731 1254 1920 1310 eodem

339 1354 604 1409 suadente
649 1352 842 1411 saltem
898 1350 1081 1404 verbis
1122 1347 1367 1403 conﬁteri
1427 1348 1811 1411 erubescimus,
1866 1354 1923 1401 et

338 1459 530 1502 coram
557 1442 797 1507 homine,
821 1440 912 1510 qui
931 1439 1121 1495 similis
1142 1439 1314 1493 nostri
1342 1445 1447 1503 est,
1470 1438 1671 1493 eisdem
1694 1438 1922 1493 fortasse

338 1533 685 1605 passionibus
719 1529 977 1599 subiacet,
1022 1528 1369 1583 confunditur
1414 1528 1613 1594 dicere,
1654 1528 1796 1597 quod
1827 1543 1923 1583 eo-

340 1639 463 1680 ram
498 1622 724 1677 Domino
765 1621 855 1690 qui
887 1618 1066 1674 omnia
1092 1618 1326 1688 inspicit,
1362 1619 1565 1690 absque
1593 1618 1701 1674 ullo
1723 1622 1922 1674 mentis

341 1715 541 1768 rubore
563 1710 901 1766 committere
922 1707 1326 1763 formidavimus
1345 1706 1662 1765 detestanda
1683 1709 1917 1765 actione.

2018 532 2172 602 pueri
2200 530 2389 587 decem
2418 532 2552 587 dies.

2089 620 2291 677 Fecisti
2332 620 2653 675 adulterium
2690 636 2812 675 cum
2840 634 3008 674 uxore
3054 619 3228 676 aliena
3255 619 3340 675 vel
3371 621 3600 691 despon—

2020 722 2156 779 sata,
2180 714 2267 769 vel
2287 714 2551 787 virginem
2577 712 2889 781 corrupisti,
2917 712 3031 767 sive
3050 729 3174 767 cum
3200 710 3597 768 sanctimoniali

2019 806 2101 860 vel
2135 806 2243 860 Dco
2269 806 2471 869 dicata,
2499 802 2583 857 vel
2603 818 2724 858 cum
2750 802 2993 857 absoluta
3024 802 3244 868 femina,
3267 803 3320 857 id
3343 810 3449 869 est,
3478 803 3595 859 sine

2020 899 2237 963 marito,
2278 897 2364 951 vel
2393 911 2517 950 cum
2566 892 2762 949 ancilla
2805 894 3044 965 propria.
3107 893 3162 947 Si
3202 894 3504 948 moechatus
3536 909 3597 947 es

2020 1006 2143 1045 cum
2172 989 2394 1044 alterius
2433 1002 2602 1046 uxore
2630 995 2873 1043 autcum
2926 984 3339 1050 sanctimoniali,
3389 994 3594 1055 septem

2020 1092 2190 1133 annos
2219 1078 2502 1149 pceniteas.
2535 1076 2590 1131 Si
2617 1092 2741 1132 cum
2762 1077 2991 1147 virgine,
3016 1077 3150 1131 duos
3166 1092 3355 1131 annos.
3389 1075 3446 1130 Si
3473 1092 3596 1131 cum

2018 1160 2201 1233 vidua,
2248 1182 2447 1221 annum
2514 1182 2700 1220 unum.
2746 1166 2805 1221 Si
2850 1174 2997 1223 tuam
3057 1182 3283 1221 uxorem
3323 1166 3596 1230 dimisisti,

2020 1268 2076 1316 et
2143 1259 2364 1315 alterius
2421 1257 2675 1328 junxisti,
2729 1269 2936 1330 septem
2987 1276 3155 1315 annos
3208 1262 3493 1330 pmniteas.
3542 1259 3601 1315 Si

2021 1364 2143 1405 cum
2166 1359 2392 1405 vacante
2416 1350 2635 1415 femina,
2662 1358 2774 1404 tres
2797 1351 3234 1421 quadragesimas
3251 1360 3304 1405 et
3329 1351 3600 1422 legitimas

2022 1443 2205 1499 ferias.
2263 1444 2321 1499 Si
2374 1461 2498 1500 cum
2541 1445 2762 1517 propria
2820 1445 3031 1511 ancilla,
3077 1446 3431 1518 quadraginta
3485 1448 3602 1504 dies

2021 1538 2287 1608 poenitere
2317 1538 2502 1593 debes.

2093 1626 2331 1699 Nupsisti
2360 1642 2481 1681 cum
2513 1642 2679 1682 uxore
2708 1636 2812 1681 tua-
2825 1627 2909 1682 vel
2943 1628 3138 1682 ancilla
3165 1634 3334 1683 retro.
3361 1628 3420 1685 Si
3446 1627 3607 1686 fecis-

2027 1720 2086 1787 ti,
2110 1720 2464 1792 quadraginta
2493 1720 2607 1774 dies
2634 1717 2799 1775 debes
2826 1720 3111 1790 pmnitere.

340 1806 550 1876 Sponte
573 1818 701 1875 ergo
728 1801 995 1858 fateamur
1019 1800 1163 1870 quod
1206 1800 1353 1855 nullo
1388 1811 1612 1870 cogente
1654 1803 1925 1856 commisi-

2099 1786 2345 1884 l‘iupsisti
2373 1826 2498 1866 cum
2547 1828 2715 1866 uxore
2768 1786 2859 1866 tua
2895 1813 3253 1883 quadraginta
3306 1812 3421 1869 dies
3479 1822 3610 1869 ante

343 1914 488 1954 mus.
521 1895 582 1951 Si
607 1910 736 1949 vero
766 1907 865 1948 nos
902 1900 1085 1947 nostra
1111 1891 1315 1946 scelera
1344 1892 1718 1957 celaverimus,
1745 1891 1927 1947 abillo

343 1987 839 2045 manifestabuntur
882 1985 973 2053 qui
1001 1992 1053 2039 et
1107 1991 1396 2038 accusator
1449 1994 1474 2023 α
1502 1989 1586 2037 est
1625 1981 1837 2052 peccati
1873 1991 1928 2037 et

342 2081 613 2136 incentor.
659 2078 778 2148 Ipse
812 2077 954 2131 enim
1007 2079 1096 2132 hic
1125 2091 1225 2130 nos
1271 2085 1330 2133 ut
1352 2088 1640 2146 peccemus
1675 2073 1924 2144 instigat:

340 2173 462 2243 ipse
484 2186 607 2226 cum
629 2169 1060 2240 peccaverimus,
1088 2175 1331 2223 accusat.
1366 2167 1424 2221 Si
1451 2182 1580 2238 ergo
1609 2168 1662 2222 in
1686 2169 1787 2223 hac
1814 2167 1928 2221 vita

340 2264 739 2338 praeveniamus
764 2278 885 2319 eum
918 2270 971 2317 et
991 2261 1093 2331 ipsi
1129 2260 1349 2314 sceleris
1373 2260 1544 2314 nostri
1585 2266 1929 2314 accusatores

342 2356 538 2421 simus,
560 2354 829 2424 nequitias
852 2352 1052 2407 diaboli
1080 2351 1283 2406 inimici
1311 2351 1482 2407 nostri
1511 2358 1566 2406 et
1599 2351 1929 2406 accusatoris

342 2444 687 2515 eﬂ‘ugiemus,
717 2443 882 2499 Paulo
900 2450 1063 2505 teste,
1095 2442 1186 2513 qui
1227 2442 1342 2498 ait:
1376 2441 1436 2496 Si
1479 2443 1819 2513 nosmetipsos
1833 2443 1931 2513 ju-

343 2537 667 2602 diurentus,
693 2550 799 2588 non
821 2534 1001 2605 utique
1022 2532 1439 2603 dijudicdremur
1464 2530 1516 2603 (1
1555 2528 1678 2585 Cor.
1714 2531 1799 2604 ιι).

426 2645 621 2711 Videas
640 2652 973 2711 autem,eum
1001 2643 1255 2703 sacerdos
1284 2642 1760 2713 verecumlantem,
1810 2658 1930 2701 rur-

345 2751 437 2791 sus
485 2720 885 2809 prosequatur;
916 2735 1190 2799 Fortasse,
1218 2735 1559 2803 cbarissime,
1611 2750 1717 2791 non
1748 2734 1931 2789 omnia

344 2841 467 2896 qua:
497 2825 715 2897 gessisti
741 2826 809 2883 ad
835 2825 1156 2880 memoriam
1177 2823 1599 2881 modoveniunt.
1630 2823 1743 2894 Ego
1775 2832 1827 2878 te
1850 2822 1931 2876 in—

347 2918 655 2989 terrogabo.
678 2916 756 2972 Tu
780 2932 911 2973 cave
931 2932 999 2973 ne
1019 2916 1231 2974 diabolo
1250 2917 1509 2971 suadente
1531 2916 1734 2987 aliquid
1755 2915 1933 2971 celare

342 3023 660 3082 praesumas.
688 3038 761 3049 —
780 3008 847 3064 Et
877 3017 1006 3069 tunc
1035 3023 1157 3064 eum
1183 3023 1283 3087 per
1334 3007 1581 3075 ordinem
1610 3007 1926 3079 interroget.

412 3121 625 3185 Fecisti
1036 3119 1652 3184 auteasu,'autvoless,
1694 3124 1788 3174 aut
1828 3133 1928 3187 pne
1956 3122 2004 3192 ο

346 3212 589 3271 viatica
614 3222 922 3283 parentum,
967 3220 1061 3267 aut
1085 3211 1311 3281 iubente
1346 3212 1587 3269 Domine.
1604 3220 1719 3279 tuo,
1744 3221 1853 3269 aut
1868 3212 1931 3267 in

343 3306 565 3378 publico
591 3305 752 3362 bello.
808 3305 865 3360 Si
896 3305 1197 3360 voluntarie
1238 3304 1435 3370 fecisti,
1500 3312 1711 3374 septem
1758 3320 1933 3361 ames

347 3400 616 3470 paenitere
659 3399 841 3462 debes,
870 3398 917 3453 si
940 3399 1133 3455 nolens
1151 3406 1249 3453 aut
1274 3412 1424 3463 casu,
1456 3401 1694 3469 quinque
1738 3414 1930 3455 annos.

351 3491 413 3547 Si
436 3505 535 3560 pro
558 3491 793 3546 vindicta
822 3490 1101 3560 parentis,
1125 3506 1292 3546 unum
1319 3506 1544 3555 annum,
1571 3498 1627 3545 et
1658 3490 1935 3560 sequenti-

349 3582 454 3639 bus
491 3582 701 3639 Ms
743 3583 907 3639 amis
942 3591 1054 3638 tces
1100 3584 1547 3655 quadragesimas
1586 3595 1641 3639 et
1664 3584 1935 3655 legitimas

352 3673 541 3729 ferias.
570 3672 630 3729 Si
670 3675 727 3729 in
750 3674 914 3741 bello,
940 3676 1301 3746 quadraginta
1328 3678 1465 3731 dies.
1509 3676 1571 3732 Si
1589 3676 1730 3733 iiber
1768 3692 1851 3743 es,
1878 3685 1935 3732 et

347 3767 573 3838 iubente
598 3766 816 3821 domino
855 3782 1072 3821 servum
1108 3768 1377 3833 occidisti,
1407 3785 1609 3824 annum
1658 3784 1847 3835 unum,
1876 3770 1935 3824 in

354 3857 566 3911 duobus
604 3854 724 3910 aliis
758 3856 916 3910 annis
958 3862 1072 3911 tres
1092 3856 1541 3927 quadragesimas
1566 3868 1622 3913 et
1664 3859 1936 3928 legitimas

352 3944 538 4000 ferias.
571 3944 629 4000 Si
654 3960 845 4001 servus
869 3945 1067 4015 dignus
1088 3953 1173 4001 est
1196 3942 1389 4011 morte,
1435 3948 1935 4018 quadraginta,dies

424 4132 624 4190 Fecisti
682 4134 1067 4197 amathus
1110 4148 1373 4190 manuum
1442 4141 1536 4191 aut
1580 4137 1800 4206 pedum,
1840 4146 1936 4192 aut

352 4226 545 4284 octies
586 4224 1089 4290 hominisvenisti,
1144 4233 1244 4280 aut
1287 4227 1585 4281 vulnerasti
1634 4229 1931 4284 hominem.

356 4317 463 4373 Pro
493 4318 835 4374 Mone
874 4330 1076 4373 annum
1105 4331 1271 4373 unum
1298 4320 1567 4388 paenitere
1607 4319 1801 4387 debes;
1835 4334 1935 4391 pro

356 4410 599 4477 ruinae,
622 4410 985 4481 quadraginta
1003 4409 1120 4464 diu
1143 4411 1429 4479 pmniteas.
1736 4408 1739 4411 ’

424 4503 625 4558 Fecisti
668 4502 969 4574 perjurium
1015 4510 1111 4557 aut
1152 4517 1252 4573 pro
1276 4503 1573 4573 cupiditate
1600 4505 1807 4571 muli,
1837 4515 1932 4560 aut

356 4603 578 4649 coactus
590 4600 646 4649 et
662 4610 765 4664 pro
788 4595 1133 4660 necessitate,
1164 4603 1259 4649 aut
1278 4594 1601 4664 pervicacia,
1631 4604 1724 4651 aut
1739 4612 1933 4667 paren-

356 4692 493 4749 tur,
522 4691 621 4738 aut
658 4686 930 4749 nesciens,
958 4683 1207 4739 autalios
1232 4686 1309 4739 in'
1329 4683 1629 4753 perjurium
1672 4686 1933 4742 induxisti

354 4780 614 4835 scienter.
663 4777 721 4833 Si
757 4779 941 4834 sciens
986 4777 1264 4847 pejerasti,
1296 4786 1351 4833 et
1388 4778 1523 4833 alios
1549 4777 1603 4831 in
1634 4779 1933 4848 perjurium

356 4871 639 4938 induxisti,
668 4880 875 4942 septem
895 4886 1066 4926 annos
1087 4870 1352 4942 paenitere
1376 4870 1561 4926 debes.
1585 4871 1644 4925 Si
1662 4871 1928 4939 nesciens,

355 4978 560 5020 annum
594 4972 650 5019 et
680 4971 795 5021 tres
821 4962 1285 5034 quatit-ageam“.

428 5055 631 5112 Fecisti
674 5054 901 5121 furtum,
927 5063 1025 5110 aut-
1042 5056 1408 5126 sacrilegium,
1450 5064 1540 5111 aut
1587 5056 1935 5125 infracturas,

357 5147 446 5202 vel
481 5147 751 5217 rapinam,
781 5147 977 5203 tollens
1004 5148 1148 5216 quod
1172 5156 1325 5205 tuum
1357 5164 1465 5203 non
1490 5156 1627 5203 erat.
1664 5148 1721 5203 Si
1748 5150 1938 5205 domos

357 5253 459 5309 per
480 5249 709 5297 noctem
742 5238 1011 5311 infregiati
1035 5248 1095 5296 et
1121 5241 1488 5312 quadmpedia
1517 5242 1685 5297 tulisti
1716 5242 1803 5298 vel
1828 5241 1939 5298 for-

359 5332 556 5388 tiam
583 5347 803 5391 comm
824 5333 1094 5391 valentem
1122 5333 1317 5390 solidis
1330 5335 1706 5407 quadraginta,
1736 5349 1939 5390 annum

357 5439 529 5482 unum
552 5424 819 5495 paenitere
867 5425 1032 5482 debes
1075 5434 1129 5481 et
1172 5426 1405 5497 pretium
1455 5427 1697 5484 reddere.
1745 5425 1804 5483 Si
1833 5442 1941 5484 non

358 5517 569 5581 reddis,
618 5532 790 5573 annos
832 5518 967 5573 duos
990 5518 1275 5589 pmuiteas.
1327 5518 1385 5573 Si
1417 5518 1677 5588 maiorem
1717 5517 1938 5593 [majus]

360 5606 541 5664 fecisti
566 5606 790 5675 furtum,
826 5617 935 5665 tres
961 5625 1131 5666 annos
1150 5611 1410 5680 paenitere
1434 5613 1615 5668 debes.
1643 5610 1710 5667 Et
1734 5612 1781 5667 si
1801 5627 1942 5683 saepe

439 5752 463 5780 ι
478 5739 657 5796 Codex
673 5740 922 5812 Rivipull.
935 5743 1215 5810 ,auctorﬂ
1220 5744 1303 5800 ide
1325 5744 1506 5800 Rnric.
1519 5786 1533 5813 ,
1551 5745 1642 5801 lib.
1668 5762 1727 5811 ll,
1750 5759 1833 5816 ep.
1856 5743 1937 5800 12.

2027 1911 2263 1973 partum,
2293 1901 2644 1972 quadraginta
2673 1901 2786 1955 dies
2816 1901 2978 1957 debes
2998 1901 3288 1973 poenitere.

2101 1990 2340 2061 Nupsisti
2412 1991 2467 2044 in
2513 1991 2600 2046 die
2652 1990 2952 2057 Dominico,
3011 2000 3121 2047 tres
3167 1991 3285 2047 dies
3345 1993 3610 2065 pmnitere

2024 2082 2212 2153 ddms

2098 2171 2299 2228 Fecisti
2348 2180 2559 2242 raptum
2605 2171 2671 2227 de
2698 2170 2910 2243 virgine
2938 2170 3022 2225 vel
3067 2166 3253 2240 vidua,
3283 2179 3393 2229 tres
3438 2189 3611 2231 annos

2028 2264 2295 2335 pmnitere
2336 2263 2516 2318 debes.

2096 2350 2298 2407 Fecisti
2348 2344 2779 2419 fornicationem,
2832 2352 2973 2407 sicut
3010 2348 3303 2409 Sodomitm
3341 2352 3609 2422 fecerunt,

2031 2458 2153 2499 cum
2174 2445 2477 2512 pecoribus,
2497 2452 2589 2498 aut
2615 2461 2737 2500 cum
2758 2452 2951 2507 matre,
2971 2445 3052 2499 vel
3083 2459 3287 2514 sumre,
3305 2436 3613 2516 quindecim

2030 2549 2200 2589 annos
2229 2534 2311 2590 vel
2340 2535 2624 2589 duodecim
2650 2535 2913 2604 paenitere
2936 2536 3118 2590 debes.

2022 2612 2025 2615 ’
2100 2623 2492 2692 Coinquinatus
2536 2636 2595 2677 es
2617 2639 2739 2677 cum
2767 2639 2934 2677 uxore
2960 2632 3052 2679 tua
3085 2625 3136 2679 in
3174 2625 3610 2698 quadragesima.

2032 2713 2091 2769 Si
2146 2716 2252 2770 hoc
2296 2714 2499 2779 fecisti,
2530 2730 2728 2768 annum
2756 2732 2923 2771 unum
2970 2717 3238 2786 poenitere
3276 2718 3462 2786 debes,
3519 2729 3614 2776 aut

2029 2803 2223 2873 viginti
2270 2818 2363 2859 scx
2408 2804 2608 2860 solidos
2660 2803 2716 2859 in
2744 2805 3143 2878 elcemosynam
3196 2807 3348 2864 dare.
3407 2809 3463 2865 Si
3520 2825 3617 2880 per

2032 2897 2349 2952 ebrietatem
2395 2898 2593 2962 evenit,
2627 2898 2984 2971 quadraginta
3016 2900 3131 2955 dies
3156 2900 3445 2972 pocuitcas.

2104 2988 2218 3043 Iloc
2246 2990 2407 3043 etiam
2438 2990 2615 3043 caveri
2655 2990 2832 3053 debet,
2872 2997 2931 3044 ut
2977 2991 3165 3060 viginti
3200 2992 3315 3049 dies
3343 3002 3469 3049 ante
3512 2994 3615 3050 Na-

2035 3081 2144 3135 tale
2197 3078 2429 3142 Domini,
2472 3087 2525 3134 et
2572 3081 2945 3136 Pentecostem
2971 3090 3025 3136 et
3051 3084 3195 3138 omni
3223 3085 3308 3139 die
3338 3073 3617 3143 deinica

2033 3181 2088 3228 et
2113 3179 2234 3244 post
2260 3169 2665 3241 conceptionem
2707 3172 3105 3228 manifestatam
3133 3175 3216 3229 vir
3260 3178 3617 3243 contineatse

2033 3266 2103 3321 ab'
2128 3278 2319 3319 more.

2098 3352 2297 3409 Dixisti
2347 3346 2541 3409 falsum
2595 3355 2967 3409 testimonium
3020 3372 3119 3427 pro
3166 3358 3462 3427 cupiditate
3518 3370 3613 3415 aut

2030 3442 2302 3513 nesciens,
2327 3442 2523 3499 annum
2549 3462 2713 3499 unum
2736 3446 3021 3516 pmniteas.

2105 3535 2390 3590 Truncasti
2416 3534 2586 3588 ullum
2611 3539 2934 3601 membrum,
2971 3544 3083 3591 tres
3123 3553 3295 3593 annos
3325 3538 3609 3608 paenitens.

2103 3624 2277 3681 Odisti
2310 3625 2551 3681 fratrcm'
2571 3636 2740 3680 tuum.
2769 3627 3016 3693 Quandiu
3048 3628 3100 3682 in
3130 3628 3245 3699 ipso
3273 3629 3398 3685 odio
3442 3629 3614 3700 fuisti,

2036 3720 2218 3774 tandiu
2247 3710 2513 3788 pmtiiteas
2542 3720 2593 3774 in
2621 3735 2759 3789 pane
2788 3728 2843 3775 et
2862 3736 3020 3790 aqua.

2106 3814 2394 3868 Detraxiin
2451 3814 2619 3868 ullum
2673 3813 2948 3870 hominem
3003 3815 3072 3870 ad
3116 3815 3385 3870 seniorem
3428 3816 3513 3872 vel
3543 3816 3613 3873 ad

2033 3920 2195 3974 pares
2223 3911 2445 3975 promer
2475 3904 2751 3970 invidiam,
2784 3906 3140 3976 quadraginta
3168 3906 3284 3961 dies
3328 3908 3614 3976 pmniteas.

2104 3994 2329 4052 Violasti
2359 3998 2411 4050 in
2450 3996 2592 4051 furto
2620 3997 2946 4068 sepulcrum,
2981 4012 3153 4052 annos
3176 3998 3308 4053 duos
3330 4000 3617 4066 poeniteas.

2105 4088 2341 4160 Contigit
2373 4089 2468 4143 tibi
2510 4089 2619 4143 ulla
2641 4088 2964 4160 negligentia
2991 4088 3056 4143 de
3083 4087 3351 4142 sacriﬁcio
3378 4087 3617 4154 Domini,

2028 4166 2250 4236 centum
2281 4197 2385 4249 qua
2406 4180 2638 4247 lraginta
2661 4181 2774 4234 dies
2798 4179 3083 4249 pmnitcas.

2105 4270 2434 4327 Consuluisti
2462 4284 2669 4339 magos,
2708 4276 2802 4322 aut
2832 4268 3127 4336 aruspices,
3162 4275 3258 4320 aut
3285 4252 3618 4333 incan'tores,

2036 4368 2129 4414 aut
2168 4359 2475 4426 sortilegos,
2507 4355 2592 4412 vel
2620 4365 2743 4411 vota
2772 4372 2892 4425 qua:
2922 4358 2988 4411 ab
3018 4357 3241 4415 arbores
3268 4356 3353 4412 vel
3396 4359 3465 4414 ad
3500 4358 3619 4413 fon-

1965 4478 2010 4539 D
2036 4460 2117 4507 tes
2146 4451 2280 4505 fiunt
2309 4449 2526 4514 vovisti,
2551 4464 2721 4504 annos
2755 4459 2873 4504 tres
2895 4451 3160 4518 pumileas

2108 4539 2299 4597 Tulisti
2331 4536 2534 4609 aliquid
2573 4539 2818 4611 pecuniae
2858 4541 2925 4596 de
2973 4540 3225 4594 ecclesia.
3256 4538 3365 4594 Aut
3404 4540 3461 4594 in
3485 4555 3619 4611 qua-

2036 4630 2284 4701 druplum
2314 4629 2558 4695 restitue,
2587 4636 2680 4682 aut
2702 4636 2814 4684 tres
2839 4644 3008 4683 annos
3040 4630 3328 4699 pmniteas.

2106 4743 2397 4800 Perdidisti
2450 4743 2688 4813 aliquem
2726 4757 2825 4813 per
2844 4743 3103 4814 injustam
3133 4744 3459 4812 delaturum,
3506 4753 3621 4801 tres

2032 4852 2208 4893 annos
2232 4836 2517 4905 pmniteas.

2109 4949 2321 5005 Duxisti
2345 4957 2439 5004 aut
2476 4949 2829 5005 transmisistd
2854 4950 3090 5020 aliquem
3126 4952 3181 5006 in
3226 4952 3613 5024 captivitatem,

2042 5046 2153 5095 tres
2173 5054 2345 5095 annos
2368 5038 2653 5109 pmniteas.

2111 5152 2292 5208 Editio
2331 5150 2814 5207 Helmwstadiensis
2870 5152 2945 5206 ita
3000 5153 3153 5207 habet
3205 5168 3226 5205 :
3278 5151 3487 5205 Duxisti
3525 5158 3618 5204 aut

2043 5241 2390 5298 transmisisti
2420 5242 2585 5296 ullum
2626 5240 2900 5298 hominem
2928 5241 3290 5297 Christianum
3312 5239 3365 5291 in
3394 5239 3620 5308 captivi-

2043 5343 2228 5398 tatem,
2260 5342 2371 5389 tres
2399 5346 2587 5388 annOs.
2616 5332 2958 5387 Burchardus
2986 5332 3041 5384 in
3069 5329 3203 5383 libro
3234 5343 3327 5381 xu
3348 5327 3507 5398 paulo
3534 5328 3619 5398 fu-

2043 5433 2172 5495 sius,
2206 5439 2252 5485 et
2280 5446 2397 5485 cum
2427 5429 2603 5498 aliqua
2629 5428 2949 5483 discrimine.
2988 5422 3219 5489 Duxisti,
3254 5431 3347 5477 aut
3367 5423 3621 5478 transmi-

2047 5522 2187 5589 sisti,
2215 5520 2300 5576 vel
2342 5519 2629 5576 vendidisti
2659 5518 2888 5587 aliquem
2918 5512 3190 5568 hominem
3242 5513 3297 5568 in
3341 5513 3621 5583 captivita-

2048 5622 2178 5681 tem,
2207 5614 2313 5671 nisi
2330 5628 2435 5684 pro
2466 5626 2600 5683 pace
2625 5608 2913 5668 communi.
2949 5604 3006 5662 Si
3038 5603 3239 5680 fecisti,
3270 5605 3436 5663 reduc
3473 5620 3617 5675 cuin,
