3924 6180
337 297 435 353 967

1313 291 1660 349 THEODORI
1699 291 2016 348 AllClIlEP.
2057 291 2607 350 CANTUARIENSIS

3487 298 3594 355 968

336 409 380 461 si
405 403 623 477 poteris.
681 400 773 456 Sin
806 411 1007 466 autem,
1043 403 1175 456 duos
1197 416 1374 456 annos
1413 416 1515 471 per
1537 402 1807 470 legitimas
1833 401 1908 457 fe—
1938 411 1980 464 Α
2012 400 2087 456 De
2117 402 2433 473 temporibus
2473 403 2674 481 quibus_
2696 419 2750 457 se
2792 404 3054 481 continere
3099 405 3284 460 debent
3327 409 3600 481 conjugau'

338 499 450 552 rias
475 496 759 568 paenitens.

407 582 672 641 Cremasti
704 583 920 637 domum
953 591 1046 636 aut
1082 595 1263 636 aream
1312 581 1555 645 alterius,
1608 591 1719 637 tres
1745 596 1914 636 annos

337 679 625 746 pteniteas.

407 767 603 821 Fecisti
631 766 890 821 vomitum
932 781 1030 836 per
1058 766 1403 830 ebrietatem,
1445 765 1754 834 quindecim
1801 765 1915 820 dies

337 857 618 926 paenitens.
683 854 739 909 Si
792 871 890 924 per
941 857 1368 922 contentionem,
1419 858 1794 928 quadraginta.
1857 855 1912 911 Si

339 950 604 1012 nesciens,
632 965 722 1004 sex
756 948 870 1003 dies
889 951 1173 1019 pmniteas.

409 1039 588 1092 Editio
643 1039 1129 1094 Helma'stadiensis
1183 1053 1200 1091 :
1251 1038 1454 1094 Fecisti
1511 1040 1770 1094 vomitum
1820 1055 1917 1110 per

336 1128 676 1196 ebrietatem,
707 1128 775 1184 15
803 1130 919 1184 dies
969 1131 1253 1200 poeniteas.
1287 1128 1344 1184 Si
1370 1145 1466 1200 per
1495 1131 1915 1196 contentionem,

336 1217 425 1273 40.
479 1216 536 1271 Si
567 1219 838 1285 nesciens,
871 1219 901 1271 7
929 1219 1046 1275 dies
1097 1219 1381 1289 pmniteas.
1433 1219 1694 1274 Similiter
1719 1220 1766 1275 si
1795 1235 1919 1275 san-

337 1307 554 1378 guinem
580 1309 902 1364 comederis.

407 1397 749 1453 Manducasti
802 1398 1088 1453 morticina
1143 1404 1237 1452 aut
1287 1396 1583 1452 dilacerata
1629 1412 1661 1454 a
1705 1397 1916 1464 bestiis,

336 1489 698 1561 quadraginta
746 1489 863 1544 dies
891 1491 1175 1560 preniteas.
1209 1489 1472 1546 Similiter
1499 1489 1549 1544 si
1601 1490 1918 1561 sanguinem

336 1581 662 1637 comederis.
1113 1648 1152 1674 ν

404 1674 597 1728 Bibisti
626 1674 691 1728 de
736 1673 944 1743 liquore
975 1673 1027 1728 in
1053 1671 1160 1744 quo
1190 1689 1310 1728 mus
1339 1671 1423 1728 vel
1453 1673 1681 1729 mustela
1706 1682 1917 1729 mortua

336 1765 551 1818 iuventa
594 1762 779 1828 fuerit,
807 1765 1159 1834 quadraginta
1189 1765 1303 1818 dies
1351 1764 1633 1833 poeniteas.

408 1852 795 1923 Contempsisti
849 1853 1108 1908 indictum
1148 1851 1411 1922 jejunium
1461 1853 1516 1907 in
1564 1853 1804 1909 Ecclesia
1833 1854 1916 1909 vel

335 1942 555 1996 decreta
581 1943 877 2008 seniorum,
929 1942 1289 2014 quadraginta
1317 1943 1433 1996 dies
1457 1943 1744 2013 paeniteas.
1781 1943 1838 1999 Si
1865 1945 1918 1999 in

338 2032 752 2102 quadragesima
774 2049 939 2088 unum
967 2050 1187 2089 annum.

405 2125 735 2196 Oppressisti
783 2125 1043 2183 infantem
1101 2135 1276 2194 tuum,
1326 2126 1564 2199 quinque
1604 2143 1774 2184 annos
1830 2136 1923 2184 aut

336 2224 447 2271 tres
471 2217 736 2286 poenitere
766 2215 948 2270 debes.

406 2306 595 2364 Bibisti
625 2308 792 2362 ullum
821 2308 1165 2372 maleﬁcium,
1207 2309 1262 2364 id
1291 2316 1375 2364 est
1400 2308 1617 2374 herbas,
1651 2309 1736 2364 vel
1783 2309 1922 2364 alias

334 2415 550 2464 causas,
581 2409 756 2455 utnon
779 2401 1048 2470 potuisses
1069 2400 1305 2456 infantes
1321 2401 1544 2466 habere,
1577 2409 1670 2455 aut
1692 2400 1798 2455 alio
1823 2402 1921 2455 do-

338 2493 502 2557 nasti,
533 2501 627 2545 aut
654 2493 927 2546 hominem
973 2509 1071 2563 per
1104 2493 1440 2549 mortiferam
1475 2497 1750 2566 potionem
1779 2495 1918 2551 occi-

337 2584 468 2638 dere
505 2583 741 2647 voluisti,
784 2591 877 2636 aut
905 2582 1069 2636 alium
1095 2584 1200 2638 hoc
1228 2582 1412 2639 facere
1439 2583 1689 2651 docuisti,
1722 2591 1816 2638 aut
1857 2585 1924 2639 de

337 2675 543 2730 semine
581 2675 685 2728 viri
713 2675 938 2745 gnstasti
966 2681 1025 2728 ut
1052 2675 1104 2730 in
1139 2690 1376 2732 amorem
1407 2683 1556 2730 tuum
1601 2676 1924 2731 exardesce-

339 2773 438 2829 ret,
471 2775 564 2820 aut
604 2767 841 2821 chrisma
871 2767 1052 2824 bibisti
1097 2777 1192 2824 aut
1241 2770 1308 2825 ad
1363 2771 1781 2826 subvertendum
1826 2771 1922 2828 Dei

334 2857 594 2926 judicium
624 2857 780 2913 alteri
807 2859 1024 2928 dedisti,
1069 2869 1174 2918 etc.
1207 2860 1266 2918 Si
1294 2863 1423 2932 quid
1466 2860 1924 2936 hujusmodiope—

338 2956 490 3002 ratus
513 2963 597 3015 es,
627 2956 832 3020 septem
861 2965 1030 3007 annos
1069 2953 1357 3022 pueniteas.

409 3039 625 3097 Necasti
651 3042 951 3098 voluntarie
978 3052 1168 3114 partus
1195 3053 1338 3112 tuos,
1370 3048 1564 3104 decem
1606 3063 1776 3104 annos
1803 3063 1921 3120 ρω-
1947 3084 1993 3148 C

338 3131 534 3187 niteas.
563 3133 630 3188 Et
681 3134 727 3188 si
757 3132 924 3188 lilium
951 3135 1037 3189 vel
1084 3135 1252 3191 ﬁliam
1293 3138 1559 3204 occidisti,
1612 3139 1917 3195 duodecim.

339 3225 406 3279 Et
432 3225 477 3278 si
504 3234 661 3280 utero
707 3234 832 3282 ante
868 3236 1211 3297 conceptum,
1248 3246 1414 3286 unum
1446 3247 1665 3288 annum.
1699 3231 1756 3286 Si
1803 3239 1928 3303 post

337 3326 675 3389 conceptum,
725 3327 838 3375 tres
869 3335 1058 3376 annos.
1093 3320 1150 3376 Si
1177 3330 1302 3378 tuus
1332 3322 1510 3379 infans
1531 3340 1633 3396 per
1659 3333 1807 3380 tuam
1834 3340 1926 3380 ne-

337 3408 647 3480 gligentiam
677 3411 794 3466 sine
822 3413 1091 3482 baptismo
1116 3422 1366 3470 mortuus
1394 3424 1498 3482 est,
1530 3431 1730 3472 annum
1755 3433 1923 3474 unum

338 3499 625 3567 pumileas,
655 3508 710 3554 et
738 3515 1006 3571 nusquam
1045 3501 1121 3556 sis
1152 3502 1270 3557 sine
1298 3503 1477 3572 aliqua
1513 3505 1850 3576 poenitentia.

410 3587 608 3642 Fecisti
655 3589 856 3658 aliquid
908 3589 992 3644 vel
1041 3590 1223 3645 dixisti
1268 3592 1324 3645 in
1373 3607 1696 3663 quocunque
1761 3610 1926 3666 opere

341 3677 485 3747 quod
513 3678 739 3731 inchoas
759 3694 856 3746 per
877 3679 1187 3750 sortilegam
1210 3681 1293 3735 vel
1315 3683 1581 3752 magicam
1602 3692 1800 3750 artem,
1829 3701 1925 3740 an-

343 3781 475 3821 num
503 3781 668 3818 unum
695 3766 982 3835 pueniteas.

415 3855 606 3908 Misisti
636 3853 801 3908 ﬁlium
826 3864 975 3909 tuum
1001 3872 1165 3926 super
1191 3865 1389 3914 tectum
1429 3871 1522 3915 aut
1549 3878 1710 3933 super
1737 3863 1924 3920 forna-

345 3961 463 4000 cem
504 3960 606 4016 pro
650 3944 829 4014 aliqua
861 3947 1113 4012 sanitate,
1157 3949 1240 4003 vel
1281 3951 1568 4008 incendisti
1619 3971 1787 4025 grana
1832 3957 1926 4012 ubi

349 4043 590 4092 mortuus
620 4038 781 4092 homo
811 4036 1005 4101 fuerat,
1033 4041 1270 4109 quinque
1299 4058 1470 4097 annos
1494 4047 1777 4115 pmniteas.

416 4124 658 4180 Cantasti
684 4127 924 4182 carmina
953 4130 1222 4186 diabolica
1260 4149 1422 4204 super
1442 4144 1707 4202 mortuos,
1736 4138 1925 4208 viginti

345 4213 462 4267 dies
491 4215 775 4282 pceniteas.

415 4301 646 4358 Junxisti
677 4313 729 4359 te
788 4307 1000 4364 mulieri
1055 4317 1296 4382 tempore
1341 4323 1642 4381 menstruo,
1693 4317 1928 4385 quadra-

345 4391 492 4462 ginta
521 4394 636 4448 dies
658 4397 941 4464 pceniteas.

420 4481 656 4552 Nupsisti
688 4501 809 4540 cum
840 4503 1009 4543 uxore
1037 4495 1148 4554 tua,
1177 4501 1462 4562 postquam
1501 4496 1923 4564 peperit,,ante-

348 4590 509 4644 quam
539 4577 893 4648 quadraginta
940 4580 1055 4634 dies
1085 4582 1524 4653 adimplerentur,
1550 4586 1768 4656 triginta
1810 4587 1925 4641 dies

350 4666 632 4733 pteniteas.

427 4750 848 4812 Communicasti
901 4759 967 4814 de
994 4760 1262 4816 sacrificio
1288 4763 1521 4828 Domini,
1551 4772 1604 4818 et
1629 4780 1733 4818 non
1777 4766 1930 4834 prius

357 4840 661 4896 abstinuisti
709 4847 776 4899 ab
821 4852 1007 4904 uxoris
1032 4851 1304 4921 amplexu,
1346 4855 1582 4925 quinque
1611 4865 1704 4909 aut
1724 4865 1928 4925 septem

354 4929 562 4996 diebus,
589 4933 705 4988 dies
735 4936 920 5005 viginti
947 4941 1232 5008 pumileas.

426 5018 693 5090 Operatus
715 5038 775 5078 es
800 5026 1000 5096 aliquid
1027 5031 1082 5084 in
1112 5030 1389 5088 Dominica
1417 5033 1525 5100 die,
1569 5044 1778 5105 septem
1817 5037 1932 5093 dies

356 5111 640 5185 pmniteas.

425 5201 714 5258 Detraxisti
755 5204 839 5258 vel
876 5206 1200 5266 maledixisti
1235 5212 1466 5282 aliquem
1503 5231 1667 5272 causa
1698 5218 1928 5286 invidize,

357 5301 562 5364 septem
587 5294 704 5351 dies
734 5298 1020 5366 pumileas.
1075 5299 1198 5356 Vide
1221 5320 1380 5375 supra
1402 5323 1518 5377 quae
1538 5320 1841 5378 sequuntur.

432 5420 458 5481 ξ
488 5409 714 5481 Burch.,
744 5413 781 5468 l.
810 5432 925 5481 xix,
946 5431 998 5471 c.
1027 5417 1112 5473 76.

431 5478 458 5517 ι)
482 5478 710 5550 _Burch.,
738 5484 774 5539 ι.
804 5503 842 5550 ι,
871 5478 920 5541 c.
945 5488 1034 5542 22.

434 5557 456 5622 ξ
482 5548 703 5622 Burch.,
733 5555 770 5608 l.
794 5548 870 5622 vi,
896 5573 946 5613 c.
973 5559 1064 5614 52.

431 5615 478 5702 t1
497 5619 608 5697 rita
653 5615 937 5702 pauitant.
964 5635 1025 5683 ut
1052 5627 1339 5702 homicidia
1377 5639 1570 5702 sponte
1618 5637 1928 5702 commissa,

360 5695 485 5738 cum
515 5694 626 5756 ipsa
653 5694 860 5751 Veritas
888 5697 1064 5754 dicat:
1099 5700 1231 5756 Mihi
1251 5694 1563 5772 vindictam,
1592 5715 1639 5760 et
1668 5721 1760 5781 ego
1788 5694 1933 5763 retri;

2620 472 2684 525 ab
2728 473 2997 527 uxoribus.

2438 563 2540 636 (Ex
2558 563 2922 618 ‘Pmnitentiali
2943 565 3181 639 eodem.)

2011 657 2025 665 ’
2085 679 2213 733 αλιι.
2260 694 2506 734 cccxxix.
2547 678 2819 734 Uxoratus
2853 680 3133 736 contineat
3158 697 3218 738 se
3241 684 3602 756 quadraginta

2015 770 2130 823 dies
2173 778 2298 824 ante
2338 770 2544 825 Pascha
2588 779 2644 825 et
2684 770 3060 839 Pentecosten,
3107 789 3200 829 seu
3240 784 3366 832 ante
3406 776 3608 834 Natale

2017 860 2249 926 Domini,
2279 869 2332 914 et
2354 876 2568 916 omnem
2595 861 2930 917 Dominicam
2965 873 3200 931 noctem,
3249 875 3305 922 et
3346 878 3602 937 quartam

2016 959 2071 1003 et
2117 959 2326 1003 sextam
2383 948 2613 1015 feriam,
2670 959 2727 1004 et
2776 965 2805 1004 a
2853 954 3205 1022 conceptione
3253 957 3602 1014 manifestata

2017 1054 2187 1108 usque
2212 1047 2333 1108 post
2361 1047 2543 1093 natam
2569 1038 2826 1094 sobolem.
2868 1040 3016 1095 Uxor
3055 1052 3176 1112 post
3213 1054 3393 1100 natam
3435 1047 3602 1103 sobo-

2017 1131 2123 1185 lem
2166 1131 2436 1185 abstineat
2477 1147 2535 1187 se
2578 1134 2646 1186 ab
2688 1133 2948 1198 Ecclesm,
2984 1135 3028 1190 si
3057 1135 3197 1191 ﬁlius
3220 1146 3320 1200 est,
3359 1139 3476 1194 dies
3505 1142 3604 1195 tri—

2016 1221 2197 1290 ginta;
2231 1221 2277 1274 si
2306 1221 2434 1283 ﬁlia,
2461 1221 2581 1276 dies
2607 1224 2986 1295 quadraginta.
3037 1225 3229 1282 Mulier
3253 1243 3314 1282 se
3332 1230 3605 1285 abstineat

2018 1325 2047 1364 a
2083 1310 2200 1364 viro
2238 1319 2350 1365 tres
2399 1326 2613 1366 menses
2654 1321 2780 1367 ante
2825 1323 3061 1382 partum,
3110 1325 3166 1371 et
3214 1326 3338 1386 post
3384 1329 3601 1389 partum

2017 1397 2372 1469 quadraginta
2417 1399 2550 1454 dies.
2603 1399 2705 1468 Qui
2755 1411 2938 1457 autem
2981 1407 3224 1475 nupserit
3262 1407 3350 1462 his
3389 1409 3600 1477 diebus,

2016 1488 2207 1560 viginti
2234 1488 2351 1542 dies
2381 1489 2665 1558 paeniteat.

2612 1578 2692 1633 De
2731 1580 2910 1636 eadem
2950 1599 3033 1639 re.

2091 1665 2221 1723 Cu.
2255 1682 2480 1724 cccxxx.
2514 1681 2539 1709 ι
2567 1668 2669 1736 Qui
2693 1671 2746 1725 in
2781 1675 3194 1746 quadragesima
3228 1685 3353 1733 ante
3392 1678 3601 1736 Pascha

1947 1741 1993 1804 Β
2019 1760 2332 1830 cognoverit
2377 1775 2600 1815 uxorem
2641 1778 2793 1816 suam
2843 1772 2898 1818 et
2942 1765 3179 1822 noluerit
3220 1768 3490 1826 abstinere
3533 1773 3603 1826 ab

2020 1865 2107 1915 ea,
2135 1865 2242 1905 uno
2255 1866 2397 1906 anno
2416 1851 2677 1921 poeniteat
2699 1851 2867 1924 [Edit.
2901 1852 3173 1910 llelmazst.
3201 1873 3373 1913 annos
3400 1859 3464 1913 l5
3485 1876 3604 1929 po:-

2021 1939 2234 2013 niteat],
2273 1949 2367 1995 aut
2401 1941 2636 2012 pretium
2666 1957 2842 2011 suum,
2869 1945 3121 2001 videlicet
3143 1947 3330 2018 viginti
3355 1965 3453 2004 sex
3478 1950 3611 2007 soli-

2021 2031 2118 2086 dos
2139 2031 2205 2085 ad
2234 2031 2516 2088 ecclesiam
2549 2032 2763 2099 tribuat,
2808 2042 2901 2089 aut
2931 2037 3259 2106 pauperibus
3283 2039 3504 2096 dividat.
3545 2040 3608 2094 SI

2020 2137 2120 2191 per
2142 2121 2463 2176 ebrietatem
2503 2132 2559 2178 et
2599 2124 2715 2178 sine
2749 2127 3136 2182 consuetudine
3163 2127 3442 2195 acciderit,
3473 2145 3613 2200 qua-

2022 2212 2273 2282 draginta
2295 2212 2411 2267 dies
2437 2214 2717 2282 pmniteat.

2025 2301 2177 2367 Quod
2217 2312 2339 2356 ante
2381 2305 2796 2358 communionem
2844 2307 3105 2362 abstinere
3136 2307 3280 2363 debet
3307 2327 3338 2362 α
3361 2310 3608 2382 conjuge.

2076 2393 2222 2450 Ωιι).
2267 2412 2515 2452 cccxxxr.
2545 2397 2572 2437 ι)
2598 2394 2786 2454 Omnis
2821 2400 2986 2456 homo
3027 2410 3152 2458 ante
3191 2418 3404 2458 sacram
3452 2420 3606 2464 com-

2022 2487 2332 2542 munionem
2353 2503 2384 2542 a
2415 2489 2633 2560 propria
2658 2505 2828 2548 uxore
2866 2490 3141 2548 abstinere
3171 2493 3329 2550 debet
3353 2495 3409 2561 7,
3431 2505 3525 2550 aut
3546 2495 3605 2558 5.

2022 2583 2115 2629 aut
2137 2576 2171 2630 5
2199 2576 2334 2630 dies.

2020 2679 2091 2720 ει
2130 2681 2234 2721 LIB.
2282 2681 2323 2720 ιι
2374 2681 2654 2723 REGINONIS
2695 2685 2759 2723 DE
2803 2685 3227 2728 ICCLESIASTICIS
3268 2685 3606 2729 ωεειρωιειι.

2313 2755 2414 2822 Qui
2435 2773 2527 2828 per
2549 2757 2750 2826 faidam
2771 2760 3032 2816 hominem
3054 2763 3318 2817 occiderit.

2367 2847 2483 2918 .(Ex
2511 2847 2874 2904 Pmnitemiali
2907 2865 3012 2920 quo
3034 2851 3244 2925 supra.)

2089 2936 2223 2992 Car.
2271 2953 2429 2992 χχιιι.
2461 2949 2484 2978 ο
2515 2939 2616 3006 Qui
2643 2955 2744 3010 pro
2771 2941 3007 2998 vindicta
3048 2943 3233 3001 fratn's
3259 2955 3352 2999 aut
3379 2946 3605 3001 aliorum

2019 3039 2304 3100 parentum
2341 3031 2602 3086 occiderit
2638 3033 2934 3100 hominem,
2986 3049 3190 3089 annum
3228 3050 3397 3090 unum
3434 3038 3608 3107 preru-

2025 3128 2136 3174 teat
2155 3118 2184 3159 ιι
2211 3127 2268 3175 et
2292 3121 2644 3190 sequentibus
2672 3121 2881 3178 duobus
2905 3132 3019 3178 tres
3039 3125 3484 3196 quadragesimae
3503 3127 3606 3180 ob-

2023 3221 2207 3269 servet
2235 3222 2293 3269 et
2316 3213 2585 3285 legitimas
2607 3213 2791 3282 ferias,
2812 3215 2868 3272 id
2886 3223 2991 3282 est,
3016 3216 3328 3282 secundam,
3355 3226 3609 3287 quanam

2023 3311 2079 3360 et
2104 3313 2312 3361 sextam
2342 3303 2560 3360 feriam.

2628 3395 2703 3450 De
2719 3397 2904 3451 eodem
2934 3413 3007 3452 re.

2636 3488 2738 3560 (Ex
2769 3488 3007 3561 eodem.)

2098 3575 2228 3631 Cn.
2259 3592 2409 3631 xxiv.
2449 3575 2552 3643 Qui
2597 3591 2696 3647 per
2737 3577 2873 3633 iram
2904 3588 2967 3635 et
3003 3579 3176 3634 rixam
3205 3589 3261 3635 et
3285 3581 3612 3638 ebrietatem

2024 3667 2205 3724 subito
2261 3670 2537 3725 hominem
2600 3671 2902 3738 occiderit,
2969 3682 3202 3744 quatuor
3261 3689 3432 3731 annos
3493 3691 3613 3746 pm-

2026 3759 2216 3815 niteat.
3212 3783 3216 3786 -

2635 3853 2715 3907 De
2733 3854 2915 3908 eadem
2936 3871 3010 3909 re.

2641 3941 2744 4012 (Ex
2773 3943 3010 4014 eodem.)

2099 4028 2230 4085 Car.
2261 4045 2388 4084 xxv.
2421 4030 2480 4085 Si
2508 4030 2630 4101 quis
2659 4032 2815 4099 liber,
2836 4032 3062 4101 iubente
3088 4035 3308 4092 domino
3336 4052 3453 4103 suo,
3487 4053 3611 4093 ser-

2029 4135 2154 4175 vum
2174 4121 2456 4185 occiderit,
2494 4121 2850 4192 quadraginta
2875 4124 2992 4179 dies
3014 4127 3296 4195 praniteat.
3327 4127 3396 4183 Et
3420 4128 3465 4182 si
3487 4130 3616 4198 quis

2026 4205 2184 4271 liber,
2204 4207 2430 4278 iubente
2454 4209 2671 4264 domino
2693 4226 2808 4274 suo,
2851 4211 3124 4268 hominem
3155 4215 3500 4272 innocentem
3525 4233 3618 4273 oe—

2028 4298 2240 4364 ciderit,
2290 4314 2491 4354 annum
2537 4317 2706 4356 unum
2739 4304 3026 4372 paeniteat,
3067 4307 3205 4361 etin
3233 4307 3442 4364 duobus
3490 4309 3617 4363 aliis

1955 4429 2004 4491 ο
2030 4389 2188 4445 annis
2205 4397 2314 4444 tres
2333 4392 2772 4462 quadragesimas
2791 4395 3044 4454 observet
3067 4406 3122 4452 et
3135 4397 3404 4468 legitimas
3421 4400 3610 4456 ferias.

2241 4480 2304 4536 Si
2326 4481 2516 4553 aliquis
2536 4484 2811 4541 ordinatus
2836 4487 3175 4544 homicidium
3198 4492 3396 4561 fecerit.

2385 4573 2488 4645 (Ex
2515 4574 2880 4633 Ptenitentiali
2911 4594 3019 4648 quo
3045 4583 3250 4651 supra.)

2099 4657 2231 4713 CAP.
2276 4677 2421 4716 xLVI.
2457 4673 2480 4700 ε
2512 4662 2569 4724 Si
2612 4666 2736 4734 quis
2769 4668 3052 4738 episcopus
3085 4679 3181 4725 aut
3226 4671 3425 4742 aliquis
3465 4675 3617 4730 οιιῶ-

2030 4757 2189 4803 natus
2233 4751 2586 4809 homicidium
2629 4756 2840 4824 fecerit,
2887 4761 3072 4815 decem
3116 4778 3288 4818 annos
3326 4766 3614 4834 peniteat,

2032 4849 2143 4896 tres
2161 4858 2228 4898 ex
2249 4843 2336 4899 his
2357 4845 2408 4898 in
2438 4861 2577 4916 pane
2599 4855 2654 4902 et
2677 4863 2838 4918 aqua.

2035 4954 2095 5010 Si
2117 4957 2231 5026 quis
2254 4961 2568 5013 consenserit
2592 4960 2668 5015 vel
2687 4963 2992 5102 egit-sitinter
3013 4966 3172 5035 fuerit
3193 4977 3249 5020 ut
3267 4969 3425 5021 homo
3450 4969 3615 5027 inter-

2747 5044 2936 5088 oratur.

2747 5044 2936 5088 oratur.

2629 5148 2736 5217 (Ex
2771 5149 3010 5221 eodem.)

2104 5233 2234 5291 CAP.
2287 5252 2454 5292 xum.
2495 5238 2516 5278 ί
2550 5238 2608 5294 Si
2632 5241 2753 5308 quis
2799 5242 2866 5296 ad
2909 5242 3258 5298 homicidium
3305 5244 3616 5300 faciendum

2034 5328 2370 5382 consenserit
2397 5337 2453 5383 et
2480 5331 2761 5386 consilium
2802 5332 3032 5399 dederit,
3071 5342 3126 5389 et
3174 5337 3377 5390 factum
3424 5335 3615 5403 fuerit,

2036 5436 2209 5490 burim.
2237 5458 2254 5489 ι
2281 5439 2426 5494 Idem
2448 5441 2612 5496 habet
2632 5441 3007 5501 Poenitentiale
3032 5443 3331 5501 Romanum
3353 5461 3422 5501 ex
3442 5445 3622 5503 Theo-

2035 5507 2352 5580 doro_._\fide
2375 5525 2558 5580 supra.

2111 5588 2135 5650 ξ
2165 5577 2458 5650 ﬂaiitgar.,
2482 5581 2574 5650 lib.
2602 5597 2748 5650 v1,c.
2778 5584 2828 5641 l.

2113 5645 2133 5684 ι
2164 5645 2387 5717 llalitg.,
2422 5649 2550 5704 ibid.
