3924 6180
313 306 412 363 969

310 428 516 491 septem
544 430 717 472 annos
740 415 1019 484 poeniteat.
1048 414 1117 470 Si
1162 431 1289 470 vero
1322 431 1436 469 non
1475 414 1638 469 fuerit
1661 412 1881 478 factum,
1912 414 1960 472 Δ

312 522 426 568 tres
450 523 623 564 annos
634 506 908 577 pamiteat

310 608 371 664 Si
392 606 506 679 quis
540 602 985 673 consanguineum
1017 618 1169 656 suum
1208 601 1455 656 occiderit
1490 609 1581 655 aut
1605 599 1881 654 seniorem.

913 690 1014 762 (Ex
1052 690 1288 762 eodem.)

378 788 510 842 CAP.
542 800 735 841 xm'ui.
779 780 837 838 Si
864 782 987 852 quis
1014 782 1319 852 proximum
1348 788 1403 835 et
1425 780 1883 851 consanguineum

272 894 461 934 suum
506 875 791 940 occiderit,
842 874 1028 929 decem
1074 887 1244 928 annos
1287 872 1566 942 pteniteat.
1623 870 1885 927 Similiter

302 969 349 1025 si
390 967 513 1038 quis
554 965 827 1022 seniorem
866 970 923 1019 et
965 962 1242 1018 dominum
1287 976 1447 1016 suum
1481 960 1603 1016 dolo
1648 961 1884 1016 trucida-

299 1058 461 1112 verit.

370 1167 448 1222 De
471 1168 553 1223 lus
574 1182 662 1235 qui
695 1181 790 1233 pro
822 1163 982 1219 nihilo
1005 1164 1203 1218 ducunt
1228 1162 1568 1218 homicidium
1594 1163 1651 1218 in
1678 1161 1809 1217 bello

903 1244 1277 1304 perpetratum.

618 1325 715 1396 (Ex
752 1323 1119 1380 Pmnitentiali
1157 1339 1265 1393 quo
1293 1321 1500 1394 supra.)

361 1417 499 1472 Cn.
534 1432 608 1471 LI.
667 1415 724 1469 Si
759 1415 881 1484 quis
924 1414 1200 1470 hominem
1238 1412 1463 1468 inbello
1488 1410 1706 1482 publico
1731 1411 1874 1467 omi-

301 1507 459 1571 dcrit,
482 1504 843 1577 quadraginta
864 1504 979 1559 dies
994 1504 1274 1574 paeniteat.

504 1598 588 1653 θε
614 1596 802 1652 clerico
833 1598 924 1669 qui
946 1597 1243 1667 proximum
1268 1613 1423 1650 suum
1449 1595 1659 1651 occidit.

896 1687 999 1756 (Ex
1035 1687 1276 1757 eodem.)

352 1776 498 1833 (In.
530 1793 626 1851 tu.
669 1776 727 1831 Si
772 1752 1002 1831 clericus
1025 1752 1375 1830 homicidium
1396 1773 1664 1829 «feceritet
1689 1770 1873 1842 proxi-
1900 1752 1950 1813 Β

297 1881 448 1921 mum
475 1881 632 1921 suum
660 1866 924 1921 occiderit
950 1864 1063 1920 odii
1078 1863 1459 1930 meditatione,
1490 1865 1643 1921 exsul
1668 1872 1873 1935 septem

295 1957 455 2013 annis
472 1957 754 2027 pmniteat.

888 2045 964 2100 De
986 2046 1281 2117 parricidis.

898 2136 1001 2208 (Ex
1035 2136 1270 2207 eodem.)

370 2226 502 2283 CAP.
532 2242 651 2282 ιιιι.
712 2224 771 2281 Si
796 2226 918 2297 quis
938 2226 1042 2282 hoc
1069 2227 1272 2282 crimen
1297 2226 1708 2297 perpetravcrit,
1755 2227 1874 2297 qui-

296 2320 422 2375 dam
456 2315 836 2385 iudicaverunt
884 2306 949 2371 ut
991 2324 1198 2386 septem
1250 2316 1408 2371 anuis
1447 2317 1729 2386 pamiteat,
1784 2316 1872 2372 vel

196 2469 201 2473 ,
295 2408 706 2480 quatuordecim
746 2408 1121 2478 pmnitentiam
1162 2406 1398 2480 egisset;
1439 2408 1656 2477 quidam
1700 2422 1873 2477 usque

295 2502 365 2556 ad
400 2501 568 2557 linem
610 2501 766 2565 vitae,
812 2500 955 2556 sicut
1000 2499 1133 2555 Cain
1160 2540 1174 2565 ,
1214 2500 1307 2570 qui
1355 2500 1555 2555 similia
1597 2509 1873 2571 perpetra-

297 2590 456 2646 verit.

294 2702 375 2759 De
406 2702 613 2772 fmina
644 2717 804 2771 cujus
839 2699 982 2824 ﬁliam
1014 2699 1510 2823 per‘negligentiam
1552 2700 1735 2755 abierit
1766 2716 1869 2754 non

948 2788 1014 2824 an
1038 2787 1121 2824 αα
1146 2787 1229 2824 us.

948 2787 1229 2842 apuzams.

520 2864 623 2937 (Ex
642 2862 1004 2919 Pamitentiali
1030 2877 1137 2932 quo
1161 2877 1344 2934 supra,
1376 2877 1495 2933 cap.
1529 2862 1640 2935 l7.)

361 2952 491 3011 CAP.
526 2970 659 3009 Lxu.
716 2953 941 3008 Pariens
971 2952 1194 3018 femina,
1222 2951 1376 3021 cujus
1402 2951 1547 3007 ﬁlius
1575 2967 1673 3023 per
1697 2951 1868 3021 negli-

290 3046 527 3117 gentiam
555 3061 662 3100 non
688 3044 994 3114 baptizatus
1023 3043 1242 3108 obierit,
1282 3057 1482 3097 annum
1508 3058 1670 3096 unum
1697 3043 1871 3111 pani-

292 3143 424 3201 teat,
461 3142 519 3190 et
546 3149 819 3203 nunquam
851 3134 923 3188 sit
956 3133 1073 3189 sine
1114 3132 1294 3202 aliqua
1318 3131 1657 3200 pumitentia.
1686 3128 1745 3185 Si
1777 3145 1870 3185 al-

293 3228 403 3281 tem
442 3242 540 3295 per
574 3224 955 3297 negligentiam
999 3223 1316 3288 sacerdotis,
1357 3222 1574 3293 require
1615 3223 1670 3275 in
1696 3222 1873 3293 primo

292 3316 471 3371 libello
496 3331 615 3386 cap.
648 3315 769 3370 129.

514 3402 577 3459 Si
600 3420 704 3475 qua
724 3401 912 3457 mulier
935 3411 1144 3473 partum
1162 3417 1316 3475 suum
1340 3410 1646 3456 excusserit.

714 3492 813 3564 (Ex
839 3493 1202 3548 Paenitentiali
1226 3491 1462 3564 eodem.)

367 3586 496 3642 Car.
529 3602 674 3641 uvl.
717 3584 776 3639 Si
805 3601 908 3655 qua
940 3585 1135 3639 mulier
1162 3592 1375 3654 partum
1406 3598 1561 3638 suum
1591 3590 1716 3639 ante
1739 3597 1873 3653 qua-

292 3680 544 3751 draginta
590 3680 706 3734 dies
747 3678 801 3733 in
848 3685 1003 3732 utero
1049 3685 1237 3746 sponte
1286 3674 1620 3745 perdiderit,
1670 3689 1871 3728 annum

293 3787 462 3826 unum
499 3771 776 3840 pmniteat.
809 3768 866 3824 Si
894 3782 1024 3823 vero
1066 3776 1189 3838 post
1226 3765 1578 3837 quadraginta
1607 3764 1722 3819 dies
1749 3779 1871 3819 eum

294 3864 573 3927 occiderit,
618 3872 729 3919 tres
774 3877 943 3917 annos
980 3862 1259 3931 paeniteat.
1310 3858 1369 3913 Si
1414 3873 1543 3913 vero
1587 3865 1871 3926 postquam

294 3957 568 4011 animatus
616 3952 801 4017 fuerit,
847 3967 969 4007 eum
1018 3948 1349 4019 perdiderit,
1398 3946 1553 4017 quasi
1601 3945 1871 4000 homicida

294 4047 576 4117 pceniteat.
607 4043 713 4098 Sed
748 4044 913 4097 distat
952 4040 1177 4095 multum
1216 4046 1395 4091 utrum
1422 4034 1744 4107 paupercula
1772 4048 1872 4103 pro

293 4133 609 4191 difﬁcultate
639 4130 929 4193 nutriendi,
960 4137 1054 4184 aut
1074 4126 1365 4183 fernicaria
1386 4140 1549 4181 causa
1571 4125 1663 4190 sit,
1694 4132 1747 4178 et
1773 4138 1872 4193 pro

294 4229 381 4284 sui
416 4226 637 4284 sceleris
658 4224 866 4280 celandi
896 4221 1055 4276 faciat
1081 4233 1265 4274 causa.

391 4318 469 4373 De
496 4317 690 4388 femina
720 4330 836 4386 qua:
861 4313 1028 4368 virum
1049 4326 1143 4381 per
1166 4309 1482 4378 maleﬁcium
1505 4306 1770 4376 interficit.

581 4406 680 4478 (Ex
704 4405 889 4460 eodem
910 4400 1295 4465 Pwnitentiali,
1324 4414 1444 4468 cap.
1481 4396 1585 4470 I5.)

368 4500 496 4556 ΟΜ».
527 4513 730 4553 Lxxxu.
771 4496 980 4560 Mulier,
1017 4494 1062 4548 si
1102 4493 1309 4561 aliquos
1334 4491 1594 4545 interimit
1622 4497 1738 4544 arte
1764 4501 1872 4542 ma-

291 4592 472 4654 lefica,
509 4589 562 4644 id
587 4597 671 4643 est
716 4602 814 4657 per
851 4584 1101 4656 poculum
1144 4591 1236 4636 aut
1276 4597 1373 4651 per
1413 4581 1646 4651 aliquam
1677 4588 1868 4641 artem,

290 4690 501 4749 septem
525 4679 680 4733 annis
706 4679 980 4748 poeniteat.
1006 4674 1063 4730 Si
1084 4673 1410 4746 paupercula
1437 4671 1619 4738 fuerit,
1643 4679 1875 4741 quatuor

290 4770 456 4826 annis
480 4770 755 4839 pceniteat.

296 4881 441 4949 Quid
472 4882 517 4937 si
552 4897 686 4936 unus
717 4880 1005 5019 absolutusr
1023 4887 1071 4931 et
1100 4876 1245 4959 alter
1278 4876 1550 4946 copulatus
1591 4873 1872 4929 adulterati

1003 4958 1190 5001 uermt.
1332 4956 1341 4964 '

1003 4956 1190 5001 'uerint.
1332 4956 1341 4964 '

637 5039 734 5112 (Ex
760 5038 1128 5095 Ptnnitentiali
1156 5038 1297 5093 unde
1321 5038 1527 5108 supra.)

369 5130 499 5186 Car.
524 5147 740 5187 cxxxw.
766 5132 822 5185 Si
853 5118 997 5199 quis,
1019 5144 1216 5183 vacans
1243 5143 1426 5192 uxore,
1456 5125 1642 5196 polluit
1669 5140 1726 5179 se
1751 5139 1872 5179 cum

292 5225 522 5282 alterius
548 5241 738 5292 uxore,
782 5226 939 5279 annis
983 5223 1191 5279 duobus
1212 5224 1493 5292 pmniteat.
1525 5220 1784 5275 Similiter
1810 5220 1876 5274 de

292 5313 516 5371 feminis
541 5314 953 5370 observandum.

366 5503 392 5532 ι
425 5489 647 5557 Burch.,
666 5490 704 5545 1.
730 5507 806 5553 Ix,
830 5506 880 5546 c.
904 5490 991 5547 68.

367 5562 405 5633 δν
436 5561 579 5633 idem
621 5571 704 5633 est
745 5562 889 5633 quod
933 5577 1094 5633 supra
1143 5561 1305 5617 habet
1347 5562 1624 5633 inquisitio
1665 5562 1755 5627 65.
1791 5562 1878 5620 his

290 5632 518 5685 verbis:
565 5649 583 5682 ι
607 5632 984 5687 Ρωηίιεηιὶειιθ
1031 5632 1330 5688 Romanum
1389 5632 1467 5689 vel
1513 5650 1543 5689 a
1594 5635 1878 5693 Theodoro

291 5702 572 5772 episcopo,
600 5709 693 5756 aut
725 5717 757 5757 a
780 5717 902 5757 ven.
934 5705 1251 5776 presbytero
1276 5703 1417 5761 Beda
1445 5705 1667 5762 editum.
1691 5725 1710 5761 ι

664 5813 940 5875 Panos.
986 5816 1210 5878 XCIX.

1011 299 1562 357 PfENITENTlALE.
1602 328 1670 338 —
1703 297 2042 354 CAPIT-DLA
2081 296 2435 356 COLLECTA
2473 299 2563 355 EX
2602 299 2858 357 FRAGM.

1899 3093 1947 3159 C

3448 305 3553 361 9ἷο

2183 411 2243 468 Si
2271 423 2521 467 uxoratus
2552 411 2799 467 ancillam
2825 412 3089 482 propriam
3113 413 3356 467 tenuerit.

2056 503 2183 560 Car.
2233 520 2427 559 cxxxv.
2465 503 2521 557 Si
2553 513 2812 558 uxoratus
2861 502 3111 558 ancillam
3158 504 3433 574 prepriam
3480 512 3557 561 te-

1985 593 2181 656 nuerit,
2219 607 2419 647 annum
2447 607 2611 645 unum
2649 592 2930 661 poeniteat,
2953 591 3036 646 vel
3071 592 3124 646 in
3150 593 3255 647 alio
3280 607 3424 649 anno
3447 601 3559 650 tres

1984 682 2427 753 quadragesimas
2457 690 2512 736 et
2537 682 2804 752 legitimas
2828 682 3010 747 ferias,
3050 690 3107 737 et
3145 683 3320 738 tribus
3355 684 3557 739 mensi-

1982 772 2084 828 bus
2111 773 2261 843 prius
2286 789 2344 828 se
2379 789 2408 827 a
2438 788 2534 828 sua
2577 773 2852 827 contineat
2890 772 3136 843 conjuge.
3159 771 3375 827 Ancilla
3404 788 3555 839 vero,

1982 865 2029 921 si
2059 866 2169 921 vim
2202 881 2361 935 passa
2398 873 2500 929 est,
2546 865 2903 935 quadraginta
2950 865 3099 931 dies;
3133 865 3179 919 si
3218 868 3557 922 consentiens

1981 954 2164 1020 fuerit,
2192 963 2302 1011 tres
2325 955 2379 1009 in
2404 970 2546 1009 anno
2570 951 3010 1026 quadragesimus
3033 963 3087 1010 et
3109 954 3373 1025 legitimas
3388 955 3557 1010 ferias
3618 976 3621 977 ν

1979 1045 2256 1116 paeniteat.

2119 1134 2181 1191 Si
2202 1135 2371 1190 laicus
2392 1151 2511 1189 cum
2533 1135 2671 1189 laica
2695 1135 2888 1205 femina
2910 1136 3205 1205 fornicatus
3230 1136 3408 1206 fuerit.

2590 1224 2689 1296 (Ex
2714 1225 2949 1297 eodem.)

2050 1313 2182 1370 CAP.
2231 1330 2448 1370 cum.
2476 1326 2502 1355 ι
2528 1313 2585 1369 Si
2613 1314 2782 1369 laicus
2812 1329 2935 1368 cum
2960 1314 3095 1369 laica
3125 1315 3425 1382 lemina,'id
3444 1325 3551 1383 est,

1974 1416 2204 1477 uterque
2244 1407 2520 1464 absolutus
2548 1423 2578 1461 a
2612 1407 2728 1479 lege
2758 1405 3013 1477 coniugii,
3045 1415 3158 1462 tres
3180 1423 3350 1463 annos
3375 1409 3552 1478 poeni-

1976 1507 2120 1564 teat;
2155 1508 2210 1553 et
2250 1507 2452 1568 quanto
2482 1498 2675 1568 smpius
2718 1506 2773 1552 et
2822 1497 3180 1568 negligentius
3223 1513 3288 1552 ea
3331 1506 3552 1568 peccata

1974 1592 2385 1657 commiserunt,
2417 1598 2565 1646 tanto
2597 1591 2770 1661 magis
2796 1599 2849 1644 et
2873 1598 3082 1662 tempus
3110 1590 3339 1645 addatur
3358 1598 3413 1645 et
3436 1605 3553 1646 mo-

1976 1679 2078 1737 dus
2096 1682 2444 1751 pmnitentiaz.
2774 1673 2778 1678 ’

2168 1769 2245 1824 De
2274 1770 2619 1840 fornicatione
2638 1771 2962 1826 diversarum
2976 1787 3351 1842 (personarum.

1974 1860 2074 1934 (Ex
2120 1861 2480 1917 Poenitentiali
2530 1862 2773 1917 Romano
2794 1863 2843 1928 δ,
2891 1862 3161 1918 Theodori
3199 1861 3458 1933 episcopi,
3492 1870 3551 1917 et

2494 1952 2652 2007 Beda:
2675 1953 3022 2024 presbyteri.)

2042 2040 2172 2097 CAP.
2217 2056 2426 2097 CCXLVI.
2462 2041 2789 2097 Adolescens
2810 2043 2856 2098 si
2879 2058 3002 2098 cum
3038 2043 3247 2115 virgine
3280 2059 3548 2114 peccave—

1973 2131 2064 2197 rit,
2110 2146 2312 2186 annum
2356 2132 2634 2202 pmuiteat.
2672 2131 2729 2187 Si
2760 2133 2925 2188 semel
2951 2142 3007 2189 et
3034 2132 3259 2189 fortuito
3283 2150 3433 2202 casu,
3473 2136 3552 2190 le-

1971 2220 2185 2291 vigetur
2222 2222 2271 2277 ei
2309 2223 2654 2293 posuitentia,
2695 2231 2751 2278 et
2780 2231 2988 2279 tantum
3029 2239 3201 2295 usque
3239 2226 3307 2281 ad
3345 2241 3545 2282 annum

1970 2310 2184 2381 plenum
2202 2313 2490 2381 paeniteat.
2527 2311 2585 2367 Si
2618 2312 2758 2368 infra
2787 2315 3009 2385 triginta
3037 2330 3207 2370 annos
3235 2315 3544 2372 adolescens

1971 2399 2382 2457 fornicationem
2425 2400 2608 2468 faciat,
2644 2410 2754 2458 tres
2790 2404 3228 2474 quadragesimus
3268 2413 3323 2459 et
3362 2403 3548 2475 legiti—

1972 2510 2089 2550 mas
2118 2494 2303 2553 ferias.
2350 2496 2409 2552 Si
2446 2506 2669 2568 propter
2705 2497 2808 2552 hoc
2851 2505 3130 2568 peccatum
3178 2497 3398 2553 servitio
3439 2498 3545 2552 hu-

1971 2607 2131 2649 mano
2162 2590 2361 2648 addicti
2388 2599 2533 2655 sunt,
2574 2590 2932 2661 quadraginta
2977 2590 3093 2646 dies
3133 2590 3447 2661 pteniteant.
3486 2588 3541 2644 Si

1970 2690 2230 2739 uxoratus
2266 2696 2387 2737 cum
2428 2681 2638 2752 virgine
2676 2679 3184 2747 foruicatusduerit,
3216 2681 3350 2736 duos
3382 2695 3552 2736 annos

1969 2778 2248 2849 pwniteat,
2294 2775 2371 2847 ita
2416 2775 2652 2845 primum
2695 2775 2959 2839 omnium,
2990 2781 3050 2828 ut
3082 2788 3113 2828 a
3144 2789 3242 2828 sua
3284 2787 3342 2827 se
3377 2773 3546 2829 conti-

1970 2876 2117 2924 neat.
2151 2865 2208 2922 Si
2237 2866 2287 2922 ei
2309 2865 2667 2931 consenserit,
2716 2864 2873 2920 uxori
2914 2864 3078 2920 etiam
3104 2864 3332 2919 addatur
3361 2863 3554 2918 modus

1969 2960 2322 3034 poenitentiae.
2348 2958 2405 3012 Si
2427 2958 2599 3013 laicus
2618 2972 2739 3012 cum
2755 2957 2890 3012 laica
2915 2955 3216 3013 fornicatus
3241 2955 3421 3020 fuerit,
3442 2962 3553 3010 tres

1974 3068 2144 3109 annos
2169 3051 2462 3121 pmniteat;
2494 3058 2551 3105 et
2576 3058 2779 3119 quanto
2804 3049 3017 3118 smpius,
3047 3056 3195 3103 tanto
3220 3049 3393 3118 magis
3423 3055 3555 3102 tem-

1973 3158 2076 3213 pus
2123 3142 2368 3197 addatur.
2420 3140 2616 3195 Laicus
2663 3139 2939 3194 maculans
2967 3155 3026 3194 se
3052 3154 3174 3194 cum
3211 3138 3402 3193 ancilla
3432 3136 3550 3205 Dei,

1973 3234 2109 3288 duos
2153 3246 2323 3285 annos
2357 3230 2636 3300 pmniteat.
2683 3229 2740 3283 Si
2770 3230 3018 3299 genuerit
3043 3245 3109 3283 ex
3138 3245 3200 3284 ea
3233 3229 3425 3296 filium,
3455 3244 3555 3286 an-

1971 3338 2071 3377 nos
2100 3330 2213 3377 tres
2247 3320 2525 3391 poeniteat.
2574 3319 2632 3373 Si
2678 3319 2793 3373 sine
2834 3319 3090 3389 coniugio
3129 3329 3231 3386 est,
3274 3329 3385 3376 tres
3413 3335 3555 3391 qua-

1972 3412 2305 3483 dragesimus
2349 3419 2405 3465 et
2454 3409 2721 3481 legitimas
2760 3408 2943 3464 ferias.
2978 3408 3034 3463 Si
3061 3410 3305 3464 canonici
3337 3419 3462 3464 sunt
3499 3416 3554 3466 et

1972 3502 2328 3566 foruicantur,
2372 3516 2571 3555 annum
2615 3517 2811 3567 unum;
2850 3500 2893 3556 si
2925 3500 3237 3571 frequenter
3259 3500 3410 3554 duos.
3449 3499 3551 3567 Qui

1972 3594 2024 3648 in
2057 3594 2226 3664 gradu
2256 3600 2359 3658 est,
2399 3606 2570 3646 annos
2614 3599 2722 3646 tres
2758 3592 3043 3662 pceuiteat.
3098 3590 3389 3645 Monachus
3432 3592 3551 3645 sine

1970 3684 2160 3755 gradu,
2185 3683 2269 3738 vel
2295 3684 2585 3739 canonicus
2611 3683 2835 3755 gradum
2868 3684 3090 3745 habens,
3132 3683 3177 3738 si
3208 3698 3329 3738 cum
3368 3682 3546 3753 puel’a

1971 3777 2107 3832 laica
2153 3775 2403 3831 fornicati
2445 3783 2591 3841 sunt,
2643 3792 2812 3831 annos
2838 3783 2949 3830 tres
2972 3776 3289 3845 pteniteant.
3333 3775 3390 3830 Si
3426 3790 3550 3832 cum

1971 3866 2409 3931 sanctimoniali,
2463 3882 2634 3921 annos
2677 3847 2883 3937 septem
2928 3867 3245 3937 poeniteant.
3304 3867 3551 3924 Monachi

1971 3973 2095 4013 cum
2134 3958 2303 4027 gradu
2349 3955 2761 4011 fornicationem
2806 3955 3084 4021 facientes,
3126 3966 3328 4026 septem
3379 3971 3552 4013 annos

1970 4047 2284 4120 pteniteant.
2327 4047 2386 4102 Si
2423 4047 2718 4102 monachus
2746 4047 2938 4101 laicam
2971 4047 3205 4111 duxerit,
3239 4055 3347 4100 tres
3376 4061 3551 4101 annos

1970 4138 2250 4207 poeniteat,
2301 4137 2392 4191 illa
2438 4138 2572 4192 duos
2597 4144 2651 4190 et
2680 4135 2948 4205 legitimas
2976 4134 3158 4191 ferias.
3186 4134 3242 4189 Si
3270 4151 3440 4204 usque
3476 4136 3546 4190 ad

1971 4228 2379 4298 generationem
2405 4227 2520 4291 lilii,
2553 4234 2785 4295 quatuor
2804 4241 2975 4279 annos
3006 4225 3282 4295 pmniteat.
3322 4225 3380 4281 Si
3413 4228 3553 4292 occis

1971 4318 2133 4382 derit,
2161 4326 2366 4387 septem
2408 4331 2578 4371 annos
2606 4317 2884 4385 paeniteat.
2920 4315 2978 4369 Si
3008 4316 3291 4385 episcopus
3320 4315 3553 4372 fornica-

1903 4418 2061 4506 Dtus
2106 4407 2286 4472 fuerit,
2330 4415 2453 4462 octo
2498 4422 2669 4461 annos
2706 4406 2982 4475 pmniteat.
3029 4404 3134 4459 Alii
3169 4403 3551 4473 judicaverunt

1975 4498 2258 4553 duodecim
2302 4512 2565 4551 annorum
2611 4496 3004 4567 paenitentiam.
3045 4494 3173 4551 Post
3193 4511 3394 4552 annum
3440 4506 3549 4552 ter—

1972 4588 2104 4641 tium
2153 4587 2322 4642 levius
2361 4587 2641 4657 poeniteat.
2687 4588 2973 4657 Presbyter
3016 4602 3138 4641 cum
3177 4587 3352 4656 puella
3382 4587 3552 4643 forni-

1972 4693 2121 4742 cans,
2147 4693 2318 4731 annos
2346 4684 2578 4746 quatuor
2606 4685 2661 4733 et
2691 4684 2800 4733 tres
2827 4677 3267 4748 quadragesimus
3296 4679 3350 4732 in
3381 4695 3546 4746 anno,

1972 4777 2029 4823 et
2073 4767 2238 4823 ferias
2283 4776 2530 4837 quartam
2573 4777 2627 4821 et
2668 4776 2876 4823 sextam
2907 4769 2960 4822 in
2992 4785 3129 4840 pane
3158 4776 3214 4825 et
3249 4785 3409 4840 aqua.
3435 4782 3456 4810 ο
3489 4769 3549 4826 Si

1973 4877 2095 4917 cum
2121 4861 2315 4915 ancilla
2343 4861 2434 4914 Dei
2473 4859 2767 4916 fornicatus
2795 4859 2974 4926 fuerit,
3005 4870 3209 4932 septem
3236 4876 3406 4919 annos
3433 4877 3550 4934 pm-

1974 4954 2162 5007 niteat.
2207 4953 2520 5022 Episcopus,
2554 4955 2861 5023 presbyter,
2894 4961 2947 5007 et
2975 4956 3252 5021 diaconus,
3282 4955 3412 5019 siin
3441 4954 3550 5012 for-

1973 5045 2260 5112 nicatione,
2291 5042 2545 5117 periurio,
2573 5052 2677 5098 etc.
2700 5042 2749 5097 ά.

2521 5137 2656 5192 Item
2680 5138 2743 5192 de
2765 5138 2994 5194 incestis.

2044 5227 2172 5285 Car.
2205 5244 2436 5283 ccxcvu.
2478 5226 2537 5281 Si
2573 5227 2885 5283 adolescens
2915 5240 3155 5281 sororem
3198 5239 3349 5278 suam
3379 5222 3547 5281 duxe-

1976 5318 2067 5385 rit,
2119 5317 2355 5388 quinque
2398 5329 2568 5370 annos
2615 5316 2894 5385 pteniteat.
2943 5312 3000 5367 Si
3044 5320 3292 5375 matrem,
3339 5321 3547 5382 septem

2050 5505 2072 5535 ε
2113 5494 2336 5562 Bureh.,
2367 5495 2405 5550 ι.
2434 5510 2567 5561 xvu,
2590 5510 2641 5551 c.
2666 5494 2754 5550 59.

2045 5563 2175 5640 {Ut
2204 5555 2366 5638 supra
2386 5566 2440 5623 in
2462 5555 2635 5640 prima
2661 5562 2973 5621 collectione
2991 5555 3348 5633 capitulorum
3371 5555 3548 5615 Theo-

1976 5633 2114 5693 dori.

2999 5814 3071 5880 81
