  <div class='ocr_page' id='page_1' title='image "/cluster/home/n/w/nwhite01/storage/ocr_20150623/99/hvd.32044023429921/491.png"; bbox 0 0 3924 6180; ppageno 0'>
   <div class='ocr_carea' id='block_1_1' title="bbox 487 307 586 367">
    <p class='ocr_par' dir='ltr' id='par_1_1' title="bbox 487 307 586 367">
     <span class='ocr_line' id='line_1_1' title="bbox 487 307 586 367; baseline -0.04 0"><span class='ocrx_word' id='word_1_1' title='bbox 487 307 586 367; x_wconf 66' lang='lat' dir='ltr'><strong>Si!</strong></span> 
     </span>
    </p>
   </div>
   <div class='ocr_carea' id='block_1_2' title="bbox 1495 281 3637 365">
    <p class='ocr_par' dir='ltr' id='par_1_2' title="bbox 1495 281 3637 365">
     <span class='ocr_line' id='line_1_2' title="bbox 1495 281 3637 365; baseline 0.001 -15"><span class='ocrx_word' id='word_1_2' title='bbox 1495 294 1841 354; x_wconf 76' lang='lat' dir='ltr'><strong>THEODORI</strong></span> <span class='ocrx_word' id='word_1_3' title='bbox 1880 293 2197 350; x_wconf 77' lang='lat' dir='ltr'><strong>ARCBIEP.</strong></span> <span class='ocrx_word' id='word_1_4' title='bbox 2239 292 2787 349; x_wconf 68' lang='lat' dir='ltr'><strong>CANTUARIELVSlS</strong></span> <span class='ocrx_word' id='word_1_5' title='bbox 2890 281 2898 289; x_wconf 65' lang='grc'><strong>’</strong></span> <span class='ocrx_word' id='word_1_6' title='bbox 3559 308 3637 365; x_wconf 70' lang='lat' dir='ltr'><strong>97g</strong></span> 
     </span>
    </p>
   </div>
   <div class='ocr_carea' id='block_1_3' title="bbox 484 404 3640 495">
    <p class='ocr_par' dir='ltr' id='par_1_3' title="bbox 484 404 3640 495">
     <span class='ocr_line' id='line_1_3' title="bbox 484 404 3640 495; baseline -0.004 -14"><span class='ocrx_word' id='word_1_7' title='bbox 484 438 676 480; x_wconf 87' lang='lat' dir='ltr'><strong>annos.</strong></span> <span class='ocrx_word' id='word_1_8' title='bbox 705 420 772 476; x_wconf 82' lang='lat' dir='ltr'><strong>Et</strong></span> <span class='ocrx_word' id='word_1_9' title='bbox 798 411 1277 495; x_wconf 60' lang='lat' dir='ltr'><strong>quandiu&#39;v‘ixerit,</strong></span> <span class='ocrx_word' id='word_1_10' title='bbox 1316 425 1593 480; x_wconf 89' lang='lat' dir='ltr'><strong>nunquam</strong></span> <span class='ocrx_word' id='word_1_11' title='bbox 1624 410 1694 464; x_wconf 89' lang='lat' dir='ltr'><strong>sit</strong></span> <span class='ocrx_word' id='word_1_12' title='bbox 1723 411 1840 466; x_wconf 88' lang='lat' dir='ltr'><strong>sine</strong></span> <span class='ocrx_word' id='word_1_13' title='bbox 1884 408 2057 464; x_wconf 90' lang='lat' dir='ltr'><strong>conti-</strong></span> <span class='ocrx_word' id='word_1_14' title='bbox 2086 415 2132 474; x_wconf 81' lang='grc' dir='ltr'><strong>Α</strong></span> <span class='ocrx_word' id='word_1_15' title='bbox 2160 416 2271 463; x_wconf 89' lang='lat' dir='ltr'><strong>tres</strong></span> <span class='ocrx_word' id='word_1_16' title='bbox 2300 421 2512 462; x_wconf 89' lang='lat' dir='ltr'><strong>menses</strong></span> <span class='ocrx_word' id='word_1_17' title='bbox 2532 406 2810 476; x_wconf 66' lang='lat' dir='ltr'><strong>prs-niteat.</strong></span> <span class='ocrx_word' id='word_1_18' title='bbox 2858 404 2960 472; x_wconf 86' lang='lat' dir='ltr'><strong>Qui</strong></span> <span class='ocrx_word' id='word_1_19' title='bbox 3002 419 3095 476; x_wconf 85' lang='lat' dir='ltr'><strong>per</strong></span> <span class='ocrx_word' id='word_1_20' title='bbox 3133 405 3475 480; x_wconf 83' lang='lat' dir='ltr'><strong>turpiloquium</strong></span> <span class='ocrx_word' id='word_1_21' title='bbox 3492 418 3640 486; x_wconf 80' lang='lat' dir='ltr'><strong>pollui.</strong></span> 
     </span>
    </p>
   </div>
   <div class='ocr_carea' id='block_1_4' title="bbox 484 502 1074 582">
    <p class='ocr_par' dir='ltr' id='par_1_4' title="bbox 484 502 1074 582">
     <span class='ocr_line' id='line_1_4' title="bbox 484 502 1074 582; baseline -0.02 -13"><span class='ocrx_word' id='word_1_22' title='bbox 484 511 667 569; x_wconf 76' lang='lat' dir='ltr'><strong>nuntia</strong></span> <span class='ocrx_word' id='word_1_23' title='bbox 695 502 1074 582; x_wconf 66' lang='lat' dir='ltr'><strong>[paenitentia].</strong></span> 
     </span>
    </p>
   </div>
   <div class='ocr_carea' id='block_1_5' title="bbox 1132 592 1407 649">
    <p class='ocr_par' dir='ltr' id='par_1_5' title="bbox 1132 592 1407 649">
     <span class='ocr_line' id='line_1_5' title="bbox 1132 592 1407 649; baseline -0.015 0"><span class='ocrx_word' id='word_1_24' title='bbox 1132 593 1271 649; x_wconf 77' lang='lat' dir='ltr'><strong>Item</strong></span> <span class='ocrx_word' id='word_1_25' title='bbox 1297 592 1407 647; x_wconf 75' lang='lat' dir='ltr'><strong>alii.</strong></span> 
     </span>
    </p>
   </div>
   <div class='ocr_carea' id='block_1_6' title="bbox 557 682 2064 764">
    <p class='ocr_par' dir='ltr' id='par_1_6' title="bbox 557 682 2064 764">
     <span class='ocr_line' id='line_1_6' title="bbox 557 682 2064 764; baseline -0.011 -13"><span class='ocrx_word' id='word_1_26' title='bbox 557 696 658 764; x_wconf 90' lang='lat' dir='ltr'><strong>Qui</strong></span> <span class='ocrx_word' id='word_1_27' title='bbox 689 709 810 750; x_wconf 90' lang='lat' dir='ltr'><strong>cum</strong></span> <span class='ocrx_word' id='word_1_28' title='bbox 841 698 1013 749; x_wconf 84' lang='lat' dir='ltr'><strong>matre</strong></span> <span class='ocrx_word' id='word_1_29' title='bbox 1036 689 1332 744; x_wconf 72' lang='lat' dir='ltr'><strong>fornicatus</strong></span> <span class='ocrx_word' id='word_1_30' title='bbox 1354 684 1535 747; x_wconf 89' lang='lat' dir='ltr'><strong>fuerit,</strong></span> <span class='ocrx_word' id='word_1_31' title='bbox 1566 682 1870 752; x_wconf 85' lang='lat' dir='ltr'><strong>quindecim</strong></span> <span class='ocrx_word' id='word_1_32' title='bbox 1895 696 2064 736; x_wconf 85' lang='lat' dir='ltr'><strong>annos</strong></span> 
     </span>
    </p>
   </div>
   <div class='ocr_carea' id='block_1_7' title="bbox 487 774 2061 859">
    <p class='ocr_par' dir='ltr' id='par_1_7' title="bbox 487 774 2061 859">
     <span class='ocr_line' id='line_1_7' title="bbox 487 774 2061 859; baseline -0.01 -15"><span class='ocrx_word' id='word_1_33' title='bbox 487 789 765 859; x_wconf 77' lang='lat' dir='ltr'><strong>poeniteat.</strong></span> <span class='ocrx_word' id='word_1_34' title='bbox 803 784 904 852; x_wconf 88' lang='lat' dir='ltr'><strong>Qui</strong></span> <span class='ocrx_word' id='word_1_35' title='bbox 931 799 1054 838; x_wconf 90' lang='lat' dir='ltr'><strong>cum</strong></span> <span class='ocrx_word' id='word_1_36' title='bbox 1095 781 1201 835; x_wconf 83' lang='lat' dir='ltr'><strong>filia</strong></span> <span class='ocrx_word' id='word_1_37' title='bbox 1231 779 1315 834; x_wconf 92' lang='lat' dir='ltr'><strong>vel</strong></span> <span class='ocrx_word' id='word_1_38' title='bbox 1343 793 1529 834; x_wconf 82' lang='lat' dir='ltr'><strong>sorore</strong></span> <span class='ocrx_word' id='word_1_39' title='bbox 1557 775 1855 831; x_wconf 85' lang='lat' dir='ltr'><strong>fornicatus</strong></span> <span class='ocrx_word' id='word_1_40' title='bbox 1881 774 2061 838; x_wconf 87' lang='lat' dir='ltr'><strong>fuerit,</strong></span> 
     </span>
    </p>
   </div>
   <div class='ocr_carea' id='block_1_8' title="bbox 488 865 2066 938">
    <p class='ocr_par' dir='ltr' id='par_1_8' title="bbox 488 865 2066 938">
     <span class='ocr_line' id='line_1_8' title="bbox 488 865 2066 938; baseline -0.01 -6"><span class='ocrx_word' id='word_1_41' title='bbox 488 880 556 934; x_wconf 91' lang='lat' dir='ltr'><strong>ab</strong></span> <span class='ocrx_word' id='word_1_42' title='bbox 579 875 727 932; x_wconf 89' lang='lat' dir='ltr'><strong>omni</strong></span> <span class='ocrx_word' id='word_1_43' title='bbox 766 888 930 938; x_wconf 83' lang='lat' dir='ltr'><strong>carne</strong></span> <span class='ocrx_word' id='word_1_44' title='bbox 952 888 1009 927; x_wconf 92' lang='lat' dir='ltr'><strong>se</strong></span> <span class='ocrx_word' id='word_1_45' title='bbox 1031 872 1322 933; x_wconf 86' lang='lat' dir='ltr'><strong>abstineat,</strong></span> <span class='ocrx_word' id='word_1_46' title='bbox 1352 877 1405 923; x_wconf 90' lang='lat' dir='ltr'><strong>et</strong></span> <span class='ocrx_word' id='word_1_47' title='bbox 1430 865 1733 937; x_wconf 82' lang='lat' dir='ltr'><strong>quindecim</strong></span> <span class='ocrx_word' id='word_1_48' title='bbox 1761 879 1931 919; x_wconf 90' lang='lat' dir='ltr'><strong>annos</strong></span> <span class='ocrx_word' id='word_1_49' title='bbox 1957 878 2066 933; x_wconf 74' lang='lat' dir='ltr'><strong>pm-</strong></span> 
     </span>
    </p>
   </div>
   <div class='ocr_carea' id='block_1_9' title="bbox 487 953 2065 1028">
    <p class='ocr_par' dir='ltr' id='par_1_9' title="bbox 487 953 2065 1028">
     <span class='ocr_line' id='line_1_9' title="bbox 487 953 2065 1028; baseline -0.011 -2"><span class='ocrx_word' id='word_1_50' title='bbox 487 972 679 1028; x_wconf 86' lang='lat' dir='ltr'><strong>niteat.</strong></span> <span class='ocrx_word' id='word_1_51' title='bbox 718 968 778 1023; x_wconf 87' lang='lat' dir='ltr'><strong>Si</strong></span> <span class='ocrx_word' id='word_1_52' title='bbox 805 973 980 1021; x_wconf 87' lang='lat' dir='ltr'><strong>mater</strong></span> <span class='ocrx_word' id='word_1_53' title='bbox 1000 979 1121 1018; x_wconf 84' lang='lat' dir='ltr'><strong>cum</strong></span> <span class='ocrx_word' id='word_1_54' title='bbox 1151 961 1261 1016; x_wconf 81' lang='lat' dir='ltr'><strong>lilio</strong></span> <span class='ocrx_word' id='word_1_55' title='bbox 1284 975 1381 1015; x_wconf 91' lang='lat' dir='ltr'><strong>suo</strong></span> <span class='ocrx_word' id='word_1_56' title='bbox 1408 957 1631 1028; x_wconf 88' lang='lat' dir='ltr'><strong>parvulo</strong></span> <span class='ocrx_word' id='word_1_57' title='bbox 1661 955 1923 1011; x_wconf 82' lang='lat' dir='ltr'><strong>fornicata</strong></span> <span class='ocrx_word' id='word_1_58' title='bbox 1949 953 2065 1009; x_wconf 87' lang='lat' dir='ltr'><strong>fue—</strong></span> 
     </span>
    </p>
   </div>
   <div class='ocr_carea' id='block_1_10' title="bbox 488 1047 2064 1129">
    <p class='ocr_par' dir='ltr' id='par_1_10' title="bbox 488 1047 2064 1129">
     <span class='ocr_line' id='line_1_10' title="bbox 488 1047 2064 1129; baseline -0.011 -12"><span class='ocrx_word' id='word_1_59' title='bbox 488 1064 582 1129; x_wconf 87' lang='lat' dir='ltr'><strong>rit,</strong></span> <span class='ocrx_word' id='word_1_60' title='bbox 626 1069 739 1117; x_wconf 88' lang='lat' dir='ltr'><strong>tres</strong></span> <span class='ocrx_word' id='word_1_61' title='bbox 778 1072 950 1114; x_wconf 86' lang='lat' dir='ltr'><strong>annos</strong></span> <span class='ocrx_word' id='word_1_62' title='bbox 988 1054 1254 1110; x_wconf 89' lang='lat' dir='ltr'><strong>abstineat</strong></span> <span class='ocrx_word' id='word_1_63' title='bbox 1284 1067 1341 1106; x_wconf 88' lang='lat' dir='ltr'><strong>se</strong></span> <span class='ocrx_word' id='word_1_64' title='bbox 1370 1065 1400 1103; x_wconf 95' lang='lat' dir='ltr'><strong>a</strong></span> <span class='ocrx_word' id='word_1_65' title='bbox 1424 1063 1607 1115; x_wconf 91' lang='lat' dir='ltr'><strong>carne,</strong></span> <span class='ocrx_word' id='word_1_66' title='bbox 1639 1055 1693 1102; x_wconf 92' lang='lat' dir='ltr'><strong>et</strong></span> <span class='ocrx_word' id='word_1_67' title='bbox 1727 1047 1869 1103; x_wconf 92' lang='lat' dir='ltr'><strong>diem</strong></span> <span class='ocrx_word' id='word_1_68' title='bbox 1897 1062 2064 1101; x_wconf 89' lang='lat' dir='ltr'><strong>unum</strong></span> 
     </span>
    </p>
   </div>
   <div class='ocr_carea' id='block_1_11' title="bbox 486 1135 2066 1218">
    <p class='ocr_par' dir='ltr' id='par_1_11' title="bbox 486 1135 2066 1218">
     <span class='ocr_line' id='line_1_11' title="bbox 486 1135 2066 1218; baseline -0.009 -12"><span class='ocrx_word' id='word_1_69' title='bbox 486 1154 540 1206; x_wconf 86' lang='lat' dir='ltr'><strong>in</strong></span> <span class='ocrx_word' id='word_1_70' title='bbox 596 1161 917 1218; x_wconf 87' lang='lat' dir='ltr'><strong>unaquaque</strong></span> <span class='ocrx_word' id='word_1_71' title='bbox 976 1141 1312 1200; x_wconf 83' lang='lat' dir='ltr'><strong>hebdomada</strong></span> <span class='ocrx_word' id='word_1_72' title='bbox 1372 1137 1577 1208; x_wconf 87' lang='lat' dir='ltr'><strong>jejunet</strong></span> <span class='ocrx_word' id='word_1_73' title='bbox 1631 1151 1805 1206; x_wconf 90' lang='lat' dir='ltr'><strong>usque</strong></span> <span class='ocrx_word' id='word_1_74' title='bbox 1856 1135 1923 1190; x_wconf 91' lang='lat' dir='ltr'><strong>ad</strong></span> <span class='ocrx_word' id='word_1_75' title='bbox 1974 1150 2066 1191; x_wconf 88' lang='lat' dir='ltr'><strong>ve-</strong></span> 
     </span>
    </p>
   </div>
   <div class='ocr_carea' id='block_1_12' title="bbox 487 1255 720 1310">
    <p class='ocr_par' dir='ltr' id='par_1_12' title="bbox 487 1255 720 1310">
     <span class='ocr_line' id='line_1_12' title="bbox 487 1255 720 1310; baseline -0.017 -16"><span class='ocrx_word' id='word_1_76' title='bbox 487 1255 720 1310; x_wconf 76' lang='lat' dir='ltr'><strong>sperant.</strong></span> 
     </span>
    </p>
   </div>
   <div class='ocr_carea' id='block_1_13' title="bbox 1202 1325 1356 1379">
    <p class='ocr_par' dir='ltr' id='par_1_13' title="bbox 1202 1325 1356 1379">
     <span class='ocr_line' id='line_1_13' title="bbox 1202 1325 1356 1379; baseline -0.006 0"><span class='ocrx_word' id='word_1_77' title='bbox 1202 1325 1356 1379; x_wconf 82' lang='lat' dir='ltr'><strong>Item.</strong></span> 
     </span>
    </p>
   </div>
   <div class='ocr_carea' id='block_1_14' title="bbox 555 1414 2064 1488">
    <p class='ocr_par' dir='ltr' id='par_1_14' title="bbox 555 1414 2064 1488">
     <span class='ocr_line' id='line_1_14' title="bbox 555 1414 2064 1488; baseline -0.009 -12"><span class='ocrx_word' id='word_1_78' title='bbox 555 1421 656 1488; x_wconf 89' lang='lat' dir='ltr'><strong>Qui</strong></span> <span class='ocrx_word' id='word_1_79' title='bbox 684 1421 845 1476; x_wconf 83' lang='lat' dir='ltr'><strong>habet</strong></span> <span class='ocrx_word' id='word_1_80' title='bbox 873 1426 1102 1472; x_wconf 90' lang='lat' dir='ltr'><strong>matrem</strong></span> <span class='ocrx_word' id='word_1_81' title='bbox 1124 1424 1179 1471; x_wconf 90' lang='lat' dir='ltr'><strong>et</strong></span> <span class='ocrx_word' id='word_1_82' title='bbox 1209 1415 1393 1481; x_wconf 79' lang='lat' dir='ltr'><strong>tiliam,</strong></span> <span class='ocrx_word' id='word_1_83' title='bbox 1424 1414 1556 1469; x_wconf 89' lang='lat' dir='ltr'><strong>duas</strong></span> <span class='ocrx_word' id='word_1_84' title='bbox 1584 1425 1816 1476; x_wconf 87' lang='lat' dir='ltr'><strong>sorores,</strong></span> <span class='ocrx_word' id='word_1_85' title='bbox 1842 1422 2064 1465; x_wconf 78' lang='lat' dir='ltr'><strong>uxorem</strong></span> 
     </span>
    </p>
   </div>
   <div class='ocr_carea' id='block_1_15' title="bbox 485 1502 2066 1582">
    <p class='ocr_par' dir='ltr' id='par_1_15' title="bbox 485 1502 2066 1582">
     <span class='ocr_line' id='line_1_15' title="bbox 485 1502 2066 1582; baseline -0.01 -15"><span class='ocrx_word' id='word_1_86' title='bbox 485 1512 657 1582; x_wconf 84' lang='lat' dir='ltr'><strong>patris</strong></span> <span class='ocrx_word' id='word_1_87' title='bbox 681 1518 737 1565; x_wconf 90' lang='lat' dir='ltr'><strong>et</strong></span> <span class='ocrx_word' id='word_1_88' title='bbox 763 1508 966 1571; x_wconf 81' lang='lat' dir='ltr'><strong>fratris,</strong></span> <span class='ocrx_word' id='word_1_89' title='bbox 996 1505 1255 1578; x_wconf 89' lang='lat' dir='ltr'><strong>patruelis</strong></span> <span class='ocrx_word' id='word_1_90' title='bbox 1278 1514 1371 1560; x_wconf 90' lang='lat' dir='ltr'><strong>aut</strong></span> <span class='ocrx_word' id='word_1_91' title='bbox 1392 1502 1665 1567; x_wconf 78' lang='lat' dir='ltr'><strong>avunculi,</strong></span> <span class='ocrx_word' id='word_1_92' title='bbox 1708 1508 1926 1571; x_wconf 87' lang='lat' dir='ltr'><strong>neptem</strong></span> <span class='ocrx_word' id='word_1_93' title='bbox 1971 1505 2066 1553; x_wconf 89' lang='lat' dir='ltr'><strong>aut</strong></span> 
     </span>
    </p>
   </div>
   <div class='ocr_carea' id='block_1_16' title="bbox 485 1589 2066 1668">
    <p class='ocr_par' dir='ltr' id='par_1_16' title="bbox 485 1589 2066 1668">
     <span class='ocr_line' id='line_1_16' title="bbox 485 1589 2066 1668; baseline -0.006 -10"><span class='ocrx_word' id='word_1_94' title='bbox 485 1601 884 1662; x_wconf 89' lang='lat' dir='ltr'><strong>consobrinam,</strong></span> <span class='ocrx_word' id='word_1_95' title='bbox 923 1606 1017 1652; x_wconf 92' lang='lat' dir='ltr'><strong>aut</strong></span> <span class='ocrx_word' id='word_1_96' title='bbox 1045 1598 1137 1668; x_wconf 90' lang='lat' dir='ltr'><strong>qui</strong></span> <span class='ocrx_word' id='word_1_97' title='bbox 1178 1598 1231 1652; x_wconf 91' lang='lat' dir='ltr'><strong>in</strong></span> <span class='ocrx_word' id='word_1_98' title='bbox 1274 1598 1471 1666; x_wconf 88' lang='lat' dir='ltr'><strong>prima,</strong></span> <span class='ocrx_word' id='word_1_99' title='bbox 1506 1594 1762 1659; x_wconf 88' lang='lat' dir='ltr'><strong>secunda,</strong></span> <span class='ocrx_word' id='word_1_100' title='bbox 1789 1592 1872 1647; x_wconf 93' lang='lat' dir='ltr'><strong>vel</strong></span> <span class='ocrx_word' id='word_1_101' title='bbox 1905 1589 2066 1648; x_wconf 89' lang='lat' dir='ltr'><strong>tertia</strong></span> 
     </span>
    </p>
   </div>
   <div class='ocr_carea' id='block_1_17' title="bbox 487 1683 2063 1763">
    <p class='ocr_par' dir='ltr' id='par_1_17' title="bbox 487 1683 2063 1763">
     <span class='ocr_line' id='line_1_17' title="bbox 487 1683 2063 1763; baseline -0.006 -17"><span class='ocrx_word' id='word_1_102' title='bbox 487 1691 832 1763; x_wconf 73' lang='lat' dir='ltr'><strong>generatione</strong></span> <span class='ocrx_word' id='word_1_103' title='bbox 864 1686 1038 1756; x_wconf 86' lang='lat' dir='ltr'><strong>juncti</strong></span> <span class='ocrx_word' id='word_1_104' title='bbox 1081 1694 1226 1752; x_wconf 87' lang='lat' dir='ltr'><strong>sunt,</strong></span> <span class='ocrx_word' id='word_1_105' title='bbox 1277 1686 1397 1743; x_wconf 89' lang='lat' dir='ltr'><strong>istis</strong></span> <span class='ocrx_word' id='word_1_106' title='bbox 1438 1685 1686 1740; x_wconf 92' lang='lat' dir='ltr'><strong>volumus</strong></span> <span class='ocrx_word' id='word_1_107' title='bbox 1732 1683 1972 1739; x_wconf 87' lang='lat' dir='ltr'><strong>indicare</strong></span> <span class='ocrx_word' id='word_1_108' title='bbox 2002 1690 2063 1737; x_wconf 92' lang='lat' dir='ltr'><strong>ut</strong></span> 
     </span>
    </p>
   </div>
   <div class='ocr_carea' id='block_1_18' title="bbox 2168 495 3642 568">
    <p class='ocr_par' dir='ltr' id='par_1_18' title="bbox 2168 495 3642 568">
     <span class='ocr_line' id='line_1_18' title="bbox 2168 495 3642 568; baseline 0.012 -19"><span class='ocrx_word' id='word_1_109' title='bbox 2168 505 2272 563; x_wconf 89' lang='lat' dir='ltr'><strong>tur,</strong></span> <span class='ocrx_word' id='word_1_110' title='bbox 2312 504 2517 566; x_wconf 85' lang='lat' dir='ltr'><strong>septem</strong></span> <span class='ocrx_word' id='word_1_111' title='bbox 2559 496 2674 551; x_wconf 89' lang='lat' dir='ltr'><strong>dies</strong></span> <span class='ocrx_word' id='word_1_112' title='bbox 2699 495 2978 567; x_wconf 85' lang='lat' dir='ltr'><strong>poeniteat.</strong></span> <span class='ocrx_word' id='word_1_113' title='bbox 3061 495 3330 568; x_wconf 82' lang='lat' dir='ltr'><strong>Presbyter</strong></span> <span class='ocrx_word' id='word_1_114' title='bbox 3368 502 3408 555; x_wconf 93' lang='lat' dir='ltr'><strong>si</strong></span> <span class='ocrx_word' id='word_1_115' title='bbox 3430 506 3642 566; x_wconf 85' lang='lat' dir='ltr'><strong>osculatus</strong></span> 
     </span>
    </p>
   </div>
   <div class='ocr_carea' id='block_1_19' title="bbox 2167 586 3642 668">
    <p class='ocr_par' dir='ltr' id='par_1_19' title="bbox 2167 586 3642 668">
     <span class='ocr_line' id='line_1_19' title="bbox 2167 586 3642 668; baseline 0.01 -26"><span class='ocrx_word' id='word_1_116' title='bbox 2167 587 2329 643; x_wconf 90' lang='lat' dir='ltr'><strong>fuerit</strong></span> <span class='ocrx_word' id='word_1_117' title='bbox 2360 586 2612 642; x_wconf 90' lang='lat' dir='ltr'><strong>feminam</strong></span> <span class='ocrx_word' id='word_1_118' title='bbox 2637 602 2736 657; x_wconf 84' lang='lat' dir='ltr'><strong>per</strong></span> <span class='ocrx_word' id='word_1_119' title='bbox 2762 586 3092 641; x_wconf 89' lang='lat' dir='ltr'><strong>immundum</strong></span> <span class='ocrx_word' id='word_1_120' title='bbox 3132 588 3427 647; x_wconf 86' lang='lat' dir='ltr'><strong>desiderium</strong></span> <span class='ocrx_word' id='word_1_121' title='bbox 3451 635 3465 660; x_wconf 96' lang='lat'><strong>,</strong></span> <span class='ocrx_word' id='word_1_122' title='bbox 3496 598 3642 668; x_wconf 76' lang='lat' dir='ltr'><strong>viginti</strong></span> 
     </span>
    </p>
   </div>
   <div class='ocr_carea' id='block_1_20' title="bbox 2166 676 3644 759">
    <p class='ocr_par' dir='ltr' id='par_1_20' title="bbox 2166 676 3644 759">
     <span class='ocr_line' id='line_1_20' title="bbox 2166 676 3644 759; baseline 0.005 -25"><span class='ocrx_word' id='word_1_123' title='bbox 2166 680 2282 734; x_wconf 89' lang='lat' dir='ltr'><strong>dies</strong></span> <span class='ocrx_word' id='word_1_124' title='bbox 2318 676 2625 753; x_wconf 25' lang='lat' dir='ltr'><strong>pmniteat.‘</strong></span> <span class='ocrx_word' id='word_1_125' title='bbox 2667 677 2725 732; x_wconf 89' lang='lat' dir='ltr'><strong>Si</strong></span> <span class='ocrx_word' id='word_1_126' title='bbox 2773 678 3080 748; x_wconf 88' lang='lat' dir='ltr'><strong>inquinatus</strong></span> <span class='ocrx_word' id='word_1_127' title='bbox 3143 679 3312 747; x_wconf 89' lang='lat' dir='ltr'><strong>fuerit,</strong></span> <span class='ocrx_word' id='word_1_128' title='bbox 3360 687 3644 759; x_wconf 72' lang='lat' dir='ltr'><strong>quadraginu</strong></span> 
     </span>
    </p>
   </div>
   <div class='ocr_carea' id='block_1_21' title="bbox 2166 768 3643 849">
    <p class='ocr_par' dir='ltr' id='par_1_21' title="bbox 2166 768 3643 849">
     <span class='ocr_line' id='line_1_21' title="bbox 2166 768 3643 849; baseline 0.007 -23"><span class='ocrx_word' id='word_1_129' title='bbox 2166 773 2280 827; x_wconf 89' lang='lat' dir='ltr'><strong>dies</strong></span> <span class='ocrx_word' id='word_1_130' title='bbox 2303 770 2583 841; x_wconf 80' lang='lat' dir='ltr'><strong>paeniteat.</strong></span> <span class='ocrx_word' id='word_1_131' title='bbox 2612 768 2714 837; x_wconf 85' lang='lat' dir='ltr'><strong>Qui</strong></span> <span class='ocrx_word' id='word_1_132' title='bbox 2738 771 2793 824; x_wconf 91' lang='lat' dir='ltr'><strong>in</strong></span> <span class='ocrx_word' id='word_1_133' title='bbox 2818 771 3047 826; x_wconf 90' lang='lat' dir='ltr'><strong>ecclesia</strong></span> <span class='ocrx_word' id='word_1_134' title='bbox 3071 786 3165 842; x_wconf 90' lang='lat' dir='ltr'><strong>per</strong></span> <span class='ocrx_word' id='word_1_135' title='bbox 3184 789 3409 830; x_wconf 88' lang='lat' dir='ltr'><strong>somnum</strong></span> <span class='ocrx_word' id='word_1_136' title='bbox 3424 778 3643 849; x_wconf 85' lang='lat' dir='ltr'><strong>polluitur,</strong></span> 
     </span>
    </p>
   </div>
   <div class='ocr_carea' id='block_1_22' title="bbox 2165 859 3646 939">
    <p class='ocr_par' dir='ltr' id='par_1_22' title="bbox 2165 859 3646 939">
     <span class='ocr_line' id='line_1_22' title="bbox 2165 859 3646 939; baseline 0.007 -26"><span class='ocrx_word' id='word_1_137' title='bbox 2165 868 2277 916; x_wconf 90' lang='lat' dir='ltr'><strong>tres</strong></span> <span class='ocrx_word' id='word_1_138' title='bbox 2319 861 2433 916; x_wconf 91' lang='lat' dir='ltr'><strong>dies</strong></span> <span class='ocrx_word' id='word_1_139' title='bbox 2473 861 2750 931; x_wconf 68' lang='lat' dir='ltr'><strong>paeniteat.</strong></span> <span class='ocrx_word' id='word_1_140' title='bbox 2812 859 2915 927; x_wconf 92' lang='lat' dir='ltr'><strong>Qui</strong></span> <span class='ocrx_word' id='word_1_141' title='bbox 2967 860 3021 914; x_wconf 90' lang='lat' dir='ltr'><strong>in</strong></span> <span class='ocrx_word' id='word_1_142' title='bbox 3061 862 3255 918; x_wconf 89' lang='lat' dir='ltr'><strong>somnis</strong></span> <span class='ocrx_word' id='word_1_143' title='bbox 3291 864 3525 923; x_wconf 71' lang='lat' dir='ltr'><strong>voluntate</strong></span> <span class='ocrx_word' id='word_1_144' title='bbox 3559 869 3646 939; x_wconf 83' lang='lat' dir='ltr'><strong>pol-</strong></span> 
     </span>
    </p>
   </div>
   <div class='ocr_carea' id='block_1_23' title="bbox 2166 951 3646 1028">
    <p class='ocr_par' dir='ltr' id='par_1_23' title="bbox 2166 951 3646 1028">
     <span class='ocr_line' id='line_1_23' title="bbox 2166 951 3646 1028; baseline 0.005 -22"><span class='ocrx_word' id='word_1_145' title='bbox 2166 951 2309 1007; x_wconf 88' lang='lat' dir='ltr'><strong>lutus</strong></span> <span class='ocrx_word' id='word_1_146' title='bbox 2328 960 2427 1018; x_wconf 89' lang='lat' dir='ltr'><strong>est,</strong></span> <span class='ocrx_word' id='word_1_147' title='bbox 2465 961 2669 1022; x_wconf 82' lang='lat' dir='ltr'><strong>surgat,</strong></span> <span class='ocrx_word' id='word_1_148' title='bbox 2697 959 2750 1008; x_wconf 91' lang='lat' dir='ltr'><strong>et</strong></span> <span class='ocrx_word' id='word_1_149' title='bbox 2787 960 2967 1007; x_wconf 87' lang='lat' dir='ltr'><strong>cantet</strong></span> <span class='ocrx_word' id='word_1_150' title='bbox 2994 961 3192 1024; x_wconf 86' lang='lat' dir='ltr'><strong>septem</strong></span> <span class='ocrx_word' id='word_1_151' title='bbox 3214 954 3423 1023; x_wconf 84' lang='lat' dir='ltr'><strong>psalmos</strong></span> <span class='ocrx_word' id='word_1_152' title='bbox 3439 960 3646 1028; x_wconf 63' lang='lat' dir='ltr'><strong>paeniten-</strong></span> 
     </span>
    </p>
   </div>
   <div class='ocr_carea' id='block_1_24' title="bbox 2167 1040 3645 1112">
    <p class='ocr_par' dir='ltr' id='par_1_24' title="bbox 2167 1040 3645 1112">
     <span class='ocr_line' id='line_1_24' title="bbox 2167 1040 3645 1112; baseline 0.008 -17"><span class='ocrx_word' id='word_1_153' title='bbox 2167 1040 2340 1107; x_wconf 87' lang='lat' dir='ltr'><strong>tiales,</strong></span> <span class='ocrx_word' id='word_1_154' title='bbox 2364 1048 2420 1096; x_wconf 91' lang='lat' dir='ltr'><strong>et</strong></span> <span class='ocrx_word' id='word_1_155' title='bbox 2446 1041 2560 1096; x_wconf 90' lang='lat' dir='ltr'><strong>dies</strong></span> <span class='ocrx_word' id='word_1_156' title='bbox 2592 1041 2831 1112; x_wconf 77' lang='lat' dir='ltr'><strong>triginta.</strong></span> <span class='ocrx_word' id='word_1_157' title='bbox 2889 1040 2993 1108; x_wconf 88' lang='lat' dir='ltr'><strong>Qui</strong></span> <span class='ocrx_word' id='word_1_158' title='bbox 3016 1057 3235 1111; x_wconf 79' lang='lat' dir='ltr'><strong>peccare</strong></span> <span class='ocrx_word' id='word_1_159' title='bbox 3260 1044 3464 1101; x_wconf 89' lang='lat' dir='ltr'><strong>voluerit</strong></span> <span class='ocrx_word' id='word_1_160' title='bbox 3480 1048 3524 1103; x_wconf 91' lang='lat' dir='ltr'><strong>in</strong></span> <span class='ocrx_word' id='word_1_161' title='bbox 3543 1064 3645 1106; x_wconf 84' lang='lat' dir='ltr'><strong>som-</strong></span> 
     </span>
    </p>
   </div>
   <div class='ocr_carea' id='block_1_25' title="bbox 2166 1132 3643 1210">
    <p class='ocr_par' dir='ltr' id='par_1_25' title="bbox 2166 1132 3643 1210">
     <span class='ocr_line' id='line_1_25' title="bbox 2166 1132 3643 1210; baseline 0.009 -24"><span class='ocrx_word' id='word_1_162' title='bbox 2166 1134 2270 1198; x_wconf 90' lang='lat' dir='ltr'><strong>nis,</strong></span> <span class='ocrx_word' id='word_1_163' title='bbox 2302 1142 2358 1188; x_wconf 91' lang='lat' dir='ltr'><strong>et</strong></span> <span class='ocrx_word' id='word_1_164' title='bbox 2384 1148 2490 1188; x_wconf 90' lang='lat' dir='ltr'><strong>non</strong></span> <span class='ocrx_word' id='word_1_165' title='bbox 2513 1132 2676 1189; x_wconf 89' lang='lat' dir='ltr'><strong>fuerit</strong></span> <span class='ocrx_word' id='word_1_166' title='bbox 2710 1133 2963 1204; x_wconf 91' lang='lat' dir='ltr'><strong>pollutus,</strong></span> <span class='ocrx_word' id='word_1_167' title='bbox 3008 1134 3221 1204; x_wconf 79' lang='lat' dir='ltr'><strong>triginta</strong></span> <span class='ocrx_word' id='word_1_168' title='bbox 3244 1144 3449 1206; x_wconf 87' lang='lat' dir='ltr'><strong>quatuor</strong></span> <span class='ocrx_word' id='word_1_169' title='bbox 3466 1140 3643 1210; x_wconf 82' lang='lat' dir='ltr'><strong>psalmos</strong></span> 
     </span>
    </p>
   </div>
   <div class='ocr_carea' id='block_1_26' title="bbox 2165 1231 2365 1278">
    <p class='ocr_par' dir='ltr' id='par_1_26' title="bbox 2165 1231 2365 1278">
     <span class='ocr_line' id='line_1_26' title="bbox 2165 1231 2365 1278; baseline -0.01 0"><span class='ocrx_word' id='word_1_170' title='bbox 2165 1231 2365 1278; x_wconf 87' lang='lat' dir='ltr'><strong>cantet.</strong></span> 
     </span>
    </p>
   </div>
   <div class='ocr_carea' id='block_1_27' title="bbox 2656 1292 3241 1362">
    <p class='ocr_par' dir='ltr' id='par_1_27' title="bbox 2656 1292 3241 1362">
     <span class='ocr_line' id='line_1_27' title="bbox 2656 1292 3241 1362; baseline 0.002 -17"><span class='ocrx_word' id='word_1_171' title='bbox 2656 1292 2732 1345; x_wconf 85' lang='lat' dir='ltr'><strong>De</strong></span> <span class='ocrx_word' id='word_1_172' title='bbox 2762 1292 3030 1362; x_wconf 77' lang='lat' dir='ltr'><strong>fundendo</strong></span> <span class='ocrx_word' id='word_1_173' title='bbox 3055 1309 3241 1348; x_wconf 81' lang='lat' dir='ltr'><strong>semen.</strong></span> 
     </span>
    </p>
   </div>
   <div class='ocr_carea' id='block_1_28' title="bbox 2235 1382 3641 1442">
    <p class='ocr_par' dir='ltr' id='par_1_28' title="bbox 2235 1382 3641 1442">
     <span class='ocr_line' id='line_1_28' title="bbox 2235 1382 3641 1442; baseline 0.002 -3"><span class='ocrx_word' id='word_1_174' title='bbox 2235 1383 2366 1439; x_wconf 75' lang='lat' dir='ltr'><strong>CAP.</strong></span> <span class='ocrx_word' id='word_1_175' title='bbox 2396 1398 2555 1439; x_wconf 83' lang='lat' dir='ltr'><strong>ccur.</strong></span> <span class='ocrx_word' id='word_1_176' title='bbox 2595 1383 2622 1422; x_wconf 73' lang='grc' dir='ltr'>ἀ</span> <span class='ocrx_word' id='word_1_177' title='bbox 2674 1382 2913 1440; x_wconf 84' lang='lat' dir='ltr'><strong>Clericus</strong></span> <span class='ocrx_word' id='word_1_178' title='bbox 2952 1384 2999 1439; x_wconf 93' lang='lat' dir='ltr'><strong>si</strong></span> <span class='ocrx_word' id='word_1_179' title='bbox 3046 1399 3228 1440; x_wconf 88' lang='lat' dir='ltr'><strong>semen</strong></span> <span class='ocrx_word' id='word_1_180' title='bbox 3253 1383 3431 1441; x_wconf 87' lang='lat' dir='ltr'><strong>fuderit</strong></span> <span class='ocrx_word' id='word_1_181' title='bbox 3451 1401 3535 1442; x_wconf 88' lang='lat' dir='ltr'><strong>non</strong></span> <span class='ocrx_word' id='word_1_182' title='bbox 3555 1395 3641 1442; x_wconf 81' lang='lat' dir='ltr'><strong>tan-</strong></span> 
     </span>
    </p>
   </div>
   <div class='ocr_carea' id='block_1_29' title="bbox 2166 1473 3643 1546">
    <p class='ocr_par' dir='ltr' id='par_1_29' title="bbox 2166 1473 3643 1546">
     <span class='ocr_line' id='line_1_29' title="bbox 2166 1473 3643 1546; baseline 0.003 -18"><span class='ocrx_word' id='word_1_183' title='bbox 2166 1474 2359 1544; x_wconf 86' lang='lat' dir='ltr'><strong>gendo,</strong></span> <span class='ocrx_word' id='word_1_184' title='bbox 2386 1483 2589 1544; x_wconf 86' lang='lat' dir='ltr'><strong>septem</strong></span> <span class='ocrx_word' id='word_1_185' title='bbox 2634 1473 2752 1529; x_wconf 90' lang='lat' dir='ltr'><strong>dies</strong></span> <span class='ocrx_word' id='word_1_186' title='bbox 2796 1474 3080 1545; x_wconf 69' lang='lat' dir='ltr'><strong>paeniteat.</strong></span> <span class='ocrx_word' id='word_1_187' title='bbox 3110 1474 3168 1529; x_wconf 90' lang='lat' dir='ltr'><strong>Si</strong></span> <span class='ocrx_word' id='word_1_188' title='bbox 3203 1476 3363 1546; x_wconf 79' lang='lat' dir='ltr'><strong>tangit</strong></span> <span class='ocrx_word' id='word_1_189' title='bbox 3384 1490 3487 1530; x_wconf 88' lang='lat' dir='ltr'><strong>cum</strong></span> <span class='ocrx_word' id='word_1_190' title='bbox 3510 1492 3643 1544; x_wconf 70' lang='lat' dir='ltr'><strong>manu,</strong></span> 
     </span>
    </p>
   </div>
   <div class='ocr_carea' id='block_1_30' title="bbox 2165 1564 3641 1636">
    <p class='ocr_par' dir='ltr' id='par_1_30' title="bbox 2165 1564 3641 1636">
     <span class='ocr_line' id='line_1_30' title="bbox 2165 1564 3641 1636; baseline 0.001 -18"><span class='ocrx_word' id='word_1_191' title='bbox 2165 1564 2355 1635; x_wconf 80' lang='lat' dir='ltr'><strong>viginti</strong></span> <span class='ocrx_word' id='word_1_192' title='bbox 2384 1564 2518 1619; x_wconf 89' lang='lat' dir='ltr'><strong>dies.</strong></span> <span class='ocrx_word' id='word_1_193' title='bbox 2551 1564 2608 1618; x_wconf 90' lang='lat' dir='ltr'><strong>Si</strong></span> <span class='ocrx_word' id='word_1_194' title='bbox 2636 1565 2916 1631; x_wconf 87' lang='lat' dir='ltr'><strong>diaconus,</strong></span> <span class='ocrx_word' id='word_1_195' title='bbox 2947 1565 3167 1635; x_wconf 88' lang='lat' dir='ltr'><strong>triginta</strong></span> <span class='ocrx_word' id='word_1_196' title='bbox 3186 1564 3312 1620; x_wconf 89' lang='lat' dir='ltr'><strong>dies.</strong></span> <span class='ocrx_word' id='word_1_197' title='bbox 3343 1564 3394 1620; x_wconf 89' lang='lat' dir='ltr'><strong>Si</strong></span> <span class='ocrx_word' id='word_1_198' title='bbox 3415 1566 3641 1636; x_wconf 77' lang='lat' dir='ltr'><strong>presbyter,</strong></span> 
     </span>
    </p>
   </div>
   <div class='ocr_carea' id='block_1_31' title="bbox 2166 1656 3647 1729">
    <p class='ocr_par' dir='ltr' id='par_1_31' title="bbox 2166 1656 3647 1729">
     <span class='ocr_line' id='line_1_31' title="bbox 2166 1656 3647 1729; baseline -0.001 -18"><span class='ocrx_word' id='word_1_199' title='bbox 2166 1656 2531 1712; x_wconf 88' lang='lat' dir='ltr'><strong>hebdomadas</strong></span> <span class='ocrx_word' id='word_1_200' title='bbox 2579 1665 2831 1727; x_wconf 87' lang='lat' dir='ltr'><strong>quatuor.</strong></span> <span class='ocrx_word' id='word_1_201' title='bbox 2881 1656 3190 1729; x_wconf 85' lang='lat' dir='ltr'><strong>Presbyter,</strong></span> <span class='ocrx_word' id='word_1_202' title='bbox 3232 1658 3276 1713; x_wconf 91' lang='lat' dir='ltr'><strong>si</strong></span> <span class='ocrx_word' id='word_1_203' title='bbox 3306 1673 3466 1713; x_wconf 89' lang='lat' dir='ltr'><strong>semen</strong></span> <span class='ocrx_word' id='word_1_204' title='bbox 3498 1657 3647 1712; x_wconf 86' lang='lat' dir='ltr'><strong>fuderit</strong></span> 
     </span>
    </p>
   </div>
   <div class='ocr_carea' id='block_1_32' title="bbox 487 1749 2064 1851">
    <p class='ocr_par' dir='ltr' id='par_1_32' title="bbox 487 1749 2063 1851">
     <span class='ocr_line' id='line_1_32' title="bbox 487 1749 2063 1851; baseline -0.006 -15"><span class='ocrx_word' id='word_1_205' title='bbox 487 1749 823 1851; x_wconf 64' lang='lat' dir='ltr'><strong>separentur.</strong></span> <span class='ocrx_word' id='word_1_206' title='bbox 865 1749 938 1831; x_wconf 64' lang='lat' dir='ltr'><strong>iit</strong></span> <span class='ocrx_word' id='word_1_207' title='bbox 980 1749 1221 1847; x_wconf 66' lang='lat' dir='ltr'><strong>prepter</strong></span> <span class='ocrx_word' id='word_1_208' title='bbox 1248 1773 1514 1829; x_wconf 76' lang='lat' dir='ltr'><strong>novellam</strong></span> <span class='ocrx_word' id='word_1_209' title='bbox 1543 1772 1931 1844; x_wconf 88' lang='lat' dir='ltr'><strong>plantationem</strong></span> <span class='ocrx_word' id='word_1_210' title='bbox 1960 1772 2063 1828; x_wconf 88' lang='lat' dir='ltr'><strong>Ec-</strong></span> 
     </span>
    </p>
   </div>
   <div class='ocr_carea' id='block_1_33' title="bbox 2162 1749 3649 1851">
    <p class='ocr_par' dir='ltr' id='par_1_33' title="bbox 2165 1749 3649 1821">
     <span class='ocr_line' id='line_1_33' title="bbox 2165 1749 3649 1821; baseline -0.003 -16"><span class='ocrx_word' id='word_1_211' title='bbox 2165 1764 2263 1821; x_wconf 89' lang='lat' dir='ltr'><strong>per</strong></span> <span class='ocrx_word' id='word_1_212' title='bbox 2289 1750 2693 1821; x_wconf 83' lang='lat' dir='ltr'><strong>cogitationem,</strong></span> <span class='ocrx_word' id='word_1_213' title='bbox 2719 1758 2925 1820; x_wconf 90' lang='lat' dir='ltr'><strong>septem</strong></span> <span class='ocrx_word' id='word_1_214' title='bbox 2956 1750 3075 1806; x_wconf 89' lang='lat' dir='ltr'><strong>dies</strong></span> <span class='ocrx_word' id='word_1_215' title='bbox 3108 1750 3368 1820; x_wconf 72' lang='lat' dir='ltr'><strong>pmniteat.</strong></span> <span class='ocrx_word' id='word_1_216' title='bbox 3427 1749 3649 1804; x_wconf 74' lang='lat' dir='ltr'><strong>Monachus</strong></span> 
     </span>
    </p>
   </div>
   <div class='ocr_carea' id='block_1_34' title="bbox 486 1863 2063 1938">
    <p class='ocr_par' dir='ltr' id='par_1_34' title="bbox 486 1863 2063 1938">
     <span class='ocr_line' id='line_1_34' title="bbox 486 1863 2063 1938; baseline -0.006 -11"><span class='ocrx_word' id='word_1_217' title='bbox 486 1871 682 1935; x_wconf 66' lang='lat' dir='ltr'><strong>clesitc,</strong></span> <span class='ocrx_word' id='word_1_218' title='bbox 731 1876 791 1922; x_wconf 91' lang='lat' dir='ltr'><strong>ut</strong></span> <span class='ocrx_word' id='word_1_219' title='bbox 836 1876 1041 1938; x_wconf 88' lang='lat' dir='ltr'><strong>septem</strong></span> <span class='ocrx_word' id='word_1_220' title='bbox 1089 1879 1258 1920; x_wconf 90' lang='lat' dir='ltr'><strong>annos</strong></span> <span class='ocrx_word' id='word_1_221' title='bbox 1306 1872 1466 1935; x_wconf 87' lang='lat' dir='ltr'><strong>agant</strong></span> <span class='ocrx_word' id='word_1_222' title='bbox 1516 1863 1910 1934; x_wconf 76' lang='lat' dir='ltr'><strong>paenitentiam,</strong></span> <span class='ocrx_word' id='word_1_223' title='bbox 1954 1869 2063 1918; x_wconf 88' lang='lat' dir='ltr'><strong>tres</strong></span> 
     </span>
    </p>
   </div>
   <div class='ocr_carea' id='block_1_35' title="bbox 487 1952 2062 2036">
    <p class='ocr_par' dir='ltr' id='par_1_35' title="bbox 487 1952 2062 2036">
     <span class='ocr_line' id='line_1_35' title="bbox 487 1952 2062 2036; baseline -0.007 -18"><span class='ocrx_word' id='word_1_224' title='bbox 487 1964 689 2036; x_wconf 86' lang='lat' dir='ltr'><strong>primos</strong></span> <span class='ocrx_word' id='word_1_225' title='bbox 729 1976 922 2024; x_wconf 88' lang='lat' dir='ltr'><strong>annos,</strong></span> <span class='ocrx_word' id='word_1_226' title='bbox 961 1967 1070 2014; x_wconf 87' lang='lat' dir='ltr'><strong>tres</strong></span> <span class='ocrx_word' id='word_1_227' title='bbox 1097 1958 1211 2017; x_wconf 88' lang='lat' dir='ltr'><strong>dics</strong></span> <span class='ocrx_word' id='word_1_228' title='bbox 1240 1957 1294 2011; x_wconf 90' lang='lat' dir='ltr'><strong>in</strong></span> <span class='ocrx_word' id='word_1_229' title='bbox 1323 1956 1678 2021; x_wconf 88' lang='lat' dir='ltr'><strong>hebdomada,</strong></span> <span class='ocrx_word' id='word_1_230' title='bbox 1713 1956 1765 2010; x_wconf 92' lang='lat' dir='ltr'><strong>id</strong></span> <span class='ocrx_word' id='word_1_231' title='bbox 1793 1962 1894 2021; x_wconf 89' lang='lat' dir='ltr'><strong>est,</strong></span> <span class='ocrx_word' id='word_1_232' title='bbox 1928 1952 2062 2008; x_wconf 88' lang='lat' dir='ltr'><strong>feria</strong></span> 
     </span>
    </p>
   </div>
   <div class='ocr_carea' id='block_1_36' title="bbox 486 2043 2062 2118">
    <p class='ocr_par' dir='ltr' id='par_1_36' title="bbox 486 2043 2062 2118">
     <span class='ocr_line' id='line_1_36' title="bbox 486 2043 2062 2118; baseline -0.008 -10"><span class='ocrx_word' id='word_1_233' title='bbox 486 2052 744 2116; x_wconf 86' lang='lat' dir='ltr'><strong>secunda,</strong></span> <span class='ocrx_word' id='word_1_234' title='bbox 774 2058 828 2106; x_wconf 91' lang='lat' dir='ltr'><strong>et</strong></span> <span class='ocrx_word' id='word_1_235' title='bbox 856 2058 1071 2118; x_wconf 87' lang='lat' dir='ltr'><strong>quarta,</strong></span> <span class='ocrx_word' id='word_1_236' title='bbox 1103 2054 1153 2100; x_wconf 90' lang='lat' dir='ltr'><strong>ct</strong></span> <span class='ocrx_word' id='word_1_237' title='bbox 1182 2056 1352 2111; x_wconf 78' lang='lat' dir='ltr'><strong>sexta,</strong></span> <span class='ocrx_word' id='word_1_238' title='bbox 1386 2044 1742 2115; x_wconf 85' lang='lat' dir='ltr'><strong>quadraginta</strong></span> <span class='ocrx_word' id='word_1_239' title='bbox 1786 2043 1901 2098; x_wconf 90' lang='lat' dir='ltr'><strong>dies</strong></span> <span class='ocrx_word' id='word_1_240' title='bbox 1938 2049 2062 2095; x_wconf 87' lang='lat' dir='ltr'><strong>ante</strong></span> 
     </span>
    </p>
   </div>
   <div class='ocr_carea' id='block_1_37' title="bbox 486 2133 2063 2211">
    <p class='ocr_par' dir='ltr' id='par_1_37' title="bbox 486 2133 2063 2211">
     <span class='ocr_line' id='line_1_37' title="bbox 486 2133 2063 2211; baseline -0.009 -11"><span class='ocrx_word' id='word_1_241' title='bbox 486 2144 711 2207; x_wconf 78' lang='lat' dir='ltr'><strong>Pascha,</strong></span> <span class='ocrx_word' id='word_1_242' title='bbox 741 2141 930 2211; x_wconf 82' lang='lat' dir='ltr'><strong>viginti</strong></span> <span class='ocrx_word' id='word_1_243' title='bbox 959 2148 1082 2194; x_wconf 87' lang='lat' dir='ltr'><strong>ante</strong></span> <span class='ocrx_word' id='word_1_244' title='bbox 1119 2138 1341 2193; x_wconf 89' lang='lat' dir='ltr'><strong>missam</strong></span> <span class='ocrx_word' id='word_1_245' title='bbox 1381 2137 1552 2191; x_wconf 90' lang='lat' dir='ltr'><strong>sancti</strong></span> <span class='ocrx_word' id='word_1_246' title='bbox 1592 2135 1835 2200; x_wconf 82' lang='lat' dir='ltr'><strong>Jomnis,</strong></span> <span class='ocrx_word' id='word_1_247' title='bbox 1874 2133 2063 2207; x_wconf 80' lang='lat' dir='ltr'><strong>viginti</strong></span> 
     </span>
    </p>
   </div>
   <div class='ocr_carea' id='block_1_38' title="bbox 485 2224 2065 2298">
    <p class='ocr_par' dir='ltr' id='par_1_38' title="bbox 485 2224 2065 2298">
     <span class='ocr_line' id='line_1_38' title="bbox 485 2224 2065 2298; baseline -0.007 -10"><span class='ocrx_word' id='word_1_248' title='bbox 485 2242 612 2288; x_wconf 83' lang='lat' dir='ltr'><strong>ante</strong></span> <span class='ocrx_word' id='word_1_249' title='bbox 633 2231 819 2287; x_wconf 84' lang='lat' dir='ltr'><strong>Natale</strong></span> <span class='ocrx_word' id='word_1_250' title='bbox 840 2230 1072 2286; x_wconf 89' lang='lat' dir='ltr'><strong>Domini.</strong></span> <span class='ocrx_word' id='word_1_251' title='bbox 1092 2229 1336 2298; x_wconf 89' lang='lat' dir='ltr'><strong>Quatuor</strong></span> <span class='ocrx_word' id='word_1_252' title='bbox 1355 2242 1484 2282; x_wconf 89' lang='lat' dir='ltr'><strong>vero</strong></span> <span class='ocrx_word' id='word_1_253' title='bbox 1508 2227 1742 2296; x_wconf 90' lang='lat' dir='ltr'><strong>reliquos</strong></span> <span class='ocrx_word' id='word_1_254' title='bbox 1763 2240 1954 2290; x_wconf 92' lang='lat' dir='ltr'><strong>annos,</strong></span> <span class='ocrx_word' id='word_1_255' title='bbox 1987 2224 2065 2278; x_wconf 87' lang='lat' dir='ltr'><strong>fe-</strong></span> 
     </span>
    </p>
   </div>
   <div class='ocr_carea' id='block_1_39' title="bbox 484 2319 2064 2397">
    <p class='ocr_par' dir='ltr' id='par_1_39' title="bbox 484 2319 2064 2397">
     <span class='ocr_line' id='line_1_39' title="bbox 484 2319 2064 2397; baseline -0.006 -16"><span class='ocrx_word' id='word_1_256' title='bbox 484 2326 565 2381; x_wconf 90' lang='lat' dir='ltr'><strong>ria</strong></span> <span class='ocrx_word' id='word_1_257' title='bbox 599 2332 791 2397; x_wconf 81' lang='lat' dir='ltr'><strong>quarta</strong></span> <span class='ocrx_word' id='word_1_258' title='bbox 835 2331 890 2378; x_wconf 88' lang='lat' dir='ltr'><strong>et</strong></span> <span class='ocrx_word' id='word_1_259' title='bbox 934 2329 1107 2388; x_wconf 75' lang='lat' dir='ltr'><strong>sexta,</strong></span> <span class='ocrx_word' id='word_1_260' title='bbox 1152 2328 1207 2376; x_wconf 91' lang='lat' dir='ltr'><strong>et</strong></span> <span class='ocrx_word' id='word_1_261' title='bbox 1254 2319 1663 2390; x_wconf 87' lang='lat' dir='ltr'><strong>quatuordecim</strong></span> <span class='ocrx_word' id='word_1_262' title='bbox 1708 2325 1893 2373; x_wconf 91' lang='lat' dir='ltr'><strong>noctes</strong></span> <span class='ocrx_word' id='word_1_263' title='bbox 1939 2324 2064 2371; x_wconf 86' lang='lat' dir='ltr'><strong>ante</strong></span> 
     </span>
    </p>
   </div>
   <div class='ocr_carea' id='block_1_40' title="bbox 483 2405 2062 2470">
    <p class='ocr_par' dir='ltr' id='par_1_40' title="bbox 483 2405 2062 2470">
     <span class='ocr_line' id='line_1_40' title="bbox 483 2405 2062 2470; baseline -0.007 -1"><span class='ocrx_word' id='word_1_264' title='bbox 483 2414 707 2470; x_wconf 89' lang='lat' dir='ltr'><strong>missam</strong></span> <span class='ocrx_word' id='word_1_265' title='bbox 755 2413 929 2467; x_wconf 87' lang='lat' dir='ltr'><strong>sancti</strong></span> <span class='ocrx_word' id='word_1_266' title='bbox 975 2410 1199 2466; x_wconf 85' lang='lat' dir='ltr'><strong>Joannis</strong></span> <span class='ocrx_word' id='word_1_267' title='bbox 1249 2418 1305 2465; x_wconf 90' lang='lat' dir='ltr'><strong>et</strong></span> <span class='ocrx_word' id='word_1_268' title='bbox 1350 2410 1485 2464; x_wconf 89' lang='lat' dir='ltr'><strong>alias</strong></span> <span class='ocrx_word' id='word_1_269' title='bbox 1540 2417 1664 2463; x_wconf 90' lang='lat' dir='ltr'><strong>ante</strong></span> <span class='ocrx_word' id='word_1_270' title='bbox 1723 2406 1912 2461; x_wconf 88' lang='lat' dir='ltr'><strong>Natale</strong></span> <span class='ocrx_word' id='word_1_271' title='bbox 1954 2405 2062 2459; x_wconf 89' lang='lat' dir='ltr'><strong>Do-</strong></span> 
     </span>
    </p>
   </div>
   <div class='ocr_carea' id='block_1_41' title="bbox 484 2497 2067 2567">
    <p class='ocr_par' dir='ltr' id='par_1_41' title="bbox 484 2497 2067 2567">
     <span class='ocr_line' id='line_1_41' title="bbox 484 2497 2067 2567; baseline -0.006 -8"><span class='ocrx_word' id='word_1_272' title='bbox 484 2502 636 2559; x_wconf 89' lang='lat' dir='ltr'><strong>mini.</strong></span> <span class='ocrx_word' id='word_1_273' title='bbox 664 2500 720 2557; x_wconf 87' lang='lat' dir='ltr'><strong>Si</strong></span> <span class='ocrx_word' id='word_1_274' title='bbox 749 2517 808 2557; x_wconf 89' lang='lat' dir='ltr'><strong>se</strong></span> <span class='ocrx_word' id='word_1_275' title='bbox 834 2501 1098 2556; x_wconf 89' lang='lat' dir='ltr'><strong>redimere</strong></span> <span class='ocrx_word' id='word_1_276' title='bbox 1122 2501 1258 2567; x_wconf 91' lang='lat' dir='ltr'><strong>vult,</strong></span> <span class='ocrx_word' id='word_1_277' title='bbox 1284 2500 1446 2555; x_wconf 90' lang='lat' dir='ltr'><strong>donet</strong></span> <span class='ocrx_word' id='word_1_278' title='bbox 1471 2514 1635 2553; x_wconf 91' lang='lat' dir='ltr'><strong>unum</strong></span> <span class='ocrx_word' id='word_1_279' title='bbox 1665 2497 1943 2553; x_wconf 87' lang='lat' dir='ltr'><strong>denarium</strong></span> <span class='ocrx_word' id='word_1_280' title='bbox 1973 2505 2067 2550; x_wconf 91' lang='lat' dir='ltr'><strong>aut</strong></span> 
     </span>
    </p>
   </div>
   <div class='ocr_carea' id='block_1_42' title="bbox 484 2585 2064 2663">
    <p class='ocr_par' dir='ltr' id='par_1_42' title="bbox 484 2585 2064 2663">
     <span class='ocr_line' id='line_1_42' title="bbox 484 2585 2064 2663; baseline -0.004 -17"><span class='ocrx_word' id='word_1_281' title='bbox 484 2592 720 2663; x_wconf 83' lang='lat' dir='ltr'><strong>pretium</strong></span> <span class='ocrx_word' id='word_1_282' title='bbox 748 2590 909 2645; x_wconf 90' lang='lat' dir='ltr'><strong>unius</strong></span> <span class='ocrx_word' id='word_1_283' title='bbox 948 2588 1156 2644; x_wconf 84' lang='lat' dir='ltr'><strong>denarii</strong></span> <span class='ocrx_word' id='word_1_284' title='bbox 1199 2603 1298 2658; x_wconf 89' lang='lat' dir='ltr'><strong>pro</strong></span> <span class='ocrx_word' id='word_1_285' title='bbox 1346 2602 1453 2643; x_wconf 91' lang='lat' dir='ltr'><strong>uno</strong></span> <span class='ocrx_word' id='word_1_286' title='bbox 1495 2588 1599 2643; x_wconf 88' lang='lat' dir='ltr'><strong>die.</strong></span> <span class='ocrx_word' id='word_1_287' title='bbox 1645 2585 1702 2641; x_wconf 89' lang='lat' dir='ltr'><strong>Si</strong></span> <span class='ocrx_word' id='word_1_288' title='bbox 1729 2602 1935 2657; x_wconf 89' lang='lat' dir='ltr'><strong>pauper</strong></span> <span class='ocrx_word' id='word_1_289' title='bbox 1960 2594 2064 2653; x_wconf 82' lang='lat' dir='ltr'><strong>est,</strong></span> 
     </span>
    </p>
   </div>
   <div class='ocr_carea' id='block_1_43' title="bbox 484 2679 1293 2743">
    <p class='ocr_par' dir='ltr' id='par_1_43' title="bbox 484 2679 1293 2743">
     <span class='ocr_line' id='line_1_43' title="bbox 484 2679 1293 2743; baseline -0.01 -4"><span class='ocrx_word' id='word_1_290' title='bbox 484 2680 651 2743; x_wconf 86' lang='lat' dir='ltr'><strong>donet</strong></span> <span class='ocrx_word' id='word_1_291' title='bbox 676 2680 959 2737; x_wconf 89' lang='lat' dir='ltr'><strong>dimidium</strong></span> <span class='ocrx_word' id='word_1_292' title='bbox 988 2679 1293 2735; x_wconf 90' lang='lat' dir='ltr'><strong>denarium.</strong></span> 
     </span>
    </p>
   </div>
   <div class='ocr_carea' id='block_1_44' title="bbox 874 2768 1684 2837">
    <p class='ocr_par' dir='ltr' id='par_1_44' title="bbox 874 2768 1684 2837">
     <span class='ocr_line' id='line_1_44' title="bbox 874 2768 1684 2837; baseline -0.002 -15"><span class='ocrx_word' id='word_1_293' title='bbox 874 2768 952 2822; x_wconf 86' lang='lat' dir='ltr'><strong>De</strong></span> <span class='ocrx_word' id='word_1_294' title='bbox 991 2768 1345 2823; x_wconf 80' lang='lat' dir='ltr'><strong>sordidatione</strong></span> <span class='ocrx_word' id='word_1_295' title='bbox 1384 2783 1684 2837; x_wconf 82' lang='lat' dir='ltr'><strong>puerorum.</strong></span> 
     </span>
    </p>
   </div>
   <div class='ocr_carea' id='block_1_45' title="bbox 564 2858 2066 2918">
    <p class='ocr_par' dir='ltr' id='par_1_45' title="bbox 564 2858 2066 2918">
     <span class='ocr_line' id='line_1_45' title="bbox 564 2858 2066 2918; baseline -0.002 0"><span class='ocrx_word' id='word_1_296' title='bbox 564 2860 696 2918; x_wconf 72' lang='lat' dir='ltr'><strong>CAP.</strong></span> <span class='ocrx_word' id='word_1_297' title='bbox 742 2875 994 2917; x_wconf 69' lang='lat' dir='ltr'><strong>ccxsvm.</strong></span> <span class='ocrx_word' id='word_1_298' title='bbox 1033 2858 1193 2915; x_wconf 87' lang='lat' dir='ltr'><strong>Pueri</strong></span> <span class='ocrx_word' id='word_1_299' title='bbox 1242 2874 1302 2915; x_wconf 91' lang='lat' dir='ltr'><strong>se</strong></span> <span class='ocrx_word' id='word_1_300' title='bbox 1347 2860 1596 2916; x_wconf 89' lang='lat' dir='ltr'><strong>manibus</strong></span> <span class='ocrx_word' id='word_1_301' title='bbox 1640 2860 1869 2915; x_wconf 81' lang='lat' dir='ltr'><strong>invicem</strong></span> <span class='ocrx_word' id='word_1_302' title='bbox 1915 2861 2066 2915; x_wconf 90' lang='lat' dir='ltr'><strong>coin-</strong></span> 
     </span>
    </p>
   </div>
   <div class='ocr_carea' id='block_1_46' title="bbox 485 2953 2069 3032">
    <p class='ocr_par' dir='ltr' id='par_1_46' title="bbox 485 2953 2069 3032">
     <span class='ocr_line' id='line_1_46' title="bbox 485 2953 2069 3032; baseline -0.003 -17"><span class='ocrx_word' id='word_1_303' title='bbox 485 2961 790 3032; x_wconf 87' lang='lat' dir='ltr'><strong>quinantcs,</strong></span> <span class='ocrx_word' id='word_1_304' title='bbox 815 2956 1174 3027; x_wconf 86' lang='lat' dir='ltr'><strong>quadraginta</strong></span> <span class='ocrx_word' id='word_1_305' title='bbox 1201 2954 1315 3009; x_wconf 88' lang='lat' dir='ltr'><strong>dies</strong></span> <span class='ocrx_word' id='word_1_306' title='bbox 1337 2955 1657 3025; x_wconf 73' lang='lat' dir='ltr'><strong>pteniteant,</strong></span> <span class='ocrx_word' id='word_1_307' title='bbox 1686 2953 1918 3023; x_wconf 87' lang='lat' dir='ltr'><strong>majores</strong></span> <span class='ocrx_word' id='word_1_308' title='bbox 1938 2970 2069 3010; x_wconf 89' lang='lat' dir='ltr'><strong>vero</strong></span> 
     </span>
    </p>
   </div>
   <div class='ocr_carea' id='block_1_47' title="bbox 487 3044 2064 3114">
    <p class='ocr_par' dir='ltr' id='par_1_47' title="bbox 487 3044 2064 3114">
     <span class='ocr_line' id='line_1_47' title="bbox 487 3044 2064 3114; baseline -0.001 -10"><span class='ocrx_word' id='word_1_309' title='bbox 487 3055 708 3106; x_wconf 83' lang='lat' dir='ltr'><strong>centum</strong></span> <span class='ocrx_word' id='word_1_310' title='bbox 761 3047 895 3102; x_wconf 89' lang='lat' dir='ltr'><strong>dies.</strong></span> <span class='ocrx_word' id='word_1_311' title='bbox 952 3044 1114 3100; x_wconf 91' lang='lat' dir='ltr'><strong>Pueri</strong></span> <span class='ocrx_word' id='word_1_312' title='bbox 1163 3060 1220 3100; x_wconf 90' lang='lat' dir='ltr'><strong>se</strong></span> <span class='ocrx_word' id='word_1_313' title='bbox 1264 3046 1406 3101; x_wconf 90' lang='lat' dir='ltr'><strong>inter</strong></span> <span class='ocrx_word' id='word_1_314' title='bbox 1453 3045 1659 3101; x_wconf 88' lang='lat' dir='ltr'><strong>femora</strong></span> <span class='ocrx_word' id='word_1_315' title='bbox 1705 3047 2064 3114; x_wconf 85' lang='lat' dir='ltr'><strong>sordidantes,</strong></span> 
     </span>
    </p>
   </div>
   <div class='ocr_carea' id='block_1_48' title="bbox 487 3135 2068 3209">
    <p class='ocr_par' dir='ltr' id='par_1_48' title="bbox 487 3135 2068 3209">
     <span class='ocr_line' id='line_1_48' title="bbox 487 3135 2068 3209; baseline -0.001 -14"><span class='ocrx_word' id='word_1_316' title='bbox 487 3148 705 3195; x_wconf 83' lang='lat' dir='ltr'><strong>centum</strong></span> <span class='ocrx_word' id='word_1_317' title='bbox 733 3135 850 3192; x_wconf 89' lang='lat' dir='ltr'><strong>dies</strong></span> <span class='ocrx_word' id='word_1_318' title='bbox 869 3136 1191 3206; x_wconf 67' lang='lat' dir='ltr'><strong>paeniteant,</strong></span> <span class='ocrx_word' id='word_1_319' title='bbox 1225 3137 1459 3208; x_wconf 86' lang='lat' dir='ltr'><strong>majores</strong></span> <span class='ocrx_word' id='word_1_320' title='bbox 1485 3145 1597 3193; x_wconf 92' lang='lat' dir='ltr'><strong>tres</strong></span> <span class='ocrx_word' id='word_1_321' title='bbox 1624 3137 2068 3209; x_wconf 86' lang='lat' dir='ltr'><strong>quadragesimas</strong></span> 
     </span>
    </p>
   </div>
   <div class='ocr_carea' id='block_1_49' title="bbox 483 3227 2063 3303">
    <p class='ocr_par' dir='ltr' id='par_1_49' title="bbox 483 3227 2063 3303">
     <span class='ocr_line' id='line_1_49' title="bbox 483 3227 2063 3303; baseline -0.002 -15"><span class='ocrx_word' id='word_1_322' title='bbox 483 3239 539 3288; x_wconf 89' lang='lat' dir='ltr'><strong>et</strong></span> <span class='ocrx_word' id='word_1_323' title='bbox 573 3230 845 3303; x_wconf 88' lang='lat' dir='ltr'><strong>legitimas</strong></span> <span class='ocrx_word' id='word_1_324' title='bbox 885 3228 1071 3291; x_wconf 88' lang='lat' dir='ltr'><strong>ferias.</strong></span> <span class='ocrx_word' id='word_1_325' title='bbox 1122 3227 1385 3285; x_wconf 86' lang='lat' dir='ltr'><strong>Parvulos</strong></span> <span class='ocrx_word' id='word_1_326' title='bbox 1427 3245 1457 3285; x_wconf 92' lang='lat' dir='ltr'><strong>a</strong></span> <span class='ocrx_word' id='word_1_327' title='bbox 1498 3229 1704 3298; x_wconf 86' lang='lat' dir='ltr'><strong>majore</strong></span> <span class='ocrx_word' id='word_1_328' title='bbox 1754 3246 2063 3302; x_wconf 88' lang='lat' dir='ltr'><strong>oppressus,</strong></span> 
     </span>
    </p>
   </div>
   <div class='ocr_carea' id='block_1_50' title="bbox 484 3318 2063 3392">
    <p class='ocr_par' dir='ltr' id='par_1_50' title="bbox 484 3318 2063 3392">
     <span class='ocr_line' id='line_1_50' title="bbox 484 3318 2063 3392; baseline 0 -15"><span class='ocrx_word' id='word_1_329' title='bbox 484 3327 691 3392; x_wconf 87' lang='lat' dir='ltr'><strong>septem</strong></span> <span class='ocrx_word' id='word_1_330' title='bbox 716 3319 831 3375; x_wconf 88' lang='lat' dir='ltr'><strong>dies</strong></span> <span class='ocrx_word' id='word_1_331' title='bbox 858 3320 1138 3390; x_wconf 72' lang='lat' dir='ltr'><strong>pteniteat.</strong></span> <span class='ocrx_word' id='word_1_332' title='bbox 1188 3318 1256 3376; x_wconf 91' lang='lat' dir='ltr'><strong>Si.</strong></span> <span class='ocrx_word' id='word_1_333' title='bbox 1290 3321 1643 3385; x_wconf 87' lang='lat' dir='ltr'><strong>consenserit,</strong></span> <span class='ocrx_word' id='word_1_334' title='bbox 1694 3322 1882 3392; x_wconf 86' lang='lat' dir='ltr'><strong>viginti</strong></span> <span class='ocrx_word' id='word_1_335' title='bbox 1928 3323 2063 3377; x_wconf 90' lang='lat' dir='ltr'><strong>dies.</strong></span> 
     </span>
    </p>
   </div>
   <div class='ocr_carea' id='block_1_51' title="bbox 487 3411 2065 3486">
    <p class='ocr_par' dir='ltr' id='par_1_51' title="bbox 487 3411 2065 3486">
     <span class='ocr_line' id='line_1_51' title="bbox 487 3411 2065 3486; baseline 0.001 -18"><span class='ocrx_word' id='word_1_336' title='bbox 487 3411 630 3469; x_wconf 88' lang='lat' dir='ltr'><strong>Puer</strong></span> <span class='ocrx_word' id='word_1_337' title='bbox 655 3412 959 3468; x_wconf 84' lang='lat' dir='ltr'><strong>voluntarie</strong></span> <span class='ocrx_word' id='word_1_338' title='bbox 999 3426 1057 3468; x_wconf 87' lang='lat' dir='ltr'><strong>se</strong></span> <span class='ocrx_word' id='word_1_339' title='bbox 1090 3412 1354 3484; x_wconf 86' lang='lat' dir='ltr'><strong>polluens,</strong></span> <span class='ocrx_word' id='word_1_340' title='bbox 1398 3413 1622 3486; x_wconf 86' lang='lat' dir='ltr'><strong>triginta</strong></span> <span class='ocrx_word' id='word_1_341' title='bbox 1665 3414 1802 3480; x_wconf 85' lang='lat' dir='ltr'><strong>dies,</strong></span> <span class='ocrx_word' id='word_1_342' title='bbox 1848 3415 2065 3484; x_wconf 85' lang='lat' dir='ltr'><strong>juvenis</strong></span> 
     </span>
    </p>
   </div>
   <div class='ocr_carea' id='block_1_52' title="bbox 482 3503 1442 3575">
    <p class='ocr_par' dir='ltr' id='par_1_52' title="bbox 482 3503 1442 3575">
     <span class='ocr_line' id='line_1_52' title="bbox 482 3503 1442 3575; baseline 0 -17"><span class='ocrx_word' id='word_1_343' title='bbox 482 3518 614 3566; x_wconf 86' lang='lat' dir='ltr'><strong>vero</strong></span> <span class='ocrx_word' id='word_1_344' title='bbox 636 3503 993 3575; x_wconf 78' lang='lat' dir='ltr'><strong>quadraginta</strong></span> <span class='ocrx_word' id='word_1_345' title='bbox 1018 3503 1132 3558; x_wconf 88' lang='lat' dir='ltr'><strong>dies</strong></span> <span class='ocrx_word' id='word_1_346' title='bbox 1164 3503 1442 3573; x_wconf 71' lang='lat' dir='ltr'><strong>paeniteat.</strong></span> 
     </span>
    </p>
   </div>
   <div class='ocr_carea' id='block_1_53' title="bbox 837 3592 1708 3662">
    <p class='ocr_par' dir='ltr' id='par_1_53' title="bbox 837 3592 1708 3662">
     <span class='ocr_line' id='line_1_53' title="bbox 837 3592 1708 3662; baseline 0.006 -15"><span class='ocrx_word' id='word_1_347' title='bbox 837 3592 916 3647; x_wconf 86' lang='lat' dir='ltr'><strong>De</strong></span> <span class='ocrx_word' id='word_1_348' title='bbox 941 3595 1218 3648; x_wconf 82' lang='lat' dir='ltr'><strong>menstruis</strong></span> <span class='ocrx_word' id='word_1_349' title='bbox 1242 3595 1582 3662; x_wconf 79' lang='lat' dir='ltr'><strong>abstinendis,</strong></span> <span class='ocrx_word' id='word_1_350' title='bbox 1605 3604 1708 3652; x_wconf 83' lang='lat' dir='ltr'><strong>etc.</strong></span> 
     </span>
    </p>
   </div>
   <div class='ocr_carea' id='block_1_54' title="bbox 560 3683 2066 3761">
    <p class='ocr_par' dir='ltr' id='par_1_54' title="bbox 560 3683 2066 3761">
     <span class='ocr_line' id='line_1_54' title="bbox 560 3683 2066 3761; baseline 0.005 -21"><span class='ocrx_word' id='word_1_351' title='bbox 560 3684 691 3740; x_wconf 69' lang='lat' dir='ltr'><strong>Cn.</strong></span> <span class='ocrx_word' id='word_1_352' title='bbox 739 3700 950 3740; x_wconf 79' lang='lat' dir='ltr'><strong>ccxux.</strong></span> <span class='ocrx_word' id='word_1_353' title='bbox 991 3683 1095 3751; x_wconf 88' lang='lat' dir='ltr'><strong>Qui</strong></span> <span class='ocrx_word' id='word_1_354' title='bbox 1121 3698 1243 3739; x_wconf 88' lang='lat' dir='ltr'><strong>cum</strong></span> <span class='ocrx_word' id='word_1_355' title='bbox 1272 3685 1496 3742; x_wconf 86' lang='lat' dir='ltr'><strong>muliere</strong></span> <span class='ocrx_word' id='word_1_356' title='bbox 1522 3696 1853 3751; x_wconf 85' lang='lat' dir='ltr'><strong>menstruata</strong></span> <span class='ocrx_word' id='word_1_357' title='bbox 1875 3706 2066 3761; x_wconf 88' lang='lat' dir='ltr'><strong>nupse-</strong></span> 
     </span>
    </p>
   </div>
   <div class='ocr_carea' id='block_1_55' title="bbox 488 3772 2065 3847">
    <p class='ocr_par' dir='ltr' id='par_1_55' title="bbox 488 3772 2065 3847">
     <span class='ocr_line' id='line_1_55' title="bbox 488 3772 2065 3847; baseline 0.005 -19"><span class='ocrx_word' id='word_1_358' title='bbox 488 3774 578 3841; x_wconf 85' lang='lat' dir='ltr'><strong>rit,</strong></span> <span class='ocrx_word' id='word_1_359' title='bbox 621 3772 978 3844; x_wconf 85' lang='lat' dir='ltr'><strong>quadraginta</strong></span> <span class='ocrx_word' id='word_1_360' title='bbox 1023 3773 1139 3829; x_wconf 88' lang='lat' dir='ltr'><strong>dies</strong></span> <span class='ocrx_word' id='word_1_361' title='bbox 1177 3775 1459 3843; x_wconf 66' lang='lat' dir='ltr'><strong>paeniteat.</strong></span> <span class='ocrx_word' id='word_1_362' title='bbox 1496 3775 1555 3832; x_wconf 88' lang='lat' dir='ltr'><strong>Si</strong></span> <span class='ocrx_word' id='word_1_363' title='bbox 1581 3776 1704 3847; x_wconf 87' lang='lat' dir='ltr'><strong>quis</strong></span> <span class='ocrx_word' id='word_1_364' title='bbox 1738 3792 1860 3834; x_wconf 90' lang='lat' dir='ltr'><strong>cum</strong></span> <span class='ocrx_word' id='word_1_365' title='bbox 1898 3796 2065 3839; x_wconf 83' lang='lat' dir='ltr'><strong>uxore</strong></span> 
     </span>
    </p>
   </div>
   <div class='ocr_carea' id='block_1_56' title="bbox 486 3858 2063 3936">
    <p class='ocr_par' dir='ltr' id='par_1_56' title="bbox 486 3858 2063 3936">
     <span class='ocr_line' id='line_1_56' title="bbox 486 3858 2063 3936; baseline 0.006 -20"><span class='ocrx_word' id='word_1_366' title='bbox 486 3877 583 3917; x_wconf 85' lang='lat' dir='ltr'><strong>sua</strong></span> <span class='ocrx_word' id='word_1_367' title='bbox 610 3869 757 3915; x_wconf 85' lang='lat' dir='ltr'><strong>retro</strong></span> <span class='ocrx_word' id='word_1_368' title='bbox 780 3861 1047 3930; x_wconf 86' lang='lat' dir='ltr'><strong>nupserit,</strong></span> <span class='ocrx_word' id='word_1_369' title='bbox 1076 3858 1434 3931; x_wconf 79' lang='lat' dir='ltr'><strong>quadraginta</strong></span> <span class='ocrx_word' id='word_1_370' title='bbox 1462 3864 1576 3921; x_wconf 90' lang='lat' dir='ltr'><strong>dies</strong></span> <span class='ocrx_word' id='word_1_371' title='bbox 1602 3867 1882 3936; x_wconf 67' lang='lat' dir='ltr'><strong>paeniteat.</strong></span> <span class='ocrx_word' id='word_1_372' title='bbox 1920 3868 1977 3925; x_wconf 88' lang='lat' dir='ltr'><strong>Si</strong></span> <span class='ocrx_word' id='word_1_373' title='bbox 2009 3872 2063 3926; x_wconf 90' lang='lat' dir='ltr'><strong>in</strong></span> 
     </span>
    </p>
   </div>
   <div class='ocr_carea' id='block_1_57' title="bbox 485 3949 2065 4022">
    <p class='ocr_par' dir='ltr' id='par_1_57' title="bbox 485 3949 2065 4022">
     <span class='ocr_line' id='line_1_57' title="bbox 485 3949 2065 4022; baseline 0.007 -18"><span class='ocrx_word' id='word_1_374' title='bbox 485 3958 637 4022; x_wconf 84' lang='lat' dir='ltr'><strong>terga</strong></span> <span class='ocrx_word' id='word_1_375' title='bbox 659 3949 923 4020; x_wconf 78' lang='lat' dir='ltr'><strong>nupserit,</strong></span> <span class='ocrx_word' id='word_1_376' title='bbox 957 3956 1070 4004; x_wconf 87' lang='lat' dir='ltr'><strong>tres</strong></span> <span class='ocrx_word' id='word_1_377' title='bbox 1092 3964 1264 4005; x_wconf 89' lang='lat' dir='ltr'><strong>annos</strong></span> <span class='ocrx_word' id='word_1_378' title='bbox 1289 3991 1303 4017; x_wconf 90' lang='lat'><strong>,</strong></span> <span class='ocrx_word' id='word_1_379' title='bbox 1332 3953 1457 4021; x_wconf 90' lang='lat' dir='ltr'><strong>quia</strong></span> <span class='ocrx_word' id='word_1_380' title='bbox 1487 3955 1863 4011; x_wconf 89' lang='lat' dir='ltr'><strong>sodomiticum</strong></span> <span class='ocrx_word' id='word_1_381' title='bbox 1889 3959 2065 4015; x_wconf 80' lang='lat' dir='ltr'><strong>scelus</strong></span> 
     </span>
    </p>
   </div>
   <div class='ocr_carea' id='block_1_58' title="bbox 483 4035 2067 4118">
    <p class='ocr_par' dir='ltr' id='par_1_58' title="bbox 483 4035 2067 4118">
     <span class='ocr_line' id='line_1_58' title="bbox 483 4035 2067 4118; baseline 0.004 -24"><span class='ocrx_word' id='word_1_382' title='bbox 483 4046 585 4094; x_wconf 80' lang='lat' dir='ltr'><strong>est.</strong></span> <span class='ocrx_word' id='word_1_383' title='bbox 616 4037 729 4094; x_wconf 82' lang='lat' dir='ltr'><strong>Viri</strong></span> <span class='ocrx_word' id='word_1_384' title='bbox 753 4037 895 4093; x_wconf 90' lang='lat' dir='ltr'><strong>inter</strong></span> <span class='ocrx_word' id='word_1_385' title='bbox 916 4035 1123 4093; x_wconf 84' lang='lat' dir='ltr'><strong>femora</strong></span> <span class='ocrx_word' id='word_1_386' title='bbox 1152 4036 1502 4106; x_wconf 89' lang='lat' dir='ltr'><strong>fornicantes,</strong></span> <span class='ocrx_word' id='word_1_387' title='bbox 1532 4057 1733 4098; x_wconf 90' lang='lat' dir='ltr'><strong>annum</strong></span> <span class='ocrx_word' id='word_1_388' title='bbox 1759 4061 1924 4100; x_wconf 92' lang='lat' dir='ltr'><strong>unum</strong></span> <span class='ocrx_word' id='word_1_389' title='bbox 1948 4061 2067 4118; x_wconf 74' lang='lat' dir='ltr'><strong>p03-</strong></span> 
     </span>
    </p>
   </div>
   <div class='ocr_carea' id='block_1_59' title="bbox 486 4122 2064 4204">
    <p class='ocr_par' dir='ltr' id='par_1_59' title="bbox 486 4122 2064 4204">
     <span class='ocr_line' id='line_1_59' title="bbox 486 4122 2064 4204; baseline 0.008 -22"><span class='ocrx_word' id='word_1_390' title='bbox 486 4129 712 4183; x_wconf 89' lang='lat' dir='ltr'><strong>niteant.</strong></span> <span class='ocrx_word' id='word_1_391' title='bbox 742 4122 800 4183; x_wconf 83' lang='lat' dir='ltr'><strong>Si</strong></span> <span class='ocrx_word' id='word_1_392' title='bbox 826 4128 882 4182; x_wconf 91' lang='lat' dir='ltr'><strong>in</strong></span> <span class='ocrx_word' id='word_1_393' title='bbox 916 4135 1088 4199; x_wconf 87' lang='lat' dir='ltr'><strong>terga,</strong></span> <span class='ocrx_word' id='word_1_394' title='bbox 1130 4135 1241 4184; x_wconf 86' lang='lat' dir='ltr'><strong>tres</strong></span> <span class='ocrx_word' id='word_1_395' title='bbox 1266 4145 1455 4187; x_wconf 89' lang='lat' dir='ltr'><strong>annos.</strong></span> <span class='ocrx_word' id='word_1_396' title='bbox 1484 4131 1541 4188; x_wconf 87' lang='lat' dir='ltr'><strong>Si</strong></span> <span class='ocrx_word' id='word_1_397' title='bbox 1564 4135 1716 4204; x_wconf 88' lang='lat' dir='ltr'><strong>pueri</strong></span> <span class='ocrx_word' id='word_1_398' title='bbox 1746 4146 1892 4197; x_wconf 82' lang='lat' dir='ltr'><strong>sunt.</strong></span> <span class='ocrx_word' id='word_1_399' title='bbox 1930 4137 2064 4194; x_wconf 88' lang='lat' dir='ltr'><strong>duos</strong></span> 
     </span>
    </p>
   </div>
   <div class='ocr_carea' id='block_1_60' title="bbox 484 4218 995 4288">
    <p class='ocr_par' dir='ltr' id='par_1_60' title="bbox 484 4218 995 4288">
     <span class='ocr_line' id='line_1_60' title="bbox 484 4218 995 4288; baseline 0 -15"><span class='ocrx_word' id='word_1_400' title='bbox 484 4233 651 4273; x_wconf 85' lang='lat' dir='ltr'><strong>annos</strong></span> <span class='ocrx_word' id='word_1_401' title='bbox 676 4218 995 4288; x_wconf 82' lang='lat' dir='ltr'><strong>poeniteant.</strong></span> 
     </span>
    </p>
   </div>
   <div class='ocr_carea' id='block_1_61' title="bbox 879 4306 1656 4382">
    <p class='ocr_par' dir='ltr' id='par_1_61' title="bbox 879 4306 1656 4382">
     <span class='ocr_line' id='line_1_61' title="bbox 879 4306 1656 4382; baseline 0.009 -20"><span class='ocrx_word' id='word_1_402' title='bbox 879 4306 957 4364; x_wconf 84' lang='lat' dir='ltr'><strong>De</strong></span> <span class='ocrx_word' id='word_1_403' title='bbox 980 4309 1258 4364; x_wconf 79' lang='lat' dir='ltr'><strong>mulierum</strong></span> <span class='ocrx_word' id='word_1_404' title='bbox 1290 4311 1656 4382; x_wconf 69' lang='lat' dir='ltr'><strong>fornicatione.</strong></span> 
     </span>
    </p>
   </div>
   <div class='ocr_carea' id='block_1_62' title="bbox 550 4398 2142 4501">
    <p class='ocr_par' dir='ltr' id='par_1_62' title="bbox 550 4398 2142 4501">
     <span class='ocr_line' id='line_1_62' title="bbox 550 4398 2142 4501; baseline 0.009 -50"><span class='ocrx_word' id='word_1_405' title='bbox 550 4398 682 4499; x_wconf 63' lang='lat' dir='ltr'><strong>fise.</strong></span> <span class='ocrx_word' id='word_1_406' title='bbox 731 4413 845 4452; x_wconf 85' lang='lat' dir='ltr'><strong>CCL.</strong></span> <span class='ocrx_word' id='word_1_407' title='bbox 896 4410 921 4439; x_wconf 73' lang='grc' dir='ltr'>α</span> <span class='ocrx_word' id='word_1_408' title='bbox 950 4398 1141 4501; x_wconf 74' lang='lat' dir='ltr'><strong>Mulier</strong></span> <span class='ocrx_word' id='word_1_409' title='bbox 1192 4414 1514 4501; x_wconf 72' lang='lat' dir='ltr'><strong>quocunque</strong></span> <span class='ocrx_word' id='word_1_410' title='bbox 1558 4407 1835 4463; x_wconf 89' lang='lat' dir='ltr'><strong>molimine</strong></span> <span class='ocrx_word' id='word_1_411' title='bbox 1883 4419 1976 4465; x_wconf 83' lang='lat' dir='ltr'><strong>aut</strong></span> <span class='ocrx_word' id='word_1_412' title='bbox 2006 4411 2060 4465; x_wconf 88' lang='lat' dir='ltr'><strong>in</strong></span> <span class='ocrx_word' id='word_1_413' title='bbox 2092 4440 2142 4501; x_wconf 74' lang='grc' dir='ltr'>ο</span> 
     </span>
    </p>
   </div>
   <div class='ocr_carea' id='block_1_63' title="bbox 481 4488 2057 4570">
    <p class='ocr_par' dir='ltr' id='par_1_63' title="bbox 481 4488 2057 4570">
     <span class='ocr_line' id='line_1_63' title="bbox 481 4488 2057 4570; baseline 0.009 -27"><span class='ocrx_word' id='word_1_414' title='bbox 481 4488 656 4559; x_wconf 85' lang='lat' dir='ltr'><strong>scipsa</strong></span> <span class='ocrx_word' id='word_1_415' title='bbox 697 4497 789 4542; x_wconf 89' lang='lat' dir='ltr'><strong>aut</strong></span> <span class='ocrx_word' id='word_1_416' title='bbox 830 4503 953 4544; x_wconf 90' lang='lat' dir='ltr'><strong>cum</strong></span> <span class='ocrx_word' id='word_1_417' title='bbox 1000 4490 1169 4546; x_wconf 86' lang='lat' dir='ltr'><strong>altera</strong></span> <span class='ocrx_word' id='word_1_418' title='bbox 1207 4488 1500 4561; x_wconf 87' lang='lat' dir='ltr'><strong>fornicans,</strong></span> <span class='ocrx_word' id='word_1_419' title='bbox 1535 4504 1647 4552; x_wconf 86' lang='lat' dir='ltr'><strong>tres</strong></span> <span class='ocrx_word' id='word_1_420' title='bbox 1675 4513 1844 4555; x_wconf 88' lang='lat' dir='ltr'><strong>annos</strong></span> <span class='ocrx_word' id='word_1_421' title='bbox 1881 4502 2057 4570; x_wconf 85' lang='lat' dir='ltr'><strong>poeni-</strong></span> 
     </span>
    </p>
   </div>
   <div class='ocr_carea' id='block_1_64' title="bbox 481 4588 613 4635">
    <p class='ocr_par' dir='ltr' id='par_1_64' title="bbox 481 4588 613 4635">
     <span class='ocr_line' id='line_1_64' title="bbox 481 4588 613 4635; baseline 0.023 -4"><span class='ocrx_word' id='word_1_422' title='bbox 481 4588 613 4635; x_wconf 66' lang='lat' dir='ltr'><strong>teat.</strong></span> 
     </span>
    </p>
   </div>
   <div class='ocr_carea' id='block_1_65' title="bbox 1080 4670 1446 4746">
    <p class='ocr_par' dir='ltr' id='par_1_65' title="bbox 1080 4670 1446 4746">
     <span class='ocr_line' id='line_1_65' title="bbox 1080 4670 1446 4746; baseline 0.011 -20"><span class='ocrx_word' id='word_1_423' title='bbox 1080 4670 1230 4728; x_wconf 85' lang='lat' dir='ltr'><strong>Unde</strong></span> <span class='ocrx_word' id='word_1_424' title='bbox 1266 4691 1446 4746; x_wconf 83' lang='lat' dir='ltr'><strong>supra.</strong></span> 
     </span>
    </p>
   </div>
   <div class='ocr_carea' id='block_1_66' title="bbox 550 4779 2059 4863">
    <p class='ocr_par' dir='ltr' id='par_1_66' title="bbox 550 4779 2059 4863">
     <span class='ocr_line' id='line_1_66' title="bbox 550 4779 2059 4863; baseline 0.012 -32"><span class='ocrx_word' id='word_1_425' title='bbox 550 4779 580 4817; x_wconf 69' lang='grc' dir='ltr'><strong>ι)</strong></span> <span class='ocrx_word' id='word_1_426' title='bbox 620 4779 678 4833; x_wconf 89' lang='lat' dir='ltr'><strong>Si</strong></span> <span class='ocrx_word' id='word_1_427' title='bbox 701 4781 1123 4838; x_wconf 89' lang='lat' dir='ltr'><strong>sanctimonialis</strong></span> <span class='ocrx_word' id='word_1_428' title='bbox 1145 4798 1267 4838; x_wconf 90' lang='lat' dir='ltr'><strong>cum</strong></span> <span class='ocrx_word' id='word_1_429' title='bbox 1284 4783 1385 4840; x_wconf 89' lang='lat' dir='ltr'><strong>alia</strong></span> <span class='ocrx_word' id='word_1_430' title='bbox 1416 4789 1812 4845; x_wconf 88' lang='lat' dir='ltr'><strong>sanctimoniali</strong></span> <span class='ocrx_word' id='word_1_431' title='bbox 1839 4807 1936 4863; x_wconf 87' lang='lat' dir='ltr'><strong>per</strong></span> <span class='ocrx_word' id='word_1_432' title='bbox 1960 4793 2059 4848; x_wconf 80' lang='lat' dir='ltr'><strong>ali-</strong></span> 
     </span>
    </p>
   </div>
   <div class='ocr_carea' id='block_1_67' title="bbox 482 4870 2058 4956">
    <p class='ocr_par' dir='ltr' id='par_1_67' title="bbox 482 4870 2058 4956">
     <span class='ocr_line' id='line_1_67' title="bbox 482 4870 2058 4956; baseline 0.013 -34"><span class='ocrx_word' id='word_1_433' title='bbox 482 4870 623 4939; x_wconf 91' lang='lat' dir='ltr'><strong>quod</strong></span> <span class='ocrx_word' id='word_1_434' title='bbox 646 4871 1135 4929; x_wconf 84' lang='lat' dir='ltr'><strong>machinamentum</strong></span> <span class='ocrx_word' id='word_1_435' title='bbox 1162 4874 1477 4945; x_wconf 89' lang='lat' dir='ltr'><strong>fornicatur,</strong></span> <span class='ocrx_word' id='word_1_436' title='bbox 1519 4889 1725 4952; x_wconf 91' lang='lat' dir='ltr'><strong>septem</strong></span> <span class='ocrx_word' id='word_1_437' title='bbox 1748 4898 1917 4939; x_wconf 82' lang='lat' dir='ltr'><strong>annos</strong></span> <span class='ocrx_word' id='word_1_438' title='bbox 1943 4901 2058 4956; x_wconf 51' lang='lat' dir='ltr'><strong>pm.</strong></span> 
     </span>
    </p>
   </div>
   <div class='ocr_carea' id='block_1_68' title="bbox 481 4966 669 5020">
    <p class='ocr_par' dir='ltr' id='par_1_68' title="bbox 481 4966 669 5020">
     <span class='ocr_line' id='line_1_68' title="bbox 481 4966 669 5020; baseline -0.005 0"><span class='ocrx_word' id='word_1_439' title='bbox 481 4966 669 5020; x_wconf 87' lang='lat' dir='ltr'><strong>niteat.</strong></span> 
     </span>
    </p>
   </div>
   <div class='ocr_carea' id='block_1_69' title="bbox 922 5057 1607 5135">
    <p class='ocr_par' dir='ltr' id='par_1_69' title="bbox 922 5057 1607 5135">
     <span class='ocr_line' id='line_1_69' title="bbox 922 5057 1607 5135; baseline 0.018 -26"><span class='ocrx_word' id='word_1_440' title='bbox 922 5057 1000 5111; x_wconf 86' lang='lat' dir='ltr'><strong>De</strong></span> <span class='ocrx_word' id='word_1_441' title='bbox 1026 5058 1326 5116; x_wconf 80' lang='lat' dir='ltr'><strong>illecebroso</strong></span> <span class='ocrx_word' id='word_1_442' title='bbox 1348 5065 1607 5135; x_wconf 65' lang='lat' dir='ltr'><strong>amplexu.</strong></span> 
     </span>
    </p>
   </div>
   <div class='ocr_carea' id='block_1_70' title="bbox 548 5150 2055 5233">
    <p class='ocr_par' dir='ltr' id='par_1_70' title="bbox 548 5150 2055 5233">
     <span class='ocr_line' id='line_1_70' title="bbox 548 5150 2055 5233; baseline 0.01 -27"><span class='ocrx_word' id='word_1_443' title='bbox 548 5150 679 5206; x_wconf 78' lang='lat' dir='ltr'><strong>CAP.</strong></span> <span class='ocrx_word' id='word_1_444' title='bbox 709 5167 847 5208; x_wconf 80' lang='lat' dir='ltr'><strong>ceu.</strong></span> <span class='ocrx_word' id='word_1_445' title='bbox 874 5163 894 5192; x_wconf 74' lang='grc' dir='ltr'><strong><em>ο</em></strong></span> <span class='ocrx_word' id='word_1_446' title='bbox 922 5151 1023 5220; x_wconf 88' lang='lat' dir='ltr'><strong>Qui</strong></span> <span class='ocrx_word' id='word_1_447' title='bbox 1044 5168 1142 5223; x_wconf 90' lang='lat' dir='ltr'><strong>per</strong></span> <span class='ocrx_word' id='word_1_448' title='bbox 1162 5153 1505 5215; x_wconf 89' lang='lat' dir='ltr'><strong>illecebrosos</strong></span> <span class='ocrx_word' id='word_1_449' title='bbox 1538 5160 1817 5233; x_wconf 82' lang='lat' dir='ltr'><strong>amplexus</strong></span> <span class='ocrx_word' id='word_1_450' title='bbox 1845 5163 2055 5220; x_wconf 57' lang='lat' dir='ltr'><strong>femina</strong></span> 
     </span>
    </p>
   </div>
   <div class='ocr_carea' id='block_1_71' title="bbox 478 5240 2051 5324">
    <p class='ocr_par' dir='ltr' id='par_1_71' title="bbox 478 5240 2051 5324">
     <span class='ocr_line' id='line_1_71' title="bbox 478 5240 2051 5324; baseline 0.011 -30"><span class='ocrx_word' id='word_1_451' title='bbox 478 5240 561 5296; x_wconf 89' lang='lat' dir='ltr'><strong>vel</strong></span> <span class='ocrx_word' id='word_1_452' title='bbox 594 5256 692 5312; x_wconf 89' lang='lat' dir='ltr'><strong>per</strong></span> <span class='ocrx_word' id='word_1_453' title='bbox 736 5242 976 5299; x_wconf 88' lang='lat' dir='ltr'><strong>osculum</strong></span> <span class='ocrx_word' id='word_1_454' title='bbox 1020 5242 1294 5315; x_wconf 90' lang='lat' dir='ltr'><strong>polluitur,</strong></span> <span class='ocrx_word' id='word_1_455' title='bbox 1348 5249 1567 5319; x_wconf 84' lang='lat' dir='ltr'><strong>triginta</strong></span> <span class='ocrx_word' id='word_1_456' title='bbox 1598 5252 1715 5308; x_wconf 91' lang='lat' dir='ltr'><strong>dies</strong></span> <span class='ocrx_word' id='word_1_457' title='bbox 1773 5255 2051 5324; x_wconf 65' lang='lat' dir='ltr'><strong>paeniteat.</strong></span> 
     </span>
    </p>
   </div>
   <div class='ocr_carea' id='block_1_72' title="bbox 478 5331 2050 5412">
    <p class='ocr_par' dir='ltr' id='par_1_72' title="bbox 478 5331 2050 5412">
     <span class='ocr_line' id='line_1_72' title="bbox 478 5331 2050 5412; baseline 0.011 -26"><span class='ocrx_word' id='word_1_458' title='bbox 478 5331 583 5400; x_wconf 87' lang='lat' dir='ltr'><strong>Qui</strong></span> <span class='ocrx_word' id='word_1_459' title='bbox 605 5332 844 5405; x_wconf 87' lang='lat' dir='ltr'><strong>tetigerit</strong></span> <span class='ocrx_word' id='word_1_460' title='bbox 882 5333 1241 5391; x_wconf 90' lang='lat' dir='ltr'><strong>inverecunde</strong></span> <span class='ocrx_word' id='word_1_461' title='bbox 1284 5352 1502 5393; x_wconf 90' lang='lat' dir='ltr'><strong>carnem</strong></span> <span class='ocrx_word' id='word_1_462' title='bbox 1559 5337 1797 5408; x_wconf 85' lang='lat' dir='ltr'><strong>ejusdem</strong></span> <span class='ocrx_word' id='word_1_463' title='bbox 1820 5345 2050 5412; x_wconf 66' lang='lat' dir='ltr'><strong>feminae,</strong></span> 
     </span>
    </p>
   </div>
   <div class='ocr_carea' id='block_1_73' title="bbox 481 5478 2055 5608">
    <p class='ocr_par' dir='ltr' id='par_1_73' title="bbox 481 5478 2055 5608">
     <span class='ocr_line' id='line_1_73' title="bbox 481 5478 2055 5608; baseline 0.015 -74"><span class='ocrx_word' id='word_1_464' title='bbox 481 5478 833 5608; x_wconf 46' lang='lat' dir='ltr'><strong>“gmBlgrchq</strong></span> <span class='ocrx_word' id='word_1_465' title='bbox 857 5487 893 5540; x_wconf 92' lang='lat' dir='ltr'><strong>l.</strong></span> <span class='ocrx_word' id='word_1_466' title='bbox 924 5502 1059 5554; x_wconf 82' lang='lat' dir='ltr'><strong>xvii,</strong></span> <span class='ocrx_word' id='word_1_467' title='bbox 1083 5503 1132 5543; x_wconf 92' lang='lat' dir='ltr'><strong>c.</strong></span> <span class='ocrx_word' id='word_1_468' title='bbox 1173 5488 1263 5555; x_wconf 77' lang='lat'><strong>27,</strong></span> <span class='ocrx_word' id='word_1_469' title='bbox 1296 5504 1360 5544; x_wconf 81' lang='lat' dir='ltr'><strong>ex</strong></span> <span class='ocrx_word' id='word_1_470' title='bbox 1399 5488 1758 5557; x_wconf 76' lang='lat' dir='ltr'><strong>Ptenitentiali</strong></span> <span class='ocrx_word' id='word_1_471' title='bbox 1788 5496 2055 5567; x_wconf 77' lang='lat' dir='ltr'><strong>Theodori</strong></span> 
     </span>
    </p>
   </div>
   <div class='ocr_carea' id='block_1_74' title="bbox 554 5619 1939 5697">
    <p class='ocr_par' dir='ltr' id='par_1_74' title="bbox 554 5619 1939 5697">
     <span class='ocr_line' id='line_1_74' title="bbox 554 5619 1939 5697; baseline 0.017 -25"><span class='ocrx_word' id='word_1_472' title='bbox 554 5619 583 5658; x_wconf 72' lang='grc' dir='ltr'>δ</span> <span class='ocrx_word' id='word_1_473' title='bbox 618 5621 840 5697; x_wconf 52' lang='grc' dir='ltr'><strong>θυιδαμ,</strong></span> <span class='ocrx_word' id='word_1_474' title='bbox 862 5626 966 5697; x_wconf 77' lang='lat' dir='ltr'><strong>lib.</strong></span> <span class='ocrx_word' id='word_1_475' title='bbox 996 5641 1125 5691; x_wconf 75' lang='lat' dir='ltr'><strong>xv&quot;,</strong></span> <span class='ocrx_word' id='word_1_476' title='bbox 1153 5643 1200 5683; x_wconf 95' lang='lat' dir='ltr'><strong>c.</strong></span> <span class='ocrx_word' id='word_1_477' title='bbox 1229 5629 1317 5697; x_wconf 74' lang='lat'><strong>28,</strong></span> <span class='ocrx_word' id='word_1_478' title='bbox 1343 5646 1409 5686; x_wconf 79' lang='lat' dir='ltr'><strong>ex</strong></span> <span class='ocrx_word' id='word_1_479' title='bbox 1443 5631 1636 5689; x_wconf 62' lang='lat' dir='ltr'><strong>Paruit.</strong></span> <span class='ocrx_word' id='word_1_480' title='bbox 1671 5634 1875 5693; x_wconf 80' lang='lat' dir='ltr'><strong>Theod.</strong></span> <span class='ocrx_word' id='word_1_481' title='bbox 1934 5646 1939 5651; x_wconf 74' lang='lat'><strong>‘</strong></span> 
     </span>
    </p>
   </div>
   <div class='ocr_carea' id='block_1_75' title="bbox 556 5689 1220 5763">
    <p class='ocr_par' dir='ltr' id='par_1_75' title="bbox 556 5689 1220 5763">
     <span class='ocr_line' id='line_1_75' title="bbox 556 5689 1220 5763; baseline 0.02 -24"><span class='ocrx_word' id='word_1_482' title='bbox 556 5698 577 5725; x_wconf 79' lang='grc'><strong><em>⁸</em></strong></span> <span class='ocrx_word' id='word_1_483' title='bbox 617 5689 833 5760; x_wconf 84' lang='lat' dir='ltr'><strong>Burch.,</strong></span> <span class='ocrx_word' id='word_1_484' title='bbox 860 5695 893 5746; x_wconf 90' lang='lat' dir='ltr'><strong>l.</strong></span> <span class='ocrx_word' id='word_1_485' title='bbox 926 5710 1019 5763; x_wconf 84' lang='lat' dir='ltr'><strong>vn,</strong></span> <span class='ocrx_word' id='word_1_486' title='bbox 1052 5689 1220 5751; x_wconf 50' lang='grc' dir='ltr'><strong>σξη.</strong></span> 
     </span>
    </p>
   </div>
   <div class='ocr_carea' id='block_1_76' title="bbox 2163 1840 3651 1908">
    <p class='ocr_par' dir='ltr' id='par_1_76' title="bbox 2163 1840 3651 1908">
     <span class='ocr_line' id='line_1_76' title="bbox 2163 1840 3651 1908; baseline -0.001 -13"><span class='ocrx_word' id='word_1_487' title='bbox 2163 1840 2434 1897; x_wconf 90' lang='lat' dir='ltr'><strong>similiter.</strong></span> <span class='ocrx_word' id='word_1_488' title='bbox 2501 1841 2603 1908; x_wconf 88' lang='lat' dir='ltr'><strong>Qui</strong></span> <span class='ocrx_word' id='word_1_489' title='bbox 2630 1841 2933 1897; x_wconf 85' lang='lat' dir='ltr'><strong>voluntarie</strong></span> <span class='ocrx_word' id='word_1_490' title='bbox 2956 1856 3141 1896; x_wconf 91' lang='lat' dir='ltr'><strong>semen</strong></span> <span class='ocrx_word' id='word_1_491' title='bbox 3164 1841 3295 1897; x_wconf 90' lang='lat' dir='ltr'><strong>fudit</strong></span> <span class='ocrx_word' id='word_1_492' title='bbox 3323 1843 3371 1896; x_wconf 93' lang='lat' dir='ltr'><strong>in</strong></span> <span class='ocrx_word' id='word_1_493' title='bbox 3404 1842 3598 1902; x_wconf 84' lang='lat' dir='ltr'><strong>ecclesia,</strong></span> <span class='ocrx_word' id='word_1_494' title='bbox 3615 1840 3651 1894; x_wconf 86' lang='lat' dir='ltr'><strong>si</strong></span> 
     </span>
    </p>
   </div>
   <div class='ocr_carea' id='block_1_77' title="bbox 2161 1931 3653 2001">
    <p class='ocr_par' dir='ltr' id='par_1_77' title="bbox 2161 1931 3653 2001">
     <span class='ocr_line' id='line_1_77' title="bbox 2161 1931 3653 2001; baseline -0.001 -15"><span class='ocrx_word' id='word_1_495' title='bbox 2161 1931 2394 1987; x_wconf 91' lang='lat' dir='ltr'><strong>clericus</strong></span> <span class='ocrx_word' id='word_1_496' title='bbox 2404 1941 2509 1996; x_wconf 87' lang='lat' dir='ltr'><strong>est,</strong></span> <span class='ocrx_word' id='word_1_497' title='bbox 2526 1933 2929 2001; x_wconf 89' lang='lat' dir='ltr'><strong>quatuordecim</strong></span> <span class='ocrx_word' id='word_1_498' title='bbox 2948 1949 2963 1999; x_wconf 91' lang='lat'><strong>;</strong></span> <span class='ocrx_word' id='word_1_499' title='bbox 2984 1933 3031 1987; x_wconf 89' lang='lat' dir='ltr'><strong>si</strong></span> <span class='ocrx_word' id='word_1_500' title='bbox 3047 1934 3331 1988; x_wconf 87' lang='lat' dir='ltr'><strong>monachus</strong></span> <span class='ocrx_word' id='word_1_501' title='bbox 3346 1940 3427 1987; x_wconf 88' lang='lat' dir='ltr'><strong>aut</strong></span> <span class='ocrx_word' id='word_1_502' title='bbox 3442 1933 3653 1995; x_wconf 83' lang='lat' dir='ltr'><strong>diaconus,</strong></span> 
     </span>
    </p>
   </div>
   <div class='ocr_carea' id='block_1_78' title="bbox 2164 2023 3653 2095">
    <p class='ocr_par' dir='ltr' id='par_1_78' title="bbox 2164 2023 3653 2095">
     <span class='ocr_line' id='line_1_78' title="bbox 2164 2023 3653 2095; baseline -0.001 -16"><span class='ocrx_word' id='word_1_503' title='bbox 2164 2024 2383 2095; x_wconf 84' lang='lat' dir='ltr'><strong>triginta</strong></span> <span class='ocrx_word' id='word_1_504' title='bbox 2407 2024 2553 2089; x_wconf 89' lang='lat' dir='ltr'><strong>dies;</strong></span> <span class='ocrx_word' id='word_1_505' title='bbox 2607 2024 2651 2078; x_wconf 90' lang='lat' dir='ltr'><strong>si</strong></span> <span class='ocrx_word' id='word_1_506' title='bbox 2683 2023 2985 2093; x_wconf 85' lang='lat' dir='ltr'><strong>presbyter,</strong></span> <span class='ocrx_word' id='word_1_507' title='bbox 3026 2023 3393 2094; x_wconf 84' lang='lat' dir='ltr'><strong>quadraginta;</strong></span> <span class='ocrx_word' id='word_1_508' title='bbox 3425 2024 3464 2078; x_wconf 91' lang='lat' dir='ltr'><strong>si</strong></span> <span class='ocrx_word' id='word_1_509' title='bbox 3497 2023 3653 2093; x_wconf 81' lang='lat' dir='ltr'><strong>episco-</strong></span> 
     </span>
    </p>
   </div>
   <div class='ocr_carea' id='block_1_79' title="bbox 2163 2116 3165 2187">
    <p class='ocr_par' dir='ltr' id='par_1_79' title="bbox 2163 2116 3165 2187">
     <span class='ocr_line' id='line_1_79' title="bbox 2163 2116 3165 2187; baseline -0.001 -17"><span class='ocrx_word' id='word_1_510' title='bbox 2163 2131 2283 2186; x_wconf 90' lang='lat' dir='ltr'><strong>pus,</strong></span> <span class='ocrx_word' id='word_1_511' title='bbox 2326 2116 2713 2187; x_wconf 85' lang='lat' dir='ltr'><strong>quinquaginta</strong></span> <span class='ocrx_word' id='word_1_512' title='bbox 2742 2116 2857 2170; x_wconf 89' lang='lat' dir='ltr'><strong>dies</strong></span> <span class='ocrx_word' id='word_1_513' title='bbox 2883 2116 3165 2185; x_wconf 68' lang='lat' dir='ltr'><strong>paeniteat.</strong></span> 
     </span>
    </p>
   </div>
   <div class='ocr_carea' id='block_1_80' title="bbox 2513 2206 3374 2279">
    <p class='ocr_par' dir='ltr' id='par_1_80' title="bbox 2513 2206 3374 2279">
     <span class='ocr_line' id='line_1_80' title="bbox 2513 2206 3374 2279; baseline 0 -18"><span class='ocrx_word' id='word_1_514' title='bbox 2513 2207 2590 2262; x_wconf 81' lang='lat' dir='ltr'><strong>De</strong></span> <span class='ocrx_word' id='word_1_515' title='bbox 2603 2206 3001 2279; x_wconf 82' lang='lat' dir='ltr'><strong>quadrupedum</strong></span> <span class='ocrx_word' id='word_1_516' title='bbox 3027 2206 3374 2277; x_wconf 74' lang='lat' dir='ltr'><strong>fornicatione.</strong></span> 
     </span>
    </p>
   </div>
   <div class='ocr_carea' id='block_1_81' title="bbox 2235 2297 3655 2371">
    <p class='ocr_par' dir='ltr' id='par_1_81' title="bbox 2235 2297 3655 2371">
     <span class='ocr_line' id='line_1_81' title="bbox 2235 2297 3655 2371; baseline -0.005 -18"><span class='ocrx_word' id='word_1_517' title='bbox 2235 2297 2362 2354; x_wconf 73' lang='lat' dir='ltr'><strong>Cu.</strong></span> <span class='ocrx_word' id='word_1_518' title='bbox 2382 2313 2563 2353; x_wconf 84' lang='lat' dir='ltr'><strong>ccuu.</strong></span> <span class='ocrx_word' id='word_1_519' title='bbox 2587 2308 2610 2337; x_wconf 70' lang='grc' dir='ltr'>θ</span> <span class='ocrx_word' id='word_1_520' title='bbox 2626 2297 2727 2365; x_wconf 86' lang='lat' dir='ltr'><strong>Qui</strong></span> <span class='ocrx_word' id='word_1_521' title='bbox 2741 2312 2864 2352; x_wconf 90' lang='lat' dir='ltr'><strong>cum</strong></span> <span class='ocrx_word' id='word_1_522' title='bbox 2879 2299 3090 2368; x_wconf 90' lang='lat' dir='ltr'><strong>pecude</strong></span> <span class='ocrx_word' id='word_1_523' title='bbox 3106 2305 3306 2371; x_wconf 86' lang='lat' dir='ltr'><strong>peccat,</strong></span> <span class='ocrx_word' id='word_1_524' title='bbox 3328 2310 3499 2352; x_wconf 88' lang='lat' dir='ltr'><strong>annum</strong></span> <span class='ocrx_word' id='word_1_525' title='bbox 3514 2307 3655 2349; x_wconf 79' lang='lat' dir='ltr'><strong>unum.</strong></span> 
     </span>
    </p>
   </div>
   <div class='ocr_carea' id='block_1_82' title="bbox 2165 2384 3657 2460">
    <p class='ocr_par' dir='ltr' id='par_1_82' title="bbox 2165 2384 3657 2460">
     <span class='ocr_line' id='line_1_82' title="bbox 2165 2384 3657 2460; baseline -0.006 -14"><span class='ocrx_word' id='word_1_526' title='bbox 2165 2390 2392 2458; x_wconf 86' lang='lat' dir='ltr'><strong>Quidam</strong></span> <span class='ocrx_word' id='word_1_527' title='bbox 2415 2391 2664 2460; x_wconf 84' lang='lat' dir='ltr'><strong>judicant</strong></span> <span class='ocrx_word' id='word_1_528' title='bbox 2685 2404 2854 2445; x_wconf 91' lang='lat' dir='ltr'><strong>annos</strong></span> <span class='ocrx_word' id='word_1_529' title='bbox 2883 2390 3095 2456; x_wconf 88' lang='lat' dir='ltr'><strong>decem,</strong></span> <span class='ocrx_word' id='word_1_530' title='bbox 3139 2388 3345 2460; x_wconf 91' lang='lat' dir='ltr'><strong>quidam</strong></span> <span class='ocrx_word' id='word_1_531' title='bbox 3369 2384 3657 2458; x_wconf 81' lang='lat' dir='ltr'><strong>septeni,qui-</strong></span> 
     </span>
    </p>
   </div>
   <div class='ocr_carea' id='block_1_83' title="bbox 2166 2474 3657 2551">
    <p class='ocr_par' dir='ltr' id='par_1_83' title="bbox 2166 2474 3657 2551">
     <span class='ocr_line' id='line_1_83' title="bbox 2166 2474 3657 2551; baseline -0.005 -14"><span class='ocrx_word' id='word_1_532' title='bbox 2166 2482 2291 2537; x_wconf 89' lang='lat' dir='ltr'><strong>dam</strong></span> <span class='ocrx_word' id='word_1_533' title='bbox 2345 2490 2595 2551; x_wconf 90' lang='lat' dir='ltr'><strong>quatuor,</strong></span> <span class='ocrx_word' id='word_1_534' title='bbox 2642 2481 2859 2550; x_wconf 86' lang='lat' dir='ltr'><strong>quidam</strong></span> <span class='ocrx_word' id='word_1_535' title='bbox 2912 2489 3133 2536; x_wconf 89' lang='lat' dir='ltr'><strong>centum</strong></span> <span class='ocrx_word' id='word_1_536' title='bbox 3172 2481 3300 2535; x_wconf 89' lang='lat' dir='ltr'><strong>dies.</strong></span> <span class='ocrx_word' id='word_1_537' title='bbox 3362 2477 3414 2533; x_wconf 90' lang='lat' dir='ltr'><strong>Si</strong></span> <span class='ocrx_word' id='word_1_538' title='bbox 3446 2477 3545 2547; x_wconf 88' lang='lat' dir='ltr'><strong>quis</strong></span> <span class='ocrx_word' id='word_1_539' title='bbox 3577 2474 3657 2529; x_wconf 81' lang='lat' dir='ltr'><strong>cle-</strong></span> 
     </span>
    </p>
   </div>
   <div class='ocr_carea' id='block_1_84' title="bbox 2167 2569 3660 2642">
    <p class='ocr_par' dir='ltr' id='par_1_84' title="bbox 2167 2569 3660 2642">
     <span class='ocr_line' id='line_1_84' title="bbox 2167 2569 3660 2642; baseline -0.007 -13"><span class='ocrx_word' id='word_1_540' title='bbox 2167 2575 2315 2630; x_wconf 85' lang='lat' dir='ltr'><strong>ricus</strong></span> <span class='ocrx_word' id='word_1_541' title='bbox 2385 2589 2508 2628; x_wconf 89' lang='lat' dir='ltr'><strong>cum</strong></span> <span class='ocrx_word' id='word_1_542' title='bbox 2565 2571 2911 2642; x_wconf 89' lang='lat' dir='ltr'><strong>quadrupede</strong></span> <span class='ocrx_word' id='word_1_543' title='bbox 2975 2571 3273 2627; x_wconf 88' lang='lat' dir='ltr'><strong>fornicatus</strong></span> <span class='ocrx_word' id='word_1_544' title='bbox 3316 2569 3494 2632; x_wconf 89' lang='lat' dir='ltr'><strong>fuerit,</strong></span> <span class='ocrx_word' id='word_1_545' title='bbox 3535 2577 3660 2620; x_wconf 82' lang='lat' dir='ltr'><strong>annos</strong></span> 
     </span>
    </p>
   </div>
   <div class='ocr_carea' id='block_1_85' title="bbox 2167 2657 3660 2733">
    <p class='ocr_par' dir='ltr' id='par_1_85' title="bbox 2167 2657 3660 2733">
     <span class='ocr_line' id='line_1_85' title="bbox 2167 2657 3660 2733; baseline -0.008 -10"><span class='ocrx_word' id='word_1_546' title='bbox 2167 2669 2301 2723; x_wconf 83' lang='lat' dir='ltr'><strong>duos</strong></span> <span class='ocrx_word' id='word_1_547' title='bbox 2327 2708 2342 2733; x_wconf 89' lang='lat'><strong>,</strong></span> <span class='ocrx_word' id='word_1_548' title='bbox 2421 2666 2781 2722; x_wconf 87' lang='lat' dir='ltr'><strong>subdiaconus</strong></span> <span class='ocrx_word' id='word_1_549' title='bbox 2832 2674 2943 2721; x_wconf 90' lang='lat' dir='ltr'><strong>tres</strong></span> <span class='ocrx_word' id='word_1_550' title='bbox 2977 2704 2993 2730; x_wconf 93' lang='lat'><strong>,</strong></span> <span class='ocrx_word' id='word_1_551' title='bbox 3052 2665 3304 2721; x_wconf 86' lang='lat' dir='ltr'><strong>diaconus</strong></span> <span class='ocrx_word' id='word_1_552' title='bbox 3344 2670 3393 2718; x_wconf 91' lang='lat' dir='ltr'><strong>et</strong></span> <span class='ocrx_word' id='word_1_553' title='bbox 3433 2657 3660 2716; x_wconf 80' lang='lat' dir='ltr'><strong>monachus</strong></span> 
     </span>
    </p>
   </div>
   <div class='ocr_carea' id='block_1_86' title="bbox 2164 2755 3660 2830">
    <p class='ocr_par' dir='ltr' id='par_1_86' title="bbox 2164 2755 3660 2830">
     <span class='ocr_line' id='line_1_86' title="bbox 2164 2755 3660 2830; baseline -0.005 -16"><span class='ocrx_word' id='word_1_554' title='bbox 2164 2760 2424 2830; x_wconf 80' lang='lat' dir='ltr'><strong>quinque,</strong></span> <span class='ocrx_word' id='word_1_555' title='bbox 2466 2759 2751 2830; x_wconf 85' lang='lat' dir='ltr'><strong>presbyter</strong></span> <span class='ocrx_word' id='word_1_556' title='bbox 2777 2766 3005 2827; x_wconf 89' lang='lat' dir='ltr'><strong>septem,</strong></span> <span class='ocrx_word' id='word_1_557' title='bbox 3082 2758 3356 2828; x_wconf 88' lang='lat' dir='ltr'><strong>episcopus</strong></span> <span class='ocrx_word' id='word_1_558' title='bbox 3388 2755 3543 2810; x_wconf 84' lang='lat' dir='ltr'><strong>decem</strong></span> <span class='ocrx_word' id='word_1_559' title='bbox 3577 2763 3660 2819; x_wconf 78' lang='lat' dir='ltr'><strong>pa:-</strong></span> 
     </span>
    </p>
   </div>
   <div class='ocr_carea' id='block_1_87' title="bbox 2168 2850 2357 2905">
    <p class='ocr_par' dir='ltr' id='par_1_87' title="bbox 2168 2850 2357 2905">
     <span class='ocr_line' id='line_1_87' title="bbox 2168 2850 2357 2905; baseline -0.005 -1"><span class='ocrx_word' id='word_1_560' title='bbox 2168 2850 2357 2905; x_wconf 86' lang='lat' dir='ltr'><strong>niteat.</strong></span> 
     </span>
    </p>
   </div>
   <div class='ocr_carea' id='block_1_88' title="bbox 2743 2918 3154 2976">
    <p class='ocr_par' dir='ltr' id='par_1_88' title="bbox 2743 2918 3154 2976">
     <span class='ocr_line' id='line_1_88' title="bbox 2743 2918 3154 2976; baseline 0.002 -3"><span class='ocrx_word' id='word_1_561' title='bbox 2743 2919 2819 2973; x_wconf 84' lang='lat' dir='ltr'><strong>De</strong></span> <span class='ocrx_word' id='word_1_562' title='bbox 2845 2918 3154 2976; x_wconf 79' lang='lat' dir='ltr'><strong>Sodomitis.</strong></span> 
     </span>
    </p>
   </div>
   <div class='ocr_carea' id='block_1_89' title="bbox 2239 3002 3662 3077">
    <p class='ocr_par' dir='ltr' id='par_1_89' title="bbox 2239 3002 3662 3077">
     <span class='ocr_line' id='line_1_89' title="bbox 2239 3002 3662 3077; baseline -0.007 -11"><span class='ocrx_word' id='word_1_563' title='bbox 2239 3010 2366 3066; x_wconf 77' lang='lat' dir='ltr'><strong>CAP.</strong></span> <span class='ocrx_word' id='word_1_564' title='bbox 2384 3026 2558 3066; x_wconf 82' lang='lat' dir='ltr'><strong>ccuv.</strong></span> <span class='ocrx_word' id='word_1_565' title='bbox 2595 3009 2613 3048; x_wconf 70' lang='grc' dir='ltr'>ί</span> <span class='ocrx_word' id='word_1_566' title='bbox 2640 3008 3124 3077; x_wconf 85' lang='lat' dir='ltr'><strong>Quifornicaverit,</strong></span> <span class='ocrx_word' id='word_1_567' title='bbox 3149 3009 3282 3066; x_wconf 89' lang='lat' dir='ltr'><strong>sicut</strong></span> <span class='ocrx_word' id='word_1_568' title='bbox 3297 3005 3561 3069; x_wconf 62' lang='lat' dir='ltr'><strong>Sodomitas,</strong></span> <span class='ocrx_word' id='word_1_569' title='bbox 3576 3002 3662 3072; x_wconf 77' lang='lat' dir='ltr'><strong>qui-</strong></span> 
     </span>
    </p>
   </div>
   <div class='ocr_carea' id='block_1_90' title="bbox 2092 3089 3662 3170">
    <p class='ocr_par' dir='ltr' id='par_1_90' title="bbox 2092 3089 3662 3170">
     <span class='ocr_line' id='line_1_90' title="bbox 2092 3089 3662 3170; baseline -0.01 -9"><span class='ocrx_word' id='word_1_570' title='bbox 2092 3098 2139 3161; x_wconf 88' lang='lat' dir='ltr'><strong><em>C</em></strong></span> <span class='ocrx_word' id='word_1_571' title='bbox 2171 3101 2292 3156; x_wconf 88' lang='lat' dir='ltr'><strong>dam</strong></span> <span class='ocrx_word' id='word_1_572' title='bbox 2316 3100 2692 3170; x_wconf 83' lang='lat' dir='ltr'><strong>judicaverunt</strong></span> <span class='ocrx_word' id='word_1_573' title='bbox 2715 3101 2899 3155; x_wconf 89' lang='lat' dir='ltr'><strong>decem</strong></span> <span class='ocrx_word' id='word_1_574' title='bbox 2915 3116 3111 3165; x_wconf 88' lang='lat' dir='ltr'><strong>annos,</strong></span> <span class='ocrx_word' id='word_1_575' title='bbox 3152 3099 3359 3170; x_wconf 84' lang='lat' dir='ltr'><strong>quidam</strong></span> <span class='ocrx_word' id='word_1_576' title='bbox 3385 3103 3574 3166; x_wconf 85' lang='lat' dir='ltr'><strong>septem,</strong></span> <span class='ocrx_word' id='word_1_577' title='bbox 3594 3089 3662 3145; x_wconf 74' lang='lat' dir='ltr'><strong>alii</strong></span> 
     </span>
    </p>
   </div>
   <div class='ocr_carea' id='block_1_91' title="bbox 2169 3182 3661 3261">
    <p class='ocr_par' dir='ltr' id='par_1_91' title="bbox 2169 3182 3661 3261">
     <span class='ocr_line' id='line_1_91' title="bbox 2169 3182 3661 3261; baseline -0.004 -18"><span class='ocrx_word' id='word_1_578' title='bbox 2169 3206 2355 3246; x_wconf 74' lang='lat' dir='ltr'><strong>unum.</strong></span> <span class='ocrx_word' id='word_1_579' title='bbox 2435 3191 2594 3246; x_wconf 88' lang='lat' dir='ltr'><strong>Pueri</strong></span> <span class='ocrx_word' id='word_1_580' title='bbox 2643 3199 2861 3251; x_wconf 89' lang='lat' dir='ltr'><strong>centum</strong></span> <span class='ocrx_word' id='word_1_581' title='bbox 2914 3192 3056 3247; x_wconf 83' lang='lat' dir='ltr'><strong>dies.</strong></span> <span class='ocrx_word' id='word_1_582' title='bbox 3127 3190 3593 3261; x_wconf 81' lang='lat' dir='ltr'><strong>Aliijudicaveruut,</strong></span> <span class='ocrx_word' id='word_1_583' title='bbox 3627 3182 3661 3237; x_wconf 86' lang='lat' dir='ltr'><strong>si</strong></span> 
     </span>
    </p>
   </div>
   <div class='ocr_carea' id='block_1_92' title="bbox 2168 3272 3666 3349">
    <p class='ocr_par' dir='ltr' id='par_1_92' title="bbox 2168 3272 3666 3349">
     <span class='ocr_line' id='line_1_92' title="bbox 2168 3272 3666 3349; baseline -0.005 -16"><span class='ocrx_word' id='word_1_584' title='bbox 2168 3279 2221 3333; x_wconf 92' lang='lat' dir='ltr'><strong>in</strong></span> <span class='ocrx_word' id='word_1_585' title='bbox 2246 3279 2631 3336; x_wconf 87' lang='lat' dir='ltr'><strong>consuetudine</strong></span> <span class='ocrx_word' id='word_1_586' title='bbox 2676 3287 2781 3346; x_wconf 91' lang='lat' dir='ltr'><strong>est,</strong></span> <span class='ocrx_word' id='word_1_587' title='bbox 2815 3281 2984 3336; x_wconf 89' lang='lat' dir='ltr'><strong>laicus</strong></span> <span class='ocrx_word' id='word_1_588' title='bbox 3020 3295 3192 3336; x_wconf 89' lang='lat' dir='ltr'><strong>annos</strong></span> <span class='ocrx_word' id='word_1_589' title='bbox 3229 3280 3461 3349; x_wconf 88' lang='lat' dir='ltr'><strong>quinque,</strong></span> <span class='ocrx_word' id='word_1_590' title='bbox 3493 3272 3666 3331; x_wconf 79' lang='lat' dir='ltr'><strong>clericus</strong></span> 
     </span>
    </p>
   </div>
   <div class='ocr_carea' id='block_1_93' title="bbox 2167 3368 3662 3443">
    <p class='ocr_par' dir='ltr' id='par_1_93' title="bbox 2167 3368 3662 3443">
     <span class='ocr_line' id='line_1_93' title="bbox 2167 3368 3662 3443; baseline -0.003 -16"><span class='ocrx_word' id='word_1_591' title='bbox 2167 3381 2395 3443; x_wconf 89' lang='lat' dir='ltr'><strong>septem,</strong></span> <span class='ocrx_word' id='word_1_592' title='bbox 2453 3375 2815 3430; x_wconf 83' lang='lat' dir='ltr'><strong>subdiaconus</strong></span> <span class='ocrx_word' id='word_1_593' title='bbox 2866 3384 2924 3430; x_wconf 89' lang='lat' dir='ltr'><strong>et</strong></span> <span class='ocrx_word' id='word_1_594' title='bbox 2960 3375 3260 3431; x_wconf 84' lang='lat' dir='ltr'><strong>monachus</strong></span> <span class='ocrx_word' id='word_1_595' title='bbox 3289 3380 3419 3435; x_wconf 83' lang='lat' dir='ltr'><strong>octo,</strong></span> <span class='ocrx_word' id='word_1_596' title='bbox 3463 3368 3662 3423; x_wconf 71' lang='lat' dir='ltr'><strong>diaconus</strong></span> 
     </span>
    </p>
   </div>
   <div class='ocr_carea' id='block_1_94' title="bbox 2166 3458 3665 3536">
    <p class='ocr_par' dir='ltr' id='par_1_94' title="bbox 2166 3458 3665 3536">
     <span class='ocr_line' id='line_1_94' title="bbox 2166 3458 3665 3536; baseline -0.007 -16"><span class='ocrx_word' id='word_1_597' title='bbox 2166 3465 2376 3530; x_wconf 89' lang='lat' dir='ltr'><strong>decem,</strong></span> <span class='ocrx_word' id='word_1_598' title='bbox 2404 3466 2688 3535; x_wconf 83' lang='lat' dir='ltr'><strong>presbyter</strong></span> <span class='ocrx_word' id='word_1_599' title='bbox 2715 3466 3019 3532; x_wconf 87' lang='lat' dir='ltr'><strong>duodecim,</strong></span> <span class='ocrx_word' id='word_1_600' title='bbox 3051 3466 3331 3536; x_wconf 87' lang='lat' dir='ltr'><strong>episcopus</strong></span> <span class='ocrx_word' id='word_1_601' title='bbox 3348 3458 3665 3526; x_wconf 70' lang='lat' dir='ltr'><strong>tredecimpa-</strong></span> 
     </span>
    </p>
   </div>
   <div class='ocr_carea' id='block_1_95' title="bbox 2163 3556 2355 3611">
    <p class='ocr_par' dir='ltr' id='par_1_95' title="bbox 2163 3556 2355 3611">
     <span class='ocr_line' id='line_1_95' title="bbox 2163 3556 2355 3611; baseline 0 0"><span class='ocrx_word' id='word_1_602' title='bbox 2163 3556 2355 3611; x_wconf 86' lang='lat' dir='ltr'><strong>niteat.</strong></span> 
     </span>
    </p>
   </div>
   <div class='ocr_carea' id='block_1_96' title="bbox 2434 3647 3458 3712">
    <p class='ocr_par' dir='ltr' id='par_1_96' title="bbox 2434 3647 3458 3712">
     <span class='ocr_line' id='line_1_96' title="bbox 2434 3647 3458 3712; baseline 0 -9"><span class='ocrx_word' id='word_1_603' title='bbox 2434 3647 2686 3706; x_wconf 78' lang='lat' dir='ltr'><strong>ABHINC</strong></span> <span class='ocrx_word' id='word_1_604' title='bbox 2716 3651 2805 3712; x_wconf 83' lang='lat' dir='ltr'><strong>DE</strong></span> <span class='ocrx_word' id='word_1_605' title='bbox 2831 3650 3071 3708; x_wconf 78' lang='lat' dir='ltr'><strong>FURTO</strong></span> <span class='ocrx_word' id='word_1_606' title='bbox 3093 3650 3180 3707; x_wconf 88' lang='lat' dir='ltr'><strong>ET</strong></span> <span class='ocrx_word' id='word_1_607' title='bbox 3206 3648 3458 3706; x_wconf 70' lang='lat' dir='ltr'><strong>RAPlNA.</strong></span> 
     </span>
    </p>
   </div>
   <div class='ocr_carea' id='block_1_97' title="bbox 2521 3742 3387 3817">
    <p class='ocr_par' dir='ltr' id='par_1_97' title="bbox 2521 3742 3387 3817">
     <span class='ocr_line' id='line_1_97' title="bbox 2521 3742 3387 3817; baseline -0.002 -19"><span class='ocrx_word' id='word_1_608' title='bbox 2521 3742 2623 3817; x_wconf 78' lang='lat' dir='ltr'><strong>(Ex</strong></span> <span class='ocrx_word' id='word_1_609' title='bbox 2636 3744 3000 3803; x_wconf 74' lang='lat' dir='ltr'><strong>Pmnitentiali</strong></span> <span class='ocrx_word' id='word_1_610' title='bbox 3024 3747 3168 3801; x_wconf 80' lang='lat' dir='ltr'><strong>unde</strong></span> <span class='ocrx_word' id='word_1_611' title='bbox 3187 3744 3387 3817; x_wconf 85' lang='lat' dir='ltr'><strong>supra.)</strong></span> 
     </span>
    </p>
   </div>
   <div class='ocr_carea' id='block_1_98' title="bbox 2234 3827 3663 3907">
    <p class='ocr_par' dir='ltr' id='par_1_98' title="bbox 2234 3827 3663 3907">
     <span class='ocr_line' id='line_1_98' title="bbox 2234 3827 3663 3907; baseline -0.003 -19"><span class='ocrx_word' id='word_1_612' title='bbox 2234 3832 2361 3888; x_wconf 66' lang='lat' dir='ltr'><strong>CAP.</strong></span> <span class='ocrx_word' id='word_1_613' title='bbox 2403 3849 2594 3892; x_wconf 54' lang='lat' dir='ltr'><strong>ccxxv.</strong></span> <span class='ocrx_word' id='word_1_614' title='bbox 2651 3833 2758 3902; x_wconf 80' lang='lat' dir='ltr'><strong>Qui</strong></span> <span class='ocrx_word' id='word_1_615' title='bbox 2791 3836 3090 3906; x_wconf 84' lang='lat' dir='ltr'><strong>cupiditate</strong></span> <span class='ocrx_word' id='word_1_616' title='bbox 3125 3846 3312 3907; x_wconf 84' lang='lat' dir='ltr'><strong>captus</strong></span> <span class='ocrx_word' id='word_1_617' title='bbox 3346 3834 3525 3889; x_wconf 83' lang='lat' dir='ltr'><strong>furtum</strong></span> <span class='ocrx_word' id='word_1_618' title='bbox 3556 3827 3663 3883; x_wconf 77' lang='lat' dir='ltr'><strong>feet-</strong></span> 
     </span>
    </p>
   </div>
   <div class='ocr_carea' id='block_1_99' title="bbox 2164 3924 3664 3995">
    <p class='ocr_par' dir='ltr' id='par_1_99' title="bbox 2164 3924 3664 3995">
     <span class='ocr_line' id='line_1_99' title="bbox 2164 3924 3664 3995; baseline 0.007 -19"><span class='ocrx_word' id='word_1_619' title='bbox 2164 3924 2252 3989; x_wconf 86' lang='lat' dir='ltr'><strong>rit,</strong></span> <span class='ocrx_word' id='word_1_620' title='bbox 2300 3925 2443 3993; x_wconf 90' lang='lat' dir='ltr'><strong>quod</strong></span> <span class='ocrx_word' id='word_1_621' title='bbox 2473 3927 2755 3983; x_wconf 86' lang='lat' dir='ltr'><strong>abstulerit</strong></span> <span class='ocrx_word' id='word_1_622' title='bbox 2796 3928 3005 3993; x_wconf 85' lang='lat' dir='ltr'><strong>reddat,</strong></span> <span class='ocrx_word' id='word_1_623' title='bbox 3050 3938 3109 3984; x_wconf 88' lang='lat' dir='ltr'><strong>et</strong></span> <span class='ocrx_word' id='word_1_624' title='bbox 3149 3942 3316 3982; x_wconf 83' lang='lat' dir='ltr'><strong>annos</strong></span> <span class='ocrx_word' id='word_1_625' title='bbox 3360 3925 3664 3995; x_wconf 70' lang='grc' dir='ltr'><strong>ιιιιίηφιεΙκι·</strong></span> 
     </span>
    </p>
   </div>
   <div class='ocr_carea' id='block_1_100' title="bbox 2164 4012 2350 4068">
    <p class='ocr_par' dir='ltr' id='par_1_100' title="bbox 2164 4012 2350 4068">
     <span class='ocr_line' id='line_1_100' title="bbox 2164 4012 2350 4068; baseline 0.005 -3"><span class='ocrx_word' id='word_1_626' title='bbox 2164 4012 2350 4068; x_wconf 84' lang='lat' dir='ltr'><strong>niteat.</strong></span> 
     </span>
    </p>
   </div>
   <div class='ocr_carea' id='block_1_101' title="bbox 2766 4086 3155 4151">
    <p class='ocr_par' dir='ltr' id='par_1_101' title="bbox 2766 4086 3155 4151">
     <span class='ocr_line' id='line_1_101' title="bbox 2766 4086 3155 4151; baseline 0 -8"><span class='ocrx_word' id='word_1_627' title='bbox 2766 4086 2843 4145; x_wconf 74' lang='lat' dir='ltr'><strong>De</strong></span> <span class='ocrx_word' id='word_1_628' title='bbox 2866 4088 3051 4151; x_wconf 69' lang='lat' dir='ltr'><strong>eadem</strong></span> <span class='ocrx_word' id='word_1_629' title='bbox 3079 4106 3155 4143; x_wconf 82' lang='lat' dir='ltr'><strong>re.</strong></span> 
     </span>
    </p>
   </div>
   <div class='ocr_carea' id='block_1_102' title="bbox 2763 4180 3153 4252">
    <p class='ocr_par' dir='ltr' id='par_1_102' title="bbox 2763 4180 3153 4252">
     <span class='ocr_line' id='line_1_102' title="bbox 2763 4180 3153 4252; baseline 0.003 -15"><span class='ocrx_word' id='word_1_630' title='bbox 2763 4180 2867 4252; x_wconf 78' lang='lat' dir='ltr'><strong>(Ex</strong></span> <span class='ocrx_word' id='word_1_631' title='bbox 2909 4182 3153 4251; x_wconf 86' lang='lat' dir='ltr'><strong>eodem.)</strong></span> 
     </span>
    </p>
   </div>
   <div class='ocr_carea' id='block_1_103' title="bbox 2232 4268 3660 4343">
    <p class='ocr_par' dir='ltr' id='par_1_103' title="bbox 2232 4268 3660 4343">
     <span class='ocr_line' id='line_1_103' title="bbox 2232 4268 3660 4343; baseline 0.013 -20"><span class='ocrx_word' id='word_1_632' title='bbox 2232 4268 2359 4324; x_wconf 71' lang='lat' dir='ltr'><strong>Cu.</strong></span> <span class='ocrx_word' id='word_1_633' title='bbox 2390 4286 2621 4327; x_wconf 71' lang='lat' dir='ltr'><strong>ccum.</strong></span> <span class='ocrx_word' id='word_1_634' title='bbox 2662 4271 2765 4339; x_wconf 85' lang='lat' dir='ltr'><strong>Qui</strong></span> <span class='ocrx_word' id='word_1_635' title='bbox 2785 4288 2926 4343; x_wconf 65' lang='lat' dir='ltr'><strong>saepe</strong></span> <span class='ocrx_word' id='word_1_636' title='bbox 2952 4271 3160 4333; x_wconf 72' lang='lat' dir='ltr'><strong>furtum</strong></span> <span class='ocrx_word' id='word_1_637' title='bbox 3184 4272 3380 4335; x_wconf 85' lang='lat' dir='ltr'><strong>fecerit,</strong></span> <span class='ocrx_word' id='word_1_638' title='bbox 3408 4274 3575 4338; x_wconf 60' lang='grc'><strong>⁸⁸9⁸⁸³³</strong></span> <span class='ocrx_word' id='word_1_639' title='bbox 3595 4275 3660 4314; x_wconf 61' lang='grc' dir='ltr'><strong>π’</strong></span> 
     </span>
    </p>
   </div>
   <div class='ocr_carea' id='block_1_104' title="bbox 2163 4363 2556 4433">
    <p class='ocr_par' dir='ltr' id='par_1_104' title="bbox 2163 4363 2556 4433">
     <span class='ocr_line' id='line_1_104' title="bbox 2163 4363 2556 4433; baseline 0.003 -17"><span class='ocrx_word' id='word_1_640' title='bbox 2163 4376 2263 4416; x_wconf 90' lang='lat' dir='ltr'><strong>nos</strong></span> <span class='ocrx_word' id='word_1_641' title='bbox 2276 4363 2421 4433; x_wconf 64' lang='lat' dir='ltr'><strong>pruni</strong></span> <span class='ocrx_word' id='word_1_642' title='bbox 2428 4370 2556 4418; x_wconf 79' lang='lat' dir='ltr'><strong>teat.</strong></span> 
     </span>
    </p>
   </div>
   <div class='ocr_carea' id='block_1_105' title="bbox 2776 4433 3135 4509">
    <p class='ocr_par' dir='ltr' id='par_1_105' title="bbox 2776 4433 3135 4509">
     <span class='ocr_line' id='line_1_105' title="bbox 2776 4433 3135 4509; baseline 0.003 -20"><span class='ocrx_word' id='word_1_643' title='bbox 2776 4433 2927 4491; x_wconf 80' lang='lat' dir='ltr'><strong>Unde</strong></span> <span class='ocrx_word' id='word_1_644' title='bbox 2950 4453 3135 4509; x_wconf 85' lang='lat' dir='ltr'><strong>supra.</strong></span> 
     </span>
    </p>
   </div>
   <div class='ocr_carea' id='block_1_106' title="bbox 2231 4516 3663 4597">
    <p class='ocr_par' dir='ltr' id='par_1_106' title="bbox 2231 4516 3663 4597">
     <span class='ocr_line' id='line_1_106' title="bbox 2231 4516 3663 4597; baseline -0.003 -21"><span class='ocrx_word' id='word_1_645' title='bbox 2231 4520 2361 4577; x_wconf 74' lang='lat' dir='ltr'><strong>CAP.</strong></span> <span class='ocrx_word' id='word_1_646' title='bbox 2392 4536 2646 4578; x_wconf 79' lang='lat' dir='ltr'><strong>ccuvm.</strong></span> <span class='ocrx_word' id='word_1_647' title='bbox 2690 4522 2750 4579; x_wconf 87' lang='lat' dir='ltr'><strong>Si</strong></span> <span class='ocrx_word' id='word_1_648' title='bbox 2795 4525 2917 4597; x_wconf 90' lang='lat' dir='ltr'><strong>quis</strong></span> <span class='ocrx_word' id='word_1_649' title='bbox 2962 4525 3271 4596; x_wconf 73' lang='lat' dir='ltr'><strong>sepulcrum</strong></span> <span class='ocrx_word' id='word_1_650' title='bbox 3305 4516 3566 4577; x_wconf 83' lang='lat' dir='ltr'><strong>violaverit.</strong></span> <span class='ocrx_word' id='word_1_651' title='bbox 3602 4524 3663 4563; x_wconf 70' lang='grc' dir='ltr'><strong>ιο-</strong></span> 
     </span>
    </p>
   </div>
   <div class='ocr_carea' id='block_1_107' title="bbox 2156 4614 3611 4705">
    <p class='ocr_par' dir='ltr' id='par_1_107' title="bbox 2156 4614 3611 4705">
     <span class='ocr_line' id='line_1_107' title="bbox 2156 4614 3611 4705; baseline 0.007 -38"><span class='ocrx_word' id='word_1_652' title='bbox 2156 4620 2306 4683; x_wconf 87' lang='lat' dir='ltr'><strong>ptem</strong></span> <span class='ocrx_word' id='word_1_653' title='bbox 2327 4627 2496 4669; x_wconf 87' lang='lat' dir='ltr'><strong>annos</strong></span> <span class='ocrx_word' id='word_1_654' title='bbox 2534 4614 2812 4705; x_wconf 59' lang='lat' dir='ltr'><strong>paeniteat,</strong></span> <span class='ocrx_word' id='word_1_655' title='bbox 2841 4624 2952 4671; x_wconf 89' lang='lat' dir='ltr'><strong>tres</strong></span> <span class='ocrx_word' id='word_1_656' title='bbox 2972 4631 3039 4671; x_wconf 78' lang='lat' dir='ltr'><strong>ex</strong></span> <span class='ocrx_word' id='word_1_657' title='bbox 3072 4616 3156 4672; x_wconf 91' lang='lat' dir='ltr'><strong>his</strong></span> <span class='ocrx_word' id='word_1_658' title='bbox 3183 4616 3238 4671; x_wconf 88' lang='lat' dir='ltr'><strong>in</strong></span> <span class='ocrx_word' id='word_1_659' title='bbox 3268 4628 3397 4685; x_wconf 69' lang='lat' dir='ltr'><strong>pane</strong></span> <span class='ocrx_word' id='word_1_660' title='bbox 3415 4618 3463 4665; x_wconf 78' lang='grc' dir='ltr'>ει</span> <span class='ocrx_word' id='word_1_661' title='bbox 3486 4616 3611 4676; x_wconf 45' lang='lat' dir='ltr'><strong>“lum</strong></span> 
     </span>
    </p>
   </div>
   <div class='ocr_carea' id='block_1_108' title="bbox 2762 4707 3143 4762">
    <p class='ocr_par' dir='ltr' id='par_1_108' title="bbox 2762 4707 3143 4762">
     <span class='ocr_line' id='line_1_108' title="bbox 2762 4707 3143 4762; baseline 0.003 -1"><span class='ocrx_word' id='word_1_662' title='bbox 2762 4707 2837 4761; x_wconf 86' lang='lat' dir='ltr'><strong>De</strong></span> <span class='ocrx_word' id='word_1_663' title='bbox 2858 4707 3040 4762; x_wconf 78' lang='lat' dir='ltr'><strong>eadem</strong></span> <span class='ocrx_word' id='word_1_664' title='bbox 3072 4725 3143 4762; x_wconf 83' lang='lat' dir='ltr'><strong>re.</strong></span> 
     </span>
    </p>
   </div>
   <div class='ocr_carea' id='block_1_109' title="bbox 2579 4794 3315 4870">
    <p class='ocr_par' dir='ltr' id='par_1_109' title="bbox 2579 4794 3315 4870">
     <span class='ocr_line' id='line_1_109' title="bbox 2579 4794 3315 4870; baseline 0 -19"><span class='ocrx_word' id='word_1_665' title='bbox 2579 4797 2678 4870; x_wconf 77' lang='lat' dir='ltr'><strong>(Ex</strong></span> <span class='ocrx_word' id='word_1_666' title='bbox 2696 4797 2884 4852; x_wconf 88' lang='lat' dir='ltr'><strong>eodem</strong></span> <span class='ocrx_word' id='word_1_667' title='bbox 2911 4794 3315 4866; x_wconf 71' lang='lat' dir='ltr'><strong>Pmnitentiali.)</strong></span> 
     </span>
    </p>
   </div>
   <div class='ocr_carea' id='block_1_110' title="bbox 2225 4882 3660 4961">
    <p class='ocr_par' dir='ltr' id='par_1_110' title="bbox 2225 4882 3660 4961">
     <span class='ocr_line' id='line_1_110' title="bbox 2225 4882 3660 4961; baseline -0.007 -16"><span class='ocrx_word' id='word_1_668' title='bbox 2225 4889 2353 4945; x_wconf 75' lang='lat' dir='ltr'><strong>CAP.</strong></span> <span class='ocrx_word' id='word_1_669' title='bbox 2384 4906 2608 4946; x_wconf 65' lang='lat' dir='ltr'><strong>cccxxv.</strong></span> <span class='ocrx_word' id='word_1_670' title='bbox 2636 4889 2694 4946; x_wconf 89' lang='lat' dir='ltr'><strong>Si</strong></span> <span class='ocrx_word' id='word_1_671' title='bbox 2719 4890 2914 4961; x_wconf 89' lang='lat' dir='ltr'><strong>aliquis</strong></span> <span class='ocrx_word' id='word_1_672' title='bbox 2937 4893 3002 4947; x_wconf 94' lang='lat' dir='ltr'><strong>de</strong></span> <span class='ocrx_word' id='word_1_673' title='bbox 3024 4890 3321 4946; x_wconf 89' lang='lat' dir='ltr'><strong>ministerio</strong></span> <span class='ocrx_word' id='word_1_674' title='bbox 3339 4882 3549 4942; x_wconf 67' lang='lat' dir='ltr'><strong>ecclesia:</strong></span> <span class='ocrx_word' id='word_1_675' title='bbox 3565 4887 3660 4945; x_wconf 81' lang='lat' dir='ltr'><strong>quo-</strong></span> 
     </span>
    </p>
   </div>
   <div class='ocr_carea' id='block_1_111' title="bbox 2154 4975 3660 5051">
    <p class='ocr_par' dir='ltr' id='par_1_111' title="bbox 2154 4975 3660 5051">
     <span class='ocr_line' id='line_1_111' title="bbox 2154 4975 3660 5051; baseline -0.006 -18"><span class='ocrx_word' id='word_1_676' title='bbox 2154 4978 2288 5034; x_wconf 89' lang='lat' dir='ltr'><strong>libet</strong></span> <span class='ocrx_word' id='word_1_677' title='bbox 2322 4980 2482 5035; x_wconf 90' lang='lat' dir='ltr'><strong>modo</strong></span> <span class='ocrx_word' id='word_1_678' title='bbox 2512 4980 2711 5051; x_wconf 89' lang='lat' dir='ltr'><strong>aliquid</strong></span> <span class='ocrx_word' id='word_1_679' title='bbox 2737 4980 2947 5037; x_wconf 88' lang='lat' dir='ltr'><strong>furatus</strong></span> <span class='ocrx_word' id='word_1_680' title='bbox 2972 4981 3159 5048; x_wconf 86' lang='lat' dir='ltr'><strong>fuerit,</strong></span> <span class='ocrx_word' id='word_1_681' title='bbox 3192 4987 3388 5049; x_wconf 85' lang='lat' dir='ltr'><strong>septem</strong></span> <span class='ocrx_word' id='word_1_682' title='bbox 3413 4983 3557 5029; x_wconf 84' lang='lat' dir='ltr'><strong>annos</strong></span> <span class='ocrx_word' id='word_1_683' title='bbox 3577 4975 3660 5036; x_wconf 74' lang='grc' dir='ltr'><strong>ρω-</strong></span> 
     </span>
    </p>
   </div>
   <div class='ocr_carea' id='block_1_112' title="bbox 2156 5070 2344 5125">
    <p class='ocr_par' dir='ltr' id='par_1_112' title="bbox 2156 5070 2344 5125">
     <span class='ocr_line' id='line_1_112' title="bbox 2156 5070 2344 5125; baseline 0 -1"><span class='ocrx_word' id='word_1_684' title='bbox 2156 5070 2344 5125; x_wconf 89' lang='lat' dir='ltr'><strong>niteat.</strong></span> 
     </span>
    </p>
   </div>
   <div class='ocr_carea' id='block_1_113' title="bbox 2771 5162 3147 5236">
    <p class='ocr_par' dir='ltr' id='par_1_113' title="bbox 2771 5162 3147 5236">
     <span class='ocr_line' id='line_1_113' title="bbox 2771 5162 3147 5236; baseline 0.003 -18"><span class='ocrx_word' id='word_1_685' title='bbox 2771 5162 2852 5218; x_wconf 87' lang='lat' dir='ltr'><strong>De</strong></span> <span class='ocrx_word' id='word_1_686' title='bbox 2870 5180 3147 5236; x_wconf 68' lang='lat' dir='ltr'><strong>penuria.-</strong></span> 
     </span>
    </p>
   </div>
   <div class='ocr_carea' id='block_1_114' title="bbox 2570 5250 3321 5325">
    <p class='ocr_par' dir='ltr' id='par_1_114' title="bbox 2570 5250 3321 5325">
     <span class='ocr_line' id='line_1_114' title="bbox 2570 5250 3321 5325; baseline -0.017 -9"><span class='ocrx_word' id='word_1_687' title='bbox 2570 5254 2671 5325; x_wconf 80' lang='lat' dir='ltr'><strong>(Ex</strong></span> <span class='ocrx_word' id='word_1_688' title='bbox 2701 5256 2889 5311; x_wconf 90' lang='lat' dir='ltr'><strong>eodem</strong></span> <span class='ocrx_word' id='word_1_689' title='bbox 2910 5250 3321 5323; x_wconf 76' lang='lat' dir='ltr'><strong>Poenitentiali.)</strong></span> 
     </span>
    </p>
   </div>
   <div class='ocr_carea' id='block_1_115' title="bbox 2227 5322 3657 5417">
    <p class='ocr_par' dir='ltr' id='par_1_115' title="bbox 2227 5322 3657 5417">
     <span class='ocr_line' id='line_1_115' title="bbox 2227 5322 3657 5417; baseline -0.01 -18"><span class='ocrx_word' id='word_1_690' title='bbox 2227 5343 2354 5401; x_wconf 73' lang='lat' dir='ltr'><strong>CAP.</strong></span> <span class='ocrx_word' id='word_1_691' title='bbox 2409 5322 2650 5400; x_wconf 79' lang='lat' dir='ltr'><strong>cchxiv.</strong></span> <span class='ocrx_word' id='word_1_692' title='bbox 2710 5348 2735 5386; x_wconf 76' lang='grc' dir='ltr'><strong>ε</strong></span> <span class='ocrx_word' id='word_1_693' title='bbox 2780 5345 3099 5417; x_wconf 89' lang='lat' dir='ltr'><strong>Quicunque</strong></span> <span class='ocrx_word' id='word_1_694' title='bbox 3158 5322 3331 5403; x_wconf 79' lang='lat' dir='ltr'><strong>sciens</strong></span> <span class='ocrx_word' id='word_1_695' title='bbox 3368 5322 3657 5414; x_wconf 62' lang='lat' dir='ltr'><strong>periuram“</strong></span> 
     </span>
    </p>
   </div>
   <div class='ocr_carea' id='block_1_116' title="bbox 2226 5503 2937 5569">
    <p class='ocr_par' dir='ltr' id='par_1_116' title="bbox 2226 5503 2937 5569">
     <span class='ocr_line' id='line_1_116' title="bbox 2226 5503 2937 5569; baseline -0.003 -10"><span class='ocrx_word' id='word_1_696' title='bbox 2226 5503 2253 5547; x_wconf 68' lang='grc' dir='ltr'><em>ά</em></span> <span class='ocrx_word' id='word_1_697' title='bbox 2293 5503 2513 5568; x_wconf 86' lang='lat' dir='ltr'><strong>Burch.,</strong></span> <span class='ocrx_word' id='word_1_698' title='bbox 2545 5504 2580 5557; x_wconf 88' lang='grc' dir='ltr'><strong>ι.</strong></span> <span class='ocrx_word' id='word_1_699' title='bbox 2613 5519 2744 5569; x_wconf 77' lang='lat' dir='ltr'><strong>xvii,</strong></span> <span class='ocrx_word' id='word_1_700' title='bbox 2774 5517 2823 5558; x_wconf 90' lang='lat' dir='ltr'><strong>c.</strong></span> <span class='ocrx_word' id='word_1_701' title='bbox 2847 5503 2937 5561; x_wconf 69' lang='grc' dir='ltr'><strong>ιδ.</strong></span> 
     </span>
    </p>
   </div>
   <div class='ocr_carea' id='block_1_117' title="bbox 2233 5573 2935 5640">
    <p class='ocr_par' dir='ltr' id='par_1_117' title="bbox 2233 5573 2935 5640">
     <span class='ocr_line' id='line_1_117' title="bbox 2233 5573 2935 5640; baseline 0.003 -12"><span class='ocrx_word' id='word_1_702' title='bbox 2233 5584 2256 5613; x_wconf 76' lang='grc' dir='ltr'><strong>ε</strong></span> <span class='ocrx_word' id='word_1_703' title='bbox 2295 5573 2515 5639; x_wconf 82' lang='lat' dir='ltr'><strong>Burcli.,</strong></span> <span class='ocrx_word' id='word_1_704' title='bbox 2555 5573 2591 5626; x_wconf 92' lang='lat' dir='ltr'><strong>l.</strong></span> <span class='ocrx_word' id='word_1_705' title='bbox 2621 5588 2821 5640; x_wconf 80' lang='lat' dir='ltr'><strong>xvu,c.</strong></span> <span class='ocrx_word' id='word_1_706' title='bbox 2849 5573 2935 5630; x_wconf 75' lang='grc'><strong>52.</strong></span> 
     </span>
    </p>
   </div>
   <div class='ocr_carea' id='block_1_118' title="bbox 2236 5642 2944 5708">
    <p class='ocr_par' dir='ltr' id='par_1_118' title="bbox 2236 5642 2944 5708">
     <span class='ocr_line' id='line_1_118' title="bbox 2236 5642 2944 5708; baseline 0.003 -12"><span class='ocrx_word' id='word_1_707' title='bbox 2236 5643 2255 5681; x_wconf 72' lang='grc' dir='ltr'>ί</span> <span class='ocrx_word' id='word_1_708' title='bbox 2297 5642 2516 5708; x_wconf 83' lang='lat' dir='ltr'><strong>Burch.,</strong></span> <span class='ocrx_word' id='word_1_709' title='bbox 2557 5644 2593 5698; x_wconf 86' lang='grc' dir='ltr'><strong>Ι.</strong></span> <span class='ocrx_word' id='word_1_710' title='bbox 2628 5659 2757 5708; x_wconf 81' lang='lat' dir='ltr'><strong>xvu,</strong></span> <span class='ocrx_word' id='word_1_711' title='bbox 2785 5659 2834 5698; x_wconf 92' lang='lat' dir='ltr'><strong>c.</strong></span> <span class='ocrx_word' id='word_1_712' title='bbox 2857 5644 2944 5699; x_wconf 71' lang='grc' dir='ltr'><strong>δι.</strong></span> 
     </span>
    </p>
   </div>
   <div class='ocr_carea' id='block_1_119' title="bbox 2235 5713 2881 5781">
    <p class='ocr_par' dir='ltr' id='par_1_119' title="bbox 2235 5713 2881 5781">
     <span class='ocr_line' id='line_1_119' title="bbox 2235 5713 2881 5781; baseline 0 -13"><span class='ocrx_word' id='word_1_713' title='bbox 2235 5716 2258 5752; x_wconf 75' lang='grc'>⁸</span> <span class='ocrx_word' id='word_1_714' title='bbox 2295 5713 2517 5781; x_wconf 80' lang='lat' dir='ltr'><strong>Burch.,</strong></span> <span class='ocrx_word' id='word_1_715' title='bbox 2558 5713 2593 5767; x_wconf 89' lang='lat' dir='ltr'><strong>l.</strong></span> <span class='ocrx_word' id='word_1_716' title='bbox 2632 5729 2732 5780; x_wconf 82' lang='lat' dir='ltr'><strong>xii,</strong></span> <span class='ocrx_word' id='word_1_717' title='bbox 2758 5729 2807 5769; x_wconf 89' lang='lat' dir='ltr'><strong>c.</strong></span> <span class='ocrx_word' id='word_1_718' title='bbox 2828 5714 2881 5771; x_wconf 90' lang='lat'><strong>8.</strong></span> 
     </span>
    </p>
   </div>
  </div>
