3928 6178
262 359 365 416 973

933 343 1491 409 remaneamus.
1531 371 1599 382 —
1635 337 1974 395 CAPITULA
2009 337 2371 397 conserit
2409 307 2503 398 ΕΞ(
2543 342 2806 400 manu.

3390 345 3498 404 υτι

259 480 459 543 septeni
488 481 658 524 annos
684 465 964 536 pmniteat,
1010 472 1064 518 et
1109 470 1230 533 post
1256 461 1368 514 haec
1391 455 1819 512 communionem
1849 453 1891 510 Α
1925 459 2037 543 tum
2063 468 2092 506 a
2131 453 2302 509 bestia
2329 454 2642 521 domestica,
2677 459 2728 512 id
2755 466 2857 524 est,
2887 473 2915 512 a
2943 476 3074 517 cane
3095 462 3176 518 vel
3202 473 3344 534 cato,
3361 467 3398 522 νᾶ
3409 483 3506 522 uos

259 560 504 630 accipiat.

670 643 754 698 Ex.
776 639 1127 696 Pmnitentiali
1157 647 1210 692 ut
1240 654 1414 705 supra.

324 736 448 792 Car.
474 749 696 791 cccxxv.
729 731 785 786 Si
826 732 948 801 quis
983 727 1356 799 periuraverit,
1384 724 1520 780 ultra
1546 722 1614 779 ad
1649 735 1821 778 sacra-

253 835 494 886 mentum
513 840 620 880 non
650 822 984 878 admittatur.

831 912 904 966 ne
952 911 1133 964 eadem
1186 925 1255 963 re.

855 1003 955 1074 (Ex
990 998 1228 1070 eodem.)

321 1102 449 1158 Car.
487 1113 733 1154 cccxxvi.
763 1108 788 1137 ε
813 1093 869 1150 Si
899 1094 1018 1163 quis
1046 1091 1353 1160 suspicatur
1378 1088 1520 1157 quod
1550 1085 1616 1141 ad
1643 1087 1824 1156 perju-

250 1193 390 1252 rium
417 1190 707 1251 inducitur,
757 1195 810 1243 et
839 1193 1019 1241 tamen
1049 1199 1115 1239 ex
1155 1196 1417 1237 consensu
1458 1178 1627 1247 jurat,
1694 1179 1827 1232 duos

245 1299 418 1341 annos
436 1281 694 1354 paeniteat
726 1277 775 1331 δ.

855 1363 1003 1418 Unde
1032 1379 1212 1432 supra.

311 1465 443 1520 Cn.
482 1476 747 1518 cccxxvu.
782 1470 804 1497 ο
837 1456 892 1511 Si
925 1456 1046 1524 quis
1093 1450 1452 1523 perjuraverit
1474 1459 1574 1518 per
1618 1444 1826 1516 cupidi-

248 1564 432 1619 tatem,
481 1568 670 1609 omnes
711 1563 798 1604 res
839 1562 966 1604 suas
1005 1545 1221 1608 vendat,
1253 1551 1308 1596 et
1354 1540 1678 1612 pauperibus
1715 1536 1824 1590 dis-

249 1646 472 1711 tribuat,
512 1652 569 1699 et
608 1639 994 1698 monasterium
1027 1636 1302 1705 ingressus
1340 1631 1450 1702 jugi
1493 1625 1824 1699 poenitentiae

247 1755 303 1794 se
331 1737 546 1793 subdat.

852 1817 1000 1872 Unde
1033 1833 1213 1887 supra.

311 1916 444 1972 CAP.
474 1928 760 1970 cccxxvin.
828 1911 886 1965 Si
937 1909 1058 1978 quis
1097 1905 1391 1978 periurium
1445 1903 1652 1966 fecerit,
1698 1900 1820 1956 laici

244 2020 418 2060 annos
442 2012 574 2069 tres,
614 2001 795 2057 clerici
821 2000 1078 2070 quinque,
1104 1996 1418 2052 subdiaconi
1448 2009 1564 2057 sev,
1609 1991 1821 2047 diaconi

242 2105 387 2162 octo,
439 2093 742 2165 presbyteri
771 2093 976 2154 decem,
1035 2087 1271 2157 episcopi
1323 2084 1605 2141 duodecim
1652 2096 1822 2136 annos

243 2184 562 2255 peniteant.

419 2275 499 2330 De
521 2272 952 2336 incantatoribus,
992 2268 1267 2340 maleﬁcis,
1295 2277 1342 2321 et
1362 2264 1639 2334 sortilegis.

599 2388 701 2460 (Ex
742 2384 1103 2442 Poenitentiali
1128 2399 1235 2454 quo
1260 2379 1468 2452 supra.)

311 2503 446 2560 Car.
480 2517 663 2557 ρεταιν.
695 2499 720 2539 ἀ
751 2497 851 2565 Qui
895 2505 1159 2552 nocturna
1211 2491 1474 2548 sacriﬁcia
1518 2487 1819 2544 daztnonum

241 2593 657 2659 celebraverint,
706 2590 787 2647 vel
811 2586 1265 2645 incantationibus
1294 2585 1565 2639 daemones
1605 2582 1823 2636 invoca—

241 2688 442 2750 verint,
467 2684 641 2755 capite
665 2683 975 2754 puniantur.

309 2777 673 2832 CAECCCLVI.
725 2773 826 2841 Qui
870 2769 1108 2841 auguriis
1152 2767 1235 2823 vel
1270 2764 1688 2822 divinationibus
1735 2760 1821 2814 in-

241 2869 528 2935 serviunt,
591 2866 829 2937 quinque
881 2877 1051 2917 annos
1095 2860 1410 2930 pmniteant.
1486 2856 1824 2910 lmmissores

242 2965 628 3030 tempestatum
651 2962 854 3024 septem
884 2965 1054 3006 annos
1078 2948 1394 3019 poeniteant.

311 3049 447 3106 Cap.
479 3061 706 3104 ccccvu.
748 3043 938 3098 Mulier
985 3041 1030 3097 si
1077 3037 1434 3095 divinationes
1459 3035 1541 3090 vel
1587 3036 1826 3090 incanta-

241 3142 424 3198 tiones
445 3137 735 3196 diabolicas
763 3133 976 3198 fecerit,
1023 3145 1220 3185 annum
1243 3142 1407 3182 unum
1432 3126 1716 3197 paeniteat,
1741 3123 1826 3178 vel
1851 3130 1898 3192 ο

241 3245 357 3292 tres
395 3230 860 3304 quadragesimas,
887 3225 972 3280 vel
1002 3223 1359 3294 quadraginta
1386 3221 1500 3276 dies
1526 3217 1820 3274 secundum

242 3324 564 3397 qualitatem
591 3319 792 3376 delicti.

312 3417 448 3473 CAP.
489 3429 738 3470 CCCLVlll.
773 3423 795 3451 ο
849 3409 1110 3483 Auguria,
1161 3406 1244 3462 vel
1277 3412 1451 3462 sortes
1477 3415 1599 3473 quae
1632 3399 1821 3454 dicun-

244 3517 335 3564 ωι-
359 3505 498 3561 false
524 3512 850 3570 sanctorum,
900 3503 985 3557 vel
1010 3499 1384 3559 divinationes,
1408 3494 1499 3565 qui
1525 3508 1617 3548 cas
1640 3490 1826 3546 obser-

245 3598 479 3661 vaverit,
521 3595 606 3652 vel
631 3607 1073 3666 quarumcunque
1097 3591 1522 3661 Scripturarum,
1571 3585 1655 3640 vel
1699 3590 1825 3638 vota

242 3690 462 3746 vnverit
500 3689 584 3744 vel
619 3687 936 3760 persolverit
974 3685 1042 3739 ad
1087 3685 1337 3739 arborem
1371 3722 1386 3747 ,
1437 3680 1522 3735 vel
1577 3679 1645 3734 ad
1693 3677 1827 3748 lapi-

247 3782 394 3843 dem,
431 3780 516 3836 vel
560 3781 627 3835 ad
680 3779 975 3850 quamlibet
1007 3789 1123 3832 rem
1169 3780 1394 3842 excepto
1441 3770 1506 3826 ad
1543 3767 1828 3826 ecclesiam

245 3885 443 3926 omnes
469 3868 1020 3926 excommunicentur.
1093 3863 1149 3919 Si
1180 3864 1246 3918 ad
1270 3861 1640 3932 pmnitentiam
1669 3873 1831 3913 vene-

249 3964 380 4028 rint,
416 3960 599 4019 clerici
629 3974 800 4015 annos
825 3966 935 4012 tres
983 3956 1106 4010 laici
1134 3969 1297 4008 unum
1319 3959 1371 4007 et
1408 3950 1688 4005 dimidium
1717 3963 1831 4019 pa:-

249 4054 482 4110 niteant.

259 4171 275 4182 -
844 4140 922 4195 De
942 4138 1250 4194 morticinis.

607 4253 712 4327 (Ex
741 4249 1102 4308 Pcenitentiali
1139 4263 1246 4318 quo
1271 4245 1478 4319 supra.)

315 4367 450 4424 Car.
484 4379 724 4423 occurs.
754 4362 774 4403 ἲ
800 4361 903 4430 Qui
925 4361 1212 4417 manducet
1239 4373 1456 4415 carnem
1480 4356 1834 4422 immundam,

1927 541 2040 597 dies
2068 542 2348 613 pmnitcat.

2553 634 2631 688 Pe
2649 633 2864 706 liquore.

2541 723 2641 794 (Ex
2663 726 2897 797 eodem.)

1993 811 2125 865 Car.
2157 827 2423 868 cocus-itu.
2453 813 2551 869 hSi
2572 815 2699 884 quis
2719 817 2925 872 dederit
2951 819 3385 893 alicuiliqucrem
3400 827 3505 886 aii-

1928 916 2088 969 quem
2114 901 2164 954 in
2195 918 2302 971 quo
2323 919 2442 957 mus
2487 904 2572 958 vel
2603 905 2826 961 mustela
2871 911 3067 965 mortui
3094 923 3237 979 sunt,
3267 919 3310 970 si
3329 916 3504 977 laicus

1927 999 2031 1056 est,
2092 1001 2294 1061 septem
2341 993 2455 1048 dies
2493 996 2771 1061 poeniteat.
2852 997 2908 1052 Si
2944 1008 3122 1056 autem
3164 1005 3216 1059 in
3259 1011 3504 1066 omnobio

1928 1089 2071 1144 sunt,
2123 1082 2380 1138 ducentos
2439 1087 2675 1153 psalmos
2719 1097 2955 1146 cantent.
3006 1092 3108 1160 Qui
3161 1107 3343 1166 postea
3408 1117 3504 1157 no-

1927 1173 2065 1225 verit
2119 1172 2260 1243 quod
2296 1173 2453 1229 talem
2503 1185 2688 1245 potum
2743 1180 2912 1242 bibit,
2963 1199 3128 1239 unum
3184 1189 3496 1257 psalterium

1925 1271 2131 1319 cantet.

2524 1357 2604 1413 De
2632 1362 2903 1431 sanguine.

2527 1449 2627 1519 (Ex
2672 1453 2906 1523 eodem.)

1995 1532 2124 1588 Car.
2151 1550 2440 1590 cccuxm.
2491 1537 2547 1592 Si
2575 1539 2696 1606 quis
2711 1543 3023 1611 sanguinem
3051 1546 3276 1616 alicujus
3301 1555 3510 1610 anima-

1923 1628 1992 1685 lis
2014 1631 2438 1695 manducaverit,
2473 1634 2830 1704 quadraginta
2870 1638 2986 1692 dies
3012 1643 3291 1709 poeniteat.

2206 1720 2343 1775 Item
2365 1731 2421 1775 ut
2442 1722 2617 1776 nullus
2635 1726 2940 1794 sanguinem
2967 1731 3220 1786 comedat.

1854 1795 1901 1856 Β
1996 1808 2124 1864 Car.
2154 1825 2432 1865 cccuxiv.
2484 1811 2819 1867 Admonendi
2851 1826 2975 1870 sunt
3013 1818 3216 1888 ﬁdeles,
3248 1833 3303 1878 ut
3333 1828 3515 1884 nullus

1922 1897 2214 1968 pmsumat
2237 1901 2546 1972 sanguinem
2575 1902 2919 1958 manducare.
2977 1907 3108 1962 Nam
3135 1911 3185 1964 in
3217 1915 3504 1988 principio.

1925 1991 2140 2060 quando
2166 1992 2368 2047 homini
2398 1993 2612 2048 licentia
2641 1995 2763 2048 data
2791 2005 2874 2052 est
2903 2013 2931 2050 a
2957 1998 3064 2054 Deo
3101 2017 3316 2060 carnem
3355 2024 3508 2064 man-

1924 2080 2179 2144 ducandi,
2228 2082 2541 2151 sanguinem
2572 2083 3185 2160 interdictum'legimus.
3234 2094 3324 2150 Ait
3361 2101 3504 2154 enim

1923 2170 2183 2225 Dominus
2209 2172 2277 2226 ad
2308 2171 2418 2225 Noe
2445 2180 2497 2226 et
2531 2173 2668 2229 ﬁlios
2700 2177 2844 2245 ejus:
2896 2179 3062 2234 Omne
3108 2184 3248 2253 quod
3277 2198 3509 2242 movetur

1922 2273 1972 2317 et
1998 2265 2137 2328 vivit,
2169 2265 2267 2318 erit
2302 2265 2439 2319 vobis
2466 2266 2517 2318 in
2539 2267 2727 2332 cibum,
2753 2281 2963 2341 excepto
2989 2275 3128 2343 quod
3155 2293 3364 2332 carnem
3386 2296 3506 2335 cum

1921 2359 2175 2427 sanguine
2204 2374 2306 2410 non
2328 2359 2624 2414 concedatis.
2681 2359 3000 2433 Sanguinem
3033 2368 3169 2422 enim
3207 2370 3508 2426 animarum

1921 2459 2208 2503 vestrarum
2239 2451 2500 2519 requiram
2526 2453 2590 2506 de
2618 2469 2778 2508 manu
2806 2466 3114 2512 cunctarum
3140 2459 3422 2516 bestiarum
3459 2474 3509 2519 et

1921 2540 1988 2594 de
2025 2557 2184 2594 manu
2212 2541 2455 2595 hominis.
2512 2542 2663 2613 (Gen.
2701 2561 2776 2607 ix,
2807 2546 2952 2616 5-5).
3011 2547 3164 2615 Quod
3202 2567 3304 2606 non
3334 2553 3508 2610 solum

1925 2630 1979 2685 in
2007 2631 2122 2702 lege
2149 2633 2320 2687 veteri
2346 2633 2641 2702 smpissime
2665 2635 2956 2701 inhibetur,
3010 2655 3196 2694 verum
3240 2641 3401 2698 etiam
3451 2645 3508 2698 in

1923 2736 2063 2776 novo
2090 2728 2413 2778 testamento
2436 2723 2661 2792 apostoli
2689 2725 2976 2794 primitivze
3005 2728 3257 2786 Ecclesiae
3286 2747 3353 2786 ex
3375 2748 3508 2805 gen-

1926 2813 2068 2867 tibus
2095 2814 2195 2867 sub
2225 2828 2416 2883 magna
2441 2813 2828 2870 deliberatione
2855 2818 3097 2873 scribunt
3118 2828 3177 2874 ut
3202 2821 3512 2878 abstineant

1925 2918 1984 2958 se
2006 2919 2034 2958 a
2053 2905 2600 2960 contaminationibus
2614 2906 3024 2963 simulacrorum
3051 2918 3105 2964 et
3133 2910 3506 2979 fornicatione,

1925 3001 1982 3048 et
2007 2993 2303 3058 suffocatis,
2332 3002 2387 3048 et
2413 2996 2689 3065 sanguine.
2745 2995 2895 3063 Quod
2932 3012 3206 3069 exponens
3249 3000 3512 3078 Hierony-

1929 3099 2050 3137 mus
2077 3085 2236 3139 dieit:
2293 3102 2311 3135 ‹
2343 3083 2502 3139 Juxta
2525 3085 2762 3140 litteram
2797 3089 2840 3150 ί,
2867 3088 3063 3158 inquit,
3095 3090 3217 3146 haec
3241 3105 3510 3168 pulmenta

1929 3176 2254 3230 conveniunt
2284 3176 2432 3230 omni
2457 3175 2789 3244 Christiano,
2832 3188 2888 3234 ut
2916 3181 3260 3238 morticinum
3284 3201 3390 3242 non
3419 3203 3514 3244 co-

1926 3267 2127 3330 medat,
2184 3276 2290 3321 tam
2321 3268 2386 3322 de
2423 3268 2611 3322 avibus
2635 3285 2798 3338 quam
2827 3272 2891 3326 de
2913 3272 3220 3341 pecoribus,
3273 3293 3507 3348 quorum

1926 3371 2266 3427 nequaquam
2297 3360 2516 3427 sanguis
2546 3359 2747 3415 effusus
2773 3369 2874 3417 est.
2921 3361 3050 3430 Quae
3079 3369 3386 3422 necessario
3410 3373 3509 3426 ob-

1928 3447 2190 3502 servanda
2221 3448 2582 3516 apostolorum
2627 3449 2694 3504 de
2738 3447 3036 3506 Jerusalem
3076 3454 3239 3509 missa
3278 3457 3506 3525 epistola

1928 3543 2130 3590 monet.
2176 3537 2242 3592 Et
2263 3539 2743 3606 captumabestia,
2796 3541 2923 3610 quia
2971 3549 3026 3596 et
3050 3543 3225 3614 ipsum
3265 3546 3516 3603 similiter

1929 3624 2246 3682 suﬁocatum
2297 3637 2400 3682 est.
2434 3627 2447 3677 i
2499 3629 2564 3684 Et
2589 3631 2869 3702 sanguine,
2921 3632 2973 3687 id
3011 3642 3116 3699 est,
3139 3649 3249 3690 non
3290 3639 3514 3693 mandu-

1931 3719 2102 3775 cando
2122 3735 2244 3776 cum
2276 3722 2554 3791 sanguine.
2619 3721 2675 3777 Si
2714 3738 2842 3795 ergo
2863 3726 2928 3780 de
2956 3726 3140 3796 gentili
3155 3727 3266 3783 vita
3295 3729 3514 3786 venien-

1931 3810 2075 3865 tibus
2126 3826 2227 3881 pro
2273 3812 2406 3882 ipsis
2435 3811 2560 3868 ﬁdei
2607 3813 2926 3871 rudimentis
2966 3823 3021 3871 et
3063 3817 3358 3875 inveterata
3391 3835 3520 3877 cou-

1932 3901 2214 3956 suetudine
2262 3902 2580 3973 gentilitatis
2630 3905 2773 3968 haec,
2827 3906 2979 3975 quasi
3017 3907 3120 3964 sibi
3167 3909 3240 3963 ad
3283 3908 3515 3966 salutent

1933 3991 2262 4056 sudiccrent,
2296 3994 2497 4066 scripta
2521 4003 2665 4061 sunt,
2697 3997 2821 4067 quis
2851 4006 3218 4069 transgressor
3251 3998 3367 4054 haec
3384 4015 3514 4072 par-

1933 4081 2218 4152 vipendat?
2254 4083 2428 4140 Simul
2455 4095 2510 4141 et
2535 4086 2637 4143 boc
2670 4085 3143 4152 considerandum,
3173 4087 3316 4156 quod
3341 4089 3514 4144 idolo-

1935 4170 2183 4228 latrianet
2207 4172 2547 4231 fornicationi
2571 4173 2886 4231 suffocatum
2922 4183 2978 4231 et
3010 4177 3232 4248 sanguis
3271 4179 3514 4250 aequipa-

1936 4269 2142 4316 rantur.
2195 4260 2348 4318 Unde
2380 4263 2630 4318 omnibus
2658 4265 3005 4319 annuntietur
3040 4273 3300 4335 quantum
3325 4269 3517 4338 piacu-

1935 4353 2046 4407 lum
2077 4355 2146 4408 sit
2173 4354 2487 4424 sanguinem
2519 4355 2819 4419 comedere,
2847 4355 2989 4424 quod
3014 4356 3171 4411 idolis
3193 4365 3248 4413 et
3274 4356 3510 4415 fornica-

242 4465 343 4511 aut
379 4454 746 4517 morticinum,
786 4458 876 4505 aut
926 4449 1282 4504 dilaceratum
1312 4463 1344 4502 a
1373 4447 1566 4512 bestia,
1597 4445 1831 4516 quadra-
1852 4463 1908 4524 Β
1938 4442 2069 4498 tioni
2093 4450 2456 4513 comparatur.
2481 4441 2538 4497 Si
2559 4444 2684 4513 quis
2701 4444 2817 4499 haec
2837 4444 3115 4501 Dominica
3146 4449 3513 4518 etapostolica

244 4549 399 4619 ginta
437 4545 554 4600 dies
593 4545 871 4614 pceniteat.
923 4540 980 4596 Si
1018 4540 1140 4611 quis
1168 4539 1492 4595 necessitate
1526 4537 1687 4594 famis
1739 4553 1830 4593 co-

245 4645 413 4709 gente
438 4634 802 4698 manducavit,
834 4633 1003 4687 multo
1030 4631 1198 4685 levius
1226 4630 1504 4701 poeniteat.

317 4726 453 4781 CAP.
491 4739 712 4778 CCCLXX.
765 4722 865 4790 Qui
911 4721 1238 4785 fraudatum,
1287 4729 1521 4790 raptum,
1579 4720 1659 4774 vel
1692 4719 1838 4775 fura-

242 4824 364 4870 tum
393 4815 571 4871 sciens
594 4814 901 4876 manducet,
952 4813 998 4867 si
1020 4827 1225 4884 pauper
1241 4818 1346 4876 est,
1378 4819 1583 4880 septem
1613 4811 1764 4876 dies;
1788 4810 1836 4866 si

247 4909 467 4971 potens,
518 4902 870 4974 quadraginta
895 4903 1008 4956 dies
1033 4901 1313 4971 paeniteat.
1362 4898 1564 4953 Inﬁrmi
1599 4913 1746 4963 vero,
1789 4899 1834 4954 si

248 4996 452 5056 sciunt,
488 4993 795 5062 quindecim
827 4992 941 5048 dies
967 4993 1286 5060 pmniteant.

323 5087 456 5142 CAP.
494 5100 737 5140 eccum.
783 5087 808 5125 ε
860 5083 962 5151 Qui
1000 5083 1238 5139 comedit
1274 5091 1330 5137 et
1351 5081 1488 5137 bibit
1512 5081 1838 5136 contamina-

325 5217 362 5259 εί
393 5217 614 5281 Burch.,
635 5248 670 5270 ι.
697 5233 794 5279 xu,
816 5233 864 5272 c.
900 5217 951 5271 i.

282 5356 298 5370 .
310 5288 359 5370 _b'
386 5287 466 5369 .60
487 5287 600 5342 dies
610 5288 886 5370 poeniteat,
902 5297 958 5370 et
975 5295 1257 5358 sequentes
1274 5300 1463 5350 annos,
1486 5292 1541 5342 et
1562 5299 1835 5359 nunquam

251 5358 330 5414 sit
357 5358 473 5413 sine
500 5359 649 5427 gravi
676 5358 1010 5428 ptenitentia.

331 5439 357 5468 ο
396 5426 620 5483 Burch..
645 5427 682 5481 l.
724 5444 822 5483 xu.
852 5443 902 5483 c.
925 5429 980 5483 5.

581 5468 620 5494 .,
645 5443 682 5481 ι.
724 5444 822 5493 xu,
852 5443 902 5484 c.
925 5443 980 5483 ὁ.

329 5497 360 5539 ἀ
395 5497 620 5564 Burch.,
659 5498 695 5552 ι.
736 5515 792 5563 x,
815 5514 864 5553 c.
887 5499 978 5552 51.

335 5579 363 5610 ο
398 5568 624 5634 Burch.,
660 5568 697 5622 ι.
729 5585 783 5631 x,
818 5583 867 5622 c.
893 5568 947 5624 9.

337 5635 360 5680 ί
400 5638 626 5703 Burch.,
663 5637 701 5692 1.
737 5653 921 5702 nx,c.
951 5638 1038 5694 88.

334 5708 365 5751 ⁸
398 5706 621 5774 Burch.,
660 5708 698 5763 ι.
727 5706 1054 5774 x1x,c.106.

1934 4543 2204 4605 praecepta
2234 4535 2534 4602 violaverit,
2559 4551 2589 4590 a
2615 4538 2990 4594 communione
3008 4540 3374 4598 ecclesiastica
3399 4558 3516 4600 sus-

1932 4628 2219 4699 pendatur,
2248 4643 2417 4698 usque
2446 4630 2604 4700 digne
2626 4631 2902 4698 poeniteat.

2253 4722 2332 4775 De
2361 4721 2560 4794 liquore
2588 4724 2642 4776 in
2666 4739 2766 4794 quo
2793 4739 2908 4778 ntus
2935 4724 3198 4779 ceciderit.

2295 4813 2398 4884 (Ex
2432 4813 2793 4868 Pmnitentiali
2821 4829 2928 4883 quo
2955 4814 3162 4886 supra.)

2008 4905 2137 4961 Cn.
2163 4919 2479 4961 ccccnxrv.
2517 4903 2634 4959 Mus
2672 4905 2719 4960 si
2743 4905 3000 4960 ceciderit
3020 4906 3075 4962 in
3107 4906 3393 4977 liquorem,
3415 4909 3519 4964 tol'

1937 4999 2082 5054 latur
2105 4997 2247 5061 inde,
2295 5004 2352 5052 et
2373 5003 2690 5067 aspergatur
2729 5012 2868 5066 aqua
2905 4998 3206 5064 benedicta,
3237 5008 3294 5054 et
3337 5015 3518 5055 suma-

1939 5096 2046 5144 tur.
2115 5087 2172 5142 Si
2201 5102 2330 5143 vero
2366 5095 2578 5143 mortua
2610 5087 2775 5144 fuerit
2795 5089 3032 5156 inventa,
3071 5090 3353 5158 abjiciatur
3375 5097 3520 5145 totus

2009 5227 2036 5268 h
2079 5225 2302 5290 Burch.,
2343 5223 2380 5277 l.
2405 5240 2519 5288 xu,
2545 5239 2595 5279 c.
2629 5222 2751 5278 106.

2013 5298 2032 5339 ί
2083 5314 2102 5346 α
2132 5296 2200 5350 Et
2217 5288 2373 5364 juxta
2392 5293 2652 5359 litteram,
2673 5293 2816 5348 omni
2836 5292 3022 5364 generi
3045 5291 3248 5364 electo,
3274 5288 3438 5364 regali
3461 5298 3523 5350 et

1938 5361 2259 5424 sacerdotali
2287 5406 2302 5428 ,
2343 5364 2485 5434 quod
2515 5365 2732 5434 proprie
2765 5361 3224 5434 Aad'Christianos
3257 5361 3520 5427 refertur,

1979 5437 2033 5492 ui
2079 5436 2224 5490 uncti
2254 5431 2380 5490 sunt
2407 5431 2531 5488 oleo
2574 5431 2823 5502 spiritali,
2853 5432 2917 5502 de
2943 5446 3051 5502 quo
3091 5433 3350 5501 scriptum
3387 5442 3471 5488 est
3500 5449 3519 5488 :

1993 5507 2107 5561 nevit
2131 5515 2181 5559 te
2211 5504 2354 5559 Deus
2381 5513 2503 5557 tuus
2526 5499 2639 5556 oleo
2658 5499 3020 5556 exsultationis
3045 5516 3156 5572 pra:
3175 5499 3521 5574 participibus

1937 5576 2044 5646 uuis
2062 5576 2225 5646 :hes
2241 5579 2527 5646 praecepta.
2552 5580 2660 5646 9w.-

2014 5645 2031 5700 i
2079 5645 2136 5704 S.
2168 5637 2532 5715 Hieronymus
2550 5642 2606 5697 in
2626 5638 2981 5704 Ezechielem,
2995 5653 3116 5710 cap.
3146 5637 3236 5697 ιδ.
