3924 6180
489 295 596 352 975

1456 293 1803 350 THEODORI
1841 292 2158 349 ARCHIEP.
2196 288 2742 347 CANTUARIENSlS
3545 309 3626 365 976

484 409 573 469 ille
616 406 805 476 liquor.
861 405 1013 473 Quod
1057 405 1101 460 si
1144 405 1368 460 multum
1392 414 1475 462 est
1501 407 1814 476 deliquere,
1865 422 2059 477 purge~
2090 413 2133 469 Α
2167 401 2241 456 De
2278 403 2635 472 episcopo‘qui
2662 401 2948 488 secundum
2980 413 3210 488 naturam
3236 410 3485 475 fornicatus
3508 420 3626 488 {nam

484 515 575 556 tur
599 498 687 553 ille
735 498 929 566 liquor,
954 505 1008 551 et
1051 504 1368 566 aspergatur
1394 511 1532 566 aqua
1558 506 1763 561 sancta,
1793 505 1847 550 et
1875 510 2054 550 suma-

482 599 593 657 tur,
644 589 690 644 si
709 602 928 643 necesse
979 595 1081 641 est.
1134 585 1192 640 Si
1216 586 1272 640 in
1308 586 1501 651 farina,
1538 594 1632 640 aut
1672 586 1724 640 in
1756 586 1891 640 lacte
1935 600 2060 641 coa-

477 683 681 757 gulato,
720 688 813 734 aut
862 680 914 734 in
950 678 1105 734 melle
1149 694 1270 734 mus
1312 687 1524 734 mortua
1572 680 1863 745 invenitur,
1915 680 2058 750 quod

478 773 535 829 in
565 771 793 831 circuitu
821 768 940 839 ejus
980 777 1064 824 est
1098 767 1247 825 foras
1290 767 1626 838 projiciatur,
1675 769 1937 841 reliqutun
1964 784 2056 824 su-

479 871 677 919 matur.

696 961 759 1017 Si
785 962 903 1033 quis
919 961 1215 1033 sepulcrum
1237 960 1524 1027 violaverit,
1562 970 1611 1017 et
1635 971 1844 1016 cratera.

1052 1050 1239 1122 (Unde
1264 1052 1474 1121 supra.)

548 1138 681 1194 Cap.
707 1155 999 1195 ccccxxxv.
1050 1140 1108 1194 Si
1132 1142 1254 1210 quis
1285 1141 1587 1211 sepulcrum
1610 1141 1912 1206 violaverit,
1969 1156 2058 1197 se-

478 1234 625 1299 ptem
643 1243 814 1283 annos
852 1229 1126 1298 paeniteat,
1161 1236 1272 1284 tres
1298 1229 1352 1283 in
1381 1244 1520 1298 pane
1553 1236 1609 1284 et
1647 1245 1807 1299 aqua.
1850 1229 1908 1284 Si
1937 1228 2060 1299 quis

477 1318 736 1389 ligaturas
780 1319 990 1385 fecerit,
1040 1320 1183 1389 quod
1237 1320 1550 1376 detestabile
1589 1329 1691 1385 est,
1737 1331 1847 1376 tres
1889 1337 2059 1378 annos

478 1410 758 1481 paeniteat,
788 1426 952 1464 unum
976 1425 1043 1465 ex
1066 1411 1152 1467 his
1172 1412 1225 1465 in
1248 1426 1385 1481 pane
1405 1419 1461 1465 et
1483 1427 1640 1482 aqua.
1679 1412 1737 1468 Si
1761 1411 1883 1481 quis
1908 1428 2059 1467 man-

479 1502 758 1557 ducaverit
780 1501 1126 1556 morticinum
1149 1511 1242 1556 aut
1269 1503 1426 1558 idolis
1462 1503 1818 1569 immolatum,
1855 1502 2060 1574 jejunet

478 1589 843 1645 hebdomadas
871 1590 1173 1645 duodecim.
1231 1591 1288 1645 Si
1310 1592 1433 1661 quis
1459 1591 1737 1661 quodlibet
1756 1594 2058 1648 membrum

477 1681 580 1736 sibi
625 1680 928 1736 voluntarie
982 1682 1311 1737 truncaverit
1334 1723 1349 1747 ,
1407 1688 1517 1736 tres
1555 1697 1724 1737 annos
1770 1683 2055 1753 poeniteat,

2796 481 2844 524 et
2872 472 2938 526 de
2961 473 3094 528 aliis.

2539 578 2637 650 (Ex
2667 579 3025 636 Pmnitentiali
3060 582 3348 659 Theodori.)

2231 690 2345 745 Lm.
2386 706 2517 755 xvn,
2545 707 2662 746 (χιιι.
2699 709 2887 748 χχχιχ.
2924 693 2979 749 Si
3013 698 3129 766 quis
3153 702 3369 770 pontifex
3390 705 3635 771 fornicatio-

2159 797 2280 837 nem
2312 782 2500 837 fecerit
2544 784 2868 849 naturalem,
2908 790 3135 857 synodus
3169 791 3402 861 judicavit
3422 802 3636 863 utdecem

2159 891 2329 970 annos
2360 877 2637 970 poeniteat,
2666 888 2722 933 et
2763 881 2948 936 multis
2993 882 3234 955 lacrymis
3270 897 3321 944 et
3354 893 3635 970 eleemosynis

2157 967 2369 1020 veniam
2392 983 2422 1020 a
2448 967 2678 1023 Domino
2711 978 2880 1038 petat.
2907 971 3188 1045 Presbyter
3219 994 3316 1035 non
3350 985 3531 1052 pmlato

2158 1057 2319 1111 nachi
2347 1066 2474 1112 voto
2503 1074 2625 1113 cum
2660 1060 2836 1128 puella
2867 1062 2948 1117 vel
2979 1069 3253 1123 meretrice
3277 1086 3491 1142 peccans,
3512 1094 3637 1138 annos

2159 1152 2275 1200 tres
2295 1154 2349 1201 et
2366 1146 2420 1201 in
2444 1147 2614 1203 tribus
2631 1151 3056 1219 quadragesimis
3082 1160 3371 1240 secundam,
3390 1174 3436 1218 et
3452 1178 3637 1236 quartam

2159 1242 2215 1288 et
2242 1244 2448 1291 sextam
2482 1237 2694 1305 feriam,
2741 1249 2795 1294 et
2823 1243 3045 1298 sabbato
3074 1237 3274 1316 semper
3300 1250 3358 1304 de
3396 1252 3514 1310 sicco
3549 1259 3637 1312 cibo

2157 1324 2438 1394 paeniteat.
2468 1326 2524 1382 Si
2550 1343 2671 1383 cum
2695 1330 2887 1385 ancilla
2912 1332 3005 1387 Dei
3026 1342 3117 1389 aut
3143 1338 3381 1404 masculo,
3401 1340 3500 1410 plus
3520 1345 3637 1399 adda-

2160 1425 2250 1471 tur
2271 1416 2556 1486 jejunium,
2580 1420 2633 1476 id
2654 1430 2738 1477 est
2760 1431 2966 1493 septem
2991 1440 3177 1490 annos,
3203 1428 3244 1482 si
3271 1429 3318 1483 in
3337 1436 3637 1491 consuetudine

2159 1514 2259 1562 est.
2295 1507 2558 1564 Similiter
2599 1509 2833 1578 diaconi,
2890 1514 2937 1568 si
2987 1518 3228 1571 monachi
3273 1534 3369 1573 non
3403 1530 3520 1587 sunt,
3542 1524 3639 1579 duos

2160 1611 2349 1660 annos,
2381 1599 2521 1653 sicut
2549 1599 2710 1654 etiam
2742 1602 2994 1657 monachi
3040 1605 3130 1673 qui
3170 1604 3280 1661 sine
3304 1610 3447 1677 gradu
3469 1619 3577 1664 sunt.
3596 1610 3638 1667 Si

2159 1690 2369 1746 diaconi
2401 1693 2652 1748 monachi
2678 1702 2824 1760 sunt,
2854 1705 3063 1765 septem
3091 1712 3283 1763 annos;
3318 1701 3524 1755 monachi
3550 1718 3640 1756 cum

476 1786 644 1826 unum
666 1786 729 1825 ex
760 1770 859 1825 his
880 1771 932 1825 in
961 1785 1101 1841 pane
1129 1780 1184 1826 et
1207 1786 1365 1841 aqua.
1438 1771 1496 1827 Si
1522 1772 1644 1842 quis
1672 1788 1868 1828 usuras
1889 1774 2057 1830 unde-
2087 1772 2134 1833 B
2159 1782 2349 1851 gradu,
2379 1791 2583 1851 septem
2617 1798 2791 1840 annos
2833 1787 3149 1855 pteniteant.
3182 1787 3305 1842 item
3343 1791 3585 1861 episcopus,
3606 1791 3640 1845 si

476 1876 688 1932 cunque
714 1861 971 1932 exegerit,
1005 1862 1256 1917 similiter
1274 1862 1554 1933 poeniteat.
1605 1862 1663 1917 Si
1693 1863 1817 1933 quis
1838 1863 2064 1935 pervio-

477 1954 697 2009 lcntiam
729 1962 823 2007 aut
850 1953 1088 2022 quolibet
1113 1954 1328 2021 ingenio
1352 1953 1493 2008 malo
1522 1953 1712 2009 ordine
1748 1968 1833 2009 res
1862 1955 2066 2011 alienas

479 2044 739 2099 invaserit
765 2050 859 2097 aut
893 2043 1095 2109 tulerit,
1124 2043 1373 2098 similiter
1396 2043 1674 2112 poeniteat.
1727 2043 1784 2098 Si
1811 2043 1933 2113 quis
1961 2044 2062 2099 ali-

477 2151 637 2207 quem
661 2134 936 2191 hominem
958 2134 1099 2190 malo
1123 2134 1312 2190 ordine
1324 2135 1643 2200 vendiderit,
1676 2136 1928 2191 similiter
1951 2150 2067 2205 pm-

479 2230 668 2284 niteat.
732 2227 789 2282 Si
819 2226 944 2297 quis
976 2240 1158 2281 aream
1182 2234 1276 2281 aut
1315 2226 1534 2281 domum
1565 2226 1789 2281 alterius
1819 2227 2066 2282 volunta-

478 2320 558 2374 rie
606 2320 728 2390 igne
755 2317 1099 2384 cremaverit,
1144 2317 1397 2373 similiter
1415 2317 1697 2387 paeniteat.
1748 2316 1953 2387 Siquis
1971 2332 2067 2388 per

480 2412 619 2466 iram
646 2410 882 2480 aliquem
908 2410 1257 2478 percusserit,
1285 2417 1341 2464 et
1369 2407 1682 2479 sanguinem
1704 2406 1932 2475 fuderit,
1975 2415 2069 2463 aut

479 2500 712 2556 debilem
736 2499 947 2565 fecerit,
975 2499 1331 2569 quadraginta
1352 2499 1464 2553 dies
1494 2499 1755 2568 paeniteat
1780 2500 1833 2554 in
1858 2506 2066 2569 paneet

480 2609 640 2664 aqua.

657 2681 714 2735 Si
745 2680 935 2751 aliquis
960 2682 1439 2736 excommunicatus
1454 2692 1689 2735 mortuus
1712 2681 1893 2750 fuerit.

1067 2770 1246 2841 (Unde
1266 2771 1472 2845 supra.)

549 2864 677 2920 Car.
704 2877 1017 2919 ccccxxxvi.
1048 2861 1104 2917 SI
1153 2860 1349 2929 aliquis
1386 2860 1882 2917 exeommunicatus
1903 2860 2066 2916 fuerit

478 2963 741 3018 mortuus,
765 2952 856 3022 qui
875 2952 987 3022 jam
1003 2951 1072 3006 sit
1093 2949 1391 3014 confessus,
1414 2958 1469 3006 et
1490 2966 1599 3005 non
1620 2949 1860 3005 occurrit
1882 2950 2066 3005 venire

481 3046 551 3102 ad
605 3044 941 3100 sacerdotem
970 3081 983 3105 ,
1042 3041 1135 3096 sed
1202 3041 1597 3111 praeoccupavit
1643 3056 1766 3095 eum
1815 3055 1962 3098 mors
2012 3041 2064 3094 in

2166 1870 2282 1925 sine
2312 1881 2439 1927 voto
2467 1874 2715 1928 monachi
2755 1891 2877 1930 cum
2903 1877 3078 1945 puella
3120 1878 3200 1933 vel
3233 1881 3479 1935 meretrice
3500 1896 3641 1952 pecca-

2165 1960 2304 2015 verit
2328 1960 2511 2016 decem
2540 1977 2711 2018 annos
2734 1965 3018 2033 paeniteat.
3044 1965 3273 2023 Clericus
3294 1984 3402 2023 cum
3425 1969 3500 2023 tali
3516 1984 3583 2038 put
3594 1969 3646 2022 lla

2165 2051 2281 2105 sine
2304 2060 2428 2106 voto
2449 2053 2721 2118 monachi,
2751 2053 2799 2108 si
2823 2053 3125 2112 fornicatus
3149 2056 3317 2123 fuerit,
3337 2074 3477 2113 unum
3497 2074 3645 2113 annum

2162 2140 2452 2209 pceniteat;
2484 2142 2531 2196 si
2561 2141 2891 2212 frequenter,
2934 2145 3073 2202 duos
3109 2161 3285 2203 annos.
3316 2147 3366 2203 Si
3406 2164 3506 2204 cum
3529 2162 3647 2203 cano-

2094 2295 2100 2301 .
2164 2229 2309 2295 nica,
2339 2230 2475 2286 duos
2514 2247 2717 2298 annos;
2750 2233 2796 2288 si
2833 2233 3167 2304 frequenter,
3197 2245 3299 2292 tres
3320 2253 3480 2292 annos.
3518 2237 3562 2291 Si
3583 2251 3648 2307 ge-

2166 2322 2345 2377 nuerit
2384 2337 2452 2377 ex
2497 2339 2562 2379 ea
2607 2324 2800 2391 filium,
2852 2335 3090 2396 quatuor
3140 2343 3300 2384 annos
3326 2347 3337 2382 :
3365 2328 3443 2383 alii
3484 2329 3646 2393 dicunt,

2166 2424 2390 2486 septem.
2429 2417 2743 2474 Theodorus
2789 2420 2924 2475 dixit
2956 2436 2969 2475 :
3001 2422 3279 2479 Monachus
3324 2423 3647 2479 fornicationem

2166 2504 2387 2572 faciens,
2421 2517 2625 2578 septem
2660 2525 2830 2566 annos
2847 2512 3131 2581 paeniteat.

2170 2639 2674 2724 Ut.quot.i'escunque
2719 2641 2907 2724 aliquis
2946 2645 3024 2698 ad
3065 2645 3392 2716 pwuitentiam
3426 2644 3648 2724 accesserit.

2238 2713 2483 2834 gejuniis,
2531 2723 2578 2767 et
2625 2713 2947 2768 orationibus
2990 2713 3112 2769 cum
3148 2734 3204 2770 eo
3241 2715 3562 2771 communicare
3586 2714 3651 2767 de-

2273 2791 2376 2835 eat.

2544 2892 2641 2963 (Ex
2673 2892 3039 2949 Ptnnitentiali
3070 2893 3366 2965 Theodori.)

2238 3026 2353 3081 LIB.
2394 3043 2516 3091 xxx,
2556 3042 2675 3081 car.
2703 3044 2897 3083 χχχιιι.
2927 3039 2948 3067 ο
2995 3028 3409 3098 Quotiescunque
3433 3025 3652 3083 Christiani

478 3137 641 3193 domo
679 3143 772 3191 aut
802 3135 855 3190 in
886 3133 995 3199 via,
1032 3132 1235 3187 faciant
1262 3146 1359 3200 pro
1405 3146 1469 3186 eo
1498 3140 1753 3202 parentes
1776 3130 1892 3198 ejus
1914 3130 2063 3185 ohia-
2089 3114 2136 3179 C
2167 3122 2233 3177 ad
2278 3123 2654 3192 pmnitentiam
2702 3125 2993 3188 accedunt,
3047 3124 3245 3194 jejunia
3289 3123 3584 3199 injungimus;
3616 3123 3656 3170 et

481 3228 681 3283 tionem
731 3226 797 3281 ad
846 3224 1036 3287 altare,
1087 3230 1141 3277 et
1180 3222 1305 3278 dent
1347 3221 1768 3291 redemptionem
1828 3234 1926 3290 pro
1975 3235 2065 3274 ca-

478 3320 642 3390 ptivis
674 3331 718 3374 α.

1232 3390 1350 3449 Π.-

929 3512 1040 3570 ΕΧ
1096 3508 1606 3576 BURCHARDO,

564 3608 873 3686 Capitulis
895 3606 1156 3667 omissis
1191 3622 1334 3684 qua:
1363 3622 1554 3683 supra
1586 3604 1781 3665 relata
1809 3606 1982 3683 sunt.

659 3706 737 3759 De
762 3705 867 3760 illis
893 3706 981 3775 qui
1007 3704 1061 3757 in
1090 3704 1351 3757 codicibus
1386 3703 1568 3774 futura
1598 3703 1888 3772 requirunt.

857 3794 959 3863 (Ex
989 3793 1351 3849 Pmnitentiali
1383 3791 1700 3865 Theodori.)

550 3886 667 3941 Lm.
694 3901 748 3952 x,
773 3900 890 3942 car.
922 3883 1390 3939 xxvr.blntabulis
1411 3885 1495 3939 vel
1524 3882 1797 3938 codicibus
1811 3888 1958 3937 sorte
1982 3880 2063 3935 fu-

483 3990 604 4036 tura
648 3995 756 4034 non
804 3985 929 4034 sunt
974 3976 1332 4047 requirenda;
1384 3984 1440 4030 et
1482 3983 1542 4029 ut
1569 3974 1745 4028 nullus
1777 3973 1831 4027 in
1859 3972 2065 4027 Psalte-

483 4072 566 4126 rio
599 4111 615 4136 ,
665 4068 752 4124 vel
793 4068 848 4123 in
908 4066 1242 4137 Evangelia,
1289 4064 1375 4120 vel
1419 4063 1474 4117 in
1527 4062 1648 4117 aliis
1693 4062 1856 4116 rebus
1880 4059 2063 4115 sortiri

480 4167 795 4235 praesumat,
842 4174 942 4214 nec
980 4157 1336 4213 divinationes
1364 4156 1574 4225 aliquas
1598 4154 1650 4208 in
1677 4152 1947 4223 aliquibus
1973 4166 2061 4206 re-

483 4255 585 4309 bus
604 4252 914 4307 observare.
944 4249 1100 4317 Quod
1125 4249 1170 4303 si
1186 4246 1396 4313 fecerit,
1427 4244 1780 4316 quadraginta
1810 4243 1925 4298 dies
1949 4257 2064 4311 pm-

489 4344 678 4398 niteat.

770 4430 842 4485 De
864 4429 968 4485 illis
989 4430 1080 4501 qui
1105 4430 1159 4483 in
1187 4427 1365 4498 lingua
1395 4425 1575 4480 lascivi
1604 4424 1816 4493 fuerint.

861 4520 960 4591 (Ex
991 4517 1351 4575 Pmnitcntiali
1388 4514 1701 4585 Theodori.)

555 4615 682 4670 Car.
720 4630 827 4668 LVI.
862 4613 918 4668 Si
949 4612 1071 4684 quis
1100 4611 1333 4665 lascivus
1356 4610 1410 4663 in
1436 4609 1618 4678 lingua
1648 4605 1831 4667 fuerit,
1859 4604 2062 4659 tridua-

489 4720 557 4758 na
578 4704 894 4774 paenitentia
920 4704 1187 4773 expietur.

2168 3229 2267 3269 nos
2300 3216 2704 3269 communicare
2725 3230 2844 3270 cum
2869 3216 2948 3271 eis
2975 3217 3231 3272 debemus
3259 3216 3307 3269 in
3323 3212 3511 3282 jejunio,
3536 3220 3656 3261 unam

2165 3312 2261 3359 aut
2290 3305 2422 3359 duas
2448 3306 2790 3374 septimanas,
2820 3315 2915 3361 aut
2934 3315 3196 3376 quantum
3222 3296 3495 3376 possumus;
3521 3309 3564 3353 ut
3581 3310 3656 3350 non

2168 3396 2379 3452 dicatur
2406 3397 2580 3463 nobis,
2614 3397 2757 3465 quod
2785 3398 3164 3453 sacerdotibus
3199 3395 3472 3451 Iudaeorum
3508 3390 3657 3445 dictum

2167 3496 2251 3544 est
2272 3504 2302 3543 a
2329 3488 2559 3542 Domino
2593 3507 2605 3541 :
2646 3487 2738 3543 Vw
2768 3489 2907 3543 vobis
2938 3488 3268 3559 legisperilis,
3310 3486 3392 3558 qui
3433 3476 3659 3554 aggraratit

2167 3578 2421 3645 homines,
2444 3588 2491 3632 et
2517 3578 2779 3649 imponitis
2802 3596 2959 3649 super
2978 3581 3222 3634 humeros
3247 3594 3409 3633 eorum
3429 3590 3555 3629 onera
3573 3585 3659 3642 gra-

2168 3668 2248 3723 via
2275 3677 2323 3722 et
2352 3668 2736 3738 importabilia;
2780 3669 2880 3739 ipsi
2914 3679 3095 3724 autem
3122 3687 3225 3724 uno
3257 3669 3404 3738 digito
3434 3673 3568 3719 vestro
3587 3676 3660 3713 non

2168 3757 2377 3829 tangitis
2419 3760 2656 3814 sarcinas
2700 3760 2858 3828 ipsus.
2900 3759 3074 3815 Nemo
3102 3761 3240 3815 enim
3269 3765 3427 3829 potest
3448 3752 3660 3809 sullevare

2167 3854 2450 3910 cadentem
2496 3855 2596 3911 sub
2631 3855 2889 3925 pondere,
2922 3856 3031 3910 nisi
3059 3855 3383 3911 inclinaverit
3414 3862 3459 3907 ut
3485 3847 3662 3921 ροιτίετίί

2166 3943 2215 3997 ei
2239 3960 2492 4010 manum;
2517 3960 2689 4013 neque
2711 3944 2849 4000 ullus
2871 3946 3206 4002 medicorum
3233 3946 3433 3999 vulnera
3452 3940 3661 3995 infirman-

2167 4033 2300 4087 tium
2342 4042 2520 4103 potest
2548 4050 2761 4100 curare,
2798 4036 2901 4090 nisi
2934 4034 3218 4092 fmtoribns
3242 4035 3485 4108 particeps
3515 4027 3660 4084 fuerit;

2167 4125 2240 4180 ita
2285 4141 2496 4195 quoque
2541 4127 2718 4183 nullus
2744 4129 3090 4184 sacerdotum
3126 4131 3211 4185 vel
3237 4127 3451 4200 pontifex
3477 4128 3662 4194 peccato-

2167 4231 2286 4270 rum
2315 4217 2536 4272 vulnera
2584 4233 2778 4274 curare
2816 4229 3032 4289 potest,
3089 4229 3182 4275 aut
3225 4219 3480 4275 animabus
3501 4216 3662 4283 permL1

2167 4307 2404 4373 auferre,
2432 4310 2534 4365 nisi
2574 4319 2864 4380 prazstante
2912 4313 3293 4377 sollicitudine,
3321 4318 3367 4365 et
3393 4307 3591 4364 oratione
3609 4300 3663 4351 la-

2168 4413 2494 4468 crymarum.
2525 4399 2755 4455 Necesse
2780 4412 2863 4456 est
2886 4417 3039 4473 ergo,
3085 4402 3274 4457 fratres
3297 4393 3575 4456 charissimi,
3597 4400 3662 4441 τοῦ

2088 4471 2138 4527 Ῑ)
2164 4490 2422 4545 sollicitos
2449 4505 2569 4546 esse
2588 4507 2686 4560 pro
2710 4471 3078 4562 peccantibus,
3106 4494 3196 4563 qui
3223 4505 3397 4547 sumus
3414 4488 3661 4540 alterutrum

2162 4581 2425 4634 membra.
2478 4579 2711 4648 lieoque
2752 4589 2809 4635 et
2850 4598 2948 4636 nos
2994 4583 3039 4636 si
3081 4582 3364 4636 viderimus
3398 4575 3589 4643 aliquem
3624 4565 3664 4620 in

2160 4673 2397 4743 peccatis
2421 4671 2716 4740 iacentem,
2749 4672 3066 4729 festinemus
3104 4689 3225 4728 eum
3271 4672 3333 4725 ad
3366 4659 3663 4738 penitentiam

489 4750 557 4758 ..κ
580 4750 894 4774 vuum--."
924 4750 1155 4773 πρυ--
1173 4750 1185 4755 -

488 4794 566 4847 De
595 4793 697 4846 illis
717 4793 812 4863 qui
840 4794 1073 4862 pejerant
1099 4808 1152 4846 se
1180 4793 1236 4846 in
1262 4807 1419 4845 manu
1447 4788 1692 4860 episcopi,
1714 4795 1805 4841 aut
1834 4787 1888 4840 in
1913 4801 2061 4839 cruce

2160 4780 2256 4835 per
2301 4774 2540 4819 nostram
2585 4766 2885 4819 doctrinam
2933 4781 3146 4820 vocare.
3193 4764 3259 4818 Et
3285 4759 3479 4831 quoties
3506 4750 3665 4853 dederit

803 4872 1134 4926 consecrata,
1174 4871 1267 4914 aut
1293 4878 1397 4914 non
1425 4867 1746 4913 consecrata.

854 4951 955 5021 (Ex
986 4950 1348 5006 Ptet‘iitentiali
1380 4948 1695 5020 Theodori.)

558 5045 674 5099 LIB.
705 5058 800 5106 χιι,
834 5056 949 5095 car.
981 5057 1031 5093 γ.
1065 5040 1165 5106 Qui
1191 5038 1399 5108 pejerat
1423 5054 1480 5094 se
1524 5040 1577 5094 in
1618 5054 1779 5093 manu
1805 5037 2061 5107 episcopi,

488 5147 583 5193 aut
609 5136 666 5191 in
694 5149 855 5191 cruce
879 5141 1208 5196 consecrata,
1238 5141 1349 5187 tres
1373 5132 1830 5202 annospoeniteat.
1863 5132 1918 5184 Si
1943 5146 2071 5185 vero

491 5231 545 5286 in
590 5243 752 5284 cruce
780 5242 886 5283 non
942 5231 1279 5287 consecrata,
1326 5239 1525 5278 annum
1573 5239 1737 5277 unum
1789 5222 2065 5292 poeniteat.

489 5317 593 5386 Qui
622 5327 800 5375 autem
827 5317 1079 5373 seductus
1109 5313 1271 5368 fuerit
1288 5322 1344 5368 et
1374 5314 1626 5382 ignorans
1646 5326 1704 5366 se
1729 5310 2070 5381 pejeraverit,

490 5418 546 5463 ct
570 5418 757 5480 postea
794 5408 1090 5479 cognoscit,
1115 5421 1227 5461 tres
1253 5404 1693 5476 quadragesimas
1717 5403 1996 5472 pmniteat.

563 5553 590 5581 ι
613 5540 814 5614 Cretera
835 5560 951 5614 qua:
976 5553 1261 5614 sequuntur
1286 5540 1350 5614 de
1371 5539 1544 5614 coqui
1571 5543 1779 5614 Iuratus
1802 5536 1959 5614 fuerit
1980 5554 2071 5607 per

496 5605 869 5681 necessitatem;
917 5622 967 5667 et
994 5605 1058 5667 de
1103 5605 1473 5681 redemptionis
1486 5605 1651 5681 pretio
1678 5605 1900 5681 (Burch.
1921 5606 1959 5681 _l.
1981 5605 2066 5681 χι,

496 5691 545 5731 c.
571 5675 682 5739 5|).
708 5697 867 5748 supra
891 5682 1052 5736 relatu
1079 5691 1197 5735 sunt
1228 5675 1286 5735 in"
1305 5682 1473 5752 prima
1486 5675 1787 5732 collectione
1816 5676 2069 5747 capitulo-

2162 4856 2452 4911 ‘consilium
2488 4857 2754 4926 peccanti,
2785 4856 2943 4910 simul
2993 4871 3211 4925 quoque
3251 4853 3315 4908 da
3349 4850 3417 4906 illi
3462 4842 3664 4925 Ρωηὶιεη·

2137 4947 2296 4999 .tiam
2326 4948 2529 5011 statim,
2555 4954 2813 5014 quantum
2845 4946 3038 5000 debeat
3056 4944 3299 5013 jr-junare
3328 4946 3412 4994 aut
3439 4936 3664 5014 eleemoslf

2168 5040 2253 5094 nis
2283 5039 2547 5094 redimere
2582 5046 2799 5108 peccata
2825 5055 2837 5089 :
2870 5053 2938 5091 ne
2962 5037 3099 5092 forte
3126 5030 3444 5091 obliviscaris
3468 5039 3566 5095 qua:
3597 5011 3663 5071 tibi

2165 5129 2279 5199 jam
2308 5131 2463 5195 dixit,
2507 5138 2560 5184 et
2604 5130 2793 5184 iterum
2827 5144 3047 5184 necesse
3072 5129 3143 5182 sit
3174 5128 3264 5181 tibi
3294 5123 3603 5188 interrogare;
3626 5109 3665 5157 ει

2172 5219 2397 5275 forsitan
2442 5220 2722 5277 erubescet
2769 5218 2965 5272 iterum
3009 5224 3230 5286 peccata
3258 5229 3349 5271 sua
3390 5200 3666 5266 confiteri.“

2174 5311 2476 5366 invenietur
2492 5308 2604 5379 jam
2635 5308 2862 5380 amplius
2886 5308 3141 5377 iudicari.

2171 5549 2288 5587 rum
2315 5531 2591 5586 Theodori.

2242 5603 2270 5642 ι)
2306 5603 2418 5666 lvo,
2456 5617 2506 5670 p.
2534 5617 2610 5663 χι,
2636 5616 2686 5656 c.
2718 5600 2811 5654 52.

2244 5683 2265 5711 ο
2304 5672 2415 5738 lvo,
2444 5686 2495 5741 p.
2524 5687 2609 5737 xv,
2637 5687 2684 5727 c.
2714 5672 2799 5727 56.
