3928 6178
319 327 423 385 θΠ

387 513 513 574 sint,
561 503 635 563 vel
680 509 726 561 si
764 507 908 562 canis
953 518 1043 561 aut
1089 506 1303 577 aliquod
1343 507 1540 562 animal
1572 503 1897 560 immundum

386 581 557 637 cibum
587 579 833 648 tetigerit.

692 668 794 739 (Ex
820 667 1110 723 Pmnitenti
1128 667 1182 721 xli
1210 667 1523 737 Theodori.)

384 759 514 815 Car.
552 772 772 812 Lxxmx.
804 754 957 823 Quod
996 757 1042 810 si
1074 771 1203 810 casu
1250 756 1372 825 quis
1413 755 1686 810 immunda
1735 767 1898 808 manu

315 851 497 908 cibum
521 848 715 917 tangit,
735 847 818 901 vel
845 847 889 901 si
911 846 1083 910 canis,
1111 862 1320 911 musve,
1346 855 1438 901 aut
1458 846 1650 901 animal
1674 846 1900 900 immun-

316 943 443 998 dum
473 940 788 1010 sanguinem
810 938 1047 993 hominis
1081 939 1212 1003 edit,
1246 953 1350 993 non
1376 948 1564 1003 nocet;
1594 947 1648 992 et
1685 938 1774 1006 qui
1802 952 1900 1007 pro

314 1031 640 1087 necessitate
667 1029 826 1084 famis
854 1031 1141 1084 manducat
1170 1030 1368 1084 animal
1394 1032 1534 1099 quod
1562 1030 1898 1083 immundum

314 1120 550 1185 videtur,
566 1120 648 1176 vel
661 1136 813 1175 avem
826 1120 910 1175 vel
923 1122 1151 1175 bestiam
1161 1162 1175 1185 ,
1190 1120 1609 1175 misericorditer
1620 1120 1896 1188 pmniteat.

313 1229 394 1286 De
417 1230 525 1286 illis
552 1232 643 1303 qui
672 1231 973 1286 reticuerim
1009 1242 1277 1302 peccatum
1317 1233 1498 1302 fratris
1522 1232 1662 1304 quod
1703 1242 1783 1287 est
1831 1233 1900 1287 ad

989 1312 1225 1356 mortem.

695 1391 795 1463 (Ex
823 1391 1187 1447 Pmnitentiali
1207 1392 1521 1464 Theodori.)

388 1478 493 1546 Qui
519 1479 799 1536 reticuerit
842 1479 1098 1536 delictum
1134 1480 1318 1536 fratris
1344 1483 1489 1553 quod
1515 1490 1599 1538 est
1636 1497 1804 1552 usque
1833 1482 1901 1537 ad

314 1579 578 1638 mortem,
606 1587 782 1643 neque
803 1589 926 1628 eum
947 1575 1272 1643 corripuerit
1292 1575 1445 1645 juxta
1470 1575 1712 1647 regulam
1734 1590 1898 1630 evan-

319 1661 575 1732 gelicam,
597 1662 772 1732 primo
797 1663 939 1718 inter
962 1679 1021 1719 se
1046 1672 1099 1720 et
1127 1665 1301 1734 ipsum
1324 1665 1520 1731 solum,
1546 1666 1735 1721 deinde
1761 1666 1901 1721 inter

316 1752 477 1819 alios,
515 1753 709 1809 deinde
756 1755 825 1810 ad
867 1756 1149 1812 ecclesiam
1192 1757 1403 1826 culpam
1443 1758 1701 1823 referens,
1733 1759 1778 1813 si
1809 1775 1899 1813 ne-

319 1857 475 1898 cesse
502 1842 687 1911 fuerit,
715 1853 771 1900 et
815 1854 1016 1915 quanto
1041 1854 1278 1918 tempore
1319 1846 1419 1902 fuit
1443 1856 1592 1904 tanto
1616 1849 1899 1919 pmniteat.

317 1972 401 2027 De
427 1972 534 2045 illis
560 1974 653 2045 qui
689 1975 759 2045 ad
804 1975 1176 2045 confessionem
1218 1978 1445 2043 veniunt,
1497 1996 1699 2034 necesse
1733 1989 1809 2034 est
1846 1989 1904 2034 ut

353 2043 582 2113 primum
601 2044 666 2097 tle
694 2043 855 2099 livore
882 2043 1088 2101 invidia:
1116 2056 1164 2100 et
1194 2049 1432 2102 avaritia!
1462 2050 1866 2119 interrogentur.

392 2153 520 2209 CAP.
550 2171 725 2211 cxuv.
759 2156 901 2213 Sane
921 2161 1047 2229 quia
1077 2160 1141 2215 de
1168 2161 1339 2216 livore
1366 2161 1599 2228 invidia),
1627 2170 1682 2217 et
1707 2164 1775 2221 de
1798 2165 1901 2233 ira,

318 2259 426 2302 nec
472 2263 580 2302 non
621 2256 676 2304 et
716 2249 782 2304 de
827 2251 1053 2305 avaritia
1100 2260 1159 2306 ut
1208 2252 1455 2321 superius
1508 2253 1774 2324 digestum
1797 2264 1899 2321 est,

316 2338 574 2393 oriuntur
603 2340 893 2395 homicidia
914 2381 927 2406 ,
963 2350 1110 2397 recte
1138 2352 1196 2396 ut
1225 2343 1461 2398 arbitror
1493 2344 1804 2399 censuimus
1836 2346 1903 2401 de

317 2423 442 2500 ipso
466 2431 598 2486 vitio
638 2432 871 2502 primum
900 2434 1135 2502 qualiter
1163 2434 1481 2489 sacerdotali
1513 2435 1718 2505 judicio
1745 2451 1905 2491 cano-

317 2519 447 2575 nice
482 2523 697 2591 penitus
731 2524 803 2578 sit
826 2524 1204 2594 corrigendum
1243 2525 1529 2579 ostendere
1565 2542 1577 2578 :
1611 2541 1676 2580 ac
1709 2525 1902 2581 deinde

314 2610 619 2665 secundum
644 2612 889 2666 ordinem
910 2613 1163 2667 vitiorum
1188 2613 1261 2668 ita
1285 2614 1579 2668 remedium
1607 2616 1903 2684 subsequa-

313 2708 431 2765 tur,
461 2718 570 2771 quo
626 2703 834 2759 facilius
883 2706 1235 2774 undecunque
1267 2705 1537 2774 paenitens
1563 2708 1780 2778 purgari
1800 2722 1899 2763 vo-

312 2787 503 2863 luerit,
531 2793 649 2848 sine
674 2794 932 2851 dilatione
965 2797 1019 2850 in
1051 2796 1276 2867 singulis
1303 2796 1550 2865 capitulis
1576 2796 1894 2852 inveniatur.

891 3008 1005 3069 Bx
1051 2911 1325 3069 lim.

560 3102 639 3158 De
662 3103 766 3158 illis
790 3104 880 3175 qui
901 3122 994 3176 per
1015 3122 1245 3160 amorem
1272 3106 1482 3175 veneﬁci
1502 3105 1656 3176 ﬁunt.

706 3193 808 3263 (Ex
837 3194 1199 3249 Pmnitentiali
1227 3195 1539 3269 Theodori.)

389 3283 452 3337 P.
484 3298 572 3347 xv,
597 3298 715 3354 cap.
740 3300 882 3339 cxvl.
914 3284 971 3340 Si
995 3286 1117 3355 quis
1140 3301 1238 3355 per
1262 3303 1501 3342 amorem
1525 3286 1796 3344 veneﬁcus
1818 3286 1897 3355 fit,

314 3380 371 3425 et
400 3373 669 3427 neminem
687 3375 980 3443 perdiderit
1013 3394 1025 3429 :
1058 3377 1104 3431 si
1127 3377 1358 3433 clericus
1378 3385 1481 3442 est,
1511 3394 1677 3432 unum
1698 3394 1899 3434 annum

315 3465 579 3533 pmniteat
631 3466 684 3520 in
714 3481 853 3535 pane
883 3478 938 3522 et
973 3484 1142 3538 aqua;
1182 3471 1226 3524 si
1258 3470 1650 3537 subdiaconus,
1679 3472 1822 3538 duo;
1854 3472 1901 3528 si

317 3555 582 3610 diaconus
601 3564 735 3621 tres,
761 3573 927 3612 unum
955 3573 1021 3613 ex
1045 3559 1129 3613 his
1152 3559 1205 3613 in
1228 3574 1364 3631 pane
1384 3568 1438 3615 et
1466 3576 1635 3630 aqua;
1662 3562 1707 3616 si
1733 3563 1901 3619 laicus

318 3655 373 3699 et
406 3646 689 3701 dimidium
733 3664 935 3702 annum
982 3651 1262 3719 poeniteat,
1310 3652 1544 3707 maxime
1583 3653 1626 3706 si
1668 3667 1767 3721 per
1800 3653 1903 3709 hoc

320 3740 565 3794 mulieris
589 3749 803 3810 partum
834 3743 1106 3813 deceperit
1143 3744 1370 3814 quisque
1402 3756 1511 3800 tres
1537 3761 1707 3801 annos
1742 3763 1904 3803 unus-

318 3833 553 3902 quisque
581 3842 937 3905 superaugeat
973 3837 1027 3891 in
1075 3852 1215 3907 pane
1244 3846 1298 3892 et
1326 3852 1484 3907 aqua,
1518 3852 1586 3892 ne
1628 3837 1904 3893 homicidii

318 3944 451 3985 reus
480 3930 553 3985 sit
579 3943 628 3984 δ.

393 4078 421 4139 f
457 4066 666 4139 Qtetera
697 4084 859 4139 supra
882 4076 1065 4125 notata
1093 4077 1237 4125 sunt.

394 4135 425 4175 δ
461 4136 521 4192 In
547 4135 1074 4211 plerisqueivetustis
1092 4149 1199 4206 est,
1221 4148 1269 4195 et
1291 4140 1526 4211 quandiu
1551 4137 1644 4193 illa
1673 4138 1905 4209 panitet,

321 4214 384 4260 ut
411 4216 602 4262 notant
633 4224 775 4265 corr.
803 4210 956 4265 Grai.

396 4286 420 4314 ο
458 4276 658 4349 But-ch:
685 4280 869 4346 etiam,
901 4288 956 4334 et
981 4280 1071 4336 [vo
1099 4288 1259 4349 caput
1286 4280 1388 4335 hoc
1427 4279 1691 4349 citantle
1724 4278 1904 4349 Theo-

322 4345 480 4400 doro.
515 4344 800 4418 Ut_Gra’ci,
823 4344 940 4404 haec
964 4351 1127 4405 verba
1152 4344 1387 4418 itemque
1408 4349 1496 4402 illa
1530 4367 1542 4402 :
1577 4346 1643 4403 Ut
1665 4357 1773 4403 tota
1798 4348 1907 4417 fere

322 4416 786 4495 sanctaAEcclesia
799 4435 833 4495 ,°_
860 4428 916 4474 et
958 4420 1049 4474 illa
1079 4434 1093 4473 :
1125 4419 1195 4495 Et
1223 4416 1319 4473 hoc
1354 4418 1699 4495 perfectorum
1727 4416 1824 4495 est,
1850 4425 1907 4471 et

322 4483 417 4538 illa
432 4502 463 4559 _:
500 4485 653 4559 Quae
693 4497 769 4542 est
799 4483 1095 4559 justorum,
1144 4483 1366 4559 absunt;
1398 4483 1849 4559 quemadmodum
1860 4502 1905 4559 Aa

1020 315 1580 376 P(ENITENTIALE.
1620 346 1688 356 —
1728 313 2070 372 CAPITULA
2105 312 2463 370 COLLEC'I‘A
2502 313 2597 369 EX
2631 310 2894 372 FRAGM.

316 444 393 501 De
430 441 534 495 illis
568 454 655 510 qua
702 438 880 510 cibum
924 437 1195 510 immunda
1226 453 1387 510 manu
1422 444 1620 510 tactum
1666 433 1901 510 comede-
1927 432 1980 495 A

1923 3143 1971 3206 C

3464 321 3568 380 γε
3584 324 3593 337 ‘

2736 431 2843 490 ιν.

2488 553 2600 611 EX
2652 552 3090 614 GRATIANO.

2002 674 2119 741 Qua
2147 691 2298 746 paena
2331 675 2398 729 sit
2439 675 2717 756 feriendus
2748 677 2837 747 qui
2877 678 3175 731 necessitate
3226 688 3435 734 coactus
3458 694 3576 750 pcr-

2686 757 2860 812 Jurat.

2363 854 2465 926 (Ex
2499 854 2861 910 Poenitentiali
2899 857 3214 928 Theodori.)

2071 961 2246 1015 Causa
2272 977 2410 1021 xxn.
2438 979 2491 1032 q.
2519 961 2574 1025 5,
2606 979 2652 1015 c.
2684 964 2739 1016 '5.
2767 962 2821 1016 Si
2848 964 2972 1032 quis
2999 972 3217 1019 coactus
3241 981 3340 1034 pro
3365 966 3471 1021 vita
3492 983 3576 1023 re-

2000 1050 2269 1113 dimenda,
2290 1049 2384 1111 vel
2407 1065 2502 1119 pro
2529 1051 2766 1118 qualibet
2789 1067 2971 1117 causa,
2999 1053 3084 1106 vel
3110 1056 3428 1110 necessitate
3453 1071 3580 1127 per-

1991 1142 2184 1211 jurat:
2215 1141 2338 1210 quia
2367 1141 2488 1210 plus
2512 1156 2709 1211 corpus
2753 1158 2913 1212 quam
2953 1143 3189 1197 animam
3233 1145 3438 1211 dilexit,
3465 1153 3597 1211 tres,

2001 1233 2447 1304 quadragesimas
2499 1234 2778 1302 poeniteat.
2832 1233 2937 1288 Alii
2990 1249 3122 1289 vero
3171 1235 3415 1306 iudicant
3468 1246 3578 1292 tres

2004 1342 2196 1392 annos,
2225 1342 2392 1381 unum
2422 1341 2486 1380 ex
2514 1326 2601 1381 bis
2630 1326 2684 1380 in
2714 1340 2852 1394 pane
2879 1335 2936 1379 et
2959 1341 3117 1395 aqua.

2003 1436 2107 1503 Qui
2142 1415 2397 1493 adultera:
2428 1437 2660 1491 debitum
2697 1437 2888 1502 reddit,
2931 1437 3096 1492 tribus
3123 1439 3272 1493 annis
3314 1450 3573 1510 paeniteat.

2372 1550 2471 1623 (Ex
2499 1551 2865 1606 Poenitentiali
2893 1551 3206 1624 Theodori.)

2072 1660 2247 1716 Causa
2272 1679 2442 1727 xxx",
2466 1679 2517 1733 q.
2552 1663 2601 1727 l,
2631 1680 2678 1716 c.
2712 1663 2763 1716 7.
2795 1663 2851 1718 Si
2881 1665 3002 1733 quis
3035 1680 3256 1720 uxorem
3290 1680 3442 1720 suam
3479 1668 3582 1724 scit

2002 1753 2321 1817 adulteram,
2351 1762 2405 1808 et
2429 1770 2536 1808 non
2567 1754 2678 1807 vult
2712 1755 2983 1810 dimittere
3022 1771 3160 1821 eam,
3188 1756 3280 1810 sed
3309 1756 3363 1810 in
3395 1758 3582 1810 matri-

2003 1846 2183 1900 monio
2224 1845 2446 1910 habere,
2499 1846 2670 1899 tribus
2724 1847 2880 1899 annis
2925 1847 3203 1914 poeniteat,
3244 1854 3298 1899 et
3345 1848 3582 1917 quandiu

2002 1936 2231 2007 poenitet
2255 1935 2307 2001 δ,
2333 1936 2602 1990 abstineat
2630 1951 2689 1991 se
2719 1937 2786 1990 ab
2810 1936 2920 1990 illa.
2995 1972 2999 1976 -

2004 2031 2202 2105 Sufﬁcit
2227 2032 2320 2087 illa
2348 2033 2605 2103 confessio
2622 2049 2749 2105 qua:
2783 2033 3007 2100 primum
3037 2034 3168 2099 Deo,
3199 2034 3386 2089 deinde
3407 2052 3583 2091 sacer-

2596 2103 2706 2158 thti
2736 2104 2978 2172 oﬂ'ertur.

2072 2213 2225 2271 Unde
2255 2213 2571 2270 Theodorus
2600 2214 3004 2271 Cantuariensis
3041 2216 3116 2270 ait
3138 2217 3192 2271 in
3217 2216 3580 2275 Pmnitentiall

2000 2321 2100 2362 suo
2127 2323 2140 2359 :
2172 2305 2400 2372 Quidam
2432 2304 2541 2360 Deo
2570 2304 2905 2360 solummodo
2934 2306 3180 2360 confiteri
3218 2307 3412 2362 debere
3457 2322 3585 2378 pec-

2001 2404 2121 2452 cata
2165 2395 2371 2460 dicunt,
2416 2401 2478 2449 ut
2522 2394 2716 2451 Graeci.
2766 2394 2994 2461 Quidam
3038 2410 3168 2450 vero
3213 2396 3583 2451 sacerdotibus

2000 2486 2301 2544 confitenda
2338 2501 2459 2542 esse
2490 2492 2828 2557 percensent,
2860 2492 2921 2540 ut
2961 2492 3074 2541 tota
3109 2486 3223 2541 fere
3268 2494 3454 2540 sancta
3480 2484 3584 2541 Ec-

2000 2576 2182 2632 cles‘ia.
2228 2574 2381 2642 Quod
2421 2582 2711 2643 utrumque
2761 2589 2869 2629 non
2916 2575 3033 2629 sine
3077 2590 3273 2645 magno
3309 2573 3487 2629 fructu
3521 2573 3583 2628 ﬁt

2000 2666 2142 2721 intra
2165 2673 2407 2721 sanctam
2448 2665 2743 2720 Ecclesiam
2777 2680 2790 2719 :
2825 2665 2897 2718 ita
2944 2665 3225 2730 duntaxat,
3257 2672 3317 2719 ut
3344 2665 3453 2720 Deo
3488 2665 3581 2735 qui
3662 2660 3669 2667 ’

2002 2758 2257 2812 remissor
2273 2765 2357 2812 est
2371 2764 2742 2826 peccatorum,
2762 2764 2982 2827 peccata
3005 2762 3189 2810 nostra
3213 2754 3582 2820 conﬁteamur,

2000 2857 2057 2903 et
2086 2846 2573 2916 hoc-perfectorum
2599 2852 2703 2910 est,
2735 2853 2795 2900 ut
2816 2860 2944 2901 cum
2974 2845 3141 2899 David
3168 2844 3410 2899 dicamus
3441 2862 3454 2898 :
3482 2843 3587 2899 De-

2000 2940 2179 2993 (ictum
2222 2953 2392 2991 meum
2423 2930 2685 3007 cognitum
2714 2934 2809 2988 tibi
2855 2933 3035 3004 feci,et
3079 2932 3393 3003 injustitiam
3418 2948 3585 2987 meam

2001 3045 2105 3082 non
2132 3027 2399 3082 abscondi.
2425 3027 2594 3079 Dixi:
2625 3022 2893 3092 Conﬁteor
2930 3024 3207 3078 adversum
3248 3039 3329 3077 me
3375 3020 3589 3093 injusti-

2001 3120 2129 3172 tiam
2178 3134 2369 3183 meam,
2401 3126 2450 3170 et
2492 3125 2549 3169 tu
2581 3114 2827 3170 remisisti
2867 3114 3183 3184 impietatem
3225 3111 3423 3185 peccati
3462 3115 3582 3167 mei.

2003 3205 2108 3262 Sed
2138 3215 2318 3261 tamen
2361 3205 2599 3276 Apostoli
2647 3204 2917 3260 institutio
2966 3204 3122 3258 nobis
3162 3203 3435 3271 sequenda
3478 3211 3581 3265 est,

1999 3305 2060 3352 ut
2080 3296 2431 3352 conﬁteamur
2454 3296 2771 3350 alterutrum
2799 3301 3019 3364 peccata
3047 3300 3250 3356 nostra,
3279 3301 3335 3348 et
3357 3308 3578 3364 oremus

2000 3410 2099 3465 pro
2131 3394 2380 3457 invicem,
2407 3400 2467 3447 ut
2495 3392 2782 3468 salverpnr.
2812 3387 3090 3446 Confessio
3118 3389 3297 3458 itaque
3325 3401 3444 3456 qua:
3481 3386 3584 3442 soli

2001 3485 2113 3540 Deo
2142 3485 2220 3548 fit,
2253 3484 2396 3553 quod
2417 3491 2499 3537 est
2516 3480 2787 3549 iustorum
2811 3487 3004 3550 purgat
3028 3487 3250 3549 peccata
3281 3492 3326 3533 ο.
3354 3478 3430 3535 Ea
3456 3493 3588 3535 vero

2003 3590 2122 3646 qum
2150 3574 2418 3630 sacerdoti
2458 3576 2535 3637 lit,
2564 3573 2720 3628 docet
2751 3571 2984 3641 qualiter
3010 3571 3124 3643 ipsa
3148 3580 3448 3643 purgantur
3470 3585 3589 3640 pec-

2002 3674 2143 3721 cata.
2178 3664 2319 3719 Deus
2348 3678 2581 3733 namque
2628 3662 2819 3717 salutis
2870 3669 2925 3717 et
2965 3661 3267 3716 sanctitatis
3303 3669 3491 3716 auctor
3534 3670 3591 3718 et

2004 3754 2231 3825 largitor
2251 3753 2568 3823 plerumque
2593 3752 2733 3806 hanc
2756 3752 2961 3821 praebet
2984 3766 3095 3806 sua:
3119 3750 3452 3821 pmnitentias
3476 3765 3590 3806 me-

2003 3844 2240 3899 dicinam
2269 3844 2521 3898 invisibili
2549 3842 3047 3915 administratione,
3072 3840 3386 3913 plerumque
3421 3842 3591 3897 medi-

2005 3950 2193 3992 corum
2215 3935 2529 4007 operatione
2552 3934 2601 3989 ά.

2005 4068 2347 4125 Cabilonensi
2376 4086 2436 4135 ιι,
2469 4085 2589 4125 can.
2622 4072 2710 4127 55.
2745 4070 3002 4138 Quaenam
3048 4084 3179 4128 vero
3222 4067 3385 4123 fuerit
3414 4068 3589 4138 disci-

2045 4141 2154 4194 lina
2189 4141 2243 4195 in
2272 4140 2500 4196 ecclesia
2542 4136 2809 4196 Theodori
2854 4141 2986 4195 satis
3014 4154 3281 4196 suneraue
3314 4136 3592 4193 declarant

2046 4154 2154 4194 una
2189 4156 2243 4195 ιιι
2272 4154 2500 4196 ecctesna
2542 4154 2809 4196 't'neouort
2854 4154 2986 4195 satis
3014 4154 3074 4193 su
3115 4155 3175 4194 er
3215 4155 3281 4193 ue
3314 4154 3585 4193 oecnarant

2004 4155 2126 4265 llaec
2154 4211 2340 4264 ultima
2376 4211 2540 4265 verba
2589 4210 2785 4264 veteris
2832 4209 3033 4264 codicis
3064 4154 3129 4262 de
3175 4155 3537 4263 gmnitentiali
3568 4223 3585 4261 :

2010 4278 2380 4333 Reconciliatio
2424 4278 2539 4332 ideo
2580 4281 2637 4333 in
2681 4280 2779 4332 hac
2817 4278 3079 4348 provincia
3123 4293 3227 4348 non
3262 4286 3355 4348 est,
3382 4275 3506 4347 quia
3535 4284 3587 4348 et

2009 4348 2216 4430 publica
2230 4348 2553 4440 jptenitentia
2591 4365 2695 4440 nqn
2722 4342 2827 4440 esti
2849 4347 3152 4440 Undeli'cet
3190 4342 3432 4440 judicare
3457 4342 3587 4440 quid

2011 4415 2349 4472 sentiendum
2381 4418 2450 4471 sit
2494 4417 2562 4473 de
2604 4417 2847 4487 pluribus
2872 4416 3119 4487 capitulis
3147 4415 3268 4487 qua:
3306 4415 3587 4472 Theodoro

2012 4488 2342 4542 tribuuntur.
2381 4486 2654 4542 Connecr.
2681 4486 2857 4541 Guar.

323 4549 714 4625 capitularibus
746 4549 971 4629 adjectis
1016 4549 1139 4614 can.
1184 4558 1255 4613 58
1302 4549 1378 4613 ita
1415 4549 1578 4613 etiam
1610 4572 1641 4612 a
1679 4557 1908 4613 concilio
1938 4549 1985 4609 Ι)
2081 4556 2107 4596 ά
2145 4556 2354 4613 Caetera
2378 4570 2540 4625 supra
2566 4556 2736 4612 relata
2760 4565 2903 4615 sunt.

811 4823 1306 4887 FRAGMENTA
1364 4780 1981 4895 EXiQUlBUSDAM
2033 4822 2451 4887 CODlClBUS
2497 4824 3095 4888 MANUSCBIPTIS.

326 5148 407 5204 Ex
451 5147 821 5204 Pmnitentiali
875 5145 1141 5217 magistri?
1174 5142 1536 5199 Bartholomei
1586 5140 1909 5217 Oxoniensis

401 5220 663 5301 episcopi,
709 5219 861 5301 cujus
894 5211 1260 5301 apdgrapbum
1304 5228 1520 5301 meeum
1545 5211 1911 5301 communica-

401 5280 481 5343 vit
507 5288 572 5344 D.
585 5280 917 5344 'ToneIErius
928 5280 1284 5341 bibliothecae
1315 5283 1373 5339 S.
1404 5281 1638 5340 Victoris
1667 5280 1913 5337 modera-

397 5366 490 5417 tor
516 5359 979 5431 vigilantissimus.

506 5448 586 5505 De
612 5450 837 5520 inﬁrmis
864 5449 919 5502 in
953 5445 1192 5520 periculo
1211 5445 1401 5520 mortis
1421 5440 1733 5520 constitutis.

708 5520 809 5591 (Ex
835 5512 1196 5575 Pmnitentiali
1221 5512 1533 5583 Theodori.)

400 5610 532 5665 Car.
564 5627 748 5665 vam.
785 5609 865 5664 Ab
894 5609 1120 5664 infirmis
1148 5607 1199 5660 in
1229 5604 1467 5675 periculo
1509 5601 1698 5657 mortis
1721 5598 1910 5670 positis

332 5719 425 5772 per
453 5706 798 5777 presbyteros
822 5719 957 5775 pura
978 5699 1293 5771 inquirenda
1321 5705 1402 5752 est
1424 5703 1767 5766 peccatorum
1792 5708 1911 5747 con-

2013 5051 2199 5112 fessio.
2244 5070 2350 5110 non
2407 5062 2584 5109 tamen
2619 5049 2942 5122 imponenda
2987 5058 3071 5106 est
3117 5051 3223 5106 illis
3257 5050 3587 5121 paenitentia:

2012 5144 2305 5215 quantitas,
2331 5144 2424 5200 sed
2463 5141 2867 5207 innotescenda,
2893 5148 2949 5195 et
2985 5156 3107 5196 cum
3141 5139 3435 5195 amicorum
3467 5151 3588 5192 ora-

2012 5235 2249 5291 tionibus
2269 5243 2325 5289 et
2347 5234 2809 5303 eleemosynarum
2839 5231 3030 5286 studiis
3063 5231 3272 5300 pondus
3304 5227 3589 5281 sublevan-

2011 5323 2161 5391 dum,
2189 5324 2235 5379 si
2272 5323 2411 5377 forte
2439 5322 2812 5393 migraverint,
2844 5335 2912 5375 ne
2937 5317 3155 5387 obligati
3187 5332 3217 5370 a
3246 5315 3583 5371 communio-

2013 5430 2081 5469 ne
2108 5413 2270 5468 alieni
2295 5413 2380 5468 vel
2408 5413 2679 5469 consortio
2702 5409 2872 5465 veniae
2894 5408 3044 5461 ﬁant.
3070 5406 3116 5461 Δ
3145 5420 3252 5475 quo
3278 5403 3518 5475 periculo
3538 5404 3588 5460 si

2012 5505 2269 5560 divinitus
2304 5504 2473 5574 erepti
2512 5500 2898 5563 convaluerint,
2939 5496 3272 5567 poenitentiae
3310 5496 3525 5555 modum
3556 5513 3589 5554 ι

2014 5604 2111 5650 suo
2155 5592 2460 5649 confessore
2500 5590 2805 5660 impositum
2851 5586 3135 5655 diligenter
3170 5585 3491 5639 observent;
3525 5583 3591 5639 Et

2018 5685 2136 5739 idco
2178 5682 2468 5739 secundum
2514 5676 2822 5733 canonicam
2852 5674 3248 5739 auctoritatem,
3282 5689 3349 5729 ne
3377 5671 3481 5743 illis
3502 5671 3590 5746 ja»
