3924 6180
409 257 518 314 γη

1365 249 1718 309 THEODORI
1755 250 2072 309 ARCHIEP.
2111 251 2666 312 CANTUARIENSIS
3489 263 3572 320 980

408 384 523 424 nua.
542 367 760 439 pietatis
784 363 966 422 clausa
1010 364 1278 431 videatur,
1304 364 1638 422 orationibus
1663 373 1719 418 et
1744 364 1988 420 consola-
2017 370 2062 430 Α
2089 381 2210 421 cum
2241 365 2438 436 puella,
2468 366 2642 421 tribus
2681 364 2836 420 annis
2876 365 3126 433 pmnizoat
3182 367 3236 422 Si
3278 384 3382 424 cum
3421 377 3580 430 sancti-

319 470 326 479 '
407 459 643 515 tionibus
673 457 1054 514 ecclesiasticis
1099 471 1253 512 sacra
1293 471 1415 512 cum
1460 457 1714 512 unctione
1739 457 1843 512 olei
1872 458 1988 512 ani-

405 546 563 612 mati,
593 547 884 602 secundum
923 553 1126 600 statuta
1170 555 1479 600 sanctorum
1504 543 1726 600 Palmm
1753 560 1988 601 commu-

403 636 568 691 nione
588 635 769 690 viatici
787 634 1118 689 reﬁciantur.
1139 645 1164 674 ει
1184 633 1241 688 Si
1262 643 1439 689 autem
1456 639 1736 704 peccatum
1758 635 1988 690 mortale

402 722 568 779 fuerit
609 723 703 779 sed
752 723 1044 789 occultum,
1098 723 1483 778 innotescenda
1531 723 1616 778 eis
1667 723 1986 793 pmnitentia

401 827 524 881 qua:
559 811 950 881 imponeretur,
971 812 1016 866 si
1048 818 1330 881 peccatum
1365 809 1637 879 publicum
1683 821 1862 877 esset;
1892 812 1986 867 sed

401 903 546 960 nulla
594 912 720 959 sunt
745 905 1068 975 imponenda
1098 919 1218 975 quae
1245 904 1521 958 observari
1550 904 1752 972 absque
1779 903 1985 974 peccati

398 995 762 1065 publicatione
788 1012 896 1050 non
934 1003 1190 1064 possunt,
1219 993 1376 1065 quale
1401 1001 1485 1049 est
1516 1001 1667 1049 extra
1702 995 1984 1049 ecclesiam

399 1087 686 1156 panitere,
717 1095 774 1141 et
817 1086 1014 1144 similia
1048 1101 1168 1156 qua:
1216 1083 1430 1138 nonnisi
1477 1083 1628 1138 laicis
1675 1093 1730 1139 et
1775 1084 1981 1153 publica

399 1178 750 1248 peccantibus
771 1187 896 1234 sunt
921 1175 1264 1247 injungenda.
1294 1176 1374 1230 Ex
1402 1175 1506 1230 hoc
1530 1190 1656 1230 vero
1688 1175 1985 1246 intelligant

402 1269 472 1323 ad
496 1269 624 1338 quid
652 1277 939 1324 teneantur
962 1285 1028 1324 ex
1061 1269 1274 1334 merito,
1304 1267 1387 1322 vel
1414 1275 1675 1334 quantum
1697 1266 1777 1322 eis
1798 1281 1980 1336 parca-

400 1368 512 1424 tur,
554 1375 620 1415 eo
659 1361 801 1431 quod
845 1375 944 1430 per
989 1367 1254 1415 secretam
1282 1355 1674 1413 confessionem
1704 1354 1832 1411 facti
1862 1363 1988 1411 sunt

401 1453 830 1523 ipsorum‘primi
868 1461 1240 1517 accusatores;
1271 1457 1324 1504 et
1366 1456 1424 1504 ut
1471 1463 1570 1518 pro
1613 1447 1985 1503 erubescentia

403 1561 566 1616 quam
595 1547 922 1602 sustinerent
951 1546 1002 1600 in
1027 1545 1237 1616 publica
1268 1543 1603 1614 poenitentia,
1631 1542 1986 1598 abundantio~

401 1652 518 1692 rem
547 1639 725 1693 cordis
750 1638 1128 1693 eontritionem
1169 1644 1223 1690 et
1259 1635 1619 1702 devotionem,
1648 1650 1769 1690 cum
1806 1634 1985 1690 chari-

401 1728 531 1781 tatis
554 1727 807 1798 operibus
837 1733 1268 1797 recompensent.

400 1906 478 1961 Ex
519 1906 1029 1978 interrogationibus
1055 1905 1122 1978 ad
1152 1905 1548 1961 confessionem
1576 1904 1830 1978 dandam,
1861 1920 1982 1978 qua;

473 1974 831 2046 subjiciuntur
887 1977 1276 2046 antiquissimae
1337 1991 1604 2031 canonum
1665 1974 1982 2046 Collectioni

473 2048 677 2170 coﬂicis
697 2048 799 2102 viri
827 2045 1114 2103 clarissimi
1140 2047 1358 2102 Antonii
1387 2047 1573 2102 Vionis
1593 2046 1796 2101 domini
1819 2045 1986 2100 Hero-

474 2131 536 2170 va
581 2133 642 2171 ιι.
1597 2155 1602 2158 -

475 2205 774 2263 Theodorus
795 2208 926 2264 dixit
948 2222 967 2261 :
989 2207 1281 2264 Monachus
1301 2206 1328 2247 ι)
1353 2205 1762 2262 fornicationem
1783 2203 1988 2260 faciens

474 2356 500 2416 ξ
541 2343 827 2416 [lucusque
851 2344 1049 2401 Burch.
1078 2347 1171 2402 lib.
1204 2361 1358 2410 xvm,
1390 2359 1439 2400 c.
1468 2344 1555 2399 M.

474 2413 504 2454 δ
540 2413 673 2471 Vide
697 2412 933 2472 canones
953 2416 1109 2478 Beda:
1131 2418 1198 2473 ad
1221 2417 1453 2473 remedia
1480 2424 1843 2487 peccatorum.
1868 2412 1986 2468 Lib.

2089 459 2331 524 moniali,
2363 465 2567 528 septem
2595 458 2752 512 annis
2777 455 3055 527 pmniteat.
3085 457 3263 514 Laicus
3289 461 3584 521 maculansss

2088 563 2211 603 cum
2241 545 2434 602 ancilla
2479 545 2592 611 Dei,
2627 545 2854 600 duobus.
2891 543 2949 598 Si
2989 546 3220 615 genuerit
3265 562 3324 602 ex
3350 564 3404 604 ea
3427 549 3582 619 illium,

2089 638 2262 693 tribus
2293 635 2467 691 annis.
2499 634 2556 690 Si
2605 634 2720 689 sine
2755 635 3065 698 concubitu,
3113 635 3272 691 tribus
3295 639 3585 710 quadragesi-

2089 729 2213 785 mis.
2244 728 2472 797 Quidam
2498 725 2851 798 quadraginta
2879 725 2993 779 dies
3011 722 3256 793 indicant.

2829 858 2915 914 III.

2089 979 2183 1034 EX
2216 973 2689 1035 COLLECTIONE
2715 970 3064 1036 CANONUM,
3087 968 3244 1038 ρυλε
3279 966 3588 1026 SEBVA'IUR

2363 1066 2432 1121 IN
2468 1063 2917 1122 BIBLIOTHECA
2955 1060 3012 1117 S.
3054 1058 3365 1117 VICTORIS.

2537 1212 2654 1254 CAP.
2697 1212 2908 1253 CONTRA
2943 1210 3210 1252 SIIONIAI.

2643 1335 2743 1402 (Ex
2770 1330 3100 1403 Theodoro.)

2094 1459 2162 1515 Ut
2190 1459 2364 1515 nullus
2403 1415 2674 1512 ordinatus
2725 1457 2791 1511 de
2836 1454 3134 1511 ministeriis
3180 1451 3406 1507 Ecclesia
3433 1450 3588 1522 aliquid

2593 1526 2812 1582 uendere
2839 1535 3142 1596 prmumat.

2162 1662 2220 1720 Si
2249 1663 2370 1733 quis
2393 1661 2701 1732 presbyter,
2731 1667 2823 1714 aut
2848 1659 3108 1714 diaconus
3131 1657 3363 1711 inventus
3388 1653 3517 1708 fuerit
3536 1657 3588 1708 de

2012 1729 2056 1789 Β
2084 1729 2412 1808 ministeriis
2425 1729 2679 1805 Ecclesiae
2720 1746 2918 1818 aliquid
2955 1744 3305 1808 venundasse,
3331 1743 3439 1816 quia
3462 1743 3590 1798 sacri-

2082 1841 2281 1912 legium
2328 1840 2619 1905 commisit,
2646 1838 2850 1908 placuit
2874 1851 3000 1892 eum
3029 1835 3082 1890 in
3124 1833 3432 1890 ordinatione
3452 1830 3592 1885 Eccle-

2083 1933 2177 1989 siae
2206 1948 2312 1987 non
2339 1931 2546 1986 haberi.
2582 1927 2791 1984 Iudicio
2815 1935 2994 1983 tamen
3024 1925 3256 1996 episcopi
3278 1921 3594 1978 dimittendum

2083 2033 2184 2088 est,
2239 2023 2353 2078 sive
2401 2022 2473 2077 sit
2516 2022 2744 2092 dignus,
2779 2019 2892 2074 sive
2935 2018 3216 2089 indignus,
3248 2016 3298 2070 in
3337 2029 3424 2068 suo
3462 2010 3592 2079 recipi

2085 2115 2275 2187 gradu.

2119 2339 2274 2461 geniti
2306 2353 2347 2401 ι,
2390 2332 2594 2406 Andeg.
2629 2333 2740 2387 edit
2769 2331 2818 2387 J.
2851 2330 3064 2388 Morino
3100 2330 3155 2386 in
3193 2324 3457 2398 appendice
3486 2321 3517 2376 Ι.
3547 2321 3599 2394 de

2119 2425 2248 2461 mm
2280 2447 2292 2460 .

2141 2425 2292 2465 ωηιι.

429 2530 3592 2568 ___________________________________________________________

325 2603 329 2606 .
1555 2657 1937 2731 TITULI
2020 2650 2505 2725 CAPITUM

1160 2823 1430 2902 LIBRI
1493 2821 2324 2904 ifENITENTIALIS
2379 2817 2909 2897 TIIEODOBI

950 2979 1120 3054 Quos
1165 2977 1477 3040 Henricus
1528 2977 1820 3057 Spelman
1866 2973 2060 3036 edidit
2101 2975 2170 3036 in
2205 2971 2446 3035 Concil.
2487 2968 2816 3050 Anglican.
2863 2974 3014 3028 tom.
3059 2964 3115 3025 1.

476 3211 734 3283 ﬂabetur,
766 3211 959 3283 inquit,
1010 3211 1064 3266 in
1103 3211 1301 3283 celebri
1331 3210 1654 3283 bibliotheca
1682 3212 1856 3283 sancti
1881 3211 1980 3268 Be-
2007 3211 2056 3276 Ο
2154 3225 2280 3265 xxv.
2311 3209 2388 3283 D_e
2417 3205 2701 3283 adulterio.

402 3282 601 3340 nedicti
630 3280 1242 3353 Cantabrigensis,libcr
1264 3283 1362 3353 iste
1383 3280 1776 3337 Poenitentialis
1800 3282 1975 3336 Theo-

402 3353 522 3425 dori
566 3352 958 3425 archiepiscopi
990 3352 1361 3425 Dorobernire;
1414 3352 1508 3406 sed
1555 3368 1679 3407 cum
1719 3353 1981 3425 prolixior

401 3423 475 3479 sit
522 3439 683 3493 quam
728 3422 786 3478 ut
835 3422 1116 3478 commode
1152 3423 1242 3478 hic
1302 3423 1606 3493 inseratur,
1662 3437 1772 3493 nec
1819 3422 1978 3478 facile

405 3491 734 3548 concedatur
786 3496 943 3548 venia
991 3491 1382 3548 transcribendi
1443 3501 1614 3546 totum
1676 3492 1918 3548 codicem
1955 3532 1972 3557 ,

401 3577 500 3633 nos
523 3563 754 3633 capitula
773 3565 1108 3619 solummodo
1130 3564 1214 3617 vel
1240 3561 1421 3633 potius
1439 3563 1796 3633 capitulorum
1822 3562 1981 3618 fasti:

401 3632 486 3700 gia
515 3632 880 3687 adnectemus.

473 3717 512 3755 ι.
556 3701 630 3754 De
655 3702 809 3755 initio
838 3709 1120 3757 creatum.

474 3785 537 3824 ιι.
580 3769 852 3842 ξιωοεριιι
880 3772 1094 3842 legalia.

474 3854 557 3893 ιιι.
597 3839 857 3910 pogmata
885 3839 1192 3908 evangelica
1220 3843 1516 3899 secundum
1542 3841 1874 3898 Matthaeum.

472 3924 546 3964 tv.
589 3907 895 3965 Secundum
925 3907 1184 3967 Marcum.

473 3993 526 4033 ν.
567 3977 874 4036 Secundum
906 3981 1127 4036 Lucam.

472 4063 546 4104 νι.
590 4047 894 4106 Secundum
915 4049 1207 4106 ‘Joannem.

470 4132 566 4174 vn.
601 4119 849 4193 Qualiter
874 4121 1013 4193 apud
1033 4122 1327 4193 orientales
1348 4121 1652 4193 provincias
1674 4121 1979 4193 Germania

401 4195 566 4266 atque
597 4189 973 4266 Saxonizepro
1010 4192 1238 4248 diversis
1286 4189 1602 4249 criminibus
1649 4192 1980 4266 poenitentiae

399 4259 722 4318 observaqu
757 4259 968 4318 modus.

470 4344 604 4403 νιιι.
631 4333 707 4388 De
735 4331 1088 4403 temperantia
1114 4333 1511 4403 poznitentium.

472 4418 550 4456 ιι.
581 4401 657 4456 De
685 4401 914 4459 diversis
937 4401 1257 4460 homicidiis.

473 4487 527 4525 κ.
560 4472 692 4544 Item
722 4476 787 4529 de
813 4474 1146 4544 pmnitcntia.

473 4557 548 4596 xl.
578 4543 650 4598 De
681 4543 1065 4613 paenitentibus
1092 4554 1152 4598 ut
1177 4558 1206 4597 a
1232 4545 1563 4614 presbyteris
1595 4557 1701 4598 non
1732 4545 1972 4599 reconci-

404 4610 606 4667 lientur
631 4653 648 4680 ,
681 4610 784 4670 nisi
814 4616 1162 4685 praecipiente
1188 4610 1440 4685 episcopo
1466 4630 1534 4671 ex
1570 4614 1801 4671 concilio
1825 4614 1974 4670 Afri-

403 4694 558 4734 cano.

475 4765 573 4804 ιιι.
611 4750 744 4826 Item
774 4767 843 4826 ex
869 4754 1098 4826 concilio
1127 4753 1540 4826 Carthaginensi
1573 4755 1641 4812 de
1671 4755 1860 4812 eadem
1893 4769 1970 4811 re.

475 4834 596 4874 xm.
623 4821 702 4890 De
730 4823 1048 4890 capitalibus
1076 4821 1412 4882 criminibus.

475 4889 1146 4974 xiv.Jncipiuiit_capitula
1179 4896 1244 4950 de
1271 4897 1433 4952 vitiis.

474 4972 564 5013 xv.
591 4958 668 5014 De
695 4958 837 5014 inani
864 4958 1052 5030 gloria.

475 5044 586 5085 xw.
612 5030 688 5084 De
711 5030 929 5087 invidia.

477 5114 610 5156 xvn.
641 5100 716 5154 De
736 5101 835 5155 ira.

477 5184 632 5226 xvm.
665 5172 742 5228 De
765 5171 984 5227 tristitia
1005 5171 1208 5228 saeculi.

474 5247 590 5298 int.
620 5243 695 5299 De
723 5243 968 5298 avaritia.

477 5327 567 5368 xx.
599 5313 678 5386 De
697 5315 900 5386 ventris
923 5311 1174 5386 ingluvie.

476 5395 588 5437 xxi.
620 5385 695 5438 De
721 5385 951 5439 luxuria.

477 5466 614 5507 nn.
640 5455 718 5510 De
742 5455 1096 5510 fornicatione
1114 5451 1395 5507 laicorum.

477 5535 636 5578 mn.
668 5525 744 5580 De
775 5525 1154 5581 observatione
1181 5521 1608 5593 coniugatorum.

455 5606 631 5714 αδδιδιτ.
665 5593 740 5648 De
778 5595 1131 5651 fornicatione
1159 5593 1479 5653 clericorum
1525 5593 1638 5649 sive
1685 5596 1976 5651 sanctimo—

455 5675 504 5714 ιδ
529 5676 660 5714 tum.
1462 5712 1470 5714 .

413 5675 636 5717 manum
645 5701 660 5714 .

2157 3295 2304 3335 xxvr.
2335 3279 2410 3333 De
2433 3273 2772 3331 incestuosis.

2157 3365 2324 3405 xxvn.
2357 3348 2433 3403 De
2460 3345 2781 3402 homicidiis.

2155 3437 2348 3476 xxvm.
2375 3418 2452 3474 De
2478 3416 2612 3472 falso
2639 3415 2948 3488 testimonio
2970 3423 3030 3470 et
3056 3410 3346 3488 mendacio.
3501 3477 3510 3488 _

2154 3474 2305 3546 im.
2349 3488 2424 3543 De
2454 3488 2598 3544 furto
2627 3494 2682 3542 et
2712 3486 2958 3541 incendio
2988 3495 3044 3541 et
3089 3482 3439 3554 sepulcrorum
3470 3474 3605 3532 viola-

2083 3562 2310 3618 toribus.

2157 3647 2284 3686 xxx.
2324 3631 2401 3686 De
2436 3627 2695 3702 periurio.
2755 3697 2768 3702 Α
3220 3695 3232 3702 ,
3275 3695 3288 3702 ,
3404 3690 3413 3702 .

2155 3717 2302 3756 xxxi.
2335 3702 2411 3755 De
2437 3695 2627 3768 rapina
2657 3707 2713 3753 et
2738 3697 2804 3753 de
2831 3713 3030 3762 usura;
3063 3705 3119 3752 et
3145 3695 3492 3768 qui_bospites
3522 3699 3606 3739 non

2087 3773 2281 3842 recipit
2303 3764 2638 3842 etiman'data
2667 3768 2975 3842 evangelica
3005 3784 3114 3823 non
3141 3764 3336 3836 implet.

2155 3839 2327 3896 xxxn.
2359 3841 2434 3895 De
2459 3839 2718 3893 ebrietate
2742 3847 2797 3892 et
2827 3839 3054 3892 vomitu.

2155 3893 2457 3965 ﬁnitio.»
2486 3909 2784 3962 idololatria
2810 3917 2864 3962 et
2885 3907 3203 3977 sacrilegio;
3237 3913 3290 3959 et
3318 3902 3400 3971 qui
3429 3893 3607 3978 angelos

2083 3981 2286 4044 colunt,
2315 3989 2370 4035 et
2411 3979 2712 4040 maleﬁcos,
2745 3978 2978 4042 ariolos,
3012 3968 3305 4047 veneﬁcos,
3329 3968 3603 4047 sortilegos.

2084 4038 2293 4111 divinos
2315 4059 2369 4105 et
2403 4059 2526 4104 vota
2558 4038 2863 4113 reddentes,
2891 4038 2996 4102 nisi
3028 4049 3094 4101 ad
3121 4038 3504 4114 ecclesiamllei
3525 4043 3603 4114 ine"

2082 4104 2138 4175 in
2163 4104 2431 4176 Kalendas
2459 4119 2759 4182 Januarias,
2792 4104 3096 4174 in'cervulo
3125 4125 3179 4172 et
3208 4117 3259 4170 in
3283 4110 3446 4167 vetula
3470 4104 3605 4165 vadit.

2080 4200 2137 4246 et
2169 4191 2579 4245 mathematicos
2605 4198 2661 4243 et
2682 4189 2970 4244 emissores
3001 4194 3393 4257 tempestatum.
3552 4247 3576 4257 __

2148 4277 2331 4315 xxxiv.
2380 4261 2455 4314 De
2495 4260 2792 4324 sodomitis,
2825 4267 2880 4313 et
2919 4247 3206 4324 mollibus,
3255 4263 3308 4311 et
3356 4247 3601 4308 immundis

2002 4377 2051 4436 υ
2076 4331 2476 4414 pollutionibus.

2148 4417 2292 4436 wn.
2348 4400 2420 4436 no
2448 4417 2476 4436 η

2148 4417 2310 4456 xxxv.
2345 4400 2421 4454 De
2448 4399 2820 4455 maledictione
2841 4407 2898 4453 et
2921 4399 3277 4454 detractione.

2150 4487 2333 4526 xxxvr.
2365 4470 2441 4544 Qe
2469 4471 2844 4544 communione
2867 4471 3303 4544 bmreticorum.“
3421 4533 3432 4544 .

2077 4611 2130 4667 ὁ,
2148 4557 2357 4597 xxxvii.
2384 4541 2460 4594 De
2482 4541 2806 4596 discretione
2835 4540 3081 4596 ciborum
3121 4537 3333 4594 mundis
3352 4544 3401 4591 et
3420 4537 3634 4587 imm».

2117 4629 2180 4667 ιε.

2117 4629 2180 4667 lS.

2148 4696 2376 4736 xxxviii.
2419 4681 2497 4736 De
2539 4680 2625 4735 his
2671 4680 2764 4749 qui
2809 4679 3176 4736 ecclesiastica
3216 4676 3413 4749 jejunia
3441 4671 3604 4736 absque

2075 4752 2398 4808 necessitate
2418 4748 2746 4806 dissolvunt:
2769 4750 2906 4806 etde
2933 4751 3018 4806 his
3046 4751 3143 4821 qui
3168 4748 3468 4804 venationes
3482 4751 3604 4796 exer-

2076 4830 2219 4878 cent.

2075 4963 2093 5018 ι
2146 4907 2334 5018 xrxxix.
2354 4891 2443 4948 .De
2474 4890 2750 4948 otiositate
2774 4930 2790 4956 ,
2841 4898 2898 4944 et
2940 4890 3270 4946 verbositate
3295 4929 3310 4953 ,
3342 4894 3394 4942 et
3421 4889 3602 4938 somno-

2095 4979 2161 5018 en
2189 4979 2256 5017 ia.
3123 5015 3128 5018 _

2095 4964 2256 5019 entia.
3123 5015 3128 5020 .

2145 5049 2234 5088 XL.
2263 5032 2340 5087 De
2366 5031 2727 5086 inobedientia
2759 5040 2814 5087 et
2838 5031 3191 5100 blasphemia.

2143 5118 2254 5158 xu.
2292 5103 2368 5172 De
2396 5102 2810 5172 cogitationibus
2836 5103 3008 5158 malis.

2146 5188 2278 5228 ml.
2312 5171 2390 5227 De
2409 5172 2576 5227 verbo
2599 5173 2794 5228 otioso.

2146 5258 2300 5298 mn.
2334 5243 2410 5297 De
2434 5243 2768 5298 curiositate.
3139 5311 3151 5313 _
3418 5303 3449 5313 ,,

2146 5295 2297 5368 Ξίιῦ.
2326 5295 2403 5368 ﬂe
2430 5295 3010 5381 baptismoireitcrato,
3037 5321 3094 5367 et
3121 5311 3191 5366 de
3211 5320 3370 5380 opem
3403 5303 3481 5360 die
3519 5295 3606 5356 Βο-

2075 5385 2308 5454 minico,
2325 5391 2380 5437 et
2405 5383 2613 5454 quihdie
2638 5382 2920 5454 Dominico
2936 5383 3204 5454 jejunant.

2146 5470 2268 5510 xcv.
2295 5453 2370 5534 ΒΕ
2395 5452 2715 5534 negligentia
2738 5452 3109 5534 Eucharisuae.
3164 5522 3215 5534 ,Α
3289 5521 3320 5534 Α,
3348 5513 3482 5534 H__:_
3526 5508 3558 5534 ,ε

2147 5540 2291 5580 xnvr.
2322 5523 2398 5578 De
2423 5519 2746 5594 negligentia
2770 5525 2892 5580 novi
2916 5540 2979 5580 ac
3003 5521 3324 5578 sanetiiicati
3345 5519 3502 5589 panis.
3525 5519 3616 5564 st"

2081 5596 2146 5651 de
2168 5595 2289 5650 aliis
2318 5593 2603 5649 creaturis.

2155 5680 2317 5720 van.
2344 5664 2426 5719 De
2457 5663 2891 5721 reconciliatione
2919 5663 3317 5735 pcenitentium.
