3924 6180
354 269 454 327 98!

421 471 572 511 χιιχ.
601 453 678 509 De
705 454 1036 524 presbyteris
1060 455 1150 521 qui
1180 454 1534 508 morientibus
1559 453 1931 524 posuitentiam

351 522 732 596 denegant,iet
759 522 1124 596 quiinlirmos
1147 538 1252 596 non
1281 522 1575 596 baptizantl

424 613 475 651 ι.
499 593 666 661 ’ρυοά
693 593 869 648 01·ωοί
899 593 1122 660 singulis
1147 593 1436 647 Dominicis
1461 593 1874 648 communicent.

423 681 497 720 LI.
526 667 601 720 De
627 664 1140 719 commemoratione
1163 663 1558 727 defunctorum,
1576 664 1658 718 vel
1676 664 1740 716 de
1769 663 1930 718 missa

350 751 452 807 pro
477 736 576 789 eis.
604 735 672 807 Et
704 749 802 807 cur
832 733 1045 807 tertius,
1075 733 1355 800 septimus,
1390 734 1473 788 vel
1501 733 1805 804 trigesimus
1837 748 1927 787 an—

351 803 684 862 niversarius
710 804 826 858 dies
852 803 1173 857 celebretur.

421 891 516 930 ιιι.
554 874 628 927 De
656 875 759 927 ritu
791 873 1075 927 mulierum
1100 873 1153 926 in
1176 873 1422 927 ecclesia.

420 961 536 1000 ιιιι.
577 945 652 998 De
677 943 905 998 ecclesia
946 943 998 996 in
1048 959 1150 1012 qua
1190 951 1522 996 mortuorum
1567 943 1826 996 cadavera
1867 941 1928 995 li-

348 1014 549 1072 delium
575 1015 686 1067 sive
719 1012 1010 1066 inﬁdelium
1046 1012 1394 1082 sepeliuntur.

420 1100 527 1140 uv.
560 1085 636 1138 De
660 1083 897 1152 reliquiis
926 1091 1257 1146 sanctorum,
1300 1083 1383 1137 vel
1423 1082 1526 1152 ritu
1563 1082 1924 1144 sacerdotum,

348 1164 405 1210 et
437 1151 806 1214 diaconoruni,
850 1151 1217 1222 laicorumqne
1247 1154 1297 1206 in
1325 1151 1570 1206 ecclesia.

419 1239 505 1279 ιν.
537 1223 688 1290 Quod
711 1222 841 1276 nulli
869 1223 938 1276 sit
961 1221 1146 1275 ultima
1169 1223 1482 1290 pmnitentia
1513 1223 1844 1290 deneganda.

417 1309 524 1348 m.
566 1293 641 1348 De
678 1293 764 1348 his
805 1293 897 1361 qui
946 1293 1300 1347 morientibus
1342 1291 1712 1363 ptenitentiam
1759 1291 1926 1347 dene—

385 1372 501 1419 ant.

347 1379 548 1488 ⁸³ῗξέι.
577 1433 652 1487 De
674 1432 1110 1501 pmnitentiarum
1134 1432 1462 1487 diversitate.

419 1518 572 1557 mu.
602 1503 676 1557 De
705 1501 1162 1557 reconciliatione.
1194 1501 1323 1556 Item
1354 1502 1418 1556 de
1457 1501 1644 1555 eadem
1681 1516 1759 1555 re.

415 1588 526 1627 ιιχ.
569 1573 643 1627 De
671 1573 888 1627 clericis
925 1571 1038 1627 sive
1075 1571 1142 1626 de
1177 1572 1560 1627 ecclesiasticis
1588 1571 1885 1626 ordinibus.

415 1658 504 1696 ιχ.
531 1642 605 1696 De
630 1643 944 1698 diversitate
964 1641 1233 1697 ordinum.

414 1727 526 1766 ιχι.
554 1713 629 1767 De
654 1713 918 1768 electione
943 1711 1357 1767 sacerdotalium
1382 1711 1652 1766 ordinum.

415 1797 546 1837 ιχιι.
575 1781 709 1852 Item
735 1783 802 1837 de
831 1781 1112 1838 electione.
1137 1781 1430 1852 Gregorius,
1453 1781 1600 1852 dicit.

418 1865 570 1906 ιχιιι.
602 1851 735 1907 Item
784 1865 1017 1908 canones
1063 1851 1374 1908 sanctorum
1405 1851 1471 1906 de
1505 1851 1771 1907 electione
1804 1851 1920 1922 epi-

341 1935 651 1991 scaporum.

1013 267 1550 326 PG‘ZNITENTIALE
1587 270 1962 328 COLLATCM
2001 271 2146 327 CUM
2182 271 2359 328 ALIIS
2393 271 2546 328 CAP.
2587 273 2673 329 E'I‘
2714 273 2868 330 CAN.

423 399 614 442 xum.
651 383 725 438 De
745 383 1123 438 communione
1147 383 1452 438 Iudaeorum
1481 383 1562 438 vel
1595 383 1891 452 gentilium.
1957 386 2005 445 Α

3501 278 3630 332 982‘.

2106 400 2249 440 thv.
2293 383 2348 439 Si
2376 385 2658 454 episcOpus
2681 399 2710 437 a
2739 383 3150 452 metropolitano
3177 383 3479 454 admonitus
3506 401 3634 454 pro-

2033 455 2256 524 synodo,
2283 454 2366 509 vel
2390 453 2726 508 ordinatione
2769 454 3057 524 episcOpali
3091 455 3274 508 venire
3311 453 3601 512 distulerit.

2082 542 2109 580 χ
2133 526 2360 579 concilio
2379 525 2694 593 Agathensi.

2102 611 2223 649 ιχν.
2255 596 2331 649 De
2360 595 2697 648 ordinatione
2725 594 3138 663 archiepisc0pi.

2102 681 2244 719 vat.
2277 665 2353 720 De
2381 664 2642 719 electione
2669 665 3008 734 indignorum
3046 679 3216 718 canon
3264 671 3597 721 sanctorum.

2100 750 2265 788 van.
2311 735 2441 789 Item
2489 747 2556 788 ex
2595 733 2822 789 concilio
2869 733 3291 789 Chalcedonensi
3337 734 3490 789 titulo
3517 749 3603 790 se-

2028 804 2222 868 cundo,
2271 805 2415 876 quod
2466 819 2572 858 non
2614 805 2842 860 debeant
2873 803 3048 860 olIicia
3102 804 3466 861 ecclesiastica
3502 820 3617 876 per

2028 877 2282 947 pecunias
2311 875 2572 947 ordinari.

2098 960 2283 999 vam.
2319 945 2450 999 Item
2475 945 2539 998 de
2564 945 2757 1014 elapsis
2783 943 3065 1014 graduum.

2097 1031 2240 1070 LXIX.
2271 1015 2346 1069 De
2377 1013 2805 1068 accusationibus
2841 1022 2896 1067 et
2924 1013 3377 1069 excusationibus.

2097 1083 2776 1164 Lxx.-Gregorius..loanni
2807 1083 3082 1164 defensori
3113 1084 3348 1164 qualiter
3380 1083 3449 1164 _(_I_e
3488 1083 3604 1164 epi-

2027 1170 2188 1224 scopo
2222 1153 2478 1209 Januario
2523 1154 2917 1224 observandum
2955 1155 3063 1220 sit,
3111 1153 3224 1208 sive
3255 1153 3320 1209 de
3345 1153 3464 1208 aliis
3489 1153 3601 1222 epi-

2027 1223 2203 1293 scopis
2229 1225 2426 1293 injuste
2454 1223 2843 1277 condemnatis.

2094 1309 2237 1352 ιχχι.
2271 1293 2346 1348 De
2369 1294 2692 1363 juramentis
2721 1293 3113 1362 episcoporum.

2094 1380 2261 1421 ιχχιι.
2292 1363 2368 1419 De.
2397 1364 2679 1418 vexatione
2705 1363 3099 1431 episcoporum.

2094 1451 2286 1492 LXXIII.
2317 1435 2392 1488 De
2414 1443 2628 1502 pastore
2657 1441 2709 1487 et
2731 1433 3103 1501 prazdicatore.

2093 1521 2275 1560 LXXIV.
2293 1505 2483 1574 ,Verba
2513 1503 2809 1557 Ezechielis
2835 1504 3128 1574 prophetae.

2093 1590 2249 1631 Lxxv.
2289 1573 2420 1629 Item
2449 1574 2515 1628 de
2539 1583 2776 1642 pastore.

2093 1660 2276 1700 ιχχνι.
2309 1645 2385 1698 De
2413 1644 2682 1714 episcopis
2705 1651 2761 1696 et
2788 1642 3136 1714 presbyteris.

1955 1730 2003 1792 Β
2097 1730 2300 1771 ιχχνιι.
2334 1715 2410 1792 De
2439 1713 3045 1792 quotidianis‘operibus
3073 1713 3467 1792 episcoporum.

2099 1799 2325 1841 uxvm.
2383 1779 2712 1855 Augustinus
2765 1779 3170 1838 Aurelianensis
3217 1779 3499 1851 episcopus
3517 1779 3598 1834 di-

2028 1856 2121 1912 cit.

3333 2051 3594 2064 .———.

1585 2146 1981 2208 CAPITULA
2023 2144 2388 2219 QUIEDAM

339 2295 420 2362 Α.
465 2291 540 2358 R.
578 2313 648 2356 ac
678 2293 1041 2354 doctissimo
1080 2294 1155 2354 D.
1204 2291 1377 2352 Luca
1434 2289 1739 2349 Dachcrio
1776 2285 1942 2346 edita
1977 2284 2199 2363 Spicil.
2263 2294 2429 2345 tomo
2475 2285 2574 2344 IX
2599 2329 2614 2357 ,
2650 2304 2787 2344 cum
2822 2285 3251 2346 Panitmtiali
3288 2285 3599 2347 Theodori

1634 2366 1866 2427 collata
1904 2370 1958 2423 et
1997 2364 2332 2425 emendata.

1769 2513 2144 2533 _

412 2612 484 2672 In
509 2609 752 2683 capitulis
797 2607 1051 2663 Theodori
1098 2607 1287 2676 legitur
1315 2622 1428 2675 cap.
1474 2620 1590 2658 vui.
1646 2602 1916 2656 Laborant

339 2711 568 2774 excepto
593 2699 871 2756 Dominico
898 2697 1002 2752 die.
1037 2694 1098 2749 In
1131 2693 1484 2748 Pwnilentiali
1512 2707 1528 2742 :
1562 2691 1628 2746 Et
1671 2691 1920 2744 laborant

337 2796 456 2851 sive
485 2793 763 2848 Dominico
787 2790 890 2845 die.
934 2785 1062 2840 Vide
1097 2795 1266 2839 notas.

414 2883 480 2937 In
509 2899 624 2952 cap.
657 2896 778 2935 xm.
807 2879 862 2932 In
891 2877 1049 2931 tertia
1077 2875 1454 2946 provicinitate
1483 2874 1775 2944 provincia:
1797 2887 1918 2926 car-

342 2974 434 3029 nis
463 3014 478 3038 ,
525 2971 814 3027 secundum
845 2967 1064 3024 Graecos
1112 2967 1238 3021 licet
1278 2964 1500 3020 nubere.
1544 2962 1612 3016 In
1645 2961 1829 3015 Pwnit.
1863 2961 1919 3014 In

336 3067 501 3122 tertia
541 3063 943 3133 propinquitate
981 3060 1211 3124 carnis,

412 3154 481 3208 In
522 3154 697 3208 eodem
744 3149 974 3222 capitulo
1005 3165 1022 3202 :
1051 3149 1106 3203 In
1138 3149 1292 3204 tertia
1335 3147 1610 3219 provincia
1642 3159 1748 3201 non
1794 3143 1923 3199 licet

336 3261 564 3304 uxorem
592 3246 814 3300 alterius
841 3256 963 3314 post
994 3244 1199 3298 obitum
1224 3243 1339 3312 ejus
1366 3243 1584 3295 habere.
1624 3239 1690 3293 In
1718 3237 1910 3292 Paruit.

337 3339 399 3394 In
430 3338 589 3393 tertia
617 3345 798 3391 tamen
831 3335 1234 3405 pr0pinquitate
1261 3348 1364 3386 non
1391 3332 1535 3386 licet.

410 3427 480 3482 In
517 3445 632 3498 cap.
666 3443 780 3481 χιχ.
811 3426 878 3479 Et
904 3425 1220 3496 propinquis
1264 3425 1380 3494 ejus
1422 3430 1636 3492 oportet
1673 3421 1922 3491 jejunare

336 3519 532 3588 quinta
561 3517 666 3573 die.
699 3516 767 3570 In
796 3515 988 3570 Pwnit.
1014 3515 1080 3569 Et
1106 3515 1437 3585 propinquos
1467 3513 1584 3583 ejus
1610 3521 1821 3582 oportet
1841 3513 1923 3584 je-

336 3607 532 3678 junare
561 3616 767 3677 septem
793 3607 1000 3662 diebus.

417 3695 485 3750 In
511 3713 627 3766 cap.
658 3712 818 3750 χχιιι.
849 3695 1118 3748 Similiter
1136 3701 1189 3748 et
1219 3709 1437 3763 pecora,
1471 3694 1516 3748 si
1540 3709 1760 3749 necesse
1791 3703 1874 3749 est
1907 3735 1922 3760 ,

338 3802 444 3858 pro
494 3800 559 3840 eo
603 3785 816 3856 mquali.
866 3784 934 3839 In
971 3784 1161 3838 Paenit.
1205 3785 1466 3838 Similiter
1495 3799 1689 3853 pecora
1730 3784 1924 3854 aequali

338 3875 523 3947 pretio
546 3885 772 3945 possunt
803 3875 999 3929 mutari
1025 3915 1039 3938 ,
1073 3875 1119 3929 si
1149 3889 1368 3930 necesse
1391 3875 1480 3928 sit.

419 3963 485 4018 In
512 3981 626 4036 cap.
671 3980 796 4018 xxv.
827 3963 887 4018 In
917 3963 1083 4019 Camn
1119 3979 1247 4019 vero
1287 3964 1499 4019 Domini
1536 3964 1841 4018 incenditur
1870 3964 1924 4018 in

340 4053 538 4110 Natale
577 4065 886 4113 sanctorum
939 4072 1038 4128 pro
1093 4058 1399 4112 reverentia
1434 4057 1560 4112 diei.
1612 4057 1682 4112 1η
1731 4058 1920 4114 Ρωηίι.

341 4144 631 4200 Incensum
675 4146 887 4202 Domini
927 4148 1246 4203 incendatur
1289 4147 1342 4201 in
1383 4147 1561 4202 Natali
1611 4157 1925 4204 sanctorum

344 4255 449 4312 pro
476 4243 773 4296 reverentia
799 4243 928 4298 diei.

1948 3013 1996 3076 C

2093 2601 2157 2655 In
2187 2620 2300 2671 cap.
2340 2619 2524 2657 vam.
2551 2605 2617 2658 Et
2639 2605 2873 2658 dimittat
2900 2604 2952 2657 in
2976 2605 3154 2674 priore
3191 2604 3309 2658 loco
3324 2606 3605 2677 presbyte-

2023 2706 2160 2744 rum.
2188 2689 2254 2744 1η
2279 2689 2470 2745 Paruit.
2497 2692 2563 2745 Et
2587 2693 2823 2746 dimittat
2846 2693 2898 2746 in
2926 2693 3159 2761 priorem
3184 2692 3380 2746 locum.

2094 2781 2160 2836 In
2196 2799 2310 2852 cap.
2346 2800 2525 2838 Lxxn'.
2563 2783 2620 2838 Si
2665 2791 3037 2853 praegnantem
3078 2783 3359 2838 mulierem
3385 2798 3602 2853 compa-

2025 2883 2110 2927 rat
2147 2875 2343 2944 aliquis
2371 2859 2526 2945 prius
2567 2877 2792 2931 liberam
2816 2917 2829 2939 ,
2877 2876 3016 2930 liber
3040 2883 3160 2939 est;
3201 2875 3290 2944 qui
3318 2885 3604 2946 generatus

2024 2973 2127 3030 est,
2158 2981 2364 3020 servus.
2394 2965 2461 3019 In
2489 2965 2680 3020 Posuit.
2709 2966 2764 3020 Si
2785 2974 3150 3043 praegnantem
3178 2966 3456 3020 mulierem
3481 2967 3602 3036 quis

2026 3065 2323 3126 comparat,
2353 3057 2490 3112 liber
2511 3067 2594 3113 est
2615 3073 2681 3111 ex
2706 3071 2767 3111 ea
2794 3065 3100 3125 generatus.
3139 3055 3268 3110 Vide
3306 3066 3476 3111 notas.

2093 3147 2160 3202 In
2189 3166 2304 3218 cap.
2343 3165 2524 3204 uxvt.
2570 3149 2664 3204 llle
2704 3149 3040 3212 inﬁrmatus,
3075 3150 3120 3202 si
3150 3149 3237 3202 illa
3271 3148 3540 3202 infirmata
3581 3190 3594 3213 ,

2024 3237 2243 3292 omnino
2280 3254 2546 3293 consensu
2587 3240 2868 3293 amborum
2911 3248 3249 3308 separentur.
3301 3237 3367 3291 In
3411 3236 3599 3292 Paenit.

2024 3333 2121 3388 Vel
2154 3331 2242 3388 ille
2277 3334 2576 3388 infirmatus
2600 3373 2614 3398 ,
2651 3349 2745 3387 seu
2787 3333 2877 3386 illa
2924 3332 3194 3386 inﬁrmata
3219 3372 3232 3396 ,
3259 3340 3441 3386 tamen
3484 3331 3588 3385 nisi

2024 3438 2146 3478 cum
2177 3439 2442 3479 consensu
2485 3425 2765 3479 amborum
2811 3439 2920 3477 non
2962 3431 3300 3490 separentur.

2093 3514 2163 3569 In
2217 3532 2331 3585 cap.
2382 3531 2601 3570 ιχχχιχ.
2653 3514 2952 3583 Episcopus
2998 3521 3052 3568 et
3113 3513 3278 3567 abbas
3331 3512 3603 3566 hominem

2025 3605 2348 3662 sceleratum
2375 3620 2589 3660 servum
2612 3613 2838 3675 possunt
2859 3605 3076 3658 habere.
3110 3602 3176 3656 In
3206 3600 3394 3656 Pmnit.
3422 3601 3605 3656 Hom-i-

2024 3713 2147 3753 nem
2179 3697 2430 3752 scelerati
2459 3712 2672 3751 servum
2704 3704 2928 3765 possunt
2955 3696 3172 3750 habere.

2095 3787 2161 3841 In
2189 3805 2303 3858 cap.
2336 3803 2420 3841 xc.
2447 3786 2631 3856 Ibique
2654 3787 2846 3840 missas
2866 3800 2965 3855 pro
2985 3787 3064 3840 eis
3087 3786 3390 3850 celebrare;
3412 3785 3605 3840 deinde

2026 3895 2147 3933 cum
2177 3878 2482 3933 cantatione
2509 3877 2574 3930 ad
2603 3877 2925 3947 sepulturas.
2955 3876 3020 3931 In
3041 3874 3230 3931 Pccnit.
3260 3877 3461 3932 Deinde
3480 3891 3602 3931 cum

2027 3968 2333 4023 cantatione
2363 3975 2578 4038 portare
2603 3967 2670 4022 ad
2697 3967 3020 4036 sepulturas.

2096 4060 2164 4114 In
2192 4077 2307 4131 cap.
2334 4074 2426 4113 cn.
2460 4059 2846 4128 Desponsatam
2871 4057 3104 4125 puellam
3136 4071 3240 4109 non
3269 4055 3393 4109 licet
3413 4071 3607 4124 paren-

2027 4151 2171 4208 tibus
2195 4153 2406 4206 tradere
2436 4151 2620 4215 alicui,
2651 4151 2754 4204 nisi
2784 4149 2872 4203 illa
2893 4149 3112 4202 omnino
3135 4148 3388 4211 resistat;
3423 4155 3606 4202 tamen

2026 4241 2094 4296 ad
2122 4242 2511 4296 monasterium
2545 4240 2689 4294 licet.
2723 4239 2790 4291 In
2817 4237 3006 4291 Pamit.
3037 4235 3273 4290 Puellam
3312 4237 3605 4304 desponsa-

420 4330 487 4385 In
512 4348 625 4402 cap.
653 4348 804 4387 χχιχ.
830 4333 889 4387 In
928 4333 1019 4387 illa
1047 4334 1134 4388 die
1165 4341 1289 4388 ante
1322 4333 1509 4388 Natale
1535 4335 1769 4398 Domini,
1793 4343 1922 4398 etc.,
1951 4360 2002 4419 Β
2030 4342 2138 4388 tam
2159 4348 2265 4387 non
2291 4331 2748 4400 licctparentibus
2769 4330 2895 4384 dare
2928 4328 3020 4382 alii
3050 4329 3164 4382 viro
3186 4367 3200 4392 ,
3230 4328 3332 4382 nisi
3360 4328 3447 4382 illa
3487 4343 3605 4384 om-

343 4422 678 4478 manducant
731 4424 997 4490 Romani;
1049 4423 1222 4480 (ἓνωεί
1269 4426 1414 4480 dicto
1457 4440 1680 4495 vespere
1705 4425 1925 4479 missam

340 4519 585 4566 cantant.
609 4511 677 4566 In
700 4512 888 4568 Paenit.
925 4513 1249 4570 Manducant
1274 4515 1541 4583 Romani;
1582 4515 1756 4572 Graeci
1797 4529 1926 4570 vero

343 4601 494 4656 dicta
518 4617 743 4672 vespere
770 4606 934 4659 missa
963 4614 1200 4661 coenant.

423 4691 493 4746 In
527 4711 642 4764 cap.
672 4711 805 4751 χιιι.
853 4696 1079 4754 Clericis
1119 4698 1427 4753 nullatenus
1471 4713 1711 4770 pugnare
1756 4699 1924 4763 licet,

353 4781 464 4837 nisi
502 4784 556 4837 in
606 4786 947 4841 multitudine
998 4796 1093 4842 aut
1139 4788 1362 4844 consilio
1391 4804 1670 4844 servorum
1697 4789 1814 4844 Dei.
1857 4786 1927 4842 In

349 4869 550 4926 Paruit.
611 4874 900 4932 Multorum
935 4878 1062 4934 licet
1100 4879 1170 4934 sit
1209 4879 1435 4936 consilio
1473 4895 1756 4935 servorum
1807 4879 1924 4935 Dei.

357 4959 490 5014 Vide
518 4971 688 5018 notas.

421 5049 492 5105 In
543 5069 659 5124 cap.
712 5071 856 5111 nvi.
911 5057 1021 5114 Nec
1057 5059 1341 5130 episcopus
1383 5060 1541 5116 debet
1580 5057 1840 5116 violenter
1877 5060 1930 5113 in

351 5140 494 5197 loco.
526 5141 595 5198 In
623 5143 818 5202 Pamit.
853 5149 966 5205 Nec
987 5151 1274 5224 episcopus
1310 5149 1469 5206 debet
1495 5149 1760 5208 violenter
1804 5150 1934 5206 reti-

351 5243 489 5292 nere
513 5233 767 5296 abbatem
794 5241 850 5296 in
877 5242 995 5300 loco
1025 5259 1142 5300 suo.

2027 4424 2156 4477 nino
2186 4423 2406 4476 resistat
2437 4436 2451 4474 :
2485 4429 2664 4475 tamen
2711 4421 2778 4475 ad
2809 4419 3197 4474 monasterium
3227 4419 3353 4474 licet
3395 4420 3475 4475 ire
3500 4459 3514 4485 ,
3555 4420 3602 4476 si

2026 4515 2275 4571 voluerit.

2099 4604 2165 4657 In
2196 4620 2311 4673 cap.
2343 4619 2429 4657 cx.
2464 4601 2565 4668 Qui
2591 4602 2939 4672 Evangelium
2981 4609 3189 4655 tantum
3218 4601 3368 4670 legit,
3399 4616 3606 4656 cura

2029 4709 2191 4763 super
2214 4694 2496 4748 humerum
2521 4693 2688 4762 ponit,
2719 4709 2826 4746 non
2851 4693 2928 4745 sic
2952 4693 3003 4745 in
3029 4692 3241 4746 caeteris
3261 4691 3604 4746 lectionibus.

2029 4785 2096 4839 In
2132 4783 2323 4840 Paznit.
2348 4785 2636 4854 Presbyter
2667 4785 2712 4839 si
2739 4784 3080 4853 responsoria
3109 4791 3291 4839 cantat
3319 4784 3372 4839 in
3399 4785 3564 4840 missa
3590 4825 3606 4850 ,

2031 4892 2235 4931 CAPPAI!
2273 4891 2424 4931 suam
2468 4891 2574 4929 non
2615 4875 2806 4940 tollat,
2839 4875 2934 4931 sed
2958 4875 3292 4947 evangelium
3316 4875 3501 4946 legens
3520 4890 3610 4930 su-

2032 4983 2130 5038 per
2153 4969 2406 5022 humeros
2427 4975 2609 5036 ponat.

2104 5058 2193 5113 Sic
2221 5056 2449 5127 capitula
2479 5072 2596 5126 qua:
2626 5057 2708 5111 vix
2737 5055 2958 5126 intelligi
2981 5066 3238 5126 poterant,
3265 5071 3356 5125 ope
3382 5064 3605 5108 veterum

2031 5150 2269 5206 codicum
2296 5146 2486 5202 Paenit.
2519 5148 2591 5201 ita
2613 5149 2954 5202 emendantur
2983 5185 3008 5212 φ
3042 5158 3096 5201 ut
3133 5163 3196 5201 ex
3226 5147 3298 5199 eis
3348 5159 3496 5199 verus
3547 5161 3609 5197 ac

2033 5250 2207 5296 certus
2237 5255 2422 5297 sensus
2458 5255 2593 5294 nunc
2631 5237 2786 5310 facile
2816 5237 3248 5310 deprehendatur.
