3928 6178
276 285 380 344 985

976 294 1513 353 ΡωΝιτΕΝτιΑιιῖ
1550 292 1835 351 COLLATl

1961 291 2107 355 CUM
2139 296 2318 355 ALIIS
2353 298 2504 357 CAP.
2546 303 2635 360 ET
2672 304 2828 362 CAN.

3415 309 3519 364 985

269 400 546 493 minium,
585 404 682 493 qui
730 418 839 459 non
888 414 970 461 est
995 406 1301 476 baptizatus
1338 408 1425 462 vel
1470 405 1841 462 conﬁrmatus.
1869 407 1923 466 Α
1948 409 2196 481 accipere
2239 427 2435 469 novum
2484 418 2813 489 coniugium,
2859 420 2951 475 sed
2976 436 3200 489 puerum
3256 422 3337 477 vel
3371 422 3521 493 puel-

270 487 425 545 Idcnt
452 491 594 560 apud
622 489 736 557 Ivo,
765 509 813 563 p.
843 510 879 557 ι,
917 511 965 548 c.
997 494 1120 549 220.

340 577 458 634 Non
475 580 602 636 licet
622 580 911 652 baptizatis
923 598 1043 638 cum
1059 585 1463 641 eatechumenis
1476 584 1741 640 manduca
1750 598 1807 638 re
1826 599 1840 637 :

270 680 475 743 quanto
502 673 676 745 magis
702 675 1010 743 gentilibus.
1057 675 1278 742 Burch.,
1307 676 1344 730 Ι.
1374 692 1449 741 ιν,
1480 694 1525 729 c.
1553 676 1623 731 93
1649 694 1661 729 :
1688 676 1846 729 Cate-

269 764 523 820 chumeni
574 765 899 821 manducare
943 782 1051 820 non
1094 768 1292 822 debent
1342 782 1466 822 cum
1516 765 1839 835 baptizatis,

268 870 447 925 neque
460 855 704 912 osculum
730 856 811 912 eis
836 856 986 920 dare,
1017 866 1220 926 quanto
1246 857 1426 912 minus
1453 857 1688 928 gentilis.

791 949 942 1004 CAP.
985 950 1028 1003 V
1066 948 1324 1004 POENIT.

337 1038 449 1095 Sed
502 1041 628 1096 licet
686 1041 971 1112 Dionysius
1017 1041 1345 1111 Areopagita
1395 1041 1539 1096 dicat
1586 1040 1841 1110 blasphe-

262 1133 433 1189 miam
475 1134 588 1189 Deo
631 1133 844 1198 facere,
874 1134 965 1203 qui
1013 1134 1213 1189 missas
1236 1131 1392 1187 oﬁ'ert
1418 1147 1517 1201 pro
1557 1132 1697 1186 malo
1740 1132 1842 1185 bo-

263 1226 434 1289 mine,
463 1223 801 1296 Augustinus
829 1233 1005 1280 tamen
1027 1225 1159 1281 dicit
1178 1240 1276 1294 pro
1298 1225 1546 1279 omnibus
1575 1224 1840 1279 Christia-

264 1316 350 1369 nis
378 1315 486 1369 hoc
503 1330 624 1370 esse
650 1315 976 1381 faciendum,
1002 1318 1128 1386 quia
1170 1317 1272 1370 hoc
1296 1316 1378 1371 vel
1402 1314 1483 1370 eis
1510 1315 1724 1384 proficit
1751 1322 1842 1368 aut

262 1402 614 1459 offerentibus
641 1412 734 1459 aut
763 1405 1091 1476 petentibus.
1136 1403 1266 1476 Cap.
1315 1422 1399 1460 va
1430 1424 1441 1457 :
1472 1405 1841 1475 Blasphemias

265 1493 495 1549 Domino
542 1496 672 1566 agit,
705 1497 797 1565 qui
840 1497 1037 1552 missas
1081 1497 1307 1552 Domino
1345 1496 1502 1551 offert
1549 1512 1649 1566 pro
1697 1496 1840 1550 malo

263 1584 498 1639 homine.
527 1583 859 1655 Augustinus
886 1586 1017 1639 dicit
1065 1587 1317 1642 omnibus
1346 1586 1671 1641 Christianis
1719 1600 1839 1640 esse

262 1674 568 1729 faciendum
596 1677 736 1745 quod
759 1675 841 1730 vel
871 1676 919 1731 ei
944 1677 1175 1747 proﬁcit,
1209 1685 1302 1731 aut
1324 1676 1593 1741 offerenti,
1622 1685 1713 1729 aut
1755 1676 1836 1728 vi-

1946 498 2072 555 lam.
2131 499 2257 557 Vide
2296 520 2498 577 επεν-ρ.
2556 508 2770 578 Egberti
2818 509 3044 566 Eborac.
3105 515 3275 578 arclt.,
3308 515 3512 569 c.1l8.

1943 588 2078 643 Item
2113 608 2279 647 canon
2316 594 2695 663 Africanensis.
2754 598 3075 669 Legitimum
3122 604 3289 673 igitur
3330 605 3517 674 coniu-

1943 680 2088 749 gium
2118 698 2223 737 non
2259 684 2384 739 licet
2414 689 2655 755 separari
2703 690 2819 744 sine
2869 707 3132 746 consensu
3180 693 3463 748 amborum
3497 710 3513 749 :

1941 784 2121 846 potest
2165 786 2343 832 tamen
2392 780 2528 835 alter
2570 782 2726 837 alteri
2766 799 2887 838 cum
2914 785 3139 840 consilio
3172 786 3408 856 episcopi
3449 787 3517 844 ιιι

1943 868 2179 921 centiam
2207 869 2335 924 dare
2374 872 2441 924 ad
2483 874 2797 928 servitutem
2829 875 2923 929 Dei
2956 878 3232 932 accedere.
3282 878 3513 946 Quidam

1942 956 2105 1010 etiam
2137 957 2324 1012 dicunt
2350 977 2362 1012 :
2395 959 2519 1014 Sive
2567 961 2651 1017 vir
2680 965 2791 1019 sive
2820 965 3015 1021 mulier
3040 982 3106 1021 ex
3135 982 3397 1024 consensu
3429 986 3517 1025 re-

1943 1047 2194 1117 ligionem
2222 1052 2440 1119 ceperit,
2480 1052 2605 1108 licet
2634 1055 2862 1110 alterum
2889 1059 3133 1127 accipere
3162 1076 3354 1113 novum
3386 1078 3514 1116 con-

1933 1135 2164 1209 iugium,
2194 1141 2287 1194 sed
2332 1142 2565 1211 puellam
2609 1144 2692 1198 vel
2711 1159 2958 1213 puerum,
2992 1149 3037 1201 si
3079 1149 3363 1204 continens
3394 1164 3514 1206 esse

1945 1242 2048 1280 non
2074 1230 2274 1298 poterit
2301 1232 2444 1300 quod
2493 1248 2598 1286 non
2641 1233 2817 1288 laudo.
2850 1234 3000 1288 Idem
3024 1236 3171 1289 addit
3213 1237 3514 1294 Theodorus

1940 1317 2059 1373 aliis
2085 1320 2249 1375 verbis
2280 1338 2299 1376 :
2330 1322 2396 1377 Et
2427 1315 2605 1378 tamen
2636 1341 2743 1380 non
2771 1336 2853 1382 est
2891 1330 3230 1383 canonicum.
3275 1330 3512 1395 Quicun-

1940 1424 2039 1477 que
2064 1417 2258 1462 attente
2296 1412 2570 1483 perlegerit
2594 1413 2992 1485 Hieronymum,
3020 1427 3068 1470 et
3096 1434 3316 1473 canones
3365 1437 3511 1474 conc.

1940 1498 2131 1567 Arria,
2151 1516 2252 1577 non
2268 1501 2569 1572 diﬁitebitur
2593 1504 2705 1559 Iure
2729 1507 2891 1560 citata
2917 1524 2982 1562 ea:
3014 1507 3332 1580 Hieronymo
3358 1520 3403 1564 et
3431 1503 3539 1564 ca?

1941 1604 2072 1642 none
2110 1606 2255 1644 conc.
2307 1591 2475 1662 Afric.
2518 1595 2589 1648 ad
2649 1595 2979 1651 Theodorum
3016 1600 3189 1669 potius
3237 1602 3513 1670 pertinere.

2012 1678 2235 1736 Muliere
2277 1691 2487 1737 mortua
2520 1684 2646 1739 licet
2693 1688 2811 1741 viro
2840 1696 2964 1757 post
3004 1704 3245 1744 mensem
3287 1691 3515 1744 alterum

260 1775 451 1822 ventes
477 1768 804 1822 consoletur.
835 1766 1029 1822 Burch.
1061 1778 1108 1822 et
1140 1769 1233 1823 Ivo
1256 1769 1485 1839 legerunt
1505 1768 1642 1839 quod
1681 1778 1752 1821 est
1780 1767 1832 1820 in
1870 1761 1911 1820 Β
1942 1768 2207 1837 accipere.
2251 1769 2459 1825 Mortuo
2486 1773 2604 1827 viro
2631 1783 2752 1842 post
2780 1791 2978 1830 annum
3025 1777 3152 1832 licet
3184 1778 3394 1832 mulieri
3439 1780 3517 1832 al-

263 1868 359 1911 vet.
394 1857 511 1912 cod.
539 1855 711 1925 Pam,
733 1860 814 1914 liis
842 1870 1049 1914 tantum
1075 1864 1321 1916 mutatis:
1343 1862 1468 1931 quia
1497 1862 1580 1916 vel
1607 1862 1687 1917 eis
1712 1876 1838 1931 pro-

261 1950 372 2004 ﬁcit
411 1958 506 2004 aut
531 1950 900 2016 offerentibus,
937 1960 1029 2006 aut
1056 1953 1361 2023 petentibus
1390 1954 1654 2024 proderit.
1683 1952 1836 2023 Apud

261 2038 458 2092 Burch.
486 2039 524 2092 ι.
551 2055 636 2104 ιιι,
658 2058 703 2093 c.
732 2040 819 2104 65,
857 2050 907 2095 et
944 2042 1085 2111 apud
1107 2042 1245 2108 Ivo.,
1275 2043 1312 2095 Ι.
1355 2060 1438 2107 ιιι,
1479 2061 1523 2097 c.
1552 2043 1619 2097 67
1654 2060 1667 2097 :
1706 2044 1832 2114 quia

260 2130 345 2185 vel
365 2131 446 2185 eis
471 2130 705 2201 proﬁcit,
731 2141 824 2186 aut
851 2132 1199 2189 oﬁ'ercntibus
1226 2135 1483 2204 proderit.

768 2241 917 2298 CAP.
959 2244 1026 2299 Vl
1066 2243 1322 2299 ΡΟΕΝιΤ.

330 2333 597 2389 Monacho
636 2350 741 2390 non
770 2335 898 2390 licet
940 2345 1125 2391 votum
1172 2353 1369 2392 vovere
1408 2338 1524 2391 sine
1572 2351 1836 2393 consensu

259 2426 491 2490 abbatis,
521 2428 604 2481 sin
656 2428 853 2493 minus,
885 2427 1239 2500 frangendum
1266 2436 1367 2483 est.
1398 2427 1618 2494 Barch.,
1648 2427 1685 2482 ι.
1716 2444 1835 2493 vm,

257 2534 306 2571 ε.
336 2516 401 2582 9;
433 2515 552 2581 Ivo,
581 2536 634 2588 p.
663 2534 759 2583 vn,
790 2536 836 2572 c.
861 2519 965 2584 52;
996 2529 1043 2573 et
1076 2518 1223 2575 Crat.
1256 2519 1485 2584 Decret.,
1510 2536 1548 2573 ιι
1581 2536 1657 2589 p.,
1687 2536 1832 2573 caus.

255 2610 352 2677 20,
373 2629 425 2683 q.
478 2612 537 2678 4,
565 2630 610 2667 c.
657 2612 710 2679 2,
748 2630 813 2667 ea:
860 2614 1014 2668 dictis
1044 2613 1275 2668 Basilii:
1310 2614 1594 2681 Monacho,
1638 2622 1744 2669 etc.
1776 2612 1832 2667 Si

252 2714 440 2763 autem
464 2705 696 2770 voverit,
724 2704 1077 2777 frangendum
1102 2707 1225 2761 erit.

747 2794 897 2849 CAP.
950 2796 1036 2851 VII
1076 2795 1332 2851 ΡΟΕΝιτ.

324 2887 583 2942 Mulieres
604 2903 711 2942 non
732 2888 910 2943 velent
930 2889 1101 2944 altare
1130 2888 1197 2943 de
1225 2887 1528 2958 corporali,
1558 2903 1659 2943 nec
1680 2888 1834 2943 obla-

254 2978 435 3033 tiones
473 2992 636 3047 super
674 2977 868 3043 altare,
917 2993 1093 3049 neque
1130 2978 1352 3033 calicem
1388 2985 1623 3047 ponant;
1661 2993 1836 3047 neque

256 3074 407 3121 stent
443 3067 585 3123 inter
613 3068 892 3123 ordinatos
918 3069 972 3123 in
998 3069 1259 3135 ecclesia;
1286 3066 1458 3140 neque
1500 3069 1553 3123 in
1585 3070 1834 3125 convivio
1862 3105 1906 3167 Ο

251 3158 482 3213 sedeant
498 3159 977 3214 intersacerdotes.
1008 3158 1285 3226 Burch.,t.
1322 3176 1499 3224 vm,c.
1526 3159 1835 3224 84,excon-

252 3246 375 3301 cilia
392 3246 680 3303 Rhemensi‘
690 3256 942 3319 praesente
954 3247 1217 3303 Ludovico
1240 3250 1445 3320 imper.,
1465 3267 1510 3303 c.
1525 3249 1559 3303 5
1576 3268 1587 3303 :
1612 3249 1833 3303 Femina

250 3354 363 3394 non
373 3338 466 3394 det
478 3340 868 3409 paenitentiam,
884 3355 985 3395 nec
1000 3339 1278 3409 corporale
1290 3354 1410 3394 cum
1428 3340 1716 3403 oblatione,
1733 3354 1833 3394 nec

252 3431 479 3487 calicem
509 3446 671 3501 super
697 3432 865 3487 altare
910 3442 1098 3502 ponat,
1120 3447 1221 3488 nec
1251 3433 1391 3487 inter
1425 3432 1703 3487 ordinatos
1728 3439 1835 3486 stet

252 3521 315 3577 in
340 3520 592 3588 ecclesia,
626 3537 727 3577 nec
748 3523 934 3577 sedeat
966 3523 1108 3578 inter
1139 3526 1451 3578 sacerdotes
1488 3522 1540 3577 in
1565 3522 1827 3578 convivio.

744 3633 895 3691 CAP.
936 3635 1050 3692 VIII
1081 3636 1338 3693 ΡΟΕΝΙΤ.

327 3724 504 3781 Grzeci
533 3741 725 3781 carnes
760 3727 1173 3783 morticinorum
1204 3744 1310 3784 non
1336 3730 1468 3784 dant
1489 3731 1687 3800 porcis.
1720 3729 1835 3785 Pel-

250 3815 335 3871 les
361 3823 542 3869 tamen
575 3816 642 3870 ad
684 3814 1049 3872 calceamenta
1077 3825 1132 3871 et
1159 3817 1336 3872 lanam
1366 3827 1422 3873 et
1460 3833 1664 3874 cornua
1692 3819 1834 3874 acci-

251 3921 386 3977 pere
412 3905 558 3971 licet,
586 3921 694 3960 non
717 3904 786 3960 ad
814 3905 1017 3975 aliquid
1042 3915 1308 3962 sanctum.
1341 3905 1513 3978 Capit.
1548 3923 1583 3961 ι
1614 3926 1627 3961 :
1659 3906 1833 3964 Graeci

253 4007 436 4055 autem
462 3998 803 4054 morticinam
832 4014 941 4054 non
972 4000 1101 4054 dant
1129 4000 1312 4070 porcis
1348 4000 1480 4055 suis.
1503 3999 1677 4056 Pelles
1702 4016 1852 4056 vero:

251 4090 662 4147 morticinorum
673 4090 742 4146 ad
755 4088 1138 4157 calceamenta,
1161 4098 1289 4157 etc.,
1313 4089 1479 4147 licent
1499 4090 1672 4161 accipi
1698 4108 1711 4145 :
1737 4090 1834 4146 sed

252 4196 388 4248 non,
426 4189 533 4237 etc.

768 4248 918 4307 CAP.
958 4249 1031 4305 XI
1065 4249 1325 4306 ΡαΞΝΙΤ.

326 4340 521 4395 Mulier
543 4341 713 4398 tribus
734 4344 1011 4399 mensibus
1031 4343 1303 4397 abstineat
1324 4356 1427 4397 sea
1446 4342 1567 4397 viro
1595 4356 1693 4397 suo
1714 4356 1833 4410 qua:

1944 1867 2119 1913 terum
2145 1861 2333 1916 tollere
2379 1863 2574 1918 virum.
2626 1865 2872 1937 Excerpt.
2908 1868 3041 1939 Egb.
3098 1869 3279 1938 Ebor.,
3310 1889 3355 1926 ο.
3388 1873 3509 1927 116.

1943 1951 2191 2022 Synodus
2215 1956 2383 2011 dixit:
2423 1957 2643 2015 Mulicre
2671 1970 2880 2017 mortua
2916 1964 3043 2019 licet
3082 1967 3195 2020 viro
3224 1976 3343 2037 post
3366 1984 3516 2022 men-

1940 2058 2052 2097 sem
2075 2046 2322 2113 accipere
2341 2046 2566 2102 alteram
2599 2066 2613 2114 ;
2658 2059 2780 2120 post
2823 2068 3024 2108 annum
3050 2070 3180 2110 vero
3227 2056 3354 2111 licet
3396 2071 3515 2111 mu-

1938 2130 2056 2186 lieri
2086 2134 2330 2203 accipere
2355 2135 2581 2191 alterum
2606 2139 2809 2197 virum.

2011 2223 2068 2278 Si
2099 2226 2292 2281 mulier
2310 2228 2619 2285 discesserit
2640 2248 2671 2286 a
2698 2235 2815 2288 viro
2836 2249 2934 2290 suo
2962 2236 3265 2306 despiciens
3290 2253 3432 2302 eum,
3457 2247 3513 2294 et

1939 2313 2129 2369 nolens
2151 2318 2349 2371 reverti
2375 2329 2429 2373 et
2469 2322 2805 2377 reconciliari
2840 2326 2977 2391 viro,
3002 2336 3124 2396 post
3156 2328 3394 2399 quinque
3418 2345 3514 2385 an-

1939 2419 2039 2460 nos
2059 2421 2180 2460 cum
2204 2423 2466 2464 consensu
2485 2411 2719 2482 episcopi
2734 2414 2893 2468 aliam
2922 2416 3171 2485 accipere
3194 2419 3352 2474 liceat
3376 2437 3512 2478 uxo-

1939 2511 2073 2551 rem.
2109 2497 2355 2571 Excerpt.
2381 2499 2603 2556 Eborac.
2634 2505 2887 2575 arcltiep.,
2906 2523 2951 2560 ε.
2986 2507 3104 2561 122.
3131 2507 3313 2563 Canon
3338 2511 3463 2565 dicit
3493 2528 3513 2567 :

1940 2585 1996 2641 Si
2035 2588 2229 2643 mulier
2279 2590 2591 2647 discesserit
2628 2610 2658 2647 a
2683 2594 2800 2649 viro
2826 2612 2949 2659 suo,
2977 2606 3109 2662 etc.,
3137 2606 3260 2668 post
3278 2601 3515 2671 quinque

1937 2678 2023 2733 vel
2048 2689 2252 2749 septem
2276 2697 2468 2746 annos,
2493 2698 2615 2738 cum
2638 2699 2905 2739 consensu
2939 2687 3173 2756 episcopi
3212 2688 3323 2757 ipse
3353 2690 3514 2746 aliam
3538 2728 3543 2733 η

1936 2770 2165 2839 accipiat
2185 2786 2431 2837 uxorem,
2455 2773 2500 2827 si
2512 2774 2798 2830 continens
2810 2792 2929 2831 esse
2959 2792 3064 2831 non
3087 2780 3308 2848 poterit,
3333 2787 3512 2851 etpa—

1935 2862 2108 2915 niteat
2152 2869 2262 2916 tres
2295 2877 2487 2927 annos,
2537 2863 2620 2918 vel
2649 2865 2814 2918 etiam
2843 2867 3080 2934 quandiu
3126 2868 3352 2934 vixerit;
3380 2870 3509 2940 quia

1929 2952 2088 3023 juxta
2117 2952 2439 3007 sententiam
2471 2954 2707 3020 Domini,
2726 2956 2973 3010 moechus
2993 2957 3398 3026 comprobatur.

2013 3042 2071 3097 Si
2096 3042 2149 3097 in
2182 3042 2492 3111 captivitate
2518 3058 2615 3113 per
2642 3044 2749 3098 vim
2777 3046 2936 3100 ducta
2969 3046 3159 3100 redimi
3188 3062 3294 3101 non
3319 3054 3513 3117 potest,

1935 3142 2058 3205 post
2082 3148 2284 3187 annum
2310 3133 2541 3187 alterum
2571 3135 2836 3205 accipere.
2869 3136 3005 3191 Item
3031 3137 3076 3190 si
3108 3136 3162 3190 in
3195 3138 3513 3208 captivitate

1933 3227 2128 3282 ductus
2154 3224 2319 3280 fuerit
2343 3225 2428 3279 vir
2450 3223 2586 3293 eius,
2620 3226 2857 3295 quinque
2885 3242 3056 3282 annos
3078 3237 3376 3297 exspectet.
3419 3227 3510 3284 Si-

1932 3316 2135 3370 militer
2158 3323 2336 3371 autem
2358 3324 2412 3371 et
2436 3316 2650 3382 mulier,
2669 3318 2715 3371 si
2741 3317 2871 3372 talia
2894 3318 3237 3389 contigerint.
3264 3319 3511 3391 Excerpt.

1932 3404 2068 3476 Egb.
2099 3404 2327 3459 Eborac.
2374 3405 2544 3472 arch.,
2577 3423 2623 3460 c.
2669 3406 2791 3461 122.
2838 3405 3022 3461 Canon
3068 3406 3318 3463 dicit:Si
3360 3408 3515 3478 cujus

1930 3510 2068 3549 uxor
2093 3495 2148 3549 in
2190 3494 2555 3565 captivitatem
2587 3497 2744 3551 ducta
2789 3494 2981 3562 fuerit,
3011 3506 3065 3552 et
3091 3512 3154 3552 ea
3186 3498 3376 3553 redimi
3403 3512 3511 3553 non

1928 3587 2147 3656 poterit,
2174 3596 2300 3656 post
2337 3603 2537 3641 annum
2568 3589 2853 3657 septimum
2890 3588 3116 3645 alteram
3145 3589 3394 3661 accipiat.
3441 3590 3512 3648 Et

1930 3678 1975 3732 si
2002 3684 2188 3747 postea
2234 3677 2469 3748 propria,
2503 3677 2557 3733 id
2596 3686 2677 3734 est
2703 3679 2853 3749 prior
2879 3680 3075 3736 mulier
3108 3682 3175 3737 de
3207 3682 3517 3753 captivitate

1930 3785 2148 3826 reversa
2178 3769 2359 3836 fuerit,
2385 3770 2614 3839 accipiat
2658 3785 2800 3837 eam,
2826 3771 3291 3843 posterioremque
3333 3773 3518 3829 dimit-

1932 3868 2030 3916 tat.
2066 3859 2327 3915 Similiter
2350 3867 2528 3914 autem
2565 3867 2620 3915 et
2648 3860 2757 3928 illa,
2785 3861 2927 3919 sicut
2963 3862 3213 3933 superius
3254 3861 3513 3931 diximus,

1931 3951 1978 4006 si
2002 3950 2120 4006 viro
2146 3949 2271 4004 talia
2298 3950 2644 4022 contigerint,
2671 3950 2853 4006 faciat.

2002 4043 2120 4099 Duo
2155 4058 2371 4114 quoque
2409 4042 2605 4098 fratres
2630 4042 2765 4098 duas
2792 4055 3008 4098 sorores
3033 4042 3088 4097 in
3116 4042 3364 4113 coniugio
3392 4058 3515 4113 pos-

1931 4144 2058 4192 sunt
2103 4136 2335 4204 habere;
2366 4144 2420 4193 et
2451 4147 2607 4206 pater
2647 4135 2920 4205 ﬁliusque,
2965 4146 3195 4191 matrem
3240 4144 3297 4191 et
3323 4124 3541 4193 ﬁliam."

1932 4227 2063 4299 Cap.
2101 4243 2241 4283 Lxxv
2272 4228 2458 4283 :Patri
2498 4234 2556 4283 et
2595 4226 2708 4283 ﬁlio
2754 4234 2985 4282 matrem
3014 4233 3069 4282 et
3102 4225 3268 4281 ﬁliam
3302 4226 3428 4283 licet
3454 4228 3513 4285 in

1932 4318 2279 4375 matrimonio
2294 4317 2514 4373 habere.

254 4431 512 4500 concepit
555 4442 680 4486 ante
725 4439 960 4501 partum,
989 4439 1046 4486 et
1080 4440 1202 4501 post
1229 4440 1439 4501 tempus
1476 4431 1827 4503 purgationis,
1859 4446 1909 4506 ι)
1975 4412 2062 4485 ἐἰ
2088 4431 2172 4485 vir
2193 4437 2248 4485 et
2272 4429 2467 4485 mulier
2492 4428 2870 4499 coniunxerint
2890 4444 2949 4485 se
2978 4429 3031 4485 in
3059 4430 3427 4498 matrimonio,
3454 4440 3513 4489 ει

251 4525 361 4579 hoc
394 4530 496 4585 est,
533 4523 888 4595 quadraginta
937 4524 1128 4579 diebus
1152 4532 1207 4579 et
1249 4524 1499 4579 noctibus
1525 4524 1639 4579 sive
1690 4538 1833 4579 mas-

250 4615 437 4671 culum
460 4624 516 4669 et
538 4614 793 4670 feminam
815 4617 1079 4688 genuerit.
1105 4615 1235 4688 Cap.
1257 4633 1349 4672 ιιι
1376 4636 1388 4670 :
1417 4616 1669 4672 Mulieres
1689 4631 1835 4671 men-

253 4713 410 4759 struo
439 4712 682 4773 tempore
704 4720 812 4759 non
834 4705 1036 4761 intrent
1057 4705 1364 4770 ecclesiam,
1396 4720 1572 4775 neque
1591 4720 1833 4761 commu-

250 4795 442 4849 nicent
462 4809 562 4849 nec
590 4797 1055 4853 sanetremoniales
1077 4797 1362 4853 neclaicm.
1393 4796 1451 4852 Si
1479 4806 1829 4867 praesumant,

250 4881 431 4938 tribus
467 4883 891 4941 hebdomadibus
923 4887 1223 4955 pmniteant
1263 4901 1383 4957 quae
1418 4887 1625 4942 intrant
1660 4887 1835 4943 eccle-

252 4972 393 5027 siam
426 4980 550 5027 ante
576 4974 837 5030 mundum
864 4976 1182 5047 sanguinem
1210 4985 1334 5047 post
1353 4983 1603 5047 partum,
1632 4976 1687 5032 id
1712 4985 1829 5045 est,

252 5061 328 5117 40
357 5063 572 5119 diebus.
1557 5087 1561 5090 ·

324 5154 656 5227 Legitimum
675 5157 983 5229 coniugium
1004 5173 1110 5213 non
1136 5158 1263 5214 licet
1287 5172 1543 5229 separare
1566 5159 1683 5215 sine
1704 5174 1834 5215 con-

251 5262 419 5302 sensu
450 5249 732 5303 amborum
758 5268 771 5303 :
803 5258 984 5320 potest
1003 5258 1186 5305 tamen
1214 5251 1349 5306 alter
1366 5251 1523 5307 alteri
1553 5252 1828 5307 licentiam

250 5338 388 5393 dare
417 5339 678 5395 accedere
702 5341 770 5395 ad
800 5341 1114 5396 servitutem
1143 5342 1237 5397 Dei
1284 5342 1339 5396 in
1384 5343 1736 5409 monasterio,
1777 5351 1835 5398 et

249 5429 358 5486 sibi
384 5432 612 5498 nubere,
634 5434 679 5488 si
701 5434 755 5487 in
771 5434 945 5504 primo
966 5434 1215 5506 coniugio
1237 5443 1355 5490 erat
1367 5435 1661 5490 secundum
1683 5434 1831 5491 Crte-

254 5537 368 5578 cos.
411 5520 636 5592 Regina,
662 5523 752 5578 lib.
801 5540 837 5579 ιι
869 5525 933 5578 de
959 5523 1105 5579 Eccl.
1154 5524 1308 5589 disc.,
1334 5541 1379 5578 c.
1410 5524 1533 5589 107,
1560 5541 1626 5579 ea:
1676 5524 1830 5580 dictis

259 5609 591 5681 Hieronymi.
642 5612 869 5669 Additur
897 5615 1169 5684 quintum,
1201 5617 1417 5684 quando
1445 5618 1560 5671 sive
1588 5616 1691 5680 vir,
1717 5615 1830 5669 sive

257 5701 450 5755 mulier
479 5716 544 5755 ex
588 5718 853 5759 consensu
896 5704 1207 5773 religionem
1237 5705 1459 5775 ceperit,
1504 5706 1627 5759 licet
1676 5704 1828 5761 alteri

1936 4529 2125 4593 postea
2152 4520 2350 4576 dixerit
2376 4521 2570 4576 mulier
2599 4521 2667 4576 de
2696 4520 2813 4575 viro
2838 4536 2937 4577 suo
2960 4536 3065 4576 non
3090 4536 3278 4591 posse;
3311 4521 3358 4577 si
3388 4523 3512 4591 quis

1934 4614 2133 4686 poterit
2153 4615 2385 4684 probare
2403 4614 2546 4685 quod
2567 4628 2751 4669 verum
2772 4614 2861 4679 sit,
2876 4613 3104 4683 accipiat
3122 4613 3284 4668 alium
3309 4615 3507 4671 virum.

1937 4686 2204 4772 Rhaban.,
2218 4704 2273 4758 in
2293 4721 2375 4774 ep.
2398 4705 2467 4758 ad
2485 4702 2850 4770 Heribaldum,
2868 4720 2983 4775 cap.
2999 4704 3099 4759 29:
3130 4702 3253 4759 Non
3276 4721 3393 4760 cum
3412 4722 3513 4761 au-

1936 4797 2196 4864 ctoritate,
2224 4796 2314 4852 sed
2345 4797 2409 4852 de
2428 4793 2773 4869 quorumdam
2802 4795 3013 4849 statutis
3040 4794 3430 4866 respondemus,
3455 4796 3513 4851 in

1936 4890 2122 4963 quibus
2150 4889 2398 4960 scriptum
2426 4896 2501 4943 est
2525 4901 2543 4939 :
2565 4887 2658 4943 Vir
2684 4894 2740 4942 et
2765 4886 2958 4942 mulier
2978 4888 3024 4942 si
3051 4902 3110 4943 se
3135 4886 3514 4957 coniunxerint

1934 4978 2303 5044 matrimonio,
2329 4985 2384 5033 et
2424 4984 2611 5047 postea
2656 4976 2854 5032 dixerit
2892 4976 3089 5032 mulier
3113 4977 3179 5033 de
3205 4978 3325 5034 viro
3365 4979 3510 5049 quod

1932 5085 2040 5124 non
2091 5068 2257 5137 possit
2300 5067 2350 5122 ei
2391 5067 2615 5131 nubere,
2647 5066 2692 5121 si
2731 5073 2909 5136 potest
2934 5067 3162 5137 probare
3188 5082 3287 5135 per
3304 5065 3509 5134 iustum

1923 5158 2187 5227 iudicium
2233 5155 2375 5226 quod
2419 5171 2609 5212 verum
2661 5155 2753 5221 sit,
2791 5156 3021 5225 accipiat
3063 5155 3247 5208 alium.
3284 5152 3506 5223 Regina,

1931 5247 2021 5303 lib.
2054 5264 2129 5312 ιι,
2157 5266 2203 5303 c.
2229 5247 2336 5302 242
2358 5262 2373 5301 :
2398 5247 2543 5318 quod
2569 5262 2676 5303 non
2705 5248 2877 5318 possit
2905 5247 3053 5301 coire
3080 5232 3203 5299 cum
3228 5260 3313 5300 ea.
3344 5243 3510 5298 Addit

1932 5336 2153 5405 Barck.,
2182 5338 2219 5392 ι.
2249 5354 2337 5404 ix,
2364 5354 2412 5393 c.
2456 5336 2566 5393 40:
2594 5336 2652 5393 Si
2691 5346 2868 5392 autem
2895 5336 2986 5390 ille
3033 5334 3191 5389 aliam
3235 5334 3509 5403 acceperit

1933 5439 2271 5501 separentur.
2298 5429 2415 5495 Ivo,
2462 5448 2515 5501 p.
2559 5445 2679 5495 vni,
2706 5444 2754 5482 c.
2785 5427 2890 5482 79:
2918 5424 3164 5493 Accipiat
3207 5423 3371 5477 alium
3400 5441 3413 5476 :
3440 5437 3513 5479 eo

1931 5520 2074 5591 quod
2093 5519 2247 5590 iuxta
2273 5519 2586 5590 Apostolum
2608 5533 2713 5574 non
2737 5515 2913 5587 potuit
2928 5515 3004 5570 illi
3027 5514 3251 5570 reddere
3273 5514 3354 5569 vir
3376 5529 3523 5572 suus

1932 5613 2192 5668 debitum.

2002 5705 2242 5763 Puellam
2291 5707 2665 5776 desponsatam
2710 5718 2817 5760 non
2864 5703 2990 5759 licet
3028 5703 3349 5773 parentibus
3379 5704 3526 5760 dare:
