3928 6178
404 341 513 403 987

792 331 1140 391 THEODORI
1175 327 1494 386 ARCHIEP.
1534 324 2086 384 CANTUARIENSIS
2131 321 2660 380 HENITENTIALE
2698 321 3089 388 COLLATUM,
3119 319 3270 377 ETC.

3553 319 3660 376 983

403 458 500 514 atii
526 455 662 514 vlro,
691 451 796 506 nisi
827 449 916 503 illa
950 447 1169 503 omnino
1211 445 1458 508 resistat;
1490 452 1669 497 tamen
1703 441 1773 496 ad
1796 455 1981 496 mona-
2007 442 2056 500 Α
2083 437 2252 491 ctione
2289 445 2386 490 vet.
2416 435 2531 490 cod.
2562 435 2751 490 Paruit.
2775 451 2932 505 quam
2976 445 3169 488 rectam
3197 448 3308 488 esse
3349 429 3664 501 conﬁrmant

406 546 628 606 sterium
671 543 797 597 licet
833 541 913 595 ire
941 540 987 594 si
1015 537 1266 592 voluerit.
1307 536 1399 590 llla
1427 543 1606 588 autem
1637 534 1984 603 desponsata,

403 637 454 696 si
482 651 591 693 non
615 633 727 687 vult
752 632 998 686 habitare
1026 644 1149 684 cum
1179 644 1245 682 eo
1274 627 1391 682 viro
1417 627 1504 681 cui
1535 633 1617 680 est
1645 625 1983 694 desponsata,

403 723 459 782 ei
511 721 735 793 pecunia
784 734 945 788 quam
998 717 1183 781 dedit,
1235 723 1288 768 et
1338 715 1496 768 tertia
1557 729 1684 784 pars
1736 713 1982 767 addatur.

404 808 539 882 Cap.
583 824 742 864 LXXXI
787 823 802 861 :
847 808 1176 876 Desponsata
1221 805 1415 858 mulier
1459 804 1606 869 viro;
1646 802 1837 858 deinde
1879 817 1985 856 non

404 899 522 954 vult
547 899 791 954 habitare
821 914 941 952 cum
967 912 1050 958 ea,
1080 897 1268 950 reddat
1295 896 1576 963 pecuniam
1611 910 1730 964 qure
1765 894 1867 963 ipsi
1892 893 1988 947 da-

405 999 529 1056 tur;
571 999 626 1044 et
680 989 895 1044 tertiam
936 998 1144 1057 partem
1195 986 1510 1041 substantia:
1557 986 1736 1040 addat.
1795 985 1985 1039 Priora

405 1083 562 1139 verba
604 1093 659 1138 ut
707 1085 761 1137 in
808 1091 908 1137 vet.
940 1081 1056 1152 cod.
1091 1081 1280 1134 Paenit.
1306 1079 1549 1150 leguntur
1577 1079 1717 1148 apud
1763 1077 1982 1143 Burch.,

406 1173 497 1228 lib.
532 1191 650 1240 vin,
673 1174 893 1244 exceptis
925 1173 1004 1226 Itis
1034 1171 1197 1225 verbis
1225 1186 1341 1240 (μίαν
1365 1171 1546 1223 desunt
1571 1184 1586 1221 :
1612 1170 1714 1224 nisi
1748 1169 1836 1223 illa
1864 1184 1982 1223 om-

405 1265 539 1322 nino
566 1267 800 1322 resistat.

901 1354 1051 1410 CAP.
1092 1355 1184 1408 Xll
1239 1351 1494 1408 ΡίΕΝΙΤ.

479 1445 539 1502 Si
586 1462 800 1502 servum
835 1453 888 1501 et
914 1445 1165 1500 ancillam
1203 1445 1452 1500 dominus
1479 1444 1757 1498 amborum
1788 1444 1841 1498 in
1869 1457 1986 1498 ma-

409 1535 719 1591 trimonium
765 1533 1064 1602 conjunxit,
1088 1543 1276 1603 postea
1322 1533 1549 1588 liberato
1597 1549 1755 1587 servo
1782 1533 1867 1588 vel
1893 1547 1988 1586 an-

408 1627 552 1692 cilla,
581 1627 626 1682 si
654 1643 760 1681 non
786 1635 960 1697 potest
988 1626 1178 1681 redimi
1208 1640 1326 1696 qum
1352 1626 1405 1679 in
1438 1626 1658 1680 servitio
1686 1634 1790 1689 cst,
1817 1625 1988 1680 libero

409 1716 533 1770 licet
563 1717 849 1786 ingenuam
875 1715 1218 1786 conjungere.
1247 1715 1376 1786 Cap.
1407 1732 1529 1770 Lxxi
1561 1734 1572 1768 :
1599 1716 1656 1770 Si
1683 1731 1869 1770 servus
1892 1717 1983 1782 sit,

409 1814 460 1860 et
503 1807 695 1863 ancilla
751 1808 953 1863 domini
989 1823 1202 1863 servum
1252 1807 1398 1862 illum
1448 1808 1675 1862 liberum
1720 1826 1826 1864 non
1870 1809 1985 1864 vult
2017 1789 2063 1850 Β

410 1914 529 1952 cum
561 1899 648 1952 illa
680 1900 903 1965 nubere,
931 1899 1138 1954 dimitte
1176 1899 1444 1968 accipere,
1473 1899 1516 1954 si
1545 1900 1632 1954 illa
1661 1915 1766 1974 non
1794 1909 1984 1970 potue-

409 1990 479 2044 rit
513 1991 580 2046 ad
610 2007 752 2047 eum.
784 1991 914 2056 Qua:
953 1991 1105 2046 verba
1138 1992 1357 2044 nimium
1389 1991 1671 2060 depravata
1699 1991 1768 2044 ad
1803 1993 1986 2061 genui-

411 2097 528 2135 num
577 2091 625 2135 et
663 2091 896 2152 apertum
941 2098 1148 2135 sensum
1196 2081 1540 2134 restituuntur
1579 2081 1888 2150 prwcedenti
1915 2080 1988 2134 le-

2085 527 2436 596 excerptiones
2469 525 2682 596 Egberti
2704 524 2954 589 Eborac.,
2991 541 3104 594 cap.
3136 522 3258 589 124,
3283 521 3468 577 Conon
3491 522 3664 576 dicit:

2087 617 2144 673 Si
2176 633 2388 673 servum
2417 627 2470 672 et
2499 617 2746 672 ancillam
2775 617 3024 671 dominus
3067 616 3345 671 amborum
3373 616 3431 670 in
3470 617 3662 670 matri-

2087 714 2267 769 mouio
2293 713 2647 782 conjunxerit,
2670 719 2857 782 postea
2885 712 3114 766 liberato
3141 724 3297 765 servo
3327 710 3413 766 vel
3443 709 3664 776 ancilla,

2087 805 2133 859 si
2166 821 2272 859 non
2299 811 2477 874 potest
2507 804 2697 858 redimi
2723 804 2814 873 qui
2841 803 2896 857 in
2925 803 3147 859 servitio
3171 811 3277 867 est,
3304 802 3478 857 libero
3516 799 3663 870 licet,

2089 899 2228 953 sicut
2276 895 2597 966 quibusdam
2641 895 2834 966 placet,
2859 895 3146 966 ingenuam
3178 891 3540 963 conjungere;
3571 893 3664 949 sed

2077 995 2271 1040 tamen
2312 982 2469 1053 juxta
2521 982 2844 1039 sententiam
2901 981 3112 1036 Domini
3168 981 3413 1037 moechus
3464 981 3663 1051 proba-

2090 1085 2196 1131 tur.
2512 1163 2666 1220 CAP.
2705 1162 2820 1218 Xlll
2856 1162 2944 1218 DE
2989 1160 3245 1218 ΡίΕΝΙΤ.

2159 1277 2372 1350 Jejunio
2417 1276 2655 1349 legitima
2687 1275 2791 1332 tria
2838 1282 2964 1331 sunt
3009 1275 3061 1329 in
3108 1273 3664 1344 annozquadraginta

2087 1375 2214 1423 ante
2237 1365 2426 1422 Natale
2452 1364 2686 1431 Domini,
2709 1373 2766 1420 et
2784 1373 2905 1436 post
2933 1364 3284 1418 Pentecosten
3311 1363 3661 1432 quadraginta

2089 1459 2225 1514 dies.
2256 1458 2386 1529 Cap.
2415 1456 2517 1514 109
2539 1471 2555 1511 :
2575 1455 2784 1526 Jejunia
2803 1455 3042 1528 legitima
3070 1461 3198 1510 sunt
3225 1453 3330 1508 tria
3360 1454 3416 1508 in
3438 1453 3662 1522 quadra-

2091 1551 2329 1622 gesimis.

2160 1660 2392 1717 Infirmis
2415 1661 2540 1715 licet
2582 1659 2730 1715 omni
2756 1659 2889 1714 liora
2917 1659 3094 1714 cibum
3124 1665 3179 1712 et
3216 1664 3403 1727 potum
3431 1669 3664 1720 sumere,

2093 1751 2306 1821 quando
2325 1750 2634 1804 desiderant
2655 1748 2735 1804 vel
2759 1756 3002 1818 possunt,
3028 1748 3073 1803 si
3095 1757 3397 1817 opportune
3417 1751 3664 1816 possunt.

2087 1841 2306 1906 Burch.,
2335 1840 2372 1894 ι.
2405 1856 2559 1906 xvm,
2589 1855 2636 1894 c.
2672 1838 2763 1904 20,
2791 1855 2855 1893 ea:
2895 1836 3079 1892 concil.
3110 1835 3348 1907 Magum.
3378 1853 3426 1890 c.
3457 1834 3529 1889 20
3551 1849 3566 1886 :
3587 1831 3670 1889 1η-

2091 1933 2262 1986 firmis
2303 1932 2430 1986 licet
2478 1931 2623 1986 omni
2671 1932 2802 1986 hora
2849 1931 3028 1986 cibum
3076 1939 3365 2001 potumque
3414 1942 3669 1991 sumere,

2093 2024 2518 2094 quotiescunque
2545 2022 2868 2077 desiderant.

1575 2272 2114 2356 POENITENTlAIZE
2151 2275 2501 2359 unionem

415 2415 679 2474 Collatum
703 2432 845 2490 Aoum
901 2415 1240 2490 quibusdam
1271 2415 1613 2490 testimoniis,
1640 2429 1766 2490 qua:
1811 2430 1992 2490 ex‘eo
2026 2415 2339 2490 deprompta
2390 2417 2678 2472 laudantur
2728 2420 2848 2490 sub
2888 2418 3673 2490 nominibusisuppositislly-

664 2487 774 2557 gini
822 2501 991 2556 papae,
1025 2486 1264 2550 Fabiani,
1293 2495 1396 2538 etc.
1435 2486 1609 2554 Atque
1638 2485 1754 2538 haec
1782 2485 2088 2539 testimonia
2125 2496 2275 2540 certo
2301 2503 2364 2541 ac
2396 2503 2523 2542 vero
2553 2489 2758 2543 auctori
2792 2489 3074 2544 Theodoro
3104 2485 3480 2543 restituuntur.

479 2670 615 2727 Cum
659 2667 798 2738 apud
833 2682 1020 2721 omnes
1049 2666 1194 2720 viros
1231 2666 1416 2720 doctos
1445 2673 1655 2720 constet
1683 2682 1802 2734 qua:
1832 2666 1990 2736 vulgo

413 2763 698 2819 laudantur
739 2759 806 2812 ab
853 2757 1161 2812 auctoribus
1203 2757 1594 2810 recentioribus
1626 2757 1724 2810 sub
1762 2758 1991 2811 nomini-

415 2857 515 2910 bus
542 2850 731 2923 llygini
757 2864 926 2918 papae,
949 2847 1192 2909 Fabiani,
1219 2846 1560 2915 Eutychiaui,
1576 2855 1838 2910 etc.,esse
1862 2862 1989 2916 sup-

413 2944 610 3016 posita,
641 2950 695 2995 et
716 2939 880 2994 variis
911 2938 1037 2992 hinc
1063 2936 1187 2992 inde
1217 2937 1486 3004 excerptis
1514 2937 1836 2992 testimoniis
1866 2953 1994 2991 con-

413 3041 592 3097 texta;
623 3027 817 3084 sutilcit
842 3041 904 3080 ea
933 3041 1051 3096 qua:
1075 3025 1349 3094 pertinent
1379 3026 1444 3079 ad
1487 3025 1858 3089 Theodorum,
1893 3025 1992 3096 ipsi

413 3137 474 3184 ut
499 3142 626 3182 vero
662 3139 725 3180 ac
761 3131 912 3178 certo
946 3124 1151 3175 auctori
1190 3121 1495 3184 restituere,
1529 3119 1668 3174 sicut
1695 3120 1808 3190 jam
1838 3119 1990 3188 plura

413 3218 532 3274 aliis
560 3216 804 3288 patribus
832 3229 862 3267 a
888 3212 1018 3267 viris
1046 3210 1374 3266 doetissimis
1399 3211 1650 3264 restituta
1682 3218 1826 3274 sunt.

490 3327 640 3384 Grat.
662 3327 893 3391 Decret.,
930 3341 968 3379 ιι
997 3342 1072 3394 p.,
1102 3339 1248 3378 caus.
1277 3321 1362 3386 27,
1397 3341 1444 3394 q.
1469 3321 1523 3387 2,
1557 3339 1601 3375 ε.
1635 3321 1722 3375 27.
1757 3322 1994 3390 Despon-

414 3431 546 3480 sataa
593 3421 782 3493 puella:
825 3433 928 3472 non
975 3416 1329 3487 prohibentur
1364 3413 1747 3468 monasterium
1776 3413 1990 3482 eligere.

413 3511 683 3568 Probatur
708 3508 892 3564 itidem
928 3506 1246 3560 auctoritate
1284 3503 1500 3558 Eusebii
1538 3519 1688 3573 papae
1717 3502 1944 3557 dicentis
1977 3517 1990 3554 :

414 3603 801 3672 Desponsatam
846 3596 1078 3666 puellam
1109 3611 1214 3649 non
1246 3594 1371 3648 licet
1415 3593 1730 3662 parentibus
1760 3591 1850 3645 alii
1881 3591 1995 3644 viro

416 3690 818 3748 tradere:licet
848 3697 1025 3740 tamen
1061 3686 1136 3739 illi
1179 3685 1564 3739 monasterium
1594 3683 1811 3752 eligere.
1849 3681 1995 3735 Illud

417 3791 491 3834 est
515 3778 839 3847 desumptum
857 3791 918 3827 ex
938 3773 1126 3826 Ptenit.
1155 3772 1372 3836 Tlteod.,
1400 3773 1452 3825 in
1479 3771 1854 3842 qua'stionibus
1875 3788 1996 3824 con-

421 3867 717 3938 iugiorum,
748 3863 832 3916 ubi
881 3860 1255 3916 sic:Puellam
1299 3861 1674 3930 desponsatam
1722 3877 1827 3916 non
1873 3861 1997 3915 licet

419 3954 757 4028 parentibus,
788 3961 894 4008 etc.

489 4065 721 4130 Decret.,
751 4079 788 4118 ll
820 4081 898 4134 p.,
925 4079 1071 4118 caus.
1100 4063 1190 4128 28,
1223 4081 1273 4134 q.
1301 4064 1351 4128 i,
1381 4080 1427 4115 c.
1456 4062 1491 4116 2
1517 4081 1528 4116 :
1561 4075 1585 4102 ι
1616 4062 1672 4116 In
1705 4061 1878 4117 ﬁdelis
1905 4077 2000 4132 po-

419 4164 616 4213 testate
647 4157 737 4222 sit,
764 4165 887 4226 post
924 4155 1247 4225 baptismum
1276 4169 1501 4210 uxorem
1549 4154 1807 4222 recipere,
1836 4167 1998 4222 quam

421 4231 548 4302 ante
572 4245 866 4300 dimiserat.
892 4243 967 4298 Ex
990 4245 1207 4298 decreto
1231 4243 1546 4314 Eutyeliiani
1576 4259 1726 4312 papm
1753 4259 1765 4296 :
1792 4241 1849 4295 Si
1879 4241 2000 4310 quis

423 4337 638 4406 gentilis
662 4336 913 4407 gentilem
943 4350 1166 4389 uxorem
1195 4335 1460 4390 dimiserit
1487 4345 1613 4390 ante
1642 4336 1996 4404 baptismum,

2091 2676 2146 2722 et
2170 2669 2307 2724 alter
2335 2670 2568 2740 gent-Elis,
2612 2680 2666 2725 et
2693 2671 2842 2740 sequi
2871 2688 2974 2726 non
3003 2672 3149 2737 vult,
3187 2673 3327 2728 sicut
3373 2674 3507 2729 dicit
3533 2673 3676 2745 Apo-

2095 2760 2262 2814 stolus
2293 2779 2304 2813 :
2336 2759 2570 2816 lnﬁdelis
2615 2761 2661 2814 si
2693 2761 2940 2826 discedit,
2972 2762 3227 2816 discedat.
3274 2761 3432 2816 Istud
3472 2778 3677 2835 quoque

2093 2861 2166 2904 est
2198 2851 2454 2905 Theodori
2475 2853 2564 2923 qui
2589 2853 2700 2905 Iuro
2728 2853 2993 2922 subjungit
3019 2867 3036 2904 :
3063 2853 3238 2908 Simili
3268 2853 3448 2920 modo,
3481 2855 3531 2909 si
3555 2854 3679 2926 quis

2093 2955 2279 2995 eorum
2306 2943 2610 3012 baptizatus
2637 2953 2739 3008 est,
2765 2944 2900 2998 alter
2923 2944 3157 3014 gentilis,
3185 2955 3288 2999 etc.

2019 3073 2066 3146 ο
2168 3053 2394 3121 Decret.,
2419 3072 2456 3110 ιι
2474 3073 2551 3126 p.,
2581 3074 2723 3110 caus.
2748 3055 2835 3122 55,
2857 3074 2906 3128 q.
2938 3057 2992 3122 2,
3018 3073 3064 3111 c.
3092 3058 3125 3112 5
3153 3076 3164 3110 :
3188 3055 3386 3113 Amnes
3411 3058 3467 3112 in
3489 3059 3680 3128 quinta

2094 3151 2440 3218 generatione
2491 3151 2728 3221 copulari
2775 3160 3040 3222 possunt:
3070 3151 3122 3204 in
3151 3159 3342 3220 quarta
3383 3152 3429 3206 si
3474 3150 3680 3206 fuerint

2094 3240 2326 3306 inventi,
2375 3255 2480 3295 non
2531 3250 2867 3310 separentur.
2915 3239 3046 3295 item
3081 3241 3349 3296 Fabianus
3396 3242 3682 3310 papazbe

2094 3329 2408 3400 prepinquis
2440 3330 2530 3400 qui
2577 3331 2643 3385 ad
2673 3330 2986 3386 aiiinitatem
3014 3346 3110 3401 per
3132 3331 3308 3385 virum
3354 3340 3409 3384 et
3454 3347 3681 3386 uxorem

2094 3421 2335 3485 veniunt,
2373 3418 2623 3475 defuncta
2659 3437 2826 3477 uxore
2870 3420 2951 3475 vel
2984 3421 3123 3484 viro,
3153 3429 3205 3474 et
3228 3421 3419 3489 quinta
3451 3436 3682 3490 genera-

2097 3510 2240 3564 tione
2265 3509 2688 3580 conjungantur
2713 3513 2764 3566 in
2789 3520 3004 3582 quarta,
3021 3511 3066 3566 si
3103 3512 3300 3566 inventi
3325 3509 3552 3574 fuerint,
3578 3527 3682 3565 non

2097 3610 2432 3670 separentur.
2478 3601 2534 3655 lu
2588 3603 2745 3656 tertia
2799 3617 2928 3658 vero
2970 3601 3368 3672 propinquitate
3410 3617 3524 3655 non
3559 3600 3683 3656 licet

2097 3706 2320 3746 uxorem
2339 3691 2562 3746 alterius
2585 3693 2828 3761 accipere
2849 3702 2967 3762 post
2993 3693 3195 3747 obitum
3216 3692 3350 3762 ejus.
3369 3692 3684 3761 Equaliter

2097 3781 2179 3834 vir
2203 3780 2560 3852 eonjungatur
2594 3783 2646 3836 in
2677 3782 3019 3837 matrimonio
3047 3783 3124 3837 eis
3150 3799 3268 3852 quae
3311 3784 3413 3838 sibi
3441 3799 3683 3839 consan-

2097 3871 2305 3942 guinem
2333 3881 2478 3937 sunt,
2511 3881 2566 3927 et
2590 3873 2774 3927 uxoris
2803 3889 2913 3928 sua:
2942 3874 3352 3944 consanguineis
3381 3882 3507 3944 post
3539 3889 3675 3929 mor-

2098 3969 2205 4014 tem
2231 3979 2342 4017 sum
2371 3964 2572 4018 uxoris.
2615 3963 2816 4017 Eadem
2852 3963 3009 4033 paulo
3038 3973 3150 4034 post
3178 3965 3304 4018 citat
3341 3965 3438 4018 sub
3474 3965 3685 4020 nomine

2097 4049 2221 4107 Julii
2249 4068 2399 4122 papae
2442 4053 2494 4108 in
2523 4053 2701 4107 eadem
2732 4071 2876 4108 caus.
2910 4065 2958 4108 et
3005 4063 3210 4126 quaest,
3243 4071 3288 4108 ε.
3323 4055 3407 4110 15.
3445 4053 3553 4110 Sed
3581 4056 3684 4109 ista

2097 4147 2354 4215 pertinent
2380 4146 2450 4199 ad
2481 4143 2523 4199 Τ
2523 4146 2807 4200 haedorum
2835 4148 2922 4217 qui
2953 4149 3027 4201 sic
3057 4148 3108 4200 in
3138 4158 3320 4219 qurrst.
3348 4149 3600 4219 conjug.:
3627 4147 3684 4204 In

2100 4237 2258 4292 tertia
2308 4238 2708 4307 propinquitate
2753 4239 2933 4294 carnis
2979 4239 3106 4294 licet
3150 4240 3352 4294 nubere
3382 4239 3684 4296 secundum

2098 4330 2336 4395 Grzecos,
2363 4333 2502 4386 sicut
2530 4333 2581 4386 in
2613 4333 2726 4402 lege.
2749 4335 3007 4404 scriptum
3035 4343 3148 4400 est;
3182 4334 3235 4388 in
3261 4333 3450 4403 quinta
3481 4347 3684 4387 secun-

422 4436 546 4500 post
582 4429 906 4498 baptismum
937 4428 989 4481 in
1016 4433 1284 4494 potestate
1324 4425 1440 4494 ejus
1480 4427 1585 4479 erit
1622 4442 1740 4479 eam
1778 4427 1998 4488 habere,
2032 4425 2082 4484 D
2107 4423 2234 4477 dum
2274 4423 2565 4488 Romanos,
2592 4435 2770 4480 tamen
2800 4427 2851 4481 in
2882 4428 3036 4481 tertia
3070 4443 3174 4481 non
3207 4426 3445 4489 solvunt,
3475 4426 3518 4479 si
3562 4434 3684 4493 post

421 4518 508 4574 vel
542 4533 649 4572 non
687 4518 906 4571 habere.
945 4514 1060 4569 Hoc
1100 4515 1320 4586 pertinet
1351 4516 1420 4568 ad
1455 4514 1783 4568 Theodorum
1813 4515 1902 4586 qui
1928 4515 2002 4567 ita

423 4607 480 4662 in
507 4606 877 4679 qua’stionibus
922 4605 1246 4676 conjug.:Si
1275 4605 1396 4675 quis
1441 4603 1705 4659 dimiserit
1750 4603 2002 4675 gentilem

427 4710 672 4760 uxorem,
703 4703 808 4750 etc.

495 4807 648 4878 Apud
678 4807 828 4862 Crat.
873 4809 1108 4878 sequitur
1133 4825 1178 4861 ε.
1206 4809 1239 4863 5
1267 4825 1276 4860 :
1305 4807 1504 4862 Fidelis
1539 4807 1806 4862 inﬁdelem
1835 4805 2008 4861 disce-

428 4898 641 4954 dentem
671 4898 823 4966 sequi
850 4914 955 4952 non
985 4899 1215 4969 cogitur.
1253 4898 1396 4952 ldem
1427 4898 1793 4968 Eutychianus
1829 4910 1964 4966 papa
1995 4914 2006 4950 :

431 4987 607 5046 Simili
652 4988 830 5052 modo,
859 4988 904 5043 si
949 5005 1088 5044 unus
1127 5004 1195 5044 ex
1225 4987 1526 5059 conjugatis
1572 4987 1879 5058 baptizatus
1908 4996 2012 5051 est,

503 5135 530 5167 ι
568 5122 796 5193 Burch.,
829 5123 865 5178 l.
897 5138 976 5190 ix,
1010 5137 1059 5179 e.
1087 5121 1175 5189 59,
1207 5121 1297 5178 60.

2106 4514 2307 4570 factum
2345 4515 2524 4570 fuerit.
2562 4517 2705 4589 Ergo
2755 4520 2808 4573 in
2859 4521 3044 4589 quinta
3081 4519 3428 4591 generatione
3457 4517 3680 4585 conjun-

2107 4615 2319 4676 gantur.
2347 4606 2415 4660 Et
2451 4608 2524 4662 sic
2545 4609 2609 4662 de
2645 4611 2864 4664 σανίσι-ξε.

2181 4721 2260 4775 Ex
2311 4723 2505 4790 quibus
2547 4723 2796 4777 omnibus
2844 4730 2992 4793 patet
3043 4722 3287 4776 maxime
3346 4719 3689 4775 auctoritatis

2110 4829 2228 4869 esse
2254 4814 2625 4870 Poenitentiale
2665 4815 2948 4882 Theodori,
2970 4823 3130 4885 atque
3159 4813 3423 4884 optimum
3447 4812 3688 4870 codicem

2114 4919 2216 4958 ms.
2246 4919 2352 4973 quo
2384 4905 2466 4960 usi
2496 4921 2700 4960 sumus.
