3924 6180
286 361 396 420 993

266 571 436 635 tione,
459 567 666 639 laqueis
682 568 1049 639 cujuscunque
1075 573 1278 626 erroris
1305 572 1666 642 implicentur.
1694 575 1848 630 Unde

267 658 315 714 si
338 659 463 729 quis
488 657 863 728 episcoporum
917 662 1220 729 apocrypha
1260 661 1443 715 haberi
1473 661 1595 733 [per
1638 664 1847 736 domos]

266 762 376 804 non
396 748 753 817 prohibuerit,
780 747 866 803 vel
890 763 984 804 eos
1009 748 1175 804 libros
1203 752 1294 820 qui
1329 752 1397 806 ab
1422 753 1691 807 haereticis
1714 754 1743 793 ι)
1775 756 1852 808 vi-

264 839 386 894 tiati
417 844 545 893 sunt
567 838 623 891 in
649 836 877 893 ecclesia
903 838 1212 906 permiserit
1245 839 1348 911 legi
1374 880 1388 905 ,
1448 841 1758 897 htereticum
1793 858 1852 899 se

264 929 481 985 noverit
495 927 876 998 judicandum;
909 929 1161 997 quoniam
1182 930 1271 999 qui
1301 930 1435 987 alios
1451 931 1519 985 ab
1542 947 1727 987 errore
1744 949 1850 989 non

265 1031 509 1087 revocat,
530 1021 765 1091 seipsum
795 1037 980 1078 errare
1009 1023 1361 1085 demonstrat.
1398 1036 1418 1063 ο
1453 1026 1737 1083 Tractatus
1757 1045 1849 1083 au-

264 1125 375 1172 tem
403 1115 578 1171 sancti
607 1112 1239 1187 Hieronymi,Ambrosii,
1257 1125 1311 1173 et
1333 1117 1636 1190 Augustini,
1661 1127 1715 1176 et
1743 1137 1849 1177 ca:-

264 1217 508 1267 terorum
539 1215 849 1261 sanctorum
871 1206 1116 1273 Patrum,
1134 1209 1603 1281 expositionesque
1631 1211 1765 1266 Novi
1788 1228 1853 1268 ac

263 1299 481 1353 Veteris
508 1298 840 1353 Testamenti
866 1314 985 1367 qua:
1007 1314 1037 1353 a
1084 1300 1528 1357 nominatissimis
1568 1302 1850 1357 doctorum

262 1391 689 1446 orthodoxorum
718 1389 968 1445 Patribus
1012 1390 1166 1446 factte
1208 1400 1350 1457 sunt,
1382 1402 1542 1462 prout
1594 1395 1728 1449 ordo
1754 1409 1850 1464 po-

262 1483 390 1550 scit,
424 1484 481 1537 in
506 1482 733 1538 ecclesia
760 1483 1029 1554 legantur.

880 1591 1108 1665 caper
1148 1591 1236 1646 tv.

332 1705 361 1747 δ
399 1720 729 1761 υεειιετλιιε
755 1721 819 1759 DE
848 1720 1181 1784 ΚΕΕΙΡΙΕΨΠΒ
1209 1721 1278 1758 ΕΤ
1309 1718 1412 1758 NON
1443 1720 1778 1763 BEClPlENDIS

958 1791 1150 1829 LIBRIS.

265 1869 398 1925 Hec
427 1870 622 1939 scripta
649 1878 767 1922 sunt
792 1884 825 1920 a
858 1879 881 1907 θ
909 1865 1130 1940 Gelasio!
1145 1884 1281 1937 papa
1322 1884 1439 1921 cum
1464 1885 1567 1922 Lxx
1598 1870 1847 1940 episcopis
1880 1856 1923 1916 Β

940 1937 1178 1991 eruditis.

335 2014 469 2087 Post
491 2031 850 2101 prophetieas,
874 2040 928 2085 et
947 2030 1302 2101 evangelicas,
1331 2040 1492 2099 atque
1518 2031 1843 2099 apostolicos

262 2122 597 2192 Scripturas,
619 2122 812 2192 quibus
826 2121 1063 2176 Ecclesia
1088 2120 1350 2175 catholica
1378 2136 1477 2190 per
1501 2121 1732 2190 gratiam
1752 2122 1846 2176 Dei

262 2213 490 2268 fundata
515 2221 616 2276 est,
646 2211 666 2250 τ
690 2212 789 2267 has
814 2210 1011 2279 suscipi
1039 2211 1227 2266 eadem
1255 2210 1481 2266 ecclesia
1510 2227 1616 2265 non
1664 2212 1848 2280 prohi-

260 2303 378 2358 bet.
405 2319 424 2356 ι
466 2310 705 2357 sanctam
752 2302 1017 2372 synodum
1050 2299 1347 2365 Nicaanam,
1384 2303 1409 2341 ⁸
1443 2310 1499 2355 et
1540 2301 1848 2356 Constanti-

263 2394 651 2465 nopolitanam,
676 2400 731 2448 et
763 2392 1084 2462 Ephesinam
1128 2391 1360 2461 primam
1389 2431 1405 2457 ,
1459 2400 1513 2445 et
1551 2391 1847 2447 Chalcedo-

261 2498 491 2539 nensem
521 2499 642 2554 quae
664 2492 747 2538 est
770 2490 960 2552 quarta
990 2480 1245 2552 synodus.

337 2626 368 2655 ι
409 2612 579 2679 Edit.,
595 2611 916 2667 Mirabilium
940 2613 1249 2666 narratione
1264 2613 1669 2678 seductos,etc.,
1685 2613 1842 2668 invol-

337 2754 370 2793 ι)
409 2752 552 2807 Edit.
573 2792 587 2815 ,
627 2769 646 2802 ‹
675 2751 771 2806 Vel
799 2752 898 2806 sub
924 2752 1303 2806 canonicorum
1330 2753 1545 2807 nomine
1576 2768 1670 2808 eos
1700 2753 1846 2808 codi-

261 2839 360 2879 ces
384 2824 437 2877 in
466 2821 690 2877 ecclesia
714 2823 1021 2890 permiserit
1058 2822 1179 2891 legi,
1209 2821 1662 2892 quigPt-iscilliani
1703 2823 1852 2877 adul-

259 2896 442 2949 terina
459 2903 581 2946 sunt
598 2892 969 2947 emendatione
982 2890 1239 2959 corrupti;
1271 2911 1289 2943 ι
1317 2890 1537 2947 Rectius
1553 2893 1712 2947 habet
1727 2893 1848 2946 coll.

261 2965 389 3018 cod.
426 2963 551 3016 Her.
583 2978 703 3015 cum
731 2961 788 3015 S.
828 2961 937 3017 Leo
963 2963 1285 3032 generaliter
1322 2962 1664 3031 loquaturde
1699 2962 1850 3017 libris

260 3037 334 3089 ab
364 3033 633 3088 hmreticis
659 3032 983 3100 quibuslibet
1012 3032 1337 3100 depravatis.

341 3115 367 3142 α
409 3102 541 3170 Quae
568 3110 829 3170 sequntur
856 3102 909 3154 in
940 3103 1067 3156 edit.
1096 3103 1307 3156 desunt.

334 3172 366 3213 ει
406 3172 465 3228 in
492 3172 660 3226 altera
686 3170 1001 3226 collectione
1038 3172 1157 3226 cod.
1198 3171 1323 3225 ller.
1378 3170 1464 3225 hic
1494 3179 1577 3227 est
1625 3171 1847 3227 titulus:

268 3263 286 3296 ι
320 3244 385 3299 In
407 3241 611 3297 Christi
636 3241 851 3295 nomine
869 3241 1129 3310 incipiunt
1144 3241 1357 3295 decreta
1380 3242 1445 3296 de
1463 3242 1783 3310 recipiendis
1798 3250 1853 3296 et

260 3331 375 3368 non
398 3313 720 3383 recipiendis
738 3311 1271 3383 libris,quzescripta
1290 3320 1415 3383 sunt
1432 3327 1472 3383 ra
1488 3311 1701 3367 Gelasio
1716 3328 1850 3382 papa

266 3399 397 3439 cum
424 3381 1179 3452 septuagintaeruditissimis
1202 3381 1332 3436 viris
1357 3382 1644 3452 episcopis.
1685 3402 1703 3434 ι

345 3466 371 3492 ε
412 3450 643 3519 Quidam
674 3451 888 3506 codices
934 3466 1064 3505 mss.
1100 3452 1343 3505 tribuunt
1380 3450 1697 3506 Horsmidaz.
1744 3452 1850 3505 Vc-

262 3538 393 3577 rum
448 3538 569 3576 cum
607 3521 983 3585 vetustissimis
1026 3530 1081 3575 et
1133 3521 1350 3589 optimis
1402 3523 1675 3577 codicibus
1720 3537 1848 3575 mss.

262 3603 502 3661 utraque
531 3591 775 3646 collectio
797 3591 915 3646 cod.
949 3591 1216 3645 llerovall.
1249 3591 1472 3645 ascribit
1493 3591 1724 3650 Gelasio,
1752 3592 1852 3645 sub

261 3663 428 3731 cujus
449 3677 661 3731 quoque
714 3661 930 3715 nomine
956 3662 1144 3716 eadem
1193 3663 1407 3731 decreta
1467 3662 1648 3715 laudat
1689 3661 1851 3715 Nico-

258 3730 387 3788 laus
411 3732 432 3786 l
456 3730 508 3785 in
533 3731 753 3801 epistola
782 3730 851 3783 4‘2
887 3731 954 3801 ad
991 3747 1177 3786 omnes
1205 3730 1391 3801 Gallia:
1411 3731 1709 3800 episcopos.

344 3803 367 3841 ί
411 3802 512 3856 llic
538 3799 588 3854 in
614 3803 699 3856 ed.
732 3801 885 3870 plura
919 3799 1029 3855 fere
1067 3816 1162 3870 per
1182 3800 1428 3870 paginam
1482 3799 1741 3870 integram
1774 3799 1853 3854 in-

264 3871 497 3939 teriecta
548 3880 707 3936 sunt,
769 3885 888 3940 qua:
934 3871 1002 3925 ad
1031 3886 1144 3924 rem
1202 3870 1510 3924 nullomodo
1559 3871 1848 3940 pertinent.

263 3942 544 4010 Quorsum
570 3942 711 3994 enim
741 3939 817 3995 tot
837 3954 915 4010 ac?
935 3947 1083 3993 tanta
1111 3942 1175 3994 de
1204 3940 1435 4007 primatu
1460 3939 1710 3994 Ecclesia:
1734 3980 1748 4002 ,
1798 3947 1855 3992 et

264 4009 493 4082 quidem
520 4020 707 4065 contra
732 4009 1036 4082 haereticos,
1054 4018 1409 4082 icuni‘agatut:
1424 4011 1652 4078 quaestio
1683 4010 1746 4063 de
1772 4024 1853 4062 re-

261 4078 535 4152 cipiendis
557 4087 611 4133 et
647 4096 753 4135 non
793 4078 1115 4152 recipiendis
1156 4078 1305 4132 libris
1319 4080 1348 4152 ?_
1378 4078 1644 4133 Praeterea
1676 4093 1854 4152 nonne

262 4149 379 4209 illa:
400 4161 527 4206 sunt
552 4165 583 4203 a
611 4165 671 4220 re
699 4166 918 4220 prorsus
958 4149 1156 4214 aliena,
1181 4165 1300 4219 qua:
1336 4149 1749 4218 interponuntur
1769 4149 1855 4220 his

260 4223 492 4278 verbis:
528 4239 547 4272 ι
596 4217 731 4274 Illud
774 4220 937 4274 etiam
992 4217 1345 4273 intimandum
1376 4217 1655 4288 putamus,
1712 4217 1853 4287 quod

264 4290 546 4363 quamvis
570 4290 860 4363 universe
891 4304 1011 4363 p_cr_
1037 4290 1222 4344 orbem
1276 4289 1555 4343 catholicae
1575 4288 1856 4363 _Eeelesiae

262 4357 415 4416 tinus
438 4359 705 4415 thalamus
738 4359 937 4414 Christi
970 4360 1081 4421 sit,
1136 4367 1323 4412 sancta
1374 4366 1550 4412 tamen
1575 4357 1812 4411 Romana
1836 4397 1851 4420 ,

262 4431 555 4487 Catholica
608 4438 663 4484 et
712 4429 1017 4498 Apostolica
1068 4428 1304 4483 Ecclesia
1373 4427 1531 4482 nullis
1583 4427 1854 4498 synodicis

262 4500 583 4557 constitutis
615 4497 825 4554 caeteris
878 4499 1119 4554 ecclesiis
1176 4500 1395 4567 praelata
1428 4506 1527 4563 est,
1559 4499 1649 4551 sed
1680 4497 1855 4550 Evan-

261 4569 848 4643 gelicagvocepomini
904 4578 976 4643 et_
1013 4568 1310 4643 Salvatoris
1345 4569 1514 4622 nostri
1565 4567 1854 4643 primatum

261 4635 530 4698 obtinuit.
562 4659 580 4691 ι
618 4638 817 4694 Eadem
866 4639 1031 4693 verba
1073 4638 1335 4693 Silvestro
1372 4652 1524 4706 papae
1574 4636 1627 4690 in
1665 4635 1855 4704 prmia-

261 4712 424 4766 tione
454 4708 651 4764 Nicmni
677 4708 888 4763 concilii
914 4708 1050 4763 falso
1073 4724 1285 4777 quoque
1316 4708 1706 4777 ascribuntura
1737 4706 1855 4774 qui-

260 4781 505 4837 busdam
526 4779 856 4843 auctoribus,
883 4788 944 4833 ut
966 4779 1033 4832 ab
1069 4776 1241 4833 Eneti
1281 4777 1570 4832 Parisiensi
1605 4776 1854 4844 episcopo

260 4851 399 4906 libr.
419 4850 677 4903 adversus
689 4848 926 4913 Graecos,
949 4857 1139 4917 quzest.
1154 4848 1334 4904 6.Vid.
1357 4844 1580 4917 tom.Vll
1603 4844 1850 4917 Spicileg.

260 4920 334 4976 L.
380 4919 517 4973 Ach.
544 4919 611 4972 Et
633 4920 712 4973 sic
736 4919 803 4973 de
839 4914 1049 4973 caate'ris
1074 4934 1242 4987 usque
1269 4918 1335 4972 ad
1366 4916 1469 4970 ista
1512 4914 1709 4987 verba:
1739 4914 1853 4987 ΔΙιίιές

260 4989 490 5058 suscipi.
531 4988 683 5055 Quod
725 4989 938 5057 quidem
985 4983 1182 5043 indicat
1222 4989 1272 5058 in
1311 4986 1421 5041 suis
1468 4985 1610 5058 notis
1635 4983 1853 5058 Bittius:

268 5079 294 5113 ι
330 5054 451 5113 Hoc
474 5054 773 5123 decretum,
793 5058 994 5128 inquit,
1028 5066 1206 5113 exstat
1232 5057 1470 5128 distinct.
1504 5055 1588 5116 l5,
1618 5069 1738 5107 can.
1768 5054 1852 5128 lo.

261 5129 467 5187 Leetio
499 5128 615 5198 ejus
642 5130 709 5184 ab
731 5123 980 5198 originali
1011 5136 1289 5196 tantopere
1327 5127 1618 5193 discrepat,
1630 5123 1857 5198 _ut_sa_t_is

264 5208 430 5257 certo
461 5192 620 5252 statui
645 5214 750 5252 non
779 5192 949 5268 possit
969 5214 1089 5267 quae
1112 5192 1184 5252 sit
1210 5212 1336 5252 vera
1375 5205 1429 5251 et
1459 5192 1592 5268 pura
1621 5192 1816 5268 Gelasii
1839 5233 1854 5257 ,

258 5285 381 5339 nec
409 5284 734 5339 magnopere.
772 5264 1072 5339 mirandum
1108 5268 1197 5333 sit,
1231 5268 1277 5322 si
1306 5265 1558 5322 nonnulla
1606 5264 1713 5319 sint
1739 5279 1858 5333 qua:

264 5337 648 5397 dilﬁcultatem
683 5337 905 5392 faciunt.

355 5411 381 5450 8
418 5409 478 5462 lu
496 5408 581 5462 ed.
613 5407 842 5463 Notatur
861 5422 1106 5477 quamam
1147 5405 1309 5461 fuerit
1343 5406 1601 5460 harumce
1623 5402 1856 5477 synodo-

263 5494 400 5536 rum
427 5472 894 5532 convocandaruni
918 5493 1110 5543 causa;
1158 5491 1264 5546 quo
1294 5484 1553 5543 tempore,
1581 5482 1636 5546 et
1656 5472 1860 5546 adver-

265 5562 377 5605 sus
396 5562 533 5616 quos
560 5549 843 5603 haereticos
862 5549 1058 5602 habitae
1082 5542 1208 5610 sint,
1238 5554 1292 5600 et
1322 5542 1442 5614 quis
1463 5544 1623 5599 fuerit
1647 5542 1856 5616 episco-

267 5612 476 5688 porum
498 5633 772 5673 numerus.
806 5618 933 5684 Quae
961 5618 1138 5672 omnia
1157 5632 1288 5688 cum
1338 5612 1519 5688 absint
1556 5612 1859 5688 a__vetustis-

224 5740 225 5743 η
268 5683 422 5745 Ξςίῐηει
453 5703 716 5742 canonum
739 5683 1051 5743 collectione
1073 5685 1192 5741 eod.
1214 5685 1342 5739 Her.
1361 5683 1652 5740 verisimile
1679 5690 1840 5739 estex

231 5827 240 5835 .
270 5757 593 5836 plicationis
610 5758 780 5828 gratia
804 5758 1025 5829 posthac
1060 5755 1304 5826 adjuncta
1337 5754 1521 5810 fuisse.

1141 365 1458 422 CANONES
1498 365 1784 423 SELECTI
1823 369 1916 424 EX
1957 370 2111 427 VET.
2152 370 2309 429 CAN.
2351 372 2684 433 COLLECT.

228 526 243 537 .
268 479 601 537 mirabiliora
638 492 663 520 ι
706 479 1079 535 narrationum
1124 483 1329 536 seducti
1377 484 1578 552 quique
1618 484 1855 538 admira-
1880 490 1932 549 Α

3429 387 3533 442 994

2380 508 2743 548 CON'HNUATIO
2781 509 3125 553 DECRETALIS.

2022 578 2153 633 ltem
2183 583 2437 651 Opuscula
2469 585 2496 623 ιι
2527 584 2700 639 sancti
2743 583 2993 656 Cypriani
3031 590 3285 659 martyris
3310 589 3539 648 Cartha-

1951 668 2208 739 ginensis.
2237 671 2501 741 Opuscula
2534 676 2677 729 beati
2704 674 2949 745 Gregorii
2988 678 3332 736 Nazianzeni.
3362 682 3537 752 Opus-

1951 757 2070 812 cula
2119 761 2291 814 sancti
2341 762 2524 817 Basilii
2586 763 2979 833 Cappadoceni.
3042 769 3308 838 Opuscula
3360 774 3537 829 sancti

1949 846 2174 903 Joannis
2220 848 2820 922 Constantinopolitani.
2862 855 3128 925 Opuscula
3171 860 3315 915 beati
3363 862 3540 919 Theo-

1950 938 2080 1008 phili
2107 939 2477 996 Alexandrini.
2509 942 2776 1012 Opuscula
2806 948 2976 1002 sancti
3003 948 3284 1006 Athanasii
3306 952 3538 1010 Alexan-

1951 1027 2113 1081 drini.
2136 1027 2405 1097 Opuscula
2440 1034 2612 1086 sancti
2642 1032 2826 1089 Hilarii
2874 1036 3243 1094 Pictaviensis.
3271 1041 3536 1112 Opuscula

1953 1119 2126 1173 sancti
2184 1119 2464 1203 Augustini
2527 1122 2905 1193 Hipponensis.
2953 1128 3218 1198 Opuscula
3266 1132 3535 1204 Prosperi.

1952 1208 2219 1278 Opuscula
2235 1212 2375 1266 beati
2403 1212 2599 1269 Leonis
2616 1229 2786 1284 papae.
2817 1218 2833 1257 ί
2864 1216 3127 1288 Opuscula
3154 1230 3316 1291 atque
3340 1233 3539 1279 tracta-

1949 1305 2037 1353 tus
2058 1300 2296 1353 omnium
2312 1299 2535 1356 Patrum
2557 1305 3000 1372 orthodoxorum,
3019 1310 3110 1377 qui
3134 1311 3186 1364 in
3203 1313 3347 1367 nullo
3365 1329 3393 1367 a
3408 1330 3537 1368 san-

1950 1394 2035 1440 cta
2052 1386 2290 1442 Ecclesia
2306 1387 2544 1444 Romana
2573 1393 2857 1448 deviarunt
2878 1393 2890 1444 i
2910 1434 2923 1447 .
2950 1395 3082 1451 ltem
3101 1399 3396 1457 decretales
3412 1403 3531 1473 epi-

1950 1474 2136 1540 stolas,
2167 1493 2303 1546 quas
2330 1476 2625 1535 beatissimi
2667 1498 2818 1553 papa:
2849 1484 3076 1541 diversis
3113 1492 3443 1558 temporibus
3468 1493 3537 1547 de

1952 1565 2082 1619 urbe
2104 1565 2273 1621 Roma
2294 1581 2392 1635 pro
2416 1568 2753 1626 diversorum
2770 1576 3165 1632 consultatione
3197 1579 3221 1617 ιι
3249 1580 3529 1647 dederunt,

1946 1657 2330 1712 venerabiliter
2359 1661 2729 1730 suscipiendas
2758 1666 3293 1726 decernimus.Gesta
3316 1684 3537 1731 sancto-

1949 1762 2065 1801 rum
2081 1757 2395 1820 martyrum,
2413 1768 2533 1821 quue
2557 1751 2568 1789 ¹
2589 1754 2925 1811 mirabilibus
2939 1761 3270 1817 cruciatibus
3283 1772 3336 1818 et
3352 1765 3539 1821 trium-

1947 1839 2068 1909 phis
2092 1840 2372 1904 irradiant,
2406 1851 2462 1896 et
2486 1858 2516 1896 a
2546 1844 2823 1900 catholicis
2844 1848 2976 1903 viris
3017 1853 3336 1921 conscriptae
3385 1866 3531 1921 sunt,

1950 1930 2275 1986 omnimodis
2288 1946 2674 1988 veneramur.m
2694 1936 2768 1990 Ea
2791 1953 2919 1993 vero
2941 1956 3061 2009 qum
3075 1944 3142 1997 ab
3158 1946 3431 2003 hmreticis
3452 1950 3537 2005 vel

1951 2019 2132 2076 idiotis
2151 2024 2460 2091 composit-te
2484 2025 2568 2079 vel
2589 2026 2902 2084 adulterata:
2918 2040 3059 2093 sunt.
3080 2035 3384 2093 nullatenus
3402 2042 3540 2095 reci-

1950 2112 2188 2180 piantur,
2204 2129 2324 2182 quae
2347 2115 2399 2168 in
2425 2116 2554 2185 ipsis
2575 2131 2759 2172 eorum
2780 2122 2938 2176 dictis
2965 2125 3032 2178 ab
3055 2127 3435 2185 ecclesiasticis
3459 2134 3539 2186 vi-

1953 2203 2029 2257 ris
2064 2204 2180 2259 sine
2224 2220 2375 2259 mora
2397 2205 2720 2275 deprehendi
2772 2224 3013 2280 possunt.
3044 2226 3071 2253 ιι
3094 2217 3244 2272 Vitas
3289 2220 3533 2286 Patrum,

1952 2293 2122 2359 Pauli,
2155 2296 2372 2351 Antonii
2398 2338 2413 2362 ,
2462 2298 2773 2366 Hilarionis,
2807 2313 2860 2358 et
2887 2307 3127 2361 omnium
3175 2312 3529 2369 ercmitarum

1951 2403 2088 2458 quas
2129 2388 2215 2442 vir
2255 2391 2596 2447 beatissimus
2624 2392 2979 2465 Hieronymus
3001 2399 3305 2468 descripsit,
3330 2404 3413 2457 vel
3441 2405 3534 2459 alii

1953 2481 2241 2536 orthodoxi
2279 2482 2485 2545 Patres,
2520 2500 2642 2538 cum
2667 2487 2812 2540 omni
2846 2488 3049 2544 honore
3086 2493 3426 2562 suscipimus.

2027 2615 2052 2654 ιι
2083 2614 2137 2668 In
2167 2614 2333 2690 altera
2364 2616 2485 2690 c_oll.
2512 2618 2629 2690 cod.
2671 2619 2809 2690 Her.
2841 2622 2946 2676 alio
2974 2627 3162 2680 ordine
3186 2640 3536 2690 recensentur

1953 2685 2056 2758 hoc
2082 2684 2279 2758 modo:
2310 2704 2327 2735 ί
2367 2686 2631 2757 Opuscula
2665 2689 2724 2743 Β.
2762 2691 3127 2755 Athanasii,S.
3176 2697 3375 2757 Basilii.
3421 2684 3528 2758 etc:

1951 2753 2172 2841 {pannis
2202 2753 2546 2841 (Egesta—etc.
2599 2753 3063 2841 CeciliiIQypriani
3088 2806 3106 2831 ,
3142 2776 3265 2841 Δςιο.
3289 2753 3535 2841 Gregorii

1956 2824 2308 2898 Nazanensis,
2334 2836 2436 2898 etc.
2465 2829 2743 2896 Theophili
2784 2824 2965 2898 mea,
3005 2824 3107 2889 etc'.
3141 2835 3322 2892 Hilarii
3350 2824 3531 2897 Picta:

1955 2896 2176 2983 vitiosis:
2336 2897 2603 2983 Ambrosii
2628 2899 2934 2983 lilediolan”
2953 2896 3370 2983 vetem-lugttstini
3399 2896 3530 2983 Hip-

1951 2978 2091 3051 pone
2140 2964 2437 3051 Hf-gietisis,
2474 2976 2584 3051 etc.
2618 2967 2886 3051 Jcronymi
2924 2964 3255 3051 Lpres_'»yt_evri.
3287 2964 3536 3051 Prosperﬁ

2101 3034 2506 3104 religiosissimi,
2536 3047 2641 3092 etc.
2695 3034 2823 3093 Item
2859 3034 3015 3110 cpi-st.
3050 3034 3108 3097 li:
3142 3046 3333 3104 Leonis
3358 3034 3530 3122 p513};

1876 3125 1925 3189 c
1955 3112 2063 3189 etc..-
2103 3123 2124 3189 τ

2030 3172 2427 3262 iuAtld.Lal-tet'a
2456 3175 2699 3262 collectio
2730 3178 2867 3262 cod.‘
2896 3180 3020 3262 Her.
3050 3185 3235 3262 eadem
3275 3188 3387 3262 fere
3417 3207 3538 3262 qua:

1954 3242 2210 3330 leguntur
2228 3244 2281 3297 in
2300 3244 2384 3330 ed.
2409 3263 2445 3330 ί,
2461 3264 2478 3295 ί
2516 3248 2659 3330 ΙίριηΛ
2672 3248 2958 3330 epistolam
2985 3253 3123 3307 beati
3163 3242 3537 3330 ῃοοηίἐρῖβέξ

1953 3318 2019 3395 ad
2044 3313 2356 3395 Flavianum
2406 3313 3057 3395 Constantinopolitanum
3104 3313 3413 3395 episcopum
3442 3313 3535 3384 de;

1955 3383 2203 3470 stinatam
2226 3383 2424 3470 :‘cujus
2450 3392 2652 3440 texutm
2692 3383 2957 3470 quispiam
3080 3383 3337 3463 usquead
3370 3383 3535 3453 unum

1954 3454 2061 3505 iota
2082 3454 2453 3519 disputat-erit,
2472 3464 2523 3508 et
2548 3472 2651 3509 non
2675 3454 2792 3511 eam
2807 3454 2858 3511 in
2880 3462 3129 3517 omnibus
3156 3454 3536 3523 {'eneraLiliter

1954 3523 2248 3599 receperint,
2266 3524 2550 3599 anathema
2576 3526 2663 3599 sit.
2698 3546 2716 3578 ι

2026 3593 2040 3641 t'
2088 3593 2145 3646 ln
2172 3593 2292 3665 Ed,
2318 3595 2406 3665 qui
2429 3595 2483 3647 in
2538 3594 2681 3665 n_ullo
2712 3613 2743 3650 a
2771 3606 2965 3651 sancta:
2998 3598 3251 3656 Romamn
3281 3604 3536 3662 Ecclesia,

1954 3663 2213 3739 consortio
2242 3662 2535 3739 desierunt.
2563 3663 2689 3739 Post
2715 3667 2827 3739 huic
2857 3670 3017 3739 verba
3066 3672 3167 3725 ista
3193 3674 3493 3731 redundant
3518 3696 3531 3730 :

1960 3750 1977 3811 ς
2013 3731 2120 3811 l\_'ec
2144 3732 2211 3785 ab
2231 3732 2346 3801 ejus
2376 3733 2479 3811 (ide
2500 3735 2583 3811 vel
2614 3737 3245 3811 pnedicatjoneisejuncti
3272 3756 3416 3811 sunt,
3440 3748 3537 3802 sed

1954 3801 2123 3871 ipsius
2142 3803 2547 3884 communionis
2568 3801 2696 3884 “per
2738 3807 2968 3884 gratiam
3000 3801 3093 3865 Dei
3120 3828 3289 3884 usque
3322 3816 3377 3869 in
3404 3801 3534 3871 ulti;

1954 3872 2264 3948 mumdiem
2285 3874 2408 3948 vita;
2430 3874 2712 3948 sumluere
2740 3872 3051 3948 participes.
3083 3901 3100 3931 ι

2027 3942 2053 4013 If
2089 3941 2269 4013 Altera
2301 3942 2424 4013 coll.
2454 3944 2572 3998 cod.
2604 3941 2882 4013 Hem—leg"
2916 3941 3286 4006 consolatione.

2032 4009 2048 4048 1
2090 4011 2273 4086 Altera
2303 4012 2444 4086 coll.
2477 4014 2597 4086 co.l.
2646 4015 2773 4086 ller.
2798 4009 3211 4086 {multiplicibus
3256 4031 3537 4079 tormento-

1955 4097 2070 4162 rum
2092 4081 2479 4162 cruciatibus“
2500 4084 2826 4162 mirabilibus
2849 4081 3230 4162 confessionum
3258 4092 3535 4162 triumphis

1954 4150 2233 4228 irradiant.
2258 4150 2388 4205 Post
2417 4152 2530 4228 haec
2556 4151 2610 4206 in
2640 4155 2725 4207 ed.
2744 4150 3041 4228 sequuntur
3062 4159 3222 4212 verba
3246 4175 3365 4228 quae
3388 4150 3537 4219 n'ullo

1955 4219 2115 4275 modo
2146 4222 2282 4273 inter
2309 4236 2367 4276 se
2400 4223 2671 4275 cohaerent
2700 4242 2712 4276 :
2751 4242 2768 4273 ι
2805 4219 2937 4288 Quis
2974 4227 3046 4278 ita
3076 4241 3194 4281 esse
3241 4219 3534 4288 catholico-

1957 4306 2074 4344 rum
2109 4288 2338 4353 dubitet,
2365 4300 2419 4370 et
2464 4290 2664 4370 majora
2695 4307 2787 4370 eos
2819 4288 2871 4345 in
2898 4295 3158 4370 agonibus
3193 4295 3359 4370 fuisse
3408 4317 3534 4370 per-

1955 4375 2160 4439 pessos,
2190 4375 2286 4439 nec
2308 4359 2420 4439 suis
2440 4359 2788 4439 vit-ibus,_sed
2826 4359 2997 4432 gratia
3027 4365 3122 4439 Dei
3168 4376 3223 4421 et
3264 4359 3536 4439 atijut'orio

1957 4430 2206 4510 universa
2236 4429 2541 4510 tolerasse?
2737 4429 3207 4510 itleo_se_cundum
3256 4429 3534 4510 aniiquam

1956 4498 2395 4553 consuetudinem
2426 4498 2685 4567 singulari
2720 4501 2929 4556 cautela
2970 4504 3024 4557 iu
3075 4514 3260 4560 sancta
3291 4498 3533 4566 Romana

1954 4567 2195 4623 Ecclesia
2224 4583 2328 4621 non
2366 4569 2631 4643 leguntur.
2671 4573 2919 4643 i_;\lirutn
2943 4583 3143 4643 quanta
3174 4575 3226 4628 in
3252 4578 3335 4631 his
3353 4581 3534 4636 verbis

1955 4645 2212 4713 appareat
2248 4639 2621 4692 contradictio.
2683 4640 2930 4696 Gelasius
2954 4639 3138 4698 censet
3184 4648 3417 4713 primum
3457 4650 3534 4705 le-

1954 4709 2127 4790 genda
2165 4723 2283 4790 esse
2314 4717 2463 4790 gesta
2491 4717 2799 4790 sanctorum
2824 4721 3161 4790 martyrum”:
3184 4709 3383 4772 deinde
3406 4719 3534 4776 illud

1955 4778 2100 4852 idem
2117 4778 2424 4852 eonﬁrmat_
2440 4779 2675 4852 ipsorum
2711 4780 2918 4849 elogiis.
2947 4778 3019 4836 Ex
3040 4785 3234 4852 quibus
3253 4788 3535 4846 concludi-

1956 4860 2063 4911 tur,
2089 4848 2207 4901 ideo
2229 4849 2519 4903 secundum
2548 4848 2820 4918 antiquam
2868 4848 3309 4910 consuetudinem
3353 4858 3537 4918 singu-

1955 4919 2054 4997 lari
2077 4919 2283 4997 cautela
2316 4919 2370 4972 in
2407 4926 2592 4997 sancta
2611 4918 2848 4972 Romana
2877 4921 3114 4997 Ecclesia
3139 4942 3242 4980 non
3270 4926 3392 4997 legi.
3410 4918 3536 4985 Haec

1958 4988 2122 5068 igitur
2152 4987 2329 5056 inepta
2357 4987 2641 5068 verborum
2667 4994 2997 5068 constructio
3024 5010 3246 5062 prorsus
3274 4987 3537 5068 repugnat

1956 5056 2187 5135 genuino
2211 5057 2420 5135 s_e_nsui,_
2443 5073 2602 5135 quem
2637 5057 2792 5135 plane
2842 5056 3204 5135 perfecteque,
3230 5082 3294 5135 ac
3324 5056 3536 5135 paucis-

1957 5127 2309 5197 Simisverbis
2337 5127 2554 5181 exhibet
2588 5129 2790 5197 optima
2819 5127 3061 5188 collectio
3083 5127 3202 5190 cod.
3237 5127 3359 5187 Her.

2029 5209 2069 5236 ιιι
2096 5195 2178 5250 Ab
2220 5196 2305 5251 his
2348 5195 2797 5271 aliausequ'untur
2828 5201 2881 5254 in
2909 5203 2994 5256 ed.
3026 5219 3145 5271 qua:
3186 5218 3307 5257 cum
3335 5205 3404 5258 ad
3440 5219 3533 5257 ea-

1959 5267 2080 5348 dem
2105 5281 2224 5348 qua}
2252 5281 2410 5348 supra
2439 5267 2578 5348 dicta
2609 5277 2736 5348 sunt
2757 5267 3103 5348 exponenda,
3156 5272 3364 5341 adjecta
3415 5272 3533 5328 fue-

1960 5338 2088 5401 rint,
2117 5336 2318 5390 idcirco
2346 5336 2541 5391 absunt
2562 5352 2591 5390 a
2622 5339 2743 5393 coll.
2765 5336 3187 5394 accuratissima.

2030 5418 2058 5445 ιι
2096 5405 2151 5460 ln
2179 5407 2289 5470 ed.,
2313 5406 2378 5459 Et
2414 5409 2643 5460 omnium
2684 5409 3031 5469 eremitarum,
3068 5426 3197 5476 quas
3240 5417 3415 5464 tamen
3453 5411 3533 5465 vir

1961 5476 2286 5530 beatissimus
2305 5477 2508 5546 scripsit
2530 5477 2895 5544 Hieronymus,
2912 5492 3026 5528 cum
3043 5479 3183 5531 omni
3202 5477 3396 5534 honore
3415 5496 3532 5534 sus-

1960 5548 2213 5617 cipimus;
2243 5547 2738 5617 maleomittuntur
2779 5546 2879 5617 ista
2909 5547 3069 5617 verba
3100 5562 3320 5614 prorsus
3348 5564 3532 5604 neces-

1962 5614 2147 5671 saria:
2190 5615 2266 5669 vel
2314 5616 2407 5668 alii
2450 5615 2723 5669 orthodoxi
2778 5614 2983 5667 Patres.
3037 5614 3335 5675 Paucorum
3383 5620 3529 5678 enim

1963 5687 2308 5743 ercmitarum
2335 5685 2483 5741 Vitas
2507 5684 2787 5754 descripsit
2811 5682 3187 5757 Hieronymus.
