3924 6180
485 367 592 426 995

903 488 1261 532 CONTINUATIO
1286 486 1629 526 DECRETALIS.

553 571 719 626 Actus
741 566 884 622 beati
913 563 1159 619 Silvestri
1181 577 1332 632 papa:
1353 573 1379 601 ι
1411 576 1509 631 pro
1541 561 1762 630 antiquo
1789 573 1890 613 usu
1914 557 2056 612 mul-

483 670 551 716 ta:
572 659 850 714 imitamur
871 663 926 708 et
949 662 1276 708 venerantur
1295 652 1567 712 Ecclesite.
1605 649 1914 720 Scripturas
1942 648 1969 687 δ
1992 648 2059 703 de

483 751 790 807 inventione
843 755 1044 802 sanctae
1087 745 1286 807 erucis,
1316 752 1370 796 et
1408 743 1474 796 de
1521 742 1822 796 inventione
1867 740 2057 810 capitis

482 842 704 897 Joannis
725 839 979 908 Baptista:
1009 847 1030 874 ο
1062 835 1308 888 Nonnulli
1333 847 1427 887 eas
1452 833 1700 886 catholici
1728 832 1928 901 legunt.
1949 830 2057 884 Sed

482 945 605 984 cum
654 930 769 983 haec
813 927 880 980 ad
917 924 1303 980 catholicorum
1333 936 1525 976 manus
1553 921 1888 985 advenerint,
1914 920 2056 975 beati

483 1019 633 1074 Pauli
663 1018 933 1087 praecedat
952 1015 1238 1076 sententia,
1258 1011 1449 1066 Omnia
1472 1021 1646 1064 autem
1669 1010 1903 1080 probate,
1918 1008 2057 1079 quod

485 1108 674 1162 bonum
700 1116 772 1160 est
802 1115 983 1159 tenete.
1016 1105 1089 1158 De
1113 1101 1306 1155 Ruﬁno
1327 1101 1416 1169 qui
1445 1099 1671 1170 plurima
1707 1097 1785 1167 (In
1815 1096 1900 1149 ed.
1930 1096 2053 1150 add.

484 1197 770 1268 expositio)
814 1197 1002 1260 edidit,
1037 1194 1094 1247 S.
1128 1194 1484 1262 liieronymus
1529 1205 1652 1244 eum
1709 1190 1763 1242 in
1793 1188 2056 1257 aliquibus

483 1291 550 1344 de
577 1289 788 1344 arbitrii
816 1288 1064 1341 libertate
1091 1284 1324 1347 notavit;
1364 1283 1452 1336 illa
1475 1281 1758 1343 sentimus,
1783 1295 1901 1349 qua:
1922 1293 2058 1348 pra:-

482 1380 686 1438 dictum
712 1379 1097 1448 Hieronymum
1123 1375 1322 1430 sentire
1345 1373 1689 1442 cognovimus
1721 1389 1732 1424 :
1762 1380 1816 1426 et
1840 1386 1942 1424 non
1967 1386 2055 1425 so-

482 1469 594 1524 lum
621 1471 687 1524 de
712 1468 928 1533 Ruﬁno,
954 1469 1046 1522 sed
1075 1468 1238 1521 etiam
1267 1465 1332 1519 de
1357 1464 1605 1518 omnibus
1636 1477 1770 1532 quos
1799 1463 1911 1532 ipse
1938 1462 2057 1531 (Hic

483 1571 696 1626 quoque
737 1565 799 1609 ut
846 1554 1030 1625 supra)
1072 1556 1186 1609 zelo
1213 1554 1308 1607 Dei
1331 1562 1386 1606 et
1411 1553 1534 1605 ﬁdei
1573 1551 1828 1622 religione
1876 1567 2058 1620 repre-

481 1649 687 1704 bendit.

782 1739 962 1792 Canon
992 1737 1437 1806 Carthaginensis,
1468 1733 1494 1773 δ
1525 1749 1632 1787 a'ra
1661 1731 1752 1786 24.

555 1843 580 1871 ε
605 1830 790 1886 Liceat
840 1830 1002 1883 etiam
1050 1828 1228 1897 legere
1271 1826 1552 1894 passiones
1581 1831 1898 1892 martyrum,
1929 1834 2050 1873 cum
2085 1807 2130 1867 Β

481 1921 837 1976 anniversarii
863 1920 979 1973 dies
1001 1933 1188 1972 eorum
1212 1915 1571 1970 celebrantur.

1107 2027 1332 2082 CAPUT
1375 2026 1436 2080 V.

483 2142 550 2181 UT
588 2139 687 2179 PER
726 2137 974 2178 SINCIIIDS
1008 2135 1173 2175 ANNOS
1209 2133 1439 2172 SYNODUS
1477 2131 1558 2170 BlS
1595 2131 1719 2169 ῙιΊᾹτ
1759 2131 1773 2168 2
1805 2129 1884 2185 ,ΕΤ
1920 2129 2052 2176 QUA-

973 2207 1133 2246 LITER
1161 2203 1556 2243 DENUNTIETUR.

899 2282 916 2320 ί
951 2278 1132 2334 Canon
1171 2278 1377 2331 Nicwni
1407 2275 1632 2330 concilii.

553 2375 581 2416 ⁸
609 2373 713 2428 Per
733 2371 971 2442 singulos
991 2384 1179 2433 annos,
1209 2369 1261 2421 in
1291 2366 1514 2436 singulis
1549 2363 1863 2436 provinciis,
1890 2361 2050 2434 [Add.

477 2463 735 2536 secundo]
771 2465 839 2516 ab
888 2462 1138 2516 omnibus
1185 2459 1448 2528 episcopis
1477 2459 1559 2512 bis
1588 2455 1816 2510 concilia
1851 2453 1935 2524 agi
1962 2452 2056 2506 de-

476 2557 642 2610 bere:
670 2562 724 2608 et
749 2569 779 2608 a
805 2550 1344 2622 comprovincialibus
1370 2549 1435 2601 de
1480 2543 1845 2614 hujuscemodi
1894 2555 2056 2610 nego-

475 2643 567 2699 tiis
584 2641 850 2711 iudicari;
876 2648 934 2693 ut
955 2639 1002 2692 si
1031 2637 1169 2692 forte
1193 2636 1260 2690 ab
1285 2651 1391 2690 uno
1434 2636 1613 2704 inique
1654 2641 1860 2704 gestum
1891 2638 1993 2693 est,
2024 2644 2055 2682 a

473 2735 685 2790 caeteris
718 2732 1036 2789 emendetur
1079 2748 1090 2783 :
1135 2731 1182 2783 si
1239 2735 1401 2789 recte,
1454 2725 1521 2780 ab
1571 2724 1818 2779 omnibus
1860 2721 2058 2778 conﬁr-

480 2829 676 2878 metur.

777 2886 961 2944 Canon
985 2883 1440 2948 Chalcedonensis,
1470 2882 1499 2922 ιι
1531 2897 1639 2936 tera
1666 2879 1755 2934 20.

555 2983 571 3022 ί
601 2979 672 3036 Ut
688 2995 786 3050 per
807 2975 1043 3048 singulas
1070 2973 1398 3046 provincias,
1432 2972 1802 3042 episcoporum
1830 2969 2054 3025 concilia

545 3125 572 3154 ι
599 3111 656 3166 In
683 3109 768 3165 ed.
801 3108 922 3164 add.
954 3105 1218 3178 expositio
1256 3117 1376 3174 qum
1420 3103 1602 3158 forsan
1647 3103 1700 3158 in
1734 3119 1904 3174 marg.
1935 3112 2053 3157 tan-

477 3191 591 3239 tum
619 3189 738 3236 erat
760 3179 980 3246 scripta.

549 3253 577 3292 b
593 3250 651 3304 In
671 3249 756 3304 ed.
788 3242 905 3303 ista:
929 3246 1210 3315 scripturze
1232 3252 1494 3315 vocantur
1515 3242 1728 3297 novella:
1750 3243 2048 3315 relationes.

476 3322 536 3378 In
562 3321 732 3374 altera
761 3317 968 3372 collect.
1001 3312 1122 3370 cod.
1152 3315 1303 3379 Her.,
1330 3313 1601 3384 religiones
1626 3312 1837 3384 novella:
1876 3314 1941 3367 de
1966 3315 2050 3368 in-

475 3391 708 3446 ventione
734 3389 903 3441 crucis
917 3385 1226 3449 Dominicw,
1244 3383 1472 3453 quarum
1497 3383 1871 3453 scilicetinullo
1894 3385 2051 3439 modo

477 3459 724 3514 meminit
749 3457 1012 3511 Eusebius
1041 3473 1052 3507 :
1083 3455 1206 3508 licet
1224 3452 1286 3508 ex
1314 3453 1661 3523 relationibus
1685 3452 1862 3508 dubiis
1891 3454 2050 3523 paulo

473 3538 596 3603 post
603 3527 851 3603 emersis
879 3534 1127 3603 auctores
1151 3538 1263 3577 rem
1293 3522 1648 3603 diversin‘iode
1678 3522 1977 3603 retulerim.

547 3612 569 3640 ο
603 3597 774 3652 Porro
821 3597 887 3649 de
931 3595 1236 3648 inventione
1281 3593 1472 3661 capitis
1512 3590 1735 3646 Joannis
1785 3592 2041 3661 Baptistae

473 3668 670 3738 legitur
699 3667 752 3738 i_n
771 3664 1022 3738 operibus
1055 3663 1112 3716 S.
1145 3662 1394 3738 Cypriani
1429 3669 1898 3738 tractatus,_queru
1921 3664 2043 3738 qui-

475 3729 899 3806 etinqueilegérit
929 3747 1034 3786 non
1057 3729 1452 3806 essepypriani
1475 3729 1832 3806 sta_tim__ultro_
1861 3729 2052 3787 fatebi-

475 3814 583 3861 tur.
601 3798 823 3880 ’νίας-ἴῃ
856 3804 1136 3880 haberem
1179 3798 1502 3880 [hosper-um
1543 3798 2051 3880 iu..Chronico,-au-

476 3883 682 3929 ctorem
705 3871 955 3926 Chronici
982 3868 1348 3929 Alexandrini,
1384 3869 1750 3924 Marcellinum
1795 3873 2048 3926 comitem

475 3945 532 4001 in
560 3943 844 3998 Chronico.
875 3941 980 3996 Sed
1005 3941 1146 3994 inter
1187 3949 1409 3994 eceteros
1439 3940 1796 3994 Sozomenuin
1826 3941 1918 3994 lib.
1949 3957 2046 4007 vn,

473 4024 593 4084 cap.
623 4013 714 4076 2|,
743 4026 849 4084 una
875 4026 997 4084 cuin
1022 4009 1164 4064 notis
1189 4009 1289 4062 viri
1315 4011 1382 4064 cl.
1414 4009 1478 4062 Η.
1526 4010 1744 4084 Yalesii,
1790 4011 2048 4084 et__lnira-

472 4079 640 4161 beris,
665 4089 725 4136 ut
753 4081 867 4161 ipse
891 4080 1161 4161 admonet,
1216 4086 1420 4133 tantam
1459 4079 1785 4161 scriptorum
1828 4079 2042 4161 disere-

475 4153 738 4224 pantiam.
771 4149 847 4224 De
871 4151 1083 4224 caeteris
1111 4163 1230 4224 qua;
1251 4157 1541 4224 supersunt
1573 4149 1626 4203 in
1652 4149 1914 4224 Adecretali
1932 4151 2050 4224 _t_ri_a

473 4219 682 4278 tantum
703 4221 1126 4275 animadvertam
1160 4237 1171 4272 :
1207 4219 1262 4289 1ο
1295 4219 1611 4289 Ubicunque
1650 4219 1704 4289 in
1736 4219 1895 4274 editis
1915 4221 2049 4275 dici-

472 4299 563 4347 tur
593 4291 828 4347 Ecclesia
858 4289 1150 4353 Catholica,
1199 4287 1497 4359 Apostolica
1525 4287 1590 4342 ἐι
1639 4288 1896 4354 Romana,
1947 4290 2050 4346 hoc

471 4361 791 4416 vocabulum
818 4359 1053 4413 Romana
1079 4359 1268 4414 abesse
1289 4359 1358 4413 ab
1385 4359 1759 4429 antiquissima
1781 4375 2048 4415 canonum

470 4431 806 4502 collectione.
837 4431 894 4502 go
922 4429 1142 4482 Librum
1173 4429 1263 4498 qui
1291 4429 1350 4502 in_
1372 4430 1457 4483 ed.
1486 4437 1712 4502 vocatur
1751 4432 2043 4502 apocryph.

467 4501 572 4557 sub
616 4500 771 4555 titulo
830 4498 1102 4560 (Iunonum
1151 4497 1500 4568 apostolorum
1551 4500 1605 4552 in
1659 4497 1886 4568 utraque
1917 4497 2045 4555 'eol-
2075 4505 2126 4567 ι)

470 4569 698 4627 lectione
740 4571 880 4624 inter
916 4568 1248 4637 apocryphas
1278 4568 1580 4637 scripturas
1608 4583 1714 4622 non
1745 4572 2038 4636 recenseri,

469 4641 608 4695 sicut
630 4641 684 4692 in
705 4643 824 4695 cod.
855 4637 958 4692 viri
984 4637 1051 4692 el.
1075 4637 1305 4708 Justelli.
1331 4637 1440 4692 Nec
1459 4652 1556 4692 suo
1586 4646 1825 4708 tempore
1851 4657 2043 4695 recen-

468 4709 632 4762 situm
659 4708 825 4763 fuisse
869 4709 944 4762 ita
984 4716 1212 4761 testatur
1257 4707 1580 4763 llincmarus
1620 4707 1816 4776 Opusc.
1842 4727 1890 4764 c.
1923 4710 1993 4764 24
2025 4728 2039 4764 :

475 4794 507 4847 ε
528 4777 631 4847 sed
659 4785 715 4847 et
741 4779 930 4831 beatus
976 4776 1224 4832 Gelasius
1271 4777 1323 4830 in
1368 4778 1635 4847 catalogo,
1669 4779 1760 4847 qui
1804 4779 1926 4834 libri
1974 4781 2042 4835 ab

469 4845 708 4900 Ecclesia
741 4848 1085 4915 recipiantur,
1117 4847 1183 4899 de
1225 4847 1308 4900 his
1341 4845 1704 4916 apostolorum
1735 4848 2043 4904 Canonibus

471 4916 657 4977 tacuit,
675 4917 793 5000 [sed
806 4931 904 4968 nec
920 4916 1065 5000 inter
1095 4919 1397 4996 apocrypha
1418 4933 1511 5000 eos
1530 4919 1712 5000 misit...
1735 4938 1764 5000 ι.
1780 4919 1836 4972 5°
1857 4919 2042 5000 Neque

467 4983 723 5054 opuscula
752 4983 1062 5058 Tertulliani
1087 4983 1235 5052 inter
1259 4983 1568 5058 apocrypha
1618 4987 1767 5058 rejici
1799 5005 1811 5042 :
1845 4983 2042 5044 rectius

467 5053 598 5126 sane
619 5067 781 5126 quam
808 5053 861 5105 in
888 5053 1066 5126 editis,
1096 5067 1216 5126 cum
1258 5053 1636 5126 Hieronymus,
1669 5053 1822 5126 cujus
1843 5058 2042 5125 iudicia

467 5124 604 5197 mire
629 5121 917 5197 laudantur
945 5137 974 5174 a
1016 5121 1259 5197 Gelasio,
1298 5125 1363 5197 de
1402 5121 1532 5197 ipsis
1572 5128 1646 5181 ita
1677 5121 1961 5197 scripserit
1987 5129 2041 5182 in

464 5193 710 5280 catalogo
749 5192 1084 5280 scriptorum
1134 5192 1640 5280 ecclesiasticorum.
1689 5216 1712 5278 ε
1739 5192 1894 5280 _V’idi
1941 5213 2041 5280 ego

465 5259 752 5333 quemdam
778 5259 1020 5336 Paulum
1045 5259 1377 5336 Coucordire,
1423 5266 1564 5336 quod
1593 5267 1846 5336 oppidum
1877 5259 2042 5324 italiae

462 5329 566 5397 est,
596 5347 782 5387 senem
807 5331 896 5400 qui
924 5346 982 5402 se
1006 5331 1150 5402 beati
1183 5329 1457 5401 Cypriani‘
1482 5333 1594 5402 jam
1621 5329 1840 5402 grandis
1865 5340 2042 5395 aetatis

464 5403 756 5465 notarium,
781 5415 902 5454 cum
931 5401 1355 5470 ipseradmodum
1371 5401 1840 5460 essetadoleseens
1856 5407 2041 5464 Roma:

462 5471 665 5546 vidisse
716 5469 1284 5546 diceret,’referreque
1331 5472 1433 5546 sibi
1482 5474 1720 5546 solitum,
1764 5492 2040 5546 nunquam

461 5539 790 5610 Cyprianum
819 5539 1022 5610 absque
1047 5540 1361 5610 Tertulliani
1411 5540 1639 5597 lectione
1685 5560 1848 5599 unam
1896 5539 2040 5602 diem

462 5609 764 5687 prieterisse
778 5624 792 5662 :
807 5624 872 5687 ac
893 5611 992 5687 _s_ibi
1006 5611 1217 5687 crebro
1227 5609 1407 5667 dicere
1427 5627 1440 5665 :
1467 5612 1548 5668 Da
1560 5615 1887 5687 magistrum,
1911 5617 2042 5672 Ter-

466 5674 745 5749 tulliapum
771 5678 1019 5749 videlicet
1047 5679 1372 5749 signiﬁcans.
1415 5702 1432 5735 ι

535 5743 564 5819 ἐ
594 5742 757 5800 Cone.
789 5745 977 5805 Cartb.
1007 5742 1166 5816 tufe.
1193 5749 1282 5806 47.

1339 356 1658 415 CANONES
1697 355 1980 413 SELECTI
2019 351 2112 409 EX
2151 353 2304 410 VET.
2347 354 2501 411 CAN.
2543 353 2874 412 COLLECT.

2082 469 2132 528 Α
2160 467 2326 522 semel
2343 483 2441 538 per
2466 468 2682 522 tertiam
2707 465 3100 522 hebdomadam
3130 465 3254 522 festi
3296 465 3570 537 paschalis
3597 485 3608 522 :
3637 482 3722 525 se-

3625 356 3723 412 996

2159 560 2334 614 eundo
2355 576 2425 613 xv
2446 561 2533 615 die
2564 560 2764 614 mensis
2793 558 3042 614 Octobris
3069 573 3168 629 per
3188 557 3429 628 singulos
3455 574 3620 615 annos
3637 575 3722 616 ee-

2156 647 2446 704 lebrentur.

2516 739 2696 796 Conon
2719 740 3160 804 Aurelianensis,t
3197 755 3305 793 tera
3338 739 3386 792 Ι.

2228 851 2381 919 Quod
2434 851 2479 906 si
2522 852 2662 906 intra
2704 852 3000 916 biennium,
3053 849 3308 903 divinitus
3340 847 3492 920 [Ad.,
3527 857 3721 921 tempo-

2155 942 2300 1016 rum]
2322 943 2709 1012 tranquillitate
2750 957 3027 1006 concessa,
3072 941 3359 996 admonitis
3399 945 3723 1011 comprovin-

2157 1033 2385 1089 cialibus
2407 1050 2438 1087 a
2467 1034 2882 1104 metmpolitano
2911 1034 3148 1104 synodus
3186 1033 3387 1088 indicta
3418 1049 3523 1089 non
3551 1034 3719 1101 fuen't,

2156 1123 2601 1195 metrOpolitanus
2649 1125 2760 1195 ipse
2805 1139 2902 1193 pro
2932 1122 3262 1177 evocationis
3301 1122 3555 1177 tarditate
3593 1138 3720 1181 anno

2157 1215 2366 1286 integro
2419 1216 2614 1270 missas
2658 1215 2838 1270 facere
2868 1229 2974 1268 non
3022 1221 3330 1284 praesumat.
3361 1213 3514 1280 Quod
3537 1215 3582 1269 si
3610 1231 3722 1271 evo-

2156 1307 2260 1360 cati
2279 1306 2422 1359 nulla
2440 1306 2705 1376 corporali
2727 1305 3040 1360 inﬁrmitate
3063 1305 3260 1358 detenti
3283 1305 3473 1360 adesse
3492 1307 3721 1378 neglexe-

2159 1396 2265 1451 rint
2292 1396 2409 1468 [sua
2432 1397 2692 1452 abusione
2718 1396 3111 1469 despexerint],
3135 1397 3293 1452 simili
3317 1400 3594 1454 sententia:
3608 1401 3720 1455 sub-

2149 1487 2424 1556 jacebunt.
2445 1487 2471 1526 κ
2500 1487 2556 1540 In
2581 1486 2823 1557 synodali
2853 1495 3116 1542 conventu
3141 1487 3374 1557 primum
3396 1489 3720 1560 deliniriquc

2157 1576 2248 1629 Dei
2279 1584 2422 1640 sunt,
2449 1575 2788 1645 postmodum
2817 1577 3072 1630 humana.

2493 1663 2675 1718 Canon
2693 1666 3093 1729 Aurasicorum,
3122 1663 3143 1704 ὶ
3173 1683 3281 1720 trra
3302 1665 3392 1722 98.

2228 1751 2300 1806 Ut
2347 1751 2524 1806 nullus
2556 1749 2876 1808 conventus
2904 1753 3179 1824 synodalis
3231 1754 3409 1827 [Deest
3462 1757 3720 1827 synodalis

2157 1842 2210 1895 in
2245 1841 2422 1915 editis]
2451 1843 2568 1898 sine
2623 1843 2846 1899 alterius
2875 1854 3172 1902 conventus
3201 1847 3603 1906 denuntiatione
3630 1850 3723 1906 sol-

2157 1939 2335 1984 vatur.

3541 746 3577 758 υ

2612 2021 2795 2080 Canon
2815 2021 3197 2081 luArvernensis
3225 2027 3274 2082 l.

2225 2133 2445 2202 Quoties
2464 2143 2650 2190 sancta
2673 2137 2909 2207 synodus
2932 2148 3310 2211 congregatur,
3327 2141 3505 2197 nullus
3523 2143 3714 2214 episeo-

2153 2237 2346 2294 porum
2375 2223 2478 2277 alia
2505 2233 2533 2261 υ
2568 2239 2757 2296 gerere
2786 2227 3004 2293 audeat,
3031 2243 3193 2299 quam
3219 2244 3282 2283 ea
3307 2245 3430 2300 qua:
3454 2231 3519 2285 ad
3546 2247 3720 2286 emen-

2154 2313 2425 2368 dationem
2458 2315 2597 2380 vitae,
2622 2323 2678 2369 et
2699 2317 3043 2372 severitatem
3093 2319 3289 2390 regula:
3321 2321 3404 2376 vel
3431 2322 3622 2378 animae
3648 2337 3720 2378 re-

2155 2405 2388 2460 medium
2420 2407 2709 2476 pertinent,
2738 2408 2993 2464 ﬁniantur
3025 2419 3069 2463 υ.

2687 2537 2777 2591 EX
2823 2536 3070 2594 CAPITE
3120 2539 3206 2595 VI.

2211 2662 2410 2710 QUALES
2450 2664 2516 2703 AD
2556 2664 2748 2704 SACROS
2781 2665 3008 2705 ORDINES
3046 2666 3239 2706 ΥΕΝῙΒΕ
3279 2668 3383 2709 NON
3423 2669 3666 2712 ιδοεεσιστ.

2581 2760 2764 2816 Canon
2795 2761 3068 2829 Nica’nus,
3110 2780 3218 2818 tera
3262 2765 3312 2819 l.

2229 2886 2256 2926 P
2278 2874 2356 2930 Ne
2381 2877 2504 2945 quis
2528 2890 2592 2929 ex
2617 2875 2726 2940 his,
2756 2875 2845 2944 qui
2888 2877 3206 2947 semetipsos
3247 2879 3577 2948 impatientia
3614 2882 3720 2938 libi-

2156 2965 2298 3022 dinis
2328 2966 2698 3032 absciderunt,
2723 2967 2905 3022 veniat
2929 2967 2996 3022 ad
3023 2967 3247 3023 clerum.

2233 3113 2254 3140 ο
2279 3101 2377 3155 llic
2398 3115 2569 3176 canon
2589 3099 2747 3176 vulgo
2770 3099 3110 3176 subjungitur
3126 3099 3180 3154 in
3193 3099 3281 3176 _ed.
3302 3102 3452 3176 velut
3469 3105 3714 3176 appendix

2075 3163 2122 3226 C
2155 3171 2222 3225 ad
2239 3186 2364 3246 can.
2389 3170 2479 3234 44,
2510 3184 2659 3246 couc.
2684 3163 2944 3246 Carthag.
2967 3163 3068 3246 vin;
3115 3172 3208 3226 sed
3237 3171 3486 3246 collectio
3505 3163 3720 3246 'a'ntiqua

2156 3241 2274 3295 cod.
2307 3240 2433 3294 Her.
2463 3239 2747 3294 conﬁrmat
2772 3240 2825 3293 id
2854 3237 2995 3308 quod
3012 3237 3126 3307 jam
3154 3256 3183 3294 a
3219 3242 3351 3296 viris
3383 3245 3560 3300 doctis
3587 3237 3723 3300 no'ta-

2158 3318 2270 3364 tum
2293 3319 2402 3389 _e_s_t,
2427 3310 2691 3389 incertis
2732 3311 3082 3389 conciliorum
3131 3311 3288 3389 libris
3327 3313 3435 3367 dici
3477 3315 3718 3389 Carthag.

2154 3380 2365 3456 concilii
2389 3380 2682 3456 capitulum
2704 3379 3020 3456 vigesimum
3043 3387 3316 3456 quartum.

2230 3450 2249 3488 ί
2283 3448 2468 3505 Canon
2489 3449 2521 3503 5
2546 3465 2698 3505 conc.
2731 3448 2847 3504 Nic.
2882 3465 2947 3504 ex
2976 3448 3423 3518 interpretatione
3452 3453 3649 3509 Ruﬁni.

2228 3521 2252 3559 ε
2275 3520 2379 3575 iste
2399 3535 2568 3574 canon
2593 3521 3052 3588 interpretationis
3067 3530 3148 3575 est
3163 3520 3339 3575 Ruﬁni
3359 3523 3451 3576 lib.
3474 3541 3514 3578 ιι
3537 3525 3714 3581 eecles.

2152 3590 2402 3666 Historia:
2429 3605 2547 3666 cap.
2582 3591 2644 3652 6;
2671 3589 2823 3666 cujus
2852 3592 3072 3666 can_onis
3118 3593 3382 3666 eamdem
3411 3592 3719 3666 interpreta-

2154 3662 2354 3715 tionem
2379 3660 2597 3715 adhibet
2627 3660 2910 3714 concilium
2940 3661 3181 3720 Reaense
3201 3677 3322 3716 can.
3355 3663 3410 3717 8.
3443 3660 3598 3720 Unde
3625 3665 3720 3720 col-

2151 3729 2240 3799 ligi
2270 3731 2430 3801 debet
2456 3729 2788 3801 collectionis
2813 3731 2933 3785 cod.
2985 3729 3113 3786 Her.
3160 3732 3480 3801 antiquitas,
3512 3736 3646 3790 sicut
3672 3737 3716 3789 in

2153 3799 2470 3870 prtefatione
2496 3800 2845 3870 ostendimus.

2222 3871 2249 3910 ιι
2279 3869 2411 3925 Can.
2453 3869 2603 3940 lQiin
2654 3869 2774 3924 aliis
2820 3870 3013 3940 interp.
3063 3886 3213 3926 conc.
3263 3871 3596 3931 Chalcedon.
3634 3889 3714 3930 nec

2152 3939 2370 4010 Dionys.
2405 3954 2504 4010 nec
2532 3939 2656 3994 Isid.

2229 4008 2574 4084 {Singularis
2610 4017 2704 4084 _es_t
2742 4009 2844 4084 illa
2889 4009 3288 4084 interpretatio,
3333 4012 3377 4066 si
3421 4022 3716 4084 spectentur

2149 4079 2293 4162 vulg.
2323 4079 2391 4134 et
2406 4079 2847 4162 D_i.o_nysii§.xigui
2870 4087 2923 4134 et
2949 4079 3138 4162 lsidori
3161 4079 3513 4162 interpretis!
3541 4085 3716 4162 quibus

2149 4095 2238 4134 vni
2280 4121 2293 4133 .
2323 4095 2379 4134 et
2406 4095 2643 4162 Dionysn
2663 4095 2847 4162 attigui
2870 4095 2923 4134 et
2949 4095 3138 4136 lsmort
3161 4095 3447 4152 interpret.
3479 4099 3509 4138 a
3541 4095 3714 4154 quibus

2149 4095 2377 4213 mtlﬁum
2424 4149 2621 4222 differt.
2656 4148 2858 4205 Similis
2883 4165 3013 4222 vero
3042 4161 3126 4206 est
3168 4153 3606 4222 interpretationi
3632 4168 3714 4209 ca-

2151 4234 2349 4274 nonum
2375 4235 2526 4294 conc.
2559 4217 2674 4274 Nic.
2698 4235 2860 4294 quam
2888 4219 3114 4294 Ruﬁnus
3165 4217 3334 4287 dedit;
3387 4223 3443 4276 id
3480 4233 3585 4294 est,
3611 4238 3715 4294 qua

2151 4303 2374 4360 sensum
2396 4291 2735 4360 potiusquam
2787 4292 2902 4360 ipsa
2939 4289 3104 4360 verba
3151 4302 3528 4360 repraesentat.
3561 4289 3714 4349 Ροίτο

2151 4360 2236 4430 bis
2256 4369 2311 4414 et
2337 4359 2599 4414 similibus
2622 4359 3155 4430 interpretationibus
3183 4359 3478 4417 utebantur
3505 4364 3710 4426 macilia

2151 4429 3064 4501 Gallicana,antetemporaCaroli
3107 4431 3304 4501 Magni,
3337 4433 3537 4500 quibus
3564 4435 3711 4490 inme

2148 4500 2380 4572 pretatio
2402 4498 3089 4572 Dionysiana'apudﬁallos
3112 4498 3331 4572 recepta
3353 4498 3459 4557 est.

2221 4570 2236 4620 i
2276 4569 2439 4624 Cone.
2469 4568 2652 4622 Aurel.
2680 4586 2762 4634 ιιι,
2783 4568 2842 4625 ίο.
2877 4568 2926 4621 7.

2219 4640 2246 4678 ιι
2277 4639 2345 4693 1η
2384 4639 2645 4708 synodali.
2691 4640 2756 4693 Et
2806 4647 3004 4693 caetera
3061 4638 3442 4696 desiderantur
3467 4643 3522 4698 in
3546 4639 3706 4698 editis.

2147 4711 2346 4766 Verum
2369 4724 2470 4779 pro
2498 4709 2583 4763 bis
2618 4709 3144 4780 substituuntnralia
3174 4726 3292 4780 qua:
3323 4711 3397 4764 ita
3421 4712 3704 4768 habentur:

2151 4799 2169 4830 ι
2207 4780 2307 4846 Qui
2334 4788 2512 4834 tamen
2540 4788 2595 4832 et
2638 4780 2776 4834 hanc
2800 4779 3206 4834 excusationem
3234 4779 3337 4833 sibi
3367 4784 3583 4836 noverit
3606 4796 3701 4835 ess.

2144 4851 2430 4913 sublatam,
2459 4850 2502 4903 si
2531 4849 2829 4903 absentiam
2879 4864 3030 4902 suam
3061 4849 3324 4904 divisione
3363 4853 3530 4906 sortis
3554 4850 3709 4906 credi-

2143 4919 2322 4975 derint
2339 4920 2720 4975 excusandam.
2760 4938 2778 4968 ι
2812 4917 2918 4972 Sed
2967 4933 3090 4972 eum
3117 4920 3198 4973 vir
3228 4919 3296 4974 el.
3322 4918 3372 4973 J.
3407 4921 3706 4976 Sirmondns

2143 4991 2307 5060 quiin
2337 4991 2471 5044 alios
2497 5003 2732 5060 canones
2779 4987 3061 5060 minimam
3077 4991 3376 5060 verborum
3411 4993 3706 5060 discrepan-

2145 5059 2273 5114 tiam
2306 5059 2714 5121 diligentissime
2761 5059 2990 5121 notavit,
3036 5058 3262 5113 nihilad
3310 5059 3457 5114 hunc
3485 5058 3706 5115 animad-

2142 5130 2384 5210 verterit,
2406 5127 2574 5210 liquet
2600 5129 2769 5208 istam
2805 5127 3174 5210 collectionem
3199 5128 3626 5198 antiquissimam
3646 5129 3704 5183 ab

2143 5199 2259 5269 ipso
2287 5215 2392 5254 non
2412 5198 2578 5253 fuisse
2595 5198 2978 5269 examinatam.

2223 5268 2238 5307 ¹
2266 5269 2430 5324 Cone.
2455 5267 2773 5326 Aransicani
2804 5284 2820 5321 t
2851 5283 2971 5322 can.
3000 5268 3090 5322 29.

2215 5350 2254 5378 ω
2270 5337 2472 5393 Concil.
2507 5337 2679 5393 celeb.
2707 5353 2848 5391 anno
2870 5336 3072 5392 Christi
3092 5336 3196 5394 803
3219 5337 3407 5393 titulus
3438 5339 3604 5394 docet.

2213 5418 2242 5447 ιι
2271 5408 2328 5478 ln
2357 5406 2728 5478 ed.,7aliqu4am
2757 5408 2902 5476 prius
2932 5423 3152 5478 causam
3170 5425 3446 5478 suggerere
3471 5409 3670 5462 adeat.

2215 5485 2241 5514 ο
2267 5476 2814 5558 _Ij‘iant._L.eg.hlvo,_p.
2840 5492 2958 5539 νιιι,
2985 5491 3109 5558 cap.
3135 5477 3255 5532 168.

2215 5559 2243 5599 ι³
2268 5547 2340 5600 Ea
2385 5555 2471 5602 est
2514 5545 2695 5601 Ruﬁni
2739 5545 3133 5616 interpretatio,
3185 5561 3307 5617 quze
3330 5561 3360 5600 a
3387 5548 3587 5604 ueteris
3607 5559 3696 5617 sua

2141 5619 2406 5674 brevitate
2425 5617 2695 5686 discrepat
2722 5634 2734 5669 :
2764 5615 3102 5686 qua’eadem
3129 5615 3215 5686 uti?
3235 5617 3480 5672 solebant
3517 5615 3693 5686 synodi

2142 5685 2629 5758 Callicanaa._Un_de
2657 5685 2893 5758 synodus
2913 5685 3247 5741 Arelatensis
3274 5703 3335 5750 ιι,
3359 5685 3693 5758 οςιιιεῖζιιυιιο

2143 5771 2404 5816 canonem
2432 5754 2872 5814 similiter'rel‘ert
2925 5771 2991 5812 ex
3023 5771 3214 5828 magna
3244 5758 3446 5827 synodo
3470 5755 3684 5814 Nicena.
