3928 6178
406 296 519 354 999

733 400 916 460 Canon
940 412 965 441 ε
998 399 1378 462 Romanorum,
1409 414 1516 451 wra
1542 395 1574 451 5
1602 397 1650 449 ι’.

476 508 499 537 ο
527 494 637 551 llos
664 500 923 562 praeterea
950 492 1042 558 qui
1071 487 1384 542 smcularem
1409 488 1586 557 adepti
1615 495 1938 557 potestatem
1963 529 1977 553 ,

401 587 566 659 hujus
594 585 745 658 [Ed.,
769 580 880 653 jus]
912 580 1093 636 smculi
1119 579 1750 656 erercueruntlncgotia,
1783 580 1981 633 immu-

402 694 499 735 nes
540 694 569 730 a
608 680 830 745 peccato
856 685 975 726 esse
1002 684 1109 723 non
1153 682 1310 738 posse
1346 667 1689 737 perspicuum
1715 674 1817 721 est.
1847 667 1981 721 Dum

400 769 546 824 enim
570 764 777 837 gladius
813 764 1076 823 exeritur,
1109 767 1204 812 aut
1227 757 1491 827 judicium
1522 755 1651 828 [Ed.
1680 756 1832 823 add.,
1856 771 1986 811 con-

401 856 594 929 fertur]
623 854 900 924 injustam,
926 861 1021 906 aut
1040 859 1309 906 tormenta
1330 857 1656 904 exercentur
1678 846 1805 919 [Et].
1832 848 1983 914 add.,

401 968 500 1023 pro
522 949 843 1006 necessitate
868 941 1198 1014 causarum],
1224 950 1318 996 aut
1339 940 1690 995 saecularibus
1712 955 1770 993 se
1794 937 1982 1010 [Edd.,

402 1037 607 1109 curam]
641 1037 897 1092 exhibent
937 1031 1317 1101 voluptatibus.
1360 1028 1525 1099 [Edd.
1572 1028 1724 1093 add.,
1761 1029 1989 1099 Propter

402 1131 516 1186 haec
555 1125 759 1198 omnia]
802 1125 866 1179 Hi
915 1124 1049 1179 tales
1075 1122 1304 1177 multum
1333 1120 1434 1175 sibi
1479 1128 1755 1189 prtestant,
1789 1121 1834 1175 si
1876 1121 1990 1191 epi-

402 1226 680 1289 scopatum
728 1231 833 1269 non
863 1213 1117 1268 aii‘ectent
1137 1252 1152 1276 ,
1180 1211 1273 1266 sed
1301 1210 1327 1249 ἀ
1354 1218 1575 1281 agentes
1607 1211 1988 1279 ptenitentiam

400 1315 716 1365 mereantur
742 1313 892 1361 certo
919 1312 1161 1372 tempore
1196 1299 1364 1373 [Edd.
1397 1297 1546 1364 add.,
1575 1298 1817 1372 impleto]
1856 1299 1991 1354 alta-

404 1397 557 1453 ribus
580 1394 799 1451 sociari.

744 1503 923 1558 Canon
951 1500 1345 1563 Aurasicorum,
1373 1513 1483 1552 tera
1505 1496 1575 1551 24
1601 1507 1645 1551 ο.

477 1600 553 1654 De
580 1596 789 1652 idoneis
818 1602 871 1649 et
894 1590 1293 1663 probatioribus
1322 1587 1455 1659 viris
1482 1587 1501 1626 τ
1530 1587 1579 1642 si
1616 1585 1756 1640 forte
1786 1584 1991 1641 incide-

408 1691 519 1747 rint
541 1687 808 1758 duplicata
839 1681 1207 1744 matrimonia,
1234 1694 1340 1733 non
1367 1677 1511 1732 ultra
1542 1676 1988 1731 subdiaconatum

409 1775 803 1837 ecclesiasticas
833 1772 1046 1841 capiant
1076 1769 1384 1840 dignitates.

886 1885 912 1923 8
945 1880 1127 1936 Canon
1165 1878 1523 1933 Taurinensis.

482 1996 666 2065 Neque
693 1995 783 2065 qui
810 2001 932 2065 post
955 1992 1283 2061 baptismum
1303 2004 1498 2045 causas
1518 1997 1746 2060 egerunt
1771 1996 1865 2043 aut
1886 1988 1983 2043 ad-

409 2088 869 2149 ministraverant,
904 2098 1077 2153 neque
1108 2098 1175 2136 ex
1199 2081 1524 2145 curialibus,
1550 2094 1725 2149 neque
1754 2078 1844 2149 qui
1871 2087 1991 2148 post

409 2179 735 2250 baptismum
763 2175 1003 2232 coronati
1040 2173 1257 2227 fuerunt
1280 2213 1294 2238 ,
1325 2171 1407 2226 vel
1447 2170 1810 2225 sacerdotium
1847 2169 1991 2239 quod

409 2269 609 2327 dicitur
636 2268 1062 2343 substinuerunt,
1090 2281 1191 2320 nec
1214 2263 1305 2333 qui
1331 2262 1596 2317 editiones
1627 2262 1870 2331 publicas
1906 2276 1994 2316 ce-

410 2361 708 2423 lebrarunt,
741 2360 915 2413 modis
935 2358 1186 2413 omnibus
1216 2363 1471 2411 caveatur
1498 2369 1565 2408 ne
1590 2369 1655 2409 ex
1686 2354 1771 2409 his
1809 2355 1874 2410 ad
1905 2369 1994 2409 or—

411 2452 592 2507 dinem
619 2449 1043 2505 ecclesiasticum
1072 2446 1263 2516 aliquis
1290 2446 1633 2515 provehatur.

816 2558 883 2612 In
911 2559 938 2598 h
968 2556 1185 2627 epistola
1210 2554 1398 2609 Leonis
1426 2571 1594 2626 papa'.

486 2672 597 2728 Nec
624 2687 717 2727 eos
740 2671 941 2741 passim
970 2671 1037 2724 ad
1058 2670 1305 2725 ordinem
1348 2685 1559 2725 sacrum
1588 2670 1710 2739 quis
1749 2670 1998 2725 admittat

416 2761 607 2837 [Edd.,
638 2761 996 2815 admittuntur
1021 2758 1270 2830 passim],
1300 2759 1494 2829 quibus
1524 2760 1671 2813 nulla
1700 2760 1957 2815 natalium
1977 2802 1990 2825 ,

418 2852 561 2909 nulla
590 2867 803 2907 morum
827 2850 1059 2922 dignitas
1090 2849 1416 2920 suffragatur
1441 2869 1453 2903 :
1487 2859 1541 2904 et
1566 2851 1658 2920 qui
1694 2866 1725 2905 a
1766 2851 1998 2908 dominis

486 2995 514 3024 ι
543 2983 640 3039 Vir
666 2981 732 3036 cl.
760 2980 809 3035 J.
836 2979 1151 3036 Sirmondus
1179 2997 1192 3032 :
1230 2999 1247 3031 ‹
1268 2980 1326 3035 In
1356 2980 1540 3034 codice
1568 2980 1881 3035 Fossatensi
1915 2980 1994 3036 di-

415 3053 556 3109 citur
579 3070 596 3123 :A
620 3050 861 3123 Synodus
898 3050 1251 3123 Romanorum
1295 3050 1362 3104 ad
1410 3047 1588 3104 Gallos
1633 3054 1837 3123 epfscop
1871 3068 1895 3104 s
1941 3058 1994 3105 et

414 3102 650 3204 £11511)qu
660 3102 883 3204 inedi,
912 3102 1377 3204 quiaiepist'olein
1404 3102 1610 3204 morem
1630 3102 1852 3204 .s'cr'i‘p‘la
1876 3102 1992 3201 est.
2019 3102 2069 3165 (ἶ

416 3190 475 3250 In
515 3190 892 3262 antiquissima
933 3207 1061 3245 vero
1107 3191 1423 3245 collectione
1469 3190 1673 3262 codicis
1731 3190 1996 3262 Pitboeani

415 3260 659 3319 Canoncs'
681 3260 1036 3315 Romanorum
1067 3262 1385 3331 simpliciter
1422 3260 1777 3329 appellantur.
1809 3260 1993 3331 Sicﬂin

455 3332 737 3387 uibusdam
784 3332 953 3385 codex
999 3331 1309 3385 Pithtnanus
1352 3331 1624 3385 consentit
1651 3345 1773 3383 cum
1809 3330 1997 3383 codice

416 3400 826 3464 IIerovalliano,
865 3401 918 3454 in
947 3402 1267 3470 quibuslam
1315 3415 1445 3455 vero
1493 3400 1614 3453 aliis
1668 3400 1994 3464 dissentire,

415 3488 482 3527 ex
513 3473 576 3542 iis
604 3487 722 3542 quae
744 3471 863 3542 jam,
889 3472 1247 3542 supracitata
1276 3470 1695 3542 sunttdignosci
1722 3477 1916 3542 potest.
1939 3488 1980 3542 __)

489 3542 517 3582 δ
546 3539 647 3610 Qui
674 3542 831 3610 vulgo
855 3540 1168 3610 inscribitur
1188 3556 1360 3610 canon
1387 3539 1453 3592 lO
1476 3547 1702 3594 vocatur
1726 3539 1760 3592 5
1789 3540 1842 3592 in
1870 3539 1993 3593 coll.

417 3610 538 3666 cod.
572 3608 635 3663 ll.
669 3625 734 3663 ac
757 3608 1005 3664 similiter
1033 3610 1087 3662 in
1111 3610 1294 3663 codice
1314 3609 1646 3673 Fossatensi,
1678 3616 1739 3662 ut
1762 3617 1999 3662 testatur

418 3680 503 3749 vir
524 3678 613 3749 _cl.
645 3676 692 3731 J.
725 3678 1061 3749 Sirmondus.
1089 3678 1160 3749 _ln
1196 3679 1280 3732 ed.
1314 3694 1377 3749 c.
1406 3679 1473 3749 10
1525 3678 1657 3749 Can.
1709 3679 1877 3749 Rom.
1905 3680 1997 3749 qui

421 3744 781 3814 subjiciuntur
822 3746 1062 3815 epistolis
1089 3747 1384 3801 Innocentii
1412 3747 1464 3801 in
1489 3748 1585 3800 ult.
1616 3748 1783 3801 Cone.
1816 3748 1902 3801 ed.

499 3826 520 3853 ο
559 3815 785 3870 Constat
804 3816 1208 3883 antiquissimos
1230 3832 1350 3871 esse
1374 3818 1472 3871 hos
1492 3831 1745 3871 canones.
1765 3817 1870 3872 Sed
1892 3833 2000 3887 quo

424 3894 668 3956 tempore
695 3894 750 3940 et
777 3902 808 3939 a
837 3900 942 3956 quo
967 3887 1170 3956 conditi
1199 3887 1308 3956 sint
1329 3926 1343 3949 ,
1375 3902 1480 3941 non
1510 3887 1851 3956 exploratum
1877 3903 1999 3943 esse

426 3954 630 4009 indicat
657 3963 820 4037 caput
849 3954 915 4008 70
939 3954 1066 4037 coll.
1098 3957 1215 4009 cod.
1249 3955 1337 4017 ll.,
1364 3956 1453 4010 ubi
1483 3954 1758 4037 catalogus
1788 3958 2001 4037 episco—

421 4038 612 4094 porum
640 4024 740 4095 qui
758 4024 1093 4095 supradictos
1121 4040 1353 4080 canones
1379 4024 1728 4080 confecerunt
1753 4024 1846 4080 aut
1868 4043 2001 4082 con-

423 4095 728 4160 ﬁrmarunt,
755 4095 957 4151 nullum
989 4095 1215 4150 istorum
1232 4103 1507 4150 auctorem
1536 4097 1907 4150 recenset.Vir
1930 4097 1998 4152 cl.

421 4162 472 4217 J.
511 4163 829 4236 Sirmondus
856 4171 1010 4235 putat
1035 4181 1140 4218 non
1178 4165 1391 4236 inanem
1436 4166 1667 4221 fortasse
1695 4166 2003 4236 opinionem

422 4247 579 4305 esse,
603 4234 657 4305 psi
687 4235 807 4305 quis
837 4234 1203 4305 Innocentium
1234 4234 1255 4288 1
1281 4236 1471 4289 horum
1511 4234 1786 4290 auctorem
1835 4234 2003 4291 fuisse

421 4301 925 4375 conjiciat.'\[erum
951 4304 996 4359 si
1027 4320 1133 4359 non
1160 4304 1476 4371 Innocentii,
1507 4305 1698 4360 saltem
1722 4305 1999 4375 cujusdam

396 4379 508 4443 ‘est
535 4374 723 4443 synodi
750 4374 1025 4437 Romanae,
1050 4390 1169 4443 qua:
1194 4375 1410 4429 decreta
1433 4376 1727 4431 Innocentii
1753 4374 2000 4431 attende-

1260 284 1579 342 CANONES
1620 284 1904 342 SELECTI
1944 286 2037 342 EX
2079 289 2231 346 VET.
2268 289 2424 347 CAN.
2464 289 2797 348 COLLECT.

3515 296 3658 365 tono

2020 400 2057 462 Α
2084 402 2197 456 suis
2224 401 2526 459 libertatem
2555 403 2812 473 consequi
2836 402 3058 458 minime
3082 412 3397 474 potuerunt,
3422 405 3492 461 ad
3510 407 3664 464 fasti-

2083 490 2229 560 gium
2253 494 2538 548 sacerdotii
2567 496 2580 534 ί
2613 493 2835 564 provehi
2863 509 2971 549 non
2997 495 3230 550 audeant
3257 496 3448 569 [Edd.,
3472 514 3668 569 prove-

2084 581 2329 655 buntur].
2360 581 2429 637 Et
2450 584 2718 652 quomodo
2746 598 2803 638 se
2835 586 3067 654 probare
3094 602 3252 656 posse
3278 587 3390 643 Deo
3432 592 3670 646 credun-

2086 678 2194 735 tur,
2224 671 2317 740 qui
2345 671 2575 726 domiuis
2596 673 2708 727 suis
2733 674 2962 729 necdum
2989 677 3205 745 probari
3236 677 3428 749 [Edd.,
3455 695 3516 735 se
3540 697 3673 753 pro-

2084 758 2238 831 bare]
2272 763 2599 831 potuerunt?
2639 763 2841 832 Duplex
2874 765 3057 834 itaque
3084 766 3138 821 in
3170 768 3273 822 hac
3303 779 3458 839 parte
3484 781 3674 829 reatus

2086 856 2170 902 est
2194 887 2209 914 ,
2248 848 2391 917 quod
2437 857 2489 904 et
2534 866 2748 906 sacrum
2777 854 3139 908 ministerium
3174 859 3432 913 consortii
3465 860 3672 917 vilitate

2085 940 2363 1009 polluitur,
2389 951 2444 996 et
2464 943 2804 999 dominorum
2829 943 2844 993 ἱ
2874 943 2998 1013 jura
3019 945 3323 1002 solvuntur.
3349 949 3433 1004 Ab
3460 950 3545 1006 his
3571 952 3676 1008 ila-

2087 1044 2211 1099 que,
2237 1030 2465 1097 fratres,
2491 1046 2681 1087 omnes
2709 1040 2903 1089 vestrae
2928 1036 3223 1105 provinciae
3250 1038 3560 1095 abstineant
3588 1056 3675 1097 sa-

2088 1121 2367 1186 cerdotes;
2396 1122 2423 1161 ι
2450 1123 2543 1177 sed
2573 1131 2629 1177 et
2657 1123 2725 1179 ab
2752 1124 2901 1189 aliis,
2930 1125 3021 1194 qui
3063 1126 3312 1196 originali
3354 1137 3453 1184 aut
3494 1130 3674 1201 aliqua

2089 1212 2394 1267 conditione
2434 1213 2657 1284 obligati
2703 1224 2831 1270 sunt
2862 1214 2906 1281 ι,
2937 1218 3040 1272 nisi
3088 1217 3229 1273 forte
3252 1236 3439 1275 eorum
3487 1224 3675 1291 petitio

2091 1302 2200 1376 [ΑΙ.
2237 1302 2363 1357 add.
2403 1311 2497 1358 aut
2519 1304 2790 1378 voluntas]
2832 1308 3125 1363 accesserit
3147 1349 3163 1376 ,
3193 1311 3286 1379 qui
3325 1311 3533 1381 aliquid
3572 1314 3672 1371 sibi

2090 1393 2147 1448 in
2180 1408 2273 1448 eos
2296 1393 2569 1449 vindicant
2591 1396 2896 1471 potestatis.
2928 1398 3097 1453 Debet
3125 1401 3272 1454 enim
3294 1417 3419 1457 esse
3448 1406 3519 1459 ab
3559 1405 3673 1461 aliis

2091 1487 2375 1553 immunis,
2427 1491 2518 1559 qui
2566 1489 2764 1544 divina:
2807 1491 3012 1547 militia:
3060 1491 3227 1548 fuerit
3275 1499 3670 1568 aggregandus.

2092 1588 2135 1617 ω
2158 1578 2226 1632 Et
2251 1588 2279 1615 ιι
2304 1594 2429 1634 cum
2458 1579 2749 1649 unicuique
2775 1580 3079 1636 constiterit
3117 1583 3312 1638 natalis
3340 1585 3594 1641 honestas
3621 1597 3677 1643 et

2091 1683 2302 1723 morum
2333 1709 2349 1736 ,
2403 1683 2526 1725 esse
2576 1669 2736 1725 debet
2789 1672 2930 1726 sacri
2984 1672 3167 1728 altaris
3225 1674 3527 1731 ministerio
3587 1693 3676 1734 so—

2020 1763 2064 1823 Β
2094 1757 2338 1813 eiandus.

2330 1849 2396 1905 In
2423 1858 2447 1885 ο
2477 1851 2693 1922 epistola
2718 1850 3012 1907 Innocentii
3038 1870 3209 1924 papa’,
3237 1871 3353 1927 cap.
3386 1854 3443 1910 2.

2159 1939 2589 1996 Catechumenus
2613 1942 2703 2012 qui
2732 1951 2857 1997 ante
2882 1944 3209 2012 baptismum
3239 1962 3465 2002 uxorem
3491 1948 3668 2011 duxit,

2090 2040 2144 2087 el.
2170 2041 2293 2103 post
2317 2034 2645 2103 hapzismum
2668 2035 2851 2101 aliam,
2882 2037 2951 2091 ad
2977 2038 3202 2106 gradum
3228 2041 3414 2093 venire
3452 2057 3563 2095 non
3592 2058 3684 2112 po-

2093 2131 2217 2178 test.
2243 2123 2396 2191 Quod
2440 2124 2487 2178 si
2530 2125 2651 2193 quis
2678 2123 2901 2193 objiciat
2943 2127 3088 2195 quod
3138 2128 3191 2182 in
3242 2129 3519 2197 baptismo
3559 2147 3684 2187 cum

2093 2215 2413 2270 criminibus
2457 2215 2709 2271 omnibus
2748 2225 2804 2271 et
2844 2216 2948 2272 hoc
2976 2218 3047 2271 sit
3077 2218 3381 2274 absolutum
3408 2234 3425 2274 :
3452 2220 3687 2277 interro-

2094 2317 2250 2379 getur
2275 2308 2319 2363 si
2346 2308 2523 2364 hocin
2545 2309 2813 2379 baptismo
2840 2311 3076 2366 abluitur
3096 2312 3241 2380 quod
3268 2323 3557 2380 peccatum
3583 2330 3687 2369 non

2094 2410 2212 2469 est,
2243 2402 2371 2457 dum
2414 2403 2613 2459 ducere
2642 2420 2867 2459 uxorem
2894 2403 3153 2460 Dominus
3195 2406 3480 2475 permisit,
3522 2406 3689 2462 etiam

2098 2492 2389 2549 Salomone
2417 2501 2647 2550 testante
2674 2494 2763 2563 qui
2792 2495 2865 2548 ait
2894 2513 2906 2547 :
2937 2493 2981 2545 A
3004 2493 3113 2547 Deo
3142 2504 3364 2563 paratur
3384 2496 3501 2549 viro
3534 2513 3687 2563 uxor,

2095 2594 2144 2638 et
2171 2585 2394 2637 maritus
2418 2585 2592 2637 uxori.
2625 2582 2692 2637 Et
2717 2584 2762 2638 si
2792 2591 2904 2639 tres
2935 2582 3183 2637 habuerit
3213 2583 3267 2637 in
3308 2587 3479 2639 veteri
3516 2586 3691 2641 homi-

2095 2691 2181 2739 ne,
2217 2674 2320 2729 erit
2359 2674 2408 2728 ei
2451 2689 2570 2743 quae
2598 2673 2652 2727 in
2682 2674 2952 2743 baptismo
2980 2681 3063 2728 est
3085 2683 3299 2743 quarta.
3340 2674 3475 2742 Quis
3498 2717 3515 2741 ,
3559 2692 3686 2744 oro,

2097 2764 2237 2819 istud
2265 2779 2371 2818 non
2400 2763 2542 2817 dicat
2565 2771 2754 2818 contra
2782 2763 3021 2834 Apostoli
3046 2764 3369 2819 sententiam
3394 2806 3410 2830 ,
3442 2767 3543 2835 qui
3573 2768 3684 2822 ait:

2099 2852 2268 2909 Unius
2291 2854 2474 2908 uxoris
2497 2853 2663 2907 virum
2693 2853 2759 2906 v?
2820 2872 2825 2877 '

2173 2984 2186 3038 i
2220 2987 2362 3069 add.
2395 2986 2449 3040 in
2470 2986 2555 3069 ed.
2580 2994 2837 3069 qaantum
2863 2984 2931 3038 ad
2972 2983 3170 3038 illicita:
3211 2985 3582 3055 usurpationis
3620 2998 3693 3043 to-

2100 3064 2392 3112 meritatem
2415 3064 2655 3126 pertinet.

2173 3128 2199 3166 ιι
2228 3127 2360 3180 Edd.
2396 3144 2407 3178 :
2435 3125 2501 3178 Et
2524 3142 2625 3177 non
2648 3132 2848 3177 tantum
2872 3124 2935 3177 ab
2965 3124 3045 3177 his
3064 3165 3077 3186 ,
3104 3124 3195 3178 sed
3238 3123 3301 3177 ab
3352 3123 3462 3179 illis
3507 3128 3686 3182 etiam.

2099 3197 2256 3271 Apud
2299 3195 2481 3271 Grat.,_
2501 3195 2623 3271 dist.
2650 3193 2738 3271 $4,
2765 3195 2900 3271 cpi
2931 3212 2943 3247 :
2970 3193 3074 3271 Sed
3101 3196 3259 3248 etiam
3284 3194 3349 3248 ab
3373 3194 3500 3250 aliis
3532 3199 3692 3271 origi-

2101 3264 2265 3320 nariis
2288 3265 2363 3320 vel
2392 3267 2481 3335 qui
2512 3264 2672 3317 alicui
2700 3264 3004 3317 conditioni.

2175 3355 2192 3394 1
2228 3356 2364 3410 Add.
2395 3357 2447 3409 in
2470 3355 2555 3409 ed.
2585 3371 2598 3408 τ
2640 3353 2893 3424 Volumus
2924 3356 3220 3424 temperari.

2172 3439 2211 3466 ιη
2229 3426 2365 3479 Add.
2392 3424 2558 3506 innec].
2587 3442 2599 3477 :
2633 3423 2699 3478 Ut
2726 3440 2776 3506 la.
2804 3424 2988 3478 castris
3014 3423 3289 3506 dominicis
3309 3464 3324 3489 ,
3350 3426 3550 3506 artibus
3577 3430 3688 3500 ejus

2100 3512 2286 3619 Zomcn
2315 3494 2613 3560 ascribilur,
2645 3492 2804 3547 nullis
2844 3495 3165 3548 necessitatis
3214 3492 3434 3549 vinculis
3478 3492 3689 3554 abstra-

2138 3577 2277 3619 amr.

2172 3668 2199 3695 ιι
2229 3657 2298 3711 Et
2323 3674 2439 3711 cum
2465 3655 2743 3725 unicuique
2772 3662 2826 3708 et
2855 3663 3050 3708 cetera
3081 3654 3131 3709 id
3159 3655 3245 3709 ed.
3280 3655 3689 3723 desiderantur,

2102 3728 2349 3798 quamvis
2363 3727 2579 3798 omnino
2600 3725 2943 3798 requirantur
2961 3726 3029 3778 ad
3049 3741 3264 3779 sensum
3285 3727 3688 3795 complendum,

2101 3793 2223 3854 cum
2255 3798 2406 3852 initio
2432 3796 2629 3851 dixerit
2667 3795 2733 3848 ad
2766 3793 3013 3848 ordinem
3042 3810 3255 3849 sacrum
3296 3793 3546 3851 eos'non
3578 3814 3691 3853 esse

2102 3868 2493 3929 admittendos,
2536 3865 2731 3935 quibus
2770 3862 2915 3935 nulla
2960 3865 3261 3935 natalium,
3287 3865 3690 3935 nullarmorum

2100 3938 2335 4009 dignitas
2384 3931 2722 4009 suifragatur.
2781 3931 2873 3986 Sic
2913 3936 3116 4009 optima
3167 3934 3377 3989 collect.
3431 3934 3572 3992 Cod.
3628 3939 3685 3993 ll.

2102 4002 2223 4077 quin
2260 4006 2537 4077 superﬂua
2556 4002 2683 4059 sunt
2716 4019 2822 4058 non
2860 4002 3126 4071 admittit,
3158 4019 3258 4060 nec
3281 4020 3404 4074 quae
3432 4022 3688 4063 necessa-

2103 4075 2186 4132 ria
2218 4075 2345 4133 sunt
2367 4075 2585 4132 omittit.

2178 4156 2202 4184 ο
2229 4149 2399 4217 Epist.
2449 4147 2724 4201 Iunocent.
2779 4148 2802 4206 l
2854 4148 2922 4203 ad
2969 4146 3252 4216 episcopos
3310 4143 3646 4201 Macedonia
3668 4188 3682 4211 ,

2103 4233 2223 4289 cap.
2251 4219 2339 4271 11.

2176 4321 2204 4359 p
2233 4308 2337 4364 Tot
2361 4308 2481 4363 add.
2511 4307 2565 4360 in
2590 4306 2770 4372 editis,
2803 4315 3018 4377 tamque
3045 4307 3293 4362 diversus
3329 4307 3467 4362 ordo
3495 4307 3689 4363 verbo-

2104 4395 2224 4434 rum
2248 4419 2263 4439 .
2294 4386 2354 4431 ut
2396 4377 2498 4431 nisi
2529 4378 2709 4431 omnia
2740 4378 3116 4438 exhibeantur,
3146 4384 3348 4446 quanta
3374 4377 3448 4430 sit
3487 4378 3688 4432 disere-

422 4442 513 4526 rit.
537 4442 754 4526 _Etenim
776 4460 948 4526 canon
974 4442 1338 4526 sppraeitatus
1362 4447 1755 4526 convenit-cum
1777 4462 1897 4526 cap.
1925 4445 1996 4499 40
2032 4448 2079 4507 ι)
2104 4449 2302 4518 pautia,
2330 4446 2563 4526 perspici
2586 4462 2699 4526 _nou
2730 4448 2917 4526 possit.
2946 4447 3039 4501 Sic
3076 4442 3239 4526 igitur
3277 4446 3380 4499 ista
3410 4447 3463 4500 in
3494 4448 3592 4526 ed.
3616 4447 3690 4502 le-

420 4525 506 4581 ep.
536 4502 832 4571 Innocentii
882 4515 950 4569 ad
995 4502 1328 4569 Victricium.
1377 4514 1560 4569 Canon
1607 4515 1648 4570 l.
1681 4514 1742 4570 C.
1778 4502 1997 4570 [ticum

420 4582 670 4655 φιλ-μμ
702 4583 943 4655 ejusdem
991 4584 1231 4653 epistolae
1276 4599 1451 4639 canon
1500 4585 1535 4638 2
1576 4600 1701 4639 cum
1740 4600 1859 4655 cap.
1908 4585 1994 4641 15.

422 4644 581 4725 Quod
617 4644 757 4725 idem
787 4654 854 4707 de
882 4644 1201 4722 quibusdam
1231 4654 1350 4709 aliis
1377 4654 1482 4708 dici
1512 4663 1707 4725 potest.

448 4779 454 4783 ,
491 4718 519 4758 ἀ
548 4720 799 4786 Quadam
832 4718 935 4781 alia
966 4725 1164 4780 inserta
1188 4733 1317 4778 sunt
1345 4725 1397 4778 in
1426 4724 1512 4778 ed.

497 4800 521 4829 θ
548 4791 712 4846 Cone.
736 4794 1075 4854 Arausicani,
1106 4811 1154 4849 c.
1186 4794 1269 4847 15.

499 4858 518 4896 ί
549 4859 684 4932 Edd.
710 4865 830 4920 add.
861 4884 873 4918 :
908 4885 925 4916 ι
962 4864 1108 4930 Quos
1151 4863 1427 4919 clericatui
1469 4862 1675 4932 alligari
1723 4863 1839 4932 ipsa
1876 4865 2002 4919 vitae

627 4936 879 5007 suggerit.
905 4954 923 4986 ι
951 4928 1082 4989 Vide
1111 4950 1273 5004 supra
1308 4928 1660 4989 canonem'dS
1682 4928 1835 4989 conc.
1860 4933 1997 4991 Are—

447 5011 520 5058 at.
549 5019 607 5057 ll.

497 5077 524 5116 ε
552 5072 649 5128 Hic
677 5086 852 5129 canon
873 5072 927 5127 in
958 5072 1078 5128 edd.
1117 5074 1471 5128 desideratur.

426 5143 724 5268 PoheEpist.
756 5143 950 5198 Leonis
972 5143 992 5197 l
1018 5143 1085 5197 ad
1126 5145 1407 5214 episcopos
1441 5160 1539 5215 per
1564 5144 1915 5216 Campaniam
1952 5154 2013 5232 et

470 5230 519 5268 ιε
556 5229 705 5267 num.

470 5227 705 5269 tcenum.

500 5285 513 5323 ί
551 5282 686 5354 ᾼάά.
718 5283 772 5337 in
801 5281 888 5354 ed.
919 5290 1210 5354 {tanquam
1255 5284 1455 5354 servilis
1480 5283 1648 5339 vilitas
1671 5286 1812 5339 hunc
1841 5288 2006 5339 hono-

426 5369 533 5424 rem
554 5352 677 5424 jure
698 5353 891 5424 capiat.
928 5351 1073 5424 Illud
1092 5353 1417 5424 superﬂuum
1445 5362 1529 5407 est
1555 5355 1696 5424 quod
1742 5355 2003 5422 antiquis-

426 5422 564 5494 sima
591 5422 837 5494 collectio
857 5425 977 5478 cod.
1006 5423 1133 5480 Her.
1157 5422 1451 5479 admittere
1471 5422 1676 5494 nequit.
1707 5424 1997 5488 Praeterea,

419 5490 567 5565 jure,
596 5493 748 5565 deest
771 5496 824 5550 in
851 5494 1181 5565 epistolisS.
1219 5494 1414 5565 Leonis
1456 5490 1607 5548 novae
1645 5495 1800 5558 edit.,
1831 5494 1885 5549 in
1922 5511 2005 5549 se-

430 5562 604 5614 cunda
624 5563 746 5619 coll.
777 5562 903 5621 can:
926 5566 1048 5620 cod.
1076 5564 1200 5618 ller.
1231 5574 1283 5619 et
1310 5563 1429 5618 aliis
1451 5565 1567 5618 cod.
1601 5580 1756 5630 mss.,
1790 5580 1898 5633 quo
1927 5574 2007 5618 ta-

432 5641 555 5754 nget!
580 5633 788 5755 sublato
811 5634 1092 5702 vocabulo,
1120 5649 1186 5691 ex
1212 5635 1297 5690 his
1324 5634 1502 5691 verbis
1528 5635 1617 5691 vix
1647 5636 1784 5691 ullus
1814 5650 2007 5691 sensus

491 5714 557 5753 ιω
585 5716 649 5755 no
675 5719 733 5755 es
762 5741 775 5755 .

491 5714 557 5753 ιω
583 5714 775 5769 potest.

2103 4516 2301 4590 guntur
2333 4516 2345 4570 ξ
2380 4534 2397 4566 ‹
2433 4516 2634 4590 Deinde
2671 4516 2908 4590 ponitur,
2953 4516 3493 4590 non_dici_oportere
3540 4517 3688 4590 biga-

2102 4584 2271 4653 fnum,
2296 4601 2419 4641 eum
2442 4584 2531 4655 qui
2561 4584 2976 4641 catechumenus
3006 4585 3459 4655 habueritiatque
3496 4584 3684 4640 amise.

2104 4660 2175 4713 rit
2202 4672 2446 4719 uxorem,
2478 4656 2522 4710 si
2551 4665 2675 4724 post
2700 4658 3022 4726 baptismum
3050 4654 3207 4726 fuerit
3236 4654 3398 4726 aliam
3428 4658 3685 4717 sortitus,

2105 4742 2333 4795 eamque
2357 4727 2588 4795 primam
2619 4724 2814 4789 videri,
2843 4742 2962 4795 quae
3001 4740 3139 4780 novo
3186 4724 3395 4779 homini
3438 4726 3687 4795 copulata

2107 4799 2218 4853 sit:
2250 4794 2378 4867 quia
2405 4796 2534 4851 illud
2562 4794 2898 4867 conjugiumi,
2940 4810 3037 4867 per
3080 4794 3331 4867 baptismi
3375 4794 3686 4867 sacramen-

2107 4880 2245 4935 tum,
2268 4863 2389 4922 cum
2418 4866 2627 4921 caeteris
2651 4863 2967 4921 criminibus
2991 4866 3062 4918 sit
3088 4864 3348 4935 ablutum.
3381 4863 3541 4931 Quod
3570 4880 3686 4921 cum

2107 4940 2173 4994 de
2194 4953 2300 4992 una
2324 4938 2506 5005 utique
2531 4936 2748 5001 dicitur,
2773 4944 2919 4990 certe
2949 4936 2992 4990 si
3029 4943 3139 5005 tres
3180 4934 3467 4998 habuerit,
3514 4936 3569 4989 in
3597 4950 3686 4990 vc-

2103 5018 2218 5062 tere
2238 5004 2444 5078 positus
2470 5006 2943 5078 bomine,guxores,
2968 5005 3073 5058 crit
3096 5004 3316 5078 ei,_qu:e
3336 5011 3460 5078 post
3485 5005 3686 5078 baptis—

2107 5073 2257 5133 muni
2292 5085 2483 5147 quarta
2516 5083 2636 5141 est,
2673 5074 2751 5129 sic
2796 5074 3274 5147 interpretantibus
3328 5073 3507 5147 prima
3538 5073 3686 5129 {vir-

2106 5150 2244 5220 ginis
2279 5143 2437 5220 aeque
2475 5160 2669 5220 nomen
2708 5144 2980 5220 accipiet,
3024 5158 3144 5212 quae
3181 5152 3376 5220 quarto
3406 5143 3571 5220 ducta
3606 5151 3682 5198 est

2105 5211 2240 5272 loco.
2269 5211 2401 5282 Quis
2421 5214 2559 5285 (oro)
2584 5213 2726 5268 istud
2749 5211 2857 5268 non
2886 5211 3069 5285 videat
3084 5211 3271 5285 contra
3301 5211 3547 5282 Apostoli
3567 5227 3685 5285 esse

2104 5282 2453 5356 praeceptum,
2482 5282 2674 5356 quiait
2691 5302 2708 5356 _:
2737 5286 2892 5356 unius
2919 5284 3102 5356 uxoris
3121 5282 3287 5356 virum
3312 5292 3551 5356 oportere
3568 5283 3685 5352 ﬁeri

2104 5302 2453 5356 praeceptum,
2522 5302 2573 5338 ιιι
2596 5302 2708 5339 an:
2737 5302 2892 5338 umus
2919 5302 3100 5337 uxoris
3121 5302 3287 5335 mrum
3312 5302 3551 5351 oportere
3568 5302 3680 5352 pen

2102 5356 2461 5431 sacerdotem?
2482 5302 2592 5409 god
2619 5352 2871 5431 objicitur
2910 5353 3053 5421 quod
3092 5352 3142 5406 in
3185 5351 3451 5431 baptismo
3483 5361 3680 5431 totum,

2103 5426 2360 5495 quidquid
2389 5426 2439 5478 in
2466 5432 2648 5479 vetere
2674 5424 2890 5480 homine
2915 5431 3123 5495 gestum
3164 5431 3286 5495 cst,_
3306 5422 3377 5495 sit
3427 5422 3678 5477 solutum.

2105 5491 2276 5565 Dicite
2302 5494 2453 5559 mihi,
2475 5510 2595 5565 cum
2617 5510 2749 5565 pace
2773 5491 2948 5547 vestra
2976 5493 3185 5565 loquor,
3212 5491 3441 5546 crimina
3475 5501 3679 5565 tantum

2105 5563 2446 5631 dimittuntur
2482 5565 2536 5617 in
2564 5561 2864 5634 baptismo,
2905 5578 2972 5634 an
3011 5571 3065 5617 et
3096 5562 3187 5616 illa
3214 5576 3349 5634 quae
3388 5561 3679 5634 secundum

2105 5634 2239 5704 legis
2273 5642 2536 5703 prtecepta
2571 5631 2766 5688 ac‘Dei
2793 5633 3036 5687 instituta
3057 5631 3676 5704 complenturillxorem

2109 5699 2325 5775 ducere,
2349 5699 2553 5761 crimen
2575 5710 2676 5769 cst,
2696 5720 2762 5758 an
2789 5719 2896 5758 non
2918 5712 2997 5759 est
3019 5699 3222 5758 crimen
3241 5702 3263 5755 ?
3280 5699 3339 5756 Si
3362 5702 3561 5755 crimen
3590 5706 3675 5754 est
