1964 3089
165 173 233 203 1007

464 224 575 252 CAPUT
595 224 639 250 Xl.

330 292 361 310 DE
379 289 503 309 EPISCOPO
521 287 613 307 ιΝγιτο
633 284 777 305 οιιιηΝΑτο.

309 341 400 368 Conon
424 338 629 368 Aurasitorum,
659 344 712 363 a'm
733 333 766 361 20
785 340 808 359 κ.

178 433 182 435 _
199 397 339 435 (Quaedam
352 395 414 422 add.
431 395 458 421 in
473 392 546 428 edd.)
565 391 657 419 Sicubi
676 388 826 424 contigerit,
847 391 877 414 ut
898 387 950 414 duo

162 431 279 480 episcopi
295 448 378 468 unum
398 439 553 480 episcopum
568 437 679 464 invitum
692 434 802 466 faciant,
816 431 951 459 actoribus

163 490 318 519 damnatis:
334 489 347 508 ιι
363 476 434 515 unus
458 494 551 514 eorum
576 483 697 512 ecclesia:
720 483 803 517 ipsius
826 480 872 515 qui
895 479 950 506 vim

163 545 259 573 passus
277 540 334 568 est,
358 534 550 562 substituatur;
573 531 595 558 si
619 534 708 556 tamen
728 528 783 555 vita
795 526 949 561 respondet,

164 569 191 610 et
205 582 273 609 alter
290 581 317 608 in
330 580 441 607 alterius
455 577 551 612 dejeeti
567 576 625 603 loco
639 573 721 610 [ΕΔΑ.
737 572 799 599 add.
815 569 951 598 nihilomi-

163 628 225 664 nus]
243 628 391 655 ordinetur.

464 669 576 698 CAPUT
597 667 651 695 XII.

163 740 232 764 QUOD
251 739 301 759 NON
321 737 461 758 OPORTEAT
482 733 615 754 ABSOLCTE
640 730 773 752 0RDINARE
796 726 950 752 QUEMQUAI.

335 785 427 812 Canon
441 780 670 811 Chalcedonensis,
684 785 737 805 (era
751 776 777 803 6.

201 850 212 863 ι·
227 843 265 870 Ne
281 842 340 878 quis
368 839 507 868 ordinetur
532 837 559 864 in
580 835 663 871 gradu
687 831 881 863 ecclesiastico,
901 829 952 857 nisi

165 889 319 926 specialiter
331 887 424 914 titulus
438 884 557 912 ecclesia:
569 903 576 914 ,
597 881 642 908 ubi
658 880 808 907 serviturus
818 882 869 908 est,
890 883 954 911 pro-

164 922 312 963 nuntietur.
327 932 378 966 Qui
391 938 455 958 vero
469 928 590 956 absolute
603 926 743 954 ordinatus
757 923 848 955 fuerit,
861 922 955 949 decre-

164 981 204 1007 vit
218 983 309 1007 sancta
324 976 441 1013 synodus
457 974 563 1002 irritam
582 972 682 999 habere
696 968 879 1003 hujuscemodi
894 974 952 994 ma-

165 1033 217 1053 nus
231 1011 428 1060 itnpositionem
437 1041 445 1054 ,
465 1024 492 1047 et
505 1027 558 1046 non
573 1024 652 1053 posse
665 1015 820 1043 ministrare
835 1012 868 1040 ad
882 1011 954 1038 ordi-

166 1071 256 1098 nantis
268 1069 405 1104 injuriam.

461 1110 573 1139 CAPUT
591 1109 657 1137 XII].

303 1179 336 1199 DE
355 1176 439 1198 SERVO
457 1176 510 1196 AUT
530 1172 645 1194 LIBERTO
663 1169 808 1191 DEDINATO.

324 1227 416 1254 Conon
429 1222 624 1252 Aurelianensis
637 1220 662 1252 l,
677 1227 730 1246 tera
743 1218 760 1245 5
770 1217 793 1243 δ.

201 1287 230 1316 Si
251 1286 393 1321 episcopus
415 1282 493 1319 (Var.
515 1282 542 1308 in
567 1278 640 1314 edd.)
661 1284 767 1306 servum
790 1275 872 1311 [Εάά.
886 1273 953 1321 add.

167 1320 278 1360 absente
296 1329 353 1365 aut]
380 1328 516 1355 nesciente
543 1325 650 1353 domino
671 1327 699 1350 et
716 1322 841 1357 episcopo
855 1320 956 1347 sciente

166 1377 238 1412 quod
251 1362 438 1403 servus—esset,
453 1371 594 1398 diaconum
606 1366 686 1402 (Var.
701 1365 832 1412 edd.)‘aut
844 1362 956 1398 presby-

168 1409 253 1450 terum
267 1417 432 1447 ordinaverit
447 1436 454 1449 ,
480 1416 538 1450 ipso
552 1414 578 1440 in
592 1412 734 1440 clericatus
749 1409 836 1436 otlicio
850 1414 956 1443 perma-

167 1467 263 1499 nente,
282 1465 425 1500 episcopus
449 1468 510 1488 eum
533 1458 632 1494 duplici
656 1454 841 1483 satisfactione
856 1458 868 1472 ο
883 1458 956 1479 com-

167 1496 271 1548 pensct.
299 1496 329 1537 Si
351 1496 415 1536 vero
435 1506 577 1541 episcopus
600 1509 661 1530 eum
679 1507 787 1528 servum
807 1496 955 1548 nescierit,

167 1542 207 1585 illi
219 1557 266 1592 qui
289 1553 473 1582 testimonium
497 1548 648 1585 perhibent,
671 1549 699 1573 et
715 1552 775 1572 eum
789 1542 955 1592 supplicave-

168 1585 381 1630 rint-ordinari,
404 1594 507 1633 [simili]
529 1591 709 1620 redhibitione
733 1590 876 1616 teneantur
897 1585 955 1622 [ob-

169 1647 264 1684 noxii].

320 1691 411 1719 Canon
424 1687 629 1718 Aurelianensis,
645 1685 654 1704 ἲ
671 1685 698 1717 4,
710 1692 763 1711 (ενα
774 1683 800 1710 5.

204 1749 233 1778 Si
246 1756 310 1776 vero
323 1747 402 1784 (Add.
421 1746 509 1781 aliqua
533 1744 561 1770 in
581 1742 653 1778 edd.)
676 1741 800 1768 libertum
814 1738 957 1766 ordinave-

169 1796 205 1823 rit
218 1795 320 1828 absque
333 1792 391 1826 ejus
402 1790 550 1820 voluntate,
567 1787 643 1821 cuius
663 1786 776 1813 libertus
801 1783 887 1810 factus
904 1786 954 1814 cst,

169 1842 214 1869 ille
225 1840 270 1875 qui
284 1839 423 1866 ordinatus
436 1840 477 1863 est
492 1843 507 1862 a
521 1834 629 1862 domino
641 1835 784 1860 revocetur
796 1839 803 1856 :
817 1830 957 1857 ordinator

169 1874 303 1919 verorejus
317 1883 357 1918 [et
380 1881 425 1908 ille
442 1880 488 1914 qui
509 1879 619 1907 collator
631 1881 672 1904 est
685 1875 817 1911 ordinis],
832 1874 855 1902 si
870 1874 957 1901 sciens

169 1917 266 1957 fecisse
276 1917 414 1963 probatur,
423 1933 469 1952 sex
479 1923 615 1952 mensibus
624 1922 731 1949 missam
739 1920 833 1957 [Edd.,
841 1917 956 1953 tantum]

170 1976 259 2002 facere
282 1980 336 2000 non
359 1973 516 2007 prmsumat.
546 1968 575 1995 Si
596 1975 660 1995 vero
681 1966 848 1994 saecularium
863 1971 958 1992 servus

171 2019 251 2052 (Add.
266 2020 293 2046 in
309 2017 381 2053 edd.)
402 2021 458 2048 est,
479 2014 664 2043 benedictione
683 2013 708 2040 ei
728 2015 896 2043 conservata,
909 2011 959 2038 ho-

172 2073 248 2097 nesto
259 2067 353 2095 ordine
370 2065 448 2102 (Var.
464 2062 536 2098 edd.)
553 2062 660 2090 domino
671 2068 719 2088 suo
730 2058 866 2095 impendat
880 2057 959 2085 obse-

170 2117 273 2152 quium.
295 2114 371 2148 Quod
384 2114 406 2140 si
420 2112 543 2140 dominus
557 2108 718 2146 [smcularis]
732 2107 790 2142 ejus
810 2107 848 2134 ita
864 2106 958 2133 voluc-

172 2150 207 2189 rit
217 2169 280 2190 eum
295 2160 436 2187 inclinare.
471 2160 502 2184 ut
524 2163 601 2183 sacro
619 2153 706 2189 ordini
728 2152 827 2180 inferat
847 2150 959 2188 [inferre

170 2205 306 2240 videatur]
331 2203 456 2237 iniuriam
469 2222 477 2234 ,
508 2201 575 2228 duos
586 2207 690 2232 servos,
712 2198 860 2226 secundum
879 2195 957 2233 (Var.

170 2249 244 2287 add.)
259 2250 384 2284 antiquos
392 2254 532 2279 .canones,
556 2246 697 2280 episcopus
710 2245 756 2279 qui
769 2251 830 2271 eum
848 2242 959 2270 ordina-

171 2298 219 2330 vit,
241 2296 360 2333 [domino
382 2293 504 2322 saeculari
527 2291 662 2327 restituat]
677 2298 726 2325 pro
741 2298 773 2318 eo
796 2289 917 2318 exsolvat
933 2292 960 2316 et

171 2350 233 2370 eum
245 2342 280 2369 ad
300 2340 444 2369 ecclesiam
467 2346 543 2367 suam
564 2336 707 2365 revocandi
729 2335 827 2364 habeat
840 2338 958 2370 potesta-

172 2392 237 2415 tem.

208 2522 222 2536 ει
241 2515 323 2543 Cone.
340 2514 498 2541 Arausicani
511 2523 528 2545 ι,
545 2514 624 2541 0.21.

208 2551 223 2571 ιτ
242 2550 413 2578 Contrarium
428 2549 525 2584 legitur
540 2549 566 2575 in
581 2549 641 2575 edd.
657 2548 699 2575 his
721 2548 810 2574 verbis
830 2556 861 2584 :_t
875 2546 961 2584 Unius

173 2594 267 2613 eorum
292 2585 419 2612 Ecclesia:
435 2582 490 2619 ipse
513 2584 557 2617 qui
579 2584 634 2619 tim
649 2591 744 2619 passus
759 2587 799 2619 est
815 2582 961 2609 substitua-

174 2627 227 2648 tur.
245 2631 254 2647 ι
283 2621 317 2647 At
332 2618 449 2647 lectioni
462 2618 522 2646 coll.
538 2618 596 2646 cod.
623 2618 684 2644 Her.
701 2618 771 2645 favet
784 2618 838 2647 lvo,
853 2626 878 2651 p.
894 2625 919 2647 γ,
936 2625 959 2644 c.

177 2658 235 2688 181,
247 2656 292 2692 qui
303 2656 509 2683 ltunccanonem
522 2654 560 2692 sic
575 2653 647 2692 legit.
668 2663 675 2678 ε
689 2653 725 2679 Dc
735 2652 881 2692 obiectione
892 2653 960 2686 ejus,

173 2687 263 2724 qucm'
271 2692 323 2718 duo
342 2690 560 2725 pnesumpSerint
575 2687 700 2715 orlliunre
716 2687 845 2725 episcopi.
869 2687 896 2725 in_
916 2695 962 2725 no:

174 2722 237 2754 stris
250 2722 396 2761 provinciis
410 2722 509 2759 placuit
523 2725 555 2751 de
570 2723 818 2761 pra'suruptoribus.
831 2726 864 2761 tit
877 2722 961 2761 sicubi

175 2756 317 2795 contigerit
329 2762 395 2788 dttos
409 2756 619 2794 episcopos,etc.
636 2769 645 2784 ›
663 2758 734 2785 Idem
747 2758 816 2792 apud
828 2756 960 2789 Gratiam,

177 2794 240 2822 dist.
251 2794 299 2823 Μ.
316 2805 325 2821 ι
339 2796 376 2822 De
390 2795 547 2828 abjectionc,
566 2804 574 2819 ι
591 2798 642 2820 etc.

213 2834 225 2849 ο
248 2829 339 2856 Prisca
358 2831 455 2864 iuterp.
472 2837 519 2856 nec
536 2830 645 2863 Dionys.
661 2836 709 2855 nec
723 2828 784 2855 lsid.

211 2863 226 2885 ά
246 2863 324 2890 Cone.
340 2864 428 2890 Aurel.
442 2873 459 2893 ι,
477 2873 499 2890 (ι.
518 2865 542 2889 3.

589 165 746 196 CANONES
766 163 909 192 SELECTI
929 162 974 190 EX
995 161 1072 190 VET.
1094 161 1160 189 CAN
1190 158 1355 190 COLLECT.

963 221 988 249 A

974 2233 997 2268 ι)

1718 157 1783 186 1W3

1255 216 1301 243 EX
1318 213 1440 243 CAPITE
1460 212 1527 240 XIV.

1002 271 1033 290 DE
1054 269 1230 290 PnESBYTERlS
1247 269 1290 292 οιτι
1311 267 1429 287 DIVERSIS
1448 265 1580 285 ECCLESHS
1598 264 1762 284 IHN'ISTRAN'I'
1781 265 1788 283 ἒ

1033 306 1068 324 ΕΤ
1087 305 1155 329 QUOD
1184 304 1235 323 NON
1264 303 1386 323 OPORTET
1419 300 1551 321 CLERICCI
1587 299 1730 323 QUEIQUAI
1762 299 1790 319 IN

1034 341 1101 360 DUAE
1129 339 1270 359 CIVITATES
1290 336 1452 358 MINISTRARE
1465 336 1472 353 ἶ
1486 335 1535 355 NEC
1548 335 1682 360 ΔΒῘΞΔΤΕΙ,
1701 335 1792 355 ιιιιςιΔ

1034 375 1204 395 ΙΟΝΔΒΤΕΚΙΛ
1220 374 1333 393 HABERE.

1164 412 1255 439 Conon
1269 411 1497 442 Chalcedonensis,
1510 417 1564 436 trra
1579 409 1621 436 10.

1038 460 1050 478 α
1061 458 1121 486 Non
1135 458 1214 485 liccat
1236 457 1363 484 clericum
1384 455 1520 483 conscribi
1537 455 1617 482 simul
1630 455 1733 482 duabus
1749 462 1795 481 ec-

1001 504 1100 535 clesiis,
1117 508 1144 530 et
1155 503 1182 530 iu
1195 510 1247 537 qua
1262 503 1289 529 in
1304 501 1380 528 initio
1394 501 1536 528 ordinatus
1553 505 1605 532 est,
1624 504 1653 527 et
1663 500 1697 526 ad
1710 507 1795 534 quam

1001 549 1120 583 profugit
1129 548 1207 583 quasi
1222 548 1256 575 ad
1269 547 1400 582 potiorem
1415 567 1422 579 ,
1443 547 1530 573 inanis
1548 546 1641 581 gloria:
1662 545 1797 580 cupidita-

1002 600 1028 623 te
1043 604 1049 622 z
1066 595 1118 623 hoc
1133 599 1223 621 autem
1247 594 1376 621 facientes
1401 593 1522 621 revocari
1542 593 1639 620 debere
1653 593 1686 620 ad
1701 592 1796 620 Eccle-

1001 640 1080 673 siam,
1092 640 1119 667 in
1131 648 1183 675 qua
1204 640 1279 675 prius
1292 639 1411 666 ordinati
1422 643 1500 671 sunt,
1515 642 1542 666 et
1555 638 1591 665 ibi
1605 638 1793 665 tantummodo

1002 686 1166 714 ministrare.
1197 685 1225 713 Si
1241 693 1306 712 vero
1326 688 1454 719 tanquam
1473 683 1619 710 translatus
1634 687 1676 710 est
1691 690 1724 709 ex
1738 683 1792 710 alia

1003 732 1031 758 in
1042 731 1122 758 aliam
1133 730 1276 759 ecclesiam
1287 751 1295 763 ,
1318 730 1416 765 prioris
1427 729 1548 757 ecclesia:
1557 749 1564 761 ,
1579 729 1621 756 vel
1644 733 1796 763 martyrum

1003 778 1048 812 qui
1062 778 1112 805 sub
1123 785 1156 805 ea
1180 781 1252 810 sunt,
1279 781 1327 803 aut
1339 777 1519 812 ptochiorum,
1544 781 1591 803 aut
1612 775 1796 811 synodochio-

1003 831 1064 851 rum
1081 824 1161 851 rebus
1180 823 1208 850 in
1223 823 1296 850 nullo
1308 822 1498 850 communicet.
1526 822 1579 849 Eos
1590 829 1654 848 vero
1671 821 1716 856 qui
1733 821 1796 848 ausi

1003 869 1105 909 iuerint
1117 888 1124 900 ,
1143 876 1177 896 ex
1201 868 1244 895 his
1267 876 1326 902 qum
1340 867 1474 902 prohibita
1492 870 1572 899 sunt,
1595 871 1762 901 perpetrare,
1776 874 1796 893 ει

1004 914 1114 950 proprio
1126 913 1210 947 gradu
1222 913 1408 948 procidendos.

1125 959 1217 987 Canon
1234 960 1399 994 Agathensis,
1414 967 1466 986 (era
1481 958 1515 985 56
1529 958 1599 993 [tam
1612 957 1657 993 58]

1040 1007 1189 1034 Ahhatibus
1211 1013 1318 1039 quoque
1329 1005 1428 1033 divisas
1450 1004 1574 1040 [singulis
1593 1003 1722 1039 diversas]
1739 1003 1799 1030 cel-

1004 1052 1056 1084 las,
1085 1055 1131 1079 aut
1152 1051 1230 1086 plura
1251 1050 1416 1078 monasteria
1438 1050 1538 1076 habere
1559 1056 1612 1076 non
1632 1049 1709 1080 licet,
1742 1049 1800 1075 nisi

1006 1102 1096 1125 tamen
1110 1096 1247 1132 [tantum]
1265 1100 1376 1130 propter
1393 1096 1531 1123 incursum
1544 1095 1668 1122 hostilem
1680 1094 1800 1131 [hostili-

1006 1140 1082 1177 tatis]
1094 1142 1165 1169 iutra
1178 1147 1271 1168 muros
1285 1140 1455 1175 receptacula
1469 1140 1612 1168 collocare.

1306 1185 1420 1214 CAPUT
1439 1187 1496 1214 XV.

1007 1242 1042 1262 UT
1062 1243 1094 1262 DE
1114 1242 1165 1262 [ἷΝο
1183 1241 1250 1263 LOCO
1268 1241 1301 1260 AD
1320 1241 1401 1261 ALICI
1421 1240 1470 1261 NON
1490 1242 1626 1261 τιιλΝεεΔτ
1646 1240 1803 1266 EPISCOPL‘S,

1125 1278 1174 1297 VEL
1194 1276 1322 1297 CLERICL‘S
1339 1277 1397 1296 SINE
1415 1277 1534 1296 JUSSIONE
1552 1277 1683 1297 EPISCOI’I.

1194 1314 1208 1334 ιι
1221 1312 1312 1340 Canon
1326 1313 1478 1348 Africanus,
1493 1322 1546 1340 (cra
1562 1314 1605 1340 Η.

1044 1360 1079 1388 Ut
1092 1367 1262 1396 nequaquam
1284 1360 1425 1394 episcopus
1450 1360 1482 1387 de
1505 1360 1565 1388 loco
1581 1360 1689 1398 ignobili
1702 1361 1736 1387 ad
1750 1368 1805 1388 no-

1006 1406 1088 1435 bilem
1107 1415 1155 1441 per
1174 1406 1349 1434 ambitionem
1362 1410 1494 1439 transeat,
1511 1410 1538 1434 et
1551 1415 1585 1434 ne
1598 1408 1743 1441 quisquam
1758 1407 1805 1434 in-

1007 1452 1115 1480 ferioris
1129 1451 1231 1479 ordinis
1242 1452 1365 1480 clericus.
1387 1452 1458 1479 Sane
1473 1452 1495 1480 si
1509 1453 1536 1480 id
1552 1453 1654 1480 utilitas
1672 1453 1807 1480 Ecclesia:

1008 1497 1125 1525 ﬂendum
1150 1498 1281 1532 poposcit,
1299 1497 1438 1532 (Quadam
1460 1497 1522 1525 add.
1546 1498 1574 1524 in
1594 1497 1667 1533 edd.)
1677 1505 1727 1533 per
1738 1506 1807 1525 sen-

1008 1543 1118 1570 tentiam
1131 1543 1225 1578 synodi
1241 1542 1288 1570 [lat
1307 1542 1389 1578 [Edd.
1407 1543 1433 1570 in
1444 1544 1586 1578 prazsmtia
1598 1544 1694 1578 synodi
1711 1548 1807 1570 trans-

1008 1588 1131 1624 feratur],
1153 1593 1181 1615 et
1202 1588 1229 1615 in
1251 1588 1309 1616 loco
1323 1588 1381 1622 ejus
1393 1589 1461 1616 alius
1474 1588 1616 1624 episcopus
1631 1588 1710 1624 (Var.
1725 1588 1806 1624 edd.)

1007 1634 1176 1670 subrogetur.
1197 1633 1341 1662 Interiores
1356 1634 1436 1670 (Add.
1452 1634 1540 1670 aliqua
1554 1635 1581 1661 in
1595 1635 1669 1670 edd.)
1689 1635 1805 1670 gradus,

1008 1680 1182 1707 concessione
1194 1679 1236 1706 sui
1250 1680 1369 1716 episcopi
1379 1684 1492 1714 possunt
1504 1680 1536 1707 ad
1551 1680 1599 1707 has
1611 1680 1702 1716 [alias]
1717 1680 1808 1708 cede-

1009 1726 1064 1753 sias
1079 1726 1283 1760 transmigrare.

1177 1768 1268 1796 Comm
1281 1770 1448 1803 Arelatensis,
1464 1779 1517 1798 aera
1534 1772 1541 1791 ί
1558 1771 1627 1798 551.

1044 1815 1072 1843 Si
1083 1816 1144 1850 quis
1157 1815 1336 1848 saecularium,
1350 1824 1441 1845 amore
1456 1817 1601 1852 religionis,
1617 1825 1646 1845 se
1658 1817 1693 1844 ad
1706 1825 1808 1852 quem-

1007 1868 1113 1895 cunque
1126 1861 1296 1889 sacerdotum
1309 1860 1454 1889 crediderit
1464 1862 1668 1895 conferendum,
1680 1863 1739 1897 ipse
1748 1864 1808 1891 sibi

1008 1914 1080 1939 eum,
1096 1913 1176 1941 quem
1191 1906 1329 1933 erudiendi
1344 1907 1429 1940 gratia
1441 1907 1607 1942 susceperit,
1621 1908 1785 1937 vindicabit.

1214 1951 1307 1979 Canon
1322 1952 1458 1985 Nictenue,
1471 1961 1526 1981 tera
1538 1953 1580 1980 16.

1045 1998 1059 2020 ιι
1077 1999 1113 2027 Ut
1125 2007 1159 2026 ne
1170 1999 1204 2026 de
1213 1998 1323 2026 civitate
1334 1998 1460 2027 inferiore
1469 2000 1504 2027 ad
1515 1999 1644 2034 majorem
1659 2001 1807 2029 ecclesiam

1009 2047 1071 2081 quis
1084 2046 1195 2079 ambiat,
1210 2047 1267 2074 sive
1281 2046 1432 2081 episcopus,
1447 2047 1503 2074 sive
1513 2047 1583 2074 alius
1597 2047 1695 2083 [Edd.,
1708 2049 1806 2085 etiam]

1010 2091 1132 2119 clericus.

1339 2136 1405 2164 (Era
1427 2138 1470 2164 Π.

1047 2180 1082 2208 Ut
1093 2188 1126 2207 ne
1140 2180 1201 2215 quis
1211 2180 1334 2211 clericus,
1347 2181 1392 2215 qui
1404 2181 1531 2208 derelicta
1544 2181 1658 2208 ecclesia
1670 2189 1729 2214 sua,
1743 2182 1808 2208 nul-

1011 2225 1036 2252 la
1055 2225 1188 2253 existente
1201 2233 1282 2253 causa
1296 2226 1426 2260 probabili
1442 2231 1554 2262 vagatur
1566 2226 1606 2262 {et
1619 2227 1741 2264 ohen'at]
1754 2234 1808 2261 per

1012 2271 1079 2297 alias
1090 2269 1227 2302 ecclesias,
1240 2271 1401 2306 suscipiatur
1414 2272 1441 2298 in
1453 2272 1680 2299 communionem.

1340 2316 1411 2344 Afra
1430 2317 1471 2344 i8.

1049 2362 1057 2381 ι
1079 2362 1116 2390 Ut
1129 2370 1209 2389 nemo
1221 2369 1293 2395 eum,
1306 2363 1351 2397 qui
1362 2363 1395 2390 ad
1407 2363 1489 2389 alium
1500 2362 1626 2398 pertinet,
1639 2363 1806 2398 stthripiens,

1012 2408 1038 2434 in
1054 2415 1102 2435 sua
1116 2407 1230 2435 ecclesia
1243 2408 1348 2434 ordinet.
1362 2407 1489 2434 clericum
1503 2407 1604 2442 absque
1619 2415 1755 2436 consensu
1769 2408 1805 2437 il-

1012 2453 1064 2480 lius
1077 2453 1109 2480 ad
1122 2460 1201 2487 quem
1217 2452 1340 2487 pertinet.

1050 2527 1061 2540 e
1081 2519 1162 2555 Dupli
1176 2519 1354 2555 satisfactione
1366 2518 1686 2555 Corhciensis,_Tilianns
1699 2524 1727 2547 et
1747 2520 1805 2548 eol-

1012 2556 1091 2585 leetio
1104 2553 1134 2583 δι
1150 2554 1270 2589 Benigni.
1287 2554 1354 2581 Vide
1368 2558 1446 2582 notas
1459 2563 1484 2581 ν.
1500 2553 1534 2581 cl.
1549 2553 1574 2580 J.
1589 2554 1741 2582 Sirmondi.

1050 2590 1060 2610 ί
1081 2591 1162 2618 Cone.
1179 2588 1270 2616 Aurel.
1290 2597 1316 2621 ν,
1331 2597 1355 2616 c.
1371 2589 1397 2615 6.

1050 2627 1062 2646 ⁸
1081 2626 1172 2653 Prisca
1189 2625 1300 2658 interpr.
1320 2631 1370 2652 nec
1381 2624 1490 2659 Dionys.
1507 2632 1557 2652 nec
1570 2624 1632 2652 isid.

1048 2661 1061 2681 ιι
1082 2660 1184 2688 Concil.
1198 2668 1224 2687 tv
1239 2657 1344 2690 carm"
1361 2667 1385 2686 c.
1400 2657 1456 2691 27,‘
1468 2667 1514 2686 seu
1527 2660 1616 2691 potius
1632 2659 1738 2687 Statuta
1749 2657 1804 2688 Eo-

1048 2667 1061 2681 ιι
1082 2667 1184 2688 uoncn.
1198 2668 1224 2687 tv
1239 2667 1344 2690 ωηιι..
1361 2667 1385 2686 c.
1400 2667 1446 2691 χι,
1468 2667 1514 2686 seu
1545 2670 1548 2685 ι

1013 2695 1102 2724 clesin:
1117 2696 1238 2729 antiqua.
1253 2694 1281 2721 ln
1293 2694 1352 2721 cod.
1370 2694 1449 2722 Barb.
1466 2702 1490 2721 c.
1508 2667 1548 2721 ll).

1053 2732 1060 2751 ί
1086 2730 1168 2758 Cone.
1185 2729 1258 2756 Arel.
1275 2737 1306 2760 tt,
1322 2737 1346 2756 c.
1362 2729 1405 2756 54.

1050 2771 1057 2791 ι
1084 2766 1122 2793 De
1137 2766 1187 2796 hoc
1198 2763 1310 2792 concilio
1324 2763 1374 2792 iste
1382 2772 1512 2792 numerus
1523 2764 1639 2793 maxime
1654 2764 1803 2793 observan-

1014 2801 1064 2828 dus
1076 2806 1126 2827 est.
1143 2800 1209 2827 Vide
1224 2804 1301 2826 notas
1316 2807 1341 2826 γ.
1356 2799 1390 2827 cl.
1406 2797 1430 2827 Ι.
1447 2799 1592 2827 Sirtnondi.

1050 2837 1064 2856 Ιι
1085 2836 1123 2862 Ex
1138 2836 1234 2868 itmrp.
1251 2834 1312 2860 llul'.

1056 2871 1063 2890 ι
1086 2871 1124 2898 Ex
1137 2870 1196 2897 cad.
1212 2870 1309 2904 ἣλιοι-ι).
