3924 6180
351 233 482 288 1011

1200 232 1519 292 CANONES
1558 231 1843 289 SELECTI
1880 233 1973 289 EX
2009 233 2163 288 VET.
2205 233 2361 290 CAN.
2401 235 2733 294 COLLEC'F.

3477 245 3614 302 1012

347 345 731 403 detrimentum
767 349 1099 414 sustineant;
1132 355 1186 403 et
1222 364 1290 403 ne
1327 347 1639 417 frequenter
1664 344 1928 400 veniendo
1957 352 2000 412 Α
2030 345 2370 414 postmodum
2415 347 2497 402 vel
2521 349 2622 418 ipsi
2651 348 2715 404 de
2745 364 2802 404 se
2853 350 3055 422 aliquid
3097 354 3453 410 criminosum
3496 372 3618 412 con-
3650 407 3658 418 ,

346 440 414 494 ad
438 438 710 494 civitatem
740 438 985 506 alterius,
1023 439 1378 509 suspicionem
1400 437 1673 508 iactantia:
1701 437 1786 492 vel
1811 453 1929 490 am-

347 529 570 586 bitionis
599 529 859 585 incurrat.

917 617 958 673 C
971 619 1147 676 APUT
1204 618 1365 676 XVII.

343 745 412 788 ιιι
433 744 706 788 γουιτιε
732 747 1162 796 ηιιεωιικοιιυιι,
1186 748 1254 787 ΕΤ
1274 748 1516 788 CLERICIS
1539 747 1654 788 SINE
1681 745 1934 787 ωτι-81118

931 819 1354 858 AMBULANTIBUS.

731 914 912 970 Conon
939 917 1312 981 Antiochemts,
1347 932 1456 971 cera
1493 913 1544 968 8.

413 1019 437 1046 ι
495 1005 713 1062 Nullum
767 1009 1173 1079 peregrinorum
1217 1009 1421 1077 absque
1465 1007 1694 1064 formata
1735 1008 1932 1078 suscipi

350 1107 583 1168 opum“.
871 1169 1010 1224 .Era
1056 1169 1088 1224 9
1137 1169 1277 1241 [cum
1325 1169 1401 1242 8].

415 1258 601 1330 Neque
628 1262 972 1334 presbyteros
992 1262 1059 1316 ad
1086 1263 1332 1334 regiones
1358 1262 1677 1333 longinquas
1703 1264 1929 1326 canoni-

344 1364 439 1406 cas
469 1350 722 1420 epistolas
743 1353 896 1419 dare,
917 1353 1019 1406 nisi
1042 1352 1110 1406 ad
1133 1353 1411 1423 episcopos
1438 1352 1696 1408 ﬁnitimos
1720 1352 1928 1424 simpli-

341 1456 433 1500 ces
459 1442 717 1514 epistolas
745 1443 982 1498 mittere.

965 1533 993 1573 ι)
1032 1533 1173 1588 ίΕνα
1215 1533 1304 1588 10.

411 1623 642 1680 Vicariis
671 1639 807 1680 vero
828 1626 1203 1694 episcoporum
1246 1622 1507 1678 formatas
1534 1623 1721 1679 facere
1745 1622 1924 1686 liceat.

665 1715 846 1770 Canon
872 1715 1331 1782 Chalcedonensis,
1361 1732 1469 1770 atra
1507 1717 1593 1774 11.

414 1816 436 1843 θ
476 1803 676 1860 Omnes
699 1805 884 1874 inopes
911 1805 994 1860 vel
1016 1805 1317 1875 indigentes
1338 1805 1637 1860 subsidium
1657 1820 1779 1864 cum
1803 1819 1930 1874 pro-

343 1895 563 1952 batione
594 1903 784 1966 petant
816 1895 1192 1966 apostolicum,
1223 1895 1309 1950 vel
1336 1911 1460 1957 cum
1487 1895 1730 1968 paciﬁcis
1759 1895 1932 1961 eccle-

342 1986 574 2041 siasticis
598 1985 968 2040 tantummodo
994 1983 1424 2056 proﬁciscantur,
1449 1992 1505 2038 et
1522 1999 1629 2038 non
1655 1999 1924 2052 commenr

342 2077 572 2144 datitiis,
602 2077 727 2148 quia
753 2077 1206 2132 commendatitize
1234 2076 1635 2131 honestioribus
1661 2076 1928 2145 personis.

553 2166 735 2224 Conon
761 2168 1119 2233 Laodicensis,
1160 2184 1267 2222 αντα
1294 2167 1371 2229 28,
1400 2165 1540 2238 [cam
1591 2164 1705 2238 41].

417 2259 444 2300 δ
471 2259 588 2316 Non
617 2268 832 2332 oportet
870 2260 1148 2314 ministros
1183 2258 1390 2325 altaris,
1436 2259 1517 2313 vel
1551 2259 1712 2313 etiam
1735 2259 1929 2313 laicum

345 2354 461 2408 sine
499 2355 773 2409 canonicis
801 2354 998 2410 litteris
1021 2394 1038 2422 ,
1079 2354 1133 2410 id
1175 2364 1258 2409 est
1296 2353 1546 2422 formata,
1595 2353 1775 2423 aliquo
1800 2367 1929 2423 pro-

351 2444 540 2501 ﬁcisci.

647 2533 830 2590 Canon
863 2529 1322 2602 Chalcedonensis,
1370 2551 1481 2589 tera
1519 2535 1608 2592 15.

423 2641 449 2670 ο
483 2629 806 2702 Peregrinos
841 2631 1069 2685 clericos
1095 2632 1148 2685 in
1190 2631 1352 2686 aliam
1407 2631 1682 2694 civitatem
1734 2637 1932 2700 preter

343 2720 810 2778 commendatitias
828 2722 1038 2778 litteras
1061 2722 1144 2779 sui
1163 2721 1436 2794 episcopi,
1485 2737 1749 2794 nusquam
1777 2723 1929 2794 peni-

348 2821 434 2869 tus
458 2814 770 2870 miuistrare
804 2815 1022 2870 debere.

578 2902 758 2958 Cauon
790 2906 1118 2975 Agathenm,
1149 2921 1260 2961 tera
1285 2905 1354 2960 26
1402 2905 1544 2978 [eam
1571 2905 1687 2979 38].

414 2996 610 3055 Clerici
647 2998 733 3054 vel
773 2999 936 3054 etiam
972 2999 1242 3066 monachi,
1273 2998 1437 3071 [Edd.
1485 3016 1590 3054 om.
1647 3001 1922 3073 monachi]

345 3090 463 3157 sine
513 3089 965 3146 commendatitiis
1007 3090 1206 3144 litteris
1249 3091 1333 3158 sui
1387 3091 1624 3160 episcopi
1652 3091 1924 3148 licentiam

345 3179 505 3254 (Var.
536 3181 680 3253 edd.)
715 3196 821 3236 non
843 3181 1121 3250 patiantur
1162 3183 1441 3252 evagandi.
1499 3181 1518 3220 τ
1551 3183 1704 3249 Quod
1749 3183 1795 3240 si
1831 3197 1924 3240 eos

341 3274 628 3328 verborum
651 3273 915 3328 correctio
936 3288 1041 3327 non
1057 3274 1448 3340 emendaverit,
1479 3274 1643 3330 etiam
1682 3277 1923 3331 verberi-

340 3366 444 3420 bus
468 3373 822 3420 coerceantur
883 3362 1194 3436 [statuimus
1213 3365 1500 3437 coerceri].

705 3454 888 3510 Canon
915 3454 1268 3525 Epaunensis,
1297 3473 1404 3510 arra
1427 3456 1461 3511 5
1487 3459 1532 3510 ε.

407 3550 736 3622 Presbytero
754 3550 838 3605 vel
863 3551 1114 3616 diacono,
1138 3550 1255 3604 sine
1279 3549 1541 3604 antistitis
1566 3550 1650 3606 sui
1678 3550 1705 3590 ιι
1733 3550 1926 3608 litteris

339 3641 654 3707 ambulanti,
722 3643 1157 3706 communionem
1187 3641 1368 3700 nullus
1389 3641 1684 3712 impendat.

661 3731 844 3787 Conon
870 3733 1280 3798 Aurelianensis,
1328 3750 1438 3788 trra
1475 3734 1563 3790 18.

411 3821 649 3878 Clericos
673 3823 727 3878 in
750 3823 977 3879 aliorum
1001 3823 1312 3880 civitatibus
1333 3824 1416 3880 vel
1459 3825 1754 3882 territoriis
1775 3843 1925 3884 com.

339 3925 640 3981 morantes,
671 3917 739 3972 ad
761 3917 966 3972 nullum
993 3916 1280 3974 clericatus
1306 3919 1568 3990 honorem
1595 3921 1798 3992 absque
1837 3923 1921 3978 sui

339 4022 603 4066 consensu
625 4012 858 4084 episcopi
889 4013 1086 4069 debent
1113 4017 1418 4087 promoveri
1450 4019 1495 4070 ί.

914 4125 1142 4182 CAPUT
1181 4128 1366 4183 XVIII.

336 4230 604 4282 ΩυΑιιτειι
629 4234 729 4277 νει.
754 4233 854 4273 PRO
873 4233 1220 4281 QUIBUSLIBET
1267 4235 1451 4276 CULPIS
1473 4235 1692 4285 QL'ISQL'E
1720 4239 1919 4280 DECIM-

1011 4305 1206 4344 BETUB.

763 4375 944 4431 Canon
968 4377 1254 4450 Nyca'nus,
1286 4397 1394 4436 trra
1418 4381 1502 4436 11.

412 4467 426 4520 i
475 4467 544 4526 Et
587 4469 636 4528 si
670 4467 808 4524 forte
835 4470 1126 4528 indiscrete
1151 4471 1220 4526 ad
1262 4473 1626 4528 sacerdotium
1649 4475 1916 4544 provecti,

407 4636 432 4681 θ
473 4625 658 4695 Prisca
680 4625 876 4695 interp.
898 4639 999 4680 nec
1024 4624 1242 4695 Dionys.
1273 4638 1373 4679 nec
1400 4623 1525 4679 lsid.

405 4695 435 4736 δ
474 4694 593 4766 l‘lon
631 4694 974 4766 distinguitur
1001 4710 1032 4748 a
1057 4694 1290 4764 przeced.
1319 4695 1372 4748 in
1393 4695 1516 4766 edd.

408 4775 432 4834 ξ
473 4764 658 4834 Prisca
687 4764 880 4834 interp.
913 4781 1014 4820 nec
1045 4766 1260 4834 Dionys.
1290 4779 1391 4819 nec
1427 4765 1551 4819 Isid.

403 4831 430 4872 δ
460 4833 650 4906 Prisca
680 4831 874 4906 interp.
911 4850 1011 4889 nec
1033 4831 1252 4906 pionvs.
1285 4849 1384 4888 nec
1407 4835 1532 4906 lsid.

410 4913 434 4974 ξ
459 4902 646 4974 Brisca
678 4902 873 4972 interp.
904 4919 1005 4957 nec
1034 4902 1251 4974 Dionys.
1283 4920 1384 4958 nec
1411 4904 1538 4974 lsid.

410 4969 430 5010 ί
460 4973 592 5026 V'ide
620 4987 772 5028 conc.
812 4969 1128 5028 Veneticum
1156 4969 1196 5039 ί,
1227 4989 1278 5030 c.
1309 4974 1362 5039 5,
1390 4973 1446 5028 6.

407 5042 436 5110 β
477 5041 640 5097 Cone.
667 5043 872 5110 Epaon,
901 5059 950 5097 c.
979 5042 1032 5095 6.

405 5109 435 5150 δ
480 5112 603 5168 Var.
631 5109 753 5168 edd.
795 5112 902 5168 Sed
929 5111 1050 5167 vide
1071 5112 1268 5168 concil.
1308 5113 1491 5168 Aurel.
1517 5131 1598 5180 Ill,
1624 5132 1672 5170 c.
1705 5115 1789 5180 15,
1815 5117 1906 5172 ubi

336 5183 438 5254 iste
465 5198 636 5240 canon
663 5183 885 5253 perinde
931 5183 1213 5254 citaturut
1238 5183 1434 5254 legitur
1461 5186 1513 5240 in
1540 5186 1660 5241 coll.

412 5253 570 5327 ‘lste
591 5270 768 5327 canon
790 5255 1030 5327 pertinet
1079 5253 1146 5306 ad
1192 5253 1478 5327 cuneiliurn
1517 5256 1906 5310 Aurelianense

333 5340 420 5392 ιιι,
477 5325 636 5391 c.15,
677 5334 772 5380 aut
792 5323 865 5379 ad
883 5341 917 5379 v
945 5340 1125 5390 conc.,
1150 5338 1198 5377 c.
1227 5323 1280 5388 5,
1312 5324 1402 5376 ubi
1430 5325 1569 5378 idem
1597 5340 1788 5380 sensus
1816 5341 1903 5380 re-

334 5398 507 5467 fertur
549 5396 739 5467 paucis
790 5397 968 5451 verbis
1020 5392 1403 5467 mutatis.__Sic
1446 5410 1570 5449 vero
1591 5396 1644 5467 in
1674 5396 1902 5467 concilio

338 5464 565 5530 Aurel,
598 5483 646 5520 c.
678 5466 767 5532 15,
827 5467 1055 5522 habetur
1085 5481 1101 5520 :
1133 5483 1151 5516 ι
1183 5466 1258 5519 De
1277 5464 1363 5536 his
1407 5478 1534 5536 vero
1563 5465 1776 5536 clericis
1809 5468 1901 5536 qui

336 5536 436 5588 sub
456 5537 694 5602 qualibet
731 5539 1011 5592 occasione
1030 5546 1120 5590 aut
1150 5535 1457 5590 conditione
1488 5535 1540 5588 in
1571 5535 1798 5588 aliorum
1826 5535 1902 5590 ei-

337 5603 596 5658 vitatibus
637 5609 719 5660 vel
777 5609 1063 5664 territoriis
1115 5605 1442 5662 crediderint
1480 5605 1898 5671 immorandum,

339 5685 407 5726 ne
454 5671 523 5724 ad
542 5673 704 5728 ullum
732 5677 1014 5734 clericatus
1042 5681 1300 5733 honorem
1324 5677 1524 5745 absque
1548 5676 1626 5730 sui
1659 5677 1897 5745 episeop‘

1953 3043 2000 3110 ο

1942 4385 1998 4452 D.

2032 439 2158 496 fessi
2201 449 2350 505 sunt,
2387 441 2470 498 vel
2521 443 2588 496 ab
2610 441 2732 497 aliis
2778 444 2964 498 revicti
2997 445 3096 517 [id]
3128 447 3472 517 abjiciantur.

2414 527 2595 585 Conon
2643 531 2993 602 Epaunensis,
3035 552 3148 591 arra
3177 537 3258 591 19.

2104 620 2282 676 Abbas
2309 621 2354 676 si
2381 622 2433 676 in
2458 624 2613 692 culpa
2643 626 2945 694 reperiatur
2973 625 3091 698 [aut
3117 627 3358 701 fraude],
3385 639 3443 686 et
3466 633 3626 689 inno-

2033 717 2244 763 centem
2275 725 2334 763 se
2359 725 2608 766 asserens
2635 713 2704 767 ab
2724 714 2979 784 episcopo
3034 733 3133 771 suo
3160 718 3410 788 accipere
3433 722 3622 777 nolue-

2033 799 2106 854 rit
2153 815 2553 868 successorem,
2603 805 2672 859 ad
2709 806 3106 874 metropolitani
3139 807 3406 876 judicium
3453 812 3626 869 dedu-

2033 898 2210 946 catur.

2626 986 2786 1041 Αἶγα.
2811 988 2901 1041 22.

2107 1077 2130 1116 ιι
2162 1075 2218 1130 Si
2243 1077 2502 1133 diaconus
2557 1087 2650 1133 aut
2686 1079 2846 1151 (Var.
2895 1081 3043 1151 edd.)
3083 1087 3372 1158 presbyter
3417 1091 3623 1146 crimen

2031 1170 2262 1256 capitale
2287 1172 2642 1238 commiserit,
2689 1175 2964 1244 depositus
2997 1175 3090 1247 [ab
3141 1178 3304 1234 olllcii
3359 1183 3608 1256 honore},

2031 1254 2087 1308 in
2129 1257 2458 1312 monasterio
2485 1257 2818 1323 retrudatur,
2853 1260 2926 1316 ibi
2948 1265 3340 1330 tantummodo,
3373 1254 3616 1336 quandiu

2031 1345 2229 1401 vixerit
2270 1349 2650 1404 communione
2671 1351 2954 1408 sumenda.

2347 1437 2532 1496 Carum
2562 1441 2980 1509 Aurelianensis,
3007 1460 3120 1502 arra
3148 1444 3186 1500 6
3212 1445 3254 1500 ι.

2100 1529 2158 1584 Si
2185 1531 2445 1596 diaconus
2465 1541 2557 1587 aut
2576 1534 2865 1605 presbyter
2899 1535 3107 1592 crimen
3130 1537 3365 1606 capitale
3399 1544 3614 1598 comini-

2025 1622 2184 1688 serit,
2213 1622 2372 1678 simul
2425 1632 2481 1679 et
2522 1623 2699 1680 ollieio
2725 1635 2785 1680 et
2831 1627 3210 1687 communione
3254 1630 3514 1700 privetur.

2670 1715 2870 1770 Αἰναὸ
2897 1728 2960 1770 ιι.

2102 1801 2263 1874 (Αάά.
2316 1804 2373 1858 in
2404 1804 2551 1877 edd.)
2611 1804 2671 1860 Si
2723 1807 2848 1876 quis
2875 1807 3108 1864 clericus
3149 1808 3484 1872 adulterasse
3525 1823 3618 1871 aut

2030 1894 2309 1949 confessus
2333 1893 2419 1948 vel
2451 1895 2686 1951 revictus
2723 1896 2906 1964 fuerit,
2965 1897 3243 1968 depositus
3267 1902 3337 1956 ab
3365 1902 3539 1963 oﬁcio
3561 1915 3612 1960 et

2031 1982 2408 2036 communione
2431 1997 2716 2052 concessa,
2737 1984 2814 2057 [in
2845 1987 3200 2061 monasterio]
3237 1999 3353 2046 toto
3374 2001 3614 2064 tempore

2030 2073 2153 2129 vita:
2178 2087 2291 2127 sua:
2318 2075 2650 2132 retrudatur.

2682 2165 2940 2233 1Efu9“

2102 2253 2161 2308 Si
2203 2255 2326 2324 quis
2353 2256 2581 2312 clericus
2606 2255 2811 2312 furtum
2831 2267 2924 2316 aut
2941 2259 3233 2318 falsitatem
3260 2265 3614 2332 commiserit,

2027 2346 2153 2416 quia
2181 2347 2428 2416 capitalia
2458 2358 2584 2403 sunt
2606 2349 2744 2420 [ipsa
2766 2351 3044 2424 crimina],
3073 2356 3454 2412 communione
3485 2373 3605 2414 con-

2027 2453 2202 2505 cessa,
2231 2439 2300 2500 ab
2327 2440 2517 2496 ordine
2541 2441 2886 2511 degradetur.
2981 2495 2986 2500 _

2745 2533 3023 2592 Αἶναεο.

2099 2621 2287 2678 Nullus
2306 2623 2626 2682 clericorum
2648 2642 2680 2681 ε
2706 2627 3056 2704 subdiacono,
3078 2639 3136 2686 et
3163 2645 3350 2701 supra,
3379 2631 3472 2702 (In
3495 2635 3606 2688 edd.

2029 2713 2152 2769 add.
2190 2715 2456 2787 qua’dam)
2507 2732 2632 2774 cum
2684 2733 2853 2774 uxore
2887 2733 3053 2787 quam
3075 2728 3201 2776 ante
3249 2719 3412 2792 (Var.
3471 2723 3610 2793 edd.)

2029 2805 2220 2862 habuit
2238 2807 2546 2864 misceatur.
2573 2808 2726 2878 Quod
2764 2810 2810 2867 si
2831 2809 3042 2876 fecerit,
3069 2811 3204 2867 laica
3231 2815 3604 2870 communione

2029 2913 2284 2954 concessa
2338 2899 2692 2972 [contentus],
2752 2901 2913 2971 (Add.
2967 2904 3208 2973 quadam
3259 2905 3316 2958 in
3365 2905 3509 2975 edd.)
3545 2910 3607 2960 ab

2029 2989 2204 3047 cilicio
2229 2993 2544 3063 deponatur.
2571 2994 2725 3062 Quod
2752 2995 2797 3050 si
2836 2995 3015 3052 sciens
3042 2993 3201 3067 (Var.
3232 2995 3381 3065 edd.)
3410 2997 3602 3065 episco-

2027 3098 2127 3152 pus
2153 3099 2282 3138 suus
2309 3083 2487 3138 taliter
2538 3085 2733 3154 egisse,
2780 3093 2836 3140 et
2895 3100 3018 3141 eum
3049 3095 3235 3155 postea
3275 3087 3347 3140 ad
3368 3085 3594 3140 cilicium

2026 3175 2325 3241 admiserit,
2346 3177 2518 3231 tribus
2549 3176 2825 3231 mensibus
2845 3193 2966 3231 cum
2989 3176 3306 3246 poenitentia
3334 3174 3425 3248 [ad
3451 3192 3596 3247 agen-

2024 3263 2148 3328 dam
2174 3265 2580 3339 paenitentiam]
2625 3267 2696 3324 sit
2743 3282 2773 3320 a
2795 3283 2893 3324 suo
2918 3266 3094 3323 cilicio
3109 3275 3505 3338 sequestratus.

2666 3358 2806 3413 JEra
2837 3359 2867 3411 7
2903 3370 2949 3411 ι’.

2096 3449 2290 3504 Clerici
2322 3449 2488 3522 [Εείιι.
2537 3451 2666 3506 add.
2719 3451 2809 3520 qui
2861 3464 2986 3505 cum
3040 3465 3238 3505 uxores
3288 3466 3400 3505 non
3446 3450 3593 3506 habe-

2025 3541 2182 3614 rent]
2225 3542 2602 3599 benedictione
2654 3549 2908 3610 suscepta
2961 3540 3004 3596 si
3057 3539 3306 3610 conjugia
3366 3541 3592 3595 credide-

2026 3633 2136 3690 rint
2191 3633 2454 3700 eligenda,
2511 3634 2603 3702 qui
2651 3633 2893 3688 volentes
2939 3631 3142 3700 absque
3184 3630 3290 3684 ulla
3342 3631 3594 3685 reclamao

2026 3723 2172 3778 tione
2247 3723 2302 3778 in
2355 3733 2514 3779 relate
2567 3724 2802 3794 legitima
2867 3723 3085 3778 fuerunt
3146 3723 3422 3791 ordinati,
3484 3740 3592 3779 cum

2023 3813 2154 3882 ipsis
2187 3813 2503 3870 mulieribus
2525 3812 2684 3885 [quas
2715 3811 3044 3884 acceperint]
3080 3814 3460 3868 communione
3495 3812 3589 3883 pcl-

2023 3904 2224 3960 lantur.
2281 3904 2435 3971 Quod
2464 3905 2511 3960 si
2558 3905 2760 3959 invitus
2807 3913 2900 3959 aut
2933 3904 3234 3960 reclamans
3261 3905 3425 3961 fuerit
3459 3907 3588 3960 ordi-

2023 4004 2204 4059 natus,
2259 3996 2557 4064 deponatur
2587 3997 2654 4050 ab
2689 3995 2882 4060 ofﬁcio,
2941 3997 3036 4050 sed
3083 4012 3190 4050 non
3225 4000 3588 4054 communione

2022 4087 2270 4157 pellatur.
2312 4087 2610 4157 Episcopus
2652 4088 2744 4156 qui
2793 4088 3019 4142 invitum
3069 4095 3163 4145 aut
3218 4089 3588 4146 reclamantem

2021 4177 2354 4231 ordinaverit
2385 4176 2814 4248 [praesumpserit
2839 4177 3140 4250 ordinare],
3181 4181 3398 4235 annuali
3427 4183 3584 4251 paeni-

2021 4270 2200 4324 tentia:
2221 4269 2464 4324 subditus
2493 4268 2687 4323 missas
2710 4267 2888 4322 facere
2914 4284 3019 4324 non
3052 4281 3364 4340 praesumat.

2703 4369 2843 4424 Αἶγα
2874 4369 2940 4423 17
2970 4381 3021 4424 τι.

2091 4461 2168 4516 De
2202 4463 2285 4518 liis
2307 4462 2397 4534 qui
2426 4463 2480 4517 in
2507 4463 2682 4518 aliena
2714 4463 2922 4518 αἰωρεδί
2967 4462 3182 4517 clericos
3234 4466 3494 4519 ordinant.
3525 4497 3579 4507 -υ

2015 4621 2218 4702 scripto
2241 4629 2400 4691 atque
2422 4635 2688 4702 consensu
2705 4621 2935 4702 debeant
2954 4621 3280 4702 promoveri.
3315 4641 3332 4671 ι
3365 4621 3439 4702 ita
3455 4638 3582 4702 ἠυθ-

2015 4690 2203 4762 (ιιιθῖιι
2256 4690 2412 4747 conc.
2455 4692 2640 4746 Aurel.
2679 4707 2734 4755 v,
2759 4707 2809 4745 c.
2841 4691 2875 4745 5
2907 4708 2919 4743 :
2961 4690 2983 4740 ι
3020 4690 3088 4745 Ut
3111 4691 3288 4744 nullus
3341 4692 3581 4746 clericum

2013 4777 2110 4842 seu
2138 4763 2392 4817 lectorem
2416 4761 2688 4842 alienum...
2721 4761 2840 4842 sine
2889 4760 2973 4842 sui
3020 4761 3273 4842 cessione.
3319 4763 3580 4842 pontiﬁcis

2014 4833 2098 4888 vel
2116 4849 2454 4903 promovere,
2476 4832 2561 4885 vel
2589 4832 2692 4886 sibi
2715 4831 3042 4901 quibuslibet
3070 4831 3473 4886 conditionibus
3493 4847 3578 4886 au-

2014 4904 2134 4958 deat
2155 4905 2449 4958 vindicare.
2485 4923 2503 4955 ι

2085 4973 2100 5024 i
2165 4974 2365 5043 lnterp.
2404 4972 2602 5027 Ruﬁni.
2641 4972 2761 5027 νεά.
2805 4970 2962 5043 epist.
3001 4971 3034 5025 6
3077 4969 3300 5026 Joannis
3343 4985 3486 5042 papa:
3514 4971 3566 5024 ll.

2083 5044 2108 5084 ιι
2159 5044 2279 5099 Vid.
2309 5042 2494 5097 titulos
2546 5058 2811 5098 canonum
2840 5042 3237 5097 Gallicanorum
3276 5050 3399 5112 post
3423 5044 3566 5111 epist.

2007 5114 2229 5189 Joannis
2261 5113 2502 5189 papzell._
2698 5183 2721 5189 _
2765 5181 2865 5189 ____
2937 5181 2949 5189 _
3017 5182 3031 5189 _
3416 5179 3447 5189 _

2085 5183 2104 5224 1
2152 5179 2524 5240 Con'cfAurel.
2551 5199 2592 5245 ι,
2614 5198 2662 5237 c.
2693 5183 2747 5237 9.
2765 5181 2886 5238 Vid.
2911 5181 3098 5236 titulos
3122 5197 3387 5237 canonum
3408 5179 3557 5238 Galli-

2007 5269 2286 5320 canorum,
2336 5255 2463 5308 dist.
2495 5254 2586 5318 81,
2609 5268 2675 5308 ex
2717 5267 2870 5308 conc.
2900 5252 3165 5318 Arelat.1,
3196 5268 3246 5306 c.
3280 5254 3368 5308 11.

2076 5336 2116 5364 ω
2139 5324 2304 5379 Cone.
2334 5323 2515 5378 Aurel.
2548 5339 2630 5386 ιιι,
2667 5336 2714 5377 c.
2747 5322 2800 5377 8.
2834 5322 2950 5377 για.
2983 5323 3130 5379 cosd.
3178 5321 3379 5382 titulos.

2075 5407 2103 5434 ιι
2131 5393 2384 5474 Eiusdem
2408 5409 2560 5448 conc.
2604 5409 2684 5474 in,
2714 5407 2762 5447 c.
2787 5392 2840 5447 8.

2077 5475 2102 5501 ο
2130 5463 2314 5532 Ejusd.
2347 5478 2525 5530 conc.,
2549 5479 2599 5518 c.
2622 5464 2676 5517 ἓ.

2077 5549 2102 5588 P
2128 5536 2310 5610 Ejusd.
2338 5549 2490 5589 conc.
2518 5549 2601 5610 in,
2632 5533 2764 5610 c._7.

2072 5619 2097 5658 τι
2146 5602 2330 5676 Ejusd.
2360 5620 2513 5662 conc.
2545 5604 2730 5659 Aurel.
2765 5621 2845 5671 tu,
2873 5619 2920 5660 c.
2957 5602 3044 5660 15.
