3924 6180
388 292 526 351 1025
1229 292 1548 351 CANOXES
1587 286 1880 347 SELECTI’
1908 287 2003 345 EX
2042 288 2196 345 VET.
2233 289 2390 346 CAN.
2433 289 2765 351 COLLECT.
3490 297 3619 355 (016

384 405 722 483 [apostolico]
755 407 962 465 Joanne
1005 417 1164 480 papa,
1193 410 1368 480 major
1407 411 1642 466 Charitas
1690 426 1854 480 quam
1896 409 1951 463 in
1980 409 2027 467 Δ
2053 404 2107 458 in
2130 405 2235 460 hoc
2261 406 2500 476 periculo
2528 407 2742 464 mittere
2763 407 2983 463 omnino
3010 421 3116 462 non
3136 408 3310 464 audeo
3334 408 3494 480 :qnia
3531 427 3626 467 nec

379 498 604 570 reliquis
645 499 844 555 sanctis
888 499 1254 554 sacerdotibus
1289 501 1379 568 qui
1425 498 1539 554 haec
1577 499 1819 569 exempla
1870 498 1954 553 vel
2051 493 2179 548 talia
2231 504 2354 550 sunt
2388 498 2580 553 merita
2629 513 2773 565 mea,
2810 507 2870 553 ut
2903 499 3130 554 aliorum
3171 510 3397 570 peccata
3445 503 3504 556 in
3545 519 3628 559 me

378 593 618 648 remedia
642 591 770 663 [hoc
793 606 891 661 pro
931 591 1174 662 exemplo
1200 591 1283 645 vel
1307 590 1578 664 remedio]
1601 591 1952 646 ecclesiarum
2048 585 2296 655 excipere
2325 602 2646 656 praesumam
2689 606 2703 642 :
2755 604 2856 644 nec
2888 597 3092 644 tantam
3123 590 3488 660 eloquentiam
3534 594 3630 648 ha-

379 683 495 739 suis
523 679 922 737 deﬁnitionibus
940 679 1403 736 deliberaverunt?
1431 681 1496 736 Et
1523 681 1644 738 ideo
1670 689 1761 735 aut
1783 695 1952 750 prona
2047 675 2171 741 beo,
2209 683 2268 730 ut
2292 686 2416 732 ante
2445 679 2683 732 tribunal
2722 677 2926 734 Christi
2963 687 3150 734 contra
3179 688 3357 736 tantos
3386 697 3451 738 ac
3495 683 3634 742 tales

379 769 602 846 [plena]
655 772 931 828 voluntate
981 773 1265 842 praeceptis
1329 773 1538 826 illorum
1591 771 1967 834 consentiant,
2047 776 2263 825 sanctos
2303 771 2631 838 sacerdotes,
2657 772 2750 841 qui
2779 786 3015 827 canones
3051 780 3393 837 statuerunt,
3434 791 3632 832 causas

378 861 537 934 (Var.
577 863 722 936 edd.)
745 870 838 918 aut
862 863 1112 918 omnibus
1138 863 1243 918 illis
1273 862 1573 916 contrarios
1614 877 1672 916 se
1699 869 1754 916 et
1780 860 1951 915 inimi-
1978 858 2006 872 “”
2047 861 2228 916 dicere
2252 861 2479 930 possim.
2508 862 2700 919 Videat
2722 864 3113 933 unusquisque,
3135 865 3224 933 qui
3247 865 3408 920 aliter
3427 870 3640 923 sentire

376 970 472 1010 cos
495 969 613 1010 esse
634 963 980 1025 cognoscant.
1009 955 1138 1021 Quae
1164 961 1248 1008 est
1286 953 1508 1024 iustitia:
1537 953 1756 1007 inimica
1800 952 1951 1007 beni—
2044 949 2131 1006 vel
2171 951 2461 1006 observare
2506 951 2762 1022 disponit,
2800 953 3036 1022 qualiter
3079 955 3250 1023 possit
3281 956 3334 1009 in
3379 956 3466 1010 die
3487 955 3633 1024 judi-

373 1048 572 1120 gnitas,
601 1047 820 1117 palpare
861 1046 1202 1109 criminosos,
1234 1052 1289 1100 et
1317 1043 1539 1098 vulnera
1565 1058 1752 1098 eorum
1781 1056 1950 1111 usque
2047 1039 2116 1094 cii
2143 1040 2368 1096 reddere
2396 1041 2681 1096 rationem.
2711 1042 2822 1111 Ego
2868 1040 2923 1095 in
2967 1051 3232 1110 quantum
3262 1044 3408 1097 vires
3441 1047 3631 1114 digna-

377 1137 439 1194 in
463 1138 604 1193 diem
624 1135 814 1205 judicii
836 1137 1078 1190 incurata
1100 1134 1350 1190 servare?
1385 1133 1539 1200 Quod
1576 1133 1620 1188 si
1656 1148 1748 1187 eos
1773 1133 1948 1187 duris-
2048 1139 2140 1185 tur
2183 1131 2312 1186 dare
2336 1130 2501 1198 Deus,
2534 1132 2656 1187 volo
2681 1147 2870 1187 eorum
2908 1134 3359 1204 prmceptionibus
3409 1136 3631 1192 obedire

377 1231 571 1285 simam
594 1229 968 1298 paenitentiam
995 1242 1090 1296 per
1116 1227 1300 1296 plures
1344 1241 1514 1280 annos
1555 1240 1715 1295 agere
1742 1225 1950 1278 videre-
2049 1221 2343 1294 [studere];
2386 1224 2513 1293 quia
2552 1239 2675 1278 cum
2714 1223 2820 1279 illis
2848 1239 2956 1280 non
2987 1224 3153 1288 rixas,
3202 1226 3296 1280 sed
3329 1241 3553 1295 pacem,
3579 1239 3629 1282 et

373 1335 518 1386 mus,
547 1322 626 1377 sic
654 1333 680 1362 ι
723 1331 778 1376 et
815 1321 1048 1389 idipsum
1095 1326 1152 1373 et
1197 1318 1355 1372 saluti
1410 1331 1597 1372 eorum
1644 1316 1943 1380 consulere,
2045 1313 2473 1383 qualemcunque
2495 1322 2706 1382 partem
2739 1315 2941 1370 habere
2969 1315 3236 1371 desidem.
3267 1317 3330 1371 Et
3373 1315 3478 1370 hoc
3507 1318 3626 1372 dili-

373 1422 432 1468 ut
470 1420 524 1469 et
543 1427 810 1470 canonum
835 1411 1152 1466 deberemus
1172 1415 1373 1464 statuta
1393 1423 1631 1463 servare.
1657 1407 1790 1462 Cum
1821 1421 1948 1460 vero
2045 1415 2234 1475 genter
2269 1405 2654 1460 attendendum
2692 1414 2793 1468 est,
2843 1415 2904 1462 ut
2942 1407 3018 1462 illi
3050 1406 3225 1478 [Quod
3257 1409 3302 1463 si
3331 1411 3627 1464 secundum

376 1507 429 1560 in
449 1506 716 1576 aliquibus
729 1520 831 1560 nec
849 1503 1192 1574 compunctio
1211 1501 1547 1567 humilitatis,
1563 1515 1662 1555 nec
1692 1497 1946 1554 instantia
2045 1497 2190 1564 quod
2215 1495 2476 1566 scriptum
2503 1507 2605 1564 est,
2658 1497 2756 1562 illi,
2786 1496 2918 1570 etc.]
2970 1499 3153 1554 clerici
3193 1501 3283 1569 qui
3310 1501 3380 1555 ad
3431 1516 3627 1558 uxores

372 1597 561 1650 orandi
598 1595 684 1650 vel
713 1595 996 1666 plangendi
1050 1601 1326 1664 appareat,
1369 1606 1470 1648 nec
1513 1593 1731 1646 beatum
1778 1589 1948 1645 David
2045 1587 2293 1657 pr0prias
2321 1587 2564 1653 redeunt,
2590 1588 2657 1642 ad
2690 1589 2955 1660 integrum
2978 1591 3046 1645 ab
3076 1589 3250 1647 cilicio
3291 1593 3626 1663 suspendan-

373 1685 674 1749 imitentur,
732 1685 822 1754 qui
876 1685 1053 1740 dixit:
1091 1683 1294 1738 Lavabo
1339 1699 1431 1753 per
1481 1681 1716 1752 singulas
1773 1689 1944 1736 noctes
1978 1743 2017 1754 Δ
2046 1685 2152 1732 tur.
2180 1679 2248 1735 Et
2294 1680 2375 1736 sic
2402 1681 2566 1734 etiam
2601 1681 2800 1751 digami
2848 1688 2902 1736 et
2948 1681 3380 1754 intemuptarum
3423 1688 3621 1754 mariti,

370 1773 560 1826 lectum
588 1743 777 1838 meum:
805 1773 1049 1844 lacrymis
1088 1774 1216 1828 meis
1259 1743 1481 1826 stratum
1521 1743 1694 1826 meum
1742 1769 1943 1842 rigabo.
1978 1743 2022 1806 Β
2049 1770 2140 1839 qui
2169 1769 2357 1840 utique
2384 1785 2502 1825 rem
2547 1770 3019 1838 licitam‘faciunt,
3058 1743 3240 1828 clerici
3276 1781 3458 1831 tamen
3485 1743 3623 1832 ordi:

371 1866 438 1918 Et
477 1865 606 1919 illud
659 1883 686 1918 :-
723 1865 957 1920 Cinerem
1004 1867 1140 1919 sicut
1192 1880 1380 1936 panem
1434 1863 1816 1926 manducabam
1841 1905 1856 1929 ,
1903 1873 1950 1917 et
2047 1862 2165 1916 nari
2193 1877 2301 1916 non
2331 1869 2575 1931 possunt,
2609 1870 2662 1917 et
2687 1862 2730 1916 si
2771 1863 3008 1917 ordinati
3035 1862 3256 1930 fuerint,
3281 1865 3621 1934 dejiciantnr,

369 1966 547 2024 ροιιιηι
575 1973 744 2010 meum
767 1972 880 2009 Cum
903 1965 1036 2035 fletu
1054 1956 1355 2028 miscebant,
1379 1975 1478 2015 nec
1509 1974 1603 2014 eos
1630 1955 1847 2027 jejuniis
1865 1953 1948 2007 vel
2048 1951 2115 2006 de
2159 1952 2356 2022 quibus
2401 1953 2566 2007 etiam
2611 1961 2830 2010 sanctus
2880 1953 3112 2009 Faustus
3160 1956 3214 2010 in
3261 1959 3486 2027 epistola
3532 1976 3622 2015 sua

368 2045 693 2103 Ῑθοιὶοηὶὺυε
736 2073 928 2114 vacare
981 2058 1289 2117 videamus;
1352 2066 1638 2124 possumus
1685 2061 1947 2119 agnosce-
2047 2043 2225 2098 dixit:
2266 2061 2284 2096 ι
2311 2043 2497 2100 Perdit
2521 2046 2751 2114 gratiam
2803 2048 3128 2114 consecrati,
3169 2049 3260 2117 qui
3309 2051 3488 2106 adhuc
3515 2051 3625 2105 olli-

367 2163 464 2216 re,
495 2151 541 2206 si
571 2152 636 2204 ad
654 2151 916 2206 honorem
936 2147 1226 2218 pristinum
1273 2144 1536 2208 redirent,
1581 2155 1703 2196 cum
1744 2147 1946 2210 quanta
2047 2133 2190 2189 cium
2215 2133 2330 2188 vult
2367 2144 2390 2174 ο
2425 2135 2662 2190 excitare
2691 2134 2992 2208 [ειετοθτθ]
3043 2140 3244 2194 ωπίιίο
3281 2159 3302 2192 ’
3337 2141 3475 2196 Cum
3511 2144 3623 2200 δα

371 2242 713 2314 negligentia,
744 2249 800 2296 et
829 2255 950 2296 cum
977 2246 1178 2310 quanto
1200 2245 1386 2304 tepore
1418 2231 1697 2306 [torpore]
1717 2272 1731 2294 ,
1769 2238 1825 2286 et
1848 2228 1948 2284 ini-
2045 2247 2075 2287 a
2101 2231 2266 2286 tantis
2293 2247 2360 2286 ac
2388 2231 2585 2287 talibus
2612 2232 2744 2288 viris
2770 2241 2971 2287 statuta
3001 2233 3128 2295 sint,
3166 2251 3271 2304 qua
3293 2238 3622 2294 conscientia

365 2333 505 2388 mica
541 2332 734 2386 anima:
754 2330 1043 2386 securitate
1064 2332 1464 2399 permanerent,
1493 2323 1774 2380 credentes
1803 2319 1946 2391 quod
2044 2322 2329 2392 quisquam
2363 2322 2544 2377 dicere
2584 2323 2803 2393 poterit,
2847 2323 2995 2393 quod
3026 2323 3115 2378 ille
3162 2326 3252 2394 qui
3299 2327 3622 2384 adulterium

365 2423 448 2480 sic
487 2424 568 2478 eis
617 2439 722 2478 non
757 2431 877 2476 acta
925 2422 1081 2492 digne
1118 2417 1436 2491 paenitentia
1473 2413 1738 2471 dimiserit
1779 2411 1942 2476 Deus,

370 2514 638 2585 quomodo
660 2523 715 2569 et
737 2513 1045 2568 sacerdotes
1072 2511 1360 2566 indulsisse
1383 2509 1652 2563 videntur.
1688 2507 1827 2561 Vere
1869 2504 1945 2559 di-

369 2622 433 2662 co
453 2648 467 2671 ,
507 2606 635 2675 quia
665 2605 742 2660 illi
774 2605 874 2674 ipsi
898 2604 1092 2672 quibus
1118 2617 1240 2657 cum
1268 2599 1570 2672 periculosa
1601 2605 1656 2653 et
1677 2595 1810 2650 falsa
1842 2595 1944 2650 mi-

367 2696 660 2750 sericordia
705 2694 986 2762 indulgere
1025 2691 1292 2757 videmur,
1345 2705 1468 2746 cum
1525 2696 1652 2742 ante
1701 2686 1940 2741 tribunal

367 2785 567 2840 Christi
612 2800 711 2854 pro
763 2784 942 2838 tantis
972 2781 1208 2852 peccatis
1255 2779 1544 2836 damnandi
1589 2775 1938 2841 advenerint,

366 2888 556 2931 contra
580 2891 680 2931 nos
707 2876 850 2944 ipsos
874 2889 1065 2930 causas
1096 2871 1292 2928 dicturi
1315 2878 1458 2935 sunt,
1485 2870 1724 2924 dicentes
1754 2882 1769 2921 :
1797 2866 1938 2937 quod

368 2968 494 3024 dum
523 2967 870 3037 asperitatem
895 2965 1090 3037 linguae
1111 2979 1297 3019 eorum
1326 2963 1658 3032 expavimus,
1685 2968 1778 3015 aut
1802 2958 1937 3012 falsa

2044 2414 2393 2479 commiserit,
2424 2415 2619 2469 iterum
2649 2415 2717 2470 ad
2751 2415 3012 2470 honorem
3042 2417 3222 2472 redire
3243 2421 3454 2486 possit?
3477 2419 3622 2488 Quod

2043 2506 2087 2560 si
2120 2505 2313 2575 aliquis
2341 2506 2487 2560 dicat
2520 2523 2532 2558 :
2563 2505 2703 2576 Ergo
2728 2521 2896 2577 negas
2930 2507 3364 2564 misericordiam
3397 2511 3510 2574 Dei,
3533 2513 3619 2582 qui

2042 2595 2179 2650 dixit
2209 2614 2222 2649 :
2254 2594 2394 2650 Nolo
2421 2605 2645 2649 mortem
2685 2597 2994 2666 peccatoris,
3025 2597 3118 2652 sed
3149 2607 3202 2652 ut
3225 2611 3619 2657 convertaturet

2041 2689 2194 2744 vivat.
2227 2687 2294 2742 Et
2324 2688 2456 2743 illud
2490 2707 2503 2742 :
2538 2686 2794 2759 Nunquid
2824 2690 2913 2760 qui
2955 2689 3116 2754 cadit,
3157 2707 3262 2744 non
3307 2691 3522 2762 adjiciat
3568 2702 3618 2747 at

2040 2783 2326 2854 resurgat?
2350 2781 2421 2836 Et
2475 2791 2716 2854 peccator
2766 2783 2821 2836 in
2871 2799 3176 2854 quacunque
3224 2784 3309 2838 die
3352 2801 3617 2839 conversus

2039 2875 2223 2944 fuerit,
2279 2890 2454 2928 omnes
2498 2874 2798 2944 iniquitates
2855 2872 2968 2942 ejus
3032 2872 3277 2926 oblivioni
3325 2874 3612 2926 tradentur.

2041 2964 2224 3038 (ναν.)
2256 2967 2338 3021 Ad
2370 2967 2512 3021 hanc
2545 2964 2904 3034 objectionem
2929 2965 3097 3019 libera
3122 2981 3254 3022 voce
3296 2968 3614 3038 respondere

365 3055 732 3111 blandimenta
756 3065 811 3112 et
831 3056 1159 3126 periculosas
1179 3053 1514 3160 adulationes
1535 3051 1766 3160 libenter
1789 3063 1937 3160 acce-
1961 3097 2008 3160 ε
2038 3067 2094 3113 ει
2121 3075 2407 3130 possumus
2447 3069 2504 3114 ει
2544 3060 2821 3120 debemus,
2854 3058 3011 3113 Absit
3033 3075 3062 3113 τι
3092 3059 3274 3126 nobis,
3305 3069 3366 3114 ιιι
3413 3062 3480 3116 de
3505 3062 3612 3116 istis

364 3149 562 3218 pimus,
583 3163 682 3203 nos
724 3159 837 3214 eos,
865 3145 1022 3220 (Var.
1069 3164 1156 3218 ap.
1184 3144 1360 3218 εἶναι.)
1395 3147 1521 3200 dum
1547 3143 1655 3199 illis
1676 3141 1938 3198 inutiliter

367 3237 773 3309 indulgeremus-
790 3238 843 3292 in
868 3237 1452 3308 peecatispermanere,
1467 3242 1560 3289 aut
1579 3234 1692 3304 ipsa
1714 3239 1938 3303 peccata

367 3327 529 3382 etiam
559 3343 770 3399 augere
800 3327 1206 3398 permiserimus
1232 3366 1247 3392 ,
1294 3341 1401 3381 non
1432 3325 1780 3381 recordantes
1808 3319 1938 3378 illud

365 3421 508 3488 quod
551 3419 606 3474 in
637 3419 816 3477 Veteri
839 3420 1185 3476 Testamento
1216 3418 1476 3488 scriptum
1501 3423 1586 3471 est
1611 3457 1625 3482 ,
1677 3415 1804 3484 quia
1832 3427 1936 3467 uno

365 3520 608 3581 peccante
653 3520 834 3565 contra
873 3527 1048 3566 omnes
1075 3511 1156 3564 ira
1181 3509 1278 3564 Dei
1302 3508 1554 3565 desaeviet
1580 3507 1629 3561 ι).
1657 3504 1702 3561 Ο
1723 3505 1894 3576 pietas
1919 3504 1932 3559 Ξ

365 3619 400 3654 0
425 3602 823 3657 misericordia!
849 3603 940 3655 uni
967 3616 1208 3670 parcere,
1237 3608 1291 3655 et
1315 3614 1503 3654 omnes
1532 3596 1715 3669 (γαν.)
1748 3608 1934 3650 exem-

367 3694 454 3761 plo
496 3695 638 3748 malo
684 3695 738 3748 in
787 3695 1074 3750 discrimen
1129 3694 1416 3750 adducere.
1465 3693 1584 3748 Non
1633 3693 1708 3748 ita
1747 3692 1936 3747 suadet

369 3792 427 3845 S.
455 3790 635 3864 (Van)
659 3791 958 3863 Cyprianus
989 3792 1124 3864 (Lib.
1158 3793 1222 3847 de
1249 3792 1452 3865 Lapsis)
1501 3793 1685 3848 dicens
1717 3803 1734 3846 :
1777 3810 1796 3843 ‹
1831 3792 1936 3859 Qui

365 3890 680 3949 peccantem
703 3881 1242 3939 verbisadulantibus
1268 3884 1466 3952 palpat,
1494 3883 1756 3953 peccandi
1776 3882 1934 3938 fomi-

364 3980 475 4026 tem
501 3971 892 4036 subministrat,
916 3987 1017 4028 nec
1052 3974 1248 4043 premit
1278 3973 1576 4046 [reprimit]
1595 3974 1814 4039 delicta,
1841 3975 1935 4030 sed

365 4060 527 4117 fovet.
566 4080 586 4115 ι
615 4062 682 4117 Et
710 4062 940 4118 iterum?
965 4081 983 4116 ι
1014 4063 1300 4134 lmperitus
1327 4072 1410 4120 est
1436 4065 1678 4118 medicus
1697 4065 1787 4134 qui
1813 4073 1935 4119 ante

363 4153 624 4224 deiectam
661 4156 998 4225 putredinem
1027 4157 1336 4227 superducit
1372 4155 1580 4211 vulneri
1623 4156 1934 4210 cicatricem

364 4243 616 4314 (Multum
651 4261 761 4300 var.
792 4247 848 4301 in
874 4246 1040 4319 αἰεί).
1077 4266 1097 4300 ι
1128 4247 1197 4301 Et
1238 4247 1362 4303 ideo
1394 4247 1680 4318 diligenter
1707 4261 1934 4318 perpen-

363 4337 501 4402 dite,
549 4337 594 4392 si
636 4341 729 4390 aut
753 4344 946 4406 potest,
983 4344 1084 4392 aut
1121 4337 1277 4392 debet
1306 4337 1442 4402 fieri,
1474 4345 1538 4392 ut
1574 4345 1848 4392 tantorum
1869 4351 1934 4391 ac

2039 3153 2330 3208 sententiis
2350 3153 2636 3215 videamur
2664 3151 2750 3208 vel
2789 3150 2984 3206 leviter
3033 3151 3299 3208 dubitare.
3352 3154 3613 3210 Deﬁnitis

2038 3245 2175 3301 sime
2202 3246 2347 3301 enim
2399 3247 2672 3302 credimus
2709 3247 2854 3317 quod
2897 3247 2946 3304 is
2986 3246 3079 3318 qui
3130 3261 3302 3316 usque
3339 3246 3410 3300 ad
3463 3247 3609 3300 ﬁnem

2037 3337 2162 3392 vita:
2184 3352 2294 3392 sua:
2323 3338 2696 3408 ptenitentiam
2725 3340 2884 3412 digne
2913 3339 3085 3411 egerit
3109 3378 3123 3405 ,
3175 3352 3282 3392 non
3328 3336 3506 3392 solum
3545 3338 3609 3390 in-

2038 3427 2368 3498 dulgentiam
2403 3430 2630 3499 accipiet
2653 3441 2682 3496 ,'
2709 3431 2803 3486 sed
2847 3431 3009 3487 etiam
3057 3429 3126 3485 ad
3148 3428 3315 3482 vitam
3361 3438 3610 3483 attemam

2038 3517 2283 3592 [praemia
2308 3519 2534 3593 mterna]
2559 3522 2856 3591 perveniet.
2895 3512 3128 3590 Propter
3157 3518 3396 3590 regulam
3441 3527 3606 3573 tamen

2035 3607 2480 3675 ecclesiasticam,
2504 3619 2558 3664 et
2579 3620 2800 3681 propter
2830 3611 3175 3681 antiquorum
3199 3609 3424 3663 Patrum
3445 3617 3605 3663 statu-

2035 3711 2118 3764 ta,
2141 3717 2263 3770 qua:
2290 3702 2430 3756 absit
2457 3717 2485 3755 a
2509 3703 2665 3757 nobis
2687 3710 2749 3757 ut
2771 3711 2866 3758 aut
2891 3702 3286 3772 reprehendere
3315 3711 3412 3755 aut
3431 3701 3606 3756 discu-

2035 3802 2150 3864 tere
2178 3792 2489 3857 audeamus,
2507 3808 2628 3848 cum
2655 3795 2937 3850 credamus
2951 3793 3097 3866 [eum
3132 3809 3293 3864 quem
3321 3792 3603 3865 credimus]

2033 3883 2101 3938 ad
2121 3884 2286 3938 vitam
2311 3891 2568 3939 aeternam
2589 3893 2998 3955 postperactam
3014 3883 3384 3956 paenitentiam
3413 3885 3603 3947 venire,

2033 3977 2100 4031 ad
2131 3977 2390 4032 honorem
2420 3976 2708 4033 clericatus
2750 3979 3046 4034 secundum
3075 3985 3346 4033 tantorum
3395 3977 3604 4032 Patrum

2032 4072 2300 4136 praecepta
2322 4067 2571 4120 novimus
2594 4082 2702 4121 non
2735 4067 2930 4122 debere
2963 4068 3196 4133 reverti;
3239 4069 3293 4121 in
3323 4076 3529 4121 tantum
3555 4075 3605 4120 ut

2034 4158 2087 4211 in
2115 4157 2412 4212 canonibus
2433 4158 2691 4227 scriptum
2711 4159 2810 4213 sit:
2831 4157 2858 4196 ἀ
2883 4176 2900 4210 ι
2927 4157 3003 4213 Ne
3032 4157 3173 4212 ullus
3195 4174 3434 4228 unquam
3460 4158 3604 4213 cleri-

2032 4263 2129 4302 cus
2155 4248 2424 4318 pmnitens
2455 4248 2752 4303 ordinetur.
2794 4268 2812 4300 ι
2858 4248 2925 4302 Et
2954 4248 3000 4303 si
3046 4246 3134 4303 ille
3186 4249 3278 4317 qui
3309 4247 3456 4300 ultro
3481 4249 3605 4317 petit

2030 4339 2426 4410 primit—entiam,
2455 4340 2702 4408 quamvis
2726 4353 2846 4393 eam
2873 4337 3112 4408 perfecte
3135 4346 3280 4409 agat,
3306 4353 3417 4392 non
3441 4345 3606 4408 potest

363 4428 573 4494 talium,
595 4444 730 4499 quos
753 4445 917 4500 supra
944 4430 1379 4495 memoravimus,
1402 4431 1742 4487 sacerdotum
1771 4446 1933 4486 cano-
1959 4445 2008 4504 υ
2031 4432 2315 4502 episcopus
2343 4439 2435 4484 aut
2455 4431 2740 4502 presbyter
2765 4430 3026 4495 ordinari,
3050 4431 3123 4483 ita
3165 4437 3223 4482 ut
3253 4429 3471 4484 etiamsi
3516 4444 3609 4499 per

362 4537 459 4577 nes
487 4528 906 4587 contemnentes,
947 4521 1102 4578 aliter
1126 4537 1288 4592 quam
1332 4523 1407 4578 illi
1456 4531 1790 4587 statuerunt,
1837 4524 1933 4579 ob-

363 4627 580 4668 servare
621 4612 708 4668 vel
756 4628 915 4684 agere
949 4629 1366 4683 praesumamus;
1416 4617 1684 4686 praecipue
1719 4630 1840 4669 cum
1885 4616 1931 4670 si

364 4701 578 4756 illorum
611 4717 838 4758 cccxvm
891 4704 1286 4775 episcoporum,
1323 4706 1417 4775 qui
1461 4721 1560 4775 per
1608 4721 1796 4762 omnes
1825 4705 1932 4761 Ec-

366 4791 558 4846 clesias
593 4792 819 4846 concilia
849 4792 966 4847 fieri
995 4791 1178 4865 (ναν.)
1228 4802 1547 4858 statuerunt,
1595 4802 1705 4850 tam
1745 4802 1933 4849 sancta

365 4880 580 4934 decreta
603 4878 1028 4947 neglexerimus,
1055 4897 1162 4936 non
1208 4883 1379 4938 solum
1411 4883 1530 4938 illos
1577 4883 1934 4954 despiciemus

369 4965 720 5038 (Add.quted.
745 4967 801 5021 in
829 4968 974 5038 edd.)
999 4971 1092 5024 sed
1122 4979 1176 5026 et
1198 4969 1481 5029 Africanos
1508 4971 1860 5044 [pontifices],
1881 4983 1935 5028 et

369 5074 558 5114 omnes
572 5057 824 5128 reliquos,
843 5059 932 5128 qui
956 5059 1086 5128 ipsis
1097 5061 1468 5117 ordinantibus
1481 5079 1578 5132 per
1599 5072 1768 5117 totum
1789 5080 1937 5118 mim-

372 5151 498 5206 dum
525 5165 626 5222 pro
653 5148 1015 5206 ecclesiastica
1047 5148 1326 5219 disciplina
1379 5153 1579 5222 aliquid
1611 5162 1934 5220 statuerunt,

369 5257 494 5299 cum
530 5249 754 5314 peccato
798 5241 992 5297 anima:
1017 5247 1214 5297 nostra:
1241 5251 1664 5300 contemnemus.
1712 5246 1823 5317 Ego
1852 5261 1938 5302 me

1929 5337 1966 5390 Ῡ,

437 5431 466 5462 ι
493 5420 596 5476 llic
619 5418 771 5476 locus
793 5419 945 5476 varie
972 5428 1028 5474 et
1063 5419 1118 5474 in
1137 5418 1223 5473 ed.
1257 5417 1418 5489 apud.
1449 5417 1602 5474 Crat.
1646 5420 1860 5490 legitur.

440 5490 470 5532 δ
496 5491 611 5545 Huc
638 5507 809 5560 usque
835 5490 986 5546 Crat.

443 5568 467 5596 ε
493 5557 854 5632 Hieronymus
882 5561 1005 5632 libg
1033 5560 1291 5616 adversus
1307 5557 1647 5632 Iovinianum
1674 5577 1686 5612 :
1711 5579 1728 5611 ι
1757 5559 1937 5626 Quan-

377 5629 475 5698 diu
491 5629 685 5698 impleo
702 5629 890 5685 'mariti
917 5630 1171 5695 cilicium,
1200 5647 1306 5686 non
1342 5631 1539 5698 impleo
1566 5629 1876 5686 Christiani.
1911 5653 1938 5685 ι

381 5698 446 5750 Et
467 5696 518 5750 in
543 5696 778 5768 apologia
805 5715 902 5768 pro
935 5700 1085 5755 libris
1115 5703 1373 5757 adversus
1401 5696 1573 5756 Iovin.
1607 5720 1618 5754 :
1660 5721 1678 5754 ‹
1715 5703 1937 5770 Quando

2033 4524 2388 4593 ignorantiam
2439 4522 2720 4577 ordinatus
2762 4522 2961 4588 fuerit,
3011 4519 3341 4589 deiiciatur:
3383 4521 3476 4577 ille
3518 4523 3608 4592 qui

2031 4612 2233 4667 invitus
2270 4614 2338 4668 ad
2384 4612 2756 4682 paenitentiam
2805 4613 3070 4684 agendam
3118 4613 3173 4667 in
3221 4615 3605 4669 monasterium

2032 4704 2266 4760 mittitur
2291 4705 2340 4776 (θ
2363 4713 2418 4759 et
2441 4705 2626 4774 utique
2651 4706 2781 4775 quid
2811 4706 2974 4772 aliud,
3017 4721 3179 4775 quam
3208 4707 3503 4774 pmnitens,
3532 4709 3608 4762 di-

2031 4795 2234 4851 cendus
2257 4796 2444 4865 est?),
2482 4811 2586 4865 qua
2616 4795 2956 4851 Conscientia
3003 4795 3070 4850 ad
3117 4797 3486 4852 sacerdotium
3529 4811 3606 4851 re-

2033 4884 2146 4939 dire
2184 4883 2557 4952 permittitur?
2601 4883 2766 4938 Nemo
2813 4883 2944 4938 mihi
2975 4883 3079 4939 alia
3128 4884 3384 4954 qua-libet
3421 4893 3600 4941 contra

2033 4972 2410 5029 auctoritatem
2444 4973 2588 5028 sedis
2636 4973 2960 5044 apostolicae.
3010 4973 3093 5028 vel
3140 4984 3329 5028 contra
3379 4990 3598 5033 cccxvm

2032 5066 2406 5134 episcoporum
2434 5074 2720 5134 prtecepta,
2747 5065 2830 5119 vel
2852 5064 3184 5136 reliquorum
3208 5081 3478 5122 canonum
3499 5079 3601 5122 sta-

2036 5163 2148 5209 tuta
2173 5154 2389 5224 obiiciat
2409 5155 2563 5224 Lquia
2591 5155 2847 5224 quidquid
2875 5167 3062 5211 contra
3100 5155 3312 5210 illorum
3337 5158 3594 5213 deﬁnitio-

2035 5244 2248 5310 nem,in
2271 5244 2466 5314 quibus
2491 5243 2745 5315 Spiritum
2767 5255 3014 5300 sanctum
3031 5260 3151 5300 esse
3172 5245 3411 5301 locutum
3431 5246 3593 5304 credi-

2035 5420 2228 5490 impleo
2252 5419 2433 5474 mariti
2453 5416 2715 5490 cilicium,
2733 5432 2839 5472 non
2867 5417 3061 5487 impleo
3075 5417 3447 5476 continentis.»
3473 5416 3580 5475 Vid.

2035 5487 2146 5544 not.
2179 5490 2246 5542 ad
2277 5490 2426 5543 Poen.
2451 5487 2656 5542 Theod.

2102 5559 2127 5598 δ
2159 5559 2321 5613 Cone.
2372 5558 2552 5628 Rom,
2579 5556 2680 5611 sub
2726 5555 2907 5613 llilaro
2953 5572 3082 5628 pp.,
3139 5572 3262 5614 can.
3324 5558 3391 5626 '5;
3435 5569 3573 5615 conc.

2035 5629 2350 5700 Agathens.,
2381 5642 2504 5682 can.
2529 5627 2618 5681 45.

2108 5711 2130 5738 ο
2161 5699 2334 5753 Locus
2357 5699 2408 5752 in
2431 5697 2516 5753 ed.
2548 5705 2852 5768 corruptus.
