3928 6178
289 293 431 354 illi?

1142 302 1460 362 CANONES
1499 306 1784 364 SELECTI
1815 309 1912 366 EX
1950 312 2107 367 VET.
2144 313 2299 370 CAN.
2351 316 2686 376 COLLECT.

3405 335 3539 392 ιῦιε

285 429 430 480 mus,
470 412 672 468 dictum
695 411 879 480 fuerit,
901 417 1140 487 recipere
1165 435 1270 473 non
1299 420 1471 475 solum
1496 423 1862 489 temerarium,
1891 427 1944 485 Α
1968 434 2130 480 certa:
2156 428 2498 486 necessitatis
2534 433 2796 500 exoritur,
2831 434 3162 508 [poscentem
3191 444 3540 518 baptismum]

287 505 382 561 sed
408 506 573 560 etiam
598 506 959 576 periculosum
995 525 1112 564 esse
1141 528 1245 566 non
1289 513 1494 568 dubito.
1519 515 1684 570 Valde
1713 518 1858 571 enim

285 606 469 652 metuo
515 607 571 652 et
615 600 975 655 contremisco
1014 601 1156 655 illam
1214 603 1653 670 damnationem,
1697 622 1859 676 quam

285 687 404 742 Heli
459 686 714 743 sacerdos
751 700 971 758 propter
1021 692 1238 746 stultam
1277 693 1664 763 indulgentiam
1719 698 1862 752 acci-

282 794 412 848 pere
441 779 662 844 meruit,
685 779 776 847 qui
804 795 902 850 pro
930 794 994 835 eo
1028 782 1168 850 quod
1201 781 1338 836 filios
1365 799 1492 838 suos
1526 786 1859 856 negligenter

258 869 590 938 castigavit,
619 878 674 923 et
716 885 808 924 eos
850 885 951 924 nec
993 872 1198 924 caedere
1244 888 1342 926 nec
1390 876 1858 932 excommunicare

279 960 472 1024 voluit,
501 959 600 1028 ipsi
629 958 720 1012 ﬁlii
752 976 858 1014 uno
885 960 972 1014 die
998 960 1164 1015 occisi
1196 970 1342 1026 sunt,
1372 969 1426 1014 et
1455 980 1563 1017 xxx
1596 966 1763 1019 millia
1792 967 1856 1022 de

277 1050 479 1120 populo
526 1048 804 1103 interfecta
833 1057 976 1103 sunt.
1029 1048 1096 1102 Et
1147 1065 1280 1103 arca
1339 1053 1644 1106 testamenti
1699 1063 1854 1122 capta

277 1150 386 1204 est,
412 1149 467 1195 et
496 1141 608 1210 ipse
640 1148 782 1194 retro
827 1141 1025 1194 cadens
1065 1139 1251 1196 fractis
1278 1142 1578 1196 cervicibus
1613 1155 1856 1198 mortuus

275 1240 385 1295 est,
417 1238 472 1284 et
509 1245 705 1283 nomen
755 1229 921 1297 ipsius
949 1231 1015 1284 de
1044 1230 1181 1284 libro
1220 1231 1344 1286 vitae
1388 1232 1619 1287 deletum
1669 1240 1753 1287 est
1801 1242 1856 1288 et

273 1339 306 1378 e
328 1331 516 1376 contra
540 1323 789 1382 Phinees,
816 1322 908 1390 qui
937 1337 1032 1392 pro
1057 1338 1121 1376 eo
1150 1324 1292 1393 quod
1321 1323 1436 1376 zelo
1480 1322 1576 1377 Dei
1618 1339 1854 1378 commo-

273 1421 364 1468 tus
393 1414 529 1467 duos
564 1413 834 1466 adulteros
863 1411 1110 1487 [pariter]
1143 1411 1424 1477 interfecit,
1476 1423 1647 1468 totum
1683 1429 1852 1483 pepu-

272 1503 388 1556 Ium
428 1504 496 1558 de
528 1503 619 1558 Dei
644 1502 826 1574 (γαν.)
865 1503 943 1556 ira
981 1502 1248 1557 liberavit.
1295 1502 1405 1558 Nec
1432 1504 1536 1558 hoc
1563 1505 1684 1559 ideo
1709 1505 1848 1568 dico,

272 1601 332 1647 ut
363 1594 504 1649 sicut
536 1593 625 1648 ille
668 1591 813 1657 fecit,
845 1593 1005 1648 etiam
1034 1609 1175 1647 nunc
1218 1609 1318 1663 per
1352 1604 1580 1648 mortem
1608 1595 1852 1664 corporis

271 1686 582 1740 sacerdotes
610 1685 818 1740 Domini
864 1686 1090 1741 debeant
1116 1685 1415 1753 vindicare;
1446 1687 1540 1741 sed
1579 1687 1705 1757 quia
1736 1703 1844 1742 me-

1963 517 2131 574 liceat
2157 520 2455 590 baptizare.

2584 595 2724 651 £ra
2757 596 2828 652 22
2868 601 2913 654 ⁸.

2030 679 2087 734 Si
2131 681 2361 738 clericus
2408 683 2562 756 [Quis
2591 686 2915 743 clericorum
2943 691 3088 747 circa
3132 693 3212 765 se]
3245 696 3542 754 districtio-

1958 783 2079 824 nem
2109 769 2223 842 [aut
2252 775 2650 847 tractationem]
2675 777 2756 831 sui
2786 779 3019 849 episcopi
3057 791 3210 852 putat
3258 785 3535 859 injustam,

1959 858 2117 926 (Add.
2146 863 2407 932 quaedam.
2433 865 2487 918 in
2525 865 2668 936 edd.)
2701 878 2945 922 recurrat
2983 871 3051 924 ad
3088 872 3370 942 synodum.

2345 951 2526 1007 Canon
2556 954 2903 1026 Epaunensis,
2932 976 3038 1014 tera
3064 962 3152 1017 28.

2028 1037 2086 1092 Si
2124 1040 2406 1111 episcopus
2453 1053 2577 1098 ante
2620 1046 2854 1100 damnati
2899 1049 3288 1105 absolutionem
3335 1053 3535 1109 obierit

1957 1126 2128 1202 [obitu
2157 1130 2441 1203 rapiatur],
2484 1145 2786 1188 correctum
2815 1145 2906 1190 aut
2930 1141 3282 1208 pamitentem
3317 1158 3534 1202 succes—

1955 1218 2066 1273 sori
2091 1219 2277 1274 licebit
2298 1221 2597 1278 absolvere.

2327 1310 2508 1365 Canon
2537 1313 2884 1384 Arelatensis,
2919 1335 3027 1374 tera
3053 1321 3087 1376 4
3107 1323 3155 1376 ιι.

2025 1397 2095 1454 Ut
2134 1399 2434 1471 presbyter,
2483 1405 2857 1474 presbyterum
2904 1407 3068 1480 [Edd.
3098 1428 3201 1466 om.
3244 1417 3528 1488 presbyte-

1955 1489 2130 1564 rum],
2174 1492 2486 1559 diaconum,
2518 1502 2612 1549 aut
2639 1498 3024 1570 subdiaconum
3056 1503 3121 1558 de
3149 1505 3336 1561 ordine
3365 1509 3530 1579 depo-

1953 1599 2082 1638 nere
2124 1585 2308 1640 nescio
2350 1601 2448 1642 suo
2489 1588 2741 1658 episcopo
2783 1606 2888 1646 non
2935 1605 3246 1662 praesumat.
3298 1597 3451 1664 Quod
3485 1602 3529 1657 si

1953 1671 2162 1740 fecerit,
2189 1675 2277 1729 illc
2305 1675 2360 1730 in
2390 1675 2565 1732 olIicio
2591 1679 2676 1734 vel
2707 1671 3086 1739 communione
3119 1687 3430 1755 recipiatur,
3477 1701 3531 1748 et

271 1778 378 1834 lius
397 1786 500 1843 est,
527 1788 586 1833 ut
607 1779 972 1849 unusquisque
993 1794 1158 1848 parvo
1185 1789 1423 1848 tempore
1447 1781 1500 1833 in
1523 1779 1624 1834 hoc
1649 1780 1847 1835 mundo

1976 1763 2037 1820 lle
2078 1781 2220 1822 anno
2249 1768 2460 1842 integro
2504 1773 2882 1828 communione
2912 1773 3068 1847 (Var.
3100 1788 3148 1832 et
3174 1781 3347 1849 quwd.
3377 1784 3530 1856 add.)

271 1867 486 1943 [donec
531 1871 662 1924 vivit
699 1870 1071 1926 verecundiam
1119 1867 1208 1940 et]
1259 1870 1626 1925 confusionem
1681 1873 1846 1926 susti-

269 1968 418 2023 neat,
461 1975 623 2028 quam
660 1968 844 2030 postea
876 1959 941 2012 ad
982 1957 1242 2028 supplicia
1292 1967 1491 2013 acterna
1522 1960 1798 2029 perveniat
1831 1979 1843 2013 :

268 2060 324 2107 et
347 2052 577 2106 multum
612 2052 661 2105 ei
692 2051 877 2105 utilius
910 2060 993 2104 est
1019 2058 1240 2119 propter
1265 2049 1492 2106 aliorum
1515 2051 1846 2121 exemplum,

266 2146 507 2216 quandiu
528 2145 678 2210 vivit,
711 2153 950 2199 remotus
985 2145 1051 2198 ab
1081 2145 1282 2198 honore
1308 2145 1676 2212 paenitentiam
1699 2153 1844 2215 agat,

265 2246 319 2290 et
347 2236 645 2290 remedium
677 2236 778 2290 sibi
822 2235 877 2289 in
922 2235 1010 2288 die
1040 2235 1380 2290 necessitatis
1422 2235 1684 2305 acquirat.
1718 2235 1848 2301 Qui-

265 2341 482 2395 cunque
534 2324 789 2395 parvitati
827 2340 960 2379 mea:
1007 2325 1060 2378 in
1108 2325 1212 2380 hac
1262 2340 1425 2379 causa
1466 2324 1694 2378 voluerit
1729 2339 1847 2378 esse

264 2430 552 2482 onerosus,
581 2396 733 2471 aliud
775 2431 1092 2486 responsum
1133 2415 1182 2471 ei
1244 2432 1352 2470 non
1403 2417 1533 2471 dare
1582 2415 1843 2480 delibero,

265 2504 373 2560 nisi
403 2505 546 2575 quod
592 2505 883 2575 supradicti
928 2519 1162 2560 canones
1213 2507 1490 2561 continere
1519 2503 1768 2559 videntur
1794 2516 1842 2560 ι.

262 2613 334 2674 In
359 2617 580 2690 epistola
624 2619 652 2658 δ
700 2619 887 2675 Siricii.
914 2636 1064 2691 papae
1103 2619 1172 2691 od
1213 2618 1490 2675 Genesium
1525 2619 1841 2689 episcopum,

937 2689 1046 2744 terra
1100 2689 1185 2744 15.

331 2813 356 2842 ο
386 2801 676 2872 Presbyter
699 2802 793 2872 qui
832 2801 962 2858 dicit
997 2817 1056 2857 se
1083 2802 1315 2867 nescire,
1345 2802 1392 2856 si
1419 2802 1702 2872 episcopus
1743 2802 1846 2860 fuit

261 2892 354 2963 qui
380 2908 506 2948 eum
537 2893 828 2958 ordinavit,
857 2902 913 2948 et
958 2895 1233 2966 aliquanto
1274 2903 1515 2966 tempore
1544 2898 1739 2952 missas
1766 2896 1842 2953 fe-

261 2985 358 3051 cit,
393 2992 661 3054 etpostea
707 2985 932 3041 dimisso
982 2985 1158 3042 ofﬁcio
1209 3004 1434 3044 uxorem
1478 2989 1652 3055 duxit,
1700 2991 1844 3045 hunc

1953 1865 2008 1911 et
2030 1857 2205 1914 cilicio
2229 1859 2492 1930 privetur.

2579 1933 2718 1988 Ᾱίνα
2745 1935 2886 1991 29ί.

2019 2018 2297 2091 (Quwdam
2339 2039 2450 2076 var.
2502 2034 2551 2077 et
2601 2025 2726 2080 add.
2780 2027 2834 2080 in
2883 2027 3026 2101 edd.)
3078 2028 3528 2088 Acommunione

1947 2126 2258 2182 suspensos,
2297 2131 2404 2169 non
2431 2116 2603 2170 solum
2633 2134 2662 2172 a
2693 2119 3034 2187 clericorum,
3066 2124 3160 2178 sed
3189 2125 3351 2179 etiam
3386 2142 3416 2181 a
3441 2135 3529 2184 to-

1945 2203 2050 2257 tius
2075 2204 2253 2273 populi
2283 2205 2548 2276 colloquio
2574 2217 2629 2263 et
2655 2211 2905 2265 convictu
2934 2212 3136 2281 placuit
3161 2216 3391 2271 excludi.

2293 2293 2477 2352 Canon
2507 2299 2857 2369 apostolorum
2878 2344 2891 2367 ,
2933 2320 3040 2358 a’ra
3071 2304 3104 2359 9
3129 2303 3172 2357 i.

2014 2383 2339 2454 Episcopus,
2381 2389 2688 2460 presbyter,
2731 2399 2825 2446 aut
2853 2393 3116 2449 diaconus
3146 2395 3189 2449 si
3219 2409 3316 2464 pro
3343 2397 3529 2455 crimi-

1943 2475 2103 2530 nibus
2139 2477 2379 2532 damnati
2417 2477 2654 2548 fueri'nt,
2708 2484 2932 2542 minime
2979 2488 3360 2544 communione
3405 2491 3522 2560 pri-

1941 2574 2156 2621 ventur.

2330 2639 2514 2696 Camn
2543 2641 2816 2710 Nicwnus,
2847 2662 2960 2701 cera
2985 2646 3054 2702 26
3076 2647 3124 2701 ιι.

2017 2725 2038 2767 1
2070 2727 2403 2799 Degradatus
2441 2732 2723 2804 episcopus
2759 2736 2806 2789 si
2845 2737 3115 2806 appellare
3151 2738 3420 2808 voluerit,
3467 2753 3524 2798 et

1941 2817 2244 2890 confugerit
2273 2822 2340 2876 ad
2369 2823 2682 2892 episcopum
2711 2825 2968 2883 Romanae
2994 2829 3277 2899 Ecclesiae,
3318 2841 3373 2888 et
3405 2833 3521 2905 ipse

1940 2925 2040 2980 pro
2065 2925 2132 2965 eo
2156 2913 2498 2984 rescripserit
2518 2916 2783 2986 episcopis
2805 2918 2894 2986 qui
2921 2918 2975 2972 in
3001 2915 3222 2975 ﬁnitima
3246 2924 3522 2992 provincia

1945 3007 2090 3066 sunt,
2119 3001 2222 3070 ipsi
2252 3003 2538 3073 diligenter
2563 3007 2746 3060 omnia
2777 3009 3072 3077 inquirant,
3101 3020 3157 3066 et
3176 3010 3330 3082 juxta
3361 3015 3521 3072 tidem

261 3077 987 3176 pseudopresbyterum.
1015 3079 1254 3176 ambigat
1277 3095 1398 3136 esse
1419 3080 1840 3176 detestabilem?
1943 3067 2188 3145 veritatis
2215 3067 2491 3147 deﬁniant.
2539 3094 2692 3162 Quod
2720 3097 2764 3152 si
2794 3067 3076 3170 episcopus
3109 3067 3522 3176 admisse};

264 3165 370 3222 Pro
405 3182 514 3236 quo
549 3167 770 3226 omnino
805 3166 1138 3236 ahjiciendus
1177 3176 1290 3235 est,
1319 3177 1376 3226 et
1416 3170 1472 3228 in
1509 3171 1838 3229 monasterio

261 3257 330 3313 ad
379 3258 761 3328 panitentiam
813 3261 967 3318 omni
1019 3269 1261 3331 tempore
1312 3263 1439 3320 vita
1489 3278 1602 3319 sua:
1657 3271 1838 3320 retru-

262 3349 488 3404 dendus'
509 3373 595 3419 “l‘
848 3421 1076 3480 CAPUT
1111 3423 1255 3482 XIX.

262 3542 327 3584 νε
361 3543 598 3587 ειηιθο
634 3547 700 3588 ΑΒ
736 3547 1012 3599 ECCLESIA,
1047 3550 1118 3588 ET
1153 3549 1217 3588 DE.
1255 3550 1702 3594 EXCOIHUNICATO
1737 3550 1839 3593 νει.

739 3617 991 3660 DAINATO
1024 3621 1089 3658 ΑΒ
1127 3620 1356 3661 οῐ-ἰ-ιίιιο.

637 3714 819 3770 Canon
854 3716 1244 3787 Antiochensis,
1280 3737 1388 3774 arra
1416 3721 1470 3776 2.

332 3828 357 3868 δ
387 3828 707 3899 Quicmque
735 3846 800 3886 ex
833 3831 978 3888 clero
1019 3831 1385 3903 deprehensus
1425 3834 1588 3890 fuerit
1623 3850 1841 3892 excom-

260 3920 551 3977 municalis
582 3923 1001 3989 communicare,
1031 3924 1133 3978 iste
1156 3924 1398 3993 privetur
1440 3928 1836 3984 communione.

615 4033 797 4090 Canon
817 4035 1226 4101 Aurelianensis,
1245 4053 1352 4091 aera
1380 4039 1414 4093 5
1437 4049 1480 4092 θ.

329 4145 390 4203 Si
413 4146 532 4216 quis
557 4143 668 4217 [ab]
686 4147 958 4214 episcopo,
974 4146 1060 4200 vel
1083 4146 1149 4200 de
1168 4145 1422 4202 Ecclesiae
1436 4146 1518 4201 vel
1535 4146 1601 4202 de
1622 4147 1838 4217 proprio

258 4234 378 4305 iure
419 4233 709 4290 crediderit
737 4235 939 4304 aliquid
969 4237 1339 4305 repetendum,
1375 4237 1421 4292 si
1447 4237 1581 4292 nihil
1609 4238 1840 4293 convicii

259 4341 357 4389 ant
403 4330 800 4387 criminationis
835 4328 1118 4398 objecerit,
1147 4344 1270 4384 eum
1319 4346 1428 4401 pro:
1447 4331 1561 4386 sola
1604 4345 1841 4386 conven-

1925 3188 2196 3234 -accusato
2232 3183 2606 3252 presbyterum
2635 3185 2700 3239 de
2727 3185 2896 3241 latere
2923 3203 3020 3242 suo
3044 3190 3282 3257 miserit,
3327 3193 3528 3250 habeat

1939 3271 2057 3343 ejus
2082 3272 2463 3328 auctoritatem
2492 3288 2523 3327 a
2549 3289 2657 3344 quo
2683 3277 2879 3333 missus
2905 3286 3010 3334 est.

2495 3379 2563 3420 DE
2603 3381 2968 3425 INTERDI‘CTIS.

2281 3453 2464 3529 Canon
2493 3456 2876 3528 Apostolorum,
2911 3476 3019 3514 rem
3043 3461 3114 3516 28
3143 3472 3202 3516 ω.

2011 3546 2068 3602 Si
2095 3547 2216 3616 quis
2244 3546 2522 3616 depositus
2549 3563 2647 3617 pro
2675 3550 2840 3603 certis
2866 3551 3184 3606 criminibus
3213 3567 3377 3607 ausus
3408 3548 3522 3611 fue-

1937 3637 2011 3695 rit
2040 3638 2708 3694 attrectare-ministerium
2727 3639 2832 3696 sibi
2863 3640 3229 3710 interdictum,
3256 3645 3322 3698 ab
3347 3643 3524 3702 cccle-

1937 3728 2021 3785 sia
2049 3727 2338 3798 abjiciatur

2313 3820 2508 3877 Canon‘
2527 3821 2909 3890 Antiochensis,
2944 3842 3071 3881 tera.
3083 3867 3094 3879 .
3106 3868 3118 3880 .
3129 3867 3142 3881 .

2011 3922 2041 3950 ι
2064 3911 2132 3967 Si
2150 3911 2274 3982 quis
2298 3913 2576 3983 depositus
2601 3914 2667 3968 de
2695 3915 2841 3970 clero
2867 3918 3272 3984 praesumpserit
3297 3918 3521 3987 gradum

1938 4004 2040 4059 sibi
2069 4003 2439 4070 interdictum,
2470 4011 2582 4058 tam
2615 4006 2811 4074 ipsum,
2844 4019 3003 4073 quam
3034 4007 3081 4060 ei
3116 4008 3520 4062 communican-

1938 4104 2054 4160 tes,
2097 4097 2185 4165 qui
2229 4095 2344 4164 ejus
2383 4104 2753 4168 cognoverunt
2781 4099 3136 4163 sententiam,
3181 4099 3249 4153 ab
3275 4098 3519 4153 Ecclesia

1939 4185 2108 4256 abjici-
2130 4193 2370 4255 oportet.
2584 4227 2586 4229 .
2895 4233 2900 4238 .

2332 4274 2514 4329 Camn
2541 4274 2879 4340 Arelatensis,
2909 4291 3016 4330 trra
3043 4274 3128 4329 16‘.

2011 4363 2114 4431 Qui
2159 4379 2260 4434 pro
2305 4363 2500 4418 delicto
2543 4378 2642 4418 suo
2686 4381 2718 4418 a
2760 4367 3135 4420 communione
3176 4375 3514 4436 separantur,

259 4426 409 4481 tione
434 4438 467 4478 a
500 4421 879 4478 communione
908 4419 1236 4494 [Ecclesiae]
1270 4435 1378 4476 non
1418 4420 1580 4476 liceat
1621 4421 1866 4505 submo—J

1976 4419 2180 4524 placuit
2191 4453 2274 4526 ut]
2296 4455 2350 4508 in
2374 4455 2570 4523 quibus
2597 4454 2734 4510 locis
2759 4454 2955 4510 fuerint
2980 4419 3207 4522 exclusi,
3232 4419 3285 4511 in

899 4603 1039 4660 Era
1074 4603 1108 4659 9
1155 4603 1200 4658 ί.

332 4717 392 4774 Si
447 4718 707 4796 diaconus
735 4724 828 4774 aut
855 4719 1161 4789 presbyter,
1187 4730 1289 4788 pro
1336 4727 1492 4772 reatu
1521 4732 1620 4772 suo
1667 4732 1728 4774 se
1773 4719 1842 4775 ab

260 4811 455 4866 altaris
483 4811 860 4868 communione
885 4813 985 4868 sub
1021 4812 1333 4882 paenitentis
1356 4812 1689 4883 professione
1715 4814 1844 4869 subs

262 4903 526 4970 moverit;
569 4904 618 4959 si
663 4903 766 4976 [sic
792 4904 1038 4977 quoque]
1085 4904 1175 4959 alii
1227 4902 1528 4970 defuerint,
1583 4912 1640 4959 et
1677 4919 1842 4962 causa

334 5028 363 5059 ι
393 5016 537 5071 Nihil
568 5016 796 5086 amplius
817 5017 1018 5072 habere
1044 5017 1161 5073 cod.
1197 5017 1572 5073 Corbeiensem
1595 5024 1650 5070 et
1672 5015 1838 5083 Pitb.,

263 5094 469 5158 caetera?
487 5102 618 5142 vero
638 5088 892 5158 Δ(ξι-ιιῃίοο
922 5087 1212 5142 Rhemensi
1234 5087 1507 5158 descripta
1530 5101 1650 5143 esse
1670 5088 1843 5142 anim-

263 5157 501 5212 advertit
517 5173 568 5210 v.
606 5155 674 5213 cl.
696 5155 745 5211 J.
775 5155 1114 5212 Sirmondus.

337 5226 366 5266 ι
396 5225 521 5296 llaec
553 5227 780 5296 epistola
811 5228 1167 5282 desideratur.

338 5306 363 5334 ε
400 5295 533 5368 Vide
566 5295 849 5366 epistolam
896 5298 965 5351 ad
1014 5297 1334 5368 Himerium,
1390 5313 1424 5368 ρ
1475 5313 1582 5368 qua
1627 5311 1838 5363 sensus,

265 5378 378 5446 non
400 5366 517 5436 ipsa
542 5365 709 5422 verba
739 5367 1228 5449 deprehenduntur.
1254 5367 1359 5424 Sed
1389 5365 1692 5437 Stephanus
1713 5383 1838 5438 pap.

265 5429 330 5494 η.
364 5451 420 5489 ιη
467 5451 609 5494 resn.
659 5438 726 5492 ad
771 5452 920 5492 varia
949 5437 1189 5492 consulta
1238 5437 1371 5493 Brit.
1429 5438 1838 5494 monachorum.

264 5432 330 5496 Η,
364 5432 439 5489 ἰιί
467 5451 609 5506 resp.
659 5438 726 5492 ad
771 5432 920 5492 varia
949 5437 1189 5492 consulta
1238 5437 1371 5493 Brit.
1429 5432 1838 5503 monachorum,

266 5519 388 5581 cap.
422 5505 489 5560 10
533 5521 602 5562 ex
650 5507 809 5578 epist.
865 5507 1045 5563 Siricii
1096 5507 1282 5574 refert,
1313 5517 1372 5563 ut
1404 5508 1598 5581 legitur
1645 5507 1700 5564 in
1737 5508 1840 5563 hac

267 5575 685 5719 coEiLlnterpret.
725 5661 827 5719 nec
853 5645 1072 5719 Dionys.
1103 5663 1201 5705 nec
1224 5647 1348 5704 lsid.

342 5727 367 5754 ε
398 5714 564 5771 Cone;
592 5715 776 5772 Aurel.
803 5734 845 5785 r,
868 5733 916 5773 c.
949 5714 1001 5773 ϐξ

1941 4543 2154 4615 [eodem
2178 4542 2322 4615 loco]
2350 4545 2785 4599 communionem
2809 4555 3227 4614 consequantur.

2537 4635 2766 4691 CAPUT
2805 4636 2921 4690 XX.

2067 4740 2137 4782 ιι
2171 4739 2365 4782 οιωιεε
2403 4739 2809 4784 Εοειῑειλδτιοο
2847 4744 2921 4782 ΕΤ·
2953 4742 3162 4784 οιιτιειο
3200 4743 3383 4784 11585.

2317 4742 2365 4780 tu
2403 4742 2532 4782 ECCL
2568 4742 2809 4783 susrtco
2847 4744 2921 4782 ET
2953 4744 3136 4784 ornem

2317 4814 2502 4872 Canon
2528 4742 2878 4888 Epaunemis,
2912 4837 3019 4874 cura
3047 4820 3136 4874 27.

2010 4907 2094 4963 Ad
2120 4907 2438 4964 celebranda
2463 4909 2653 4965 divina.
2669 4909 2843 4966 oﬁicia
2865 4913 3106 4967 ordinem
3129 4927 3290 4983 quem
3317 4920 3517 4969 metro-

2017 5023 2038 5062 ί
2070 5023 2324 5093 Ejusdem
2351 5039 2527 5089 conc.,
2559 5039 2608 5079 c.
2636 5022 2722 5077 l2.

2016 5094 2043 5134 ⁸
2071 5093 2234 5148 Cone.
2267 5094 2450 5148 Aurel.
2483 5111 2566 5159 ιιι,
2597 5109 2646 5148 c.
2677 5095 2767 5150 20.

1864 5155 1945 5232 ea
2013 5163 2044 5228 ιξ
2069 5164 2232 5218 Cone.
2259 5164 2405 5218 Arel.
2431 5180 2480 5229 v,
2513 5155 2562 5219 c.
2588 5163 2641 5217 4.

1841 5227 1848 5243 ’
1925 5227 1945 5242 ”
2018 5234 2035 5274 ί
2067 5232 2230 5289 Cone.
2259 5227 2472 5289 Arelat.
2495 5250 2556 5298 ιι,
2583 5250 2630 5288 c.
2657 5233 2747 5289 49.

2015 5300 2126 5359 iC.
2173 5303 2245 5357 25
2292 5304 2490 5375 interp.
2539 5305 2758 5375 Dionys.
2787 5343 2803 5370 ,
2854 5318 2886 5358 a
2935 5317 3040 5372 qua
3085 5299 3354 5373 discrepat
3396 5301 3523 5357 haec

1942 5381 2268 5526 ωιξὲἒξηοίι.
2299 5443 2639 5526 Sardicensis
2665 5458 2714 5499 c.
2741 5442 2774 5496 5
2783 5441 2950 5526 jux'ta
2975 5439 3070 5497 Gr.
3131 5523 3134 5526 ι

2017 5513 2038 5553 1
2067 5515 2261 5638 lntelg).
2292 5529 2392 5569 nec
2415 5514 2633 5584 Dionys.
2660 5526 2759 5566 nec
2783 5511 2908 5566 Isid.
2963 5579 2975 5592 .
3131 5523 3142 5591 '_
3266 5580 3274 5590 ν

2017 5595 2052 5624 ιιι
2071 5583 2131 5638 C.
2155 5584 2190 5636 2
2251 5584 2444 5638 intem.
2471 5585 2709 5638 Dionvs..
2741 5596 2770 5634 a
2795 5595 2900 5638 uua
2925 5577 3103 5636 dtﬂ'ert
3130 5587 3232 5636 Ista
3261 5595 3274 5635 l

2009 5594 2052 5624 ιιι
2071 5583 2131 5638 C.
2155 5577 2226 5638 29
2251 5584 2444 5654 interp.
2471 5577 2709 5652 Dionys.,
2741 5595 2900 5654 a_q_u_a
2925 5577 3103 5636 (ἥσθη
3130 5579 3232 5636 ista
3261 5580 3476 5652 interp..

2015 5665 2041 5694 υ
2063 5654 2260 5724 interp.
2286 5649 2629 5722 nec'Dionys'.
2655 5665 2752 5705 nec
2774 5649 2899 5704 lsid.
