3924 6180
421 239 566 327 low

1268 227 1588 287 CANONES
1626 228 1917 289 SELECTI
1955 229 2051 289 EX
2099 229 2247 287 VET.
2284 226 2443 285 CAN.
2485 226 2819 293 COLLECT.

3514 230 3695 289 .1020

421 349 645 425 politani
674 353 888 413 tenent,
930 357 954 385 ι
975 340 1332 415 provinciales
1365 356 1552 397 eorum
1572 340 1877 411 Observare
1902 342 1995 397 de-
2012 346 2069 421 ,Α
2099 353 2206 393 non
2235 336 2423 403 debeo,
2450 351 2553 407 pax
2583 337 2654 391 sit
2680 333 2986 391 necessaria
3008 332 3298 403 iudicanda
3322 334 3693 425 [indicanda],

423 442 571 496 bent.

424 532 665 602 Epistola
707 529 1004 587 Innocentii
1018 545 1325 669 ὦτὲξιιξηὲῗη
1345 528 1655 638 1Parentium
1702 528 1998 599 episcopum

488 688 552 746 Si
580 689 823 746 instituta
853 691 1236 747 ecclesiastica,
1264 699 1324 759 ut
1346 697 1469 744 sunt
1495 705 1524 743 a
1546 690 1721 745 beatis
1748 689 2001 769 apostolis

424 783 643 846 tradita,
676 783 887 853 integra
917 782 1113 836 vellent
1141 796 1359 836 servare
1403 780 1710 845 sacerdotes
1754 780 1998 845 Domini,

425 872 571 926 nulla
618 871 936 935 diversitas,
984 870 1128 939 nulla
1173 871 1409 925 varietas
1450 870 1502 924 in
1547 870 1676 940 ipsis
1724 870 2002 924 ordinibus

425 976 491 1016 ac
536 961 1031 1015 consecrationibus
1076 962 1385 1031 haberetur.
1454 958 1561 1013 Sed
1608 959 1751 1029 quod
1802 958 2001 1031 [dum]

426 1054 828 1122 unusquisque,
875 1069 981 1107 non
1012 1054 1154 1124 quod
1184 1053 1439 1106 traditum
1465 1060 1578 1115 est,
1608 1052 1700 1106 sed
1731 1050 1872 1122 quod
1901 1050 2004 1111 sibi

425 1134 599 1201 visum
629 1146 820 1212 fuerit,
851 1147 954 1201 hoc
982 1149 1216 1202 aestimat
1244 1161 1363 1201 esse
1390 1147 1712 1212 tenendum;
1762 1146 1885 1203 inde
1926 1147 2007 1200 di-

429 1252 586 1292 versa
616 1237 668 1291 in
699 1238 926 1305 diversis
954 1238 1089 1291 locis
1110 1237 1219 1309 [vel
1237 1236 1498 1308 ecclesiis]
1529 1238 1699 1293 teneri
1729 1236 1844 1309 [ant
1869 1237 2008 1291 cele-

428 1328 602 1401 brari]
650 1330 937 1383 videantur
968 1347 981 1383 :
1017 1327 1174 1400 (Var.
1222 1329 1366 1401 edd.)
1414 1330 1541 1385 hinc
1587 1329 1648 1395 (it
1694 1330 2006 1387 scandalum

429 1419 660 1491 populis,
708 1420 801 1489 qui
830 1421 955 1473 dum
985 1421 1229 1475 nesciunt
1274 1420 1589 1475 traditiones
1626 1420 1875 1489 antiqtms
1902 1419 2006 1473 hu-

430 1525 589 1565 mana
614 1510 1028 1581 praesumptione
1056 1518 1359 1580 corruptas,
1379 1516 1570 1579 putant
1596 1509 1697 1567 sibi
1727 1512 1819 1563 aut
1839 1509 2010 1565 eccle-

2000 448 2005 455 ’
2097 444 2196 498 per
2223 443 2383 498 quam
2420 435 2631 483 constet
2659 425 2913 497 populum
2944 425 3011 479 ad
3040 426 3218 501 omnia
3249 441 3371 496 qua:
3400 424 3453 481 in
3488 437 3697 500 myste-

2099 520 2196 573 riis
2227 525 2459 589 aguntur
2476 525 2636 587 atque
2656 520 2709 572 in
2732 516 2975 572 Ecclesia
2997 516 3365 582 celebrantur,
3386 519 3695 590 prmbuisse

2099 624 2453 674 consensum,
2491 625 2555 663 ac
2587 608 2738 663 finita
2767 622 2886 665 esse
2910 606 3061 677 pacis
3095 604 3470 663 coneludentis
3502 611 3694 681 signa-

2100 701 2221 756 culo
2269 701 2725 755 demonstrentur.
2781 692 2933 770 (Cap.
2961 698 3041 768 2.)
3082 698 3157 753 De
3206 700 3521 755 nominibus
3565 717 3695 757 vero

2101 793 2415 858 recitandis,
2446 801 2737 862 antequam
2767 806 2956 863 pacem
2982 788 3217 863 [preces]
3245 792 3503 845 sacerdos
3530 801 3693 863 atque

2101 901 2289 946 eorum
2318 884 2637 951 oblationes,
2679 899 2907 953 quorum
2951 884 3169 938 nomina
3215 885 3499 941 recitanda
3543 894 3690 952 sunt,

2104 991 2199 1030 sua
2227 975 2467 1029 oratione
2495 975 2860 1038 eommen.!et,
2890 989 3051 1042 quam
3080 972 3413 1042 superﬂuum
3440 974 3549 1038 sit,
3578 975 3694 1043 ipse

2102 1081 2200 1137 per
2223 1073 2369 1120 tuam
2398 1064 2737 1133 prudentiam
2769 1064 3111 1134 recognoscis
3135 1083 3147 1116 :
3177 1072 3251 1127 ut,
3277 1062 3435 1132 cujus
3454 1066 3692 1121 hostiam

2105 1158 2335 1212 necdum
2379 1156 2490 1211 Deo
2534 1154 2772 1219 offeras,
2825 1155 2940 1225 ejus
2991 1170 3188 1208 nomen
3237 1162 3363 1208 ante
3413 1155 3690 1220 insinues,

2108 1249 2291 1325 (Van)
2340 1265 2464 1305 eum
2512 1248 2586 1304 illi
2635 1247 2964 1319 incognitum
3004 1246 3139 1301 nihil
3178 1247 3265 1301 sit.
3318 1246 3477 1301 Prius
3508 1245 3692 1320 (Van)

2107 1342 2250 1397 enim
2279 1340 2577 1396 oblationes
2604 1347 2731 1394 sunt
2756 1338 3221 1403 commendandae,
3253 1353 3317 1393 ac
3347 1346 3476 1394 tunc
3505 1354 3692 1395 eorum

2108 1429 2324 1507 nomina
2345 1445 2576 1505 quorum
2604 1437 2749 1494 sunt,
2770 1428 3049 1495 edicenda,
3070 1437 3132 1484 ut
3149 1430 3291 1485 inter
3311 1445 3471 1486 sacra
3492 1439 3697 1501 mysle'

2109 1521 2189 1575 ria
2212 1519 2575 1589 nominentur,
2593 1534 2699 1587 non
2724 1519 2865 1573 inter
2884 1517 2987 1573 alia
3008 1534 3128 1589 quae
3149 1528 3273 1575 ante
3292 1520 3696 1589 prazmittimus,

429 1602 541 1657 sias
581 1614 686 1657 non
728 1603 1016 1656 convenire
1038 1644 1052 1668 ,
1105 1609 1199 1656 aut
1244 1601 1514 1671 apostolos
1551 1601 1634 1659 vel
1684 1599 2009 1673 apostolicos

2127 1622 2171 1667 ιι
2214 1611 2345 1687 ipsis
2391 1610 2660 1682 mysteriis
2684 1610 2828 1664 viam
2856 1608 3052 1672 futuris
3076 1610 3330 1680 precibus
3360 1612 3691 1681 aperiamus.

432 1694 578 1749 vims
604 1697 874 1763 contraria
894 1686 1138 1750 ‘seusisse
1164 1692 1283 1767 [aut
1309 1695 1377 1750 ab
1403 1694 1661 1763 apostolis
1685 1694 1770 1749 vel
1797 1701 2009 1763 aposto-
2042 1686 2085 1749 Β
2112 1700 2265 1775 (Cap.
2287 1699 2366 1774 5.)
2387 1698 2462 1759 De
2482 1699 2860 1770 eonsignandis
2878 1713 3008 1754 vero
3029 1698 3323 1754 infantibus
3348 1697 3695 1754 manifestum

433 1783 551 1838 licis
568 1783 699 1840 viris
716 1785 1158 1839 contrarietatem
1180 1783 1501 1856 inductam].
1526 1783 1658 1852 Quis
1673 1798 1800 1853 ergo
1816 1780 2006 1855 [enim]
2110 1801 2218 1856 est,
2261 1808 2369 1847 non
2396 1793 2464 1847 ab
2490 1791 2594 1848 alio
2619 1805 2781 1860 quam
2811 1790 2879 1844 ab
2904 1790 3155 1863 episcopo
3185 1788 3301 1843 ﬁeri
3326 1789 3515 1843 licere.
3564 1788 3697 1844 Nam

433 1874 643 1928 nesciat
664 1872 779 1945 [aut
804 1888 908 1927 non
938 1872 1205 1946 advertat]
1228 1874 1282 1929 id
1305 1875 1447 1944 quod
1477 1889 1507 1928 a
1534 1873 1773 1943 principe
1799 1880 2013 1942 aposto-

433 1968 607 2018 lorum
634 1963 793 2019 Petro
823 1964 1081 2021 traditum
1107 1974 1220 2034 est,
1261 1967 1442 2023 ethoc
1470 1981 1613 2025 nunc
1636 1980 1807 2035 usque
1834 1974 2015 2023 custo-

434 2054 594 2120 ditur,
624 2054 690 2109 ab
715 2054 963 2115 omnibus
991 2055 1189 2110 debere
1218 2056 1442 2119 servari,
1473 2042 1575 2111 nec
1603 2056 1889 2125 superduei
1920 2063 2015 2111 aut

434 2145 701 2204 introduci
730 2149 931 2218 aliquid
961 2149 1106 2219 quod
1138 2146 1319 2220 (Van)
1361 2147 1476 2217 ejus
1504 2148 1876 2213 auctoritatem
1907 2164 2012 2225 non

435 2237 650 2303 habeat,
685 2249 705 2276 ο
727 2239 1030 2309 praesertim
1056 2254 1179 2292 cum
1207 2238 1278 2294 sit
1300 2237 1666 2302 manifestum,
1686 2253 1781 2307 per
1799 2251 2013 2292 omnem

436 2326 664 2393 Italiam,
698 2326 919 2394 Gallias,
948 2326 1258 2401 Hispanias,
1297 2325 1556 2393 Africam,
1585 2335 1745 2399 atque
1775 2327 2016 2389 Siciliam

437 2424 489 2471 et
517 2415 721 2473 insulas
752 2400 1153 2486 interiacentes,
1181 2402 1384 2489 nullum
1414 2417 1710 2477 instituisse
1737 2417 2011 2481 ecclesias,

438 2504 541 2560 nisi
579 2518 672 2561 eos
712 2522 848 2575 quos
873 2508 1195 2563 venerabilis
1234 2506 1504 2577 apostolus
1536 2506 1729 2562 Petrus
1769 2515 1863 2567 aut
1901 2505 2016 2575 ejus

439 2610 780 2653 successores
807 2599 1203 2673 constituerunt
1229 2598 1582 2663 sacerdotes?
1612 2598 1721 2651 Aut
1744 2597 1945 2667 legant,
1970 2597 2019 2652 si

439 2684 494 2747 in
519 2686 605 2743 his
625 2688 920 2756 provinciis
943 2688 1080 2744 alius
1098 2688 1124 2727 ά
1142 2689 1426 2759 episcopus
1442 2688 1716 2751 invenitur
1733 2687 2020 2751 demisse?

440 2776 509 2832 Et
535 2770 717 2849 (Van)
750 2792 875 2833 cum
906 2760 1181 2848 nunquam
1211 2778 1512 2844 invenient,
1551 2784 1767 2848 oportet
1786 2793 1887 2834 eos
1915 2779 2021 2835 hoc

440 2870 593 2939 sequi
619 2868 760 2938 quod
790 2868 1032 2931 Ecclesia
1072 2869 1315 2929 Romana
1355 2869 1629 2937 custodit,
1673 2883 1741 2927 ex
1778 2883 1887 2938 Qua
1925 2882 2021 2927 eos

440 2958 766 3030 principium
792 2959 1067 3029 accepisse
1091 2974 1197 3016 non
1224 2959 1445 3017 dubium
1471 2967 1591 3027 est:
1620 2972 1689 3019 ne
1715 2959 1843 3026 dum
1863 2972 2023 3029 pere-

2111 1883 2448 1955 presbyteri,
2486 1882 2613 1936 licet
2646 1881 2754 1936 sint
2783 1880 3005 1936 secundi
3036 1879 3213 1953 [Deest
3240 1878 3487 1953 secundi]
3518 1895 3699 1934 sacer-

2113 1976 2297 2037 dotes,
2344 1972 2689 2047 pontificatus
2732 1980 2908 2025 tamen
2939 1972 3144 2042 apicem
3171 1986 3279 2027 non
3311 1969 3534 2025 habent.
3588 1969 3700 2027 Hoc

2115 2074 2296 2121 autem
2328 2064 2667 2136 pontiﬁcium”
2700 2063 2828 2118 solis
2865 2063 3091 2119 debetur
3124 2062 3394 2133 episcopis
3424 2060 3579 2134 [erc
3608 2078 3702 2116 au-

2114 2165 2223 2213 tem
2266 2155 2609 2227 pontiﬁcibus
2637 2153 2765 2209 solis
2803 2152 3051 2225 deberi],
3102 2161 3165 2209 ut
3209 2153 3572 2225 consignent,
3617 2150 3701 2207 vel

2114 2245 2447 2320 paraeletum
2474 2246 2733 2319 Spiritum
2760 2244 2989 2323 tradant.
3016 2241 3196 2315 (Van)
3222 2242 3334 2297 Non
3363 2244 3545 2297 solum
3571 2259 3699 2298 eon-

2116 2341 2339 2394 suetudo
2369 2338 2735 2393 ecclesiastica
2773 2337 2877 2391 hoc
2915 2336 3273 2395 demonstrat,
3315 2348 3508 2407 verum
3543 2335 3700 2390 etiam

2118 2430 2207 2486 illa
2235 2429 2394 2495 lectio
2431 2422 2796 2499 apostolorum
2824 2428 2942 2501 quze
2973 2426 3168 2501 asserit
3204 2423 3426 2487 Petrum
3458 2433 3514 2478 et
3540 2423 3698 2478 Joan-

2116 2538 2242 2578 nem
2275 2534 2394 2576 esse
2423 2519 2677 2582 directos,
2716 2517 2809 2586 qui
2848 2523 3054 2570 tantum
3084 2513 3242 2587 [jam]
3271 2513 3566 2584 baptizatis
3594 2522 3699 2568 tra-

2118 2614 2249 2671 dant
2276 2612 2536 2683 Spiritum
2565 2618 2831 2667 sanetum.
2879 2607 3014 2663 Nam
3041 2609 3392 2679 presbyteris,
3424 2623 3522 2662 seu
3550 2615 3699 2662 extra

2118 2706 2457 2777 episcopum,
2505 2717 2602 2758 seu
2646 2708 2911 2771 praesente
2938 2701 3211 2771 episcopo,
3258 2713 3383 2752 cum
3430 2697 3703 2767 baptizant

2120 2792 2286 2868 [Edd.
2320 2808 2422 2847 om.
2453 2807 2576 2848 cum
2603 2788 3257 2862 baptizant],‘ehrismate
3285 2802 3493 2859 ungere
3523 2784 3701 2857 (νων.)

2119 2884 2247 2941 ﬂeet
2269 2883 2599 2955 baptizatos,
2637 2881 2731 2937 sed
2763 2881 2905 2951 quod
2935 2880 3003 2934 ab
3030 2878 3284 2949 episcopo
3314 2876 3483 2932 fuerit
3510 2890 3699 2931 conse-

2124 2966 2373 3032 eratum':
2406 2991 2512 3032 non
2542 2983 2722 3030 tamen
2752 2973 2982 3029 frontem
3012 2986 3079 3027 ex
3103 2972 3294 3028 eodem
3324 2969 3448 3026 oleo
3475 2969 3699 3041 signare.

441 3025 635 3120 'grinis—
658 3025 1049 3111 assertionibus
1101 3051 1357 3119 student,
1411 3059 1577 3122 caput
1623 3025 2091 3117 institutio!!qu=
3193 3025 3419 3116 tradunt
3443 3025 3699 3130 Spiritui

444 3140 730 3201 videantur
774 3142 1024 3199 amittere
1068 3139 1423 3215 [omittere].
1488 3141 1642 3213 Sapo
1682 3142 2025 3205 dilectionem

446 3239 594 3287 tuam
625 3233 693 3288 ad
721 3234 911 3289 urbem
938 3235 1182 3301 venisse,
1225 3250 1291 3290 ac
1316 3234 1593 3301 nobisqui
1623 3233 1807 3307 (ναν.)
1833 3234 1903 3298 ad
1926 3248 2023 3290 ee-

444 3323 665 3380 clesiam
692 3326 1010 3397 convenisse
1033 3341 1142 3400 non
1170 3327 1395 3387 dubium
1417 3334 1518 3391 est,
1548 3333 1603 3381 et
1629 3340 1791 3396 quem
1817 3340 2027 3382 morem

443 3417 532 3471 vel
557 3417 610 3472 in
637 3419 1023 3475 consecrandis
1052 3420 1344 3489 mysteriis,
1374 3419 1457 3481 vel
1482 3419 1537 3483 in
1562 3419 1776 3479 caneris
1804 3418 2026 3489 agendis

447 3507 713 3583 [arcanis]
745 3518 962 3578 teneat,
1007 3513 1344 3583 cognovisse.
1372 3524 1395 3553 θ
1418 3513 1573 3580 Quod
1609 3511 1855 3577 sufﬁcere
1881 3513 2029 3571 arbi-

448 3608 628 3657 trarer
663 3601 731 3656 ad
768 3602 1205 3670 informationem
1244 3601 1485 3667 ecclesiae
1526 3611 1633 3664 ulte
1655 3603 1740 3663 vel
1769 3601 2029 3665 reforma-

448 3691 652 3745 tionem
676 3730 690 3755 ,
738 3693 842 3746 nisi
887 3694 1314 3762 praedecessores
1356 3693 1435 3747 tui
1477 3693 1655 3755 minus
1688 3693 1895 3763 aliquid
1932 3700 2032 3753 aut

449 3781 608 3835 aliter
625 3784 899 3864 tenuerint
921 3786 1246 3847 sacerdotes.
1284 3786 1379 3842 Vel
1403 3795 1552 3845 certe
1578 3795 1704 3847 stant
1727 3788 1913 3858 aliqui,
1938 3788 2030 3857 qui

434 3871 613 3947 aliter
636 3888 798 3941 quam
826 3875 1072 3943 Romana
1099 3877 1341 3939 Ecclesia
1373 3879 1655 3944 observat,
1702 3881 1818 3938 haec
1844 3881 2032 3936 obser-

452 3963 629 4020 vanda
657 3964 859 4021 dicant.
893 3965 1133 4032 Quorum
1159 3983 1256 4027 nos
1277 3969 1526 4029 notitiam
1550 3985 1657 4028 non
1682 3971 2030 4039 haberemus,

454 4052 562 4109 nisi
611 4054 677 4109 de
728 4056 1003 4135 aliquibus
1051 4073 1150 4115 nos
1202 4059 1562 4123 consulendos
1606 4075 1728 4121 esse
1778 4062 2028 4121 dixisses.

458 4142 665 4211 Quibus
711 4145 918 4202 ideirco
953 4150 1370 4219 respondemus,
1418 4167 1524 4206 non
1559 4150 1703 4221 quod
1743 4160 1796 4225 te
1831 4152 2033 4224 aliquid

456 4233 706 4305 ignorare
744 4238 1062 4306 credamus;
1116 4241 1211 4304 sed
1257 4249 1319 4296 ut
1358 4243 1553 4313 majori
1599 4246 1921 4300 auctoritate
1947 4245 2033 4300 vel

454 4332 577 4381 tuos
601 4326 873 4396 instituas,
892 4331 977 4387 vel
1001 4332 1049 4391 si
1075 4333 1167 4403 qui
1196 4348 1228 4386 a
1252 4333 1514 4393 ananis
1541 4333 1820 4408 [Romam
1840 4336 2035 4395 Eccle-

458 4418 576 4492 siae]
605 4421 1032 4495 institutionibus
1060 4434 1277 4494 errant,
1315 4435 1409 4483 aut
1432 4443 1807 4498 commoneas,
1832 4436 1928 4485 aut
1953 4429 2036 4486 in-

462 4510 644 4568 dicare
680 4529 786 4577 non
814 4515 1062 4585 differas;
1109 4526 1172 4572 ut
1211 4518 1357 4575 scire
1380 4518 1660 4585 valeamus
1684 4520 1777 4590 qui
1802 4520 1918 4576 sint
1941 4521 2036 4592 qui

461 4609 558 4657 aut
584 4604 850 4660 novitates
875 4607 1166 4673 inducunt,
1204 4616 1305 4669 aut
1328 4608 1550 4666 alterius
1578 4609 1834 4666 Ecclesiae
1873 4625 2037 4680 quam

462 4690 724 4761 Romanae
760 4697 1074 4759 existimant
1112 4698 1529 4769 constteuidines
1554 4700 1737 4774 (Van)
1766 4716 1887 4758 esse
1925 4717 2038 4758 ser-

462 4783 689 4836 vandas.
718 4783 737 4823 f
757 4784 950 4850 Pacem
970 4788 1134 4861 igitur
1150 4791 1348 4848 asseris
1366 4799 1493 4846 ante
1510 4792 1756 4848 confecta
1779 4793 2038 4864 mysteria

465 4873 731 4941 quosdam
770 4878 980 4947 populis
1015 4881 1305 4950 imperare,
1334 4883 1420 4940 vel
1456 4884 1558 4940 sibi
1598 4883 1741 4939 inter
1778 4897 1838 4939 se
1863 4881 2038 4956 [Deest

464 4960 547 5035 se]
569 4965 874 5022 sacerdotes
895 4968 1140 5027 tradere:
1165 4987 1289 5029 cum
1309 4981 1435 5043 post
1453 4973 1658 5040 omnia,
1679 4990 1802 5047 qua:
1824 4974 2039 5047 aperire

586 5138 724 5224 [fere
760 5156 948 5227 omnes
983 5146 1103 5201 eod.
1134 5148 1212 5203 sic
1240 5149 1422 5274 legunt
1448 5168 1461 5204 :
1495 5150 1717 5231 quidam
1744 5164 1875 5211 vero
1902 5169 2040 5215 com-

586 5212 825 5268 unctales.
851 5215 968 5271 Vid.
993 5223 1106 5271 not.
1131 5232 1183 5270 v.
1207 5216 1274 5273 cl.
1331 5262 1343 5274 .
1372 5220 1665 5274 Sirmondi.

462 5212 825 5284 provinciales.
851 5215 968 5271 Vid.
993 5223 1106 5271 not.
1131 5232 1183 5270 v.
1207 5214 1274 5273 cl.
1292 5212 1343 5274 Ἰ.
1372 5212 1665 5277 Sirm'ondi.

536 5281 698 5366 fgL,
714 5284 1067 5366 innocentius
1088 5288 1346 5366 Decernio
1371 5293 1687 5366 episcopo...
1734 5292 2035 5366 Eugubino.

535 5360 566 5460 ἒ
590 5350 843 5438 Quaedam
874 5356 926 5410 in
956 5358 1076 5413 edd.
1106 5359 1226 5429 add.
1258 5350 1572 5481 superﬂua.‘
1818 5350 1849 5377 ’ί
1994 5350 2005 5401 ἶ

593 5421 727 5478 Male
755 5441 809 5480 tn
836 5427 948 5481 ed..
977 5428 1116 5481 auus
1143 5440 1291 5481 auos:
1348 5445 1525 5481 orum.
1572 5447 1694 5481 cum
1723 5446 1828 5481 non
1854 5433 2005 5481 Imma

646 5428 727 5478 ale
755 5428 809 5480 in
836 5428 948 5504 ed,
977 5428 1525 5504 atinsapouotmum,
1572 5447 1694 5487 cum
1723 5446 1829 5487 non
1854 5433 2042 5504 loqua-

467 5491 653 5577 ξμς-ῥῷ
680 5497 953 5577 apostolis,
986 5498 1078 5554 sed
1107 5491 1186 5553 ἀρ’
1202 5500 1274 5577 iis
1284 5515 1432 5570 quos
1461 5491 1802 5571 successores
1831 5491 2041 5577 apo'stc-

471 5556 647 5613 lorum
670 5556 1061 5622 constituerunt
1088 5556 1413 5627 sacerdotes.

550 5638 573 5664 ε
597 5628 676 5685 Ab
701 5633 785 5689 bis
808 5651 978 5704 usque
999 5641 1066 5694 ad
1085 5641 1173 5695 illa
1202 5643 1393 5698 verba:
1423 5641 1622 5708 Quibus
1644 5644 1863 5715 idcirco,
1890 5644 2041 5702 locus

432 5950 603 6020 Δ

2121 3157 2474 3230 paraeletum.
2491 3155 2669 3213 Verba
2690 3168 2821 3210 vero
2845 3152 3025 3209 dicere
3049 3168 3154 3207 non
3178 3163 3428 3221 possum,
3452 3145 3701 3220 ncnnagis

2118 3250 2355 3321 prodere
2377 3248 2685 3320 providear,
2726 3260 2890 3317 quam
2916 3244 3279 3301 consolationi
3308 3241 3406 3316 [ad
3434 3237 3701 3297 comula-

2123 3338 2350 3413 tionem]
2380 3340 2725 3411 respondere.

2515 3440 2703 3502 Canon‘
2730 3436 3146 3510 Nica‘nus,'a'ra
3176 3445 3243 3499 l9
3269 3446 3313 3499 ε.

2194 3539 2222 3580 h
2248 3537 2318 3594 Hi
2341 3535 2432 3609 qui
2460 3536 2716 3597 ollerendi
2746 3518 3074 3605 sacriﬁcium
3110 3544 3435 3608 potestatem
3475 3536 3693 3598 habent.

2126 3647 2324 3701 corpus
2361 3629 2561 3686 Christi
2606 3628 2902 3700 porrigant.
2957 3629 3209 3705 Maneant
3247 3629 3463 3699 diaconi
3507 3629 3562 3683 in
3609 3643 3695 3683 sua

2126 3737 2404 3786 mensura,
2440 3728 2494 3774 et
2524 3719 2792 3789 accipiant
2819 3718 3204 3773 eucharistiam
3237 3719 3533 3773 secundum
3562 3717 3697 3773 ordi-

2127 3826 2251 3867 nem
2279 3815 2404 3880 post
2426 3809 2791 3880 presbyteros.
2844 3807 2999 3875 Quod
3044 3802 3090 3863 si
3137 3808 3260 3879 quis
3302 3822 3411 3865 non
3446 3806 3562 3861 vult
3588 3820 3695 3861 esse

2128 3901 2427 3972 subjectus,
2454 3907 2630 3955 cesset
2656 3913 2775 3953 esse
2805 3894 3106 3954 diaconus.’
3128 3897 3283 3965 Quod
3322 3899 3371 3954 si
3407 3913 3518 3953 non
3548 3897 3699 3951 fuerit

2128 4007 2367 4064 praesens
2395 3991 2679 4062 episcopus
2710 3997 2803 4055 aut
2839 3989 3140 4061 presbyter,
3181 3997 3311 4046 tunc
3346 3988 3558 4046 diaconi
3583 3989 3699 4044 dent

2129 4083 2514 4151 eucharistiam
2541 4082 2596 4137 in
2622 4081 2897 4153 populum.

2436 4191 2619 4257 θακοη
2648 4189 3096 4269 Carthaginiensis,
3128 4178 3239 4247 atro
3264 4191 3335 4249 59
3362 4193 3381 4234 ί

2205 4306 2277 4363 Ut
2300 4307 2586 4371 diaconus,
2617 4313 2885 4376 praesente
2911 4304 3166 4376 episcopo
3192 4302 3588 4377 [prastinem].
3616 4316 3707 4358 eu-

2046 4374 2109 4473 Ρ
2134 4398 2448 4455 cbaristiam
2475 4374 2744 4469 [corporis
2771 4395 2997 4471 ehi-no]
3024 4374 3247 4468 populo,
3290 4374 3477 4468 (γάρ.)
3526 4374 3576 4454 in
3617 4409 3710 4454 ιι-

2134 4505 2287 4547 cesse
2313 4490 2402 4557 sit,
2425 4489 2612 4560 jussus
2634 4497 2839 4561 eroget.

2782 4598 2924 4656 xEra
2951 4599 2986 4657 6
3010 4599 3058 4657 i'.

2206 4713 2529 4771 Chrismatis
2556 4712 2893 4769 consecratio
2919 4711 3233 4785 [confectio]
3262 4720 3318 4768 et
3343 4713 3706 4770 reconciliatio

2133 4804 2511 4876 paenitentiam
2545 4804 2748 4875 absque
2772 4802 3012 4873 periculo
3041 4803 3229 4858 mortis
3274 4800 3443 4877 [ΕΜ.
3468 4821 3574 4860 om.
3597 4805 3703 4859 abs.

2133 4904 2251 4967 per.
2281 4893 2406 4968 m.],
2432 4892 2619 4967 (Van)
2646 4893 2733 4949 vel
2761 4894 3101 4950 consecratio
3129 4892 3400 4966 virginum
3431 4910 3466 4950 ι
3492 4894 3703 4966 presby-

2138 4986 2272 5041 teris
2300 4999 2411 5040 non
2434 4983 2549 5041 ﬁat.

2138 5159 2241 5247 iste
2264 5160 2345 5247 ita
2368 5161 2689 5247 depravatus
2713 5161 2907 5247 legitur
2930 5161 2983 5221 in
3008 5160 3094 5223 ed.
3115 5167 3177 5217 ut
3199 5160 3349 5220 nullo
3373 5160 3538 5223 modo
3559 5160 3697 5230 intel-

2137 5229 2238 5383 11εέ
2602 5301 2770 5383 ined.
2797 5301 2993 5383 capuli.

2213 5372 2238 5445 β
2265 5371 2323 5445 [η
2353 5369 2416 5426 G.
2436 5368 2884 5445 lgﬂtinterpret:
2911 5371 3155 5445 Dionys;
3187 5370 3311 5429 Ruf.
3335 5371 3443 5441 20;
3472 5371 3599 5430 Isid.
3623 5368 3699 5427 ιι.

2208 5440 2566 5513 IISingularis
2593 5442 2871 5513 interpret.
2969 5440 3004 5513 ξ
3050 5440 3065 5445 ⁷
3146 5512 3155 5513 7
3218 5510 3246 5513 _
3346 5446 3353 5451 “

2217 5512 2232 5551 i
2264 5508 2479 5567 Statuta
2518 5508 2664 5567 Eccl.
2707 5508 2923 5580 antiqua
2964 5511 3019 5567 in
3061 5512 3178 5568 cod.
3216 5510 3375 5567 Barb.
3406 5512 3511 5578 18;
3556 5524 3699 5567 conc.

2142 5580 2327 5636 Carth.
2353 5598 2425 5646 tv,
2450 5598 2498 5636 c.
2528 5582 2616 5637 38.

2218 5649 2231 5700 ἓ
2267 5650 2429 5709 Cone.
2446 5652 2629 5709 Carth.
2649 5668 2710 5713 ιι,
2729 5667 2775 5708 c.
2794 5652 2828 5708 5
2845 5651 2944 5725 ;ηἰιι
2961 5650 3080 5707 cod.
3104 5650 3310 5709 Eeeles.
3331 5650 3569 5709 African.
3587 5667 3633 5707 ς.
3648 5648 3696 5702 6.
