3928 6178
473 316 614 375 i023

1100 426 1238 480 {Era
1273 425 1414 479 41°.

547 519 738 576 Mulier
766 516 1050 588 baptizare
1079 531 1183 570 non
1220 522 1532 586 praesumat.

823 605 1004 661 Canon
1033 605 1430 668 Aurasicorum,
1464 620 1571 657 a'ra
1594 601 1628 655 2
1647 602 1697 654 δ.

543 698 756 753 Nullum
788 696 1178 756 ministrorum,
1219 695 1309 763 qui
1359 693 1667 763 baptizandi
1711 690 1910 760 recepit
1937 689 2052 744 otii-

469 789 636 851 cium,
661 788 778 840 sine
805 787 1097 840 chrismate
1118 800 1342 854 usquam
1379 785 1576 837 debere
1622 781 1894 852 progredi,
1923 779 2046 850 quia

473 879 616 934 inter
642 891 738 930 nos
766 876 967 946 placuit
994 886 1015 914 ο
1049 875 1212 929 semel
1239 872 1541 928 chrismari.
1570 872 1644 925 De
1671 887 1736 926 eo
1758 879 1934 925 autem
1957 871 2048 939 qui

471 971 527 1025 in
559 969 880 1039 baptismate
916 969 1235 1021 necessitate
1266 965 1494 1020 faciente
1539 962 1722 1034 (Van)
1757 965 1874 1018 sine
1903 961 2048 1016 chri-

471 1067 646 1116 smate
675 1058 859 1123 fuerit,
884 1057 937 1110 in
969 1055 1379 1111 confirmatione
1424 1053 1678 1106 sacerdos
1727 1066 1850 1106 eum
1898 1063 2048 1105 com-

468 1159 690 1208 moneat
720 1149 768 1204 δ.

788 1242 969 1296 Canon
1026 1237 1500 1301 Neoccrsariensis,
1525 1252 1632 1290 atra
1673 1234 1725 1288 6.

545 1346 570 1375 ο
591 1333 950 1400 Prmgnautes,
976 1329 1024 1383 si
1049 1343 1270 1382 necesse
1297 1327 1384 1391 sit,
1409 1332 1620 1395 oportet
1640 1321 1922 1392 baptizari.
1955 1319 2048 1376 Ni-

471 1424 548 1481 hil
591 1432 768 1476 autem
813 1422 865 1473 in
897 1421 998 1473 hoc
1031 1415 1369 1472 sacramento
1392 1428 1677 1468 commune
1706 1420 1788 1467 est
1814 1411 1927 1478 illi,
1955 1412 2049 1481 qui

469 1515 646 1569 editur
676 1531 689 1565 :
722 1512 849 1582 quia
878 1509 1122 1564 voluntas
1149 1513 1204 1560 et
1231 1506 1458 1559 liberum
1499 1503 1785 1557 arbitrium
1813 1502 1868 1556 in
1916 1517 2044 1558 con-

471 1611 709 1666 fessione
738 1606 1062 1662 declaratur.

809 1693 989 1748 Cnnon
1018 1689 1389 1762 apostolorum,
1421 1704 1528 1741 wra
1555 1685 1624 1741 48
1663 1684 1705 1739 ί.

1325 309 1643 367 CANO'NES
1681 308 1965 366 SELECTI
2004 306 2096 362 EX
2137 309 2294 365 VET.
2337 311 2490 367 CAN.
2529 310 2861 368 COLLECT.

3580 321 3726 378 109$

2075 429 2121 482 Α
2153 427 2471 480 necessitate
2498 443 2619 481 cum
2657 443 2784 482 vase
2814 435 2908 482 aut
2937 442 3057 483 cum
3087 430 3338 486 manibus
3364 447 3503 500 aqua
3529 434 3582 490 in
3623 453 3724 493 no-

2150 513 2294 566 mine
2336 521 2534 568 sancta:
2571 514 2851 570 Trinitatis
2900 517 3276 586 baptizaverit,
3319 519 3552 577 firmiter
3598 541 3720 594 per-

2151 604 2406 669 manebit,
2431 605 2732 674 praesertim
2759 622 2882 660 cum
2925 610 3218 665 necessitas
3249 611 3351 666 hoc
3390 626 3652 684 exposcat
3677 628 3722 672 υ.

2806 693 2945 749 dira
2986 696 3070 751 16.

2216 784 2296 838 De
2321 785 2619 856 presbytero
2649 787 2736 856 qui
2781 788 2990 857 ignorat
3031 790 3319 843 orationem
3370 791 3718 849 Dominicam.

2145 907 2216 916 —
2249 885 2273 912 ο
2296 877 2587 947 Presbyter
2615 878 2705 946 qui
2735 878 3032 933 orationem
3063 879 3400 935 Dominicam
3425 899 3531 936 non
3562 893 3717 950 tenet,

2147 981 2247 1020 nec
2282 967 2604 1038 symbolum,
2631 985 2803 1037 neque
2838 969 3092 1038 psalmos,
3121 972 3165 1026 si
3196 973 3483 1042 episcopus
3512 974 3611 1028 fuit
3637 979 3718 1047 qui

2146 1074 2270 1114 eum
2290 1061 2578 1124 benedixit,
2596 1063 2687 1116 hic
2709 1061 2942 1132 primum
2960 1063 3197 1116 omnium
3213 1064 3556 1135 dignitatem,
3570 1083 3716 1136 quam

2147 1151 2332 1206 illicite
2361 1152 2732 1222 praesumpsit,
2758 1153 2972 1208 amittat
2999 1173 3010 1208 :
3041 1163 3094 1209 et
3117 1155 3220 1209 sub
3265 1155 3514 1210 districta
3559 1161 3717 1226 paeni-

2147 1243 2312 1296 tentia
2337 1243 2483 1297 omni
2516 1252 2757 1313 tempore
2787 1244 2909 1298 vita:
2939 1260 3049 1298 suae
3073 1245 3127 1298 in
3179 1247 3513 1300 monasterio
3552 1249 3711 1318 degat.

2146 1330 2383 1387 Infantes
2420 1348 2572 1398 vero,
2596 1349 2732 1403 quos
2774 1333 2827 1387 in
2871 1343 3056 1390 sancta
3101 1335 3367 1390 Trinitate
3415 1337 3711 1406 baptizavit,

2145 1423 2403 1492 baptizati
2424 1433 2797 1492 permaneant.

2803 1515 2939 1570 lEra
2981 1516 3064 1570 17.

2222 1617 2249 1657 Ρ
2277 1606 2379 1674 Qui
2423 1621 2551 1661 vero
2597 1595 2670 1660 ita
2716 1607 3012 1676 baptizant,
3061 1616 3121 1662 ut
3150 1609 3374 1664 dicant:
3423 1612 3479 1664 ln
3509 1613 3716 1666 nomine

2151 1697 2330 1753 Patris
2358 1714 2560 1769 mergo,
2594 1700 2648 1753 in
2674 1699 2891 1754 nomine
2934 1699 3055 1754 Filii
3111 1717 3315 1770 mergo,
3383 1712 3437 1757 et
3489 1703 3716 1771 Spiritus

547 1795 572 1832 ε
595 1791 650 1846 Si
674 1789 793 1860 quis
811 1786 963 1856 juxta
989 1792 1313 1856 praeceptum
1336 1781 1546 1835 Domini
1566 1795 1670 1833 non
1692 1775 2046 1846 baptizaverit

2159 1790 2321 1846 sancti
2352 1765 2554 1858 mergo.
2583 1789 2652 1843 lli
2673 1790 2766 1858 qui
2796 1789 2868 1844 ita
2895 1798 3020 1843 sunt
3056 1765 3338 1858 baptizati,
3369 1793 3475 1846 etsi
3504 1765 3712 1858 rustice,

473 1883 529 1937 in
563 1879 776 1934 nomine
805 1877 1002 1940 Patris,
1036 1882 1089 1929 et
1128 1873 1282 1938 Filii,
1307 1880 1360 1926 et
1387 1870 1620 1940 Spiritus
1645 1869 1836 1932 sancti,
1870 1867 1963 1922 sed
1994 1866 2048 1920 in

474 1972 648 2026 tribus
674 1970 790 2024 sine
817 1967 967 2022 initio
994 1964 1292 2034 principiis,
1321 1970 1416 2016 aut
1467 1961 1524 2016 in
1571 1960 1742 2014 tribus
1786 1957 1930 2022 filiis,
1957 1966 2049 2012 aut

475 2062 530 2117 in
555 2061 724 2116 tribus
743 2057 1050 2130 paracletis,
1078 2055 1396 2124 deponatur.

1105 2148 1242 2202 Ᾱῖνα
1269 2147 1338 2200 49
1363 2146 1416 2200 ιι.

551 2248 565 2286 ί
601 2243 656 2299 Si
689 2243 809 2313 quis
835 2258 941 2298 non
986 2241 1188 2296 trinam
1239 2237 1563 2294 mersionem
1601 2237 1763 2293 unius
1807 2235 2046 2308 mysterii

473 2335 734 2400 celebrat,
766 2335 1088 2403 deponatur.

793 2420 976 2475 Canon
1006 2418 1414 2484 Auruncorum,
1441 2434 1548 2471 arra
1586 2417 1646 2470 ll
1685 2413 1728 2468 i.

543 2512 732 2566 Subito
753 2512 1127 2566 obtumescens
1165 2507 1358 2580 [prout
1375 2515 1550 2563 status
1573 2505 1690 2574 ejus
1713 2505 1830 2578 est]
1871 2506 2047 2575 bapti-

473 2603 587 2659 zari
613 2611 705 2657 aut
733 2600 1102 2672 paenitentiam
1125 2600 1370 2668 accipere
1396 2604 1605 2668 potest;
1662 2597 1709 2652 si
1755 2597 2047 2651 voluntatis

473 2695 758 2764 prmteritaa
807 2692 1111 2748 testimonia
1157 2689 1328 2763 (Var.
1368 2699 1414 2744 ct
1455 2689 1580 2743 add.
1612 2690 1667 2742 in
1699 2687 1861 2759 edd.)
1897 2687 2044 2755 justa

474 2783 694 2839 fuerint.

977 2869 1116 2926 xEra
1149 2871 1210 2926 12
1240 2869 1380 2943 [eam
1415 2868 1524 2942 15].

549 2962 866 3018 Amentibus
907 2977 1241 3033 quaecunque
1269 2957 1487 3031 pietatis
1529 2964 1677 3027 sunt,
1698 2957 2046 3016 conferantur

475 3051 868 3129 [conferenda].

653 3146 721 3200 In
742 3143 958 3216 epistola
987 3142 1155 3199 sancti
1184 3141 1361 3198 Siricii
1402 3158 1570 3212 papa',
1615 3158 1722 3196 aera
1775 3140 1862 3196 Η.

546 3236 574 3276 ι
612 3235 902 3306 Presbyter
921 3236 1012 3305 qui
1049 3234 1104 3288 in
1138 3233 1262 3288 vino
1299 3231 1540 3303 baptizat
1575 3231 1821 3301 proxima
1859 3245 2047 3287 neces-

473 3327 653 3392 sitate,
679 3334 738 3380 ut
764 3340 906 3396 :eger
933 3339 1039 3380 non
1082 3321 1435 3394 periclitetur,
1456 3337 1555 3393 pro
1581 3321 1672 3376 tali
1701 3336 1760 3377 re
1807 3321 1950 3376 nulla
1995 3322 2047 3377 ei

478 3416 633 3486 culpa
657 3415 979 3472 ascribatur.
1012 3412 1068 3468 Si
1098 3427 1227 3468 vero
1265 3427 1404 3481 aqua
1432 3411 1638 3476 aderat,
1669 3420 1725 3466 et
1751 3412 2047 3467 necessitas

473 3509 600 3562 talis
624 3523 729 3562 non
755 3507 1000 3577 urgebat,
1036 3504 1124 3558 hic
1157 3502 1531 3560 communione
1557 3501 1820 3570 privetur,
1849 3508 1902 3555 et
1926 3514 2046 3570 pae-

476 3597 719 3650 nitentia:
755 3594 1126 3650 submittatur.
1153 3591 1333 3646 Infans
1369 3605 1498 3644 vero
1536 3590 1643 3655 ille,
1668 3591 1713 3645 si
1760 3589 1816 3644 in
1858 3596 2048 3644 sancta

473 3687 743 3741 Trinitate
767 3684 1073 3756 baptizatus
1095 3692 1200 3748 est,
1223 3684 1360 3737 ineo
1379 3682 1646 3752 baptismo
1659 3689 1972 3754 permaneat
2002 3680 2044 3735 ί.

1134 3773 1273 3827 Αἶγα
1302 3772 1386 3826 15.

546 3878 585 3906 ιιι
626 3865 684 3922 Si
719 3863 978 3921 infantem
1025 3865 1078 3919 in
1125 3864 1363 3934 periculo
1409 3863 1756 3920 constitutum
1804 3864 2047 3934 proxima

547 4057 571 4086 ι
602 4045 740 4100 Stat.
786 4043 933 4099 Eccl.
972 4051 1118 4109 ant.;
1174 4040 1228 4096 in
1269 4041 1387 4098 cod.
1439 4041 1599 4096 Barb.
1644 4057 1692 4097 c.
1734 4041 1832 4109 At;
1888 4058 2041 4099 conc.

476 4116 658 4172 Carth.
688 4131 763 4181 tv,
787 4131 836 4171 c.
871 4113 992 4167 100.

546 4188 574 4226 δ
614 4187 677 4242 γ.
703 4185 773 4241 cl.
812 4185 1012 4238 Fronto
1036 4181 1260 4238 Ducaeus
1291 4199 1304 4236 :
1341 4199 1359 4232 ‹
1407 4181 1465 4236 In
1495 4180 1680 4236 codice
1709 4181 1921 4236 Tiliano
1959 4183 2048 4239 hic

474 4272 647 4312 canon
689 4256 957 4310 secundus
998 4261 1083 4308 est
1110 4270 1123 4305 :
1153 4253 1581 4323 primusgautem
1608 4253 1699 4322 qui
1727 4252 1986 4323 sequitur.
2022 4272 2041 4306 ι

548 4339 569 4365 ε
599 4327 663 4380 V.
689 4325 755 4379 cl.
789 4323 839 4378 J.
867 4323 1031 4378 Sirm.
1062 4340 1129 4394 ςηι
1157 4321 1638 4394 semeliehrismari,‘
1678 4321 1879 4394 vulgati
1892 4323 2050 4394 codi-

475 4411 584 4458 ces,
610 4405 663 4449 et
686 4394 997 4458 Gratianus,
1031 4392 1228 4462 aliique
1249 4393 1580 4451 collectores,
1609 4391 1848 4446 semel'in
1880 4393 2047 4463 bapti-

2149 1887 2328 1936 tamen
2355 1879 2410 1934 in
2443 1879 2659 1935 nomine
2684 1887 2883 1934 sancta:
2911 1879 3194 1934 Trinitatis
3222 1881 3481 1951 baptizati
3506 1891 3655 1944 sunt.

2607 1986 2673 2024 DE
2711 1986 2948 2025 ιτειιΑτο
2988 1987 3267 2026 BAPTISIO.

2801 2059 2872 2112 ΑΞ
2881 2077 2937 2112 ra
2976 2058 3064 2114 24.

2217 2151 2581 2224 (Desideratur
2612 2153 2667 2206 in
2692 2152 2838 2224 edd.)
2868 2152 2970 2219 Qui
3001 2154 3068 2207 ad
3103 2153 3356 2208 iteratum
3395 2155 3715 2225 baptismum

2145 2243 2566 2313 suscipiendum,
2616 2243 2698 2297 vel
2747 2252 2891 2297 metu
2927 2244 3120 2309 coacti,
3171 2245 3251 2297 vel
3281 2261 3474 2300 errore
3519 2246 3714 2316 decepti

2146 2343 2293 2400 sunt,
2321 2344 2377 2391 et
2402 2353 2509 2390 non
2537 2352 2594 2390 se
2618 2343 2773 2390 extra
2815 2337 3094 2393 catholica:
3141 2337 3264 2392 ﬁdei
3317 2352 3710 2394 sacramentum

2146 2429 2323 2499 egisse
2359 2437 2712 2496 cognoscunt,
2757 2445 2865 2484 non
2914 2429 3190 2484 societatis
3236 2439 3457 2496 nostra,
3495 2433 3598 2486 nisi
3634 2447 3717 2500 per

2147 2535 2340 2574 manus
2374 2519 2770 2590 impositionem
2809 2521 3067 2590 episcopi,
3117 2523 3557 2587 communionem
3597 2523 3715 2577 reci-

2144 2611 2316 2680 piant,
2366 2618 2610 2681 tempora
2639 2626 2770 2666 vero
2797 2613 3032 2682 episcopi
3081 2615 3448 2668 constituente
3501 2614 3711 2682 judicio,

2145 2711 2306 2773 prout
2343 2719 2730 2760 conversorum
2773 2706 2986 2760 animos
3019 2707 3213 2760 viderit
3249 2706 3334 2760 vel
3390 2709 3715 2775 perspexerit

2145 2810 2266 2850 esse
2285 2797 2529 2860 devotos,
2557 2797 2817 2851 habentes
2840 2797 3003 2850 etiam
3037 2796 3236 2850 seniles
3255 2804 3469 2858 aetates,
3499 2797 3714 2851 intuitus

2143 2894 2200 2941 et
2229 2887 2594 2954 periculorum
2615 2887 2980 2958 aegritudines.
3007 2886 3064 2940 ln
3079 2887 3274 2956 quibus
3293 2888 3338 2940 si
3355 2887 3482 2957 quis
3505 2889 3578 2941 ita
3600 2903 3713 2958 gra-

2144 2976 2285 3031 viter
2313 2987 2553 3047 urgetur,
2589 2986 2650 3032 ut
2679 2979 2745 3032 de
2771 2978 2942 3033 salute
2965 2976 3082 3046 ejus
3109 2978 3452 3048 desperetur,
3477 2993 3710 3034 comm-

2069 3112 2118 3176 ο
2147 3069 2326 3126 nionis
2347 3071 2521 3142 gratia
2551 3071 2922 3127 subveniatur.

2502 3160 2683 3216 Canon
2729 3160 3101 3232 apostolorum,
3140 3179 3249 3216 tera
3272 3161 3360 3216 46.

2221 3263 2242 3292 ι’
2283 3253 2339 3308 Si
2373 3253 2496 3323 quis
2519 3267 2644 3308 eum
2665 3253 2757 3322 qui
2783 3261 2933 3308 recte
2970 3252 3278 3322 baptizatm
3296 3260 3404 3320 est,
3429 3251 3613 3309 sciens
3635 3263 3708 3307 re-

2143 3343 2520 3415 baptizaverit,
2563 3343 2880 3413 deponatur.

2712 3433 2940 3491 CAPUT
2989 3434 3157 3490 XXV.

2147 3543 2214 3584 »ι
2267 3541 2700 3584 οοκριιιλτιοη
2740 3543 2756 3581 2
2825 3544 2893 3582 ΕΤ
2939 3544 3167 3583 ΡΒΔΝῺΙΑ
3219 3545 3272 3583 ΙΝ
3323 3543 3582 3584 εοοιεευ
3626 3543 3714 3582 ιωιι

2181 3615 2339 3655 ΙιἸΔΝΤ
2366 3613 2380 3651 Ξ
2414 3615 2483 3652 ΕΤ
2508 3614 2644 3662 QUOD
2677 3614 2762 3652 DIE
2783 3614 3037 3654 DOIINICO
3065 3615 3200 3655 GENC
3225 3615 3323 3653 NON
3352 3614 3686 3654 FLECTATCL

2497 3687 2564 3741 In
2589 3687 2805 3757 epistola
2829 3687 2858 3741 Ι
2884 3687 3174 3742 Innocentii
3200 3704 3365 3758 pnptr.

2222 3789 2243 3817 τ
2264 3779 2424 3834 Liber
2449 3778 2672 3851 [Verum
2697 3787 2753 3834 et
2779 3778 2866 3833 illa
2894 3779 3074 3852 lectio]
3103 3779 3332 3836 Actuum
3357 3781 3714 3850 apostolorum

2146 3870 2342 3926 asserit
2384 3869 2604 3925 Petrum
2631 3878 2687 3924 et
2733 3867 2998 3926 Joannem
3041 3886 3160 3926 esse
3187 3871 3446 3937 directos,
3489 3873 3583 3942 qui
3614 3879 3715 3925 tan-

2146 4041 2420 4124 clitantem
2458 4040 2718 4124 infantem
2751 4043 3064 4124 baptizavit,
3089 4041 3306 4124 nullagei
3336 4043 3539 4124 exinde
3558 4043 3715 4124 ascri-

2146 4112 2296 4166 bitur
2315 4111 2493 4182 culpa.
2530 4110 2771 4182 Infantes
2793 4110 2874 4182 sic
2903 4121 3252 4180 permaneant
3291 4112 3346 4166 in
3398 4114 3519 4182 ipso
3558 4114 3716 4182 bapti-

2148 4196 2285 4236 smo.
2313 4179 2445 4254 Nam
2477 4182 2521 4235 si
2548 4195 2687 4250 aqua
2713 4180 2882 4234 adfuit
2904 4179 3166 4254 pnesens,
3192 4182 3277 4254 ille
3303 4179 3595 4254 presbyter
3625 4179 3712 4236 exe

2149 4251 2576 4307 communicetur
2602 4291 2616 4315 ,
2667 4261 2720 4304 et
2772 4251 3102 4320 paenitentiae
3157 4251 3552 4317 submittatur,
3602 4254 3715 4322 quia

2149 4330 2338 4393 eontra
2384 4336 2648 4393 canonum
2694 4322 3012 4393 sententiam
3064 4324 3644 4393 agereﬂpraasumpsit.
3692 4341 3710 4373 ι

2150 4391 2318 4446 Recte
2361 4390 2427 4460 ad
2476 4391 2772 4460 marginem
2812 4390 2977 4446 Cone.
3017 4390 3168 4446 nova:
3195 4391 3324 4445 edit.
3356 4390 3582 4446 notatur
3625 4394 3717 4446 ista

473 4476 659 4543 antate_
681 4465 975 4543 carismari.
1021 4463 1085 4516 Et
1117 4458 1246 4543 vero
1273 4470 1490 4542 eertum.
1519 4471 1604 4542 est
1628 4463 1695 4516 de
1723 4458 2046 4543 baptismate
2073 4471 2124 4530 ι)
2149 4460 2359 4543 γει-ιω)
2393 4458 2632 4526 Infantes
2673 4462 2750 4514 sic
2786 4471 3124 4543 permaneant
3182 4462 3236 4514 in
3281 4462 3711 4543 ipsoubaptjsmo,

476 4537 582 4606 agi.
628 4534 734 4590 Sed
777 4549 898 4606 cum
944 4533 1060 4587 hac
1086 4533 1248 4606 verba
1295 4531 1349 4585 in
1380 4531 1630 4606 antiquis
1645 4531 2042 4606 exemplaribus

474 4599 581 4661 non
612 4607 739 4682 sint,
767 4613 819 4659 et
849 4603 1118 4682 glossema
1133 4602 1365 4672 sapiant,
1390 4599 1703 4682 religiofuit
1739 4599 1820 4657 ea'
1839 4601 2044 4682 “retine-

476 4691 554 4730 re.
591 4696 608 4728 ι
634 4675 710 4728 Ex
733 4690 838 4744 quo
857 4670 1007 4744 patet
1032 4670 1229 4740 ubique
1251 4670 1628 4744 cumantiquis
1647 4671 2043 4743 exemplaribus

473 4741 778 4800 consentire
799 4741 1172 4799 collectionem
1202 4741 1322 4796 cod.
1352 4741 1619 4794 Herovall.

544 4814 570 4852 ἀ
610 4813 760 4882 Apud
796 4814 991 4868 Burch.
1019 4819 1074 4866 et
1110 4813 1258 4867 lvon.
1296 4829 1310 4866 :
1342 4812 1398 4866 in
1432 4809 1828 4878 conﬁrmatione
1869 4825 2044 4866 suer-

475 4881 611 4937 dotis
640 4881 952 4950 perﬁcietur.

551 4963 575 5021 ξ
610 4949 804 5021 interp.
823 4967 934 5021 nec
954 4949 1170 5021 Dionys.
1195 4965 1296 5006 nec
1316 4949 1440 5006 Isid.

551 5019 574 5062 ί
611 5019 668 5074 In
691 5018 784 5074 Gr.
809 5019 897 5074 48.

548 5093 577 5203 ξ
613 5090 747 5216 ξειιέ
771 5087 925 5215 Mign
953 5087 1150 5156 interp.
1183 5089 1400 5160 Dionys.
1421 5128 1437 5156 ,
1479 5104 1508 5142 a
1539 5103 1646 5160 qua
1677 5086 1968 5160 discrepat.

644 5178 676 5214 n
755 5175 798 5213 r.
898 5199 912 5212 .

644 5178 676 5214 n
704 5175 798 5214 υτ.
822 5175 912 5214 43.

555 5233 572 5310 ξ
613 5233 896 5310 interpret.
940 5227 1184 5310 Dionys,
1215 5242 1245 5280 a
1271 5243 1378 5310 quo
1398 5229 1686 5299 discrepat.

548 5301 563 5354 i
613 5301 672 5358 C.
699 5296 776 5356 η-
795 5316 946 5357 conc.
981 5296 1320 5354 Arausicani.

546 5373 578 5413 κ
619 5373 962 5428 Desideratur
989 5370 1044 5424 in
1076 5369 1164 5426 ed.
1193 5383 1278 5436 ep.
1307 5366 1506 5422 Siricii.

551 5440 572 5483 ι
613 5441 811 5497 Eadem
834 5441 1019 5511 paucis
1039 5439 1219 5511 verbis
1243 5438 1464 5511 mutatis
1485 5439 1719 5492 citantur
1737 5452 1802 5491 ex
1817 5437 2038 5511 epistola

477 5512 536 5568 Si
545 5512 658 5566 ricii
680 5514 745 5566 ad
761 5507 1066 5582 episcopum
1082 5509 1378 5582 Himerium
1395 5507 1901 5582 Tarraconensema
1919 5507 2041 5582 Ste-

478 5583 660 5651 phano
682 5577 816 5650 papa
831 5582 874 5636 ll
888 5577 956 5636 in'
969 5581 1081 5637 suis
1099 5581 1166 5635 ad
1181 5579 1329 5632 varia
1344 5577 1733 5651 consultalirit.
1761 5577 2042 5651 monacho-

481 5645 604 5703 i'um
631 5645 900 5720 responsis
921 5669 1038 5721 cap.
1067 5651 1152 5715 li,
1177 5651 1276 5705 hoc
1301 5650 1502 5721 modo:
1526 5666 1552 5721 _«
1589 5645 1646 5701 Si
1675 5647 1727 5701 in
1750 5647 1874 5721 vino
1896 5648 2037 5721 quis,

477 5718 764 5792 protitere'a
792 5721 932 5788 quod
959 5718 1149 5791 aquam
1179 5737 1282 5778 non
1313 5719 1637 5786 inveniebat,
1656 5718 1872 5774 omnino
1902 5718 2041 5789 peri-

2146 4545 2265 4585 csse
2287 4529 2549 4598 glossema
2577 4540 2670 4584 aut
2698 4545 2730 4584 e
2753 4529 2992 4600 margine
3018 4531 3069 4584 in
3097 4529 3351 4584 textum'a
3381 4529 3609 4586 librario
3645 4545 3715 4585 te-
3739 4539 3742 4544 ‘

2146 4614 2294 4670 mere
2319 4599 2584 4670 intrusum
2602 4641 2616 4662 ,
2645 4609 2739 4654 aut
2765 4616 2829 4654 ex
2856 4599 3115 4670 proximis
3139 4603 3443 4655 canonibus
3494 4617 3593 4670 per
3641 4603 3713 4654 in—

2144 4669 2350 4724 curiam
2381 4669 2719 4724 translatum.
2750 4669 2928 4737 Quare
2958 4670 3046 4724 hic
3082 4670 3230 4724 locus
3255 4669 3542 4726 emendari
3566 4673 3714 4727 debet

2144 4738 2374 4795 lectione
2403 4741 2805 4794 accuratissima
2835 4741 2954 4794 cod.
2988 4739 3365 4795 Herovalliaui.

2214 4820 2256 4850 ω
2296 4809 2474 4864 Desid.
2503 4808 2557 4879 in
2585 4811 2670 4864 ed.
2699 4825 2784 4879 ep.
2809 4810 2972 4865 Siric.

2215 4889 2242 4917 ³³
2282 4879 2482 4962 Eadem
2511 4878 3218 4962 sichlegu’nlt‘urnin‘eisdem
3273 4882 3552 4962 responsis
3601 4880 3708 4936 Ste-

2142 4949 2308 5030 phani
2330 4948 2394 5015 ll,
2425 4964 2543 5030 cap.
2577 4948 2690 5003 ιιιξ
2725 4966 2744 5000 ι
2880 4948 3003 5030 licet
3035 4965 3137 5030 per
3148 4948 3552 5030 necessitatem
3598 4967 3708 5006 cum

2143 5016 2371 5084 concha,
2403 5016 2639 5072 autcum
2667 5016 2944 5090 manibus,
2964 5016 3163 5090 infanti
3193 5020 3244 5073 in
3272 5019 3589 5090 infirmitate
3624 5037 3710 5090 po-

2143 5091 2456 5170 sitopaquam
2479 5103 2642 5170 super
2661 5097 2824 5170 caput
2845 5088 3090 5170 fundere,
3113 5100 3169 5170 et
3188 5090 3274 5170 sic
3292 5089 3589 5170 baptizare.
3607 5088 3708 5144 Hoc

2140 5158 2427 5230 baptisma,
2455 5158 2501 5230 si
2543 5158 2597 5212 in
2643 5159 2858 5212 nomine
2888 5167 3088 5213 sanctae
3129 5158 3408 5216 Trinitatis
3439 5170 3708 5230 peractum

2142 5227 2332 5293 fuerit,
2357 5228 2586 5282 ﬁrmiter
2613 5230 2947 5297 permanebit
2978 5248 2988 5281 :
3016 5231 3318 5299 praesertim
3359 5227 3483 5286 cum
3529 5244 3708 5285 neces-

2142 5300 2276 5380 sitas
2288 5301 2411 5380 'hoc
2430 5307 2703 5380 exposcat.
2751 5318 2771 5351 ι

2215 5377 2242 5493 ἔ
2287 5369 2465 5493 ﬁgam.
2502 5366 2557 5422 in
2586 5369 2671 5423 ed.
2689 5383 2773 5439 ep.
2794 5368 2902 5424 Sir.
2920 5370 3041 5426 Vid.
3066 5371 3232 5442 Resp.
3255 5370 3442 5442 Steph.
3469 5386 3620 5442 papa:
3643 5366 3703 5431 ll,

2142 5455 2260 5495 CIII).
2288 5455 2374 5493 10.

2207 5455 2506 5632 ἓἸξΞέὶἁθγ.
2537 5507 2590 5561 in
2611 5508 2696 5562 ed.
2727 5523 2812 5581 ep.
2841 5508 3000 5567 Siric.
3041 5510 3201 5583 Resp.
3246 5512 3430 5584 Steph.
3459 5525 3606 5582 papae
3639 5506 3703 5572 Π»

2143 5595 2260 5634 030.
2292 5595 2376 5632 14.

2208 5595 2260 5699 Et).
2275 5595 2470 5717 [interp.
2505 5664 2609 5702 non
2644 5647 2863 5719 Dionys.

2217 5731 2236 5757 τ
2275 5720 2402 5788 Cap.
2433 5720 2484 5774 5.
2515 5719 2644 5774 Vide
2671 5735 2852 5792 supra.
