3924 6180
410 273 436 329 1
447 271 549 328 027

400 385 584 443 clestae
611 380 698 438 cui
721 376 1001 450 proximus
1025 372 1208 439 fuerit,
1236 372 1324 428 die
1353 372 1635 428 Domini'co
1661 372 1849 426 deesse
1873 383 1980 424 non
2010 371 2060 426 Δ

403 474 428 549 (
441 471 591 545 Var.)
610 471 811 528 licebit.

790 561 973 616 Canon
1000 558 1279 628 Africanus
1299 600 1312 624 ,
1341 574 1452 613 tera
1481 557 1549 611 77
1574 568 1622 611 α.

477 655 580 723 Qui
605 653 886 710 Dominico
920 652 1006 707 die
1050 652 1290 708 studiose
1326 651 1554 724 jejunat,
1597 664 1702 705 non
1732 647 1988 703 credatur

407 747 727 805 catholicus.

1036 834 1176 889 κει-α
1207 835 1278 890 78
1304 834 1355 888 δ.

475 929 698 986 Pascha:
739 926 1054 983 solemnitas
1106 941 1216 981 uno
1281 925 1370 980 die
1436 931 1492 978 et
1547 930 1789 991 tempore
1841 919 1988 976 cele-

407 1017 638 1077 branda.

957 1106 1186 1163 CAPUT
1225 1105 1437 1161 XXVII.

574 1218 641 1258 DE
696 1215 906 1257 IEJUNIO
957 1212 1377 1262 οωυηΑθεειιως
1424 1210 1523 1250 VEL
1571 1210 1823 1250 LETANIA.

719 1291 902 1346 Canon
934 1288 1326 1344 Aurelianensis
1351 1328 1366 1352 ,
1404 1303 1512 1341 αντα
1539 1287 1603 1340 21
1640 1297 1687 1338 ε.

483 1383 648 1458 [Εάὰ.
675 1383 802 1437 add.
831 1396 848 1433 :
881 1381 938 1435 ld
966 1396 997 1434 a
1022 1379 1394 1434 sacerdotibus
1438 1375 1689 1430 omnibus
1715 1375 1991 1430 decretum

411 1475 539 1547 est]
569 1475 708 1528 Ante
730 1471 950 1526 Pascbae
975 1469 1369 1525 solemnitatem
1392 1483 1498 1522 non
1527 1464 1990 1542 quinquagesima,

413 1563 508 1620 sed
531 1561 946 1634 quadragesima
983 1567 1250 1614 teneatur.
1915 1559 1918 1570 ⁵

768 1672 951 1727 Canon
997 1670 1343 1741 Agathensis,
1395 1683 1502 1722 mra
1552 1667 1638 1747 12.

475 1765 692 1824 Placuit
728 1775 789 1820 ut
837 1779 1026 1820 omnes
1071 1761 1316 1817 ecclesiae
1360 1760 1477 1824 ﬁlii,
1527 1757 1766 1828 exceptis
1811 1757 1998 1812 diebus

415 1860 729 1924 Dominicis,
786 1860 840 1914 in
898 1857 1337 1928 Quadragesima,
1388 1854 1574 1926 [etiam
1629 1855 1714 1908 die
1750 1852 2000 1926 sabbato]

415 1951 736 2008 sacerdotali
787 1949 1130 2005 ordinatione
1176 1954 1233 2002 ct
1293 1945 1649 2001 diStrictionis
1709 1937 2003 2001 commina-

415 2043 561 2100 tione
583 2040 852 2112 jern’ent.

831 2153 1010 2208 Canon
1041 2152 1372 2217 Maticensis,
1408 2168 1514 2206 mra
1539 2152 1594 2207 9.

488 2243 565 2300 De
589 2258 796 2300 canone
836 2242 1059 2312 legendo
1089 2258 1118 2296 a
1145 2242 1307 2296 missa
1339 2241 1510 2295 sancti
1559 2239 1792 2305 Martini,
1835 2255 2006 2310 usque

418 2335 486 2391 ad
516 2335 706 2390 Natale
733 2334 946 2388 Domini
973 2333 1019 2385 ἀ.
1051 2333 1116 2388 Et
1141 2348 1170 2386 a
1192 2332 1358 2387 missa
1374 2331 1546 2392 sancti
1574 2331 1813 2396 Martini,
1835 2347 2006 2401 usque

415 2425 483 2480 ad
509 2423 698 2479 Natale
723 2423 938 2478 Domini
965 2422 1097 2477 feria
1132 2439 1171 2476 ιι
1209 2429 1267 2476 et
1289 2437 1342 2476 tv
1385 2429 1441 2476 et
1483 2437 1534 2476 vr
1587 2421 1798 2476 sabbati
1845 2419 2002 2492 (Var.

415 2513 536 2570 edd.
563 2515 646 2568 hic
673 2523 719 2568 et
745 2511 907 2584 infra)
946 2510 1189 2580 jejunent
1214 2529 1226 2563 :
1257 2521 1311 2564 et
1355 2509 1624 2564 sacriﬁcia
1655 2508 2009 2580 quadragesi-

416 2606 544 2663 mali
573 2605 804 2661 debeant
831 2603 1020 2660 ordine
1051 2603 1336 2658 celebrari.
1361 2601 1420 2656 lu
1462 2601 1657 2669 quibus
1696 2599 1886 2656 diebus
1910 2614 2006 2653 ca-

421 2710 592 2752 nones
623 2694 878 2767 legendos
934 2692 1178 2765 [speciali
1208 2690 1540 2763 deﬁnitione]
1587 2689 1866 2746 sanximus
1908 2703 2008 2759 pro

418 2787 722 2862 ignorantia
751 2781 935 2858 p0puli
962 2783 1309 2855 corrigenda.

744 2876 929 2932 Canon
963 2875 1382 2940 Aurelianensis,
1413 2887 1522 2929 tera
1545 2872 1616 2927 24
1644 2883 1689 2925 ε.

491 2967 865 3040 [Rogationes,
910 2965 964 3020 id
1007 2963 1113 3036 est]
1164 2962 1416 3018 Letanias
1460 2971 1584 3017 ante
1622 2959 2008 3016 Ascensionem

1261 241 1586 319 ciuouns
1627 256 1912 315 summa
1952 251 2043 308 ex
2083 253 2238 308 vc'r.
2280 243 2434 309 CAN.
2477 249 2811 307 COLLEC'I‘.

3535 253 3681 310 1028

2507 379 2572 427 ns
2588 371 2810 418 assumo
2835 376 3005 416 ιἝιιιΑε
3036 377 3242 419 summ.

2305 453 2373 508 In
2399 453 2647 507 decretali
2684 453 2980 507 Innocentii
3010 471 3180 524 papae,
3210 472 3319 510 trra
3345 458 3381 513 5
3410 455 3456 510 i.

2154 545 2391 601 Sabbato
2409 543 2757 613 jejunandum
2783 558 2931 609 esse,
2970 545 3108 600 ratio
3149 545 3558 603 evidentissima
3581 548 3683 604 de-

2085 643 2372 690 monstrat.
2387 634 2521 689 Nam
2544 633 2706 706 (Add.
2723 642 2771 686 et
2787 650 2896 687 var.
2916 634 2971 688 in
2982 635 3126 706 edd.)
3151 635 3194 689 si
3220 639 3686 694 resurrectionem

2086 726 2297 781 Domini
2339 725 2509 779 nostri
2556 723 2685 780 Jesu
2733 723 2963 788 Christi,
3011 739 3108 793 per
3160 726 3398 796 singulos
3444 729 3690 784 circulos

2088 815 2572 881 hebdomadarum,
2621 815 2790 885 ipsius
2818 816 2922 870 diei
2968 815 3204 884 imagine
3245 817 3686 887 frequentamus,

2086 917 2143 962 et
2168 916 2318 963 sexta
2344 907 2480 962 feria
2518 907 2794 977 jejunatur
2825 906 3174 979 [jejunamus]
3217 916 3444 979 propter
3475 912 3690 980 passio—

2090 1013 2212 1053 nem
2237 997 2469 1061 Domini,
2500 999 2782 1053 sabbatum
2827 998 3245 1067 praetermittere
3269 1014 3374 1053 non
3400 1000 3684 1064 debemus,

2092 1086 2232 1158 quod
2261 1088 2402 1142 inter
2440 1089 2714 1143 tristitiam
2750 1095 2806 1142 et
2847 1087 3089 1142 laetitiam
3128 1087 3269 1143 illius
3318 1092 3580 1160 temporis
3608 1093 3688 1146 vi-

2091 1179 2560 1234 detur-inclusum.
2609 1179 2744 1232 Nam
2773 1179 2959 1246 utique
3003 1187 3234 1245 constat,
3276 1180 3440 1234 biduo
3467 1182 3576 1236 isto
3603 1184 3688 1237 vel

2092 1270 2378 1339 apostolos,
2429 1268 2626 1342 (Deest)
2669 1270 2776 1324 vel
2803 1271 3036 1341 majores
3093 1271 3150 1324 in
3197 1286 3435 1326 mmrore
3469 1270 3684 1328 fuisse:

2095 1359 2276 1432 (Van)
2308 1368 2362 1414 et
2383 1360 2437 1413 in
2461 1367 2673 1413 tantum
2701 1373 2795 1414 eos
2818 1358 3112 1428 jejunasse,
3138 1367 3198 1413 ut
3218 1374 3318 1414 nec
3343 1371 3687 1416 sacramenta

2093 1452 2309 1522 penitus
2337 1451 2696 1507 celebrarent.

2663 1541 2890 1598 CAPUT
2923 1541 3115 1596 XXIX.

2099 1648 2164 1690 DE
2193 1648 2293 1688 HOC
2335 1648 2472 1696 QUOD
2499 1648 2776 1688 OFPERTUR
2821 1649 2890 1687 AD
2926 1648 3160 1698 ALTARE,
3203 1648 3304 1688 γει.
3331 1649 3470 1696 QUOD
3495 1649 3694 1691 orm-

2209 1719 2316 1758 TUR
2342 1720 2409 1758 AD
2440 1719 2620 1758 DOIIUM
2648 1718 2971 1758 SACERDOTlS
2997 1722 3009 1757 Ζ
3036 1721 3136 1758 VEL
3165 1719 3231 1758 βε
3261 1720 3583 1761 οΒιΑι-ιοεεε.

2493 1795 2520 1834 ιι
2551 1793 2732 1848 Canon
2757 1794 3080 1861 Maticensis,
3103 1813 3213 1850 mra
3238 1796 3293 1850 ι.

2171 1881 2366 1956 (Multa
2392 1884 2616 1955 prazced.
2646 1885 2700 1938 in
2725 1883 2872 1956 edd.)
2901 1885 3162 1942 Omnibus
3183 1887 3478 1944 Dominicis
3503 1889 3696 1946 diebus

2100 1976 2301 2034 oblatio
2329 1974 2513 2046 (ναν.)
2546 1984 2657 2029 tam
2684 1977 2839 2044 panis
2863 1992 3028 2045 quam
3057 1978 3165 2032 vini
3191 1979 3262 2033 ab
3284 1983 3540 2036 omnibus
3565 1982 3698 2036 viris

2102 2081 2168 2119 ac
2201 2065 2518 2122 mulieribus
2560 2065 2614 2121 in
2662 2065 2902 2122 Ecclesia
2941 2066 3220 2125 oll‘eratur.
3277 2070 3380 2136 Qui
3421 2086 3555 2126 vero
3600 2085 3697 2140 per

2103 2157 2384 2212 iuobedien
2393 2157 2520 2211 tiam
2537 2156 2639 2212 hoc
2654 2158 2978 2226 contempsit
3003 2159 3289 2216 anathema
3316 2163 3386 2228 sit
3407 2160 3697 2232 [evacuare

2105 2247 2506 2304 contendunt...
2547 2246 2700 2317 sint].

2105 2337 2288 2394 Canon
2341 2339 2630 2412 Cangensis
2669 2342 2735 2398 de
2768 2342 3128 2468 zeiatgoitibus
3167 2343 3355 2400 diebus
3383 2345 3694 2410 Dominicis,

2179 2512 2220 2540 ω
2247 2500 2304 2556 Si
2344 2502 2465 2572 quis
2491 2503 2815 2570 oblationes,
2858 2504 3067 2561 fructus
3093 2505 3178 2560 vel
3219 2507 3496 2576 primitias
3529 2506 3699 2562 eccle-

2107 2593 2202 2648 sia:
2222 2592 2434 2650 debitas
2455 2595 2686 2651 voluerit
2706 2606 2860 2652 extra
2883 2597 3168 2653 ecclesiam
3195 2599 3445 2670 accipere
3469 2598 3558 2653 vel
3577 2599 3702 2655 dare

2108 2685 2226 2740 sine
2253 2688 2582 2764 conscientia
2613 2689 2874 2760 episcopi,
2899 2690 3186 2747 anathema
3215 2691 3304 2747 sit.

2453 2777 2635 2832 Canon
2662 2777 3056 2850 Hipponiensis,
3090 2798 3198 2836 (cra
3224 2783 3294 2838 58
3317 2791 3366 2835 ιι.

2180 2864 2292 2922 Nec
2319 2867 2548 2938 amplius
2576 2871 2643 2924 de
2669 2871 2958 2946 primitivis
2985 2871 3041 2926 in
3069 2872 3240 2928 altare
3269 2871 3601 2946 [sacriﬁciis]
3627 2872 3704 2928 of-

2111 2955 2336 3021 feratur,
2385 2974 2546 3028 quam
2576 2960 2642 3015 de
2677 2945 2795 3015 uvis
2825 2970 2880 3015 et
2924 2962 3229 3019 frumentis.
3274 2945 3460 3034 (Muli.
3503 2945 3615 3018 cur.
3649 2967 3703 3018 in

421 3057 658 3124 Domini,
709 3057 778 3111 ab
805 3055 1058 3111 omnibus
1085 3054 1332 3109 ecclesiis
1377 3053 1579 3123 placuit
1618 3051 1903 3116 celebrari,
1936 3051 2009 3104 ita
2034 3057 2083 3122 ο
2113 3047 2260 3119 edd.)
2298 3048 2416 3104 Alia
2465 3051 2645 3106 omnia
2692 3053 2758 3106 ad
2800 3052 3016 3109 domum
3059 3055 3361 3111 sacerdotis
3389 3055 3701 3111 deferantur

420 3159 482 3204 ut
526 3149 870 3221 praemissum
930 3146 1239 3200 triduanum
1298 3142 1562 3212 jejunium
1613 3143 1666 3196 in
1719 3140 2012 3196 Dominiczn

419 3237 754 3294 ascensionis
787 3237 871 3292 die
901 3231 1240 3307 [festivitate]
1287 3233 1547 3287 solvatur.
1597 3230 1703 3285 Per
1731 3229 1874 3300 quod
1916 3229 2012 3284 tri-

420 3329 586 3386 duum
632 3329 774 3384 scrvi
819 3327 902 3382 vel
928 3327 1136 3381 ancillae
1165 3327 1233 3380 ab
1276 3325 1422 3379 omni
1469 3324 1694 3380 servitio
1739 3323 2009 3388 laxentur,

421 3419 528 3492 quo
557 3421 728 3492 magis
771 3417 922 3490 plebs
959 3418 1212 3472 universa
1241 3416 1547 3481 conveniat,
1579 3422 1634 3468 et
1661 3412 2012 3483 quadragesi-

421 3512 651 3569 malibus
677 3511 812 3567 cibis
839 3519 1065 3564 utantur
1086 3508 1216 3580 [quo
1239 3506 1416 3561 triduo
1440 3521 1629 3560 omnes
1659 3503 2008 3577 abstineant].

1062 3596 1298 3652 Ai'ra25
1333 3595 1376 3649 ί.

493 3689 689 3745 Clerici
720 3703 848 3743 vero
873 3687 965 3757 qui
991 3687 1057 3740 ad
1083 3686 1188 3740 hoc
1213 3699 1348 3754 opus
1375 3691 1618 3738 sanctum
1647 3684 1835 3736 venire
1879 3696 2012 3738 con-

425 3779 868 3852 tempserint,vel
889 3778 1078 3833 adesse
1102 3771 1118 3829 ἑ
1143 3775 1568 3830 ecclesiasticam
1592 3774 1752 3846 (Add.
1787 3785 1834 3828 et
1875 3773 2012 3847 var.)

431 3874 733 3946 meipia‘nt
757 3870 1116 3942 disciplinam.

781 3963 809 4002 ⁸
839 3959 1020 4015 Canon
1047 3955 1431 4027 Lugdunensis,
1461 3970 1570 4009 ara
1595 3955 1649 4009 6.

496 4055 556 4113 In
600 4053 778 4127 prima
825 4048 1161 4108 hebdomada
1202 4048 1324 4103 novi
1359 4048 1582 4112 mensis,
1621 4047 1726 4101 hoc
1771 4054 1854 4101 est
1890 4038 2015 4102 ante

427 4148 575 4204 diem
607 4146 966 4210 Dominicum,
991 4143 1082 4212 qui
1102 4142 1310 4213 primus
1335 4140 1390 4194 in
1413 4140 1528 4209 ipso
1551 4153 1735 4194 mense
1760 4139 2012 4202 illuxerit,

426 4237 650 4303 litaniae,
683 4238 822 4292 sicut
850 4244 974 4290 ante
1011 4233 1396 4288 Ascensionem
1422 4231 1657 4297 Domini,
1692 4229 1885 4302 [sancti
1914 4231 2018 4286 Pa—

427 4336 541 4384 tres
575 4327 692 4384 lieri
716 4327 1096 4390 decreverunt,
1126 4322 1400 4394 deinceps]
1443 4324 1512 4379 ab
1550 4323 1802 4379 omnibus
1827 4322 2014 4380 Eccle-

427 4417 528 4474 siis
559 4418 676 4491 [seu
702 4417 996 4490 parochiis]
1021 4417 1380 4472 celebrentur.

815 4507 842 4546 ιι
871 4504 1054 4560 Canon
1079 4504 1390 4574 Gangensis,
1417 4514 1524 4560 cera
1551 4505 1638 4561 l9.

507 4598 524 4636 ί
560 4597 618 4651 Si
647 4597 767 4665 quis
796 4611 1004 4663 eorum,
1035 4596 1130 4666 qui
1155 4595 1501 4650 continentia
1529 4589 1743 4650 studere
1767 4601 2014 4667 possunt,

432 4685 638 4756 absque
660 4688 982 4742 necessitate
1012 4697 1271 4756 corporea
1298 4687 1498 4742 tradita
1523 4687 1576 4742 in
1622 4701 1906 4743 commune
1931 4687 2016 4758 je-

431 4771 600 4844 junia,
625 4777 766 4831 etab
788 4779 932 4831 omni
953 4777 1195 4833 Ecclesia
1233 4779 1501 4834 custodita
1527 4768 1888 4848 superbiendo
1905 4781 2008 4838 dis»

431 4865 615 4931 solvit,
645 4867 940 4921 anathema
957 4868 1046 4922 sit.

505 5028 532 5058 ι
569 5018 733 5094 (_Jouc.
763 5017 1016 5094 Carthag.
1058 5036 1131 5084 ιν,
1156 5036 1204 5094 _c.
1227 5019 1330 5094 ﬁl;
1372 5021 1468 5076 sed
1490 5021 1673 5094 potius
1690 5021 1846 5092 juxta
1888 5025 2008 5082 Sta-

433 5093 551 5144 ωτι
573 5088 718 5145 Eccl.
749 5091 968 5156 antiqua
991 5090 1044 5143 in
1071 5092 1189 5144 ced.
1227 5092 1388 5146 Barb.
1421 5109 1471 5146 c.
1496 5088 1589 5147 ἾῚ.

505 5159 537 5199 δ
567 5157 730 5215 Cone.
761 5159 1016 5242 Carthag:
1042 5175 1112 5223 tv,
1159 5175 1207 5214 c.
1234 5158 1333 5227 64;
1375 5164 1469 5217 sed
1495 5165 1676 5286 potius
1702 5166 1857 5237 juxta
1888 5165 2010 5222 Sta-

505 5234 552 5286 ιιι
582 5230 727 5285 Eccl.
758 5241 976 5286 anttaua
1000 5245 1055 5284 In
1080 5229 1202 5285 cod.
1233 5230 1393 5286 Barb.
1427 5248 1476 5286 c.
1535 5236 1587 5286 8.

436 5234 552 5288 tuta
582 5229 981 5301 Eccl.rantiquaf
1000 5229 1055 5284 in
1080 5229 1393 5301 cod._Barb.
1427 5248 1476 5287 c.
1498 5229 1587 5289 78.

505 5307 532 5341 ο
585 5299 794 5356 Concil.
825 5298 1007 5354 Atircl.
1037 5317 1086 5365 ι,
1115 5305 1164 5356 c.
1208 5298 1297 5354 24.

502 5367 533 5409 ⁸
555 5369 689 5428 Edd.
718 5385 827 5425 om.
857 5371 938 5424 De
955 5386 1263 5424 canone.....
1295 5370 1524 5425 Domini.

508 5447 536 5478 ο
560 5437 724 5493 Cone.
748 5440 932 5494 Aurel.
965 5458 1003 5506 ι,
1028 5457 1077 5494 c.
1106 5440 1196 5495 27.

512 5506 535 5547 ί
565 5507 729 5576 Conc.
757 5510 939 5564 Aurel.
969 5528 1010 5576 ι,
1037 5526 1087 5565 c.
1118 5511 1208 5566 28.

511 5576 538 5648 ξ
566 5575 729 5648 gone.
759 5578 928 5648 l_.ugd.
960 5595 1101 5638 anno
1125 5581 1326 5638 Christi
1353 5579 1456 5637 567
1481 5581 1826 5640 celebratum.

509 5639 537 5684 ll
566 5640 728 5698 Conc.
759 5639 1056 5720 Gangrens.

2115 3139 2182 3195 ad
2209 3139 2653 3199 benedicendum.

2690 3233 2917 3291 CAPUT
2955 3235 3124 3292 XXX.

2149 3339 2214 3378 DE
2241 3338 2608 3392 COMMUMONE,
2629 3341 2698 3379 ΕΤ
2728 3342 2796 3380 UT
2826 3342 3058 3382 POPULUS
3084 3343 3263 3383 κιεειε
3290 3344 3648 3385 πιερεςτετ.

2507 3415 2688 3470 Conon
2714 3416 3097 3484 Antiochensis,
3127 3437 3233 3472 trra
3263 3421 3316 3474 2.

2187 3511 2212 3538 °
2241 3502 2441 3560 Omnes
2471 3507 2562 3575 qui
2593 3507 2970 3578 ingrediuntur
2991 3509 3296 3575 ecclesiam,
3335 3526 3434 3565 nec
3469 3527 3702 3566 commu-

2110 3598 2298 3660 nicant
2338 3600 2394 3654 in
2437 3601 2680 3659 oratione
2705 3615 2828 3656 cum
2853 3601 3070 3671 populo,
3100 3603 3196 3658 sed
3236 3619 3338 3672 pro
3364 3605 3601 3673 quadam
3628 3606 3701 3660 in-

2115 3692 2470 3760 temperantia
2505 3706 2629 3747 sese
2659 3708 2691 3747 a
2738 3694 3084 3764 perceptione
3124 3708 3327 3751 sancta:
3373 3701 3701 3756 communio-

2113 3783 2199 3837 nis
2223 3789 2474 3837 avertunt
2499 3800 2514 3838 :
2548 3782 2736 3838 tandiu
2761 3784 2829 3839 de
2853 3783 3082 3840 ecclesia
3131 3799 3518 3842 removeantur
3538 3805 3699 3860 quan-

2114 3873 2206 3928 diu
2229 3888 2329 3944 per
2353 3871 2748 3931 confessionem
2791 3877 2855 3929 ac
2896 3875 3275 3944 paenitentiam
3317 3876 3704 3949 indulgentiam

2115 3974 2531 4036 consequantur.

2350 4055 2532 4112 Cancri
2565 4057 2900 4128 Agathonis,
2927 4075 3038 4113 cra
3076 4058 3144 4113 M
3175 4058 3318 4132 [eam
3343 4058 3456 4133 i8].

2185 4146 2265 4201 De
2285 4150 2645 4202 communione
2667 4149 3099 4204 saecularium.—
3111 4148 3413 4208 Saeculares
3427 4165 3591 4217 vero,
3615 4152 3703 4222 qui

2116 4236 2306 4294 Natale
2334 4239 2567 4304 Domini,
2595 4239 2824 4306 Pascha,
2849 4238 3225 4296 Pentecostem
3259 4257 3370 4297 non
3407 4243 3706 4298 communi-

2117 4334 2381 4399 caverint,
2429 4334 2570 4389 inter
2603 4335 2904 4391 catholicos
2941 4350 3050 4392 non
3099 4337 3406 4394 habeantur
3429 4337 3705 4412 [catholici

2043 4409 2094 4471 Ι)
2120 4439 2226 4478 non
2257 4423 2590 4496 credantur].

2501 4515 2688 4570 'Canon
2716 4515 3038 4584 Musicanis,
3071 4531 3178 4573 tera
3204 4518 3237 4573 6
3266 4531 3310 4574 Ρ.

2190 4603 2379 4659 Nullus
2423 4606 2706 4676 presbyter
2749 4605 3024 4662 confertus
3068 4609 3213 4675 cibo,
3262 4618 3356 4663 aut
3402 4610 3704 4682 crapulam:

2117 4694 2262 4760 vino,
2293 4693 2560 4750 sacrificia
2588 4695 2947 4764 eontrectare,
2995 4706 3088 4752 aut
3123 4699 3316 4754 missas
3363 4699 3547 4758 facere
3571 4701 3700 4772 [pti-

2113 4788 2256 4842 va'tis
2267 4787 2723 4858 festisqnediebus
2741 4791 3474 4864 cuneelehrarehrtesumat.
3489 4795 3509 4867 (
3524 4793 3643 4849 Var.
3653 4803 3697 4849 et

2005 4895 2007 4898 ·
2113 4879 2239 4932 add.
2257 4879 2312 4932 in
2329 4877 2476 4952 edd.)
2499 4879 2653 4946 Quod
2679 4880 2724 4935 si
2741 4883 3164 4952 praesumpserit,
3189 4885 3406 4940 amittat
3422 4885 3692 4941 timorem.

2188 5036 2204 5106 _i
2244 5035 2444 5105 Interp.
2475 5038 2574 5090 nec
2598 5035 2819 5106 Dionys.
2853 5053 2953 5092 nec
2977 5037 3101 5092 Isid.
3169 5075 3172 5078 -

2186 5103 2198 5179 ξ
2237 5106 2335 5179 Ep.
2363 5103 2482 5179 lnn.
2510 5106 2554 5172 Ι,
2585 5108 2654 5179 ad
2676 5103 3156 5179 Decentium,_cap.
3189 5110 3242 5164 4.

2183 5175 2209 5213 ι
2241 5171 2404 5231 conc.
2433 5171 2841 5233 Matisconensis
2867 5173 2904 5234 ι.
2935 5177 2983 5232 c.
3003 5171 3063 5234 ⁷4.

2187 5243 2205 5283 1
2235 5245 2399 5318 Cunc.
2430 5245 2760 5318 Gangrens'is
2779 5247 2828 5302 ὀ.

2182 5326 2222 5355 ω
2252 5317 2448 5388 l_nterp.
2483 5317 2588 5388 nec
2614 5318 2832 5388 Dionys.
2866 5332 2968 5388 nec
2995 5317 3121 5374 lsid.

2107 5395 2226 5509 Af:
2461 5403 2521 5443 ιιι
2561 5383 2767 5443 Οθτίὶιξ
2795 5389 2845 5444 ὁ.
2889 5386 2988 5454 24,
3029 5390 3084 5444 in
3126 5390 3339 5463 integro
3383 5392 3503 5450 cmi.
3547 5388 3681 5449 Eccl.

2181 5473 2226 5509 1⁵.
2257 5472 2307 5511 C.
2331 5472 2421 5511 δέ.

2185 5534 2208 5561 ο
2235 5526 2436 5601 Interp.
2470 5542 2572 5601 nec
2597 5527 2820 5601 Dionys.
2849 5526 2950 5586 nec
2969 5531 3107 5593 Isid.

2187 5606 2214 5645 ι’
2250 5595 2456 5654 Concil.
2488 5595 2836 5655 Mati’sCoxien.
2865 5617 2926 5656 ιι.
