3924 6180
440 271 569 325 1051

755 380 933 434 Canon
960 379 1373 440 Aurelianensis,
1405 396 1511 432 (ενα
1545 379 1610 432 12
1635 392 1682 432 ο.

505 473 755 544 Episcopi
782 472 961 545 (Van)
997 472 1322 543 pauperibus
1346 471 1429 526 vel
1454 471 1682 526 inﬁrmis
1699 513 1712 537 ,
1738 471 1828 540 qui
1858 470 2006 525 debi-

435 563 582 619 litate
623 563 855 619 faciente
894 581 998 618 non
1035 571 1260 634 possunt
1295 563 1406 617 suis
1451 562 1698 616 manibus
1737 563 2002 624 laborare,

433 655 633 708 victum
669 662 726 709 et
747 654 997 708 vestitum
1017 693 1032 719 ,
1069 653 1386 723 inquantum
1410 651 1739 720 possibilitas
1778 659 1862 706 est
1885 649 2006 724 [ha-

431 742 651 815 buerit],
677 743 994 814 largiantur.

787 829 968 884 Canon
995 829 1373 901 Lugdunensis,
1404 847 1512 885 cera
1535 829 1568 886 6
1595 829 1645 882 δ.

497 920 706 976 Placuit
734 921 914 994 [etiam
940 923 1192 978 universo
1217 923 1466 996 concilio]
1493 931 1551 978 ut
1587 918 2004 990 uniuscujusque

425 1014 661 1068 civitatis
687 1013 936 1083 lcpmsis,
961 1014 1049 1082 qui
1077 1014 1211 1068 intra
1236 1014 1561 1068 territorium
1584 1011 1815 1066 civitatis
1837 1011 2004 1079 ipsius

425 1113 549 1158 sunt
575 1103 895 1177 [nascuntur
915 1113 1006 1158 aut
1031 1105 1278 1159 videntur
1300 1103 1643 1175 consistere],
1667 1103 1736 1157 ab
1752 1103 2002 1172 episcopo

423 1193 680 1250 Ecclesia:
707 1194 874 1265 ipsius
909 1195 1162 1248 alimenta
1193 1203 1247 1248 et
1275 1195 1498 1249 vestitus
1529 1194 1547 1264 (
1559 1192 1711 1262 Var.)
1737 1191 2002 1247 sufﬁcien-

424 1290 506 1337 ter
552 1285 1019 1349 administrentur;
1066 1293 1124 1338 ut
1161 1284 1263 1338 illis
1302 1299 1401 1352 per
1447 1284 1582 1337 alias
1623 1283 1871 1338 civitates
1908 1297 2002 1336 va-

422 1375 579 1445 gandi
627 1375 841 1430 licentia
887 1375 1196 1444 denegetur.
1242 1373 1391 1446 (Seq.
1441 1372 1607 1427 desid.
1647 1371 1700 1425 in
1739 1371 1884 1441 edd.)
1929 1371 1999 1426 Ut

419 1465 703 1534 episcopus
735 1466 997 1536 gubernet
1040 1465 1310 1519 nationem
1343 1463 1628 1518 viduarum
1648 1504 1662 1528 ,
1694 1471 1747 1517 et
1775 1462 1999 1534 pupillo-

421 1572 562 1620 rum,
594 1573 656 1612 ac
679 1558 1090 1628 peregrinorum
1116 1573 1222 1612 non
1251 1572 1347 1626 per
1372 1557 1608 1625 seipsum
1627 1595 1641 1621 ,
1668 1556 1760 1610 sed
1784 1571 1883 1626 per
1909 1571 1997 1610 ar-

418 1646 788 1703 cbidiaconem
813 1648 895 1701 vel
920 1662 1016 1717 per
1043 1647 1568 1717 archipresbyterum
1602 1653 1744 1716 agat.

737 1737 918 1794 Canon
955 1739 1366 1804 Aurelianensis,
1394 1756 1501 1792 cera
1531 1738 1596 1792 17
1628 1749 1674 1792 ε.

486 1832 552 1887 lli
575 1833 665 1902 qui
693 1832 814 1904 [pro
839 1835 1248 1903 quibuscunque
1274 1833 1467 1908 culpis]
1489 1835 1543 1889 in
1571 1833 1880 1888 carceribus
1901 1833 1991 1888 de-

413 1931 703 1991 putantur,
749 1925 815 1979 ab
859 1925 1239 1980 archidiacono
1283 1940 1378 1980 seu
1421 1925 1709 1996 praeposito
1753 1924 1992 1980 ecclesiae

412 2014 636 2084 singulis
665 2015 852 2070 diebus
876 2015 1166 2072 Dominicis
1204 2016 1565 2086 requirantur,
1605 2024 1664 2072 ut
1698 2017 1992 2072 necessitas

410 2109 712 2163 vinctorum
737 2109 1031 2163 secundum
1060 2117 1384 2180 praceptum
1416 2108 1656 2164 divinum
1687 2108 1992 2164 misericor-

410 2197 549 2252 diter
577 2197 917 2262 sublevetur;
954 2206 1117 2268 atque
1157 2213 1188 2252 a
1218 2196 1470 2267 pontiﬁce
1502 2196 1528 2237 ἀ
1566 2197 1811 2252 instituta
1847 2195 1989 2253 ﬁdeli

409 2296 464 2342 et
490 2287 730 2358 diligenti
753 2302 1004 2357 persona,
1029 2301 1149 2358 qua;
1174 2286 1478 2342 necessaria
1513 2293 1638 2341 sunt
1661 2277 1940 2355 provideat
1971 2302 1984 2338 :

407 2386 469 2432 ut
491 2385 801 2447 competens
828 2378 1003 2434 victus
1027 2378 1097 2434 de
1129 2379 1288 2434 domo
1317 2377 1560 2434 ecclesia
1587 2377 1879 2446 tribuatur.

1031 2469 1268 2524 £11120
1301 2482 1350 2524 ε.
1565 2511 1568 2513 ›

403 2583 410 2588 -
469 2558 592 2613 Hoc
621 2559 781 2629 (Adit.
817 2569 866 2613 et
895 2575 1004 2613 oar.
1033 2560 1091 2614 in
1116 2559 1260 2631 edd.)
1290 2574 1388 2628 per
1412 2559 1593 2614 omnia
1619 2559 1982 2630 provideamr,

403 2657 468 2703 nt
503 2663 610 2703 non
648 2651 734 2705 bis
771 2651 912 2706 desit
951 2651 1318 2706 misericordia
1356 2651 1764 2723 [misericordiae
1806 2650 1983 2722 cura],

406 2755 544 2811 quos
567 2755 664 2811 per
692 2742 882 2796 duram
911 2742 1278 2798 inﬁmitatem
1298 2743 1648 2800 intolerabilis
1667 2743 1988 2814 constringit

407 2832 605 2902 inopia.

949 2921 1180 2982 CAPUT
1217 2924 1435 2980 XXIV.

408 3047 668 3099 QUALITBR
705 3049 803 3089 RES
838 3049 1102 3090 ECCLESIE
1139 3050 1419 3090 EPISCOPUS
1449 3049 1734 3091 DISPENSET
1759 3050 1860 3092 νει.
1885 3049 1984 3090 ιιι·

1276 269 1594 328 CANONES
1631 255 1915 326 'SELECTI
1951 271 2042 325 Ex
2085 273 2238 329 ver.
2277 275 2432 330 CAN.
2470 277 2799 335 COLLECT.

2029 383 2078 441 Α
2108 381 2266 435 ritate
2292 383 2587 451 [dignitatis
2613 405 2720 444 suae
2744 390 3118 446 auctoritatem
3121 415 3142 464 λ
3177 391 3299 451 ﬁdei
3325 403 3380 449 et
3407 395 3530 454 vita:
3561 413 3675 456 mo-

3531 283 3672 347 £032

2107 469 2224 526 ritis
2253 483 2476 542 quaerat.

2740 548 2876 603 Αἴτνα
2904 550 2969 605 15
2997 554 3038 607 ί.

2173 632 2243 688 Ut
2257 636 2554 708 episcopus
2576 641 2735 696 rebus
2758 642 3030 712 Ecclesiae,
3056 653 3308 718 tanquam
3335 653 3682 710 commenda-

2100 721 2190 789 tis,
2219 739 2326 780 non
2347 735 2599 797 tanquam
2628 733 2858 800 propriis
2883 744 3084 789 utatur.

2632 819 2859 878 CAPUT
2905 823 3139 880 XXXVI.

2207 921 2273 959 DE
2311 921 2475 962 ιιειιυε
2509 925 2641 972 ουλε
2674 927 2935 969 ΒΑΕΕΚΒΟΒ
2968 931 3079 970 SUIS
3113 931 3351 975 CLERICIS
3385 935 3570 979 DEDIT.

2459 1001 2643 1056 Conon
2669 1004 3050 1075 Lugdunensis,
3075 1023 3183 1064 (cra
3207 1011 3239 1065 5
3266 1010 3312 1066 i.

2172 1086 2380 1160 (Qutrd.
2410 1091 2463 1146 in
2495 1091 2614 1146 edd.
2649 1097 2900 1166 prwced.)
2928 1098 3034 1154 Res
3070 1101 3153 1154 vel
3191 1118 3539 1174 quascunque
3561 1122 3683 1162 mn-

2099 1180 2420 1247 niﬁcentias,
2436 1199 2570 1252 quas
2585 1186 2904 1244 clericisaut
2915 1191 3272 1248 servientibus
3295 1211 3404 1250 suae
3419 1197 3677 1253 Ecclesiae

2101 1269 2242 1342 [sive
2265 1273 2329 1328 de
2358 1277 2518 1330 rebus
2552 1277 2804 1335 Ecclesiae
2843 1281 2898 1335 in
2930 1298 3104 1342 usum.
3137 1293 3230 1338 aut
3258 1287 3323 1341 de
3348 1289 3583 1357 prapriis
3621 1289 3678 1343 in

2095 1365 2500 1441 preprietatem]
2531 1367 2712 1442 (Van)
2742 1374 2995 1428 sacerdos
3021 1374 3256 1442 dederit,
3289 1378 3680 1448 subsequente

2095 1455 2376 1524 pontiﬁces
2415 1473 2521 1512 non
2559 1459 2804 1515 auferant
2844 1461 3171 1534 [nullatenus
3208 1466 3424 1523 auferre
3467 1485 3676 1538 pussu-

2096 1545 2288 1618 mant].
2318 1547 2374 1601 Si
2399 1548 2527 1618 quid
2558 1557 2738 1604 tamen
2765 1552 2934 1622 culpa:
2960 1555 3260 1622 exstiterit,
3290 1572 3389 1626 pro
3416 1559 3679 1628 qualitate

2093 1649 2477 1705 personarum,
2507 1640 2589 1695 vel
2627 1642 2806 1711 regula
2847 1659 3109 1699 canonum
3145 1648 3582 1716 praecedentium,
3620 1650 3675 1705 in

2021 1735 2069 1796 Β
2098 1739 2327 1796 persona
2355 1728 2639 1796 habeatur,
2670 1747 2776 1788 non
2807 1733 2860 1787 in
2892 1733 3144 1791 facultate
3169 1738 3452 1796 districtio.

2617 1819 2842 1878 CAPUT
2882 1822 3142 1881 XXXVII.

2383 1913 2452 1964 nt
2490 1925 2654 1967 nanus
2690 1927 2806 1976 cum
2845 1930 3111 1972 secessus
3146 1935 3377 1974 osurus.

2437 2001 2466 2042 Ιι
2488 2000 2667 2057 Canon
2701 2000 3090 2063 Aurelianensis
3105 2050 3120 2074 ,
3145 2027 3250 2064 tera
3273 2010 3325 2063 5.

2161 2088 2217 2145 Si
2240 2105 2360 2161 quae
2378 2092 2678 2151 oblationes
2693 2097 2748 2151 in
2769 2098 3092 2167 quibuslibet
3114 2101 3274 2156 rebus
3294 2109 3454 2171 atque
3477 2118 3672 2174 corpo-

2091 2182 2240 2237 ribus
2261 2184 2467 2241 collatte
2484 2185 2712 2256 fuerint,
2735 2189 2971 2246 basilicis
2997 2192 3051 2246 in
3080 2193 3389 2249 civitatibus
3415 2197 3673 2250 constitu-

2089 2271 2178 2337 tis,
2209 2272 2278 2328 ad
2306 2283 2627 2344 potestatem
2654 2279 2887 2350 episcopi
2916 2281 3231 2352 redigantur
3259 2302 3273 2337 :
3303 2293 3356 2338 et
3383 2284 3437 2339 in
3460 2283 3578 2353 ejus
3603 2287 3675 2342 sit
3725 2277 3732 2280 ’

2089 2367 2316 2422 arbitrio
2345 2372 2488 2439 quod
2527 2371 2594 2425 ad
2635 2373 3030 2442 reparationem
3071 2377 3313 2432 ecclesia:
3346 2387 3440 2432 aut
3481 2380 3670 2433 obser-

2088 2460 2327 2514 vantium
2365 2461 2439 2515 ibi
2475 2459 2833 2521 substantiam
2866 2466 3179 2538 deputatur.
3211 2469 3287 2523 De
3324 2468 3674 2525 facultatibus

2087 2563 2217 2603 vero
2254 2552 2634 2619 parochiarum
2670 2554 2757 2608 vel
2793 2555 3136 2611 basilicarum
3176 2558 3232 2612 in
3271 2559 3426 2629 pagis
3459 2558 3673 2632 [civita-

2087 2638 2224 2712 tum]
2251 2641 2580 2709 constitutis,
2612 2643 2809 2715 (Deest)
2833 2650 2928 2717 per
2954 2647 3134 2702 omnia
3164 2647 3496 2718 singulorum
3523 2648 3671 2706 loco-

2087 2744 2208 2783 rum
2235 2732 2567 2788 consuetudo
2593 2744 2857 2790 servetur.

2495 2823 2679 2880 Canon
2704 2829 3034 2898 Agathensis,
3064 2847 3172 2885 trra
3199 2831 3250 2886 6.

2155 2912 2444 2971 Pontiﬁces
2477 2931 2608 2972 vero
2636 2916 2853 2989 [quibus
2880 2920 2934 2973 in
2970 2934 3182 2976 summo
3205 2921 3510 2978 sacerdotio
3537 2937 3668 2978 con-

2084 3005 2328 3079 stitutis],
2353 3023 2476 3063 cum
2501 3009 2570 3064 ab
2589 3010 2864 3066 extraneis
2887 3011 3149 3066 duntaxat
3169 3013 3393 3083 aliquid,
3422 3023 3522 3068 aut
3543 3029 3664 3069 cum

475 3121 580 3161 ΕΔΤ
619 3122 632 3158 Ξ
673 3120 742 3159 ετ
781 3119 845 3158 DE
884 3120 968 3160 1118
1003 3120 1118 3168 (ὶοΕ
1160 3123 1213 3160 IN
1250 3121 1446 3160 ΑιτΑκι
1482 3121 1696 3162 DLNTUI
1741 3123 1757 3160 ζ
1804 3122 1874 3161 ΕΤ
1913 3120 1981 3160 Ἰ

2105 3097 2341 3166 :cclesia,
2368 3109 2460 3155 aut
2487 3103 2895 3171 sequestratim,
2922 3111 3016 3157 aut
3043 3079 3348 3169 dimittitur,
3383 3113 3478 3160 aut
3502 3106 3667 3161 dona-

473 3190 730 3230 BASlLlClS
767 3192 867 3229 Ρειι
902 3190 1216 3232 PARCECHIAS

719 3275 899 3339 CanOn
943 3286 1353 3354 Aurelianensis,
1384 3305 1493 3343 tera
1519 3288 1586 3344 10
1619 3287 1663 3343 ί.

473 3394 550 3451 De
589 3395 675 3452 his
706 3412 824 3467 quae
851 3398 906 3452 in
945 3397 1138 3453 altario
1179 3398 1472 3471 [oblatione
1503 3400 1763 3476 ﬁdelium]
1803 3405 1986 3462 confe-

405 3495 596 3541 runtur
622 3488 961 3542 medietatem
989 3489 1088 3543 sibi
1111 3490 1391 3560 episcopus
1418 3491 1674 3559 vindicet,
1704 3503 1759 3550 et
1783 3496 1985 3551 medie-

2087 3195 2175 3244 tur
2205 3189 2352 3261 (quia
2382 3191 2485 3246 hoc
2509 3191 2597 3247 ille
2621 3192 2716 3262 qui
2741 3193 2927 3258 donat,
2950 3207 3049 3262 pro
3077 3194 3445 3263 redemptione
3473 3195 3666 3250 anima:

2084 3295 2191 3336 non
2221 3293 2322 3352 pro
2357 3283 2642 3339 commodo
2677 3284 2974 3340 sacerdotis
3013 3283 3171 3338 oll'ert
3203 3283 3490 3356 [probatur
3515 3285 3666 3341 alier-

2083 3371 2164 3444 re]
2187 3373 2227 3443 ),
2259 3390 2363 3428 non
2390 3374 2545 3444 quasi
2571 3391 2727 3431 suum
2749 3377 3045 3446 proprium,
3075 3377 3170 3431 sed
3195 3377 3350 3446 quasi
3383 3377 3665 3434 dimissum

2082 3463 2322 3519 ecclesiae
2350 3466 2492 3520 inter
2520 3465 2800 3520 facultates
2827 3466 3069 3520 ecclesia:
3098 3468 3507 3535 computabunt.
3531 3468 3661 3534 Quia

403 3581 564 3627 tatem
591 3575 608 3645 (
622 3574 771 3647 Var.)
795 3576 971 3631 clerus
993 3556 1222 3646 accipiat
1241 3556 1533 3634 secundum
1553 3556 1778 3652 gradum
1797 3586 1984 3640 unius-
2075 3557 2279 3652 jf‘smm
2307 3563 2479 3652 6551“
2505 3557 2644 3652 $50“
2670 3558 2980 3652 ῗθθθτῲιῶ
3019 3556 3393 3652 “binm?”
3422 3559 3659 3652 mia?

403 3655 657 3730 cujusque
684 3661 1094 3733 dispensandam
1121 3707 1134 3731 ,
1173 3668 1389 3738 prmdiis
1417 3669 1483 3724 de
1513 3673 1657 3726 omni
1687 3675 1982 3730 commodi-

400 3758 510 3802 tate
537 3752 589 3803 in
616 3753 984 3822 episcOporum
1009 3765 1277 3823 potestate
1307 3759 1644 3817 durantibus.

491 3847 498 3850 ’
1032 3845 1170 3900 zEra
1198 3847 1256 3902 ll
1291 3851 1338 3903 ε.

470 3929 546 3986 De
576 3931 660 3986 his
685 3947 802 4002 quae
829 3933 883 3987 ln
910 3929 1199 4004 parochiis,
1231 3939 1282 3991 in
1314 3941 1472 3996 terris
1497 3983 1510 4006 ,
1540 3942 1743 4008 vineis,
1771 3945 1978 4000 manci:-

2080 3646 2334 3700 donatum
2369 3645 2696 3720 [dimissum]
2724 3655 2827 3714 est,
2853 3648 2928 3702 ita
2960 3656 3014 3703 et
3041 3647 3268 3704 ecclesia
3297 3649 3493 3704 habeat
3522 3651 3657 3720 qud

2080 3736 2400 3806 relinquitur
2428 3736 2716 3791 sacerdoti.
3089 3761 3096 3770 ν

2457 3827 2641 3882 Canon
2667 3826 3021 3898 Epaunenss's,
3047 3843 3155 3882 atra
3186 3827 3267 3880 11.

2146 3917 2400 3989 Quisquis
2427 3917 2669 3974 Clericus
2701 3919 2903 3988 aliquid
2933 3919 3003 3974 de
3022 3915 3650 3975 muniﬁcentiaecelesle

402 4020 520 4090 piis,
549 4030 709 4091 atque
730 4024 954 4092 peculiis
981 4024 1000 4097 (
1009 4025 1161 4098 Var.)
1191 4043 1523 4100 quaecunque
1549 4033 1732 4088 ﬁdeles
1767 4035 1977 4090 obtule-
2199 4009 2465 4111 ξθηίξπξξί
2775 4015 2859 4111 εί.
2876 4009 3252 4111 θάξιλωξξωφ
3297 4009 3650 4111 Samnio?“

402 4114 536 4177 rint,
581 4113 922 4183 antiquorum
983 4131 1247 4172 canonum
1311 4129 1511 4176 statuta
1565 4132 1869 4190 serventur,
1915 4134 1976 4180 ut

2105 4097 2296 4152 [terius
2317 4098 2552 4154 civitatis
2576 4097 2682 4171 [est
2700 4097 2814 4170 aut]
2834 4097 2996 4154 fuerit
3015 4099 3318 4164 ordinatus,
3349 4100 3496 4183 quod
3517 4101 3648 4153 dono

301 4187 306 4192 ’
400 4205 576 4258 omnia
603 4205 654 4258 i‘n
686 4207 920 4276 episcopi
947 4218 1210 4278 potestate
1235 4213 1547 4269 consistant.
1576 4215 1655 4271 De
1681 4216 1767 4271 bis
1792 4187 1972 4272 tamen

400 4312 516 4365 quae
545 4297 598 4349 in
622 4297 814 4354 altario
843 4305 1199 4372 accesserint,
1229 4307 1386 4362 tertia
1409 4307 1642 4365 ﬁdeliter
1657 4307 1968 4384 [episeopis]

399 4385 687 4442 deferatur.
1067 4411 1070 4414 ’
1335 4391 1343 4398 ’

1059 4484 1198 4540 xEra
1233 4487 1315 4542 ll.

466 4571 664 4627 Omnes
691 4572 927 4631 basilica:
965 4591 1082 4646 quae
1117 4593 1215 4647 per
1251 4580 1462 4637 diversa
1495 4571 1818 4641 constructa:
1847 4595 1975 4643 sunt

400 4663 512 4718 loca
547 4664 652 4736 [vel
692 4668 931 4736 quotidie
972 4679 1380 4737 construuntur,
1413 4673 1642 4743 placuit,
1680 4677 1972 4733 secundum

398 4755 635 4824 priorum
661 4772 926 4814 canonum
952 4761 1214 4835 regulam]
1243 4763 1296 4817 in
1317 4763 1433 4832 ejus
1453 4767 1711 4837 episcopi,
1739 4767 1792 4822 in
1821 4766 1973 4838 cujus

399 4846 670 4901 territorio
693 4849 808 4902 sita:
831 4859 983 4916 sunt,
1014 4862 1279 4922 potestate
1302 4858 1614 4912 consistant.

789 4939 970 4994 Canon
997 4942 1300 5013 Africanus,
1333 4963 1442 5001 arra
1470 4949 1504 5001 4
1531 4951 1581 5003 δ.

469 5025 541 5084 Ut
565 5027 846 5098 cpiscopus
872 5030 1030 5086 vilem
1057 5035 1444 5104 supellectilem
1464 5080 1478 5103 ,
1516 5048 1571 5094 et
1596 5055 1862 5110 mensam,
1907 5059 1975 5106 ac

396 5115 600 5172 victum
629 5133 916 5189 pauperem
940 5121 1166 5190 habeat,
1191 5134 1248 5181 et
1272 5127 1584 5199 dignitatem
1610 5147 1762 5187 suam
1787 5143 1973 5192 aucto—

468 5260 494 5319 !
533 5247 696 5319 Cone.
726 5253 907 5310 Aurel.
945 5273 985 5319 ι.
1015 5273 1062 5312 c.
1095 5257 1182 5313 l6.

466 5318 498 5358 ι»
533 5317 697 5393 Qonc.
726 5317 980 5393 Lugdun.
1002 5343 1083 5381 ιιι.

471 5399 493 5460 εξ
534 5389 698 5460 ρους.
724 5389 907 5448 Aurel.
939 5412 994 5460 v,
1022 5413 1070 5450 c.
1100 5397 1190 5452 20.

465 5456 493 5540 tl
533 5458 657 5540 Ser.
682 5460 742 5540 _in
773 5465 890 5518 cod.
909 5456 1266 5540 Lu’gdunensi.
1296 5471 1413 5528 Vid.
1438 5480 1550 5530 not.
1573 5489 1627 5532 γ.
1651 5473 1720 5531 cl.
1738 5471 1786 5532 Ι.
1804 5476 1963 5534 Sirm.

472 5537 496 5596 ἲ
533 5525 717 5596 EjUSd.
750 5546 902 5588 conc.
936 5525 1104 5590 c.v‘21.
1440 5525 1549 5530 mn
1586 5525 1627 5532 ’⁷
1657 5525 1730 5545 ’.τ’

477 5593 500 5674 ξ
536 5593 696 5674 gonc:
724 5600 904 5656 Aurel.
936 5621 976 5668 ι,
1008 5620 1054 5659 c.
1087 5605 1168 5661 M.

475 5663 500 5700 ⁸
537 5661 716 5730 Ejusd.
745 5683 918 5739 conc.,
946 5661 995 5727 (Ξ.
1031 5675 1112 5728 15.

2073 4188 2305 4258 accepit,
2329 4187 2525 4246 reddat
2551 4205 2566 4243 :
2596 4189 2740 4259 quod
2772 4205 2871 4244 usu
2893 4189 2979 4243 vel
3006 4189 3333 4258 proprietate
3358 4177 3647 4242 secundum

2072 4277 2418 4334 instrumenti
2448 4281 2652 4344 seriem,
2674 4281 2933 4348 probatur
2962 4279 3215 4335 habuisse
3249 4277 3496 4352 [emisse]
3529 4292 3652 4351 pos-

2074 4371 2264 4426 sideat.
2591 4367 2596 4373 ’

1996 4415 2050 4478 D

2584 4440 2811 4496 CAPUT
2847 4441 3128 4498 XXXVII].
3237 4401 3242 4410 ’

2142 4575 2210 4617 an
2229 4574 2402 4616 unus
2422 4573 2687 4616 necessu
2711 4577 3036 4618 μετείω-ηε
3063 4579 3134 4617 ετ
3171 4563 3579 4623 coarth

2453 4669 2637 4726 Canon
2659 4672 2958 4742 Africanus,
2988 4690 3095 4727 tera
3123 4673 3192 4728 50
3227 4672 3269 4728 ι.

2141 4781 2299 4838 irrita
2335 4782 2440 4837 erit
2479 4782 2713 4854 episcopi
2751 4781 2836 4838 vel
2874 4783 3120 4849 donatio,
3156 4785 3241 4839 vel
3275 4785 3532 4853 venditio,
3568 4785 3650 4843 vel

2071 4872 2420 4928 commutatio
2453 4872 2830 4927 ecclesiasticae
2865 4873 2939 4928 rei
2974 4875 3180 4943 absque
3208 4885 3480 4932 conventu
3502 4876 3649 4951 [con-

2072 4961 2328 5036 niventia]
2357 4971 2412 5020 et
2438 4965 2833 5034 subscriptione
2863 4965 3208 5020 clericorum.

2705 5055 2842 5109 μετα
2861 5057 2932 5112 86
2954 5068 3014 5112 ω.

2139 5144 2244 5212 Qui
2281 5145 2578 5204 oblationes
2613 5144 2985 5223 defunctorum
3033 5156 3232 5218 negant
3263 5147 3525 5212 ecclesiis,
3556 5157 3643 5202 aut

2139 5275 2165 5351 ll
2205 5279 2262 5351 ln
2291 5279 2410 5351 cod.
2435 5279 2629 5351 Barb.,
2661 5295 2709 5336 c.
2739 5279 2773 5332 4
2792 5297 2805 5345 ;
2824 5281 3028 5351 consil.
3069 5282 3348 5351 Cartliag,
3382 5299 3459 5347 iv,
3483 5295 3534 5339 c.
3560 5279 3636 5337 l5.

2145 5349 2160 5423 ξ
2205 5348 2261 5423 l_n
2287 5349 2405 5423 cod.
2435 5349 2615 5423 Barb.,
2651 5351 2939 5423 l5;Aconc.
2969 5350 3221 5422 Cartliag.
3250 5348 3322 5416 iv,
3355 5367 3405 5407 c.
3437 5352 3521 5407 51.

2141 5418 2155 5488 l
2204 5418 2408 5488 Concil.
2439 5420 2806 5488 Lugdunensis
2843 5435 2906 5475 ir.

2138 5487 2165 5525 ¹ί
2205 5487 2366 5542 Cone.
2392 5487 2577 5542 Aurel.
2612 5507 2691 5544 Ill.

2143 5555 2162 5594 ι
2201 5557 2258 5631 in
2283 5557 2402 5631 cod.
2429 5557 2618 5631 garb”
2643 5575 2690 5615 c.
2719 5557 2820 5631 50;
2843 5575 2998 5631 conc.
3031 5558 3308 5631 Carthag,
3346 5578 3398 5617 ς.
3431 5559 3518 5616 32.

2145 5575 2162 5594 ι
2201 5575 2258 5610 tn
2283 5575 2402 5612 coa.
2431 5575 2618 5625 barb.,
2643 5575 2690 5615 c.
2719 5575 2820 5623 ou;
2951 5575 2998 5615 c.
3031 5575 3308 5631 Lai'tnag.,
3346 5578 3398 5617 c.
3431 5575 3518 5616 5:.

2138 5637 2177 5666 ιιι
2200 5626 2259 5684 ln
2285 5625 2402 5684 cod.
2428 5627 2611 5696 Barb.,
2636 5645 2685 5686 c.
2715 5628 2814 5693 86;
2843 5575 2999 5688 glria
3020 5647 3072 5687 ιν
3102 5629 3377 5702 (ῖωιιλιιεη
3405 5647 3454 5686 c.
3481 5626 3566 5688 95.
