3928 6178
273 328 413 386 {633

263 547 356 586 res
379 537 911 593 excommunicentur

582 623 765 679 Conon
788 628 1176 688 Aurelianensis
1193 676 1206 699 ,
1238 653 1347 691 trra
1375 639 1444 693 26
1472 653 1518 694 η.

335 712 652 781 Abbatibus,
672 719 1004 789 presbyteris
1023 727 1338 796 czcterisque
1361 732 1645 799 ministris,
1672 735 1738 787 de
1765 752 1841 790 re-

262 801 368 855 bus
391 802 776 860 ecclesiasticis
823 809 906 861 vel
959 825 1114 866 sacro
1159 816 1460 874 ministerio
1492 821 1520 861 ιι
1550 822 1836 893 deputatis,

266 889 350 943 vel
374 889 611 945 alienare
623 892 707 947 vel
726 893 966 965 obligare
981 900 1184 971 absque
1196 905 1589 978 subscriptione
1603 889 1838 983 episcopi

265 978 348 1032 sui
368 993 475 1034 non
500 979 679 1035 liceat.
705 981 856 1049 Quod
877 988 1182 1059 quicunque
1203 1001 1625 1067 praesumpserit,
1634 978 1838 1073 aegrae

263 1065 421 1119 detur
446 1069 828 1125 communione
856 1087 1112 1131 concessa
1136 1118 1152 1144 ,
1193 1090 1254 1134 et
1292 1065 1666 1151 quod—temere
1704 1091 1838 1146 alie~

263 1166 448 1211 natum
468 1159 904 1238 [praesumptum]
927 1177 1030 1236 est,
1053 1174 1392 1232 ordinatione
1419 1179 1658 1251 episcopi
1684 1199 1837 1240 revo-

262 1255 433 1300 εειυν.

896 1349 1036 1404 -Ξνα
1061 1353 1128 1408 15
1153 1364 1200 1408 ο.

330 1427 515 1484 Rebus
553 1433 795 1490 ecclesias
823 1439 1230 1513 quibuscunque
1261 1447 1432 1504 modis
1470 1448 1717 1509 alienatis
1757 1455 1835 1510 di-

259 1519 484 1584 spendio
530 1522 774 1578 ecclesia:
804 1525 1198 1597 [instrumentis
1246 1535 1509 1597 inutiliter
1533 1543 1588 1597 in
1616 1545 1834 1615 dispen-

259 1606 407 1660 dium
430 1609 672 1665 ecclesia:
699 1613 932 1684 obligata
959 1623 1300 1698 noscuntur],
1330 1626 1374 1682 si
1396 1631 1534 1686 intra
1569 1606 1836 1690 tricenna-

260 1696 338 1749 ria
362 1705 608 1769 tempora
633 1707 880 1773 repetitio
894 1714 1126 1780 suppetit
1147 1696 1289 1785 [quae
1309 1727 1428 1773 acta
1452 1723 1620 1793 sunt],
1645 1724 1834 1780 suffra-

257 1797 416 1874 gante
435 1789 649 1858 justitia
677 1812 776 1865 per
799 1801 1066 1868 publicum
1095 1804 1209 1876 [aut
1231 1809 1547 1884 electorum]

257 1870 597 1938 revocentur.
623 1886 775 1954 Quod
797 1892 841 1945 si
868 1894 934 1958 is,
957 1870 1146 1965 quires
1167 1899 1351 1974 (ναν.)
1375 1870 1630 1962 Ecclesia:
1659 1917 1828 1976 tenet,

256 1972 561 2030 admonitus
599 1977 863 2046 judicium
906 1984 1274 2055 declinaverit,
1305 1972 1582 2066 quousque
1608 2000 1676 2054 ad
1716 1972 1829 2056 dis;

255 2063 561 2119 cussionem
594 2070 796 2136 veniat,
846 2083 938 2128 aut
984 2091 1071 2132 res
1114 2081 1357 2137 ecclesia:
1387 2088 1654 2155 restituat,
1683 2106 1830 2146 com-

254 2156 508 2212 munione
539 2159 799 2227 privetur.

887 2258 1024 2314 zEra
1057 2261 1128 2316 25
1146 2263 1196 2318 τι.

321 2328 379 2387 Si
409 2337 529 2404 quis
561 2355 649 2396 res
683 2345 923 2401 ecclesia:
969 2349 1194 2416 debitas,
1228 2355 1312 2409 vel
1341 2359 1590 2428 proprias
1614 2361 1824 2433 [sacer-

252 2420 395 2477 dotis
409 2424 691 2484 horrendae
711 2434 1021 2502 cupiditatis
1042 2441 1320 2516 instinctu]
1341 2420 1715 2520 occupaverit,
1744 2457 1828 2510 vel

253 2514 538 2571 retinuerit
563 2519 756 2590 (Multa
775 2527 901 2580 add.
935 2539 986 2582 et
1005 2548 1114 2587 var.
1147 2535 1200 2589 in
1228 2514 1348 2592 edd.
1374 2514 1591 2616 passim)
1619 2514 1713 2602 aut
1731 2564 1828 2619 per

251 2607 352 2662 hoc
374 2609 429 2663 in
444 2610 707 2679 judicium
729 2618 1022 2677 electorum
1051 2628 1234 2683 venire
1255 2607 1542 2702 distulerit,
1565 2607 1825 2710 usquead

249 2699 528 2755 restitutas
564 2703 707 2773 ipsas
742 2723 828 2762 res
864 2718 1238 2772 communione
1272 2723 1532 2790 privetur.
1566 2729 1822 2788 Similiter

247 2787 337 2842 ille
361 2789 576 2861 [similis
595 2797 756 2851 etiam
776 2800 929 2857 bis...
957 2787 1343 2867 retinuerint...
1360 2823 1821 2896 prmsumpserint]

246 2876 337 2944 qui
372 2878 668 2938 oblationes
692 2885 1064 2948 defunctorum
1087 2896 1230 2966 juste
1256 2876 1540 2978 [legaliter]
1573 2876 1825 2968 dimissa;

247 2965 536 3023 retinuerit
561 2972 642 3026 vel
669 2977 947 3046 assignare
985 2965 1407 3058 praesumpserit.
1460 2965 1634 3051 Simili
1660 3001 1824 3057 etiam

244 3061 528 3115 sententia:
551 3063 847 3133 subjacebit
874 3070 961 3126 ille
991 3074 1084 3143 qui
1108 3075 1209 3132 hoc
1224 3081 1364 3148 quod
1394 3081 1514 3154 [pro
1541 3087 1822 3148 devotione

245 3147 372 3220 sua]
419 3151 664 3210 ecclesia:
698 3158 864 3225 dedit,
896 3179 1150 3222 revocare
1183 3179 1603 3245 praesumpserit.

579 3243 759 3302 Canon
803 3250 1184 3325 Lugdunensis,
1214 3279 1323 3316 a’ra
1361 3276 1383 3304 θ
1413 3267 1466 3322 2.

308 3330 374 3386 id
407 3337 658 3392 convenit
683 3339 1062 3401 inviolabiliter
1089 3351 1386 3421 observari,
1412 3367 1472 3412 ut
1500 3368 1824 3420 testamenta

243 3437 367 3492 ποτε
384 3425 570 3482 clerici
597 3426 877 3501 [episcopi,
906 3439 1234 3510 presbyteri,
1264 3460 1356 3500 seu
1381 3447 1648 3508 inferioris
1676 3456 1820 3510 ordi¢

243 3513 326 3568 nis
352 3512 556 3587 clerici]
594 3522 813 3589 propria
844 3526 1122 3585 voluntate
1147 3533 1501 3603 confecerint,
1531 3542 1615 3595 vel
1649 3545 1817 3600 dona-

243 3604 449 3670 tiones,
478 3617 570 3662 aut
592 3624 924 3684 qumcunque
960 3618 1316 3678 instrumenta
1342 3667 1356 3691 ,
1386 3631 1529 3683 omni
1581 3631 1818 3704 [propria

243 3694 519 3752 voluntate
544 3699 894 3770 confecerint,
920 3716 968 3760 et
1000 3708 1108 3763 alia
1137 3729 1254 3782 qua:
1282 3715 1434 3787 add.]
1465 3694 1820 3787 possibili-tato

243 3783 584 3860 [stabilitate]
615 3793 925 3850 subsistant.
960 3798 1017 3853 ld
1041 3804 1311 3874 praecipue
1337 3783 1654 3876 statuentes,
1686 3822 1745 3867 ut
1773 3814 1819 3870 si

240 3891 687 3950 quorumcunque
709 3882 1128 3963 [religiosorum]
1157 3894 1434 3959 voluntas,
1465 3908 1559 3952 aut
1579 3905 1815 3974 necessi-

243 3973 373 4029 tate,
424 3976 517 4021 aut
565 3970 906 4040 simplicitate
931 4017 945 4042 ,
988 3994 1018 4032 a
1045 3979 1221 4049 legum
1266 3985 1603 4043 smeularium
1631 3970 1820 4048 ordine

241 4056 634 4127 discrepaverit
665 4060 800 4132 [visa
825 4064 928 4120 fuit
951 4068 1311 4144 discrepare],
1362 4077 1608 4135 voluntas
1641 4089 1817 4139 tamen

240 4146 620 4203 defunctorum
637 4153 829 4208 debeat
852 4156 1168 4215 inconcussa
1194 4179 1433 4219 manere.
1455 4167 1668 4237 (Quwd.
1687 4173 1814 4226 add.

242 4234 292 4286 in
314 4235 464 4306 edd.)
496 4239 569 4292 De
594 4241 789 4309 quibus
815 4247 976 4301 rebus
996 4249 1038 4302 si
1068 4252 1188 4319 quis
1205 4253 1405 4323 aliquid
1427 4234 1662 4315 alienare
1683 4277 1818 4328 pra:-

240 4329 551 4397 sumpserit,
595 4348 764 4403 usque
794 4337 860 4391 ad
890 4341 1285 4399 restitutionem
1316 4345 1508 4418 [usque
1539 4350 1604 4403 ad
1635 4365 1818 4407 emen-

1123 338 1440 400 CANONES
1481 344 1764 406 sumen
1807 319 1900 408 Ex
1936 351 2090 410 ver.
2133 356 2287 415 CAN.
2330 359 2658 424 COLLECT.

268 458 389 496 cum
423 441 729 501 difficultate
758 448 984 504 reddunt
1003 491 1015 513 ,
1049 461 1297 522 tanquam
1327 461 1597 528 egentium
1625 474 1844 519 nccato—
1871 472 1922 529 Α

3367 363 3500 443 i055

2193 471 2373 529 Canon
2407 476 2761 549 Epaunensis,
2791 501 2896 538 ειη-α
2926 485 2958 540 ’ἲ
2994 487 3146 561 [Cum
3187 491 3262 566 8].

2015 558 2437 634 Presbyter-dum
2459 569 2735 628 dioecesim
2760 585 2934 644 tenet,
2976 558 3042 636 de
3089 584 3175 641 bis
3221 558 3338 656 qua:
3367 606 3512 650 cme-

1944 649 2052 714 rit,
2083 660 2175 706 aut
2200 655 2442 712 ecclesia:
2489 663 2703 717 nomine
2747 669 3068 738 scripturam
3096 673 3285 744 faciat,
3325 691 3416 737 aut
3441 685 3515 740 ab

1941 738 2054 806 ejus
2084 757 2244 810 quam
2297 754 2440 803 tenet
2487 750 2725 828 [tenuit]
2766 759 3007 818 ecclesia:
3057 738 3396 828 ordinatione
3423 774 3509 828 dl-

1942 831 2146 886 scedat.

2593 934 2731 990 zEra
2769 939 2854 993 17.

2010 1008 2068 1064 Si
2098 1012 2380 1086 episcopus
2405 1034 2502 1087 per
2549 1031 2924 1084 testamentum
2973 1035 3037 1089 de
3073 1039 3230 1095 rebus
3257 1045 3496 1102 ecclesiae

1941 1094 2177 1166 [condito
2204 1111 2521 1163 testamento
2535 1111 2734 1180 aliquid
2769 1116 2833 1170 de
2858 1120 3205 1182 ecclesiastici
3220 1128 3360 1196 juris
3379 1150 3495 1203 pro-

1936 1189 2188 1264 prietate]
2229 1195 2584 1268 delegaverit,
2612 1203 2768 1258 aliter
2788 1223 2892 1262 non
2921 1212 3139 1280 valebit,
3165 1189 3267 1274 nisi
3291 1189 3496 1282 tau-tuin

1939 1277 2068 1352 [vel]
2099 1281 2164 1336 de
2183 1283 2324 1354 juris
2352 1290 2556 1358 proprii
2584 1290 2840 1351 facultate
2869 1277 3211 1368 suppleverit.

2592 1380 2730 1437 ΛΕΜ
2762 1385 2848 1440 18.

2002 1479 2197 1538 Clerici
2230 1482 2322 1552 qui
2349 1483 2512 1539 etiam
2535 1484 2651 1540 sine
2669 1487 2990 1556 precatoriis
3011 1487 3352 1556 quibuslibet,
3377 1491 3494 1546 diu-

1933 1572 2191 1627 turnitate
2213 1571 2473 1643 [qualibet
2504 1573 2858 1629 diuturnitate
2889 1577 3170 1649 temporis]
3197 1594 3282 1633 res
3311 1581 3376 1635 de
3411 1595 3503 1636 ec-

1932 1659 2110 1716 clesia:
2158 1665 2594 1721 remuneratione
2621 1667 2960 1736 possederint
2989 1668 3132 1739 [cum
3175 1672 3502 1728 auctoritate

1933 1751 2130 1807 domini
2153 1754 2523 1824 gloriosissimi
2551 1757 2808 1827 principis
2829 1759 3046 1832 nostri],
3063 1761 3114 1814 in
3141 1760 3232 1831 jus
3255 1764 3502 1832 praprie-

2153 1811 2183 1824 υ
2552 1811 2573 1827 ιν
2621 1811 2628 1812 γ
2685 1811 2802 1827 γη
2874 1811 3230 1832 ρηηι---ση
3256 1811 3470 1832 τ--τ--ν

1567 1813 1831 1881 “dmum
1860 1811 1906 1872 Β
1934 1843 2128 1896 tarium
2154 1847 2554 1915 praescriptione
2596 1851 2854 1918 temporis
2892 1865 2998 1904 non
3027 1861 3305 1917 vocentur,
3347 1853 3500 1908 dum-

1933 1935 2087 1990 modo
2116 1945 2300 2004 pateat
2336 1953 2423 1994 res
2451 1941 2690 1996 ecclesias
2719 1941 2903 1998 fuisse.

2315 2028 2496 2084 Conon
2528 2031 2838 2100 Agathensis
2858 2071 2875 2098 ,
2907 2048 3016 2087 mra
3050 2034 3104 2088 4.

1996 2114 2182 2171 Nullus
2224 2117 2428 2188 [clerici
2455 2121 2641 2187 etiam,
2673 2122 2758 2176 vel
2795 2124 3082 2179 szeculares
3125 2123 3238 2197 qui]
3265 2125 3492 2181 oblatio-

1929 2220 2022 2259 nes
2047 2218 2353 2276 parentum,
2376 2219 2468 2266 aut
2493 2212 2738 2279 donatas,
2771 2223 2864 2268 aut
2893 2216 3228 2271 testamentis
3252 2217 3490 2281 relictas,

1925 2304 2018 2348 aut
2046 2299 2190 2366 quod
2215 2299 2328 2369 ipse
2349 2301 2568 2357 donavit
2587 2302 2844 2374 [retinere
2871 2305 3250 2378 perstiterint],
3281 2306 3496 2362 auferat

1926 2383 2192 2456 [ecclesiis
2225 2389 2311 2444 vel
2348 2393 2689 2448 monasteriis
2729 2393 3058 2450 crediderint
3093 2395 3490 2470 auferendum].

1923 2477 2023 2546 Qui
2054 2468 2282 2536 fecerint
2309 2482 2466 2551 (Add.
2498 2492 2545 2536 et
2577 2483 2715 2556 var.)
2763 2485 3110 2555 quoadusque
3137 2500 3202 2540 ea
3243 2468 3484 2553 reddant,

1921 2572 1990 2626 ab
2021 2573 2246 2628 ecclesia
2285 2573 2654 2629 excludantur.

2350 2687 2487 2741 Era
2525 2705 2570 2742 ε.
2619 2688 2713 2743 52.
2766 2687 2922 2760 [Cum
2963 2689 3076 2761 '53].

1995 2773 2290 2845 Episcopus
2316 2778 2408 2846 qui
2435 2777 2572 2834 filios
2594 2788 2687 2833 aut
2723 2791 2948 2850 nepotes
2973 2797 3077 2836 non
3107 2781 3269 2836 babet
3292 2786 3308 2852 (
3323 2782 3499 2856 Van),

1919 2875 2025 2919 non
2051 2865 2214 2919 alium
2237 2881 2398 2935 quam
2426 2869 2708 2923 ecclesiam
2738 2870 3006 2940 relinquat
3028 2873 3316 2928 bzercdem.
3342 2873 3493 2941 Quod

1921 2952 1989 3007 de
2033 2954 2260 3009 ecclesia
2306 2957 2508 3026 absque
2536 2957 2704 3026 ipsius
2749 2975 2909 3014 causa
2940 2960 3194 3015 distraxit
3247 2961 3314 3034 [si
3368 2964 3498 3034 quid

1921 3041 1990 3097 de
2005 3043 2234 3100 ecclesia
2253 3061 2356 3100 non
2379 3046 2433 3101 in
2455 3047 2695 3102 ecclesia:
2720 3065 2879 3104 causa
2897 3060 2991 3105 aut
3013 3053 3335 3108 necessitate
3349 3068 3490 3124 pra:-

1846 3160 1895 3227 c
1922 3133 2194 3205 sumpsit],
2228 3135 2437 3189 irritum
2462 3136 2742 3191 habeatur.
2773 3138 2872 3205 Qui
2903 3156 3032 3196 vero
3060 3142 3196 3197 filios
3224 3146 3408 3213 habet,
3437 3159 3494 3202 et

1920 3226 1986 3280 de
2014 3227 2166 3281 bonis
2200 3242 2319 3296 qua:
2344 3227 2575 3296 reliquit,
2614 3231 2682 3284 ab
2704 3232 3006 3287 hcercdibus
3033 3232 3149 3301 ejus
3171 3237 3495 3294 indemnita-

1920 3324 2002 3370 tes
2047 3318 2288 3373 ecclesiae
2334 3319 2678 3374 consolentur
2728 3319 3192 3392 [indemnitatibus
3240 3326 3487 3382 ecclesiae

1919 3406 2274 3479 consulatur].

2237 3502 2418 3558 Canon
2455 3504 2826 3574 apostolorum,
2867 3523 2974 3561 cera
3029 3510 3053 3548 ⁸
3086 3508 3174 3564 38.

1989 3611 2237 3666 Omnium
2262 3615 2592 3684 negotiorum
2622 3615 3111 3674 ecclesiasticorum
3133 3621 3256 3692 jura
3279 3621 3485 3692 episco-

1916 3719 2016 3772 pus
2042 3705 2256 3770 babeat,
2283 3715 2339 3759 et
2363 3721 2427 3761 ea
2451 3707 2594 3762 velut
2616 3707 2725 3764 Deo
2751 3712 3149 3781 contemplante
3172 3715 3444 3784 dispenset
3472 3735 3482 3768 :

1917 3811 2014 3848 nec
2045 3795 2204 3850 liceat
2227 3797 2428 3866 aliquid
2463 3814 2529 3854 ex
2558 3799 2642 3854 his
2680 3816 3032 3870 prtesumere,
3063 3814 3156 3858 aut
3178 3808 3490 3876 parentibus

1915 3892 2148 3961 propriis
2175 3892 2499 3946 condonare.
2526 3892 2677 3959 Quod
2705 3895 2748 3948 si
2773 3910 3038 3966 pauperes
3062 3909 3207 3962 sunt,
3237 3909 3489 3969 tanquam

1915 3982 2238 4050 pauperibus
2261 3981 2652 4049 subministret,
2677 3999 2742 4039 ne
2767 3995 3050 4054 parentum
3079 3988 3364 4044 occasione
3392 4005 3486 4046 cc-

1916 4071 2093 4126 clesia:
2147 4071 2541 4140 deprmdentur.

2229 4162 2295 4216 In
2333 4165 2550 4234 epistola
2599 4166 2624 4204 ιλ
2665 4165 2965 4234 Symmachi
3000 4184 3167 4237 papa’.

1984 4273 2356 4330 Possessiones
2382 4276 2619 4330 ecclesia:
2657 4273 2818 4346 [quas
2846 4278 3216 4346 unusquisque
3240 4278 3483 4334 ecclesia:

1913 4365 2133 4433 proprio
2159 4366 2304 4419 dedit
2331 4374 2421 4418 aut
2458 4365 2676 4434 reliquit
2721 4367 2971 4441 arbitrio]
3021 4367 3259 4439 episcopi
3301 4369 3488 4441 (ναν.)

1914 4415 1968 4432 [⁷
1987 4415 2124 4433 ‘r'—'
2165 4415 2301 4419 ""‘"
2334 4415 2418 4418 ⁷“”“
2460 4415 2477 4418 “
2498 4415 2675 4434 ’⁷-“Γ“”’
2721 4415 2882 4422 ’““’⁷““’
2899 4415 2971 4441 "'J
3024 4415 3259 4439 'l"""r'
3302 4415 3318 4441 \
3340 4415 3350 4422 ”
3377 4415 3426 4424 ’⁷⁷
3444 4415 3482 4439 Ἰ

237 4415 473 4471 damnis
512 4434 622 4474 ⁵³³⁵
643 4463 657 4486 ν
694 4425 778 4478 vel
824 4429 1180 4487 Γθδίίωίίοηίε
1227 4415 1466 4509 te"lpusvi
1500 4441 1578 4494 ι’θί
1616 4441 1813 4498 Oblata?
1845 4515 1890 4531 ,ἱ
1914 4453 2150 4508 alienare
2170 4454 2494 4523 quibuslibet
2515 4455 2788 4513 titulisaut
2807 4461 3178 4515 contractibus
3209 4475 3313 4515 non
3341 4476 3482 4531 pra:-

236 4522 265 4559 a
293 4511 572 4566 consortio
594 4517 960 4577 ecclesiastico
1008 4531 1063 4577 et
1102 4528 1341 4582 omnium
1384 4529 1815 4592 Christianorum
1843 4515 1893 4574 D

238 4597 534 4677 [convivio]
565 4606 827 4665 habeatur
852 4620 1144 4670 extraneus
1183 4615 1461 4694 [alienus].

568 4720 749 4777 Conon
771 4724 1179 4796 Aurelianensis,
1208 4749 1316 4786 cura
1347 4734 1364 4773 ί
1402 4736 1485 4791 19.

306 4829 411 4896 Qui
434 4846 533 4900 pro
553 4834 835 4894 devotione
849 4856 944 4896 sua
965 4841 1274 4913 [oblationis
1291 4847 1490 4922 studio]
1516 4850 1568 4905 in
1586 4855 1808 4924 campis,

231 4922 523 4978 velvineis
545 4925 762 4996 aliquid,
795 4932 958 4987 etiam
1005 4935 1120 4991 sine
1169 4939 1371 5010 scripto
1410 4939 1638 5012 [absque
1684 4922 1817 5002 scri-

232 5013 419 5087 ptura]
442 5019 702 5085 probatur
721 5022 930 5081 dedisse
945 5025 1313 5104 [contulisse];
1341 5033 1387 5088 si
1407 5033 1632 5104 ipsemet
1652 5033 1810 5107 (Add.

231 5115 282 5155 et
315 5105 455 5177 var.)
510 5109 595 5162 vel
626 5111 852 5180 quilibet
879 5131 943 5170 ea
970 5118 1285 5178 alienaverit
1307 5165 1323 5191 ,
1364 5105 1712 5197 quoadusque
1738 5137 1817 5183 ta—

233 5193 304 5247 lia
333 5210 561 5264 pervasa
605 5199 774 5272 [Εάὶι.
819 5204 916 5260 ult.
948 5208 1086 5264 male
1111 5253 1126 5277 ,
1176 5193 1450 5288 perversa]
1491 5193 1813 5284 restituerit,

232 5286 618 5343 communione
642 5291 903 5359 privetur.

304 5449 330 5508 ξι
374 5437 540 5508 Cone.
570 5442 753 5498 Aurel.
788 5463 868 5508 ιιι,
888 5464 936 5504 c.
961 5450 1048 5506 25.

307 5506 336 5544 ι’
379 5507 558 5579 l_)eest.
593 5513 708 5567 Vid.
739 5506 932 5571 not.'v.
965 5523 1032 5574 cl.
1066 5521 1113 5575 J.
1145 5523 1306 5579 Sirm.

307 5589 329 5657 ξ
376 5577 562 5657 Ejusd.
588 5597 739 5639 conc.
769 5601 818 5641 c.
851 5589 938 5642 12.

303 5647 330 5683 ⁸³
377 5647 559 5715 Ejusd.
587 5667 739 5709 conc.
766 5672 812 5709 c.
840 5657 928 5712 22.

308 5727 333 5755 ε
375 5715 538 5771 Cone.
569 5721 733 5791 Lngvi.
768 5742 827 5790 ιι,
860 5743 908 5781 c.
937 5729 1021 5781 ll.

642 5817 910 5878 Parnm”
960 5819 1090 5879 XC]
1105 5822 1182 5883 Χ.

1914 4554 2128 4598 sumant
2145 4543 2360 4616 [velsub
2376 4561 2694 4616 quocunque
2716 4559 3032 4620 argumento
3058 4565 3164 4604 non
3189 4550 3447 4624 patimur]
3471 4571 3484 4605 :

1915 4635 2018 4690 nisi
2048 4635 2275 4692 forsitan
2296 4638 2507 4694 clericis
2533 4638 2736 4712 (Van),
2759 4657 2984 4711 quorum
3015 4644 3227 4699 meritis
3250 4652 3345 4699 aut
3363 4659 3480 4700 mo-

1913 4724 2158 4789 nasterii,
2203 4725 2476 4796 religionis
2527 4729 2740 4793 intuitu,
2791 4739 2884 4784 aut
2941 4731 2993 4786 in
3025 4733 3341 4804 peregrinos
3393 4749 3488 4791 ne-

1913 4814 2140 4870 cessitas
2160 4814 2346 4885 largiri
2369 4817 2618 4872 suaserit.
2642 4817 2732 4872 Sic
2754 4827 2934 4876 tamen
2956 4822 3069 4877 haec
3088 4822 3199 4893 ipsa
3223 4840 3327 4880 non
3352 4839 3480 4899 pcr-

1911 4914 2098 4974 petuo,
2126 4906 2219 4961 sed
2250 4907 2421 4962 donec
2446 4908 2701 4975 vixerint,
2729 4917 2967 4967 teneant.

2292 5015 2474 5075 Canon
2492 5020 2861 5095 Ancyritanus,
2884 5044 2993 5084 aera
3019 5031 3104 5087 16.
3196 5059 3200 5064 η

1995 5141 2011 5170 ι
2035 5127 2092 5183 δι
2118 5145 2204 5186 res
2223 5132 2463 5189 ecclesiae
2480 5138 2760 5208 presbyter
2773 5141 3094 5207 vendiderit,
3114 5147 3342 5204 rescisso
3364 5165 3506 5207 con...

1918 5228 2096 5275 tractu
2124 5222 2191 5276 ad
2230 5223 2319 5293 jus
2346 5226 2772 5285 ecclesiasticum
2822 5244 3160 5290 revocentur.
3205 5235 3261 5291 in
3284 5238 3492 5308 judicio

1918 5319 2099 5365 autem
2120 5312 2356 5384 episcopi
2381 5316 2516 5381 erit,
2546 5318 2591 5372 si
2613 5320 2847 5389 pretium
2884 5322 3077 5376 debeat
3104 5323 3342 5394 recipere
3369 5341 3474 5380 em-

1997 5472 2015 5511 τ
2057 5472 2222 5531 Cone.
2252 5486 2435 5531 Aule.
2463 5495 2534 5534 tv.
3077 5549 3090 5566 ‘
3134 5550 3148 5566 ‘
3305 5552 3338 5566 υ

1997 5545 2018 5566 η
2056 5543 2164 5566 Π...-
2215 5546 2282 5566 ’γη
2308 5547 2454 5566 εμιΑᾉν
2537 5550 2620 5566 ne,
2716 5565 2728 5566 κ
2790 5564 2800 5566 _
2854 5565 2872 5566 κ
2986 5565 3024 5566 ,,

1993 5545 2018 5620 β
2055 5543 2199 5620 (Jan;
2213 5546 2282 5600 59
2307 5547 2498 5620 interp.
2537 5550 2752 5620 Dionys.
2783 5564 2812 5620 a
2842 5565 2945 5617 qua
2969 5549 3246 5620 paululum
3288 5552 3482 5615 differt.

1990 5613 2017 5693 ιζ
2057 5613 2138 5699 ᾼά
2161 5613 2637 5699 Caesarium;episc.
2672 5613 3046 5699 Arelatensem
3067 5634 3183 5688 cap.
3223 5622 3268 5676 l.

1999 5685 2012 5723 ί
2059 5683 2254 5753 lnterp.
2289 5702 2404 5741 nec.
2435 5683 2651 5757 Dionys.
2682 5702 2796 5742 nec.
2829 5686 2953 5741 lsid.

3018 5845 3100 5904 33'
