3928 6178
431 337 449 387 1
461 335 568 390 035

425 458 588 520 pter;
627 447 752 517 quia
799 461 939 516 saepe
998 447 1259 516 contingit
1315 447 1695 503 distractarum
1749 449 1988 504 redditus
2019 452 2062 508 Α

428 536 685 608 ampliore
715 550 922 589 summa
948 549 1044 606 pro
1084 543 1306 604 accepto
1330 538 1504 606 pretio
1531 535 1842 591 reddidisse.

815 623 994 678 Canon
1029 623 1338 694 Agathensis
1365 666 1379 690 ,
1413 643 1519 680 mra
1552 626 1602 678 6.

495 714 758 783 Quidquid
783 729 879 782 per
917 713 1037 769 ﬁdei
1059 716 1404 770 commissum
1435 716 1726 770 dimittitur
1751 715 1991 770 ecclesiae

425 805 544 877 [aut
589 804 884 858 sacerdotis
916 805 1129 860 nomine
1159 813 1252 858 aut
1300 804 1565 876 ecclesiae]
1616 816 1708 859 aut
1747 805 1989 868 custodi,

424 897 566 951 inter
601 894 880 950 facultates
905 895 1143 949 ecc-esi:n
1186 911 1292 948 non
1320 896 1719 964 computabitur
1745 894 1992 966 [ecclesia

423 996 734 1057 computare
760 994 850 1038 aut
872 985 1105 1039 retinere
1133 1000 1239 1039 non
1268 983 1509 1054 poterit].

1091 1093 1228 1147 Αἶγα
1268 1094 1322 1146 7.

492 1207 730 1263 Cascllas
753 1222 902 1271 vero,
927 1206 1010 1260 vel
1033 1207 1295 1275 mancipia
1327 1204 1670 1277 [mancipiola
1705 1204 1990 1277 ecclesize],

425 1299 596 1370 (Mult.
646 1299 765 1353 add.
813 1306 869 1352 et
905 1298 1030 1351 Var.
1082 1306 1136 1351 et
1170 1298 1222 1350 in
1269 1296 1476 1351 exteris
1513 1311 1631 1364 qua:
1678 1296 1992 1366 sequuntur)

423 1401 516 1446 aut
539 1405 665 1444 vasa
690 1389 971 1443 ministerii
997 1389 1237 1442 ecclesiae
1259 1387 1401 1441 nullo
1430 1387 1588 1440 modo
1613 1393 1836 1454 possunt
1863 1386 1994 1439 alie-

425 1496 575 1535 nare.
627 1479 779 1546 Quod
808 1479 853 1534 si
882 1479 1175 1533 necessitas
1207 1477 1477 1546 compellit
1521 1486 1671 1532 certa
1706 1491 1805 1545 pro
1845 1477 1996 1530 utili-

427 1577 536 1624 tate
566 1568 827 1633 ecelesiae,
857 1575 916 1621 ut
947 1567 1147 1636 aliquid
1172 1568 1522 1630 distrahatur,
1567 1567 1708 1636 apud
1753 1567 1885 1620 duos
1911 1566 1995 1619 vel

428 1671 538 1714 tres
573 1659 929 1729 provinciales
955 1660 1232 1729 episc0pos
1271 1675 1432 1714 causa
1476 1659 1815 1714 necessitatis
1843 1673 1993 1713 com-

425 1751 702 1819 probatur,
730 1756 787 1802 ut
822 1749 889 1803 ab
911 1749 1042 1819 ipsis
1069 1749 1304 1804 venditio
1329 1748 1614 1803 roboretur
1637 1765 1651 1812 ;
1683 1748 1864 1811 aliter,
1887 1763 1991 1803 non

427 1840 644 1895 valebit.

734 1931 915 1986 Canon
943 1932 1352 1996 Aurelianensis,
1386 1948 1492 1986 mra
1521 1932 1588 1986 15
1619 1945 1665 1984 ο.

498 2023 555 2077 Si
595 2024 824 2078 clericus
870 2033 962 2077 aut
1010 2024 1178 2078 laicus
1225 2023 1324 2077 sub
1368 2030 1642 2092 potentum
1699 2021 1997 2090 patrocinio

429 2115 694 2189 [nomine]
728 2131 814 2170 res
839 2115 1080 2170 ecclesiae
1111 2113 1200 2185 [ad
1236 2116 1326 2184 jus
1354 2115 1596 2169 ecclesia:
1643 2113 1993 2184 pertinentes]

426 2215 734 2276 contempto
783 2205 1036 2277 pontifice
1081 2205 1299 2274 petierit
1329 2205 1411 2259 vel
1461 2205 1760 2274 possederit
1790 2204 1997 2275 [petere

428 2312 524 2354 seu
551 2297 828 2368 possidere
861 2294 1306 2366 praesumpserit],
1341 2294 1618 2366 [primum]
1647 2295 2000 2349 admoneatur

427 2404 546 2459 quae
564 2387 785 2442 abstulit
806 2386 1036 2441 civiliter
1069 2384 1384 2440 reformare.
1432 2384 1732 2454 (Quadam.
1764 2383 1913 2453 add.)
1939 2383 1997 2436 Si

427 2475 807 2548 contempserit
835 2475 1016 2547 (Van)
1044 2491 1073 2530 a
1098 2474 1372 2530 liminibus
1393 2473 1637 2528 ecclesiae
1659 2480 1994 2536 coerceatur,

429 2571 596 2623 donec
617 2582 678 2621 ea
703 2581 824 2621 cum
851 2563 1215 2620 satisfactione
1245 2563 1510 2618 restituat.

766 2655 832 2708 In
868 2653 1086 2723 epistola
1113 2653 1287 2708 Siricii
1310 2669 1479 2724 papw,
1511 2669 1619 2706 trra
1647 2653 1699 2706 2.

497 2746 524 2785 ι’
565 2745 624 2798 Si
652 2759 750 2813 per
775 2742 1072 2812 simplicem
1099 2743 1406 2813 episcopum
1454 2757 1540 2797 res
1567 2741 1808 2798 ecclesia:
1836 2743 1996 2798 amis-

429 2851 499 2892 saa
547 2834 767 2898 fuerint,
805 2834 1104 2888 successori
1149 2833 1265 2901 ejus
1307 2833 1626 2903 suggerendi
1676 2833 1854 2887 aditus
1890 2850 1997 2888 non

431 2934 652 2998 negetur
677 2943 693 2991 ;
722 2933 776 2979 et
797 2924 951 2994 juxta
976 2925 1296 2979 sententiam
1322 2939 1587 2978 canonum
1605 2923 1843 2979 ecclesia:
1864 2940 2000 2994 pne-

423 3013 680 3083 judicium
709 3014 853 3071 nullo
882 3023 1120 3086 tempore
1167 3014 1282 3078 ﬁat,
1336 3013 1460 3083 quia
1490 3027 1595 3066 una
1623 3022 1704 3068 est
1733 3020 1843 3070 toto
1868 3029 1999 3070 urbe

430 3105 638 3163 diﬂ'usa.

628 3179 638 3186 ’
803 3195 982 3252 Canon
1012 3195 1349 3262 Milituensis,
1377 3213 1484 3251 arra
1514 3198 1599 3252 15.

499 3321 522 3349 ε
565 3308 623 3364 Si
668 3308 792 3378 quis
841 3307 1155 3364 munuscula
1180 3308 1545 3378 cujuscunque
1580 3309 1819 3379 qualibet
1866 3313 2004 3365 seri-

429 3413 584 3471 ptura
621 3399 814 3456 collata
855 3398 1093 3454 ecclesia}
1140 3396 1490 3464 fraudaverit,
1545 3397 1821 3462 invaserit,
1879 3398 2001 3452 reti-

429 3491 624 3554 nuerit,
658 3488 1021 3558 subrepserit,
1050 3496 1103 3542 et
1128 3502 1158 3540 a
1197 3487 1477 3542 sacerdote
1505 3475 1867 3542 commonitus
1893 3496 2000 3542 sta-

429 3581 524 3634 tim
552 3579 745 3634 collata
773 3593 877 3632 non
913 3576 1242 3641 reddiderit,
1267 3577 1644 3632 Communione
1675 3577 1924 3646 pellatur.

813 3686 993 3741 Canon
1020 3687 1350 3758 Agathensis,
1380 3706 1489 3744 (ιη-α
1518 3689 1605 3742 26.

502 3798 558 3852 Si
596 3797 824 3852 clericus
853 3797 996 3868 [quis
1026 3800 1091 3852 de
1144 3797 1376 3871 clericis]
1422 3801 1766 3865 documenta,
1803 3806 1998 3873 quibus

431 3889 711 3946 ecclesiam
737 3889 1037 3959 possederit
1064 3889 1328 3961 [ecclesiae
1374 3892 1644 3959 possessio
1687 3893 1953 3965 firmatur]
1979 3935 1994 3959 ,

429 3977 614 4051 (Van)
645 3980 1028 4050 suppresserit,
1055 3979 1346 4050 negaverit,
1374 3988 1467 4034 aut
1487 3981 1806 4038 adversariis
1836 3985 1998 4038 tradi-

430 4070 587 4136 derit,
616 4069 873 4140 quidquid
897 4085 994 4138 per
1037 4071 1416 4126 abstinentiam
1459 4071 1802 4147 [absentiam]
1831 4076 1996 4130 docu-

431 4167 732 4216 mentorum
758 4163 1010 4215 damnum
1045 4161 1289 4216 ecclesia:
1331 4161 1535 4216 illatum
1565 4161 1748 4229 fuerit,
1780 4166 1844 4220 de
1872 4182 1997 4236 pro-

429 4253 561 4323 priis
598 4251 942 4308 facultatibus
979 4253 1184 4316 reddat,
1225 4262 1279 4309 et
1317 4257 1698 4311 communione
1730 4259 1990 4327 privetur.

427 4343 476 4400 is
507 4345 696 4408 etiam,
727 4344 819 4412 qui
845 4343 898 4398 in
921 4341 1118 4399 damno
1139 4344 1381 4401 ecclesiae
1408 4346 1762 4402 instrumenta
1799 4349 1995 4404 sollici-

429 4435 623 4489 taverit
644 4432 827 4504 [impie
853 4433 1154 4490 sollicitatis
1177 4436 1577 4508 traditoribus],
1625 4438 1710 4493 vel
1743 4454 1994 4509 suscepe-

429 4525 532 4592 rit,
563 4527 681 4596 pari
704 4527 971 4581 sententia
1001 4524 1242 4582 feriatur.

731 4615 911 4670 Canon
947 4616 1334 4674 Aurelianensis
1354 4660 1369 4684 ,
1401 4636 1509 4674 tera
1536 4622 1605 4676 53
1631 4621 1678 4673 ιι.

498 4708 754 4778 Quisquis
773 4709 1000 4781 agellum
1021 4712 1264 4768 ecclesia:
1286 4727 1316 4766 a
1347 4713 1627 4768 sacerdote
1648 4715 1852 4784 ceperit
1874 4730 1996 4784 pos—

431 4795 712 4852 sidendum
741 4797 818 4870 [in
839 4800 926 4855 die
950 4801 1074 4856 vita:
1093 4817 1203 4856 suae
1222 4816 1322 4872 pro
1344 4817 1666 4872 quacunque
1687 4803 1996 4859 misericor-

431 4883 520 4940 dia
567 4900 598 4938 a
623 4887 919 4952 sacerdote,
959 4890 1044 4944 cui
1072 4899 1311 4959 potestas
1337 4890 1472 4963 est],
1504 4893 1862 4964 quodcunque
1894 4894 1995 4948 ibi-

430 4975 548 5028 dem
569 4971 879 5044 profecerit,
903 4977 1166 5034 alienandi
1188 4979 1389 5036 nullam
1413 4982 1607 5038 habeat
1635 4993 1951 5054 potestatem
1979 5003 1991 5037 :

446 5079 523 5120 .ec
550 5062 698 5137 [sibi]
725 5074 975 5133 parentes
1014 5067 1181 5138 ipsius
1203 5071 1402 5140 aliquid
1427 5075 1622 5130 exinde
1669 5074 1758 5130 'ex
1803 5092 1864 5130 ea
1917 5091 1976 5132 re

430 5155 698 5211 aestiment
726 5155 1128 5210 vindicandum.

493 5301 520 5332 ι
560 5287 722 5345 Cone.
750 5287 932 5343 Aurel.
974 5303 1112 5356 iv,c.
1137 5289 1227 5344 25.

494 5361 523 5400 δ
560 5358 907 5414 Desideratur
933 5359 987 5413 in
1024 5361 1110 5414 ed.

494 5440 520 5506 ξ
559 5429 692 5506 Yide
713 5429 998 5506 concilium
1024 5430 1387 5506 Arvernense,

495 5497 523 5538 ⁸
559 5497 722 5566 Cone.
753 5499 934 5555 Aurel.
959 5515 1034 5566 IV,
1064 5515 1111 5554 e.
1136 5499 1225 5554 24.

495 5577 521 5640 ξ
553 5565 818 5640 gonc._m
845 5570 1096 5640 Carthag.
1127 5587 1178 5626 e.
1201 5571 1295 5626 49.

500 5633 521 5671 ί
551 5635 688 5705 Stat.
721 5636 866 5692 Eccl.
914 5633 1082 5696 amid.
1124 5641 1178 5696 in
1205 5641 1322 5697 eod.
1352 5640 1512 5696 Barb.
1545 5656 1593 5696 e.
1627 5639 1726 5705 H;
1755 5654 1908 5695 conc.
1937 5657 1990 5696 iv

432 5701 611 5758 Barth.
647 5720 694 5758 c.
728 5705 818 5758 29.

1485 5448 1532 5487 e.
1558 5434 1640 5486 16.

1265 332 1581 428 CANONES
1621 332 1905 388 SELECTl
1946 331 2035 388 EX
2077 329 2230 387 VET.
2273 327 2430 387 CAN.
2471 325 2803 386 COLLECT.

2025 4504 2074 4563 υ

3531 329 3550 384 1
3561 329 3675 385 036

2395 442 2576 500 Canon
2608 441 3057 514 Carthagmensis,
3086 459 3192 496 trra
3217 441 3288 497 32
3317 451 3360 494 ε.

2159 535 2354 592 Clerici
2377 537 2468 605 qui
2488 535 2690 604 aliquid
2702 541 3017 604 comparant
3039 533 3253 587 nomine
3267 549 3384 597 suo,
3411 539 3680 602 tanquam

2093 644 2268 684 rerum
2300 628 2701 682 Dominicarum
2727 627 3003 681 invasores
3041 633 3327 681 teneantur
3353 625 3684 696 [invasionis

2091 719 2319 774 crimine
2347 725 2631 772 teneantur
2659 716 2924 785 obnoxii],
2974 716 3076 770 nisi
3108 716 3160 768 in
3190 715 3419 770 ecclesia
3461 731 3562 770 sua
3587 731 3683 771 ea-

2091 809 2214 864 dem
2242 808 2519 862 intulerint
2549 805 2843 879 [Admoniti
2873 807 3116 862 ecclesiae
3156 807 3343 861 eadem
3373 807 3494 876 ipsa
3538 823 3679 862 con-

2094 899 2358 972 tulerint].
2397 899 2453 955 Si
2487 908 2670 954 autem
2707 899 2861 971 [ipsis
2884 899 3101 969 proprie
3120 899 3320 968 aliquid
3347 899 3680 953 liberalitate

2093 991 2336 1061 alicujus,
2362 993 2448 1047 vel
2471 993 2813 1048 successione
2840 989 3197 1062 cognationis]
3216 1005 3282 1045 ex
3303 992 3528 1060 propria
3553 1006 3679 1045 suc-

2092 1083 2335 1138 cessione
2361 1083 2440 1138 eis
2467 1081 2671 1154 aliquid
2717 1083 3030 1146 obvenerit,
3059 1080 3262 1137 faciant
3307 1082 3506 1136 exinde
3527 1081 3677 1152 quod

2093 1187 2279 1226 eorum
2308 1172 2584 1241 proposito
2609 1171 2876 1240 congruit.
2926 1170 3079 1238 Quod
3105 1172 3152 1225 si
3193 1186 3224 1224 a
3260 1186 3359 1226 suo
3395 1171 3678 1240 proposito

2095 1261 2434 1334 [retrorsum]
2461 1263 2887 1318 exorbitaverint
2905 1303 2918 1324 ,
2955 1264 3158 1316 honore
3184 1261 3569 1316 ecclesiastico
3594 1261 3678 1314 in-

2093 1353 2262 1424 digni,
2294 1362 2546 1422 tanquam
2572 1354 2780 1422 reprobi
2811 1353 3140 1422 judicentur.

2620 1482 2847 1537 CAPUT
2882 1481 3122 1536 XXXIX.

2441 1591 2503 1628 DE
2542 1591 2896 1629 CAUSANTIBL'S
2929 1591 2996 1628 ET
3031 1590 3315 1630 JUDICIBUS.

2477 1683 2658 1738 Canon
2689 1685 2998 1755 Africanus,
3025 1703 3132 1739 tera
3162 1687 3195 1740 5
3227 1685 3270 1739 τ.

2029 1805 2071 1866 Β
2171 1796 2242 1854 Ut
2265 1797 2549 1867 episcopus
2578 1796 2778 1851 nullius
2816 1812 3033 1852 causam
3065 1796 3248 1851 audiat
3291 1797 3496 1867 absque
3535 1813 3678 1869 pne-

2097 1891 2272 1947 sentin
2297 1890 2618 1944 clericorum
2664 1904 2903 1951 suorum,
2934 1890 3059 1958 quia
3089 1890 3240 1944 irrita
3270 1890 3376 1944 erit
3403 1892 3678 1945 sententia

2097 1980 2354 2051 episcopi,
2383 1979 2487 2034 nisi
2515 1978 2832 2033 clericorum
2860 1979 3148 2048 praesentia
3183 1979 3556 2034 confirmetur.

2721 2071 2859 2125 {Era
2891 2073 2956 2126 10
2989 2075 3014 2113 ε

2169 2166 2240 2222 L't
2264 2166 2545 2235 episcopus
2571 2173 2912 2219 accusatores
2955 2165 3185 2219 fratrum
3213 2167 3674 2220 exeornnnmicet.

2097 2257 2163 2310 Et
2193 2257 2237 2310 si
2269 2257 2676 2310 emendaverint
2715 2255 2929 2319 vitium,
2961 2256 3287 2325 recipiantur
3333 2258 3402 2311 ad
3430 2273 3678 2310 eommu-
3717 2323 3734 2338 ⁸

2098 2349 2332 2413 nionem,
2365 2357 2418 2402 et
2444 2363 2549 2403 non
2577 2347 2645 2401 ad
2672 2348 2893 2403 clerum.

2726 2437 2866 2490 Afra
2894 2437 3020 2491 30h

2168 2525 2475 2581 Catholicus
2503 2526 2592 2596 qui
2619 2540 2837 2580 causam
2870 2541 3022 2580 suam
3061 2524 3196 2596 [sive
3218 2525 3422 2593 justam
3445 2527 3561 2581 sive
3591 2528 3678 2580 in-

2092 2617 2314 2688 justam]
2344 2619 2411 2671 ad
2433 2617 2693 2685 judicium
2720 2617 2943 2672 alterius
2988 2618 3110 2673 fidei
3146 2616 3344 2686 iudicis
3383 2631 3679 2689 provocat,

2096 2708 2612 2764 excommunieetur.

2719 2802 2858 2854 zEra
2887 2801 2956 2854 42
2991 2804 3030 2854 ί.

2167 2890 2522 2958 Qumrendum
2554 2892 2605 2944 in
2629 2889 2850 2958 judicio,
2884 2891 3164 2960 cujusnam
3191 2890 3261 2944 sit
3284 2889 3543 2955 sationis,
3577 2905 3677 2944 eu-

2091 2980 2182 3053 jus
2207 2983 2331 3037 ﬁdei
2357 2982 2403 3037 is
2431 2983 2522 3051 qui
2551 2990 2784 3043 accusat,
2817 2991 2873 3035 ct
2900 2983 2992 3050 qui
3020 2989 3324 3036 accusatur.
3357 2981 3552 3036 Falsus
3582 2997 3674 3034 ac-

2099 3078 2318 3125 cusator
2361 3079 2515 3126 extra
2561 3071 2857 3126 Ecelesiam
2890 3070 3003 3129 fiat.
3048 3072 3215 3126 donec
3259 3071 3576 3140 paenitendo
3619 3085 3676 3124 se

2023 3157 2069 3219 C
2101 3165 2368 3218 emendet.

2724 3251 3042 3306 1Era5‘2i.

2169 3341 2408 3398 Caveant
2453 3341 2663 3410 iudices
2717 3341 2980 3407 ecclesiae,
3036 3355 3103 3395 ne
3152 3341 3374 3394 absente
3417 3353 3484 3394 eo
3522 3341 3680 3411 cujus

2098 3451 2262 3491 causa
2301 3435 2610 3498 ventilatur,
2659 3435 2980 3488 sententiam
3027 3432 3334 3503 proferant;
3365 3433 3491 3501 quia
3522 3432 3678 3486 irrita

2098 3527 2222 3591 erit,
2254 3527 2361 3580 imo
2387 3533 2442 3580 et
2468 3540 2683 3580 causam
2712 3526 2766 3579 in
2799 3524 3002 3596 synodo
3030 3523 3274 3593 profecto
3305 3522 3530 3580 dabunt.

2722 3615 2862 3669 Afra
2893 3615 2960 3669 53
2994 3615 3042 3666 ιι.

2167 3707 2464 3778 Episcopus
2506 3705 2690 3778 (Van)
2719 3705 3040 3760 dissidentes
3086 3704 3345 3767 homines,
3389 3703 3455 3758 ad
3484 3719 3675 3773 pacem

2096 3802 2271 3872 magis
2291 3817 2450 3870 quam
2479 3801 2544 3854 ad
2567 3799 2830 3866 judicium
2859 3799 3189 3852 eohortctur.

2296 3893 2476 3947 Canon
2505 3890 2960 3954 Chalcedonensis,
2989 3906 3098 3944 (era
3128 3889 3160 3942 4
3187 3888 3341 3959 [Can.
3371 3889 3449 3958 9].

2173 3985 2188 4025 ι
2222 3985 2340 4040 Non
2379 3991 2591 4054 oportet
2630 3983 2858 4038 clericos
2908 3984 3165 4038 habentes
3212 3983 3441 4036 invicem
3482 3981 3675 4034 adver-

2096 4092 2214 4133 sum
2257 4091 2315 4131 se
2355 4075 2567 4146 negotia
2599 4075 2901 4144 relinquere
2945 4073 3216 4143 proprium
3251 4073 3583 4141 episcopum,
3610 4080 3672 4124 et

2096 4167 2162 4221 ad
2189 4164 2467 4220 saecularia
2490 4164 2690 4234 judicia
2723 4162 3048 4216 convolare:
3080 4162 3172 4216 sed
3203 4161 3376 4231 magis
3399 4159 3543 4231 apud
3585 4175 3675 4230 sy-

2097 4255 2296 4309 nodum
2321 4255 2598 4324 judioentu
2607 4269 2652 4306 r.

2097 4380 2160 4419 DE
2201 4379 2438 4420 CLEBICIS
2473 4379 2561 4426 QUI
2600 4379 2667 4417 AD
2713 4376 2998 4417 SKECULARF.
3035 4379 3281 4418 ιυῐιιοιωι
3330 4377 3667 4417 εοκνοωκτ.

2325 4454 2506 4509 Canon
2537 4455 2866 4525 Agathensis,
2897 4472 3004 4509 a’ra
3034 4456 3094 4509 3!
3133 4453 3287 4526 [Can.
3317 4455 3437 4526 3‘2].

2166 4545 2404 4598 Clericus
2426 4558 2494 4597 ne
2519 4559 2843 4614 quemquam
2876 4554 3166 4613 pnesumat
3191 4545 3330 4615 apud
3357 4545 3674 4600 smcularem

2089 4635 2346 4704 judicem,
2379 4634 2630 4702 episcopo
2660 4650 2766 4689 non
2796 4635 3160 4704 permittente,
3188 4635 3405 4704 pulsare
3430 4653 3442 4688 :
3473 4636 3518 4688 si
3561 4635 3675 4704 pul-

2093 4731 2241 4777 satus
2267 4721 2444 4785 fuerit,
2476 4723 2816 4792 respondeat,
2849 4739 2956 4777 non
2986 4734 3249 4794 proponat
3285 4743 3296 4776 :
3329 4739 3428 4779 nec
3475 4725 3672 4779 audeat

2094 4813 2373 4868 criminale
2421 4815 2692 4884 negotium
2739 4814 2804 4868 ad
2847 4815 3104 4870 smeulare
3137 4815 3403 4884 judicium
3432 4814 3674 4885 perferre

2097 4905 2174 4977 [in
2199 4905 2399 4975 judicio
2428 4905 2671 4959 sazculari
2695 4905 3037 4976 proponere].
3073 4905 3130 4960 Si
3170 4906 3294 4976 quis
3332 4905 3672 4961 saecularium

2096 5008 2192 5064 per
2231 4992 2554 5046 calumniam
2604 4993 2890 5046 ecclesiam
2939 5001 3030 5046 aut
3066 4993 3322 5047 clericum
3369 4991 3674 5063 fatigaverit

2101 5083 2350 5158 [fatigare
2395 5085 2706 5150 tentaverit,
2748 5092 2803 5138 et
2845 5085 3020 5140 victus
3060 5083 3272 5156 fuerit],
3315 5087 3384 5140 ab
3430 5085 3673 5139 ecclesia:

2102 5174 2397 5239 liminibus,
2419 5181 2473 5228 et
2499 5189 2528 5226 a
2555 5175 2930 5229 communione
2958 5173 3400 5247 [catholicorum]
3422 5183 3675 5229 arceatur

2175 5311 2200 5348 κ
2226 5306 2285 5362 In
2317 5305 2434 5361 cod.
2461 5305 2618 5358 Barb.
2645 5320 2696 5359 c.
2732 5306 2830 5368 i7;
2863 5321 3014 5361 conc.
3046 5321 3098 5359 Iv
3119 5306 3304 5360 Carth.
3332 5321 3381 5359 e.
3414 5304 3502 5358 55.

2171 5380 2198 5417 ιι
2230 5377 2287 5430 ln
2317 5376 2434 5429 cod.
2461 5376 2620 5430 Barb.
2653 5391 2702 5428 c.
2734 5375 2803 5429 '50
2829 5392 2842 5438 ;
2873 5390 3026 5428 eone.
3056 5393 3104 5429 tv
3135 5377 3322 5428 Carth.
3354 5390 3403 5429 e.
3434 5373 3525 5428 87.

2178 5446 2274 5499 iln
2302 5445 2422 5501 cod.
2455 5445 2614 5498 Barb.
2644 5460 2695 5498 e.
2728 5445 2826 5507 55;
2857 5459 3009 5498 conc.
3040 5461 3092 5498 iv
3121 5445 3309 5498 Carzh.
3335 5459 3388 5498 c.
3413 5442 3502 5496 96.

2172 5512 2187 5564 i
2224 5515 2280 5568 In
2307 5515 2425 5568 cod.
2452 5513 2612 5567 Barb.
2638 5529 2685 5567 c.
2717 5513 2815 5577 55;
2848 5529 2999 5568 conc.
3032 5529 3084 5569 IV
3111 5514 3297 5567 Carth.
3322 5529 3372 5567 c.
3398 5513 3488 5566 51.

2171 5583 2196 5622 ¹ι
2225 5585 2280 5637 In
2304 5584 2424 5637 cod.
2456 5583 2616 5637 Barb.
2650 5599 2700 5637 e.
2733 5583 2800 5636 54
2827 5599 2842 5646 ;
2871 5583 3035 5637 Cone.
3071 5600 3122 5638 tv
3147 5583 3328 5638 Carth.
3356 5598 3404 5637 c.
3434 5579 3522 5635 26.

2174 5652 2192 5691 ι
2220 5654 2415 5722 lnterp.
2447 5669 2544 5708 nec
2570 5653 2785 5724 Dionys.
2815 5668 2912 5708 nec
2938 5653 3062 5708 Isid.
