3924 6180
289 312 434 368 hl37

1147 300 1470 356 ΕᾹΝΟΜΞΒ
1507 298 1790 354 SELECTI
1831 297 1924 352 EX
1964 296 2120 354 VET.
2165 297 2318 354 CAN.
2362 298 2692 358 COLLECT.

3402 306 3537 363 l058

279 433 460 487 usque
503 414 571 469 ad
618 413 834 482 dignam
885 412 1256 481 paenitentiam
1306 410 1432 484 [nisi
1483 412 1642 482 digne
1695 408 1867 478 pmni-
1895 407 1944 466 Α
1972 407 2070 474 ipsi
2113 408 2367 464 dirimant
2397 412 2739 481 quzesuones.
2789 421 2845 466 et
2871 411 3086 467 firmum
3120 414 3380 484 probetur
3401 416 3544 487 judi-

286 506 502 577 tuerit].

619 593 802 649 Conon
829 593 1245 657 Aurelianensis,
1276 608 1386 646 (era
1414 593 1483 647 55
1515 605 1563 643 ε.

360 685 603 743 Clericus
633 682 942 756 [cujuslibet
968 680 1184 754 gradus]
1217 682 1331 736 sine
1358 681 1628 750 pontificis
1650 681 1731 736 sui
1749 696 1872 752 per-

285 779 482 842 missu,
530 774 735 830 nullum
782 773 850 828 ad
877 772 1134 829 saeculare
1162 772 1424 842 judicium
1458 780 1751 840 praesumat
1795 781 1873 826 at-

286 870 511 925 trahere
547 880 767 936 :neque
810 863 951 919 laico
1000 861 1327 934 [inconsulto
1366 860 1667 935 sacerdote]
1713 861 1874 917 liceat

285 959 550 1016 clericum
577 957 636 1023 in
666 954 923 1010 sreculare
946 953 1206 1023 judicium
1230 953 1505 1008 exhibete.

607 1021 628 1047 ί
664 1046 848 1102 Conon
873 1021 1197 1110 Hdticensis,
1227 1061 1336 1100 atra
1361 1044 1428 1099 10
1451 1045 1500 1096 δ.

362 1141 432 1196 Et
463 1155 532 1195 ne
559 1135 786 1195 clericus
816 1137 987 1192 inscio
1030 1137 1282 1206 episcopo
1311 1137 1377 1192 de
1398 1135 1628 1190 ecclesia
1656 1135 1871 1190 abstra-

287 1232 477 1295 hatur,
519 1236 613 1284 aut
662 1225 916 1295 injuriam
946 1226 1184 1295 aliquam
1224 1225 1506 1294 patiatur:
1537 1224 1632 1279 sed
1678 1224 1722 1278 si
1751 1224 1874 1294 quis

289 1325 554 1380 adversus
591 1319 817 1376 clericos
843 1318 1045 1388 aliquid
1094 1316 1364 1380 habuerit,
1404 1317 1459 1370 in
1484 1317 1732 1372 notitiam
1761 1317 1872 1386 epi-

289 1413 444 1482 scopi
489 1410 771 1482 producat,
803 1417 858 1463 et
907 1409 1020 1478 ipse
1059 1406 1270 1478 justitia
1294 1415 1568 1476 praeeunte
1618 1406 1873 1460 discutiat

290 1517 508 1557 causas.

918 1587 1056 1641 {Eia
1087 1586 1157 1640 2‘2
1184 1598 1232 1640 ".

365 1679 550 1749 Neque
581 1679 600 1749 (
610 1676 762 1752 Var.)
788 1677 953 1747 judex
983 1678 1236 1733 clericum
1267 1678 1463 1746 absque
1493 1692 1653 1731 causa
1680 1677 1860 1732 crimi-

1975 497 2140 552 cium.

2465 591 2603 646 Afra
2635 581 2699 647 Η
2729 592 2885 665 [Cum
2922 594 3036 667 15].

2049 677 2195 746 ³ρυί
2243 680 2313 734 ab
2378 683 2630 737 omnibus
2687 685 2957 754 episcopis
3007 689 3546 755 comprovincialiqu

1968 784 2265 825 consonam
2294 773 2499 842 recepit
2525 776 2870 842 sententiam,
2901 777 2970 831 ab
2995 777 3114 833 aliis
3143 778 3367 835 ulterius
3404 783 3547 852 judi-

1967 860 2084 914 cari
2114 875 2219 915 non
2248 862 2466 930 poterit,
2499 863 2600 918 nisi
2637 865 2950 936 episcopum
2992 866 3248 923 Romanae
3295 869 3548 926 Ecclesia:

1973 948 2339 1018 appellaverit,
2371 959 2430 1004 ut
2461 961 2747 1008 renovetur
2773 970 3022 1010 examen.

2289 1037 2471 1094 Canon
2497 1039 2939 1113 Cartltaginensis,
2971 1063 3078 1100 atra
3106 1047 3141 1101 2
3166 1060 3205 1086 ω

2043 1125 2296 1196 Quisquis
2343 1129 2714 1198 episcoporum
2770 1143 3086 1200 accusatur,
3143 1138 3211 1191 ad
3256 1140 3542 1207 primatem

1971 1216 2262 1284 provinciae
2310 1217 2478 1286 ipsius
2525 1233 2745 1273 causam
2793 1220 2999 1277 deferat
3043 1235 3344 1292 accusator,
3385 1245 3486 1286 nec
3515 1247 3546 1284 a

1974 1308 2348 1362 communione
2370 1309 2746 1378 suspendatur,
2772 1311 2856 1364 cui
2878 1312 3080 1368 crimen
3103 1315 3418 1383 intenditur,
3445 1320 3548 1376 nisi

1974 1396 2042 1450 ad
2089 1412 2307 1451 causam
2337 1399 2614 1452 dicendam
2648 1398 2964 1471 [electorum
3008 1403 3268 1472 judicium
3315 1407 3401 1462 die
3440 1418 3549 1462 sta-

1975 1485 2112 1558 tuta]
2137 1488 2383 1556 primatis
2414 1488 2607 1543 litteris
2633 1499 2959 1546 convocatus
2983 1493 3205 1549 minime
3227 1499 3546 1562 occurrerit,

1974 1578 2075 1632 hoc
2096 1586 2178 1632 est
2203 1579 2343 1632 inter
2376 1577 2562 1650 [infra]
2591 1581 2824 1648 spatium
2858 1584 3058 1637 mensis
3084 1599 3151 1638 ex
3180 1586 3266 1640 die
3292 1601 3398 1655 qua
3425 1603 3549 1644 eum

1976 1669 2182 1726 litteras
2206 1671 2478 1741 accepisse
2506 1672 2827 1726 constiterit.
2858 1673 3009 1740 Quod
3035 1677 3079 1730 si
3111 1675 3363 1750 [aliquas]
3398 1695 3551 1737 veras

296 1767 429 1832 nali,
451 1747 556 1822 hoc
583 1747 1014 1831 est,homicidio,
1041 1764 1186 1820 furto
1215 1775 1305 1819 aut
1334 1764 1616 1831 maleﬁcio,
1647 1766 1714 1818 ad
1731 1765 1877 1834 judi-
1907 1747 1952 1807 Β
1978 1776 2172 1816 causas
2216 1761 2556 1816 necessitatis
2604 1763 2917 1830 probaverit
2963 1747 3131 1834 (Add.
3157 1777 3205 1820 et
3227 1747 3376 1839 fruar.)
3397 1809 3412 1835 ,
3451 1786 3550 1840 pro

294 1861 443 1914 cium
473 1860 772 1929 pertraliat.
805 1857 956 1925 Quod
1009 1857 1055 1912 si
1103 1855 1311 1920 fecerit,
1343 1856 1578 1926 quandiu
1621 1857 1874 1926 episcopo

298 1950 432 2022 [loci
461 1948 626 2020 illius]
653 1950 827 2003 visum
856 1946 1020 2003 fuerit
1047 1965 1060 2002 :
1089 1947 1156 2002 ab
1184 1945 1412 2001 ecclesia
1440 1945 1706 2017 [ecclesiae
1730 1945 1875 1999 limi-

296 2039 480 2112 nibus]
511 2049 784 2104 areeatur,
815 2047 872 2093 et
896 2037 1273 2093 communione
1301 2037 1563 2106 privetur.

940 2125 1174 2181 1Eral8
1200 2125 1249 2178 ἀ.

369 2218 470 2285 Qui
505 2219 817 2274 innocentes
843 2229 868 2256 ε
896 2215 962 2270 ad
987 2216 1260 2287 principes
1283 2215 1366 2270 vel
1397 2215 1464 2270 ad
1483 2213 1695 2284 judices
1719 2229 1877 2269 accu-

293 2318 439 2372 sant,
474 2309 519 2364 si
553 2308 784 2364 clericus
815 2305 1178 2380 [honoratior]
1206 2314 1308 2370 est,
1335 2306 1658 2376 degradetur
1686 2303 1775 2376 [ab
1797 2304 1877 2359 of.

296 2399 406 2454 ficii
437 2400 516 2454 sui
546 2399 735 2454 ordine
767 2395 1102 2468 regradetur]
1143 2409 1158 2448 :
1189 2396 1232 2451 si
1263 2410 1392 2450 vero
1422 2394 1613 2460 laicus,
1637 2409 1877 2449 commu-

296 2489 462 2544 nione
490 2489 752 2560 privetur.

631 2576 811 2632 Canon
837 2575 1283 2645 Carthaginensis,
1313 2591 1422 2629 aera
1453 2575 1537 2628 12.

369 2666 390 2704 τ
425 2665 485 2721 Si
534 2667 672 2720 inter
696 2667 976 2736 episcOpos
1021 2667 1087 2720 de
1131 2666 1292 2719 rebus
1337 2665 1570 2720 terrenis
1601 2661 1876 2720 contentio

293 2767 419 2812 orta
447 2758 631 2822 fuerit,
660 2758 801 2812 inter
827 2757 951 2811 anni
979 2756 1212 2828 spatium
1242 2771 1339 2825 per
1362 2755 1617 2824 epistolas
1645 2753 1878 2809 fratrum

292 2850 610 2906 commoniti
657 2858 751 2902 aut
780 2849 918 2902 inter
944 2862 1002 2901 se
1031 2857 1125 2902 aut
1171 2847 1223 2900 in
1253 2846 1541 2915 praesentia
1583 2845 1877 2899 electorum

296 2939 576 3011 negotium
601 2952 795 2994 sanare
822 2937 1096 2991 festinent.
1143 2936 1292 3003 Quod
1335 2937 1424 3004 qui
1453 2935 1741 3000 distulerit,
1781 2937 1877 2990 do-

297 3047 403 3084 nec
432 3030 548 3100 ipsa
571 3028 812 3084 causatio
838 3029 1150 3097 abrogetur,
1183 3043 1214 3080 a
1237 3027 1503 3081 charitate
1530 3025 1759 3080 fratrum
1785 3027 1878 3079 ha-

298 3121 496 3174 beatur
520 3119 849 3187 extraneusﬂ;

604 3209 674 3265 In
699 3209 917 3280 epistola
943 3209 1128 3264 Siricit'
1151 3225 1321 3280 papw,
1352 3226 1460 3264 (τινα
1489 3209 1578 3263 52.

375 3301 453 3356 De
475 3302 639 3357 rebus
682 3300 923 3356 ecclesiae
965 3308 1083 3354 orta
1114 3301 1385 3354 contentio
1416 3301 1482 3355 ad
1511 3297 1878 3370 metropolita-

303 3409 440 3450 num
464 3395 778 3451 deducatur.
805 3393 948 3448 Nihil
974 3393 1135 3448 liceat
1162 3401 1287 3446 ante
1313 3393 1610 3463 principem
1639 3391 1745 3446 ulla
1791 3405 1878 3444 ra-

300 3491 452 3544 tione
484 3487 758 3558 suspendi,
788 3487 882 3541 sed
911 3487 1286 3557 episcoporum
1305 3485 1507 3554 judicio
1537 3487 1874 3541 terminetur.

897 3598 1126 3656 CAPUT
1165 3599 1278 3654 XL.

303 3730 370 3767 BE
409 3726 676 3777 εριεοορο,
715 3727 812 3766 νει
866 3725 1106 3765 CLERICIS
1142 3725 1424 3765 ACCUSATIS
1477 3726 1546 3764 ΕΤ
1587 3723 1880 3764 Αοευδλτο-

905 3795 1058 3834 ιιιιιυε
1094 3794 1294 3834 εοιιυιι.

710 3871 891 3926 Conon
921 3869 1192 3936 Nicwnus,
1225 3887 1334 3924 aera
1365 3870 1431 3924 14
1458 3873 1501 3924 3.

375 3985 402 4024 ιι
432 3982 490 4039 Si
521 3983 803 4055 episcopus
823 3981 1096 4051 judicatus
1137 3979 1300 4034 fuerit
1347 3980 1401 4034 in
1448 3978 1551 4034 alia
1583 3994 1780 4044 causa,
1825 3989 1881 4035 et

303 4075 421 4145 ipse
447 4073 696 4138 voluerit,
733 4080 1022 4127 renovetur
1048 4071 1335 4126 concilium
1376 4086 1390 4124 :
1419 4078 1473 4126 et
1498 4072 1768 4126 scribatur
1812 4073 1880 4127 ab

302 4165 574 4237 episcopis
618 4165 710 4233 qui
758 4179 976 4219 causam
1007 4163 1456 4218 examinaverunt
1498 4162 1742 4219 Romano
1769 4165 1883 4236 epi-

304 4271 488 4325 scopo,
519 4263 656 4310 etut
679 4255 793 4310 inse
810 4253 1138 4322 iudicaverit
1166 4254 1472 4324 impleatur.

956 4342 1226 4397 £ra5i.

378 4459 392 4485 ι
431 4435 584 4489 Alius
609 4449 737 4489 vero
763 4435 1044 4505 episcopus
1069 4435 1121 4488 in
1154 4433 1272 4488 loco
1298 4433 1435 4502 ejus,
1460 4435 1551 4506 qui
1577 4435 1880 4490 Romanum
1910 4451 1960 4511 υ

305 4523 616 4594 episcopum
662 4523 968 4594 appellavit,
999 4538 1102 4576 non
1131 4523 1411 4578 ordinetur
1450 4532 1574 4579 ante
1603 4526 1879 4580 examina-

306 4614 474 4668 tionis
503 4629 742 4668 causam.

525 4704 706 4760 Canon
738 4707 1111 4772 Antiochenus,
1135 4723 1244 4762 cera
1275 4707 1341 4762 16
1371 4707 1525 4780 [Cum
1559 4710 1669 4783 M].

382 4798 406 4836 ιι
438 4796 495 4851 Si
519 4797 802 4868 contigerit
829 4805 888 4850 ut
913 4797 1195 4867 episcopus
1220 4798 1286 4854 de
1313 4798 1582 4854 criminali
1610 4815 1774 4856 causa
1794 4817 1884 4857 ac-

307 4895 551 4950 cusetur,
577 4895 634 4940 et
667 4887 894 4942 diversae
919 4889 1202 4944 sententia:
1235 4896 1422 4944 contra
1448 4904 1571 4944 eum
1593 4891 1734 4960 apud
1761 4892 1871 4961 epi-

307 4990 504 5046 scopos
528 4974 895 5045 proferantur;
926 4976 1127 5045 placuit
1154 4977 1624 5048 metropolitanum
1660 4980 1885 5036 alterius

308 5066 601 5133 provinciae
628 5067 894 5130 revocari,
925 5078 980 5122 et
1001 5068 1204 5138 aliquot
1231 5085 1353 5125 cum
1389 5084 1453 5126 eo
1480 5071 1792 5144 episcopos;
1826 5082 1886 5127 ut

385 5213 410 5240 ι
438 5199 605 5256 Cone.
637 5200 822 5256 Aurel.
852 5217 936 5266 ιιι,
961 5217 1011 5258 c.
1043 5202 1131 5257 52.

384 5270 411 5310 δ
438 5269 603 5326 Cone.
637 5271 916 5326 Matiscon.
949 5289 986 5336 ι,
1022 5288 1071 5326 c.
1102 5273 1154 5338 7,
1182 5283 1236 5327 et
1259 5290 1296 5328 ιι
1347 5290 1397 5329 c.
1429 5276 1512 5329 10.

386 5351 408 5377 ε
440 5338 607 5394 Cone.
635 5340 842 5396 Matisc.
872 5357 913 5404 ι,
942 5357 991 5395 c.
1025 5341 1075 5396 7.

380 5407 408 5446 tl
436 5407 596 5446 Finan]
649 5424 784 5446 nnnn
836 5425 867 5446 ιι
919 5411 985 5446 ΙΩ

383 5408 408 5446 ιι
436 5408 620 5531 Ejusd.
647 5424 803 5490 Smne.
836 5425 888 5464 c.
919 5411 1007 5492 l8.
1254 5485 1264 5496 ο
1467 5489 1476 5498 _

383 5489 408 5562 et
442 5493 566 5562 "ar.
597 5479 731 5534 Vide
757 5489 1001 5562 ποιλνιιι
1033 5481 1100 5536 cl.
1125 5481 1500 5562 J_._Sirmondt.

392 5545 408 5584 ί
442 5547 562 5600 Vid.
592 5563 744 5602 conc.
775 5565 829 5603 IV
855 5547 1041 5605 Carth.
1068 5568 1116 5606 c.
1147 5553 1232 5608 59.

388 5617 412 5654 ε
449 5616 614 5670 Cone.
647 5617 954 5674 Sardicens.
987 5635 1035 5674 c.
1065 5623 1117 5675 3.

383 5686 406 5723 ⁸³
439 5685 566 5740 Var.
593 5688 732 5757 apud
759 5689 976 5759 Dionys.
1008 5699 1062 5744 et
1088 5691 1210 5744 Isid.

1976 1853 2173 1922 quibus
2215 1868 2322 1907 non
2355 1853 2678 1922 occurrerit,
2706 1854 2847 1908 intra
2875 1855 3041 1910 alium
3086 1873 3328 1915 mensem
3373 1876 3548 1918 causa!

1974 1957 2087 1998 suae
2111 1941 2350 1997 dicenda:
2380 1941 2688 2016 [integram]
2730 1945 2925 2001 habeat
2970 1946 3314 2016 facultatem;
3361 1967 3547 2008 verum

1975 2040 2097 2100 post
2123 2046 2361 2088 mensem
2385 2034 2676 2090 secundum
2702 2037 2885 2092 tandiu
2916 2053 3022 2093 non
3049 2043 3431 2103 communicet.
3458 2048 3539 2101 do

1973 2129 2076 2172 nec
2113 2122 2394 2184 purgetur.
2435 2114 2494 2170 Si
2541 2123 2721 2171 autem
2750 2133 2852 2172 nec
2889 2122 2957 2174 ad
2986 2119 3275 2175 concilium
3303 2121 3556 2178 anniver-

1972 2205 2172 2262 sarium
2214 2202 2396 2276 (γαν.)
2425 2207 2747 2272 occurrerit,
2778 2215 2836 2262 ut
2859 2209 2942 2263 vel
2987 2211 3059 2266 ibi
3105 2225 3280 2268 causa:
3313 2229 3422 2269 suae
3449 2224 3557 2272 ter-

1972 2296 2266 2362 minentur,
2296 2298 2410 2368 ipse
2441 2288 2493 2352 in
2523 2313 2581 2353 se
2609 2299 2971 2357 damnationis
2997 2292 3324 2361 sententiain
3354 2309 3557 2366 dixisse

1967 2387 2254 2458 judicetur.
2289 2388 2553 2459 Tempore
2582 2406 2712 2446 sane
2752 2407 2859 2462 quo
2900 2410 3004 2449 non
3035 2399 3422 2465 communicat,
3453 2415 3558 2458 nee

1971 2478 2025 2532 in
2049 2494 2141 2532 sua
2165 2479 2319 2548 plebe
2359 2479 2610 2551 [ecclesia
2635 2483 2716 2535 vel
2742 2485 3004 2558 paroecia]
3029 2489 3410 2545 communicet.
3447 2491 3552 2552 Ac-

1970 2579 2191 2626 cusator
2248 2582 2428 2626 autem
2471 2572 2608 2641 ejus,
2659 2575 2706 2628 si
2756 2591 3032 2646 nunquam
3081 2579 3270 2636 diebus
3313 2583 3553 2638 dicenda:

1969 2679 2149 2719 causa:
2176 2663 2426 2730 defuerit,
2473 2683 2505 2720 a
2533 2669 2910 2723 communione
2939 2686 3045 2724 non
3085 2682 3447 2730 removeatur.
3494 2675 3551 2731 Si

1969 2769 2102 2810 vero
2150 2756 2441 2827 aliquando
2482 2757 2734 2825 defuerit,
2787 2758 3134 2831 [subtrahens
3170 2763 3250 2835 se]
3303 2767 3552 2822 restituta

1968 2845 1986 2918 (
1999 2845 2150 2917 Var.)
2185 2849 2564 2904 communione
2611 2851 2891 2920 episcopo,
2944 2853 3060 2923 ipse
3108 2865 3451 2911 removeatur
3496 2856 3550 2930 [a

1965 2940 2341 2994 communione
2375 2941 2717 3014 accusator];
2750 2941 2824 2996 ita
2858 2952 3059 3009 tamen,
3096 2954 3156 2999 ut
3183 2947 3284 3015 ipsi
3322 2948 3552 3004 donetur

1967 3031 2089 3102 [ipsi
2117 3047 2224 3087 non
2251 3034 2541 3106 adimatur]
2574 3034 2800 3091 facultas
2824 3051 3002 3092 causaa
3029 3041 3366 3110 peragendae,
3407 3043 3450 3096 si
3491 3058 3552 3098 se

1905 3113 2031 3177 Cad
2060 3122 2203 3177 diem
2232 3138 2519 3179 occurrere
2549 3124 2731 3196 (γαν.)
2764 3128 3018 3193 voluisse,
3055 3130 3150 3184 sed
3174 3146 3281 3186 non
3307 3133 3550 3202 potuisse

1962 3215 2292 3284 probaverit.
2318 3215 2396 3285 (Μ
2404 3215 2498 3270 ult.
2525 3235 2635 3272 var.
2667 3228 2715 3272 et
2737 3220 2978 3290 quadam
3001 3221 3154 3293 add.)
3175 3222 3263 3279 Ad
3283 3240 3546 3280 accusan-

1965 3303 2092 3359 dum
2123 3312 2300 3359 tamen
2324 3305 2407 3361 vel
2438 3309 2772 3375 arguendum
2800 3325 2868 3364 ne
2914 3311 3037 3380 quis
3067 3311 3408 3380 admittatur,
3440 3317 3543 3371 nisi

1962 3395 2054 3465 qui
2084 3396 2330 3466 proprias
2355 3413 2570 3464 causas,
2599 3415 2706 3454 non
2729 3409 2910 3455 tamen
2937 3402 3338 3459 ecclesiasticas
3366 3404 3551 3460 dicere

1962 3491 2213 3547 voluerit.
2247 3501 2275 3530 ιι
2305 3491 2362 3546 Si
2376 3494 2661 3565 presbyter
2682 3502 2777 3548 aut
2791 3493 3050 3550 diaconus
3066 3495 3268 3551 fuerint
3284 3499 3548 3561 accusati,

1962 3584 2218 3655 adjuncto
2246 3584 2350 3640 sibi
2370 3600 2439 3640 ex
2466 3585 2660 3640 vicinis
2687 3585 2820 3641 locis
2843 3584 2988 3657 [cum
3020 3587 3240 3656 proprio
3267 3587 3548 3659 episcopo]

1961 3673 2202 3747 legitimo
2239 3690 2468 3730 numero
2493 3675 2821 3747 collegarum
2865 3675 3024 3748 [quos
3053 3679 3122 3734 ab
3157 3679 3352 3734 eodem
3390 3694 3549 3734 accu-

1971 3769 2074 3822 sati
2100 3767 2401 3839 petierint,]
2430 3768 2483 3823 in
2511 3770 2816 3840 presbyteri
2851 3771 3070 3827 nomine
3099 3786 3217 3838 sex,
3243 3773 3297 3826 in
3336 3772 3548 3828 diaconi

1961 3866 2075 3913 tres
2097 3857 2335 3928 episcopi
2375 3858 2615 3927 ipsorum
2652 3874 2845 3916 causas
2871 3859 3184 3926 discutiant,
3215 3863 3404 3918 eadem
3433 3863 3548 3917 die-

1963 3962 2082 4001 rum
2109 3947 2194 4002 vel
2241 3947 2582 4014 dilationum,
2612 3956 2668 4004 et
2693 3965 2724 4004 a
2752 3951 3132 4006 communione
3160 3951 3548 4012 remotionum,

1960 4051 2014 4097 et
2039 4042 2373 4097 discussione
2400 4057 2778 4111 personarum,
2807 4043 2950 4097 inter
2976 4051 3322 4098 accusatores
3364 4051 3419 4097 et
3454 4058 3550 4097 eos

1960 4134 2052 4201 qui
2077 4142 2424 4199 accusantur,
2453 4132 2625 4189 forma
2653 4142 2888 4188 servata.
2920 4133 3269 4201 Reliquorum
3304 4131 3554 4204 [clerico-

1959 4221 2108 4288 rum]
2148 4232 2330 4277 autem
2378 4237 2572 4277 causas
2621 4223 2766 4278 solus
2808 4224 2973 4278 etiam
3003 4223 3288 4290 episcopus
3321 4220 3424 4275 loci
3463 4233 3557 4273 co-

1979 4305 2203 4366 gnoscat
2228 4303 2285 4349 et
2314 4295 2483 4349 finiat.

2637 4385 2710 4439 1E
2717 4403 2775 4439 ra
2813 4386 2899 4442 79.

2057 4493 2114 4549 Si
2153 4493 2437 4564 episcopus
2464 4492 2662 4547 clerico
2687 4491 2773 4546 vel
2809 4491 2946 4546 laico
2989 4492 3194 4546 crimen
3233 4490 3552 4563 injunxerit,

1984 4588 2281 4643 deducatur
2310 4587 2378 4641 ad
2403 4586 2794 4656 probationem.

2314 4697 2496 4753 Canon
2529 4697 2921 4768 Hipponiensis,
2951 4713 3058 4751 cera
3088 4697 3154 4751 67
3173 4704 3218 4749 ο.

2055 4810 2250 4867 Clerici
2289 4809 2568 4880 (Quazdam
2600 4807 2761 4879 add.)
2801 4808 3040 4863 accusati
3087 4823 3185 4879 pro
3227 4809 3474 4876 crimine,
3518 4820 3562 4871 si

1987 4900 2350 4957 innocentiam
2389 4914 2542 4953 suam
2576 4897 2844 4952 voluerint
2878 4913 3143 4964 asserere,
3184 4898 3327 4953 intra
3359 4914 3558 4954 annum

1987 4989 2555 5047 excommunicationis
2581 4990 2682 5043 hoc
2709 4987 2929 5043 faciant.
2963 4987 3020 5043 Si
3046 5003 3176 5044 vero
3197 4989 3336 5043 intra
3363 4999 3558 5043 annum

1987 5095 2206 5135 causam
2248 5094 2400 5135 suam
2436 5095 2542 5134 non
2573 5080 2918 5149 purgaverint
2945 5079 3197 5154 [purgare
3227 5086 3563 5148 contempse-

2069 5214 2082 5253 ί
2121 5210 2286 5266 Cone.
2322 5209 2478 5266 Sard.
2508 5225 2559 5266 c.
2588 5210 2642 5264 4.

2061 5279 2074 5330 i
2113 5281 2239 5336 Var.
2272 5281 2414 5351 apud
2440 5280 2658 5351 Dionys.
2687 5286 2743 5334 et
2769 5280 2894 5351 Isid.

2064 5352 2087 5420 κ
2117 5347 2322 5420 Ιιιιθιρξ
2349 5366 2447 5405 nec
2471 5347 2697 5420 ,Dionys.
2722 5365 2821 5404 nec
2839 5347 2969 5420 _ls_id.

2070 5419 2082 5456 ι
2117 5414 2315 5493 Interp.
2342 5414 2687 5493 necﬂDionjs.
2719 5414 2990 5493 nec_.lsid._
3215 5480 3254 5493 _
3322 5481 3336 5493 ‘
3402 5481 3415 5493 Δ
3441 5479 3462 5493 ⁸
3491 5480 3502 5493 .

2061 5502 2100 5528 τη
2127 5479 2292 5546 Cone.
2320 5507 2379 5546 ιιι
2417 5479 2670 5560 Carthag.
2718 5502 2767 5541 c.
2799 5486 2864 5551 7;
2893 5484 3012 5541 cod.
3043 5497 3165 5537 can.
3213 5480 3359 5538 Eccl.
3388 5479 3554 5537 Afric.

1993 5578 2041 5613 (τ’
2063 5559 2293 5704 1³9ζὶοιιιι.
2319 5645 2377 5704 ιιι
2401 5628 2586 5704 Carth.
2616 5643 2663 5682 c.
2689 5625 2761 5704 1;.
2780 5624 2898 5679 cod.
2929 5638 3128 5704 can._c.
3155 5621 3243 5678 20.

2067 5708 2089 5734 °
2129 5698 2293 5754 Cone.
2326 5698 2511 5754 Carth.
2535 5713 2591 5763 v,
2622 5711 2670 5750 c.
2698 5696 2794 5761 12;
2822 5710 2977 5750 conc.
2998 5693 3329 5760 Africanum,
3363 5707 3410 5749 c.
3436 5692 3522 5746 46.
