  <div class='ocr_page' id='page_1' title='image "/cluster/home/n/w/nwhite01/storage/ocr_20150623/99/hvd.32044023429921/525.png"; bbox 0 0 3924 6180; ppageno 0'>
   <div class='ocr_carea' id='block_1_1' title="bbox 367 344 504 404">
    <p class='ocr_par' dir='ltr' id='par_1_1' title="bbox 367 344 504 404">
     <span class='ocr_line' id='line_1_1' title="bbox 367 344 504 404; baseline -0.036 0"><span class='ocrx_word' id='word_1_1' title='bbox 367 344 504 404; x_wconf 71' lang='grc'><strong>1039</strong></span> 
     </span>
    </p>
   </div>
   <div class='ocr_carea' id='block_1_2' title="bbox 369 545 921 625">
    <p class='ocr_par' dir='ltr' id='par_1_2' title="bbox 369 545 921 625">
     <span class='ocr_line' id='line_1_2' title="bbox 369 545 921 625; baseline -0.018 -17"><span class='ocrx_word' id='word_1_2' title='bbox 369 545 627 625; x_wconf 80' lang='lat' dir='ltr'><strong>[penitus]</strong></span> <span class='ocrx_word' id='word_1_3' title='bbox 655 546 921 602; x_wconf 79' lang='lat' dir='ltr'><strong>audiatur.</strong></span> 
     </span>
    </p>
   </div>
   <div class='ocr_carea' id='block_1_3' title="bbox 693 631 1623 703">
    <p class='ocr_par' dir='ltr' id='par_1_3' title="bbox 693 631 1623 703">
     <span class='ocr_line' id='line_1_3' title="bbox 693 631 1623 703; baseline -0.008 -13"><span class='ocrx_word' id='word_1_4' title='bbox 693 634 874 690; x_wconf 83' lang='lat' dir='ltr'><strong>Canon</strong></span> <span class='ocrx_word' id='word_1_5' title='bbox 903 633 1349 703; x_wconf 78' lang='lat' dir='ltr'><strong>Cartltaginensis,</strong></span> <span class='ocrx_word' id='word_1_6' title='bbox 1381 647 1490 685; x_wconf 64' lang='lat' dir='ltr'><strong>aera</strong></span> <span class='ocrx_word' id='word_1_7' title='bbox 1523 631 1547 683; x_wconf 98' lang='grc'><strong>1</strong></span> <span class='ocrx_word' id='word_1_8' title='bbox 1575 643 1623 683; x_wconf 75' lang='grc' dir='ltr'>ι.</span> 
     </span>
    </p>
   </div>
   <div class='ocr_carea' id='block_1_4' title="bbox 438 720 1936 802">
    <p class='ocr_par' dir='ltr' id='par_1_4' title="bbox 438 720 1936 802">
     <span class='ocr_line' id='line_1_4' title="bbox 438 720 1936 802; baseline -0.009 -14"><span class='ocrx_word' id='word_1_9' title='bbox 438 733 498 788; x_wconf 84' lang='lat' dir='ltr'><strong>Si</strong></span> <span class='ocrx_word' id='word_1_10' title='bbox 521 731 645 802; x_wconf 86' lang='lat' dir='ltr'><strong>quis</strong></span> <span class='ocrx_word' id='word_1_11' title='bbox 663 729 1038 800; x_wconf 87' lang='lat' dir='ltr'><strong>episcoporum</strong></span> <span class='ocrx_word' id='word_1_12' title='bbox 1059 726 1142 779; x_wconf 85' lang='lat' dir='ltr'><strong>vel</strong></span> <span class='ocrx_word' id='word_1_13' title='bbox 1171 725 1488 779; x_wconf 85' lang='lat' dir='ltr'><strong>clericorurn</strong></span> <span class='ocrx_word' id='word_1_14' title='bbox 1513 722 1787 794; x_wconf 70' lang='lat' dir='ltr'><strong>(Quwdam</strong></span> <span class='ocrx_word' id='word_1_15' title='bbox 1811 720 1936 774; x_wconf 86' lang='lat' dir='ltr'><strong>add.</strong></span> 
     </span>
    </p>
   </div>
   <div class='ocr_carea' id='block_1_5' title="bbox 368 814 1945 894">
    <p class='ocr_par' dir='ltr' id='par_1_5' title="bbox 368 814 1945 894">
     <span class='ocr_line' id='line_1_5' title="bbox 368 814 1945 894; baseline -0.01 -14"><span class='ocrx_word' id='word_1_16' title='bbox 368 835 415 880; x_wconf 82' lang='lat' dir='ltr'><strong>et</strong></span> <span class='ocrx_word' id='word_1_17' title='bbox 438 822 594 894; x_wconf 66' lang='lat' dir='ltr'><strong>van),</strong></span> <span class='ocrx_word' id='word_1_18' title='bbox 624 821 813 877; x_wconf 87' lang='lat' dir='ltr'><strong>relicto</strong></span> <span class='ocrx_word' id='word_1_19' title='bbox 840 818 1208 874; x_wconf 88' lang='lat' dir='ltr'><strong>ecclesiastico</strong></span> <span class='ocrx_word' id='word_1_20' title='bbox 1229 815 1450 886; x_wconf 87' lang='lat' dir='ltr'><strong>judicio,</strong></span> <span class='ocrx_word' id='word_1_21' title='bbox 1478 814 1706 884; x_wconf 76' lang='lat' dir='ltr'><strong>publicis</strong></span> <span class='ocrx_word' id='word_1_22' title='bbox 1734 826 1792 868; x_wconf 86' lang='lat' dir='ltr'><strong>se</strong></span> <span class='ocrx_word' id='word_1_23' title='bbox 1816 827 1945 883; x_wconf 88' lang='lat' dir='ltr'><strong>pur-</strong></span> 
     </span>
    </p>
   </div>
   <div class='ocr_carea' id='block_1_6' title="bbox 369 903 1943 983">
    <p class='ocr_par' dir='ltr' id='par_1_6' title="bbox 369 903 1943 983">
     <span class='ocr_line' id='line_1_6' title="bbox 369 903 1943 983; baseline -0.008 -15"><span class='ocrx_word' id='word_1_24' title='bbox 369 928 499 983; x_wconf 86' lang='lat' dir='ltr'><strong>gare</strong></span> <span class='ocrx_word' id='word_1_25' title='bbox 528 910 758 965; x_wconf 84' lang='lat' dir='ltr'><strong>voluerit</strong></span> <span class='ocrx_word' id='word_1_26' title='bbox 781 907 1020 979; x_wconf 89' lang='lat' dir='ltr'><strong>judiciis,</strong></span> <span class='ocrx_word' id='word_1_27' title='bbox 1046 905 1259 961; x_wconf 88' lang='lat' dir='ltr'><strong>etiamsi</strong></span> <span class='ocrx_word' id='word_1_28' title='bbox 1288 920 1389 973; x_wconf 90' lang='lat' dir='ltr'><strong>pro</strong></span> <span class='ocrx_word' id='word_1_29' title='bbox 1417 904 1508 959; x_wconf 93' lang='lat' dir='ltr'><strong>illo</strong></span> <span class='ocrx_word' id='word_1_30' title='bbox 1533 903 1695 958; x_wconf 88' lang='lat' dir='ltr'><strong>fuerit</strong></span> <span class='ocrx_word' id='word_1_31' title='bbox 1735 903 1943 973; x_wconf 86' lang='lat' dir='ltr'><strong>prolata</strong></span> 
     </span>
    </p>
   </div>
   <div class='ocr_carea' id='block_1_7' title="bbox 371 994 1945 1067">
    <p class='ocr_par' dir='ltr' id='par_1_7' title="bbox 371 994 1945 1067">
     <span class='ocr_line' id='line_1_7' title="bbox 371 994 1945 1067; baseline -0.007 -8"><span class='ocrx_word' id='word_1_32' title='bbox 371 1003 664 1067; x_wconf 72' lang='lat' dir='ltr'><strong>sententia,</strong></span> <span class='ocrx_word' id='word_1_33' title='bbox 709 1001 885 1056; x_wconf 90' lang='lat' dir='ltr'><strong>locum</strong></span> <span class='ocrx_word' id='word_1_34' title='bbox 934 1013 1092 1053; x_wconf 90' lang='lat' dir='ltr'><strong>suum</strong></span> <span class='ocrx_word' id='word_1_35' title='bbox 1132 997 1377 1060; x_wconf 87' lang='lat' dir='ltr'><strong>amittat;</strong></span> <span class='ocrx_word' id='word_1_36' title='bbox 1423 996 1527 1050; x_wconf 88' lang='lat' dir='ltr'><strong>hoc</strong></span> <span class='ocrx_word' id='word_1_37' title='bbox 1575 996 1628 1049; x_wconf 90' lang='lat' dir='ltr'><strong>in</strong></span> <span class='ocrx_word' id='word_1_38' title='bbox 1676 994 1945 1049; x_wconf 89' lang='lat' dir='ltr'><strong>criminali</strong></span> 
     </span>
    </p>
   </div>
   <div class='ocr_carea' id='block_1_8' title="bbox 372 1084 1945 1159">
    <p class='ocr_par' dir='ltr' id='par_1_8' title="bbox 372 1084 1945 1159">
     <span class='ocr_line' id='line_1_8' title="bbox 372 1084 1945 1159; baseline -0.008 -9"><span class='ocrx_word' id='word_1_39' title='bbox 372 1110 553 1150; x_wconf 85' lang='lat' dir='ltr'><strong>causa.</strong></span> <span class='ocrx_word' id='word_1_40' title='bbox 577 1093 635 1147; x_wconf 91' lang='lat' dir='ltr'><strong>ln</strong></span> <span class='ocrx_word' id='word_1_41' title='bbox 660 1091 832 1146; x_wconf 90' lang='lat' dir='ltr'><strong>titulis</strong></span> <span class='ocrx_word' id='word_1_42' title='bbox 852 1104 980 1144; x_wconf 83' lang='lat' dir='ltr'><strong>vero</strong></span> <span class='ocrx_word' id='word_1_43' title='bbox 1004 1088 1195 1159; x_wconf 80' lang='lat' dir='ltr'><strong>perdat</strong></span> <span class='ocrx_word' id='word_1_44' title='bbox 1212 1087 1353 1156; x_wconf 92' lang='lat' dir='ltr'><strong>quod</strong></span> <span class='ocrx_word' id='word_1_45' title='bbox 1375 1086 1555 1151; x_wconf 79' lang='lat' dir='ltr'><strong>evicit,</strong></span> <span class='ocrx_word' id='word_1_46' title='bbox 1588 1094 1645 1139; x_wconf 94' lang='lat' dir='ltr'><strong>ut</strong></span> <span class='ocrx_word' id='word_1_47' title='bbox 1668 1084 1775 1156; x_wconf 87' lang='lat' dir='ltr'><strong>[cui</strong></span> <span class='ocrx_word' id='word_1_48' title='bbox 1801 1085 1945 1139; x_wconf 88' lang='lat' dir='ltr'><strong>enim</strong></span> 
     </span>
    </p>
   </div>
   <div class='ocr_carea' id='block_1_9' title="bbox 374 1174 1947 1255">
    <p class='ocr_par' dir='ltr' id='par_1_9' title="bbox 374 1174 1947 1255">
     <span class='ocr_line' id='line_1_9' title="bbox 374 1174 1947 1255; baseline -0.009 -13"><span class='ocrx_word' id='word_1_49' title='bbox 374 1187 440 1241; x_wconf 86' lang='lat' dir='ltr'><strong>ad</strong></span> <span class='ocrx_word' id='word_1_50' title='bbox 465 1184 737 1255; x_wconf 75' lang='lat' dir='ltr'><strong>eligendos</strong></span> <span class='ocrx_word' id='word_1_51' title='bbox 761 1179 990 1252; x_wconf 73' lang='lat' dir='ltr'><strong>iudices]</strong></span> <span class='ocrx_word' id='word_1_52' title='bbox 1016 1179 1249 1248; x_wconf 85' lang='lat' dir='ltr'><strong>undique</strong></span> <span class='ocrx_word' id='word_1_53' title='bbox 1274 1177 1527 1233; x_wconf 66' lang='lat' dir='ltr'><strong>Ecclesiae</strong></span> <span class='ocrx_word' id='word_1_54' title='bbox 1559 1174 1740 1246; x_wconf 74' lang='grc' dir='ltr'><strong>(ναν.)</strong></span> <span class='ocrx_word' id='word_1_55' title='bbox 1765 1182 1947 1244; x_wconf 87' lang='lat' dir='ltr'><strong>pateat</strong></span> 
     </span>
    </p>
   </div>
   <div class='ocr_carea' id='block_1_10' title="bbox 373 1262 1949 1342">
    <p class='ocr_par' dir='ltr' id='par_1_10' title="bbox 373 1262 1949 1342">
     <span class='ocr_line' id='line_1_10' title="bbox 373 1262 1949 1342; baseline -0.01 -11"><span class='ocrx_word' id='word_1_56' title='bbox 373 1275 687 1331; x_wconf 80' lang='lat' dir='ltr'><strong>auctoritas.</strong></span> <span class='ocrx_word' id='word_1_57' title='bbox 719 1272 837 1342; x_wconf 84' lang='lat' dir='ltr'><strong>ipse</strong></span> <span class='ocrx_word' id='word_1_58' title='bbox 860 1285 919 1325; x_wconf 87' lang='lat' dir='ltr'><strong>se</strong></span> <span class='ocrx_word' id='word_1_59' title='bbox 944 1268 1222 1339; x_wconf 80' lang='lat' dir='ltr'><strong>indignum</strong></span> <span class='ocrx_word' id='word_1_60' title='bbox 1249 1264 1489 1320; x_wconf 88' lang='lat' dir='ltr'><strong>fraterno</strong></span> <span class='ocrx_word' id='word_1_61' title='bbox 1513 1263 1788 1319; x_wconf 89' lang='lat' dir='ltr'><strong>consortio</strong></span> <span class='ocrx_word' id='word_1_62' title='bbox 1806 1262 1949 1330; x_wconf 85' lang='lat' dir='ltr'><strong>judi-</strong></span> 
     </span>
    </p>
   </div>
   <div class='ocr_carea' id='block_1_11' title="bbox 375 1354 1950 1436">
    <p class='ocr_par' dir='ltr' id='par_1_11' title="bbox 375 1354 1950 1436">
     <span class='ocr_line' id='line_1_11' title="bbox 375 1354 1950 1436; baseline -0.01 -13"><span class='ocrx_word' id='word_1_63' title='bbox 375 1380 491 1432; x_wconf 80' lang='lat' dir='ltr'><strong>cat,</strong></span> <span class='ocrx_word' id='word_1_64' title='bbox 532 1366 625 1436; x_wconf 88' lang='lat' dir='ltr'><strong>qui</strong></span> <span class='ocrx_word' id='word_1_65' title='bbox 666 1364 733 1420; x_wconf 92' lang='lat' dir='ltr'><strong>de</strong></span> <span class='ocrx_word' id='word_1_66' title='bbox 760 1360 1051 1418; x_wconf 85' lang='lat' dir='ltr'><strong>universali</strong></span> <span class='ocrx_word' id='word_1_67' title='bbox 1096 1358 1335 1414; x_wconf 85' lang='lat' dir='ltr'><strong>Ecclesia</strong></span> <span class='ocrx_word' id='word_1_68' title='bbox 1374 1357 1512 1411; x_wconf 85' lang='lat' dir='ltr'><strong>male</strong></span> <span class='ocrx_word' id='word_1_69' title='bbox 1555 1355 1858 1418; x_wconf 88' lang='lat' dir='ltr'><strong>sentiendo,</strong></span> <span class='ocrx_word' id='word_1_70' title='bbox 1884 1354 1950 1407; x_wconf 90' lang='lat' dir='ltr'><strong>de</strong></span> 
     </span>
    </p>
   </div>
   <div class='ocr_carea' id='block_1_12' title="bbox 375 1442 1953 1525">
    <p class='ocr_par' dir='ltr' id='par_1_12' title="bbox 375 1442 1953 1525">
     <span class='ocr_line' id='line_1_12' title="bbox 375 1442 1953 1525; baseline -0.011 -10"><span class='ocrx_word' id='word_1_71' title='bbox 375 1457 619 1514; x_wconf 64' lang='lat' dir='ltr'><strong>saculari</strong></span> <span class='ocrx_word' id='word_1_72' title='bbox 640 1453 844 1525; x_wconf 89' lang='lat' dir='ltr'><strong>judicio</strong></span> <span class='ocrx_word' id='word_1_73' title='bbox 870 1450 1046 1521; x_wconf 89' lang='lat' dir='ltr'><strong>poscit</strong></span> <span class='ocrx_word' id='word_1_74' title='bbox 1068 1448 1356 1513; x_wconf 81' lang='lat' dir='ltr'><strong>auxilium;</strong></span> <span class='ocrx_word' id='word_1_75' title='bbox 1384 1462 1508 1503; x_wconf 89' lang='lat' dir='ltr'><strong>cum</strong></span> <span class='ocrx_word' id='word_1_76' title='bbox 1530 1444 1818 1516; x_wconf 85' lang='lat' dir='ltr'><strong>Apostolus</strong></span> <span class='ocrx_word' id='word_1_77' title='bbox 1842 1442 1953 1515; x_wconf 85' lang='lat' dir='ltr'><strong>pri-</strong></span> 
     </span>
    </p>
   </div>
   <div class='ocr_carea' id='block_1_13' title="bbox 377 1535 1952 1604">
    <p class='ocr_par' dir='ltr' id='par_1_13' title="bbox 377 1535 1952 1604">
     <span class='ocr_line' id='line_1_13' title="bbox 377 1535 1952 1604; baseline -0.009 -2"><span class='ocrx_word' id='word_1_78' title='bbox 377 1558 625 1604; x_wconf 86' lang='lat' dir='ltr'><strong>vatorum</strong></span> <span class='ocrx_word' id='word_1_79' title='bbox 663 1544 1093 1601; x_wconf 85' lang='lat' dir='ltr'><strong>Christianorum</strong></span> <span class='ocrx_word' id='word_1_80' title='bbox 1122 1555 1310 1596; x_wconf 91' lang='lat' dir='ltr'><strong>causas</strong></span> <span class='ocrx_word' id='word_1_81' title='bbox 1333 1539 1400 1593; x_wconf 88' lang='lat' dir='ltr'><strong>ad</strong></span> <span class='ocrx_word' id='word_1_82' title='bbox 1430 1538 1725 1594; x_wconf 76' lang='lat' dir='ltr'><strong>Ecclesium</strong></span> <span class='ocrx_word' id='word_1_83' title='bbox 1753 1535 1952 1592; x_wconf 78' lang='lat' dir='ltr'><strong>deferri</strong></span> 
     </span>
    </p>
   </div>
   <div class='ocr_carea' id='block_1_14' title="bbox 379 1624 1953 1712">
    <p class='ocr_par' dir='ltr' id='par_1_14' title="bbox 379 1624 1953 1712">
     <span class='ocr_line' id='line_1_14' title="bbox 379 1624 1953 1712; baseline -0.01 -18"><span class='ocrx_word' id='word_1_84' title='bbox 379 1639 563 1712; x_wconf 86' lang='lat' dir='ltr'><strong>[atque</strong></span> <span class='ocrx_word' id='word_1_85' title='bbox 610 1636 685 1691; x_wconf 85' lang='lat' dir='ltr'><strong>ibi</strong></span> <span class='ocrx_word' id='word_1_86' title='bbox 732 1630 1101 1703; x_wconf 81' lang='lat' dir='ltr'><strong>determinari]</strong></span> <span class='ocrx_word' id='word_1_87' title='bbox 1145 1630 1438 1700; x_wconf 71' lang='lat' dir='ltr'><strong>praecipiat.</strong></span> <span class='ocrx_word' id='word_1_88' title='bbox 1485 1628 1638 1699; x_wconf 86' lang='lat' dir='ltr'><strong>(Can.</strong></span> <span class='ocrx_word' id='word_1_89' title='bbox 1671 1624 1781 1698; x_wconf 85' lang='grc'><strong>10.)</strong></span> <span class='ocrx_word' id='word_1_90' title='bbox 1824 1626 1882 1680; x_wconf 90' lang='lat' dir='ltr'><strong>Si</strong></span> <span class='ocrx_word' id='word_1_91' title='bbox 1921 1641 1953 1679; x_wconf 93' lang='lat' dir='ltr'><strong>a</strong></span> 
     </span>
    </p>
   </div>
   <div class='ocr_carea' id='block_1_15' title="bbox 1209 324 2735 394">
    <p class='ocr_par' dir='ltr' id='par_1_15' title="bbox 1209 324 2735 394">
     <span class='ocr_line' id='line_1_15' title="bbox 1209 324 2735 394; baseline -0.004 0"><span class='ocrx_word' id='word_1_92' title='bbox 1209 333 1525 394; x_wconf 69' lang='lat' dir='ltr'><strong>CANONES</strong></span> <span class='ocrx_word' id='word_1_93' title='bbox 1560 333 1842 393; x_wconf 78' lang='lat' dir='ltr'><strong>SEI.F.CT|</strong></span> <span class='ocrx_word' id='word_1_94' title='bbox 1877 330 1969 387; x_wconf 75' lang='lat' dir='ltr'><strong>EX</strong></span> <span class='ocrx_word' id='word_1_95' title='bbox 2011 327 2165 386; x_wconf 77' lang='lat' dir='ltr'><strong>VET.</strong></span> <span class='ocrx_word' id='word_1_96' title='bbox 2201 329 2356 388; x_wconf 73' lang='lat' dir='ltr'><strong>CAN.</strong></span> <span class='ocrx_word' id='word_1_97' title='bbox 2400 324 2735 388; x_wconf 80' lang='lat' dir='ltr'><strong>COLLECT.</strong></span> 
     </span>
    </p>
   </div>
   <div class='ocr_carea' id='block_1_16' title="bbox 364 448 2017 532">
    <p class='ocr_par' dir='ltr' id='par_1_16' title="bbox 364 448 2017 532">
     <span class='ocr_line' id='line_1_16' title="bbox 364 448 2017 532; baseline -0.01 -17"><span class='ocrx_word' id='word_1_98' title='bbox 364 458 528 532; x_wconf 85' lang='lat' dir='ltr'><strong>rint],</strong></span> <span class='ocrx_word' id='word_1_99' title='bbox 557 453 700 512; x_wconf 77' lang='lat' dir='ltr'><strong>nulla</strong></span> <span class='ocrx_word' id='word_1_100' title='bbox 725 468 913 511; x_wconf 87' lang='lat' dir='ltr'><strong>eorum</strong></span> <span class='ocrx_word' id='word_1_101' title='bbox 959 467 1062 509; x_wconf 83' lang='lat' dir='ltr'><strong>vox</strong></span> <span class='ocrx_word' id='word_1_102' title='bbox 1087 451 1284 525; x_wconf 83' lang='lat' dir='ltr'><strong>(Deest)</strong></span> <span class='ocrx_word' id='word_1_103' title='bbox 1329 454 1395 508; x_wconf 90' lang='lat' dir='ltr'><strong>de</strong></span> <span class='ocrx_word' id='word_1_104' title='bbox 1421 455 1522 507; x_wconf 88' lang='lat' dir='ltr'><strong>hac</strong></span> <span class='ocrx_word' id='word_1_105' title='bbox 1562 465 1723 507; x_wconf 89' lang='lat' dir='ltr'><strong>causa</strong></span> <span class='ocrx_word' id='word_1_106' title='bbox 1752 455 1935 528; x_wconf 67' lang='lat' dir='ltr'><strong>postea</strong></span> <span class='ocrx_word' id='word_1_107' title='bbox 1966 448 2017 507; x_wconf 75' lang='grc' dir='ltr'>Α</span> 
     </span>
    </p>
   </div>
   <div class='ocr_carea' id='block_1_17' title="bbox 3483 328 3623 387">
    <p class='ocr_par' dir='ltr' id='par_1_17' title="bbox 3483 328 3623 387">
     <span class='ocr_line' id='line_1_17' title="bbox 3483 328 3623 387; baseline 0.014 -2"><span class='ocrx_word' id='word_1_108' title='bbox 3483 328 3623 387; x_wconf 64' lang='grc' dir='ltr'>ιρις</span> 
     </span>
    </p>
   </div>
   <div class='ocr_carea' id='block_1_18' title="bbox 2681 444 2980 499">
    <p class='ocr_par' dir='ltr' id='par_1_18' title="bbox 2681 444 2980 499">
     <span class='ocr_line' id='line_1_18' title="bbox 2681 444 2980 499; baseline -0.007 0"><span class='ocrx_word' id='word_1_109' title='bbox 2681 444 2820 499; x_wconf 65' lang='grc' dir='ltr'><em>Ενα</em></span> <span class='ocrx_word' id='word_1_110' title='bbox 2846 444 2917 499; x_wconf 72' lang='grc'><strong>46</strong></span> <span class='ocrx_word' id='word_1_111' title='bbox 2937 455 2980 497; x_wconf 76' lang='grc' dir='ltr'><strong>ο.</strong></span> 
     </span>
    </p>
   </div>
   <div class='ocr_carea' id='block_1_19' title="bbox 2111 533 3630 609">
    <p class='ocr_par' dir='ltr' id='par_1_19' title="bbox 2111 533 3630 609">
     <span class='ocr_line' id='line_1_19' title="bbox 2111 533 3630 609; baseline 0.003 -20"><span class='ocrx_word' id='word_1_112' title='bbox 2111 533 2214 601; x_wconf 87' lang='lat' dir='ltr'><strong>Qui</strong></span> <span class='ocrx_word' id='word_1_113' title='bbox 2246 536 2554 605; x_wconf 90' lang='lat' dir='ltr'><strong>frequenter</strong></span> <span class='ocrx_word' id='word_1_114' title='bbox 2579 534 2772 605; x_wconf 81' lang='lat' dir='ltr'><strong>litigat,</strong></span> <span class='ocrx_word' id='word_1_115' title='bbox 2801 543 2858 590; x_wconf 91' lang='lat' dir='ltr'><strong>et</strong></span> <span class='ocrx_word' id='word_1_116' title='bbox 2887 534 2957 589; x_wconf 90' lang='lat' dir='ltr'><strong>ad</strong></span> <span class='ocrx_word' id='word_1_117' title='bbox 2978 538 3341 591; x_wconf 90' lang='lat' dir='ltr'><strong>accusandum</strong></span> <span class='ocrx_word' id='word_1_118' title='bbox 3370 534 3630 609; x_wconf 87' lang='lat' dir='ltr'><strong>[causan-</strong></span> 
     </span>
    </p>
   </div>
   <div class='ocr_carea' id='block_1_20' title="bbox 2041 628 3630 702">
    <p class='ocr_par' dir='ltr' id='par_1_20' title="bbox 2041 628 3630 702">
     <span class='ocr_line' id='line_1_20' title="bbox 2041 628 3630 702; baseline 0 -17"><span class='ocrx_word' id='word_1_119' title='bbox 2041 629 2202 702; x_wconf 90' lang='lat' dir='ltr'><strong>dum]</strong></span> <span class='ocrx_word' id='word_1_120' title='bbox 2256 630 2431 685; x_wconf 77' lang='lat' dir='ltr'><strong>facilis</strong></span> <span class='ocrx_word' id='word_1_121' title='bbox 2474 639 2589 695; x_wconf 89' lang='lat' dir='ltr'><strong>est,</strong></span> <span class='ocrx_word' id='word_1_122' title='bbox 2631 630 2748 701; x_wconf 88' lang='lat' dir='ltr'><strong>ejus</strong></span> <span class='ocrx_word' id='word_1_123' title='bbox 2796 628 3162 683; x_wconf 91' lang='lat' dir='ltr'><strong>testimonium</strong></span> <span class='ocrx_word' id='word_1_124' title='bbox 3214 644 3374 685; x_wconf 89' lang='lat' dir='ltr'><strong>nemo</strong></span> <span class='ocrx_word' id='word_1_125' title='bbox 3419 631 3630 701; x_wconf 80' lang='lat' dir='ltr'><strong>absque</strong></span> 
     </span>
    </p>
   </div>
   <div class='ocr_carea' id='block_1_21' title="bbox 2042 718 3242 797">
    <p class='ocr_par' dir='ltr' id='par_1_21' title="bbox 2042 718 3242 797">
     <span class='ocr_line' id='line_1_21' title="bbox 2042 718 3242 797; baseline -0.003 -21"><span class='ocrx_word' id='word_1_126' title='bbox 2042 722 2233 797; x_wconf 90' lang='lat' dir='ltr'><strong>grandi</strong></span> <span class='ocrx_word' id='word_1_127' title='bbox 2261 722 2659 777; x_wconf 79' lang='lat' dir='ltr'><strong>examinatione</strong></span> <span class='ocrx_word' id='word_1_128' title='bbox 2682 718 2974 793; x_wconf 85' lang='lat' dir='ltr'><strong>[examine]</strong></span> <span class='ocrx_word' id='word_1_129' title='bbox 2999 719 3242 788; x_wconf 81' lang='lat' dir='ltr'><strong>recipiat.</strong></span> 
     </span>
    </p>
   </div>
   <div class='ocr_carea' id='block_1_22' title="bbox 2724 810 2946 865">
    <p class='ocr_par' dir='ltr' id='par_1_22' title="bbox 2724 810 2946 865">
     <span class='ocr_line' id='line_1_22' title="bbox 2724 810 2946 865; baseline 0 -1"><span class='ocrx_word' id='word_1_130' title='bbox 2724 810 2864 864; x_wconf 50' lang='lat' dir='ltr'><strong>[Era</strong></span> <span class='ocrx_word' id='word_1_131' title='bbox 2895 811 2946 865; x_wconf 88' lang='grc'><strong>8.</strong></span> 
     </span>
    </p>
   </div>
   <div class='ocr_carea' id='block_1_23' title="bbox 2120 900 3635 969">
    <p class='ocr_par' dir='ltr' id='par_1_23' title="bbox 2120 900 3635 969">
     <span class='ocr_line' id='line_1_23' title="bbox 2120 900 3635 969; baseline 0.001 -13"><span class='ocrx_word' id='word_1_132' title='bbox 2120 902 2142 944; x_wconf 70' lang='grc' dir='ltr'><em>τ</em></span> <span class='ocrx_word' id='word_1_133' title='bbox 2165 902 2266 968; x_wconf 85' lang='lat' dir='ltr'><strong>Qui</strong></span> <span class='ocrx_word' id='word_1_134' title='bbox 2291 900 2582 969; x_wconf 84' lang='lat' dir='ltr'><strong>majoribus</strong></span> <span class='ocrx_word' id='word_1_135' title='bbox 2607 900 2902 955; x_wconf 86' lang='lat' dir='ltr'><strong>sceleribus</strong></span> <span class='ocrx_word' id='word_1_136' title='bbox 2928 901 3169 956; x_wconf 86' lang='lat' dir='ltr'><strong>irretitus</strong></span> <span class='ocrx_word' id='word_1_137' title='bbox 3192 909 3292 965; x_wconf 90' lang='lat' dir='ltr'><strong>est,</strong></span> <span class='ocrx_word' id='word_1_138' title='bbox 3316 915 3507 957; x_wconf 81' lang='lat' dir='ltr'><strong>vocem</strong></span> <span class='ocrx_word' id='word_1_139' title='bbox 3534 900 3635 957; x_wconf 83' lang='lat' dir='ltr'><strong>ad-</strong></span> 
     </span>
    </p>
   </div>
   <div class='ocr_carea' id='block_1_24' title="bbox 2046 990 3402 1068">
    <p class='ocr_par' dir='ltr' id='par_1_24' title="bbox 2046 990 3402 1068">
     <span class='ocr_line' id='line_1_24' title="bbox 2046 990 3402 1068; baseline -0.001 -21"><span class='ocrx_word' id='word_1_140' title='bbox 2046 1007 2263 1068; x_wconf 66' lang='lat' dir='ltr'><strong>versum</strong></span> <span class='ocrx_word' id='word_1_141' title='bbox 2291 992 2549 1063; x_wconf 87' lang='lat' dir='ltr'><strong>majorem</strong></span> <span class='ocrx_word' id='word_1_142' title='bbox 2576 997 2703 1045; x_wconf 87' lang='lat' dir='ltr'><strong>natu</strong></span> <span class='ocrx_word' id='word_1_143' title='bbox 2736 1005 2842 1045; x_wconf 90' lang='lat' dir='ltr'><strong>non</strong></span> <span class='ocrx_word' id='word_1_144' title='bbox 2869 990 3068 1046; x_wconf 90' lang='lat' dir='ltr'><strong>habeat</strong></span> <span class='ocrx_word' id='word_1_145' title='bbox 3090 992 3402 1047; x_wconf 86' lang='lat' dir='ltr'><strong>accusandi.</strong></span> 
     </span>
    </p>
   </div>
   <div class='ocr_carea' id='block_1_25' title="bbox 2418 1080 3253 1153">
    <p class='ocr_par' dir='ltr' id='par_1_25' title="bbox 2418 1080 3253 1153">
     <span class='ocr_line' id='line_1_25' title="bbox 2418 1080 3253 1153; baseline 0 -19"><span class='ocrx_word' id='word_1_146' title='bbox 2418 1080 2485 1134; x_wconf 84' lang='lat' dir='ltr'><strong>In</strong></span> <span class='ocrx_word' id='word_1_147' title='bbox 2516 1080 2732 1150; x_wconf 78' lang='lat' dir='ltr'><strong>epistola</strong></span> <span class='ocrx_word' id='word_1_148' title='bbox 2766 1084 2792 1122; x_wconf 71' lang='grc'>³</span> <span class='ocrx_word' id='word_1_149' title='bbox 2818 1080 3055 1136; x_wconf 72' lang='lat' dir='ltr'><strong>Silvestri</strong></span> <span class='ocrx_word' id='word_1_150' title='bbox 3082 1099 3253 1153; x_wconf 62' lang='lat' dir='ltr'><strong>paper.</strong></span> 
     </span>
    </p>
   </div>
   <div class='ocr_carea' id='block_1_26' title="bbox 2119 1171 3633 1242">
    <p class='ocr_par' dir='ltr' id='par_1_26' title="bbox 2119 1171 3633 1242">
     <span class='ocr_line' id='line_1_26' title="bbox 2119 1171 3633 1242; baseline 0.002 -14"><span class='ocrx_word' id='word_1_151' title='bbox 2119 1172 2378 1228; x_wconf 81' lang='lat' dir='ltr'><strong>Silvester</strong></span> <span class='ocrx_word' id='word_1_152' title='bbox 2403 1186 2539 1241; x_wconf 88' lang='lat' dir='ltr'><strong>papa</strong></span> <span class='ocrx_word' id='word_1_153' title='bbox 2567 1171 2619 1225; x_wconf 92' lang='lat' dir='ltr'><strong>in</strong></span> <span class='ocrx_word' id='word_1_154' title='bbox 2648 1172 2852 1242; x_wconf 81' lang='lat' dir='ltr'><strong>gremio</strong></span> <span class='ocrx_word' id='word_1_155' title='bbox 2879 1172 3069 1242; x_wconf 84' lang='lat' dir='ltr'><strong>synodi</strong></span> <span class='ocrx_word' id='word_1_156' title='bbox 3096 1172 3421 1229; x_wconf 89' lang='lat' dir='ltr'><strong>constitutus</strong></span> <span class='ocrx_word' id='word_1_157' title='bbox 3452 1175 3633 1231; x_wconf 82' lang='lat' dir='ltr'><strong>dixit:</strong></span> 
     </span>
    </p>
   </div>
   <div class='ocr_carea' id='block_1_27' title="bbox 2047 1260 3639 1333">
    <p class='ocr_par' dir='ltr' id='par_1_27' title="bbox 2047 1260 3639 1333">
     <span class='ocr_line' id='line_1_27' title="bbox 2047 1260 3639 1333; baseline 0.002 -14"><span class='ocrx_word' id='word_1_158' title='bbox 2047 1264 2338 1333; x_wconf 69' lang='lat' dir='ltr'><strong>Presbyter</strong></span> <span class='ocrx_word' id='word_1_159' title='bbox 2380 1262 2640 1317; x_wconf 83' lang='lat' dir='ltr'><strong>adversus</strong></span> <span class='ocrx_word' id='word_1_160' title='bbox 2681 1262 3021 1331; x_wconf 90' lang='lat' dir='ltr'><strong>episcopum,</strong></span> <span class='ocrx_word' id='word_1_161' title='bbox 3066 1260 3324 1319; x_wconf 89' lang='lat' dir='ltr'><strong>diaconus</strong></span> <span class='ocrx_word' id='word_1_162' title='bbox 3368 1264 3639 1322; x_wconf 81' lang='lat' dir='ltr'><strong>adversus</strong></span> 
     </span>
    </p>
   </div>
   <div class='ocr_carea' id='block_1_28' title="bbox 2049 1351 3639 1426">
    <p class='ocr_par' dir='ltr' id='par_1_28' title="bbox 2049 1351 3639 1426">
     <span class='ocr_line' id='line_1_28' title="bbox 2049 1351 3639 1426; baseline 0.003 -19"><span class='ocrx_word' id='word_1_163' title='bbox 2049 1354 2443 1426; x_wconf 85' lang='lat' dir='ltr'><strong>presbyterum,</strong></span> <span class='ocrx_word' id='word_1_164' title='bbox 2471 1353 2555 1407; x_wconf 89' lang='lat' dir='ltr'><strong>vel</strong></span> <span class='ocrx_word' id='word_1_165' title='bbox 2586 1353 2676 1407; x_wconf 84' lang='lat' dir='ltr'><strong>alii</strong></span> <span class='ocrx_word' id='word_1_166' title='bbox 2707 1351 2991 1408; x_wconf 90' lang='lat' dir='ltr'><strong>inferiores</strong></span> <span class='ocrx_word' id='word_1_167' title='bbox 3015 1354 3237 1410; x_wconf 88' lang='lat' dir='ltr'><strong>ordines</strong></span> <span class='ocrx_word' id='word_1_168' title='bbox 3258 1355 3520 1412; x_wconf 81' lang='lat' dir='ltr'><strong>adversus</strong></span> <span class='ocrx_word' id='word_1_169' title='bbox 3544 1373 3639 1412; x_wconf 78' lang='lat' dir='ltr'><strong>su-</strong></span> 
     </span>
    </p>
   </div>
   <div class='ocr_carea' id='block_1_29' title="bbox 2050 1441 3641 1519">
    <p class='ocr_par' dir='ltr' id='par_1_29' title="bbox 2050 1441 3641 1519">
     <span class='ocr_line' id='line_1_29' title="bbox 2050 1441 3641 1519; baseline 0.001 -18"><span class='ocrx_word' id='word_1_170' title='bbox 2050 1445 2293 1517; x_wconf 87' lang='lat' dir='ltr'><strong>periores</strong></span> <span class='ocrx_word' id='word_1_171' title='bbox 2312 1459 2420 1499; x_wconf 90' lang='lat' dir='ltr'><strong>non</strong></span> <span class='ocrx_word' id='word_1_172' title='bbox 2449 1444 2578 1499; x_wconf 89' lang='lat' dir='ltr'><strong>dent</strong></span> <span class='ocrx_word' id='word_1_173' title='bbox 2602 1444 3025 1499; x_wconf 86' lang='lat' dir='ltr'><strong>accusationem.</strong></span> <span class='ocrx_word' id='word_1_174' title='bbox 3059 1441 3369 1515; x_wconf 85' lang='lat' dir='ltr'><strong>(Paululum</strong></span> <span class='ocrx_word' id='word_1_175' title='bbox 3398 1448 3539 1519; x_wconf 77' lang='lat' dir='ltr'><strong>ear.)</strong></span> <span class='ocrx_word' id='word_1_176' title='bbox 3570 1449 3641 1504; x_wconf 84' lang='lat' dir='ltr'><strong>Et</strong></span> 
     </span>
    </p>
   </div>
   <div class='ocr_carea' id='block_1_30' title="bbox 2051 1536 3642 1607">
    <p class='ocr_par' dir='ltr' id='par_1_30' title="bbox 2051 1536 3642 1607">
     <span class='ocr_line' id='line_1_30' title="bbox 2051 1536 3642 1607; baseline 0.002 -15"><span class='ocrx_word' id='word_1_177' title='bbox 2051 1554 2161 1593; x_wconf 91' lang='lat' dir='ltr'><strong>non</strong></span> <span class='ocrx_word' id='word_1_178' title='bbox 2184 1538 2467 1592; x_wconf 85' lang='lat' dir='ltr'><strong>damnetur</strong></span> <span class='ocrx_word' id='word_1_179' title='bbox 2489 1552 2731 1592; x_wconf 90' lang='lat' dir='ltr'><strong>summus</strong></span> <span class='ocrx_word' id='word_1_180' title='bbox 2750 1536 2948 1607; x_wconf 74' lang='lat' dir='ltr'><strong>praesul</strong></span> <span class='ocrx_word' id='word_1_181' title='bbox 2970 1536 3074 1591; x_wconf 91' lang='lat' dir='ltr'><strong>nisi</strong></span> <span class='ocrx_word' id='word_1_182' title='bbox 3096 1552 3127 1590; x_wconf 90' lang='lat' dir='ltr'><strong>a</strong></span> <span class='ocrx_word' id='word_1_183' title='bbox 3147 1536 3216 1591; x_wconf 77' lang='grc'><strong>72</strong></span> <span class='ocrx_word' id='word_1_184' title='bbox 3240 1538 3499 1605; x_wconf 88' lang='lat' dir='ltr'><strong>testibus;</strong></span> <span class='ocrx_word' id='word_1_185' title='bbox 3529 1554 3642 1595; x_wconf 90' lang='lat' dir='ltr'><strong>non</strong></span> 
     </span>
    </p>
   </div>
   <div class='ocr_carea' id='block_1_31' title="bbox 2054 1630 3643 1702">
    <p class='ocr_par' dir='ltr' id='par_1_31' title="bbox 2054 1630 3643 1702">
     <span class='ocr_line' id='line_1_31' title="bbox 2054 1630 3643 1702; baseline 0.001 -17"><span class='ocrx_word' id='word_1_186' title='bbox 2054 1630 2340 1686; x_wconf 88' lang='lat' dir='ltr'><strong>damnetur</strong></span> <span class='ocrx_word' id='word_1_187' title='bbox 2367 1630 2648 1702; x_wconf 74' lang='lat' dir='ltr'><strong>presbyter</strong></span> <span class='ocrx_word' id='word_1_188' title='bbox 2671 1630 2775 1684; x_wconf 91' lang='lat' dir='ltr'><strong>nisi</strong></span> <span class='ocrx_word' id='word_1_189' title='bbox 2799 1645 2828 1683; x_wconf 90' lang='lat' dir='ltr'><strong>a</strong></span> <span class='ocrx_word' id='word_1_190' title='bbox 2854 1630 2923 1684; x_wconf 73' lang='grc'><strong>45</strong></span> <span class='ocrx_word' id='word_1_191' title='bbox 2949 1631 3206 1697; x_wconf 76' lang='lat' dir='ltr'><strong>testibus;</strong></span> <span class='ocrx_word' id='word_1_192' title='bbox 3233 1631 3494 1686; x_wconf 87' lang='lat' dir='ltr'><strong>diaconus</strong></span> <span class='ocrx_word' id='word_1_193' title='bbox 3517 1648 3643 1687; x_wconf 74' lang='lat' dir='ltr'><strong>car-</strong></span> 
     </span>
    </p>
   </div>
   <div class='ocr_carea' id='block_1_32' title="bbox 379 1716 3639 1800">
    <p class='ocr_par' dir='ltr' id='par_1_32' title="bbox 379 1716 3639 1800">
     <span class='ocr_line' id='line_1_32' title="bbox 379 1716 3639 1800; baseline -0.002 -17"><span class='ocrx_word' id='word_1_194' title='bbox 379 1730 785 1800; x_wconf 84' lang='lat' dir='ltr'><strong>quibuscunque</strong></span> <span class='ocrx_word' id='word_1_195' title='bbox 804 1722 1077 1795; x_wconf 78' lang='lat' dir='ltr'><strong>iudicibus</strong></span> <span class='ocrx_word' id='word_1_196' title='bbox 1115 1718 1516 1782; x_wconf 72' lang='lat' dir='ltr'><strong>ecclesiasticis,</strong></span> <span class='ocrx_word' id='word_1_197' title='bbox 1546 1717 1638 1772; x_wconf 72' lang='lat' dir='ltr'><strong>ubi</strong></span> <span class='ocrx_word' id='word_1_198' title='bbox 1668 1725 1755 1772; x_wconf 69' lang='lat' dir='ltr'><strong>est</strong></span> <span class='ocrx_word' id='word_1_199' title='bbox 1782 1716 1957 1786; x_wconf 72' lang='lat' dir='ltr'><strong>major</strong></span> <span class='ocrx_word' id='word_1_200' title='bbox 1985 1789 2026 1800; x_wconf 80' lang='lat'>_</span> <span class='ocrx_word' id='word_1_201' title='bbox 2055 1722 2179 1778; x_wconf 88' lang='lat' dir='ltr'><strong>dine</strong></span> <span class='ocrx_word' id='word_1_202' title='bbox 2216 1720 2541 1776; x_wconf 87' lang='lat' dir='ltr'><strong>constitutus</strong></span> <span class='ocrx_word' id='word_1_203' title='bbox 2570 1720 2722 1776; x_wconf 88' lang='lat' dir='ltr'><strong>urbis</strong></span> <span class='ocrx_word' id='word_1_204' title='bbox 2758 1719 2946 1775; x_wconf 63' lang='lat' dir='ltr'><strong>Romae</strong></span> <span class='ocrx_word' id='word_1_205' title='bbox 2980 1737 3088 1776; x_wconf 92' lang='lat' dir='ltr'><strong>non</strong></span> <span class='ocrx_word' id='word_1_206' title='bbox 3115 1721 3403 1776; x_wconf 89' lang='lat' dir='ltr'><strong>damnetur</strong></span> <span class='ocrx_word' id='word_1_207' title='bbox 3433 1723 3539 1776; x_wconf 80' lang='lat' dir='ltr'><strong>nisi</strong></span> <span class='ocrx_word' id='word_1_208' title='bbox 3582 1723 3639 1776; x_wconf 88' lang='lat' dir='ltr'><strong>in</strong></span> 
     </span>
    </p>
   </div>
   <div class='ocr_carea' id='block_1_33' title="bbox 381 1789 3643 1891">
    <p class='ocr_par' dir='ltr' id='par_1_33' title="bbox 381 1789 3643 1891">
     <span class='ocr_line' id='line_1_33' title="bbox 381 1789 3643 1891; baseline -0.003 -10"><span class='ocrx_word' id='word_1_209' title='bbox 381 1789 562 1884; x_wconf 53' lang='lat' dir='ltr'><strong>causa.</strong></span> <span class='ocrx_word' id='word_1_210' title='bbox 601 1789 765 1872; x_wconf 52' lang='grc' dir='ltr'><strong>Ῑιιθίὶῑ</strong></span> <span class='ocrx_word' id='word_1_211' title='bbox 805 1789 1189 1885; x_wconf 65' lang='lat' dir='ltr'><strong>provocatum.</strong></span> <span class='ocrx_word' id='word_1_212' title='bbox 1238 1825 1345 1865; x_wconf 75' lang='lat' dir='ltr'><strong>non</strong></span> <span class='ocrx_word' id='word_1_213' title='bbox 1384 1809 1464 1864; x_wconf 72' lang='lat' dir='ltr'><strong>eis</strong></span> <span class='ocrx_word' id='word_1_214' title='bbox 1506 1808 1679 1873; x_wconf 69' lang='grc' dir='ltr'><strong>οῢδίῐν</strong></span> <span class='ocrx_word' id='word_1_215' title='bbox 1722 1822 1953 1877; x_wconf 65' lang='lat' dir='ltr'><strong>quorum</strong></span> <span class='ocrx_word' id='word_1_216' title='bbox 1982 1789 2029 1849; x_wconf 67' lang='lat' dir='ltr'><strong>B</strong></span> <span class='ocrx_word' id='word_1_217' title='bbox 2056 1815 2126 1870; x_wconf 89' lang='grc'><strong>56</strong></span> <span class='ocrx_word' id='word_1_218' title='bbox 2147 1814 2403 1880; x_wconf 88' lang='lat' dir='ltr'><strong>testibus;</strong></span> <span class='ocrx_word' id='word_1_219' title='bbox 2434 1813 2792 1868; x_wconf 88' lang='lat' dir='ltr'><strong>subdiaconus</strong></span> <span class='ocrx_word' id='word_1_220' title='bbox 2810 1813 2895 1868; x_wconf 87' lang='lat' dir='ltr'><strong>vel</strong></span> <span class='ocrx_word' id='word_1_221' title='bbox 2919 1812 3010 1868; x_wconf 89' lang='lat' dir='ltr'><strong>alii</strong></span> <span class='ocrx_word' id='word_1_222' title='bbox 3038 1813 3272 1891; x_wconf 82' lang='lat' dir='ltr'><strong>minores</strong></span> <span class='ocrx_word' id='word_1_223' title='bbox 3292 1814 3512 1869; x_wconf 86' lang='lat' dir='ltr'><strong>ordines</strong></span> <span class='ocrx_word' id='word_1_224' title='bbox 3529 1830 3643 1870; x_wconf 87' lang='lat' dir='ltr'><strong>non</strong></span> 
     </span>
    </p>
   </div>
   <div class='ocr_carea' id='block_1_34' title="bbox 382 1899 1954 1970">
    <p class='ocr_par' dir='ltr' id='par_1_34' title="bbox 382 1899 1954 1970">
     <span class='ocr_line' id='line_1_34' title="bbox 382 1899 1954 1970; baseline -0.01 -3"><span class='ocrx_word' id='word_1_225' title='bbox 382 1911 545 1967; x_wconf 86' lang='lat' dir='ltr'><strong>fuerit</strong></span> <span class='ocrx_word' id='word_1_226' title='bbox 591 1908 765 1964; x_wconf 84' lang='lat' dir='ltr'><strong>soluta</strong></span> <span class='ocrx_word' id='word_1_227' title='bbox 809 1904 1106 1969; x_wconf 83' lang='lat' dir='ltr'><strong>sententia;</strong></span> <span class='ocrx_word' id='word_1_228' title='bbox 1140 1902 1183 1958; x_wconf 88' lang='lat' dir='ltr'><strong>si</strong></span> <span class='ocrx_word' id='word_1_229' title='bbox 1224 1900 1469 1957; x_wconf 89' lang='lat' dir='ltr'><strong>convinci</strong></span> <span class='ocrx_word' id='word_1_230' title='bbox 1501 1915 1606 1954; x_wconf 92' lang='lat' dir='ltr'><strong>non</strong></span> <span class='ocrx_word' id='word_1_231' title='bbox 1648 1899 1954 1970; x_wconf 85' lang='lat' dir='ltr'><strong>potuerint,</strong></span> 
     </span>
    </p>
   </div>
   <div class='ocr_carea' id='block_1_35' title="bbox 384 1988 1959 2065">
    <p class='ocr_par' dir='ltr' id='par_1_35' title="bbox 384 1988 1959 2065">
     <span class='ocr_line' id='line_1_35' title="bbox 384 1988 1959 2065; baseline -0.01 -8"><span class='ocrx_word' id='word_1_232' title='bbox 384 2003 465 2057; x_wconf 81' lang='lat' dir='ltr'><strong>vel</strong></span> <span class='ocrx_word' id='word_1_233' title='bbox 512 1999 732 2055; x_wconf 84' lang='lat' dir='ltr'><strong>inimico</strong></span> <span class='ocrx_word' id='word_1_234' title='bbox 777 1996 958 2051; x_wconf 90' lang='lat' dir='ltr'><strong>animo</strong></span> <span class='ocrx_word' id='word_1_235' title='bbox 980 1994 1269 2065; x_wconf 78' lang='lat' dir='ltr'><strong>judicasse,</strong></span> <span class='ocrx_word' id='word_1_236' title='bbox 1297 1991 1380 2044; x_wconf 90' lang='lat' dir='ltr'><strong>vel</strong></span> <span class='ocrx_word' id='word_1_237' title='bbox 1426 1990 1602 2059; x_wconf 86' lang='lat' dir='ltr'><strong>aliqua</strong></span> <span class='ocrx_word' id='word_1_238' title='bbox 1647 1988 1959 2058; x_wconf 85' lang='lat' dir='ltr'><strong>cupiditatis</strong></span> 
     </span>
    </p>
   </div>
   <div class='ocr_carea' id='block_1_36' title="bbox 383 2078 1957 2164">
    <p class='ocr_par' dir='ltr' id='par_1_36' title="bbox 383 2078 1957 2164">
     <span class='ocr_line' id='line_1_36' title="bbox 383 2078 1957 2164; baseline -0.01 -17"><span class='ocrx_word' id='word_1_239' title='bbox 383 2091 550 2164; x_wconf 85' lang='lat' dir='ltr'><strong>gratia</strong></span> <span class='ocrx_word' id='word_1_240' title='bbox 588 2088 697 2161; x_wconf 85' lang='lat' dir='ltr'><strong>[vel</strong></span> <span class='ocrx_word' id='word_1_241' title='bbox 739 2087 917 2155; x_wconf 86' lang='lat' dir='ltr'><strong>aliqua</strong></span> <span class='ocrx_word' id='word_1_242' title='bbox 958 2084 1251 2153; x_wconf 85' lang='lat' dir='ltr'><strong>cupiditate</strong></span> <span class='ocrx_word' id='word_1_243' title='bbox 1291 2081 1375 2135; x_wconf 79' lang='lat' dir='ltr'><strong>vel</strong></span> <span class='ocrx_word' id='word_1_244' title='bbox 1424 2079 1619 2152; x_wconf 87' lang='lat' dir='ltr'><strong>gratia]</strong></span> <span class='ocrx_word' id='word_1_245' title='bbox 1658 2078 1957 2149; x_wconf 85' lang='lat' dir='ltr'><strong>depravati.</strong></span> 
     </span>
    </p>
   </div>
   <div class='ocr_carea' id='block_1_37' title="bbox 384 2170 1959 2246">
    <p class='ocr_par' dir='ltr' id='par_1_37' title="bbox 384 2170 1959 2246">
     <span class='ocr_line' id='line_1_37' title="bbox 384 2170 1959 2246; baseline -0.01 -8"><span class='ocrx_word' id='word_1_246' title='bbox 384 2184 528 2238; x_wconf 83' lang='lat' dir='ltr'><strong>Sane</strong></span> <span class='ocrx_word' id='word_1_247' title='bbox 554 2182 601 2236; x_wconf 91' lang='lat' dir='ltr'><strong>si</strong></span> <span class='ocrx_word' id='word_1_248' title='bbox 645 2195 713 2235; x_wconf 88' lang='lat' dir='ltr'><strong>ex</strong></span> <span class='ocrx_word' id='word_1_249' title='bbox 742 2191 1006 2234; x_wconf 90' lang='lat' dir='ltr'><strong>consensu</strong></span> <span class='ocrx_word' id='word_1_250' title='bbox 1034 2174 1268 2246; x_wconf 90' lang='lat' dir='ltr'><strong>partium</strong></span> <span class='ocrx_word' id='word_1_251' title='bbox 1300 2172 1508 2242; x_wconf 89' lang='lat' dir='ltr'><strong>judices</strong></span> <span class='ocrx_word' id='word_1_252' title='bbox 1535 2172 1694 2226; x_wconf 88' lang='lat' dir='ltr'><strong>electi</strong></span> <span class='ocrx_word' id='word_1_253' title='bbox 1738 2170 1959 2235; x_wconf 88' lang='lat' dir='ltr'><strong>fuerint,</strong></span> 
     </span>
    </p>
   </div>
   <div class='ocr_carea' id='block_1_38' title="bbox 385 2262 1964 2338">
    <p class='ocr_par' dir='ltr' id='par_1_38' title="bbox 385 2262 1964 2338">
     <span class='ocr_line' id='line_1_38' title="bbox 385 2262 1964 2338; baseline -0.009 -8"><span class='ocrx_word' id='word_1_254' title='bbox 385 2272 595 2330; x_wconf 83' lang='lat' dir='ltr'><strong>etiamsi</strong></span> <span class='ocrx_word' id='word_1_255' title='bbox 623 2271 713 2338; x_wconf 80' lang='lat' dir='ltr'><strong>hic</strong></span> <span class='ocrx_word' id='word_1_256' title='bbox 752 2268 932 2323; x_wconf 92' lang='lat' dir='ltr'><strong>minus</strong></span> <span class='ocrx_word' id='word_1_257' title='bbox 969 2266 1234 2335; x_wconf 86' lang='lat' dir='ltr'><strong>habeatur</strong></span> <span class='ocrx_word' id='word_1_258' title='bbox 1277 2263 1463 2335; x_wconf 91' lang='lat' dir='ltr'><strong>[etiam</strong></span> <span class='ocrx_word' id='word_1_259' title='bbox 1507 2277 1538 2317; x_wconf 87' lang='lat' dir='ltr'><strong>a</strong></span> <span class='ocrx_word' id='word_1_260' title='bbox 1585 2262 1836 2331; x_wconf 89' lang='lat' dir='ltr'><strong>pauciore</strong></span> <span class='ocrx_word' id='word_1_261' title='bbox 1865 2276 1964 2316; x_wconf 84' lang='lat' dir='ltr'><strong>nu-</strong></span> 
     </span>
    </p>
   </div>
   <div class='ocr_carea' id='block_1_39' title="bbox 387 2351 1962 2432">
    <p class='ocr_par' dir='ltr' id='par_1_39' title="bbox 387 2351 1962 2432">
     <span class='ocr_line' id='line_1_39' title="bbox 387 2351 1962 2432; baseline -0.009 -12"><span class='ocrx_word' id='word_1_262' title='bbox 387 2376 555 2427; x_wconf 81' lang='lat' dir='ltr'><strong>mero,</strong></span> <span class='ocrx_word' id='word_1_263' title='bbox 579 2375 739 2432; x_wconf 85' lang='lat' dir='ltr'><strong>quam</strong></span> <span class='ocrx_word' id='word_1_264' title='bbox 764 2358 1115 2415; x_wconf 89' lang='lat' dir='ltr'><strong>constitutum</strong></span> <span class='ocrx_word' id='word_1_265' title='bbox 1157 2362 1261 2420; x_wconf 86' lang='lat' dir='ltr'><strong>est,</strong></span> <span class='ocrx_word' id='word_1_266' title='bbox 1290 2369 1396 2410; x_wconf 90' lang='lat' dir='ltr'><strong>non</strong></span> <span class='ocrx_word' id='word_1_267' title='bbox 1436 2354 1596 2409; x_wconf 88' lang='lat' dir='ltr'><strong>liceat</strong></span> <span class='ocrx_word' id='word_1_268' title='bbox 1622 2351 1962 2425; x_wconf 87' lang='lat' dir='ltr'><strong>provocari],</strong></span> 
     </span>
    </p>
   </div>
   <div class='ocr_carea' id='block_1_40' title="bbox 388 2446 1968 2515">
    <p class='ocr_par' dir='ltr' id='par_1_40' title="bbox 388 2446 1968 2515">
     <span class='ocr_line' id='line_1_40' title="bbox 388 2446 1968 2515; baseline -0.008 -4"><span class='ocrx_word' id='word_1_269' title='bbox 388 2464 535 2511; x_wconf 81' lang='lat' dir='ltr'><strong>recte</strong></span> <span class='ocrx_word' id='word_1_270' title='bbox 559 2452 625 2508; x_wconf 92' lang='lat' dir='ltr'><strong>ad</strong></span> <span class='ocrx_word' id='word_1_271' title='bbox 655 2450 1050 2507; x_wconf 85' lang='lat' dir='ltr'><strong>accusationem</strong></span> <span class='ocrx_word' id='word_1_272' title='bbox 1084 2462 1190 2504; x_wconf 91' lang='lat' dir='ltr'><strong>non</strong></span> <span class='ocrx_word' id='word_1_273' title='bbox 1211 2446 1516 2501; x_wconf 88' lang='lat' dir='ltr'><strong>admittitur</strong></span> <span class='ocrx_word' id='word_1_274' title='bbox 1543 2446 1635 2515; x_wconf 90' lang='lat' dir='ltr'><strong>qui</strong></span> <span class='ocrx_word' id='word_1_275' title='bbox 1654 2459 1968 2501; x_wconf 90' lang='lat' dir='ltr'><strong>excommu-</strong></span> 
     </span>
    </p>
   </div>
   <div class='ocr_carea' id='block_1_41' title="bbox 392 2551 733 2607">
    <p class='ocr_par' dir='ltr' id='par_1_41' title="bbox 392 2551 733 2607">
     <span class='ocr_line' id='line_1_41' title="bbox 392 2551 733 2607; baseline -0.018 -1"><span class='ocrx_word' id='word_1_276' title='bbox 392 2551 604 2607; x_wconf 86' lang='lat' dir='ltr'><strong>nicatus</strong></span> <span class='ocrx_word' id='word_1_277' title='bbox 630 2554 733 2602; x_wconf 89' lang='lat' dir='ltr'><strong>est.</strong></span> 
     </span>
    </p>
   </div>
   <div class='ocr_carea' id='block_1_42' title="bbox 1048 2633 1317 2689">
    <p class='ocr_par' dir='ltr' id='par_1_42' title="bbox 1048 2633 1317 2689">
     <span class='ocr_line' id='line_1_42' title="bbox 1048 2633 1317 2689; baseline -0.007 0"><span class='ocrx_word' id='word_1_278' title='bbox 1048 2634 1187 2689; x_wconf 61' lang='lat' dir='ltr'><strong>xEra</strong></span> <span class='ocrx_word' id='word_1_279' title='bbox 1212 2633 1317 2688; x_wconf 64' lang='grc' dir='ltr'><strong>ΞΒ.</strong></span> 
     </span>
    </p>
   </div>
   <div class='ocr_carea' id='block_1_43' title="bbox 456 2723 1967 2791">
    <p class='ocr_par' dir='ltr' id='par_1_43' title="bbox 456 2723 1967 2791">
     <span class='ocr_line' id='line_1_43' title="bbox 456 2723 1967 2791; baseline -0.01 -3"><span class='ocrx_word' id='word_1_280' title='bbox 456 2732 664 2788; x_wconf 85' lang='lat' dir='ltr'><strong>Liberti</strong></span> <span class='ocrx_word' id='word_1_281' title='bbox 688 2743 794 2784; x_wconf 89' lang='lat' dir='ltr'><strong>non</strong></span> <span class='ocrx_word' id='word_1_282' title='bbox 817 2726 1189 2790; x_wconf 89' lang='lat' dir='ltr'><strong>admittantur,</strong></span> <span class='ocrx_word' id='word_1_283' title='bbox 1202 2733 1263 2779; x_wconf 93' lang='lat' dir='ltr'><strong>ut</strong></span> <span class='ocrx_word' id='word_1_284' title='bbox 1283 2723 1528 2779; x_wconf 91' lang='lat' dir='ltr'><strong>dominos</strong></span> <span class='ocrx_word' id='word_1_285' title='bbox 1547 2737 1674 2791; x_wconf 77' lang='lat' dir='ltr'><strong>suos</strong></span> <span class='ocrx_word' id='word_1_286' title='bbox 1694 2727 1967 2784; x_wconf 89' lang='lat' dir='ltr'><strong>accusent,</strong></span> 
     </span>
    </p>
   </div>
   <div class='ocr_carea' id='block_1_44' title="bbox 393 2809 1972 2888">
    <p class='ocr_par' dir='ltr' id='par_1_44' title="bbox 393 2809 1972 2888">
     <span class='ocr_line' id='line_1_44' title="bbox 393 2809 1972 2888; baseline -0.01 -10"><span class='ocrx_word' id='word_1_287' title='bbox 393 2839 491 2880; x_wconf 86' lang='lat' dir='ltr'><strong>nec</strong></span> <span class='ocrx_word' id='word_1_288' title='bbox 514 2836 705 2878; x_wconf 88' lang='lat' dir='ltr'><strong>omnes</strong></span> <span class='ocrx_word' id='word_1_289' title='bbox 729 2833 866 2888; x_wconf 90' lang='lat' dir='ltr'><strong>quos</strong></span> <span class='ocrx_word' id='word_1_290' title='bbox 894 2816 961 2871; x_wconf 88' lang='lat' dir='ltr'><strong>ad</strong></span> <span class='ocrx_word' id='word_1_291' title='bbox 987 2813 1289 2870; x_wconf 87' lang='lat' dir='ltr'><strong>accusanda</strong></span> <span class='ocrx_word' id='word_1_292' title='bbox 1314 2812 1538 2868; x_wconf 85' lang='lat' dir='ltr'><strong>crimina</strong></span> <span class='ocrx_word' id='word_1_293' title='bbox 1569 2809 1800 2880; x_wconf 78' lang='lat' dir='ltr'><strong>publicae</strong></span> <span class='ocrx_word' id='word_1_294' title='bbox 1828 2809 1972 2879; x_wconf 87' lang='lat' dir='ltr'><strong>leges</strong></span> 
     </span>
    </p>
   </div>
   <div class='ocr_carea' id='block_1_45' title="bbox 395 2900 1972 2977">
    <p class='ocr_par' dir='ltr' id='par_1_45' title="bbox 395 2900 1972 2977">
     <span class='ocr_line' id='line_1_45' title="bbox 395 2900 1972 2977; baseline -0.012 -3"><span class='ocrx_word' id='word_1_295' title='bbox 395 2900 500 2974; x_wconf 90' lang='lat' dir='ltr'><strong>non</strong></span> <span class='ocrx_word' id='word_1_296' title='bbox 528 2915 839 2977; x_wconf 88' lang='lat' dir='ltr'><strong>admittunt,</strong></span> <span class='ocrx_word' id='word_1_297' title='bbox 870 2918 923 2966; x_wconf 92' lang='lat' dir='ltr'><strong>et</strong></span> <span class='ocrx_word' id='word_1_298' title='bbox 947 2921 1137 2965; x_wconf 91' lang='lat' dir='ltr'><strong>omnes</strong></span> <span class='ocrx_word' id='word_1_299' title='bbox 1165 2907 1331 2962; x_wconf 87' lang='lat' dir='ltr'><strong>etiam</strong></span> <span class='ocrx_word' id='word_1_300' title='bbox 1353 2920 1489 2975; x_wconf 90' lang='lat' dir='ltr'><strong>quos</strong></span> <span class='ocrx_word' id='word_1_301' title='bbox 1516 2901 1731 2958; x_wconf 83' lang='lat' dir='ltr'><strong>infamis</strong></span> <span class='ocrx_word' id='word_1_302' title='bbox 1761 2902 1972 2957; x_wconf 89' lang='lat' dir='ltr'><strong>macula</strong></span> 
     </span>
    </p>
   </div>
   <div class='ocr_carea' id='block_1_46' title="bbox 394 2991 1973 3081">
    <p class='ocr_par' dir='ltr' id='par_1_46' title="bbox 394 2991 1973 3081">
     <span class='ocr_line' id='line_1_46' title="bbox 394 2991 1973 3081; baseline -0.011 -17"><span class='ocrx_word' id='word_1_303' title='bbox 394 3009 651 3081; x_wconf 84' lang='lat' dir='ltr'><strong>aspersit,</strong></span> <span class='ocrx_word' id='word_1_304' title='bbox 680 3004 734 3060; x_wconf 90' lang='lat' dir='ltr'><strong>id</strong></span> <span class='ocrx_word' id='word_1_305' title='bbox 771 3011 854 3059; x_wconf 89' lang='lat' dir='ltr'><strong>est</strong></span> <span class='ocrx_word' id='word_1_306' title='bbox 898 2996 1253 3074; x_wconf 83' lang='lat' dir='ltr'><strong>[histriones]</strong></span> <span class='ocrx_word' id='word_1_307' title='bbox 1286 2994 1711 3067; x_wconf 87' lang='lat' dir='ltr'><strong>turpitudinibus</strong></span> <span class='ocrx_word' id='word_1_308' title='bbox 1742 2991 1973 3063; x_wconf 87' lang='lat' dir='ltr'><strong>subjecti</strong></span> 
     </span>
    </p>
   </div>
   <div class='ocr_carea' id='block_1_47' title="bbox 395 3086 2050 3196">
    <p class='ocr_par' dir='ltr' id='par_1_47' title="bbox 395 3086 2050 3196">
     <span class='ocr_line' id='line_1_47' title="bbox 395 3086 2050 3196; baseline -0.013 -38"><span class='ocrx_word' id='word_1_309' title='bbox 395 3102 671 3176; x_wconf 60' lang='lat' dir='ltr'><strong>(subjecta:</strong></span> <span class='ocrx_word' id='word_1_310' title='bbox 696 3093 997 3169; x_wconf 65' lang='lat' dir='ltr'><strong>personae];</strong></span> <span class='ocrx_word' id='word_1_311' title='bbox 1040 3106 1142 3147; x_wconf 92' lang='lat' dir='ltr'><strong>nec</strong></span> <span class='ocrx_word' id='word_1_312' title='bbox 1166 3088 1429 3152; x_wconf 80' lang='lat' dir='ltr'><strong>haeretici,</strong></span> <span class='ocrx_word' id='word_1_313' title='bbox 1459 3087 1573 3143; x_wconf 86' lang='lat' dir='ltr'><strong>sive</strong></span> <span class='ocrx_word' id='word_1_314' title='bbox 1614 3086 1846 3157; x_wconf 80' lang='lat' dir='ltr'><strong>pagani,</strong></span> <span class='ocrx_word' id='word_1_315' title='bbox 1881 3092 1975 3138; x_wconf 84' lang='lat' dir='ltr'><strong>aut</strong></span> <span class='ocrx_word' id='word_1_316' title='bbox 2000 3131 2050 3196; x_wconf 68' lang='grc' dir='ltr'><strong>ϐ</strong></span> 
     </span>
    </p>
   </div>
   <div class='ocr_carea' id='block_1_48' title="bbox 396 3178 1968 3258">
    <p class='ocr_par' dir='ltr' id='par_1_48' title="bbox 396 3178 1968 3258">
     <span class='ocr_line' id='line_1_48' title="bbox 396 3178 1968 3258; baseline -0.012 -6"><span class='ocrx_word' id='word_1_317' title='bbox 396 3194 581 3252; x_wconf 67' lang='grc' dir='ltr'>Ιιιιιωὶ.</span> <span class='ocrx_word' id='word_1_318' title='bbox 607 3192 714 3247; x_wconf 86' lang='lat' dir='ltr'><strong>Sed</strong></span> <span class='ocrx_word' id='word_1_319' title='bbox 757 3197 936 3244; x_wconf 86' lang='lat' dir='ltr'><strong>tamen</strong></span> <span class='ocrx_word' id='word_1_320' title='bbox 962 3184 1147 3258; x_wconf 67' lang='lat' dir='ltr'><strong>(Van)</strong></span> <span class='ocrx_word' id='word_1_321' title='bbox 1172 3184 1227 3238; x_wconf 90' lang='lat' dir='ltr'><strong>in</strong></span> <span class='ocrx_word' id='word_1_322' title='bbox 1254 3182 1432 3238; x_wconf 90' lang='lat' dir='ltr'><strong>causis</strong></span> <span class='ocrx_word' id='word_1_323' title='bbox 1456 3179 1691 3249; x_wconf 88' lang='lat' dir='ltr'><strong>propriis</strong></span> <span class='ocrx_word' id='word_1_324' title='bbox 1715 3178 1968 3233; x_wconf 90' lang='lat' dir='ltr'><strong>omnibus</strong></span> 
     </span>
    </p>
   </div>
   <div class='ocr_carea' id='block_1_49' title="bbox 394 3272 1971 3360">
    <p class='ocr_par' dir='ltr' id='par_1_49' title="bbox 394 3272 1971 3360">
     <span class='ocr_line' id='line_1_49' title="bbox 394 3272 1971 3360; baseline -0.013 -14"><span class='ocrx_word' id='word_1_325' title='bbox 394 3287 725 3360; x_wconf 77' lang='lat' dir='ltr'><strong>permittitur</strong></span> <span class='ocrx_word' id='word_1_326' title='bbox 748 3295 1024 3345; x_wconf 88' lang='lat' dir='ltr'><strong>accusare,</strong></span> <span class='ocrx_word' id='word_1_327' title='bbox 1055 3279 1219 3333; x_wconf 89' lang='lat' dir='ltr'><strong>etiam</strong></span> <span class='ocrx_word' id='word_1_328' title='bbox 1246 3276 1353 3332; x_wconf 91' lang='lat' dir='ltr'><strong>illis</strong></span> <span class='ocrx_word' id='word_1_329' title='bbox 1394 3275 1589 3345; x_wconf 87' lang='lat' dir='ltr'><strong>quibus</strong></span> <span class='ocrx_word' id='word_1_330' title='bbox 1632 3272 1849 3327; x_wconf 90' lang='lat' dir='ltr'><strong>aliunde</strong></span> <span class='ocrx_word' id='word_1_331' title='bbox 1874 3273 1971 3328; x_wconf 85' lang='lat' dir='ltr'><strong>de-</strong></span> 
     </span>
    </p>
   </div>
   <div class='ocr_carea' id='block_1_50' title="bbox 396 3360 1973 3450">
    <p class='ocr_par' dir='ltr' id='par_1_50' title="bbox 396 3360 1973 3450">
     <span class='ocr_line' id='line_1_50' title="bbox 396 3360 1973 3450; baseline -0.012 -15"><span class='ocrx_word' id='word_1_332' title='bbox 396 3386 621 3450; x_wconf 86' lang='lat' dir='ltr'><strong>negatur</strong></span> <span class='ocrx_word' id='word_1_333' title='bbox 645 3371 931 3429; x_wconf 85' lang='lat' dir='ltr'><strong>accusandi</strong></span> <span class='ocrx_word' id='word_1_334' title='bbox 969 3367 1218 3423; x_wconf 80' lang='lat' dir='ltr'><strong>facultas.</strong></span> <span class='ocrx_word' id='word_1_335' title='bbox 1251 3363 1404 3437; x_wconf 86' lang='lat' dir='ltr'><strong>(Can.</strong></span> <span class='ocrx_word' id='word_1_336' title='bbox 1431 3362 1507 3433; x_wconf 89' lang='grc'><strong>5.)</strong></span> <span class='ocrx_word' id='word_1_337' title='bbox 1537 3360 1973 3430; x_wconf 82' lang='lat' dir='ltr'><strong>Quotiescunque</strong></span> 
     </span>
    </p>
   </div>
   <div class='ocr_carea' id='block_1_51' title="bbox 398 3451 1969 3539">
    <p class='ocr_par' dir='ltr' id='par_1_51' title="bbox 398 3451 1969 3539">
     <span class='ocr_line' id='line_1_51' title="bbox 398 3451 1969 3539; baseline -0.014 -13"><span class='ocrx_word' id='word_1_338' title='bbox 398 3468 606 3526; x_wconf 89' lang='lat' dir='ltr'><strong>clericis</strong></span> <span class='ocrx_word' id='word_1_339' title='bbox 630 3464 723 3539; x_wconf 89' lang='lat' dir='ltr'><strong>[ab</strong></span> <span class='ocrx_word' id='word_1_340' title='bbox 742 3457 1167 3530; x_wconf 86' lang='lat' dir='ltr'><strong>accusatoribus]</strong></span> <span class='ocrx_word' id='word_1_341' title='bbox 1186 3456 1353 3512; x_wconf 89' lang='lat' dir='ltr'><strong>multa</strong></span> <span class='ocrx_word' id='word_1_342' title='bbox 1372 3452 1700 3522; x_wconf 86' lang='lat' dir='ltr'><strong>objiciuntur</strong></span> <span class='ocrx_word' id='word_1_343' title='bbox 1721 3451 1969 3516; x_wconf 88' lang='lat' dir='ltr'><strong>crimina,</strong></span> 
     </span>
    </p>
   </div>
   <div class='ocr_carea' id='block_1_52' title="bbox 398 3540 1976 3627">
    <p class='ocr_par' dir='ltr' id='par_1_52' title="bbox 398 3540 1976 3627">
     <span class='ocr_line' id='line_1_52' title="bbox 398 3540 1976 3627; baseline -0.015 -11"><span class='ocrx_word' id='word_1_344' title='bbox 398 3569 453 3616; x_wconf 89' lang='lat' dir='ltr'><strong>et</strong></span> <span class='ocrx_word' id='word_1_345' title='bbox 479 3572 648 3614; x_wconf 89' lang='lat' dir='ltr'><strong>unum</strong></span> <span class='ocrx_word' id='word_1_346' title='bbox 675 3553 755 3627; x_wconf 91' lang='lat' dir='ltr'><strong>[et</strong></span> <span class='ocrx_word' id='word_1_347' title='bbox 783 3564 952 3606; x_wconf 89' lang='lat' dir='ltr'><strong>unum</strong></span> <span class='ocrx_word' id='word_1_348' title='bbox 988 3564 1053 3603; x_wconf 82' lang='lat' dir='ltr'><strong>ex</strong></span> <span class='ocrx_word' id='word_1_349' title='bbox 1082 3547 1169 3602; x_wconf 90' lang='lat' dir='ltr'><strong>his</strong></span> <span class='ocrx_word' id='word_1_350' title='bbox 1193 3546 1259 3600; x_wconf 88' lang='lat' dir='ltr'><strong>de</strong></span> <span class='ocrx_word' id='word_1_351' title='bbox 1284 3560 1392 3615; x_wconf 91' lang='lat' dir='ltr'><strong>quo</strong></span> <span class='ocrx_word' id='word_1_352' title='bbox 1415 3544 1569 3615; x_wconf 90' lang='lat' dir='ltr'><strong>prius</strong></span> <span class='ocrx_word' id='word_1_353' title='bbox 1592 3540 1806 3613; x_wconf 82' lang='lat' dir='ltr'><strong>egerit],</strong></span> <span class='ocrx_word' id='word_1_354' title='bbox 1832 3540 1976 3610; x_wconf 91' lang='lat' dir='ltr'><strong>quod</strong></span> 
     </span>
    </p>
   </div>
   <div class='ocr_carea' id='block_1_53' title="bbox 398 3633 1979 3722">
    <p class='ocr_par' dir='ltr' id='par_1_53' title="bbox 398 3633 1979 3722">
     <span class='ocr_line' id='line_1_53' title="bbox 398 3633 1979 3722; baseline -0.014 -18"><span class='ocrx_word' id='word_1_355' title='bbox 398 3650 628 3722; x_wconf 76' lang='lat' dir='ltr'><strong>primum</strong></span> <span class='ocrx_word' id='word_1_356' title='bbox 673 3647 1019 3698; x_wconf 87' lang='lat' dir='ltr'><strong>accusatores</strong></span> <span class='ocrx_word' id='word_1_357' title='bbox 1060 3634 1459 3708; x_wconf 88' lang='lat' dir='ltr'><strong>proposuerint,</strong></span> <span class='ocrx_word' id='word_1_358' title='bbox 1491 3633 1724 3721; x_wconf 73' lang='lat' dir='ltr'><strong>probare</strong></span> <span class='ocrx_word' id='word_1_359' title='bbox 1751 3646 1858 3685; x_wconf 92' lang='lat' dir='ltr'><strong>non</strong></span> <span class='ocrx_word' id='word_1_360' title='bbox 1887 3646 1979 3700; x_wconf 50' lang='lat' dir='ltr'><strong>po.</strong></span> 
     </span>
    </p>
   </div>
   <div class='ocr_carea' id='block_1_54' title="bbox 402 3720 1978 3799">
    <p class='ocr_par' dir='ltr' id='par_1_54' title="bbox 402 3720 1978 3799">
     <span class='ocr_line' id='line_1_54' title="bbox 402 3720 1978 3799; baseline -0.011 -6"><span class='ocrx_word' id='word_1_361' title='bbox 402 3720 625 3799; x_wconf 87' lang='lat' dir='ltr'><strong>tuerint,</strong></span> <span class='ocrx_word' id='word_1_362' title='bbox 654 3733 722 3787; x_wconf 83' lang='lat' dir='ltr'><strong>ad</strong></span> <span class='ocrx_word' id='word_1_363' title='bbox 742 3741 936 3787; x_wconf 62' lang='lat' dir='ltr'><strong>caetera</strong></span> <span class='ocrx_word' id='word_1_364' title='bbox 964 3727 1269 3781; x_wconf 84' lang='lat' dir='ltr'><strong>nullatenus</strong></span> <span class='ocrx_word' id='word_1_365' title='bbox 1295 3721 1425 3795; x_wconf 85' lang='lat' dir='ltr'><strong>[jam</strong></span> <span class='ocrx_word' id='word_1_366' title='bbox 1446 3720 1978 3793; x_wconf 34' lang='lat' dir='ltr'><strong>non]’admittantur.</strong></span> 
     </span>
    </p>
   </div>
   <div class='ocr_carea' id='block_1_55' title="bbox 402 3814 1982 3886">
    <p class='ocr_par' dir='ltr' id='par_1_55' title="bbox 402 3814 1982 3886">
     <span class='ocr_line' id='line_1_55' title="bbox 402 3814 1982 3886; baseline -0.01 -1"><span class='ocrx_word' id='word_1_367' title='bbox 402 3829 592 3886; x_wconf 83' lang='lat' dir='ltr'><strong>Testes</strong></span> <span class='ocrx_word' id='word_1_368' title='bbox 637 3831 819 3879; x_wconf 88' lang='lat' dir='ltr'><strong>autem</strong></span> <span class='ocrx_word' id='word_1_369' title='bbox 848 3820 927 3875; x_wconf 86' lang='lat' dir='ltr'><strong>illi</strong></span> <span class='ocrx_word' id='word_1_370' title='bbox 957 3833 1064 3873; x_wconf 89' lang='lat' dir='ltr'><strong>non</strong></span> <span class='ocrx_word' id='word_1_371' title='bbox 1092 3816 1447 3885; x_wconf 85' lang='lat' dir='ltr'><strong>recipiantur,</strong></span> <span class='ocrx_word' id='word_1_372' title='bbox 1470 3815 1562 3883; x_wconf 88' lang='lat' dir='ltr'><strong>qui</strong></span> <span class='ocrx_word' id='word_1_373' title='bbox 1592 3814 1657 3869; x_wconf 90' lang='lat' dir='ltr'><strong>ad</strong></span> <span class='ocrx_word' id='word_1_374' title='bbox 1684 3815 1982 3870; x_wconf 88' lang='lat' dir='ltr'><strong>accusatio—</strong></span> 
     </span>
    </p>
   </div>
   <div class='ocr_carea' id='block_1_56' title="bbox 403 3904 1984 3985">
    <p class='ocr_par' dir='ltr' id='par_1_56' title="bbox 403 3904 1984 3985">
     <span class='ocr_line' id='line_1_56' title="bbox 403 3904 1984 3985; baseline -0.009 -12"><span class='ocrx_word' id='word_1_375' title='bbox 403 3933 528 3975; x_wconf 89' lang='lat' dir='ltr'><strong>nem</strong></span> <span class='ocrx_word' id='word_1_376' title='bbox 556 3914 764 3971; x_wconf 89' lang='lat' dir='ltr'><strong>admitti</strong></span> <span class='ocrx_word' id='word_1_377' title='bbox 792 3912 1149 3985; x_wconf 87' lang='lat' dir='ltr'><strong>prohibentur</strong></span> <span class='ocrx_word' id='word_1_378' title='bbox 1177 3905 1301 3979; x_wconf 91' lang='lat' dir='ltr'><strong>[nec</strong></span> <span class='ocrx_word' id='word_1_379' title='bbox 1322 3906 1389 3959; x_wconf 88' lang='lat' dir='ltr'><strong>ad</strong></span> <span class='ocrx_word' id='word_1_380' title='bbox 1417 3904 1816 3960; x_wconf 87' lang='lat' dir='ltr'><strong>accusationem</strong></span> <span class='ocrx_word' id='word_1_381' title='bbox 1845 3920 1984 3976; x_wconf 69' lang='lat' dir='ltr'><strong>prae-</strong></span> 
     </span>
    </p>
   </div>
   <div class='ocr_carea' id='block_1_57' title="bbox 403 3997 1983 4081">
    <p class='ocr_par' dir='ltr' id='par_1_57' title="bbox 403 3997 1983 4081">
     <span class='ocr_line' id='line_1_57' title="bbox 403 3997 1983 4081; baseline -0.008 -16"><span class='ocrx_word' id='word_1_382' title='bbox 403 4010 544 4081; x_wconf 91' lang='lat' dir='ltr'><strong>cepti</strong></span> <span class='ocrx_word' id='word_1_383' title='bbox 588 4005 767 4078; x_wconf 89' lang='lat' dir='ltr'><strong>sunt];</strong></span> <span class='ocrx_word' id='word_1_384' title='bbox 812 4017 912 4059; x_wconf 89' lang='lat' dir='ltr'><strong>nec</strong></span> <span class='ocrx_word' id='word_1_385' title='bbox 942 4004 980 4058; x_wconf 92' lang='lat' dir='ltr'><strong>ii</strong></span> <span class='ocrx_word' id='word_1_386' title='bbox 1007 4015 1144 4072; x_wconf 86' lang='lat' dir='ltr'><strong>quos</strong></span> <span class='ocrx_word' id='word_1_387' title='bbox 1179 4006 1463 4054; x_wconf 87' lang='lat' dir='ltr'><strong>accusator</strong></span> <span class='ocrx_word' id='word_1_388' title='bbox 1505 3997 1570 4051; x_wconf 93' lang='lat' dir='ltr'><strong>de</strong></span> <span class='ocrx_word' id='word_1_389' title='bbox 1599 3997 1759 4052; x_wconf 90' lang='lat' dir='ltr'><strong>domo</strong></span> <span class='ocrx_word' id='word_1_390' title='bbox 1787 4013 1884 4053; x_wconf 89' lang='lat' dir='ltr'><strong>sua</strong></span> <span class='ocrx_word' id='word_1_391' title='bbox 1915 3997 1983 4052; x_wconf 90' lang='lat' dir='ltr'><strong>ad</strong></span> 
     </span>
    </p>
   </div>
   <div class='ocr_carea' id='block_1_58' title="bbox 406 4085 1983 4161">
    <p class='ocr_par' dir='ltr' id='par_1_58' title="bbox 406 4085 1983 4161">
     <span class='ocr_line' id='line_1_58' title="bbox 406 4085 1983 4161; baseline -0.009 -4"><span class='ocrx_word' id='word_1_392' title='bbox 406 4100 771 4157; x_wconf 86' lang='lat' dir='ltr'><strong>testimonium</strong></span> <span class='ocrx_word' id='word_1_393' title='bbox 807 4094 1118 4158; x_wconf 82' lang='lat' dir='ltr'><strong>adduxerit,</strong></span> <span class='ocrx_word' id='word_1_394' title='bbox 1156 4105 1331 4161; x_wconf 85' lang='lat' dir='ltr'><strong>neque</strong></span> <span class='ocrx_word' id='word_1_395' title='bbox 1368 4088 1386 4158; x_wconf 89' lang='lat'>(</span> <span class='ocrx_word' id='word_1_396' title='bbox 1399 4085 1550 4159; x_wconf 85' lang='lat' dir='ltr'><strong>Var.)</strong></span> <span class='ocrx_word' id='word_1_397' title='bbox 1592 4087 1666 4142; x_wconf 91' lang='lat' dir='ltr'><strong>illi</strong></span> <span class='ocrx_word' id='word_1_398' title='bbox 1706 4089 1798 4157; x_wconf 91' lang='lat' dir='ltr'><strong>qui</strong></span> <span class='ocrx_word' id='word_1_399' title='bbox 1842 4088 1983 4143; x_wconf 85' lang='lat' dir='ltr'><strong>infra</strong></span> 
     </span>
    </p>
   </div>
   <div class='ocr_carea' id='block_1_59' title="bbox 405 4188 1185 4265">
    <p class='ocr_par' dir='ltr' id='par_1_59' title="bbox 405 4188 1185 4265">
     <span class='ocr_line' id='line_1_59' title="bbox 405 4188 1185 4265; baseline -0.018 -12"><span class='ocrx_word' id='word_1_400' title='bbox 405 4210 575 4254; x_wconf 85' lang='lat' dir='ltr'><strong>annos</strong></span> <span class='ocrx_word' id='word_1_401' title='bbox 600 4188 1010 4265; x_wconf 83' lang='lat' dir='ltr'><strong>quatuerdecim</strong></span> <span class='ocrx_word' id='word_1_402' title='bbox 1036 4194 1185 4243; x_wconf 91' lang='lat' dir='ltr'><strong>sunt.</strong></span> 
     </span>
    </p>
   </div>
   <div class='ocr_carea' id='block_1_60' title="bbox 1061 4276 1329 4333">
    <p class='ocr_par' dir='ltr' id='par_1_60' title="bbox 1061 4276 1329 4333">
     <span class='ocr_line' id='line_1_60' title="bbox 1061 4276 1329 4333; baseline -0.007 0"><span class='ocrx_word' id='word_1_403' title='bbox 1061 4276 1200 4333; x_wconf 62' lang='lat' dir='ltr'><strong>Afra</strong></span> <span class='ocrx_word' id='word_1_404' title='bbox 1227 4277 1329 4333; x_wconf 78' lang='lat'><strong>3°.</strong></span> 
     </span>
    </p>
   </div>
   <div class='ocr_carea' id='block_1_61' title="bbox 474 4362 1988 4437">
    <p class='ocr_par' dir='ltr' id='par_1_61' title="bbox 474 4362 1988 4437">
     <span class='ocr_line' id='line_1_61' title="bbox 474 4362 1988 4437; baseline -0.009 -4"><span class='ocrx_word' id='word_1_405' title='bbox 474 4379 771 4432; x_wconf 81' lang='lat' dir='ltr'><strong>Accusatus</strong></span> <span class='ocrx_word' id='word_1_406' title='bbox 799 4371 885 4427; x_wconf 93' lang='lat' dir='ltr'><strong>vel</strong></span> <span class='ocrx_word' id='word_1_407' title='bbox 926 4377 1229 4435; x_wconf 88' lang='lat' dir='ltr'><strong>accusator,</strong></span> <span class='ocrx_word' id='word_1_408' title='bbox 1255 4367 1302 4424; x_wconf 89' lang='lat' dir='ltr'><strong>si</strong></span> <span class='ocrx_word' id='word_1_409' title='bbox 1332 4368 1385 4420; x_wconf 91' lang='lat' dir='ltr'><strong>in</strong></span> <span class='ocrx_word' id='word_1_410' title='bbox 1422 4382 1490 4421; x_wconf 92' lang='lat' dir='ltr'><strong>eo</strong></span> <span class='ocrx_word' id='word_1_411' title='bbox 1516 4365 1636 4421; x_wconf 92' lang='lat' dir='ltr'><strong>loco</strong></span> <span class='ocrx_word' id='word_1_412' title='bbox 1668 4362 1850 4437; x_wconf 63' lang='lat' dir='ltr'><strong>(Van)</strong></span> <span class='ocrx_word' id='word_1_413' title='bbox 1893 4364 1988 4420; x_wconf 89' lang='lat' dir='ltr'><strong>ubi</strong></span> 
     </span>
    </p>
   </div>
   <div class='ocr_carea' id='block_1_62' title="bbox 406 4454 2065 4536">
    <p class='ocr_par' dir='ltr' id='par_1_62' title="bbox 406 4454 2065 4536">
     <span class='ocr_line' id='line_1_62' title="bbox 406 4454 2065 4536; baseline -0.01 -13"><span class='ocrx_word' id='word_1_414' title='bbox 406 4479 570 4523; x_wconf 85' lang='lat' dir='ltr'><strong>causa</strong></span> <span class='ocrx_word' id='word_1_415' title='bbox 596 4462 852 4536; x_wconf 73' lang='lat' dir='ltr'><strong>agitatur,</strong></span> <span class='ocrx_word' id='word_1_416' title='bbox 881 4459 1074 4516; x_wconf 89' lang='lat' dir='ltr'><strong>metuit</strong></span> <span class='ocrx_word' id='word_1_417' title='bbox 1100 4457 1336 4526; x_wconf 85' lang='lat' dir='ltr'><strong>aliquam</strong></span> <span class='ocrx_word' id='word_1_418' title='bbox 1360 4457 1470 4511; x_wconf 90' lang='lat' dir='ltr'><strong>vim</strong></span> <span class='ocrx_word' id='word_1_419' title='bbox 1498 4454 1826 4528; x_wconf 66' lang='lat' dir='ltr'><strong>[temerarias</strong></span> <span class='ocrx_word' id='word_1_420' title='bbox 1848 4456 1987 4509; x_wconf 90' lang='lat' dir='ltr'><strong>mul-</strong></span> <span class='ocrx_word' id='word_1_421' title='bbox 2015 4473 2065 4533; x_wconf 75' lang='grc' dir='ltr'>ι)</span> 
     </span>
    </p>
   </div>
   <div class='ocr_carea' id='block_1_63' title="bbox 404 4547 1987 4628">
    <p class='ocr_par' dir='ltr' id='par_1_63' title="bbox 404 4547 1987 4628">
     <span class='ocr_line' id='line_1_63' title="bbox 404 4547 1987 4628; baseline -0.008 -14"><span class='ocrx_word' id='word_1_422' title='bbox 404 4552 708 4628; x_wconf 84' lang='lat' dir='ltr'><strong>titndinis],</strong></span> <span class='ocrx_word' id='word_1_423' title='bbox 737 4551 917 4609; x_wconf 89' lang='lat' dir='ltr'><strong>locum</strong></span> <span class='ocrx_word' id='word_1_424' title='bbox 943 4548 1047 4607; x_wconf 87' lang='lat' dir='ltr'><strong>sibi</strong></span> <span class='ocrx_word' id='word_1_425' title='bbox 1081 4547 1243 4619; x_wconf 86' lang='lat' dir='ltr'><strong>eligat</strong></span> <span class='ocrx_word' id='word_1_426' title='bbox 1278 4548 1608 4618; x_wconf 79' lang='lat' dir='ltr'><strong>proximum,</strong></span> <span class='ocrx_word' id='word_1_427' title='bbox 1635 4563 1743 4618; x_wconf 91' lang='lat' dir='ltr'><strong>quo</strong></span> <span class='ocrx_word' id='word_1_428' title='bbox 1771 4563 1880 4602; x_wconf 91' lang='lat' dir='ltr'><strong>non</strong></span> <span class='ocrx_word' id='word_1_429' title='bbox 1916 4548 1987 4601; x_wconf 90' lang='lat' dir='ltr'><strong>sit</strong></span> 
     </span>
    </p>
   </div>
   <div class='ocr_carea' id='block_1_64' title="bbox 407 4639 1808 4714">
    <p class='ocr_par' dir='ltr' id='par_1_64' title="bbox 407 4639 1808 4714">
     <span class='ocr_line' id='line_1_64' title="bbox 407 4639 1808 4714; baseline -0.008 -9"><span class='ocrx_word' id='word_1_430' title='bbox 407 4646 624 4705; x_wconf 78' lang='lat' dir='ltr'><strong>difficile</strong></span> <span class='ocrx_word' id='word_1_431' title='bbox 647 4654 810 4702; x_wconf 83' lang='lat' dir='ltr'><strong>testes</strong></span> <span class='ocrx_word' id='word_1_432' title='bbox 832 4642 1165 4714; x_wconf 86' lang='lat' dir='ltr'><strong>producere;</strong></span> <span class='ocrx_word' id='word_1_433' title='bbox 1189 4647 1244 4696; x_wconf 90' lang='lat' dir='ltr'><strong>et</strong></span> <span class='ocrx_word' id='word_1_434' title='bbox 1271 4639 1347 4694; x_wconf 85' lang='lat' dir='ltr'><strong>ibi</strong></span> <span class='ocrx_word' id='word_1_435' title='bbox 1376 4654 1541 4694; x_wconf 88' lang='lat' dir='ltr'><strong>causa</strong></span> <span class='ocrx_word' id='word_1_436' title='bbox 1567 4639 1808 4695; x_wconf 87' lang='lat' dir='ltr'><strong>finiatur.</strong></span> 
     </span>
    </p>
   </div>
   <div class='ocr_carea' id='block_1_65' title="bbox 1046 4729 1358 4787">
    <p class='ocr_par' dir='ltr' id='par_1_65' title="bbox 1046 4729 1358 4787">
     <span class='ocr_line' id='line_1_65' title="bbox 1046 4729 1358 4787; baseline -0.003 -1"><span class='ocrx_word' id='word_1_437' title='bbox 1046 4729 1188 4786; x_wconf 66' lang='lat' dir='ltr'><strong>Era</strong></span> <span class='ocrx_word' id='word_1_438' title='bbox 1212 4729 1358 4787; x_wconf 58' lang='lat'><strong>30‘.</strong></span> 
     </span>
    </p>
   </div>
   <div class='ocr_carea' id='block_1_66' title="bbox 481 4821 1991 4897">
    <p class='ocr_par' dir='ltr' id='par_1_66' title="bbox 481 4821 1991 4897">
     <span class='ocr_line' id='line_1_66' title="bbox 481 4821 1991 4897; baseline -0.006 -9"><span class='ocrx_word' id='word_1_439' title='bbox 481 4828 791 4888; x_wconf 73' lang='lat' dir='ltr'><strong>Catholicae</strong></span> <span class='ocrx_word' id='word_1_440' title='bbox 825 4827 919 4897; x_wconf 89' lang='lat' dir='ltr'><strong>qui</strong></span> <span class='ocrx_word' id='word_1_441' title='bbox 947 4840 1170 4882; x_wconf 86' lang='lat' dir='ltr'><strong>causam</strong></span> <span class='ocrx_word' id='word_1_442' title='bbox 1215 4836 1370 4879; x_wconf 88' lang='lat' dir='ltr'><strong>suam</strong></span> <span class='ocrx_word' id='word_1_443' title='bbox 1408 4822 1595 4896; x_wconf 77' lang='lat' dir='ltr'><strong>[Add.,</strong></span> <span class='ocrx_word' id='word_1_444' title='bbox 1632 4824 1748 4879; x_wconf 87' lang='lat' dir='ltr'><strong>sive</strong></span> <span class='ocrx_word' id='word_1_445' title='bbox 1784 4821 1991 4891; x_wconf 83' lang='lat' dir='ltr'><strong>justam</strong></span> 
     </span>
    </p>
   </div>
   <div class='ocr_carea' id='block_1_67' title="bbox 412 4914 1992 4992">
    <p class='ocr_par' dir='ltr' id='par_1_67' title="bbox 412 4914 1992 4992">
     <span class='ocr_line' id='line_1_67' title="bbox 412 4914 1992 4992; baseline -0.007 -12"><span class='ocrx_word' id='word_1_446' title='bbox 412 4925 527 4980; x_wconf 82' lang='lat' dir='ltr'><strong>sive</strong></span> <span class='ocrx_word' id='word_1_447' title='bbox 551 4918 831 4992; x_wconf 86' lang='lat' dir='ltr'><strong>injustam]</strong></span> <span class='ocrx_word' id='word_1_448' title='bbox 850 4919 918 4974; x_wconf 87' lang='lat' dir='ltr'><strong>ad</strong></span> <span class='ocrx_word' id='word_1_449' title='bbox 940 4918 1203 4989; x_wconf 83' lang='lat' dir='ltr'><strong>judicium</strong></span> <span class='ocrx_word' id='word_1_450' title='bbox 1228 4917 1422 4986; x_wconf 85' lang='lat' dir='ltr'><strong>iudicis</strong></span> <span class='ocrx_word' id='word_1_451' title='bbox 1444 4915 1691 4988; x_wconf 88' lang='lat' dir='ltr'><strong>[alterius</strong></span> <span class='ocrx_word' id='word_1_452' title='bbox 1712 4914 1858 4971; x_wconf 70' lang='lat' dir='ltr'><strong>fidei]</strong></span> <span class='ocrx_word' id='word_1_453' title='bbox 1883 4929 1992 4971; x_wconf 89' lang='lat' dir='ltr'><strong>non</strong></span> 
     </span>
    </p>
   </div>
   <div class='ocr_carea' id='block_1_68' title="bbox 414 5006 1514 5080">
    <p class='ocr_par' dir='ltr' id='par_1_68' title="bbox 414 5006 1514 5080">
     <span class='ocr_line' id='line_1_68' title="bbox 414 5006 1514 5080; baseline -0.012 -8"><span class='ocrx_word' id='word_1_454' title='bbox 414 5013 664 5072; x_wconf 85' lang='lat' dir='ltr'><strong>catholici</strong></span> <span class='ocrx_word' id='word_1_455' title='bbox 690 5017 970 5080; x_wconf 82' lang='lat' dir='ltr'><strong>provocat,</strong></span> <span class='ocrx_word' id='word_1_456' title='bbox 999 5006 1514 5064; x_wconf 83' lang='lat' dir='ltr'><strong>excommunicetur.</strong></span> 
     </span>
    </p>
   </div>
   <div class='ocr_carea' id='block_1_69' title="bbox 486 5182 1717 5249">
    <p class='ocr_par' dir='ltr' id='par_1_69' title="bbox 486 5182 1717 5249">
     <span class='ocr_line' id='line_1_69' title="bbox 486 5182 1717 5249; baseline -0.009 -2"><span class='ocrx_word' id='word_1_457' title='bbox 486 5204 512 5232; x_wconf 78' lang='grc' dir='ltr'><strong>ι</strong></span> <span class='ocrx_word' id='word_1_458' title='bbox 552 5190 718 5246; x_wconf 87' lang='lat' dir='ltr'><strong>Cone.</strong></span> <span class='ocrx_word' id='word_1_459' title='bbox 745 5186 931 5243; x_wconf 89' lang='lat' dir='ltr'><strong>Carth.</strong></span> <span class='ocrx_word' id='word_1_460' title='bbox 958 5199 1051 5248; x_wconf 88' lang='grc' dir='ltr'>ιιι,</span> <span class='ocrx_word' id='word_1_461' title='bbox 1078 5198 1127 5238; x_wconf 93' lang='lat' dir='ltr'><strong>c.</strong></span> <span class='ocrx_word' id='word_1_462' title='bbox 1153 5182 1219 5249; x_wconf 74' lang='lat'><strong>2;</strong></span> <span class='ocrx_word' id='word_1_463' title='bbox 1252 5184 1371 5238; x_wconf 91' lang='lat' dir='ltr'><strong>cod.</strong></span> <span class='ocrx_word' id='word_1_464' title='bbox 1399 5198 1519 5237; x_wconf 89' lang='lat' dir='ltr'><strong>can.</strong></span> <span class='ocrx_word' id='word_1_465' title='bbox 1551 5199 1600 5238; x_wconf 92' lang='lat' dir='ltr'><strong>c.</strong></span> <span class='ocrx_word' id='word_1_466' title='bbox 1632 5183 1717 5238; x_wconf 74' lang='grc'><strong>15.</strong></span> 
     </span>
    </p>
   </div>
   <div class='ocr_carea' id='block_1_70' title="bbox 485 5251 1994 5320">
    <p class='ocr_par' dir='ltr' id='par_1_70' title="bbox 485 5251 1994 5320">
     <span class='ocr_line' id='line_1_70' title="bbox 485 5251 1994 5320; baseline -0.005 -4"><span class='ocrx_word' id='word_1_467' title='bbox 485 5263 516 5303; x_wconf 72' lang='grc' dir='ltr'>δ</span> <span class='ocrx_word' id='word_1_468' title='bbox 554 5260 720 5316; x_wconf 89' lang='lat' dir='ltr'><strong>Cone.</strong></span> <span class='ocrx_word' id='word_1_469' title='bbox 765 5257 953 5313; x_wconf 85' lang='lat' dir='ltr'><strong>Carth.</strong></span> <span class='ocrx_word' id='word_1_470' title='bbox 977 5270 1075 5320; x_wconf 87' lang='lat' dir='ltr'><strong>vn,</strong></span> <span class='ocrx_word' id='word_1_471' title='bbox 1104 5268 1153 5309; x_wconf 93' lang='lat' dir='ltr'><strong>c.</strong></span> <span class='ocrx_word' id='word_1_472' title='bbox 1173 5254 1239 5319; x_wconf 71' lang='lat'><strong>2;</strong></span> <span class='ocrx_word' id='word_1_473' title='bbox 1270 5269 1422 5309; x_wconf 91' lang='lat' dir='ltr'><strong>conc.</strong></span> <span class='ocrx_word' id='word_1_474' title='bbox 1462 5253 1631 5309; x_wconf 83' lang='lat' dir='ltr'><strong>Afric.</strong></span> <span class='ocrx_word' id='word_1_475' title='bbox 1665 5269 1715 5309; x_wconf 92' lang='lat' dir='ltr'><strong>c.</strong></span> <span class='ocrx_word' id='word_1_476' title='bbox 1740 5251 1841 5319; x_wconf 85' lang='lat'><strong>96;</strong></span> <span class='ocrx_word' id='word_1_477' title='bbox 1873 5254 1994 5309; x_wconf 89' lang='lat' dir='ltr'><strong>cod.</strong></span> 
     </span>
    </p>
   </div>
   <div class='ocr_carea' id='block_1_71' title="bbox 414 5327 997 5391">
    <p class='ocr_par' dir='ltr' id='par_1_71' title="bbox 414 5327 997 5391">
     <span class='ocr_line' id='line_1_71' title="bbox 414 5327 997 5391; baseline -0.019 1"><span class='ocrx_word' id='word_1_478' title='bbox 414 5331 563 5391; x_wconf 86' lang='lat' dir='ltr'><strong>Eccl.</strong></span> <span class='ocrx_word' id='word_1_479' title='bbox 594 5330 765 5385; x_wconf 83' lang='lat' dir='ltr'><strong>Afric.</strong></span> <span class='ocrx_word' id='word_1_480' title='bbox 795 5343 844 5383; x_wconf 93' lang='lat' dir='ltr'><strong>c.</strong></span> <span class='ocrx_word' id='word_1_481' title='bbox 873 5327 997 5382; x_wconf 84' lang='grc'><strong>119.</strong></span> 
     </span>
    </p>
   </div>
   <div class='ocr_carea' id='block_1_72' title="bbox 490 5392 1544 5457">
    <p class='ocr_par' dir='ltr' id='par_1_72' title="bbox 490 5392 1544 5457">
     <span class='ocr_line' id='line_1_72' title="bbox 490 5392 1544 5457; baseline -0.009 1"><span class='ocrx_word' id='word_1_482' title='bbox 490 5413 516 5443; x_wconf 79' lang='grc' dir='ltr'><strong>ο</strong></span> <span class='ocrx_word' id='word_1_483' title='bbox 555 5401 686 5457; x_wconf 86' lang='lat' dir='ltr'><strong>Cod.</strong></span> <span class='ocrx_word' id='word_1_484' title='bbox 716 5412 837 5455; x_wconf 90' lang='lat' dir='ltr'><strong>can.</strong></span> <span class='ocrx_word' id='word_1_485' title='bbox 866 5397 1075 5453; x_wconf 84' lang='lat' dir='ltr'><strong>Eccles.</strong></span> <span class='ocrx_word' id='word_1_486' title='bbox 1102 5394 1346 5450; x_wconf 84' lang='lat' dir='ltr'><strong>African.</strong></span> <span class='ocrx_word' id='word_1_487' title='bbox 1377 5406 1427 5446; x_wconf 92' lang='lat' dir='ltr'><strong>c.</strong></span> <span class='ocrx_word' id='word_1_488' title='bbox 1456 5392 1544 5448; x_wconf 83' lang='lat'><strong>&#39;50.</strong></span> 
     </span>
    </p>
   </div>
   <div class='ocr_carea' id='block_1_73' title="bbox 488 5462 1796 5534">
    <p class='ocr_par' dir='ltr' id='par_1_73' title="bbox 488 5462 1796 5534">
     <span class='ocr_line' id='line_1_73' title="bbox 488 5462 1796 5534; baseline -0.005 -9"><span class='ocrx_word' id='word_1_489' title='bbox 488 5470 516 5513; x_wconf 73' lang='grc' dir='ltr'>ἆ</span> <span class='ocrx_word' id='word_1_490' title='bbox 553 5469 631 5525; x_wconf 83' lang='lat' dir='ltr'><strong>id.</strong></span> <span class='ocrx_word' id='word_1_491' title='bbox 656 5471 713 5525; x_wconf 91' lang='lat' dir='ltr'><strong>in</strong></span> <span class='ocrx_word' id='word_1_492' title='bbox 738 5468 856 5525; x_wconf 91' lang='lat' dir='ltr'><strong>cod.</strong></span> <span class='ocrx_word' id='word_1_493' title='bbox 884 5467 1043 5521; x_wconf 90' lang='lat' dir='ltr'><strong>Barb.</strong></span> <span class='ocrx_word' id='word_1_494' title='bbox 1073 5465 1240 5522; x_wconf 86' lang='lat' dir='ltr'><strong>Cone.</strong></span> <span class='ocrx_word' id='word_1_495' title='bbox 1265 5480 1320 5518; x_wconf 81' lang='lat' dir='ltr'><strong>1v</strong></span> <span class='ocrx_word' id='word_1_496' title='bbox 1345 5462 1603 5534; x_wconf 73' lang='lat' dir='ltr'><strong>Carthag.</strong></span> <span class='ocrx_word' id='word_1_497' title='bbox 1631 5477 1687 5534; x_wconf 63' lang='grc' dir='ltr'><strong>ς.Δ</strong></span> <span class='ocrx_word' id='word_1_498' title='bbox 1707 5464 1796 5519; x_wconf 87' lang='lat'><strong>8&#39;7.</strong></span> 
     </span>
    </p>
   </div>
   <div class='ocr_carea' id='block_1_74' title="bbox 494 5531 1719 5594">
    <p class='ocr_par' dir='ltr' id='par_1_74' title="bbox 494 5531 1719 5594">
     <span class='ocr_line' id='line_1_74' title="bbox 494 5531 1719 5594; baseline -0.007 1"><span class='ocrx_word' id='word_1_499' title='bbox 494 5553 520 5582; x_wconf 81' lang='grc' dir='ltr'><strong>ο</strong></span> <span class='ocrx_word' id='word_1_500' title='bbox 555 5538 635 5594; x_wconf 83' lang='lat' dir='ltr'><strong>Id.</strong></span> <span class='ocrx_word' id='word_1_501' title='bbox 663 5540 719 5594; x_wconf 91' lang='lat' dir='ltr'><strong>in</strong></span> <span class='ocrx_word' id='word_1_502' title='bbox 741 5539 860 5593; x_wconf 88' lang='lat' dir='ltr'><strong>cod.</strong></span> <span class='ocrx_word' id='word_1_503' title='bbox 884 5536 1045 5592; x_wconf 88' lang='lat' dir='ltr'><strong>Barb.</strong></span> <span class='ocrx_word' id='word_1_504' title='bbox 1071 5535 1237 5591; x_wconf 87' lang='lat' dir='ltr'><strong>Cone.</strong></span> <span class='ocrx_word' id='word_1_505' title='bbox 1263 5549 1317 5589; x_wconf 76' lang='lat' dir='ltr'><strong>tv</strong></span> <span class='ocrx_word' id='word_1_506' title='bbox 1342 5531 1530 5588; x_wconf 88' lang='lat' dir='ltr'><strong>Carth.</strong></span> <span class='ocrx_word' id='word_1_507' title='bbox 1557 5531 1607 5586; x_wconf 67' lang='grc' dir='ltr'><strong>ὁ.</strong></span> <span class='ocrx_word' id='word_1_508' title='bbox 1632 5532 1719 5587; x_wconf 80' lang='lat'><strong>58.</strong></span> 
     </span>
    </p>
   </div>
   <div class='ocr_carea' id='block_1_75' title="bbox 421 5603 2003 5734">
    <p class='ocr_par' dir='ltr' id='par_1_75' title="bbox 421 5603 2003 5734">
     <span class='ocr_line' id='line_1_75' title="bbox 421 5603 2003 5734; baseline -0.003 -71"><span class='ocrx_word' id='word_1_509' title='bbox 421 5679 436 5734; x_wconf 68' lang='lat' dir='ltr'><strong>l</strong></span> <span class='ocrx_word' id='word_1_510' title='bbox 484 5610 513 5730; x_wconf 65' lang='grc'><strong>1(</strong></span> <span class='ocrx_word' id='word_1_511' title='bbox 558 5608 680 5664; x_wconf 75' lang='lat' dir='ltr'><strong>Vid.</strong></span> <span class='ocrx_word' id='word_1_512' title='bbox 711 5607 841 5678; x_wconf 90' lang='lat' dir='ltr'><strong>Cap.</strong></span> <span class='ocrx_word' id='word_1_513' title='bbox 866 5606 1123 5661; x_wconf 81' lang='lat' dir='ltr'><strong>Adrianil</strong></span> <span class='ocrx_word' id='word_1_514' title='bbox 1145 5604 1484 5677; x_wconf 86' lang='lat' dir='ltr'><strong>lngelramno</strong></span> <span class='ocrx_word' id='word_1_515' title='bbox 1512 5603 1637 5657; x_wconf 84' lang='lat' dir='ltr'><strong>data</strong></span> <span class='ocrx_word' id='word_1_516' title='bbox 1657 5618 1775 5674; x_wconf 90' lang='lat' dir='ltr'><strong>cap.</strong></span> <span class='ocrx_word' id='word_1_517' title='bbox 1795 5604 2003 5676; x_wconf 69' lang='lat' dir='ltr'><strong>“pau-</strong></span> 
     </span>
     <span class='ocr_line' id='line_1_76' title="bbox 449 5693 736 5732; baseline -0.01 0"><span class='ocrx_word' id='word_1_518' title='bbox 449 5696 480 5732; x_wconf 90' lang='lat' dir='ltr'><strong>u</strong></span> <span class='ocrx_word' id='word_1_519' title='bbox 505 5693 593 5730; x_wconf 86' lang='lat' dir='ltr'><strong>mn</strong></span> <span class='ocrx_word' id='word_1_520' title='bbox 618 5693 736 5730; x_wconf 72' lang='lat' dir='ltr'><strong>var.</strong></span> 
     </span>
    </p>
   </div>
   <div class='ocr_carea' id='block_1_76' title="bbox 449 5693 736 5732">
    <p class='ocr_par' dir='ltr' id='par_1_76' title="bbox 449 5693 736 5732">
     <span class='ocr_line' id='line_1_77' title="bbox 449 5693 736 5732; baseline -0.01 0"><span class='ocrx_word' id='word_1_521' title='bbox 449 5693 593 5732; x_wconf 78' lang='lat' dir='ltr'><strong>Ullllll</strong></span> <span class='ocrx_word' id='word_1_522' title='bbox 618 5693 736 5730; x_wconf 71' lang='lat' dir='ltr'><strong>var.</strong></span> 
     </span>
    </p>
   </div>
   <div class='ocr_carea' id='block_1_77' title="bbox 498 5744 2001 5818">
    <p class='ocr_par' dir='ltr' id='par_1_77' title="bbox 498 5744 2001 5818">
     <span class='ocr_line' id='line_1_78' title="bbox 498 5744 2001 5818; baseline 0.001 -18"><span class='ocrx_word' id='word_1_523' title='bbox 498 5749 524 5787; x_wconf 75' lang='grc'><strong><em>⁸</em></strong></span> <span class='ocrx_word' id='word_1_524' title='bbox 559 5744 655 5800; x_wconf 83' lang='lat' dir='ltr'><strong>llic</strong></span> <span class='ocrx_word' id='word_1_525' title='bbox 681 5745 828 5801; x_wconf 88' lang='lat' dir='ltr'><strong>locus</strong></span> <span class='ocrx_word' id='word_1_526' title='bbox 856 5746 1055 5803; x_wconf 85' lang='lat' dir='ltr'><strong>citatur</strong></span> <span class='ocrx_word' id='word_1_527' title='bbox 1075 5761 1292 5818; x_wconf 66' lang='lat' dir='ltr'><strong>quosue</strong></span> <span class='ocrx_word' id='word_1_528' title='bbox 1316 5745 1383 5802; x_wconf 83' lang='lat' dir='ltr'><strong>ab</strong></span> <span class='ocrx_word' id='word_1_529' title='bbox 1412 5744 1648 5817; x_wconf 82' lang='lat' dir='ltr'><strong>Egberto</strong></span> <span class='ocrx_word' id='word_1_530' title='bbox 1672 5744 2001 5804; x_wconf 87' lang='lat' dir='ltr'><strong>Eboracensi</strong></span> 
     </span>
    </p>
   </div>
   <div class='ocr_carea' id='block_1_78' title="bbox 2059 1905 3031 1970">
    <p class='ocr_par' dir='ltr' id='par_1_78' title="bbox 2059 1905 3031 1970">
     <span class='ocr_line' id='line_1_79' title="bbox 2059 1905 3031 1970; baseline -0.002 -8"><span class='ocrx_word' id='word_1_531' title='bbox 2059 1908 2398 1970; x_wconf 90' lang='lat' dir='ltr'><strong>damnentur,</strong></span> <span class='ocrx_word' id='word_1_532' title='bbox 2426 1906 2529 1960; x_wconf 90' lang='lat' dir='ltr'><strong>nisi</strong></span> <span class='ocrx_word' id='word_1_533' title='bbox 2560 1907 2616 1961; x_wconf 89' lang='lat' dir='ltr'><strong>in</strong></span> <span class='ocrx_word' id='word_1_534' title='bbox 2643 1906 2674 1958; x_wconf 86' lang='lat'><strong>7</strong></span> <span class='ocrx_word' id='word_1_535' title='bbox 2701 1905 3031 1960; x_wconf 89' lang='lat' dir='ltr'><strong>testimonia.</strong></span> 
     </span>
    </p>
   </div>
   <div class='ocr_carea' id='block_1_79' title="bbox 2383 1996 3309 2062">
    <p class='ocr_par' dir='ltr' id='par_1_79' title="bbox 2383 1996 3309 2062">
     <span class='ocr_line' id='line_1_80' title="bbox 2383 1996 3309 2062; baseline 0.002 -10"><span class='ocrx_word' id='word_1_536' title='bbox 2383 1998 2565 2053; x_wconf 84' lang='lat' dir='ltr'><strong>Canon</strong></span> <span class='ocrx_word' id='word_1_537' title='bbox 2595 1996 3051 2062; x_wconf 77' lang='lat' dir='ltr'><strong>Chalcedonensis,</strong></span> <span class='ocrx_word' id='word_1_538' title='bbox 3086 2016 3194 2054; x_wconf 68' lang='grc' dir='ltr'><strong>αντα</strong></span> <span class='ocrx_word' id='word_1_539' title='bbox 3219 1999 3309 2055; x_wconf 75' lang='grc'><strong>52.</strong></span> 
     </span>
    </p>
   </div>
   <div class='ocr_carea' id='block_1_80' title="bbox 2128 2087 3652 2162">
    <p class='ocr_par' dir='ltr' id='par_1_80' title="bbox 2128 2087 3652 2162">
     <span class='ocr_line' id='line_1_81' title="bbox 2128 2087 3652 2162; baseline 0.003 -18"><span class='ocrx_word' id='word_1_540' title='bbox 2128 2090 2158 2129; x_wconf 74' lang='grc' dir='ltr'><strong>ιι</strong></span> <span class='ocrx_word' id='word_1_541' title='bbox 2189 2087 2425 2144; x_wconf 89' lang='lat' dir='ltr'><strong>Clericos</strong></span> <span class='ocrx_word' id='word_1_542' title='bbox 2453 2096 2546 2142; x_wconf 90' lang='lat' dir='ltr'><strong>aut</strong></span> <span class='ocrx_word' id='word_1_543' title='bbox 2572 2088 2739 2145; x_wconf 81' lang='lat' dir='ltr'><strong>laicos</strong></span> <span class='ocrx_word' id='word_1_544' title='bbox 2769 2097 3085 2145; x_wconf 87' lang='lat' dir='ltr'><strong>accusantes</strong></span> <span class='ocrx_word' id='word_1_545' title='bbox 3109 2091 3391 2162; x_wconf 89' lang='lat' dir='ltr'><strong>episcopos</strong></span> <span class='ocrx_word' id='word_1_546' title='bbox 3420 2093 3508 2148; x_wconf 83' lang='lat' dir='ltr'><strong>vel</strong></span> <span class='ocrx_word' id='word_1_547' title='bbox 3537 2093 3652 2149; x_wconf 90' lang='lat' dir='ltr'><strong>cle-</strong></span> 
     </span>
    </p>
   </div>
   <div class='ocr_carea' id='block_1_81' title="bbox 2061 2178 3656 2251">
    <p class='ocr_par' dir='ltr' id='par_1_81' title="bbox 2061 2178 3656 2251">
     <span class='ocr_line' id='line_1_82' title="bbox 2061 2178 3656 2251; baseline 0.003 -16"><span class='ocrx_word' id='word_1_548' title='bbox 2061 2180 2226 2246; x_wconf 90' lang='lat' dir='ltr'><strong>ricos,</strong></span> <span class='ocrx_word' id='word_1_549' title='bbox 2251 2180 2454 2250; x_wconf 90' lang='lat' dir='ltr'><strong>passim</strong></span> <span class='ocrx_word' id='word_1_550' title='bbox 2478 2178 2533 2235; x_wconf 86' lang='lat' dir='ltr'><strong>et</strong></span> <span class='ocrx_word' id='word_1_551' title='bbox 2556 2180 2673 2234; x_wconf 89' lang='lat' dir='ltr'><strong>sine</strong></span> <span class='ocrx_word' id='word_1_552' title='bbox 2700 2180 3016 2251; x_wconf 47' lang='lat' dir='ltr'><strong>probatione</strong></span> <span class='ocrx_word' id='word_1_553' title='bbox 3038 2183 3105 2237; x_wconf 90' lang='lat' dir='ltr'><strong>ad</strong></span> <span class='ocrx_word' id='word_1_554' title='bbox 3133 2184 3533 2239; x_wconf 88' lang='lat' dir='ltr'><strong>accusationem</strong></span> <span class='ocrx_word' id='word_1_555' title='bbox 3564 2202 3656 2240; x_wconf 86' lang='lat' dir='ltr'><strong>re-</strong></span> 
     </span>
    </p>
   </div>
   <div class='ocr_carea' id='block_1_82' title="bbox 2063 2270 3657 2342">
    <p class='ocr_par' dir='ltr' id='par_1_82' title="bbox 2063 2270 3657 2342">
     <span class='ocr_line' id='line_1_83' title="bbox 2063 2270 3657 2342; baseline 0.004 -16"><span class='ocrx_word' id='word_1_556' title='bbox 2063 2271 2168 2342; x_wconf 90' lang='lat' dir='ltr'><strong>cipi</strong></span> <span class='ocrx_word' id='word_1_557' title='bbox 2198 2285 2304 2327; x_wconf 91' lang='lat' dir='ltr'><strong>non</strong></span> <span class='ocrx_word' id='word_1_558' title='bbox 2335 2271 2555 2335; x_wconf 87' lang='lat' dir='ltr'><strong>debere,</strong></span> <span class='ocrx_word' id='word_1_559' title='bbox 2579 2270 2682 2326; x_wconf 91' lang='lat' dir='ltr'><strong>nisi</strong></span> <span class='ocrx_word' id='word_1_560' title='bbox 2708 2271 2860 2342; x_wconf 91' lang='lat' dir='ltr'><strong>prius</strong></span> <span class='ocrx_word' id='word_1_561' title='bbox 2889 2273 3208 2329; x_wconf 90' lang='lat' dir='ltr'><strong>discutiatur</strong></span> <span class='ocrx_word' id='word_1_562' title='bbox 3231 2275 3657 2333; x_wconf 77' lang='lat' dir='ltr'><strong>existimationis</strong></span> 
     </span>
    </p>
   </div>
   <div class='ocr_carea' id='block_1_83' title="bbox 2064 2361 3659 2435">
    <p class='ocr_par' dir='ltr' id='par_1_83' title="bbox 2064 2361 3659 2435">
     <span class='ocr_line' id='line_1_84' title="bbox 2064 2361 3659 2435; baseline 0.004 -17"><span class='ocrx_word' id='word_1_563' title='bbox 2064 2361 2265 2434; x_wconf 89' lang='lat' dir='ltr'><strong>opinio.</strong></span> <span class='ocrx_word' id='word_1_564' title='bbox 2303 2363 2319 2403; x_wconf 82' lang='lat' dir='ltr'><strong>i</strong></span> <span class='ocrx_word' id='word_1_565' title='bbox 2350 2362 2581 2428; x_wconf 87' lang='lat' dir='ltr'><strong>Placuit,</strong></span> <span class='ocrx_word' id='word_1_566' title='bbox 2618 2371 2680 2417; x_wconf 94' lang='lat' dir='ltr'><strong>ut</strong></span> <span class='ocrx_word' id='word_1_567' title='bbox 2705 2378 2922 2435; x_wconf 87' lang='lat' dir='ltr'><strong>semper</strong></span> <span class='ocrx_word' id='word_1_568' title='bbox 2962 2365 3016 2420; x_wconf 90' lang='lat' dir='ltr'><strong>in</strong></span> <span class='ocrx_word' id='word_1_569' title='bbox 3052 2368 3396 2424; x_wconf 86' lang='lat' dir='ltr'><strong>accusatione</strong></span> <span class='ocrx_word' id='word_1_570' title='bbox 3424 2369 3659 2425; x_wconf 85' lang='lat' dir='ltr'><strong>clerico-</strong></span> 
     </span>
    </p>
   </div>
   <div class='ocr_carea' id='block_1_84' title="bbox 2066 2453 3658 2528">
    <p class='ocr_par' dir='ltr' id='par_1_84' title="bbox 2066 2453 3658 2528">
     <span class='ocr_line' id='line_1_85' title="bbox 2066 2453 3658 2528; baseline 0.003 -18"><span class='ocrx_word' id='word_1_571' title='bbox 2066 2470 2184 2510; x_wconf 88' lang='lat' dir='ltr'><strong>rum</strong></span> <span class='ocrx_word' id='word_1_572' title='bbox 2212 2453 2344 2510; x_wconf 83' lang='lat' dir='ltr'><strong>fides</strong></span> <span class='ocrx_word' id='word_1_573' title='bbox 2366 2460 2422 2508; x_wconf 83' lang='lat' dir='ltr'><strong>et</strong></span> <span class='ocrx_word' id='word_1_574' title='bbox 2449 2453 2559 2507; x_wconf 88' lang='lat' dir='ltr'><strong>vita</strong></span> <span class='ocrx_word' id='word_1_575' title='bbox 2587 2453 3069 2524; x_wconf 84' lang='lat' dir='ltr'><strong>blasphemantium</strong></span> <span class='ocrx_word' id='word_1_576' title='bbox 3097 2468 3485 2528; x_wconf 87' lang='lat' dir='ltr'><strong>perscrutetur.</strong></span> <span class='ocrx_word' id='word_1_577' title='bbox 3513 2459 3658 2515; x_wconf 87' lang='lat' dir='ltr'><strong>Nam</strong></span> 
     </span>
    </p>
   </div>
   <div class='ocr_carea' id='block_1_85' title="bbox 1978 2542 3660 2621">
    <p class='ocr_par' dir='ltr' id='par_1_85' title="bbox 1978 2542 3660 2621">
     <span class='ocr_line' id='line_1_86' title="bbox 1978 2542 3660 2621; baseline 0.006 -25"><span class='ocrx_word' id='word_1_578' title='bbox 1978 2542 2003 2552; x_wconf 76' lang='lat'><strong>’</strong></span> <span class='ocrx_word' id='word_1_579' title='bbox 2067 2542 2252 2599; x_wconf 85' lang='lat' dir='ltr'><strong>fideles</strong></span> <span class='ocrx_word' id='word_1_580' title='bbox 2281 2557 2470 2598; x_wconf 85' lang='lat' dir='ltr'><strong>omnes</strong></span> <span class='ocrx_word' id='word_1_581' title='bbox 2510 2550 2664 2598; x_wconf 91' lang='lat' dir='ltr'><strong>actus</strong></span> <span class='ocrx_word' id='word_1_582' title='bbox 2708 2544 2945 2601; x_wconf 90' lang='lat' dir='ltr'><strong>hominis</strong></span> <span class='ocrx_word' id='word_1_583' title='bbox 2969 2546 3128 2602; x_wconf 90' lang='lat' dir='ltr'><strong>debet</strong></span> <span class='ocrx_word' id='word_1_584' title='bbox 3163 2550 3494 2619; x_wconf 66' lang='lat' dir='ltr'><strong>praecedere,</strong></span> <span class='ocrx_word' id='word_1_585' title='bbox 3522 2553 3660 2621; x_wconf 84' lang='lat' dir='ltr'><strong>quia</strong></span> 
     </span>
    </p>
   </div>
   <div class='ocr_carea' id='block_1_86' title="bbox 2069 2632 3664 2697">
    <p class='ocr_par' dir='ltr' id='par_1_86' title="bbox 2069 2632 3664 2697">
     <span class='ocr_line' id='line_1_87' title="bbox 2069 2632 3664 2697; baseline 0.004 -8"><span class='ocrx_word' id='word_1_586' title='bbox 2069 2633 2263 2689; x_wconf 87' lang='lat' dir='ltr'><strong>dubius</strong></span> <span class='ocrx_word' id='word_1_587' title='bbox 2289 2634 2345 2688; x_wconf 88' lang='lat' dir='ltr'><strong>in</strong></span> <span class='ocrx_word' id='word_1_588' title='bbox 2382 2632 2485 2689; x_wconf 87' lang='lat' dir='ltr'><strong>ﬁde</strong></span> <span class='ocrx_word' id='word_1_589' title='bbox 2518 2633 2767 2689; x_wconf 85' lang='lat' dir='ltr'><strong>infidelis.</strong></span> <span class='ocrx_word' id='word_1_590' title='bbox 2797 2634 2909 2690; x_wconf 84' lang='lat' dir='ltr'><strong>Nec</strong></span> <span class='ocrx_word' id='word_1_591' title='bbox 2949 2636 3030 2691; x_wconf 90' lang='lat' dir='ltr'><strong>eis</strong></span> <span class='ocrx_word' id='word_1_592' title='bbox 3071 2638 3292 2693; x_wconf 85' lang='lat' dir='ltr'><strong>omnino</strong></span> <span class='ocrx_word' id='word_1_593' title='bbox 3318 2647 3403 2695; x_wconf 87' lang='lat' dir='ltr'><strong>est</strong></span> <span class='ocrx_word' id='word_1_594' title='bbox 3428 2642 3664 2697; x_wconf 83' lang='lat' dir='ltr'><strong>creden-</strong></span> 
     </span>
    </p>
   </div>
   <div class='ocr_carea' id='block_1_87' title="bbox 2069 2724 3665 2799">
    <p class='ocr_par' dir='ltr' id='par_1_87' title="bbox 2069 2724 3665 2799">
     <span class='ocr_line' id='line_1_88' title="bbox 2069 2724 3665 2799; baseline 0.006 -21"><span class='ocrx_word' id='word_1_595' title='bbox 2069 2724 2197 2779; x_wconf 92' lang='lat' dir='ltr'><strong>dum</strong></span> <span class='ocrx_word' id='word_1_596' title='bbox 2224 2725 2314 2793; x_wconf 89' lang='lat' dir='ltr'><strong>qui</strong></span> <span class='ocrx_word' id='word_1_597' title='bbox 2351 2732 2443 2779; x_wconf 91' lang='lat' dir='ltr'><strong>aut</strong></span> <span class='ocrx_word' id='word_1_598' title='bbox 2471 2725 2716 2782; x_wconf 83' lang='lat' dir='ltr'><strong>veritatis</strong></span> <span class='ocrx_word' id='word_1_599' title='bbox 2742 2724 2902 2781; x_wconf 84' lang='lat' dir='ltr'><strong>fidem</strong></span> <span class='ocrx_word' id='word_1_600' title='bbox 2928 2727 3201 2799; x_wconf 84' lang='lat' dir='ltr'><strong>ignorant,</strong></span> <span class='ocrx_word' id='word_1_601' title='bbox 3227 2737 3322 2784; x_wconf 93' lang='lat' dir='ltr'><strong>aut</strong></span> <span class='ocrx_word' id='word_1_602' title='bbox 3355 2746 3463 2785; x_wconf 86' lang='lat' dir='ltr'><strong>non</strong></span> <span class='ocrx_word' id='word_1_603' title='bbox 3506 2742 3665 2787; x_wconf 84' lang='lat' dir='ltr'><strong>recte</strong></span> 
     </span>
    </p>
   </div>
   <div class='ocr_carea' id='block_1_88' title="bbox 2072 2812 3663 2885">
    <p class='ocr_par' dir='ltr' id='par_1_88' title="bbox 2072 2812 3663 2885">
     <span class='ocr_line' id='line_1_89' title="bbox 2072 2812 3663 2885; baseline 0.003 -16"><span class='ocrx_word' id='word_1_604' title='bbox 2072 2812 2498 2870; x_wconf 73' lang='lat' dir='ltr'><strong>conversationis</strong></span> <span class='ocrx_word' id='word_1_605' title='bbox 2522 2815 2745 2882; x_wconf 88' lang='lat' dir='ltr'><strong>ducunt,</strong></span> <span class='ocrx_word' id='word_1_606' title='bbox 2774 2816 3027 2885; x_wconf 89' lang='lat' dir='ltr'><strong>quoniam</strong></span> <span class='ocrx_word' id='word_1_607' title='bbox 3058 2816 3191 2873; x_wconf 91' lang='lat' dir='ltr'><strong>tales</strong></span> <span class='ocrx_word' id='word_1_608' title='bbox 3216 2817 3373 2874; x_wconf 87' lang='lat' dir='ltr'><strong>facile</strong></span> <span class='ocrx_word' id='word_1_609' title='bbox 3402 2830 3458 2875; x_wconf 91' lang='lat' dir='ltr'><strong>et</strong></span> <span class='ocrx_word' id='word_1_610' title='bbox 3491 2821 3663 2877; x_wconf 86' lang='lat' dir='ltr'><strong>indif-</strong></span> 
     </span>
    </p>
   </div>
   <div class='ocr_carea' id='block_1_89' title="bbox 2074 2905 3663 2985">
    <p class='ocr_par' dir='ltr' id='par_1_89' title="bbox 2074 2905 3663 2985">
     <span class='ocr_line' id='line_1_90' title="bbox 2074 2905 3663 2985; baseline 0.005 -24"><span class='ocrx_word' id='word_1_611' title='bbox 2074 2905 2311 2962; x_wconf 88' lang='lat' dir='ltr'><strong>ferenter</strong></span> <span class='ocrx_word' id='word_1_612' title='bbox 2357 2906 2599 2962; x_wconf 90' lang='lat' dir='ltr'><strong>lacerant</strong></span> <span class='ocrx_word' id='word_1_613' title='bbox 2643 2916 2699 2961; x_wconf 91' lang='lat' dir='ltr'><strong>et</strong></span> <span class='ocrx_word' id='word_1_614' title='bbox 2735 2909 3095 2966; x_wconf 88' lang='lat' dir='ltr'><strong>criminantur</strong></span> <span class='ocrx_word' id='word_1_615' title='bbox 3140 2920 3288 2968; x_wconf 88' lang='lat' dir='ltr'><strong>recte</strong></span> <span class='ocrx_word' id='word_1_616' title='bbox 3332 2912 3526 2985; x_wconf 84' lang='lat' dir='ltr'><strong>pieque</strong></span> <span class='ocrx_word' id='word_1_617' title='bbox 3576 2914 3663 2969; x_wconf 77' lang='lat' dir='ltr'><strong>vi-</strong></span> 
     </span>
    </p>
   </div>
   <div class='ocr_carea' id='block_1_90' title="bbox 2074 3008 2282 3055">
    <p class='ocr_par' dir='ltr' id='par_1_90' title="bbox 2074 3008 2282 3055">
     <span class='ocr_line' id='line_1_91' title="bbox 2074 3008 2282 3055; baseline -0.005 -3"><span class='ocrx_word' id='word_1_618' title='bbox 2074 3008 2282 3055; x_wconf 87' lang='lat' dir='ltr'><strong>ventes.</strong></span> 
     </span>
    </p>
   </div>
   <div class='ocr_carea' id='block_1_91' title="bbox 2721 3090 2991 3149">
    <p class='ocr_par' dir='ltr' id='par_1_91' title="bbox 2721 3090 2991 3149">
     <span class='ocr_line' id='line_1_92' title="bbox 2721 3090 2991 3149; baseline -0.004 -2"><span class='ocrx_word' id='word_1_619' title='bbox 2721 3090 2856 3148; x_wconf 62' lang='lat' dir='ltr'><strong>zEra</strong></span> <span class='ocrx_word' id='word_1_620' title='bbox 2904 3095 2991 3149; x_wconf 76' lang='lat'><strong>35.</strong></span> 
     </span>
    </p>
   </div>
   <div class='ocr_carea' id='block_1_92' title="bbox 2146 3205 3667 3283">
    <p class='ocr_par' dir='ltr' id='par_1_92' title="bbox 2146 3205 3667 3283">
     <span class='ocr_line' id='line_1_93' title="bbox 2146 3205 3667 3283; baseline 0.009 -28"><span class='ocrx_word' id='word_1_621' title='bbox 2146 3206 2160 3255; x_wconf 76' lang='lat' dir='ltr'><strong>i</strong></span> <span class='ocrx_word' id='word_1_622' title='bbox 2211 3205 2279 3262; x_wconf 90' lang='lat' dir='ltr'><strong>Ut</strong></span> <span class='ocrx_word' id='word_1_623' title='bbox 2306 3205 2483 3261; x_wconf 87' lang='lat' dir='ltr'><strong>nullus</strong></span> <span class='ocrx_word' id='word_1_624' title='bbox 2503 3206 2666 3277; x_wconf 88' lang='lat' dir='ltr'><strong>judex</strong></span> <span class='ocrx_word' id='word_1_625' title='bbox 2698 3220 2871 3277; x_wconf 86' lang='lat' dir='ltr'><strong>neque</strong></span> <span class='ocrx_word' id='word_1_626' title='bbox 2911 3210 3305 3281; x_wconf 84' lang='lat' dir='ltr'><strong>presbyterum,</strong></span> <span class='ocrx_word' id='word_1_627' title='bbox 3340 3227 3518 3283; x_wconf 87' lang='lat' dir='ltr'><strong>neque</strong></span> <span class='ocrx_word' id='word_1_628' title='bbox 3540 3214 3667 3269; x_wconf 83' lang='lat' dir='ltr'><strong>dia-</strong></span> 
     </span>
    </p>
   </div>
   <div class='ocr_carea' id='block_1_93' title="bbox 2074 3297 3671 3367">
    <p class='ocr_par' dir='ltr' id='par_1_93' title="bbox 2074 3297 3671 3367">
     <span class='ocr_line' id='line_1_94' title="bbox 2074 3297 3671 3367; baseline 0.004 -14"><span class='ocrx_word' id='word_1_629' title='bbox 2074 3312 2269 3353; x_wconf 89' lang='lat' dir='ltr'><strong>conum</strong></span> <span class='ocrx_word' id='word_1_630' title='bbox 2295 3297 2379 3352; x_wconf 86' lang='lat' dir='ltr'><strong>vel</strong></span> <span class='ocrx_word' id='word_1_631' title='bbox 2407 3297 2682 3363; x_wconf 87' lang='lat' dir='ltr'><strong>clericum,</strong></span> <span class='ocrx_word' id='word_1_632' title='bbox 2714 3314 2779 3353; x_wconf 90' lang='lat' dir='ltr'><strong>ac</strong></span> <span class='ocrx_word' id='word_1_633' title='bbox 2813 3297 3059 3367; x_wconf 88' lang='lat' dir='ltr'><strong>juniores</strong></span> <span class='ocrx_word' id='word_1_634' title='bbox 3105 3300 3350 3356; x_wconf 73' lang='lat' dir='ltr'><strong>ecclesia:</strong></span> <span class='ocrx_word' id='word_1_635' title='bbox 3373 3302 3493 3358; x_wconf 85' lang='lat' dir='ltr'><strong>sine</strong></span> <span class='ocrx_word' id='word_1_636' title='bbox 3524 3318 3671 3359; x_wconf 78' lang='lat' dir='ltr'><strong>cou-</strong></span> 
     </span>
    </p>
   </div>
   <div class='ocr_carea' id='block_1_94' title="bbox 2075 3389 3675 3463">
    <p class='ocr_par' dir='ltr' id='par_1_94' title="bbox 2075 3389 3675 3463">
     <span class='ocr_line' id='line_1_95' title="bbox 2075 3389 3675 3463; baseline 0.004 -17"><span class='ocrx_word' id='word_1_637' title='bbox 2075 3391 2301 3447; x_wconf 84' lang='lat' dir='ltr'><strong>scientia</strong></span> <span class='ocrx_word' id='word_1_638' title='bbox 2334 3389 2605 3460; x_wconf 84' lang='lat' dir='ltr'><strong>pontiﬁcis</strong></span> <span class='ocrx_word' id='word_1_639' title='bbox 2647 3405 2746 3460; x_wconf 86' lang='lat' dir='ltr'><strong>per</strong></span> <span class='ocrx_word' id='word_1_640' title='bbox 2787 3406 2847 3446; x_wconf 89' lang='lat' dir='ltr'><strong>se</strong></span> <span class='ocrx_word' id='word_1_641' title='bbox 2891 3392 3199 3463; x_wconf 88' lang='lat' dir='ltr'><strong>distringat,</strong></span> <span class='ocrx_word' id='word_1_642' title='bbox 3254 3402 3348 3448; x_wconf 87' lang='lat' dir='ltr'><strong>aut</strong></span> <span class='ocrx_word' id='word_1_643' title='bbox 3404 3394 3675 3452; x_wconf 79' lang='lat' dir='ltr'><strong>damnare</strong></span> 
     </span>
    </p>
   </div>
   <div class='ocr_carea' id='block_1_95' title="bbox 2077 3482 3672 3555">
    <p class='ocr_par' dir='ltr' id='par_1_95' title="bbox 2077 3482 3672 3555">
     <span class='ocr_line' id='line_1_96' title="bbox 2077 3482 3672 3555; baseline 0.004 -17"><span class='ocrx_word' id='word_1_644' title='bbox 2077 3492 2389 3555; x_wconf 76' lang='lat' dir='ltr'><strong>praesumat.</strong></span> <span class='ocrx_word' id='word_1_645' title='bbox 2461 3482 2613 3550; x_wconf 84' lang='lat' dir='ltr'><strong>Quod</strong></span> <span class='ocrx_word' id='word_1_646' title='bbox 2661 3483 2708 3538; x_wconf 90' lang='lat' dir='ltr'><strong>si</strong></span> <span class='ocrx_word' id='word_1_647' title='bbox 2749 3482 2977 3548; x_wconf 90' lang='lat' dir='ltr'><strong>fecerit,</strong></span> <span class='ocrx_word' id='word_1_648' title='bbox 3028 3486 3100 3539; x_wconf 89' lang='lat' dir='ltr'><strong>ab</strong></span> <span class='ocrx_word' id='word_1_649' title='bbox 3139 3485 3370 3541; x_wconf 84' lang='lat' dir='ltr'><strong>ecclesia</strong></span> <span class='ocrx_word' id='word_1_650' title='bbox 3394 3488 3484 3545; x_wconf 82' lang='lat' dir='ltr'><strong>cui</strong></span> <span class='ocrx_word' id='word_1_651' title='bbox 3521 3488 3672 3544; x_wconf 76' lang='lat' dir='ltr'><strong>irro-</strong></span> 
     </span>
    </p>
   </div>
   <div class='ocr_carea' id='block_1_96' title="bbox 2078 3574 3676 3648">
    <p class='ocr_par' dir='ltr' id='par_1_96' title="bbox 2078 3574 3676 3648">
     <span class='ocr_line' id='line_1_97' title="bbox 2078 3574 3676 3648; baseline 0.004 -19"><span class='ocrx_word' id='word_1_652' title='bbox 2078 3590 2208 3646; x_wconf 87' lang='lat' dir='ltr'><strong>gare</strong></span> <span class='ocrx_word' id='word_1_653' title='bbox 2257 3574 2508 3643; x_wconf 87' lang='lat' dir='ltr'><strong>injuriam</strong></span> <span class='ocrx_word' id='word_1_654' title='bbox 2558 3574 2894 3645; x_wconf 69' lang='lat' dir='ltr'><strong>dignoScitur</strong></span> <span class='ocrx_word' id='word_1_655' title='bbox 2919 3615 2936 3640; x_wconf 95' lang='lat'><strong>,</strong></span> <span class='ocrx_word' id='word_1_656' title='bbox 2987 3577 3172 3629; x_wconf 86' lang='lat' dir='ltr'><strong>taudiu</strong></span> <span class='ocrx_word' id='word_1_657' title='bbox 3223 3578 3295 3631; x_wconf 88' lang='lat' dir='ltr'><strong>sit</strong></span> <span class='ocrx_word' id='word_1_658' title='bbox 3355 3589 3676 3648; x_wconf 76' lang='lat' dir='ltr'><strong>sequestra-</strong></span> 
     </span>
    </p>
   </div>
   <div class='ocr_carea' id='block_1_97' title="bbox 2081 3664 3677 3742">
    <p class='ocr_par' dir='ltr' id='par_1_97' title="bbox 2081 3664 3677 3742">
     <span class='ocr_line' id='line_1_98' title="bbox 2081 3664 3677 3742; baseline 0.002 -21"><span class='ocrx_word' id='word_1_659' title='bbox 2081 3675 2168 3723; x_wconf 91' lang='lat' dir='ltr'><strong>tus</strong></span> <span class='ocrx_word' id='word_1_660' title='bbox 2193 3706 2208 3731; x_wconf 96' lang='lat'><strong>,</strong></span> <span class='ocrx_word' id='word_1_661' title='bbox 2262 3664 2500 3736; x_wconf 89' lang='lat' dir='ltr'><strong>quandiu</strong></span> <span class='ocrx_word' id='word_1_662' title='bbox 2566 3672 2747 3721; x_wconf 91' lang='lat' dir='ltr'><strong>reatus</strong></span> <span class='ocrx_word' id='word_1_663' title='bbox 2796 3664 2880 3719; x_wconf 89' lang='lat' dir='ltr'><strong>sui</strong></span> <span class='ocrx_word' id='word_1_664' title='bbox 2930 3666 3291 3722; x_wconf 87' lang='lat' dir='ltr'><strong>temeritatem</strong></span> <span class='ocrx_word' id='word_1_665' title='bbox 3333 3670 3581 3742; x_wconf 79' lang='lat' dir='ltr'><strong>corrigat</strong></span> <span class='ocrx_word' id='word_1_666' title='bbox 3620 3679 3677 3725; x_wconf 80' lang='lat' dir='ltr'><strong>et</strong></span> 
     </span>
    </p>
   </div>
   <div class='ocr_carea' id='block_1_98' title="bbox 2677 3845 3066 3903">
    <p class='ocr_par' dir='ltr' id='par_1_98' title="bbox 2677 3845 3066 3903">
     <span class='ocr_line' id='line_1_99' title="bbox 2677 3845 3066 3903; baseline -0.008 -1"><span class='ocrx_word' id='word_1_667' title='bbox 2677 3845 2904 3903; x_wconf 85' lang='lat' dir='ltr'><strong>CAPUT</strong></span> <span class='ocrx_word' id='word_1_668' title='bbox 2931 3846 3066 3901; x_wconf 78' lang='lat' dir='ltr'><strong>XLI.</strong></span> 
     </span>
    </p>
   </div>
   <div class='ocr_carea' id='block_1_99' title="bbox 2085 3975 3679 4025">
    <p class='ocr_par' dir='ltr' id='par_1_99' title="bbox 2085 3975 3679 4025">
     <span class='ocr_line' id='line_1_100' title="bbox 2085 3975 3679 4025; baseline -0.001 -5"><span class='ocrx_word' id='word_1_669' title='bbox 2085 3980 2151 4020; x_wconf 80' lang='lat' dir='ltr'><strong>ns</strong></span> <span class='ocrx_word' id='word_1_670' title='bbox 2189 3977 2430 4019; x_wconf 78' lang='lat' dir='ltr'><strong>CLERICIS</strong></span> <span class='ocrx_word' id='word_1_671' title='bbox 2468 3975 2764 4025; x_wconf 73' lang='lat' dir='ltr'><strong>USUBABIIS,</strong></span> <span class='ocrx_word' id='word_1_672' title='bbox 2802 3976 2870 4015; x_wconf 75' lang='grc' dir='ltr'><strong>ετ</strong></span> <span class='ocrx_word' id='word_1_673' title='bbox 2906 3975 3163 4023; x_wconf 72' lang='grc' dir='ltr'>ειιιιιοειε,</span> <span class='ocrx_word' id='word_1_674' title='bbox 3203 3978 3273 4016; x_wconf 79' lang='grc' dir='ltr'><strong>ετ</strong></span> <span class='ocrx_word' id='word_1_675' title='bbox 3312 3978 3679 4019; x_wconf 68' lang='grc' dir='ltr'><strong>ηυυυεςοιιο</strong></span> 
     </span>
    </p>
   </div>
   <div class='ocr_carea' id='block_1_100' title="bbox 2156 4046 3678 4100">
    <p class='ocr_par' dir='ltr' id='par_1_100' title="bbox 2156 4046 3678 4100">
     <span class='ocr_line' id='line_1_101' title="bbox 2156 4046 3678 4100; baseline 0 -11"><span class='ocrx_word' id='word_1_676' title='bbox 2156 4048 2280 4089; x_wconf 72' lang='grc' dir='ltr'><strong>Βυδζ</strong></span> <span class='ocrx_word' id='word_1_677' title='bbox 2339 4047 2549 4087; x_wconf 74' lang='lat' dir='ltr'><strong>CONTRA</strong></span> <span class='ocrx_word' id='word_1_678' title='bbox 2586 4046 2869 4095; x_wconf 73' lang='lat' dir='ltr'><strong>CONVIVIA,</strong></span> <span class='ocrx_word' id='word_1_679' title='bbox 2931 4046 3031 4085; x_wconf 72' lang='grc' dir='ltr'>γει.</span> <span class='ocrx_word' id='word_1_680' title='bbox 3070 4047 3298 4087; x_wconf 69' lang='grc' dir='ltr'><strong>ΟΔΝἸΊΕΛ</strong></span> <span class='ocrx_word' id='word_1_681' title='bbox 3338 4049 3566 4100; x_wconf 66' lang='lat' dir='ltr'><strong>&#39;I&#39;L&#39;BPIA,</strong></span> <span class='ocrx_word' id='word_1_682' title='bbox 3607 4052 3678 4089; x_wconf 77' lang='grc' dir='ltr'><strong>ετ</strong></span> 
     </span>
    </p>
   </div>
   <div class='ocr_carea' id='block_1_101' title="bbox 2159 4115 2863 4158">
    <p class='ocr_par' dir='ltr' id='par_1_101' title="bbox 2159 4115 2863 4158">
     <span class='ocr_line' id='line_1_102' title="bbox 2159 4115 2863 4158; baseline -0.004 -1"><span class='ocrx_word' id='word_1_683' title='bbox 2159 4118 2282 4158; x_wconf 73' lang='grc' dir='ltr'><strong>ΑΗΔ</strong></span> <span class='ocrx_word' id='word_1_684' title='bbox 2320 4116 2491 4157; x_wconf 70' lang='grc' dir='ltr'>Ριυῐιι</span> <span class='ocrx_word' id='word_1_685' title='bbox 2523 4116 2607 4156; x_wconf 75' lang='lat' dir='ltr'><strong>HIS</strong></span> <span class='ocrx_word' id='word_1_686' title='bbox 2641 4115 2863 4155; x_wconf 73' lang='lat' dir='ltr'><strong>BIIIILlA.</strong></span> 
     </span>
    </p>
   </div>
   <div class='ocr_carea' id='block_1_102' title="bbox 2500 4210 3255 4277">
    <p class='ocr_par' dir='ltr' id='par_1_102' title="bbox 2500 4210 3255 4277">
     <span class='ocr_line' id='line_1_103' title="bbox 2500 4210 3255 4277; baseline -0.003 -9"><span class='ocrx_word' id='word_1_687' title='bbox 2500 4211 2683 4268; x_wconf 86' lang='lat' dir='ltr'><strong>Canon</strong></span> <span class='ocrx_word' id='word_1_688' title='bbox 2710 4210 2987 4277; x_wconf 72' lang='lat' dir='ltr'><strong>Nicmnus,</strong></span> <span class='ocrx_word' id='word_1_689' title='bbox 3038 4230 3147 4267; x_wconf 70' lang='lat' dir='ltr'><strong>a’ra</strong></span> <span class='ocrx_word' id='word_1_690' title='bbox 3172 4212 3255 4267; x_wconf 84' lang='lat' dir='ltr'><strong>i9.</strong></span> 
     </span>
    </p>
   </div>
   <div class='ocr_carea' id='block_1_103' title="bbox 2161 4323 3685 4396">
    <p class='ocr_par' dir='ltr' id='par_1_103' title="bbox 2161 4323 3685 4396">
     <span class='ocr_line' id='line_1_104' title="bbox 2161 4323 3685 4396; baseline 0.001 -15"><span class='ocrx_word' id='word_1_691' title='bbox 2161 4327 2187 4367; x_wconf 69' lang='grc' dir='ltr'><strong>ι</strong></span> <span class='ocrx_word' id='word_1_692' title='bbox 2224 4326 2294 4381; x_wconf 83' lang='grc' dir='ltr'>Ει</span> <span class='ocrx_word' id='word_1_693' title='bbox 2317 4340 2385 4380; x_wconf 90' lang='lat' dir='ltr'><strong>ne</strong></span> <span class='ocrx_word' id='word_1_694' title='bbox 2412 4324 2534 4396; x_wconf 91' lang='lat' dir='ltr'><strong>quis</strong></span> <span class='ocrx_word' id='word_1_695' title='bbox 2555 4323 2786 4380; x_wconf 88' lang='lat' dir='ltr'><strong>clericus</strong></span> <span class='ocrx_word' id='word_1_696' title='bbox 2805 4340 2998 4379; x_wconf 89' lang='lat' dir='ltr'><strong>usuras</strong></span> <span class='ocrx_word' id='word_1_697' title='bbox 3022 4325 3270 4395; x_wconf 89' lang='lat' dir='ltr'><strong>accipiat,</strong></span> <span class='ocrx_word' id='word_1_698' title='bbox 3297 4337 3392 4380; x_wconf 88' lang='lat' dir='ltr'><strong>aut</strong></span> <span class='ocrx_word' id='word_1_699' title='bbox 3415 4326 3685 4382; x_wconf 82' lang='lat' dir='ltr'><strong>frumenti</strong></span> 
     </span>
    </p>
   </div>
   <div class='ocr_carea' id='block_1_104' title="bbox 2088 4412 3685 4497">
    <p class='ocr_par' dir='ltr' id='par_1_104' title="bbox 2088 4412 3685 4497">
     <span class='ocr_line' id='line_1_105' title="bbox 2088 4412 3685 4497; baseline 0.002 -28"><span class='ocrx_word' id='word_1_700' title='bbox 2088 4414 2173 4471; x_wconf 82' lang='lat' dir='ltr'><strong>vel</strong></span> <span class='ocrx_word' id='word_1_701' title='bbox 2200 4416 2311 4470; x_wconf 87' lang='lat' dir='ltr'><strong>vini</strong></span> <span class='ocrx_word' id='word_1_702' title='bbox 2342 4414 2763 4497; x_wconf 74' lang='lat' dir='ltr'><strong>ampliatipnem,</strong></span> <span class='ocrx_word' id='word_1_703' title='bbox 2801 4412 2969 4485; x_wconf 85' lang='lat' dir='ltr'><strong>[quod</strong></span> <span class='ocrx_word' id='word_1_704' title='bbox 2996 4413 3155 4487; x_wconf 87' lang='lat' dir='ltr'><strong>solet]</strong></span> <span class='ocrx_word' id='word_1_705' title='bbox 3194 4415 3252 4469; x_wconf 92' lang='lat' dir='ltr'><strong>in</strong></span> <span class='ocrx_word' id='word_1_706' title='bbox 3297 4430 3439 4472; x_wconf 82' lang='lat' dir='ltr'><strong>novo</strong></span> <span class='ocrx_word' id='word_1_707' title='bbox 3492 4417 3685 4472; x_wconf 80' lang='lat' dir='ltr'><strong>datum</strong></span> 
     </span>
    </p>
   </div>
   <div class='ocr_carea' id='block_1_105' title="bbox 2091 4504 3687 4578">
    <p class='ocr_par' dir='ltr' id='par_1_105' title="bbox 2091 4504 3687 4578">
     <span class='ocr_line' id='line_1_106' title="bbox 2091 4504 3687 4578; baseline 0.001 -15"><span class='ocrx_word' id='word_1_708' title='bbox 2091 4505 2404 4576; x_wconf 63' lang='lat' dir='ltr'><strong>sescuplum</strong></span> <span class='ocrx_word' id='word_1_709' title='bbox 2432 4504 2515 4560; x_wconf 85' lang='lat' dir='ltr'><strong>vel</strong></span> <span class='ocrx_word' id='word_1_710' title='bbox 2541 4505 2761 4576; x_wconf 89' lang='lat' dir='ltr'><strong>duplum</strong></span> <span class='ocrx_word' id='word_1_711' title='bbox 2790 4506 2976 4576; x_wconf 87' lang='lat' dir='ltr'><strong>recipi.</strong></span> <span class='ocrx_word' id='word_1_712' title='bbox 3030 4505 3183 4572; x_wconf 91' lang='lat' dir='ltr'><strong>Quod</strong></span> <span class='ocrx_word' id='word_1_713' title='bbox 3222 4508 3271 4562; x_wconf 89' lang='lat' dir='ltr'><strong>si</strong></span> <span class='ocrx_word' id='word_1_714' title='bbox 3312 4507 3530 4578; x_wconf 87' lang='lat' dir='ltr'><strong>fecerit,</strong></span> <span class='ocrx_word' id='word_1_715' title='bbox 3560 4520 3687 4565; x_wconf 77' lang='lat' dir='ltr'><strong>tan-</strong></span> 
     </span>
    </p>
   </div>
   <div class='ocr_carea' id='block_1_106' title="bbox 2087 4594 3176 4670">
    <p class='ocr_par' dir='ltr' id='par_1_106' title="bbox 2087 4594 3176 4670">
     <span class='ocr_line' id='line_1_107' title="bbox 2087 4594 3176 4670; baseline -0.002 -18"><span class='ocrx_word' id='word_1_716' title='bbox 2087 4612 2253 4670; x_wconf 90' lang='lat' dir='ltr'><strong>quam</strong></span> <span class='ocrx_word' id='word_1_717' title='bbox 2275 4596 2447 4666; x_wconf 89' lang='lat' dir='ltr'><strong>turpis</strong></span> <span class='ocrx_word' id='word_1_718' title='bbox 2466 4596 2603 4651; x_wconf 90' lang='lat' dir='ltr'><strong>lucri</strong></span> <span class='ocrx_word' id='word_1_719' title='bbox 2627 4611 2776 4651; x_wconf 89' lang='lat' dir='ltr'><strong>reum</strong></span> <span class='ocrx_word' id='word_1_720' title='bbox 2799 4594 3176 4665; x_wconf 87' lang='lat' dir='ltr'><strong>abjiciendum.</strong></span> 
     </span>
    </p>
   </div>
   <div class='ocr_carea' id='block_1_107' title="bbox 2449 4708 3319 4777">
    <p class='ocr_par' dir='ltr' id='par_1_107' title="bbox 2449 4708 3319 4777">
     <span class='ocr_line' id='line_1_108' title="bbox 2449 4708 3319 4777; baseline 0.001 -12"><span class='ocrx_word' id='word_1_721' title='bbox 2449 4708 2632 4765; x_wconf 83' lang='lat' dir='ltr'><strong>Cauon</strong></span> <span class='ocrx_word' id='word_1_722' title='bbox 2655 4708 2998 4775; x_wconf 68' lang='lat' dir='ltr'><strong>Arelatensis,</strong></span> <span class='ocrx_word' id='word_1_723' title='bbox 3037 4726 3148 4764; x_wconf 76' lang='lat' dir='ltr'><strong>tera</strong></span> <span class='ocrx_word' id='word_1_724' title='bbox 3178 4711 3246 4766; x_wconf 84' lang='grc'><strong>19</strong></span> <span class='ocrx_word' id='word_1_725' title='bbox 3274 4710 3319 4777; x_wconf 78' lang='grc' dir='ltr'><strong>ι,</strong></span> 
     </span>
    </p>
   </div>
   <div class='ocr_carea' id='block_1_108' title="bbox 2166 4821 3689 4897">
    <p class='ocr_par' dir='ltr' id='par_1_108' title="bbox 2166 4821 3689 4897">
     <span class='ocr_line' id='line_1_109' title="bbox 2166 4821 3689 4897; baseline 0.002 -15"><span class='ocrx_word' id='word_1_726' title='bbox 2166 4825 2443 4882; x_wconf 72' lang='lat' dir='ltr'><strong>Ministros</strong></span> <span class='ocrx_word' id='word_1_727' title='bbox 2485 4823 2598 4897; x_wconf 87' lang='lat' dir='ltr'><strong>[De</strong></span> <span class='ocrx_word' id='word_1_728' title='bbox 2638 4821 2938 4895; x_wconf 86' lang='lat' dir='ltr'><strong>ministris]</strong></span> <span class='ocrx_word' id='word_1_729' title='bbox 2993 4823 3085 4893; x_wconf 91' lang='lat' dir='ltr'><strong>qui</strong></span> <span class='ocrx_word' id='word_1_730' title='bbox 3130 4821 3381 4879; x_wconf 85' lang='lat' dir='ltr'><strong>fenerant</strong></span> <span class='ocrx_word' id='word_1_731' title='bbox 3404 4866 3419 4889; x_wconf 88' lang='lat'><strong>,</strong></span> <span class='ocrx_word' id='word_1_732' title='bbox 3480 4827 3689 4897; x_wconf 79' lang='lat' dir='ltr'><strong>placuit</strong></span> 
     </span>
    </p>
   </div>
   <div class='ocr_carea' id='block_1_109' title="bbox 2089 4917 3689 4993">
    <p class='ocr_par' dir='ltr' id='par_1_109' title="bbox 2089 4917 3689 4993">
     <span class='ocr_line' id='line_1_110' title="bbox 2089 4917 3689 4993; baseline 0.002 -17"><span class='ocrx_word' id='word_1_733' title='bbox 2089 4922 2249 4993; x_wconf 80' lang='lat' dir='ltr'><strong>juxta</strong></span> <span class='ocrx_word' id='word_1_734' title='bbox 2295 4921 2524 4977; x_wconf 87' lang='lat' dir='ltr'><strong>formam</strong></span> <span class='ocrx_word' id='word_1_735' title='bbox 2569 4917 2826 4974; x_wconf 88' lang='lat' dir='ltr'><strong>divinitus</strong></span> <span class='ocrx_word' id='word_1_736' title='bbox 2866 4918 3050 4973; x_wconf 89' lang='lat' dir='ltr'><strong>datam</strong></span> <span class='ocrx_word' id='word_1_737' title='bbox 3078 4934 3110 4973; x_wconf 92' lang='lat' dir='ltr'><strong>a</strong></span> <span class='ocrx_word' id='word_1_738' title='bbox 3138 4920 3521 4978; x_wconf 84' lang='lat' dir='ltr'><strong>communione</strong></span> <span class='ocrx_word' id='word_1_739' title='bbox 3564 4922 3689 4979; x_wconf 78' lang='lat' dir='ltr'><strong>abs-</strong></span> 
     </span>
    </p>
   </div>
   <div class='ocr_carea' id='block_1_110' title="bbox 2098 5012 2279 5068">
    <p class='ocr_par' dir='ltr' id='par_1_110' title="bbox 2098 5012 2279 5068">
     <span class='ocr_line' id='line_1_111' title="bbox 2098 5012 2279 5068; baseline 0 -2"><span class='ocrx_word' id='word_1_740' title='bbox 2098 5012 2279 5068; x_wconf 87' lang='lat' dir='ltr'><strong>tineri.</strong></span> 
     </span>
    </p>
   </div>
   <div class='ocr_carea' id='block_1_111' title="bbox 2099 5185 3688 5261">
    <p class='ocr_par' dir='ltr' id='par_1_111' title="bbox 2099 5185 3688 5261">
     <span class='ocr_line' id='line_1_112' title="bbox 2099 5185 3688 5261; baseline 0.004 -19"><span class='ocrx_word' id='word_1_741' title='bbox 2099 5187 2250 5261; x_wconf 61' lang='lat' dir='ltr'><strong>arcb.</strong></span> <span class='ocrx_word' id='word_1_742' title='bbox 2268 5256 2283 5261; x_wconf 89' lang='lat'><strong>_</strong></span> <span class='ocrx_word' id='word_1_743' title='bbox 2298 5186 2365 5261; x_wconf 88' lang='lat' dir='ltr'><strong>in_</strong></span> <span class='ocrx_word' id='word_1_744' title='bbox 2379 5192 2617 5261; x_wconf 62' lang='lat' dir='ltr'><strong>excerpt.</strong></span> <span class='ocrx_word' id='word_1_745' title='bbox 2667 5185 2771 5241; x_wconf 70' lang='grc'><strong>142</strong></span> <span class='ocrx_word' id='word_1_746' title='bbox 2782 5226 2813 5261; x_wconf 80' lang='lat'><strong>,_</strong></span> <span class='ocrx_word' id='word_1_747' title='bbox 2828 5195 2901 5261; x_wconf 82' lang='lat' dir='ltr'><strong>et_</strong></span> <span class='ocrx_word' id='word_1_748' title='bbox 2916 5185 2982 5261; x_wconf 86' lang='lat' dir='ltr'><strong>in_</strong></span> <span class='ocrx_word' id='word_1_749' title='bbox 3000 5186 3120 5261; x_wconf 81' lang='lat' dir='ltr'><strong>cod.</strong></span> <span class='ocrx_word' id='word_1_750' title='bbox 3170 5203 3280 5261; x_wconf 62' lang='lat' dir='ltr'><strong>ms.</strong></span> <span class='ocrx_word' id='word_1_751' title='bbox 3298 5191 3688 5261; x_wconf 6' lang='lat' dir='ltr'><strong>[capitulorum</strong></span> 
     </span>
    </p>
   </div>
   <div class='ocr_carea' id='block_1_112' title="bbox 2101 5255 3683 5327">
    <p class='ocr_par' dir='ltr' id='par_1_112' title="bbox 2101 5255 3683 5327">
     <span class='ocr_line' id='line_1_113' title="bbox 2101 5255 3683 5327; baseline 0.004 -14"><span class='ocrx_word' id='word_1_752' title='bbox 2101 5256 2388 5313; x_wconf 84' lang='lat' dir='ltr'><strong>Theodori.</strong></span> <span class='ocrx_word' id='word_1_753' title='bbox 2414 5255 2745 5327; x_wconf 30' lang='lat' dir='ltr'><strong>Vid.fsupra.</strong></span> <span class='ocrx_word' id='word_1_754' title='bbox 2774 5255 3006 5327; x_wconf 65' lang='lat' dir='ltr'><strong>Capitul.</strong></span> <span class='ocrx_word' id='word_1_755' title='bbox 3038 5256 3157 5327; x_wconf 75' lang='lat' dir='ltr'><strong>l._v,</strong></span> <span class='ocrx_word' id='word_1_756' title='bbox 3186 5273 3234 5312; x_wconf 92' lang='lat' dir='ltr'><strong>c.</strong></span> <span class='ocrx_word' id='word_1_757' title='bbox 3261 5255 3466 5326; x_wconf 61' lang='grc' dir='ltr'><strong>159ζει</strong></span> <span class='ocrx_word' id='word_1_758' title='bbox 3486 5262 3544 5318; x_wconf 85' lang='lat' dir='ltr'><strong>in</strong></span> <span class='ocrx_word' id='word_1_759' title='bbox 3573 5277 3628 5318; x_wconf 68' lang='grc' dir='ltr'><strong>ε.</strong></span> <span class='ocrx_word' id='word_1_760' title='bbox 3658 5265 3683 5317; x_wconf 82' lang='grc' dir='ltr'><strong>ι</strong></span> 
     </span>
    </p>
   </div>
   <div class='ocr_carea' id='block_1_113' title="bbox 2099 5325 3687 5397">
    <p class='ocr_par' dir='ltr' id='par_1_113' title="bbox 2099 5325 3687 5397">
     <span class='ocr_line' id='line_1_114' title="bbox 2099 5325 3687 5397; baseline 0.003 -13"><span class='ocrx_word' id='word_1_761' title='bbox 2099 5326 2323 5397; x_wconf 73' lang='lat' dir='ltr'><strong>Adriani</strong></span> <span class='ocrx_word' id='word_1_762' title='bbox 2340 5326 2382 5391; x_wconf 92' lang='lat' dir='ltr'><strong>l,</strong></span> <span class='ocrx_word' id='word_1_763' title='bbox 2406 5325 2742 5397; x_wconf 70' lang='lat' dir='ltr'><strong>ingelrafnno</strong></span> <span class='ocrx_word' id='word_1_764' title='bbox 2762 5325 2922 5397; x_wconf 85' lang='lat' dir='ltr'><strong>datis,</strong></span> <span class='ocrx_word' id='word_1_765' title='bbox 2937 5340 3054 5397; x_wconf 90' lang='lat' dir='ltr'><strong>cap.</strong></span> <span class='ocrx_word' id='word_1_766' title='bbox 3073 5325 3158 5380; x_wconf 76' lang='grc'><strong>72.</strong></span> <span class='ocrx_word' id='word_1_767' title='bbox 3175 5327 3291 5382; x_wconf 73' lang='lat' dir='ltr'><strong>Vid.</strong></span> <span class='ocrx_word' id='word_1_768' title='bbox 3308 5325 3687 5389; x_wconf 81' lang='lat' dir='ltr'><strong>Hincmarum.</strong></span> 
     </span>
    </p>
   </div>
   <div class='ocr_carea' id='block_1_114' title="bbox 2172 5395 3369 5471">
    <p class='ocr_par' dir='ltr' id='par_1_114' title="bbox 2172 5395 3369 5471">
     <span class='ocr_line' id='line_1_115' title="bbox 2172 5395 3369 5471; baseline 0.005 -22"><span class='ocrx_word' id='word_1_769' title='bbox 2172 5398 2201 5471; x_wconf 51' lang='grc' dir='ltr'><strong>ιι</strong></span> <span class='ocrx_word' id='word_1_770' title='bbox 2239 5395 2523 5471; x_wconf 63' lang='lat' dir='ltr'><strong>Baululum</strong></span> <span class='ocrx_word' id='word_1_771' title='bbox 2550 5396 2728 5452; x_wconf 80' lang='lat' dir='ltr'><strong>differt</strong></span> <span class='ocrx_word' id='word_1_772' title='bbox 2751 5396 2821 5451; x_wconf 89' lang='lat' dir='ltr'><strong>ab</strong></span> <span class='ocrx_word' id='word_1_773' title='bbox 2845 5395 3124 5466; x_wconf 70' lang='lat' dir='ltr'><strong>interpret.</strong></span> <span class='ocrx_word' id='word_1_774' title='bbox 3155 5396 3369 5471; x_wconf 59' lang='lat'><strong>1110935.</strong></span> 
     </span>
    </p>
   </div>
   <div class='ocr_carea' id='block_1_115' title="bbox 2178 5465 2689 5521">
    <p class='ocr_par' dir='ltr' id='par_1_115' title="bbox 2178 5465 2689 5521">
     <span class='ocr_line' id='line_1_116' title="bbox 2178 5465 2689 5521; baseline 0 0"><span class='ocrx_word' id='word_1_775' title='bbox 2178 5468 2195 5507; x_wconf 84' lang='grc' dir='ltr'><strong>ί</strong></span> <span class='ocrx_word' id='word_1_776' title='bbox 2239 5465 2448 5521; x_wconf 70' lang='lat' dir='ltr'><strong>Caetera</strong></span> <span class='ocrx_word' id='word_1_777' title='bbox 2477 5467 2689 5521; x_wconf 87' lang='lat' dir='ltr'><strong>desunt.</strong></span> 
     </span>
    </p>
   </div>
   <div class='ocr_carea' id='block_1_116' title="bbox 2177 5535 3027 5603">
    <p class='ocr_par' dir='ltr' id='par_1_116' title="bbox 2177 5535 3027 5603">
     <span class='ocr_line' id='line_1_117' title="bbox 2177 5535 3027 5603; baseline 0.005 -15"><span class='ocrx_word' id='word_1_778' title='bbox 2177 5535 2192 5587; x_wconf 88' lang='lat' dir='ltr'><strong>i</strong></span> <span class='ocrx_word' id='word_1_779' title='bbox 2243 5535 2377 5591; x_wconf 82' lang='lat' dir='ltr'><strong>Vide</strong></span> <span class='ocrx_word' id='word_1_780' title='bbox 2413 5551 2568 5591; x_wconf 92' lang='lat' dir='ltr'><strong>conc.</strong></span> <span class='ocrx_word' id='word_1_781' title='bbox 2605 5537 2750 5591; x_wconf 86' lang='lat' dir='ltr'><strong>Arei.</strong></span> <span class='ocrx_word' id='word_1_782' title='bbox 2780 5552 2833 5603; x_wconf 86' lang='lat' dir='ltr'><strong>v,</strong></span> <span class='ocrx_word' id='word_1_783' title='bbox 2864 5552 2912 5593; x_wconf 94' lang='lat' dir='ltr'><strong>c.</strong></span> <span class='ocrx_word' id='word_1_784' title='bbox 2940 5537 3027 5592; x_wconf 72' lang='grc'><strong>14.</strong></span> 
     </span>
    </p>
   </div>
   <div class='ocr_carea' id='block_1_117' title="bbox 2179 5606 2686 5676">
    <p class='ocr_par' dir='ltr' id='par_1_117' title="bbox 2179 5606 2686 5676">
     <span class='ocr_line' id='line_1_118' title="bbox 2179 5606 2686 5676; baseline 0 -16"><span class='ocrx_word' id='word_1_785' title='bbox 2179 5607 2203 5676; x_wconf 57' lang='lat' dir='ltr'><strong>li</strong></span> <span class='ocrx_word' id='word_1_786' title='bbox 2239 5606 2526 5676; x_wconf 78' lang='lat' dir='ltr'><strong>interpret.</strong></span> <span class='ocrx_word' id='word_1_787' title='bbox 2561 5606 2686 5662; x_wconf 79' lang='lat' dir='ltr'><strong>Ruf.</strong></span> 
     </span>
    </p>
   </div>
   <div class='ocr_carea' id='block_1_118' title="bbox 2184 5675 2848 5745">
    <p class='ocr_par' dir='ltr' id='par_1_118' title="bbox 2184 5675 2848 5745">
     <span class='ocr_line' id='line_1_119' title="bbox 2184 5675 2848 5745; baseline 0.002 -12"><span class='ocrx_word' id='word_1_788' title='bbox 2184 5675 2201 5716; x_wconf 75' lang='grc' dir='ltr'><strong><em>ι</em></strong></span> <span class='ocrx_word' id='word_1_789' title='bbox 2243 5675 2409 5733; x_wconf 79' lang='lat' dir='ltr'><strong>Cone.</strong></span> <span class='ocrx_word' id='word_1_790' title='bbox 2438 5676 2589 5732; x_wconf 81' lang='lat' dir='ltr'><strong>Arei.</strong></span> <span class='ocrx_word' id='word_1_791' title='bbox 2623 5693 2662 5745; x_wconf 88' lang='grc' dir='ltr'>ι,</span> <span class='ocrx_word' id='word_1_792' title='bbox 2686 5692 2735 5731; x_wconf 93' lang='lat' dir='ltr'><strong>c.</strong></span> <span class='ocrx_word' id='word_1_793' title='bbox 2762 5677 2848 5734; x_wconf 75' lang='lat' dir='ltr'><strong>l2.</strong></span> 
     </span>
    </p>
   </div>
  </div>
