1962 3090
213 169 281 199 ιοιδ

413 224 503 250 Canon
513 222 676 258 Agathensis,
693 230 747 249 arra
759 222 785 250 8.

246 270 322 306 [Item
336 268 436 303 placuit
447 268 487 304 ut]
498 267 627 300 Clericus,
635 268 658 295 si
672 267 766 295 relicto
773 266 860 294 oll‘teio
872 273 921 293 suo
931 273 994 301 pro-

209 321 269 351 pter
282 312 488 344 districtionem,
502 313 535 339 ad
550 312 704 339 saecularem
719 311 857 347 [judicem']
868 310 994 345 confuge-

208 359 255 391 rit,
265 363 292 386 et
306 358 341 395 [is
351 359 384 386 ad
397 366 476 393 quem
491 357 650 393 confugerit]
665 357 708 384 ille
728 356 852 384 solatium
866 355 890 382 ei
902 355 994 382 defen-

207 404 291 431 sionis
319 403 490 438 impenderit,
517 411 578 431 cum
591 403 684 430 eodem
705 410 721 428 a
735 401 922 429 communione
945 400 991 427 Ee-

208 449 296 477 clesiae
305 450 428 485 pellatur.

388 501 401 515 ι
417 495 505 522 Canon
517 494 678 525 Maticensis,
694 501 747 520 (era
762 492 803 519 IO.

245 539 396 568 Utordincs
419 540 594 568 ecclesiastici
609 538 788 575 [presbyteri,
805 537 923 569 diaconi,
950 536 993 564 vel

200 586 326 621 quolibet
339 586 432 613 ordine
451 585 554 620 clerici]
570 585 584 605 ι)
598 585 634 611 ita
652 584 778 618 episcopo
790 590 839 610 suo
852 582 992 609 devotione

206 632 363 659 obedientia:
373 632 537 666 subjaceant,
550 635 579 658 ut
593 638 645 657 non
656 630 718 657 alibi
732 630 788 657 dies
803 628 924 660 feriatos,
939 627 991 654 nisi

206 676 234 703 in
244 676 303 711 ejus
316 676 456 711 obsequio,
468 675 546 702 liceat
560 679 659 702 tenere.
687 674 720 701 Et
733 674 779 708 qui
791 673 841 700 hoc
854 672 943 699 facere
954 672 992 699 di-

206 721 311 749 stulerit
321 723 492 757 degradetur.

533 767 602 794 {Era
617 767 660 793 ll.

241 813 339 842 Omnes
359 814 448 841 clerici
474 812 609 850 [Episcopi
634 810 796 846 presbyteri,
816 810 857 837 vel
872 810 990 837 universi

636 167 796 197 CANONES
816 166 960 195 SELEC'I'I
977 166 1024 194 EX
1044 167 1122 195 VET.
1138 167 1216 196 CAN.
1237 167 1405 197 COLLEC'I‘.

1004 222 1031 252 Α
1077 221 1091 241 δ
1112 222 1140 249 In
1165 224 1263 258 quibus
1288 223 1542 251 commonitionibus
1565 225 1789 259 metropolitanus
1815 235 1833 253 a

1760 171 1830 198 (ωδ

1043 268 1323 302 comprovittcialibus,
1336 269 1576 304 comprovinciales
1593 278 1608 297 a
1623 271 1834 306 metropolitano

1042 319 1104 339 eum
1117 312 1227 347 reliquis
1239 314 1511 349 comprovincialibus
1521 315 1726 351 distringantur.

1226 357 1316 386 Canon
1331 359 1506 395 Epautmuis,
1521 369 1576 388 αντα
1593 361 1638 388 52.

1077 401 1208 429 Relictam
1224 404 1375 439 presbyteri
1393 405 1449 432 sive
1466 405 1571 433 diaconi
1592 406 1745 442 quicunque
1759 407 1835 444 [Re-

1042 445 1116 479 licta,
1131 450 1195 480 ete.,
1215 448 1238 475 si
1251 449 1411 485 cuicunque]
1426 450 1594 484 rcnupserit,
1613 451 1747 488 [eatenus]
1769 461 1833 480 cum

1041 492 1135 519 eadem
1153 493 1188 520 ab
1207 493 1325 521 Ecclesia
1346 494 1462 528 pellatur
1477 504 1484 522 :
1501 495 1587 523 donec
1606 504 1621 523 a
1640 496 1837 530 conjunctione

1042 537 1134 566 illicita
1147 544 1318 573 separentur.

1210 584 1300 612 Canon
1315 585 1522 618 Aurelianensis,
1536 594 1590 613 wra
1604 587 1620 614 9
1637 587 1659 612 ί.

1077 627 1084 652 i
1109 628 1260 664 Presbyteri
1279 630 1321 657 vel
1337 630 1441 658 diaconi
1461 631 1564 663 relicta,
1584 631 1607 658 si
1628 638 1657 658 se
1677 631 1835 667 cuicunque

1041 673 1216 708 conjttnxerit,
1229 676 1287 710 pari
1301 676 1577 705 excommunicatione
1592 676 1735 711 plectatur.

1230 720 1322 748 Canan
1337 721 1532 756 Apostolorum,
1546 730 1600 749 trra
1611 722 1638 749 6.

1110 765 1144 793 Ut
1158 767 1311 801 episcopus,
1329 769 1484 803 presbyter,
1500 768 1543 796 vel
1557 768 1705 801 diaconus,
1714 775 1833 796 umretn

1040 812 1176 846 propriam
1187 820 1355 848 nequaquam
1366 814 1416 841 sub
1426 815 1539 842 obtentu
1548 814 1684 850 religionis
1696 814 1806 849 abjiciat
1820 823 1831 841 ε

205 860 391 888 honoratiores
417 858 524 894 clerici]
551 858 597 893 qui
622 856 729 884 sublimi
744 855 880 890 sapientia:
904 855 990 890 digni—
1005 891 1024 895 _
1040 861 1068 884 et
1081 858 1104 884 si
1119 857 1257 891 reiecerit,
1272 859 1534 893 excommunieetur;
1558 860 1581 888 si
1602 860 1828 895 perseveraverit,

207 909 260 932 tate
274 904 462 936 sublimantur,
477 891 581 930 actibus
594 901 704 929 omnino
719 899 873 927 renuntient
887 898 988 930 smculi,

1055 902 1191 938 lejiciatur.

204 954 232 976 ct
247 955 258 968 ε
271 956 348 976 sacro
364 948 441 977 electi
461 947 609 975 ministerio
632 945 773 981 repudient
796 943 904 973 carnale
922 952 988 972 con-

205 995 327 1023 sortium.

486 1027 598 1056 CAPU'I‘
618 1026 707 1054 XLIII.

204 1084 238 1104 UT
253 1083 303 1104 NON
316 1082 432 1103 ΗΔΒΙΤΕΤ
444 1082 569 1102 CLEIIICUS
582 1081 633 1100 CUM
648 1079 797 1099 EXTRANEIS
809 1079 989 1099 MULIEBIBUS:

392 1118 426 1137 ΕΤ
444 1118 477 1137 DE
496 1117 609 1136 IIELICTA
629 1115 799 1136 SACERDOTIS.

423 1155 514 1183 Canon
525 1154 551 1182 Ν
554 1155 661 1186 icarnus,
675 1161 729 1180 wra
739 1153 756 1180 '5

237 1201 251 1221 ἀ
268 1202 307 1230 Ne
319 1210 380 1237 quts
389 1203 573 1238 episcoporum
580 1221 586 1233 ,
595 1200 637 1226 vel
650 1202 809 1226 caeteroer
817 1197 986 1228 clericorum,

202 1254 264 1274 ctttn
282 1246 440 1274 mulieribus
462 1246 564 1273 habitet
582 1244 668 1280 (Edd.
685 1252 742 1271 var.
760 1248 783 1270 et
797 1241 877 1279 add.)
891 1246 990 1277 praeter

203 1297 325 1321 matrem.
341 1293 382 1321 vel
396 1294 418 1320 si
433 1301 493 1327 quae
506 1296 567 1319 sunt
579 1291 762 1325 hujuscemodi
773 1297 903 1325 personze.

366 1337 457 1366 Canon
474 1338 672 1373 Africanorum,
686 1345 740 1363 tera
754 1336 788 1362 27
805 1341 827 1361 ο.

237 1386 357 1413 Clericus
369 1393 430 1413 cum
445 1385 581 1412 extraneis
591 1383 750 1411 mulieribus
766 1390 818 1409 on
829 1381 941 1409 habitet.

403 1429 495 1457 Canon
509 1429 678 1460 Arelatensis,
694 1436 748 1455 amt
761 1427 787 1454 4.

237 1476 330 1503 Nullus
347 1476 503 1510 cpiscopus,
518 1474 559 1501 vel
572 1473 726 1508 presbyter,
741 1476 787 1499 aut
801 1472 939 1503 diaconus,
954 1471 986 1498 ad

201 1521 303 1550 cellarii
319 1525 452 1548 secretum
468 1519 630 1547 intromittat
650 1517 774 1546 feminam
791 1516 927 1552 [puellam,
946 1516 987 1543 vel

203 1569 344 1604 ingenuam
359 1567 400 1595 vel
414 1566 561 1603 ancillam].

395 1612 487 1640 Canon
500 1612 664 1648 Agathenst's,
678 1619 732 1638 tera
748 1610 791 1637 II.

235 1658 360 1687 Feminas
374 1657 496 1695 [ancillas
510 1658 550 1685 vel
566 1656 690 1693 libertas]
708 1664 723 1684 a
745 1656 868 1688 cellario,
886 1655 926 1682 vel
946 1662 987 1682 se-

201 1708 275 1732 creto
287 1704 447 1737 ministerio,
462 1702 505 1731 vel
522 1703 556 1730 ab
569 1710 600 1730 ea
611 1702 750 1730 mansione
765 1701 793 1728 in
807 1709 859 1735 qua
873 1700 987 1727 clericus

201 1754 302 1783 manet,
317 1749 421 1785 placuit
434 1748 578 1776 removeri.

385 1793 477 1821 Canon
492 1793 653 1824 Maticemis,
669 1799 722 1819 trra
735 1790 752 1818 4
768 1790 790 1817 ί.

236 1839 271 1868 Ut
286 1838 358 1866 nulla
371 1839 468 1866 mulier
478 1838 505 1865 in
516 1837 668 1865 cubiculum
680 1835 796 1871 episcopi
808 1835 910 1869 absque
921 1834 987 1860 duo-

201 1886 251 1913 bus
263 1884 439 1919 presbyteris,
458 1888 505 1910 aut
520 1887 593 1911 certe
610 1882 767 1910 diaconibus
780 1879 934 1916 [diaeonis],
947 1880 987 1906 in-

201 1930 275 1963 gredi
287 1929 468 1964 permittatur.

368 1972 459 2001 Canon
472 1972 678 2003 Aurelianensis,
694 1979 747 1998 trra
759 1971 776 1998 4
794 1973 805 1991 5

236 2021 387 2049 Statuimus
406 2024 436 2047 ut
457 2027 490 2047 ne
514 2020 574 2055 quis
598 2019 749 2046 antistitum
772 2018 986 2052 clericorumqtte

200 2067 319 2094 omnium
337 2066 473 2094 licentiam
489 2065 587 2093 habeat
599 2065 669 2092 intra
682 2065 790 2092 domum
808 2071 884 2090 suam
903 2063 985 2090 ullam

200 2112 340 2141 mulierem
353 2113 462 2143 habere,
475 2115 573 2147 prmter
592 2118 640 2139 eas
653 2117 722 2145 quas
738 2109 890 2144 superiores
903 2115 986 2135 cano-

200 2167 248 2187 nes
272 2159 443 2193 eloquuntur.
467 2158 496 2185 Si
519 2158 580 2193 quis
601 2157 761 2184 clericorum
786 2154 985 2189 suspeetionem

200 2203 400 2240 [suspicionem]
415 2204 554 2230 adversam
564 2222 572 2235 ,
586 2202 808 2229 obtrectationem
822 2200 856 2228 de
874 2200 986 2228 muliere

1319 950 1432 979 CAPUT
1447 951 1538 978 XLIV.

1038 1017 1071 1037 ΒΕ
1089 1016 1230 1042 EPISCOPIS,
1248 1017 1297 1036 νει
1317 1016 1428 1036 ιιεῦυιις
1446 1016 1625 1041 οιεκιεοιυιι,
1644 1016 1679 1035 ET
1699 1015 1833 1036 VESTIIUS

1341 1051 1440 1076 sanun,
1460 1051 1522 1071 ετο-

1234 1099 1323 1127 Cauon
1339 1099 1492 1134 Africanus,
1507 1108 1561 1126 tera
1575 1099 1587 1125 I
1623 1118 1631 1125 .

1075 1156 1109 1184 Ut
1122 1156 1262 1190 episcopus
1279 1163 1333 1183 non
1356 1155 1434 1191 longe
1456 1155 1489 1183 ab
1509 1155 1622 1183 ecclesia
1651 1155 1832 1190 hospitiolum

1038 1203 1146 1231 habeat.

1356 1247 1455 1275 κεταὲ
1468 1254 1499 1274 ιιι.

1075 1305 1109 1333 Ut
1122 1305 1263 1340 episcopus
1286 1313 1312 1332 tn
1327 1305 1439 1332 ecclesia
1449 1325 1457 1337 ,
1473 1305 1499 1331 in
1514 1311 1642 1332 consessu
1655 1304 1833 1339 presbytero-

1038 1358 1098 1378 rum
1114 1351 1254 1378 sublimior
1269 1351 1362 1378 sedeat
1375 1359 1381 1377 :
1398 1351 1468 1378 intra
1486 1351 1594 1378 domum
1610 1357 1686 1382 vero,
1696 1350 1833 1384 collegam

1038 1403 1066 1423 se
1080 1397 1297 1431 presbyterorum
1311 1404 1371 1424 esse
1381 1402 1523 1432 cognosca'

1360 1453 1429 1480 ΛΞι-ιι
1443 1454 1459 1480 5
1475 1458 1499 1479 υ.

1074 1510 1109 1538 Ut
1127 1511 1267 1544 episcopus
1285 1509 1387 1536 nullam
1410 1509 1449 1535 rei
1474 1508 1612 1535 familiaris
1629 1516 1721 1534 curam
1744 1508 1778 1534 ad
1799 1516 1832 1535 se

999 1562 1023 1593 ε
1039 1561 1147 1583 revocet
1162 1564 1168 1582 :
1187 1555 1233 1583 sed
1247 1560 1276 1582 ut
1289 1554 1395 1582 lectioni
1410 1558 1437 1581 et
1450 1554 1577 1586 orationi,
1588 1555 1671 1581 verbo
1682 1554 1729 1580 Dei
1744 1552 1831 1588 (Var.

1038 1600 1111 1635 edit.)
1127 1605 1154 1627 et
1164 1599 1349 1634 praedicationi
1362 1599 1547 1626 tantummodo
1561 1602 1649 1626 vacet.

1363 1654 1432 1681 Afra
1447 1654 1464 1681 4
1482 1658 1505 1680 ο.

1073 1701 1108 1729 Ut
1118 1701 1259 1736 episcopus
1276 1700 1356 1728 vilem
1367 1699 1560 1735 supellectilem
1575 1703 1602 1727 et
1615 1706 1735 1726 mensam
1747 1698 1832 1733 (Var.

1036 1747 1109 1781 edd.)
1121 1747 1228 1777 habeat,
1243 1751 1271 1773 et
1283 1746 1383 1773 victum
1396 1752 1541 1780 pauperem
1556 1754 1562 1771 :
1578 1748 1606 1772 et
1618 1744 1759 1779 dignitatis
1774 1753 1835 1772 sua:

1036 1793 1226 1822 auctoritatem
1248 1793 1310 1820 ﬁdei
1331 1791 1413 1819 ltlde1
1437 1795 1465 1819 et
1490 1791 1553 1818 vita:
1576 1790 1681 1818 meritis
1703 1790 1834 1825 acquirat

1038 1838 1175 1875 [quaerat].

1360 1883 1429 1910 Αἶγα
1445 1883 1497 1910 5P.

1074 1931 1108 1959 Ut
1120 1931 1264 1965 episcopus
1275 1929 1414 1965 gentilium
1426 1929 1511 1956 libros
1522 1935 1577 1956 non
1586 1928 1670 1962 legat,
1684 1927 1832 1954 bzeretico-

1037 1984 1097 2004 rum
1110 1981 1200 2003 autem
1215 1983 1264 2010 pro
1278 1974 1440 2002 necessitate
1461 1977 1489 2001 et
1506 1977 1626 2007 tempore
1641 1972 1710 2008 [AI.,
1724 1977 1830 2008 tempo

1037 2022 1074 2049 ris
1086 2029 1137 2048 om.
1154 2020 1203 2056 et].

1362 2064 1431 2091 /Era
1445 2064 1462 2092 6
1475 2069 1500 2090 tl.

1073 2112 1107 2141 Ut
1118 2112 1261 2147 episcopus
1271 2110 1413 2139 tuitionem
1426 2112 1649 2137 testamentorum
1667 2116 1722 2136 non
1743 2109 1827 2136 susc'r

1037 2160 1104 2194 piat.

1359 2202 1460 2229 [Εναῖ

199 2256 357 2284 quacunque
372 2248 527 2284 [fortassis]
542 2247 685 2275 incurrerit
698 2254 707 2273 :
721 2247 812 2275 statim
828 2246 939 2281 (Quwd.
956 2247 984 2273 in
1000 2243 1026 2273 Ι)
1072 2249 1107 2277 Ut
1123 2248 1265 2283 episcopus
1287 2247 1509 2283 gubernationem
1528 2246 1683 2278 viduarum,
1695 2250 1725 2273 et
1739 2246 1827 2282 pupil-

198 2296 257 2322 edd.
271 2296 346 2330 add.)
361 2303 419 2322 eam
436 2294 544 2328 abjiciat
556 2293 591 2330 [si
602 2297 674 2320 certe
687 2297 814 2320 extranea
829 2296 855 2320 et
865 2292 984 2327 suijuris

199 2342 250 2377 est]
267 2351 272 2367 :
288 2347 315 2368 ct
328 2342 363 2368 ita
383 2349 441 2368 eam
458 2340 582 2368 omnibus
596 2340 796 2368 conditionibus
809 2339 915 2366 studeat
925 2339 981 2366 evi-

199 2391 265 2417 tare,
281 2390 311 2413 ut
323 2386 431 2413 infamia
440 2394 499 2421 quae
510 2386 626 2413 excitata
637 2389 678 2413 est
690 2386 843 2419 abrogetur.
858 2384 908 2418 Qui
919 2392 985 2411 vero

199 2432 256 2459 haec
269 2439 322 2458 non
337 2431 471 2463 vitaverit,
484 2439 534 2466 pro
552 2430 733 2458 inobcdientia
751 2438 798 2457 sua
811 2429 920 2457 triennii
934 2437 982 2457 ex-

198 2477 439 2504 rommunicatione
453 2477 608 2504 muletetur.

234 2558 246 2572 α
266 2552 348 2580 Cone.
368 2552 555 2579 Matisconcns.
569 2559 621 2581 t.c.
637 2552 688 2578 lO.‘

235 2588 245 2607 ’I
265 2588 329 2614 Var.
346 2588 406 2615 edd.
426 2587 491 2614 Vide
505 2591 582 2613 notas
597 2587 644 2613 viri
654 2587 688 2614 cl.
705 2586 728 2613 Ι.
747 2587 894 2614 Sit-utendi.

234 2629 244 2641 "-
266 2623 329 2651 Var.
346 2623 406 2650 edd.
434 2621 499 2650 Vide
512 2625 588 2648 notas
599 2621 727 2654 ejusdem.

233 2659 244 2676 II
264 2659 353 2676 lnlnm
376 2657 463 2676 Ruﬁni

234 2659 244 2676 ’ί
264 2659 362 2693 Interp.
376 2657 475 2685 Rufini.

234 2700 244 2733 τε
319 2692 525 2733 ἱιιΙῳψβιιι-ἱις
540 2699 624 2733 conc._
635 2700 660 2718 tv
673 2692 764 2718 Carth.
779 2700 802 2718 c.
819 2691 862 2717 i6.

236 2731 240 2745 '
266 2728 366 2755 Concil.
381 2727 518 2754 Matiscon.
535 2736 554 2758 ι,
570 2735 594 2753 c.
610 2728 636 2754 5.

234 2765 243 2779 ν
264 2762 346 2789 Cone.
365 2762 454 2789 Aurel.
471 2770 512 2794 ttt,
528 2770 551 2790 c.
568 2762 593 2788 l.

236 2798 246 2814 "
268 2797 330 2823 Var.
346 2796 405 2824 cdd.
421 2796 486 2824 Vide
499 2801 554 2824 not.
571 2797 604 2824 cl.
618 2796 763 2823 Sirmundi.

239 2837 244 2867 _I
268 2831 348 2867 Cone.
365 2831 454 2867 Aurel.
469 2840 488 2863 ι,
502 2841 525 2859 c.
543 2833 584 2859 15.

237 2865 243 2888 i
269 2864 394 2896 Qumdam
409 2865 469 2892 Var.
486 2872 511 2893 ct
527 2867 585 2894 add.
603 2867 630 2894 iu
645 2867 704 2894 cdd.

1034 2295 1132 2327 lorum,
1147 2302 1179 2322 ac
1192 2294 1409 2330 peregrinorum,
1427 2301 1480 2320 non
1493 2300 1542 2328 per
1553 2299 1592 2324 se,
1611 2291 1657 2319 sed
1672 2299 1722 2327 per
1735 2293 1827 2320 archi-

1033 2341 1220 2376 presbyterum
1234 2340 1275 2368 vel
1287 2339 1507 2367 archidiaconum
1520 2342 1592 2373 agat.

1357 2384 1425 2411 Ᾱίνα
1440 2385 1457 2411 8
1472 2390 1494 2410 ε.

1070 2432 1105 2459 Ut
1119 2439 1260 2466 eptscopus
1275 2430 1353 2466 (Var.
1364 2429 1436 2457 edd.l
1448 2437 1498 2457 nec
1510 2433 1672 2464 provocatus
1682 2435 1732 2463 pro
1743 2429 1827 2455 rebus

1034 2477 1196 2505 transitoriis
1208 2477 1304 2511 litiget.

1069 2557 1081 2576 ὲ
1102 2556 1240 2583 Paululum
1253 2555 1342 2582 differt
1356 2555 1389 2582 ab
1403 2555 1500 2589 interp.
1514 2554 1622 2589 Dionys.

1069 2591 1076 2610 ¹
1098 2592 1169 2619 Idem
1183 2591 1210 2617 in
1223 2590 1281 2617 cod.
1297 2590 1394 2622 Barb.;
1408 2597 1485 2617 conc.
1498 2597 1525 2616 tv
1539 2589 1631 2616 Carth.
1646 2596 1670 2616 c.
1687 2589 1730 2615 Η.

1068 2633 1087 2646 ω
1102 2626 1139 2653 Id.
1155 2627 1181 2652 in
1195 2626 1253 2652 cod.
1271 2625 1365 2656 Barb.,
1377 2633 1454 2652 eone.
1468 2632 1494 2651 tv
1505 2624 1597 2652 Carth.
1610 2632 1634 2651 c.
1648 2623 1693 2650 54.

1069 2667 1081 2680 ιι
1101 2661 1138 2688 ld.
1156 2661 1182 2687 in
1195 2661 1253 2688 eod.
1268 2660 1364 2692 Barb.;
1380 2667 1455 2687 conc.
1472 2667 1498 2686 tv
1511 2660 1602 2687 Carth.
1618 2668 1643 2687 c.
1658 2659 1703 2686 20.

1068 2700 1079 2713 ο
1099 2696 1136 2723 Id.
1152 2696 1181 2722 in
1193 2703 1217 2722 c.
1234 2695 1281 2727 B.;
1297 2703 1373 2723 conc.
1388 2703 1414 2721 tv
1427 2694 1552 2722 Carth.c.
1568 2694 1608 2721 l5.

1070 2737 1082 2755 ι1
1101 2731 1137 2758 Id.
1155 2730 1181 2757 in
1196 2738 1220 2756 ς.
1235 2730 1282 2762 Β.;
1299 2737 1374 2757 conc.
1389 2738 1415 2756 tv
1433 2730 1526 2756 Carth.
1540 2737 1564 2757 c.
1579 2729 1619 2757 I6.

1068 2772 1080 2790 ιι
1099 2766 1127 2793 Id
1141 2765 1234 2792 ittcod.
1248 2765 1343 2797 Barb.;
1357 2772 1432 2792 conc.
1448 2773 1474 2792 tv
1489 2764 1581 2792 Carth.
1593 2772 1617 2792 c.
1635 2765 1677 2792 l8.

1071 2806 1081 2819 ι
1101 2801 1138 2827 Id.
1150 2800 1177 2827 in
1192 2800 1250 2828 cod.
1270 2800 1367 2832 Barb.;
1384 2807 1460 2827 conc.
1478 2808 1504 2827 tv
1518 2800 1609 2827 Carth.
1625 2808 1648 2827 (ι.
1665 2799 1707 2826 Π.

1070 2841 1079 2854 ³
1101 2836 1128 2862 Id
1144 2835 1169 2862 in
1184 2835 1242 2862 cod.
1259 2835 1303 2862 13,-
1322 2843 1396 2862 conc.
1411 2844 1436 2862 l\'
1450 2835 1543 2862 Carth.
1557 2843 1580 2862 e.
1598 2835 1638 2862 I9.
