3928 6178
281 290 425 365 loss

354 504 428 564 Ut
459 502 744 573 episcOpus
766 497 1007 567 quolibet
1032 498 1150 553 loco
1175 496 1388 563 sedens,
1411 504 1555 552 stare
1582 495 1858 565 presbyte-

280 610 377 653 ros
400 609 508 651 non
542 591 827 662 patiatur..

676 678 860 734 Conon
893 677 1169 743 Nicwnus,
1197 693 1308 731 a'ra
1331 675 1399 731 56
1422 676 1470 729 δ.

359 789 381 816 ο
420 775 479 831 Si
504 773 822 843 episcopus,
854 768 998 838 quod
1036 783 1155 823 esse
1194 782 1300 821 non
1335 766 1519 831 debet,
1559 764 1721 819 fuerit
1757 762 1866 817 ira-

278 867 514 929 cundus,
542 871 597 916 et
640 867 943 916 commotus
978 858 1235 912 adversus
1268 856 1523 911 clericum
1552 869 1727 918 suum,
1755 853 1864 909 cito

279 965 380 1011 aut
417 967 607 1023 aspere
654 965 777 1004 eum
814 949 879 1004 de
922 946 1159 1001 Ecclesia
1198 948 1556 1002 exterminare
1596 945 1860 1010 voluerit;

281 1047 483 1101 habeat
510 1047 833 1112 potestatem
873 1037 960 1092 ille
1003 1035 1246 1101 clericus,
1290 1044 1351 1090 ut
1379 1036 1634 1090 ﬁnitimos
1662 1035 1866 1104 episco-

279 1150 385 1207 pos
411 1131 717 1203 interpellet
748 1148 759 1182 :
792 1137 852 1183 ut
878 1143 1040 1183 causa
1067 1126 1184 1196 ejus
1211 1127 1495 1198 diligenter
1523 1132 1786 1180 tractetur
1812 1132 1867 1178 et

285 1229 563 1301 negotium
600 1223 922 1279 discutiatur
951 1239 964 1275 :
993 1228 1053 1275 ut
1079 1228 1172 1275 aut
1197 1220 1470 1291 probetur,
1503 1225 1596 1272 aut
1617 1216 1866 1271 emende-

286 1332 379 1376 tur
397 1320 513 1374 eius
542 1315 826 1372 sententia.

810 1403 993 1460 Canon
1028 1403 1273 1459 Vasensis
1295 1403 1344 1455 ἀ.

362 1594 422 1650 Si
450 1593 733 1662 episcopus
771 1597 978 1645 tantum
1008 1586 1231 1656 alicujus
1267 1585 1468 1640 scelera
1497 1583 1647 1638 novit
1674 1581 1867 1655 [alieni

286 1683 513 1738 sceleris
534 1679 823 1751 conscius],
860 1680 1016 1750 (Add.
1048 1688 1094 1733 et
1117 1695 1226 1732 var.
1254 1666 1315 1730 in.
1330 1675 1473 1745 edd.)
1502 1674 1727 1730 secretis
1751 1688 1869 1727 cor-

1126 293 1446 352 CANONES
1485 289 1777 348 SELECTI
1810 287 1904 343 EX
1947 287 2102 343 VET.
2145 286 2300 343 CAN.
2342 280 2679 345 COLLECT.

914 405 1051 461 Αἶγα
1085 406 1154 460 i2
1182 418 1230 459 ³.
1882 401 1934 459 Α

3396 276 3537 336 1Μϐ·

2196 398 2264 453 In
2291 397 2509 469 epistola
2538 393 2799 452 leestini
2825 409 3005 467 papa,
3034 394 3065 435 ιι
3095 410 3204 449 cera
3238 408 3287 451 ι.

2025 486 2163 541 Nulli
2200 486 2539 542 sacerdotum
2590 500 2718 541 suos
2771 484 2931 540 liceat
2977 498 3212 539 canones
3252 482 3545 552 ignorare,

1958 593 2059 633 nec
2102 579 2393 648 quidquam
2433 576 2611 633 facere
2659 575 2804 647 quod
2846 573 3068 629 Patrum
3120 573 3291 643 possit
3336 570 3537 642 regulis

1959 670 2197 725 obviare.
2237 668 2398 739 (Add.
2428 668 2483 722 in
2508 665 2655 738 edd.)
3608 650 3613 657 ’

2345 755 2528 812 Canon
2553 754 2882 827 Agathensis,
2913 770 3028 824 cap.
3060 752 3146 807 10.

2032 849 2219 903 Nullus
2240 848 2579 912 clericorum,
2611 853 2989 901 extranearum
3016 845 3303 900 mulierum
3329 841 3536 915 [extra-

1964 953 2080 992 neze
2121 935 2355 1007 mulieri]
2405 933 2773 988 familiaritate
2809 931 3070 1005 jungatur
3123 949 3221 1003 pro
3270 930 3543 1003 [qualibet

1965 1028 2329 1084 consolatione
2348 1024 2425 1098 et]
2455 1040 2774 1095 quacunque
2805 1041 2988 1081 causa.

2279 1116 2462 1172 Canon
2491 1116 2905 1183 Aurelianensis,
2931 1133 3047 1187 cap.
3080 1117 3149 1173 15
3183 1118 3226 1169 i.

2037 1210 2219 1267 Servis
2245 1208 2488 1265 ecclesiae
2516 1215 2575 1264 et
2616 1209 2952 1265 sacerdotum
2980 1206 3193 1278 pandas
3234 1212 3289 1259 et
3315 1202 3543 1273 captivi-

1966 1311 2106 1357 tates
2132 1313 2389 1355 exercere
2427 1313 2534 1353 non
2565 1298 2744 1352 liceat.
2781 1298 2941 1370 (Add.
2966 1307 3015 1351 et
3047 1313 3157 1351 var.
3189 1296 3244 1349 in
3263 1292 3408 1367 edd.)
3436 1289 3543 1346 Sed

1958 1389 2165 1459 justum
2191 1395 2299 1452 est,
2324 1395 2385 1441 ut
2411 1401 2600 1442 eorum
2632 1387 2833 1442 domini
2863 1386 3244 1456 redemptionis
3270 1384 3546 1455 praebeant

1966 1481 2303 1554 suffragium.

2315 1567 2498 1624 Conon
2526 1567 2882 1633 Laodicensis,
2912 1584 3021 1622 cera
3045 1564 3112 1620 10
3143 1564 3189 1617 ι.

2038 1663 2065 1701 ι
2096 1660 2215 1716 Νοιι
2241 1667 2327 1715 est
2350 1658 2562 1730 populis
2589 1658 2994 1713 concedendum
3020 1646 3339 1712 electionem
3369 1651 3551 1708 facere

289 1773 627 1845 reptionibus
649 1786 772 1826 eum
784 1743 1045 1840 corrigat.
1071 1767 1222 1835 Quod
1250 1768 1295 1822 si
1316 1743 1609 1835 castigatus
1636 1764 1870 1833 pertina-
1899 1749 1946 1809 Β
1974 1767 2160 1809 eorum
2189 1751 2280 1820 qui
2301 1750 2486 1805 altaris
2513 1749 2814 1804 ministerio
2862 1756 2987 1803 sunt
3030 1746 3355 1817 applicandi.
3390 1743 3547 1814 (Cen.

290 1879 410 1918 cxor
452 1861 633 1925 fuerit,
667 1868 721 1915 et
767 1874 825 1915 se
855 1856 1217 1914 communioni
1249 1852 1519 1928 [publicae]
1552 1854 1868 1924 ingesserit;

290 1956 505 2012 etiamsi
535 1954 816 2023 episcOpus
851 1953 903 2006 in
951 1949 1321 2020 redarguendo
1350 1946 1498 2002 illum
1526 1945 1873 2017 quem‘reum

291 2048 514 2119 iudicat,
544 2043 948 2114 probationibus
972 2039 1186 2096 deﬁciat
1216 2058 1230 2094 :
1260 2040 1602 2094 indemnatus
1631 2037 1777 2103 licet,
1806 2037 1874 2091 ab

293 2137 382 2192 his
408 2135 501 2205 qui
530 2133 662 2188 nihil
690 2134 867 2189 sciunt
892 2130 1143 2186 secedere
1171 2129 1239 2184 ad
1277 2138 1485 2198 tempus
1520 2143 1618 2198 pro
1644 2141 1874 2195 persona

292 2223 517 2293 majoris
545 2221 884 2278 auctoritatis
922 2219 1196 2288 jubeatur,
1239 2217 1347 2283 illo,
1379 2216 1618 2286 quandiu
1644 2215 1876 2285 probare

290 2317 580 2387 episcopus
632 2313 768 2369 nihil
816 2317 1025 2381 potest,
1073 2309 1127 2363 in
1172 2306 1549 2363 communione
1601 2304 1872 2367 omnium,

292 2415 658 2479 praeterquam
691 2402 808 2472 ejus
864 2400 956 2472 qui
1009 2414 1135 2455 eum
1174 2388 1339 2452 reum
1387 2394 1624 2464 judicat,
1662 2406 1876 2463 perma-

294 2504 483 2552 nente.

586 2581 768 2636 Conon
806 2578 1195 2634 Aurelianensis
1226 2587 1249 2616 ο
1275 2574 1331 2641 2,
1362 2591 1471 2630 mra
1503 2572 1593 2628 56.

370 2673 431 2729 Si
457 2674 741 2744 episcopus
767 2672 835 2727 ad
859 2671 1062 2726 clerum
1086 2668 1311 2724 alterius
1334 2666 1589 2722 Ecclesiae
1617 2665 1684 2720 de
1706 2663 1878 2719 facul-

298 2767 506 2821 tatibus
536 2780 647 2820 suae
677 2763 929 2819 Ecclesia:
950 2762 1249 2827 donaverit,
1276 2777 1386 2816 non
1406 2759 1625 2815 valebit.

448 2853 634 2908 Canon
668 2852 1122 2917 Chalcedonensis,
1151 2869 1259 2907 aera
1284 2850 1354 2904 23
1382 2848 1536 2922 [Can.
1568 2848 1683 2920 26].

383 2947 401 2986 τ
420 2946 651 3011 Placuit,
673 2960 887 3001 omnem
907 2943 1203 3000 Ecclesiam
1237 2943 1523 2997 habentem
1548 2940 1881 3010 episcopum,

302 3048 363 3094 et
386 3054 726 3095 (economum
756 3038 956 3093 habere
976 3038 1042 3092 de
1063 3051 1161 3090 suo
1185 3034 1330 3089 clero
1356 3034 1756 3103 dispensantem
1786 3030 1884 3084 Ec-

303 3130 489 3185 clesia
522 3143 611 3184 res
649 3128 940 3184 secundum
979 3125 1372 3183 ordinationem
1411 3122 1494 3178 sui
1531 3121 1791 3192 episcopi,
1826 3126 1885 3173 ut

301 3236 377 3277 ne
402 3221 520 3276 sine
556 3220 864 3276 testimonio
908 3218 979 3273 sit
1003 3215 1333 3287 dispensatio
1363 3211 1616 3268 Ecclesiae
1644 3228 1657 3263 :
1688 3208 1746 3265 Si
1773 3208 1886 3277 epi-

302 3326 507 3383 ecopus
529 3312 645 3367 haec
673 3309 967 3381 neglexerit
994 3308 1214 3372 habere,
1241 3302 1520 3372 subiacere
1541 3316 1663 3357 eum
1689 3299 1885 3356 divinis

306 3403 592 3458 institutis.

666 3488 847 3544 Canon
878 3489 1254 3552 Romanorum,
1284 3502 1393 3540 trra
1418 3484 1453 3538 5
1484 3487 1530 3537 ε.

382 3581 605 3636 Pascha:
628 3580 963 3651 temporibus
989 3579 1288 3650 presbyteri
1315 3586 1370 3633 et
1404 3578 1646 3642 diaconi,
1676 3590 1773 3646 per
1797 3589 1891 3645 pa-

312 3671 533 3726 rochias
551 3672 678 3725 dare
711 3669 1080 3726 remissionem
1111 3668 1298 3740 (Edd.,
1328 3668 1488 3734 male,
1515 3666 1893 3737 repromissio-

314 3759 465 3833 nem)
493 3768 857 3831 peccatorum,
907 3768 962 3814 et
990 3759 1350 3815 ministerium
1395 3757 1621 3828 implere
1667 3770 1894 3812 consue-

315 3858 466 3905 runt.
487 3850 663 3905 Etiam
681 3859 948 3920 praesente
966 3850 1217 3922 episcopo
1237 3848 1292 3903 in
1317 3846 1521 3903 fontem
1544 3846 1891 3903 descendere.

317 3943 429 3996 Sed
475 3943 711 4012 episcopi
758 3942 930 4013 (Edd.
970 3958 1103 4005 vara,
1143 3957 1247 3995 non
1294 3939 1459 4013 recte)
1513 3940 1718 3995 nomini
1769 3939 1895 3993 facti

319 4050 532 4088 summa
565 4034 896 4090 conceditur.
926 4035 1165 4105 Reliquis
1192 4049 1323 4090 vero
1374 4034 1709 4104 temporibus
1731 4032 1893 4106 (Add.

317 4135 366 4179 et
397 4142 511 4179 var.
535 4125 589 4187 in
612 4125 782 4194 edd.),
810 4126 865 4179 in
896 4126 1216 4180 necessitate
1235 4125 1572 4196 aegritudinis
1595 4124 1719 4179 licet
1743 4139 1899 4194 pres-

318 4219 511 4290 bytero
557 4233 655 4289 per
683 4218 935 4274 salutaris
968 4232 1120 4287 aqua:
1167 4217 1396 4289 gratiam
1446 4217 1576 4272 dare
1616 4216 1888 4285 indulgen-

320 4313 455 4366 tiam
502 4322 847 4382 peccatorum
884 4332 896 4367 :
930 4328 1052 4368 cum
1097 4320 1153 4367 et
1197 4327 1393 4367 munus
1436 4312 1538 4383 ipsi
1589 4311 1713 4365 licet
1737 4324 1900 4364 causa

319 4404 721 4461 emundationis
744 4405 958 4462 oll'erre.
989 4406 1470 4462 Diaconibus’vero
1508 4403 1649 4459 nulla
1678 4400 1894 4457 licentia

321 4499 600 4555 invenitur
641 4513 915 4577 concessa.
960 4498 1067 4554 Sed
1109 4497 1251 4568 quod
1292 4495 1455 4551 semel
1498 4494 1638 4549 forte
1674 4492 1901 4563 contigit

322 4588 601 4659 usurpari,
651 4605 748 4659 pro
777 4588 1098 4645 necessitate
1126 4587 1246 4659 [per
1281 4582 1679 4655 necessitatem]
1704 4582 1904 4638 dicitur

322 4687 642 4734 excusatum
667 4678 822 4753 (Var.
848 4678 1014 4751 edd.),
1043 4693 1110 4732 ne
1133 4684 1320 4748 postea
1350 4677 1641 4730 securitate
1665 4674 1735 4728 sit
1759 4686 1905 4728 com-

326 4786 580 4827 nussum.

404 4954 431 4981 ι
468 4941 525 4996 ld
549 4942 602 4997 in
628 4957 675 4997 c.
702 4941 797 5009 B.;
826 4957 980 4999 conc.
1019 4958 1072 4997 tv
1095 4942 1281 4997 Carth.
1306 4955 1357 4994 c.
1386 4939 1474 4993 54.

406 5012 434 5051 b
470 5011 635 5067 Couc.
674 5011 831 5068 Sard.
861 5028 909 5068 c.
942 5013 1028 5066 17.

406 5091 429 5153 ¢_
469 5080 654 5153 Eectio
682 5098 783 5137 nec
803 5082 1022 5153 Dionys.
1038 5095 1150 5153 nec
1177 5081 1300 5136 lsid.

406 5151 433 5188 ά
472 5149 639 5206 Cone.
665 5168 682 5206 ι
706 5153 921 5208 Valens.
943 5149 996 5207 c.
1027 5151 1080 5205 8.

413 5231 437 5290 9
478 5221 611 5276 Vide
659 5237 811 5278 conc.
852 5238 903 5276 ιν
931 5220 1115 5276 Aurel.
1156 5235 1207 5275 c.
1238 5220 1340 5287 56,
1380 5221 1432 5275 in
1475 5235 1580 5290 quo
1609 5219 1710 5274 istc
1743 5233 1915 5274 canon

337 5288 536 5345 referri
564 5291 797 5347 videtur.

418 5359 439 5433 ξ
480 5360 683 5433 l_nterp.
710 5376 810 5417 nec
833 5362 1049 5433 Dionys.
1074 5374 1175 5417 nec
1195 5360 1319 5417 lsid.

417 5432 444 5471 ⁸
482 5430 698 5485 (ΞειιιίἹ.
731 5433 865 5487 Vide
892 5430 1072 5499 supra.
1235 5494 1247 5499 ν

417 5501 445 5540 δ
486 5501 654 5573 Epist.
691 5501 825 5557 Coel.
855 5501 877 5557 l
902 5497 976 5556 ad
998 5497 1276 5571 episcopOs
1310 5497 1514 5572 Apulia:
1543 5508 1596 5556 ct
1634 5498 1917 5561 Calabriae,

345 5572 632 5717 “idem.
667 5641 845 5717 aurei.
887 5656 940 5696 ιν
970 5640 1138 5717 c_._23.

420 5712 435 5760 i
477 5712 643 5769 Cone.
676 5712 891 5768 Laodic.
922 5727 969 5767 c.
998 5711 1080 5766 15.

1973 1845 2083 1916 15.)
2112 1842 2229 1897 Non
2257 1840 2417 1896 liceat
2440 1849 2639 1910 prmter
2660 1839 2948 1895 canonicos
2975 1838 3197 1907 psaltes,
3229 1836 3321 1906 qui
3351 1835 3406 1888 in
3431 1833 3552 1904 pul-

1971 1934 2143 2006 pitum
2181 1932 2480 1987 ascendunt
2505 1938 2562 1986 et
2591 1931 2657 1986 de
2678 1930 2860 1986 codice
2884 1930 3089 2001 legunt,
3125 1928 3290 1984 alium
3314 1924 3547 1996 quemli-

1971 2024 2062 2079 bet
2110 2022 2360 2093 psallere.
2410 2018 2704 2092 (Can.25.)
2748 2018 2864 2074 Non
2906 2026 3118 2090 oportet
3155 2016 3434 2072 ministros
3459 2028 3552 2084 pa-

1972 2130 2097 2171 nem
2123 2115 2273 2181 dare,
2301 2129 2403 2169 nec
2429 2113 2655 2169 calicem
2681 2110 3020 2167 benedicere.

2488 2226 2562 2281 ΛΕ
2568 2243 2628 2280 ra
2648 2224 2712 2279 2i
2744 2221 2900 2297 [Can.
2927 2220 3043 2294 51].

2050 2318 2068 2356 ι
2100 2318 2216 2373 Νοιι
2259 2324 2473 2389 oportet
2518 2316 2746 2372 clericos
2782 2310 3104 2384 spectaculis
3132 2310 3397 2365 interesse
3421 2323 3434 2360 :
3458 2304 3555 2361 sed

1979 2418 2267 2478 antequam
2322 2406 2593 2463 themelici
2645 2404 3045 2476 ingrediantur,
3090 2414 3314 2470 surgere
3362 2412 3459 2454 eos
3497 2404 3556 2452 et

1978 2501 2148 2555 “me.
2324 2566 2507 2623 Conon
2531 2567 2904 2637 apostolorum,
2927 2579 3032 2619 cera
3061 2561 3203 2615 24w.

2051 2669 2079 2697 ³
2104 2657 2344 2714 Clericus
2408 2656 2757 2726 semetipsum
2796 2652 3085 2709 abscidens
3136 2648 3357 2703 omnino
3409 2646 3558 2702 dam—

1982 2759 2159 2805 netur.

2612 2833 2751 2888 Era
2775 2831 2849 2886 26
2872 2838 2918 2882 ο.

2056 2928 2251 2985 Laicus
2294 2924 2644 2994 semetipsum
2690 2920 2996 2985 abscidens,
3040 2932 3210 2974 annos
3237 2932 3299 2971 ιιι
3324 2927 3567 2971 comnm-

1986 3018 2147 3092 nione
2167 3016 2430 3085 privetur.

2061 3206 2089 3246 ι)
2113 3193 2339 3251 Clericis
2373 3198 2607 3256 tantum,
2634 3197 2692 3244 et
2718 3187 3031 3252 lectoribus,
3069 3192 3230 3254 atque
3260 3179 3570 3237 cantoribus

1987 3286 2146 3342 liceat
2176 3284 2377 3339 habere
2404 3293 2620 3336 uxores.

2631 3368 2815 3424 Canon
2839 3368 2926 3423 42.

2062 3479 2092 3519 vi
2121 3464 2469 3528 Subdiaconi,
2508 3462 2761 3526 lectores,
2787 3459 2875 3514 vel
2899 3464 3150 3514 cantores
3174 3451 3424 3510 ebrietati
3457 3464 3569 3505 ser-

1991 3562 2218 3625 vientes,
2244 3564 2339 3612 aut
2382 3556 2652 3620 desinant,
2698 3559 2793 3607 aut
2832 3547 3211 3607 communione
3250 3545 3569 3616 priventur;

1994 3651 2242 3709 similiter
2261 3658 2317 3704 et
2341 3646 2483 3703 laici.

2320 3749 2342 3778 τ
2369 3736 2552 3794 Canon
2589 3730 3041 3804 Carthaginensis,
3068 3743 3177 3782 tera
3195 3725 3256 3780 2.

2066 3834 2326 3888 Lectores
2350 3840 2522 3898 usque
2554 3823 2623 3879 ad
2650 3836 2822 3878 annos
2852 3816 3154 3891 pubertatis
3188 3814 3385 3885 legant.
3417 3810 3580 3866 Dein-

1998 3938 2126 3994 ceps
2154 3930 2358 3985 autem,
2391 3917 2496 3972 nisi
2519 3924 2613 3971 aut
2631 3912 2901 3971 custodita
2927 3908 3212 3981 pudicitia,
3252 3912 3347 3960 aut
3379 3917 3576 3960 uxores

2000 4013 2275 4077 duxerint,
2324 4010 2506 4079 legere
2552 4022 2661 4062 non
2708 4005 2973 4060 sinantur.
3017 3998 3353 4054 Clericorum
3394 3998 3577 4049 autem

2000 4124 2198 4166 nomen
2221 4106 2386 4160 etiam
2407 4102 2639 4157 lectores
2665 4095 2991 4152 retinebunt.

2356 4191 2537 4248 Canon
2564 4184 2918 4249 Laodicensis,
2942 4197 3050 4236 tera
3082 4179 3148 4233 t2
3168 4190 3212 4231 θ.

2083 4293 2095 4327 ¹
2130 4287 2271 4343 Solis
2301 4281 2564 4339 ministris
2586 4276 2776 4333 altaris
2794 4274 2956 4329 liceat
2974 4269 3194 4342 ingredi
3214 4268 3285 4323 ad
3308 4266 3509 4333 altare,
3526 4271 3580 4322 et

2006 4378 2205 4435 ibidem
2225 4371 2647 4431 communicare.

2375 4478 2557 4536 Conon
2579 4473 2921 4539 Arelatensis,
2947 4487 3054 4528 ara
3078 4470 3146 4525 15
3172 4481 3234 4522 ιι.

2074 4575 2134 4631 Si
2183 4572 2441 4631 clericum
2487 4568 2555 4624 de
2600 4577 2923 4637 quacunque
2951 4576 3053 4633 ope
3077 4560 3169 4634 [de
3197 4556 3437 4629 quolibet
3463 4569 3577 4612 core

2004 4665 2159 4740 pore]
2185 4663 2490 4719 venientem
2519 4655 2802 4732 (Quadam
2841 4652 2968 4708 add.
2995 4654 3053 4707 in
3075 4649 3222 4723 edd.)
3253 4645 3452 4721 aliquis
3484 4660 3579 4718 pu-

2006 4759 2165 4817 blicis
2189 4753 2490 4811 actionibus
2517 4750 2788 4821 applicare
2808 4744 3237 4818 praesumpserit,
3265 4751 3323 4799 et
3350 4758 3385 4798 a
3410 4753 3580 4798 sacer;

2087 4936 2111 4973 ιι
2134 4933 2332 5003 lnterp.
2362 4945 2464 4985 nec
2486 4928 2705 5003 l_)i_ouys.
2731 4940 2831 4981 nec
2856 4926 2985 5003 l_si_d_.

2091 5005 2108 5043 ι
2138 4997 2337 5071 Interii.
2367 4997 2710 5071 necADiqnjys.
2736 5011 2838 5052 nec
2860 4997 3005 5071 lsid.~

2087 5087 2126 5115 ω
2157 5074 2215 5128 ln
2244 5067 2326 5143 gr.
2352 5086 2402 5125 c.
2431 5069 2553 5143 22_;_
2571 5067 2790 5138 Dionys.
2819 5082 2870 5122 c.
2895 5067 2985 5123 25.

2085 5140 2855 5276 zlgfegigogrgugllyfnterp.
2885 5207 3103 5277 Dionys.

2090 5297 2115 5335 ρ
2150 5266 2209 5338 in
2239 5266 2428 5338 Graeco
2454 5266 2574 5336 can.
2598 5277 2691 5337 25.
2740 5266 2962 5346 inierpr.
2993 5266 3211 5346 Uionys.
3259 5286 3383 5329 can.
3424 5266 3516 5338 27,
3548 5281 3584 5323 ι

2023 5371 2123 5427 qua
2148 5351 2346 5427 differt.

2088 5437 2116 5477 ιι
2148 5425 2345 5488 lnterp.
2372 5436 2482 5476 non
2510 5418 2728 5488 Dionys.

2094 5507 2116 5534 τ
2144 5494 2263 5550 Vid.
2291 5481 2533 5548 Similem
2555 5481 2814 5543 can'onem
2836 5481 3174 5550 paulninfra.

2094 5578 2116 5605 ι
2146 5564 2310 5620 Cone.
2343 5561 2506 5617 Laod.
2538 5573 2587 5613 c.
2615 5557 2701 5610 19.

2103 5638 2117 5672 ί
2147 5634 2373 5702 lnterpr.
2397 5644 2505 5702 nec
2527 5626 2750 5702 pionys.
2780 5637 2877 5678 nec
2900 5621 3029 5677 lsid.

2099 5718 2123 5745 ιι
2149 5696 2350 5760 Concil.
2381 5696 2653 5754 Aurelian.
2686 5709 2759 5750 tv.
