3928 6178
385 273 523 334 1067

1228 269 1547 330 canones
1583 265 1873 326 SELECTl
1907 265 2003 324 Ex
2042 268 2199 329 ver.
2239 272 2401 334 CAN.
2433 275 2769 351 COLLECT.

3494 291 3639 351 tota

384 391 510 449 dote
560 385 918 445 commonitus
963 382 1129 453 (Var.
1183 381 1340 452 edd.)
1390 396 1497 437 non
1551 376 1954 441 emendaverit,
1981 377 2032 438 Α
2059 378 2159 445 ria,
2204 383 2308 438 nisi
2337 400 2457 455 qua!
2477 387 2545 441 ad
2566 387 2880 457 religionem
2908 388 3148 453 deceant,
3180 391 3405 448 induere
3430 410 3637 466 plan.

384 488 674 554 coguuscat
700 493 759 533 se
787 489 977 547 pacem
1004 472 1259 529 Ecclesiae
1286 486 1393 527 non
1422 471 1645 529 habere.

699 566 880 623 Canon
902 563 1344 633 Carthagincnsis,
1368 579 1477 617 (era
1502 561 1571 616 16
1590 574 1640 615 ι.

454 661 687 737 [Placuit
709 656 791 729 ut]
830 655 1109 719 Lectores,
1163 667 1286 707 cum
1327 651 1396 707 ad
1442 665 1615 705 annos
1654 650 1954 720 pubertatis

381 752 741 829 pervenerint,
771 754 1035 819 cogantur
1066 753 1159 799 aut
1190 757 1389 798 uxores
1416 743 1630 807 ducere,
1663 748 1756 795 aut
1782 740 1953 795 conti-

380 847 615 903 nentiam
636 842 897 913 proﬁteri.

744 930 927 987 Conon
955 927 1321 999 Hipponensis,
1344 941 1453 980 aera
1482 924 1516 980 9
1538 923 1566 962 δ

449 1027 523 1084 Ut
559 1024 741 1082 clerici
787 1023 853 1078 de
898 1019 1088 1090 iudicii
1136 1018 1217 1073 sui
1258 1016 1564 1087 cognitione
1613 1013 1772 1085 (Var.
1803 1013 1951 1083 edd.)

378 1132 484 1172 non
512 1122 774 1185 cogantur
803 1112 856 1166 in
877 1108 1093 1181 publico
1115 1106 1298 1163 dicere
1330 1103 1717 1167 testimonium,
1757 1117 1857 1157 nec
1882 1103 1951 1158 ad

380 1204 746 1263 testimonium
775 1199 1062 1258 dicendum
1103 1194 1455 1253 ecclesiastici
1497 1192 1783 1262 cujuslibet
1821 1206 1947 1261 per-

377 1314 506 1355 sona
530 1297 791 1369 pulsetur.

709 1387 891 1442 Canon
923 1384 1303 1455 Lugdunensis,
1329 1398 1437 1436 αντα
1466 1382 1531 1436 19
1557 1391 1579 1419 ⁸

442 1481 524 1537 Ad
564 1482 741 1536 locum
784 1477 1197 1534 examinationis
1243 1489 1458 1529 reorum
1501 1472 1680 1527 nullus
1721 1472 1956 1527 Clerico—

374 1586 492 1626 rum
518 1570 738 1625 accedat
766 1584 940 1638 neque
961 1567 1190 1622 intersit.
1223 1565 1376 1632 Quod
1398 1564 1443 1618 si
1470 1562 1706 1617 adfuerit
1731 1561 1944 1617 defrau-

334 1642 339 1647 ’
372 1663 532 1716 datus
573 1659 869 1716 bonestiori
910 1659 1066 1722 stola,
1110 1658 1216 1712 illis
1239 1656 1490 1727 gregibus
1513 1654 1941 1710 examinatorum

373 1752 609 1807 societur
627 1766 764 1822 quos
791 1750 987 1805 divinis
1011 1747 1307 1817 Prtetnlerit
1330 1746 1620 1817 mysteriis.

728 1839 911 1894 Canon
937 1838 1265 1909 Agathensis,
1291 1854 1397 1892 trra
1426 1836 1494 1891 55
1516 1836 1565 1889 ἀ.

438 1930 637 1987 Omnes
664 1929 847 1985 οιενίοἰ
877 1929 972 1998 qui
993 1928 1060 1982 ad
1085 1928 1414 1997 cperandum
1440 1926 1601 1981 validi
1635 1935 1760 1982 sunt
1790 1926 1945 1999 [vali-

368 2019 548 2075 diores
573 2018 743 2090 sunt],
768 2017 1050 2072 artiﬁciola
1079 2025 1134 2072 et
1162 2016 1370 2072 litteras
1392 2016 1619 2072 discant.

1002 2106 1141 2161 Afra
1163 2107 1233 2164 58
1255 2118 1299 2162 θ.

438 2198 510 2255 Ut
546 2200 823 2263 diaconus,
875 2206 1140 2270 prmsentc
1187 2197 1523 2269 presbytero,
1556 2197 1940 2253 eucharistiam

365 2288 609 2359 corporis
640 2287 841 2344 Christi
870 2287 1087 2360 populo,
1133 2287 1179 2341 si
1215 2286 1511 2342 necessitas
1556 2288 1716 2359 cogit,
1756 2288 1940 2359 jussus

366 2388 569 2451 eroget.
609 2378 629 2419 ί
661 2379 732 2436 Ut
767 2380 1024 2437 diaconus
1047 2378 1285 2450 quolibet
1312 2378 1430 2434 loco
1455 2378 1677 2449 iubente
1713 2379 1937 2451 presby-

363 2480 481 2526 tero
505 2470 708 2527 sedeat.

1012 2559 1297 2614 Αἲηιϐοσ

433 2652 504 2708 Ut
530 2651 786 2721 diaconus
811 2659 1051 2722 tempore
1078 2658 1286 2708 tantum
1305 2651 1593 2709 oblationis
1614 2659 1670 2707 et
1690 2649 1939 2707 lectionis

360 2741 479 2807 alba
508 2750 708 2797 utatur.

994 2834 1132 2887 Afra
1157 2834 1220 2888 61
1250 2834 1300 2887 ιι.

431 2924 504 2979 Ut
544 2924 801 2980 diaconus
827 2924 881 2979 in
907 2934 1173 2980 conventu
1221 2925 1659 2996 presbyterorum
1704 2926 1937 2981 interro-

359 3025 518 3087 gatus
539 3016 811 3086 loquatur.

732 3105 914 3161 Conon
941 3105 1302 3172 Laodicensis,
1331 3123 1439 3163 wra
1463 3107 1554 3163 25.

434 3201 448 3238 ί
475 3196 625 3265 Quod
649 3212 753 3251 non
782 3205 1027 3268 oporteat
1055 3198 1412 3254 subdiaconos
1449 3214 1642 3270 panem
1672 3200 1823 3264 dare,
1851 3200 1936 3255 vel

361 3288 584 3345 calicem
605 3288 926 3345 benedicere

1016 3380 1089 3436 /E
1095 3398 1152 3436 ra
1179 3382 1269 3437 26.

429 3480 442 3518 ι
476 3467 630 3536 Quod
651 3468 706 3525 hi
727 3470 820 3540 qui
842 3485 949 3526 non
972 3479 1098 3525 sunt
1130 3470 1200 3525 ab
1222 3471 1472 3543 episcopo
1493 3471 1750 3538 ordinati,
1775 3486 1933 3526 exor-

355 3560 534 3616 cizare
561 3575 666 3615 non
694 3567 937 3630 possunt.

738 3648 921 3705 Canon
945 3651 1246 3721 Africanus,
1274 3669 1382 3707 arra
1401 3652 1472 3707 25
1492 3654 1538 3706 Β.

425 3740 666 3809 Clericus
695 3748 793 3796 nec
820 3756 1031 3795 comam
1058 3744 1280 3808 nutriat,
1314 3758 1415 3798 nec
1444 3743 1455 3781 ¹
1493 3743 1737 3797 barbam.

986 3831 1123 3885 Αῖω
1151 3832 1221 3887 26
1244 3843 1305 3887 ω.

425 3920 668 3978 Clericus
706 3919 1098 3991 professionem
1144 3937 1296 3976 suam
1338 3923 1503 3977 etiam
1545 3923 1729 3978 habitu
1765 3932 1821 3979 et
1850 3924 1929 3978 in-

356 4030 509 4071 cessu
560 4013 786 4086 probet:
822 4021 875 4070 et
907 4014 1028 4070 ideo
1056 4028 1156 4070 nec
1178 4012 1336 4086 (Var.
1369 4012 1514 4085 edd.)
1540 4014 1788 4079 vestium,
1828 4028 1929 4069 nec

354 4106 839 4163 calceamentorum
868 4105 1115 4160 decorem
1137 4110 1362 4174 quaerat.

738 4192 921 4250 Canon
946 4195 1280 4265 Agathensis,
1309 4210 1417 4249 aera
1441 4193 1534 4248 20.

419 4285 615 4342 Clerici
659 4285 750 4357 qui
796 4300 1007 4342 comam
1038 4286 1302 4351 nutriunt,
1338 4286 1491 4341 inviti
1519 4288 1808 4341 tondantur
1836 4286 1927 4358 [ab

300 4348 305 4359 ι
352 4348 747 4443 archidiacono,
771 4378 982 4433 etiamsi
1004 4348 1465 4443 noluerint,inviti
1487 4348 1921 4449 detondeantu‘r].
1950 4404 2003 4466 υ

354 4469 703 4535 Vestimenta,
725 4468 811 4524 vel
837 4470 1221 4535 calceamenta,
1250 4470 1353 4525 nisi
1378 4485 1498 4540 qua:
1525 4470 1592 4524 ad
1620 4468 1782 4541 (Edd.
1814 4486 1917 4523 om.

353 4559 440 4631 ad)
470 4558 781 4630 religionem
802 4559 1048 4626 deceant,
1076 4558 1158 4614 eis
1179 4559 1379 4615 habere
1402 4575 1509 4615 non
1539 4558 1718 4614 liceat.

740 4646 921 4706 Conon
944 4651 1264 4715 Haticemis,
1290 4666 1397 4704 mra
1426 4650 1460 4704 5
1482 4660 1529 4704 η.

429 4740 494 4796 [It
525 4741 700 4798 nullus
740 4741 971 4797 clericus
1006 4757 1194 4813 sagum
1222 4750 1315 4796 aut
1345 4742 1663 4797 vestimenta
1700 4743 1924 4798 Stet-ula-

484 4893 856 4949 Conc.t.artli.
886 4910 965 4962 ιιι,
995 4910 1045 4951 c.
1092 4896 1188 4961 l9;
1218 4895 1338 4952 cod.
1402 4914 1520 4952 can.
1568 4914 1617 4951 (ι.
1668 4898 1747 4953 l6.
1792 4900 1922 4956 Vide

347 4976 532 5088 supra.

347 5110 354 5114 _
474 5047 640 5114 nunc.
666 5030 856 5114 Carth.
869 5048 933 5114 _v,
960 5049 1009 5089 c.
1033 5036 1083 5089 1.

474 5103 538 5157 ν.
563 5102 728 5158 Cone.
755 5101 1036 5158 Matiscon.
1067 5121 1127 5169 ιι,
1161 5122 1209 5159 c.
1246 5107 1330 5162 l9.

475 5173 552 5230 ld.
582 5172 783 5260 ill-00d.
823 5170 984 5228 Barb.
1017 5172 1155 5229 Stat.
1186 5176 1412 5243 Ecclcs.;
1466 5179 1656 5234 concil.
1687 5194 1739 5234 Iv
1789 5180 1922 5235 Car-

349 5242 788 5396 ιὴξῖιθξρέἶὶῗὴή
810 5313 1293 5396 concilLCart‘l‘nag.
1322 5332 1369 5371 ct
1398 5317 1486 5373 58.

422 5384 442 5457 ς
471 5385 532 5457 ς,
562 5386 622 5441 Β.
650 5400 699 5457 c.
722 5384 833 5457 βίη
853 5385 1043 5440 concil.
1070 5401 1125 5440 iv
1149 5386 1400 5457 Carthag.
1426 5404 1473 5441 c.
1502 5389 1590 5443 59.

418 5456 445 5526 β
472 5454 547 5526 id.
574 5455 694 5512 cod.
721 5456 899 5526 Barb.;
934 5471 1086 5511 conc.
1117 5472 1171 5511 tv
1200 5454 1452 5526 Carth'ag.
1478 5474 1525 5512 (ι.
1560 5458 1619 5513 41

414 5524 443 5598 ἓ
469 5524 547 5598 I_d.
567 5527 703 5598 _cod._
729 5525 1095 5598 Barb.;Aconc.
1126 5542 1179 5581 tv
1207 5524 1458 5598 Carthag.
1487 5546 1533 5584 c.
1606 5531 1651 5585 l.

422 5596 438 5669 ᾖ
469 5594 671 5669 Eadem
692 5595 887 5669 interii.
911 5596 1131 5668 Dionys.

417 5663 433 5713 l
467 5663 664 5736 lnterp.
694 5681 790 5721 nec
814 5665 1028 5738 Dionys.
1051 5663 1158 5724 'ncc
1187 5667 1310 5724 lsid.

1962 3046 2010 3112 C

2054 478 2185 525 mat.
2230 472 2385 540 Quod
2411 476 2457 532 si
2484 486 2608 547 post
2649 478 2791 534 hanc
2833 478 3199 535 deﬁnitionem
3244 482 3501 552 clericus,
3541 499 3640 545 aut

2053 576 2175 616 cum
2222 562 2487 621 indecenti
2524 575 2695 632 veste,
2722 578 2818 624 aut
2843 585 2968 624 cum
2997 572 3166 627 armis
3190 572 3442 631 inventus
3470 576 3640 637 fuerit

2055 646 2109 719 [a
2137 651 2350 707 seniore
2380 654 2456 708 ita
2479 665 2812 723 coerceatur,
2830 656 2933 729 ut],
2966 658 3037 712 30
3071 660 3279 716 dierum
3326 663 3639 726 iuclusione

2051 738 2330 808 detentus,
2356 759 2494 815 aqua
2526 755 2736 803 tantum
2762 757 2819 803 et
2841 756 2865 783 ο
2895 749 3091 804 modici
3120 752 3277 820 panis
3306 753 3491 811 edulio
3515 756 3639 814 die-

2051 830 2154 887 bus
2178 834 2401 904 singulis
2427 846 2781 893 sustentetur.
2840 860 2847 866 ί

2424 925 2607 982 Canon
2634 928 2997 996 Laodicensir,
3026 949 3135 986 aera
3160 933 3256 988 20.

2122 1022 2150 1062 P
2170 1012 2241 1068 Ut
2265 1014 2523 1071 diaconus
2561 1016 2746 1085 jussus
2772 1034 2803 1072 a
2828 1020 3144 1090 presbytero
3186 1024 3375 1079 sedeat
3401 1043 3417 1080 ;
3443 1027 3640 1083 simili-

2050 1112 2133 1160 ter
2152 1114 2333 1161 autem
2355 1116 2412 1161 et
2438 1108 2751 1165 diaconibus
2770 1111 2943 1168 honor
2970 1113 3311 1181 exbibeatur,
3360 1129 3417 1172 et
3445 1120 3639 1177 subse-

2048 1197 2335 1264 quentibus
2359 1198 2635 1269 gradibus.

2694 1268 2833 1324 zEra
2878 1270 2968 1325 2L

2116 1366 2145 1406 ει
2169 1356 2323 1423 Quod
2347 1374 2453 1413 non
2487 1369 2736 1429 oporteat
2771 1362 3151 1427 subdiaconos,
3177 1374 3235 1420 et
3280 1365 3525 1437 reliquos
3550 1368 3635 1423 in-

2047 1443 2127 1498 fra
2154 1446 2393 1513 ordines,
2421 1449 2696 1505 Dominica
2724 1466 2854 1505 vasa
2875 1453 3206 1523 contingere.

2698 1542 2838 1596 Αἶγα
2892 1543 2982 1596 22.

2119 1637 2142 1665 τ
2171 1626 2325 1695 Quod
2351 1646 2458 1686 non
2499 1640 2766 1701 oporteat,
2796 1633 2901 1687 nisi
2928 1633 3290 1689 subdiaconos
3317 1635 3397 1689 uti
3423 1636 3627 1698 orario,

1972 1708 2020 1768 Β
2044 1725 2101 1771 et
2125 1719 2325 1774 ostium
2351 1720 2746 1792 derelinquere.

2434 1858 2443 1861 ι
2699 1812 2838 1867 Afra
2858 1814 2947 1869 25.

2110 1899 2273 1968 Quod
2303 1917 2412 1957 non
2448 1912 2698 1973 oporteat
2730 1904 2982 1971 lectores,
3022 1913 3079 1961 et
3116 1913 3390 1971 cantores,
3432 1908 3635 1962 orariis

2042 2000 2138 2045 Illi.

2421 2062 2605 2118 Canan
2633 2064 2994 2131 Casariensis,
3022 2082 3130 2120 mra
3158 2065 3225 2119 M

2112 2164 2133 2191 ι
2173 2154 2397 2210 Diaconi
2422 2155 2453 2208 7
2480 2171 2603 2211 esse
2631 2157 2843 2222 debent,
2875 2158 3120 2227 quamvis
3145 2172 3342 2229 magna
3381 2158 3455 2213 sit
3496 2157 3636 2215 civi-

2043 2249 2142 2306 tas,
2166 2244 2461 2299 secundum
2486 2245 2725 2316 regulam
2754 2246 2986 2301 Actuum
3014 2246 3405 2317 apostolorum.

2062 2342 2065 2345 -
2455 2320 2640 2377 Canon
2675 2323 2951 2390 Nicwnus,
2986 2341 3095 2379 aera
3122 2323 3214 2379 20.

2116 2410 2134 2445 ί
2167 2408 2234 2464 Et
2270 2425 2340 2465 ne
2384 2411 2595 2468 diaconi
2638 2413 2971 2485 presbyteris
3011 2414 3403 2485 praeferantur,
3454 2428 3632 2486 neque

2038 2496 2261 2553 sedeant
2281 2501 2335 2554 in
2364 2515 2622 2557 consessu
2646 2503 3111 2575 presbyterorum,
3137 2513 3231 2560 aut
3265 2506 3374 2561 illis
3395 2521 3632 2576 prasen-

2039 2587 2182 2643 tibus
2206 2588 2603 2646 Eucharistiam
2632 2593 2896 2662 dividant,
2925 2596 3019 2651 sed
3045 2594 3174 2668 [illis
3201 2595 3510 2669 agentibus]
3540 2612 3630 2652 so-

2037 2677 2310 2736 lummodo
2353 2683 2681 2739 ministrent.
2715 2685 2773 2742 Si
2803 2702 2943 2742 vero
2961 2690 3246 2760 presbyter
3274 2689 3458 2746 nullus
3473 2690 3550 2746 sit
3570 2691 3629 2746 in

2037 2771 2306 2840 pncsenti,
2339 2781 2466 2828 tunc
2490 2774 2706 2835 demum
2727 2778 2894 2832 etiam
2922 2779 3054 2848 ipsis
3087 2779 3272 2835 licere.
3314 2779 3492 2837 Aliter
3517 2779 3625 2854 [div-

2036 2861 2240 2935 videre]
2268 2880 2399 2920 vero
2424 2873 2669 2937 agentes,
2701 2869 2861 2939 abjici
2890 2871 3087 2926 debent
3114 2871 3376 2944 {iubent}.

2616 2957 2845 3016 CAPUT
2883 2960 3044 3017 XLV.

2281 3046 2348 3086 DE
2383 3048 2773 3092 VENATIONIBUS
2810 3054 2880 3094 ΕΤ
2920 3055 3376 3100 ιιοειιιτλιιτιτε.

2426 3110 2607 3169 Canon
2625 3127 2651 3154 ιι
2674 3114 3000 3184 Mazicensis,
3030 3138 3139 3176 trra
3170 3122 3259 3178 l3.

2111 3203 2372 3261 Volumus
2410 3206 2576 3277 igitur
2617 3209 2980 3280 episcopalem
3006 3214 3249 3281 domum,
3272 3231 3397 3286 qum
3419 3218 3491 3273 ob
3520 3219 3626 3275 hoc

2035 3295 2282 3350 instituta
2309 3305 2413 3363 est,
2441 3307 2503 3353 ut
2529 3299 2646 3354 sine
2673 3316 3028 3371 personarum
3072 3307 3387 3377 acceptione
3423 3324 3619 3367 omnes

2035 3385 2090 3440 in
2120 3387 2489 3457 hospitalitate
2517 3391 2765 3462 recipiat,
2797 3409 2960 3451 canes
2987 3412 3092 3451 non
3124 3397 3358 3465 haheat;
3392 3415 3464 3455 ne
3482 3399 3625 3456 forte

2034 3477 2126 3546 qui
2154 3478 2209 3532 in
2231 3477 2312 3533 eis
2335 3480 2677 3537 miseriarum
2700 3498 2922 3539 suarum
2948 3485 3191 3542 levamen
3228 3487 3432 3543 habere
3453 3490 3624 3543 conﬁ-

2034 3569 2184 3635 dunt,
2220 3568 2541 3625 infestorum
2563 3587 2761 3627 canum
2788 3576 3059 3631 morsibus
3085 3575 3358 3631 lanientur
3377 3577 3541 3648 (ΑΜ.
3571 3589 3624 3633 et

2032 3660 2193 3734 van).
2242 3661 2605 3720 Custodienda
2652 3672 2738 3720 est
2782 3666 2948 3736 igitur
2984 3667 3309 3737 episcopalis
3352 3669 3623 3724 habitatio

2032 3751 2266 3821 hymnis,
2311 3767 2419 3807 non
2461 3753 2775 3820 latratibus;
2800 3756 3057 3825 operibus
3096 3757 3270 3820 bonis,
3317 3772 3425 3811 non
3464 3773 3615 3812 mor—

2030 3841 2180 3896 sibus
2221 3843 2526 3898 venenosis.
2582 3840 2680 3899 Ubi
2724 3844 2887 3915 igitur
2911 3845 3005 3899 Dei
3029 3854 3113 3901 est
3133 3844 3424 3901 assiduitas
3445 3848 3620 3902 canti-

2029 3928 2183 3994 lenae,
2223 3940 2524 3986 monstrum
2551 3943 2636 3986 est
2658 3940 2715 3987 et
2734 3931 3016 3989 dedecoris
3055 3941 3202 3994 nota.
3243 3949 3408 3991 canes
3443 3935 3519 3991 ibi
3562 3944 3619 3992 et

2026 4021 2318 4090 accipitres
2347 4021 2611 4077 habitare.

2401 4112 2585 4168 Canon
2616 4113 2973 4185 Epaunensis,
2999 4133 3108 4172 trra
3137 4118 3168 4172 7
3195 4125 3243 4170 ν.

2097 4203 2399 4274 EpiscOpis,
2440 4204 2791 4275 presbyteris,
2832 4206 3169 4274 diaconibus,
3207 4223 3373 4266 canes
3410 4209 3480 4266 ad
3516 4226 3611 4267 ve—

2026 4293 2261 4351 nandum
2289 4301 2345 4348 et
2369 4294 2655 4362 accipitres
2683 4294 2885 4351 habere
2909 4311 3017 4351 non
3046 4297 3223 4352 liceat.
3272 4298 3331 4353 Si
3362 4298 3542 4370 [Quod
3566 4303 3611 4357 si

2026 4382 2149 4451 quis
2175 4381 2360 4436 talium
2399 4396 2754 4451 personarum
2784 4383 2839 4437 in
2878 4383 2980 4440 hac
3018 4383 3182 4439 fuerit
3206 4387 3481 4444 voluntate
3519 4389 3610 4445 de-

2026 4482 2215 4539 tectus,
2245 4474 2292 4529 si
2328 4474 2611 4545 episcopus
2639 4473 2743 4547 est]
2782 4475 3066 4545 episcopus
3104 4477 3220 4533 haec
3256 4493 3614 4550 praesumpse-

2024 4566 2130 4630 rit,
2184 4565 2358 4620 tribus
2408 4565 2686 4622 mensibus
2737 4568 3118 4623 communione
3168 4583 3231 4624 se
3275 4571 3608 4637 suspendat;

2023 4654 2322 4726 presbyter,
2350 4651 2563 4709 duobus
2592 4655 2889 4720 abstineat;
2919 4670 3048 4721 uno,
3074 4655 3332 4711 diaconus
3365 4658 3432 4712 ab
3459 4658 3610 4713 omni

2023 4743 2197 4800 cilicio
2224 4752 2280 4800 et
2304 4750 2679 4801 communione
2705 4746 2955 4801 cessabit.

2097 4905 2122 4945 ιι
2154 4904 2317 4961 Cone.
2343 4922 2399 4961 IV
2442 4905 2629 4960 Carth.
2654 4921 2704 4961 c.
2728 4906 2815 4960 44.

2103 4975 2118 5014 ι
2150 4973 2272 5030 Var.
2298 4976 2420 5030 edd.
2447 4976 2568 5030 Vid.
2590 4983 2704 5030 not.
2731 4976 2783 5029 in
2812 4974 2911 5029 ult.
2938 4976 3023 5031 ed.
3050 4974 3213 5031 Cone.

2096 5057 2135 5085 ω
2164 5044 2240 5099 Id.
2271 5046 2391 5100 cod.
2418 5045 2601 5109 Barb.;
2633 5061 2785 5100 conc.
2816 5062 2869 5100 Iv
2895 5044 3080 5100 Carth.
3110 5060 3158 5100 c.
3186 5045 3274 5099 45.

2097 5125 2124 5153 π
2151 5113 2314 5170 Cone.
2349 5114 2627 5170 Matiscon.
2654 5130 2691 5168 ι.

2096 5192 2121 5220 °
2152 5184 2281 5239 Var.
2309 5185 2429 5239 Vid.
2462 5191 2573 5238 not.
2594 5184 2693 5238 viri
2717 5183 2786 5241 cl.
2809 5182 2857 5237 J.
2883 5184 3176 5240 Sirmondi.

2094 5266 2122 5305 ιι
2145 5254 2341 5322 lnterp.
2379 5270 2479 5309 nec
2500 5254 2718 5322 Dionys.
2749 5268 2845 5309 nec
2872 5254 2994 5309 Isid.

2096 5271 2122 5305 ιι
2146 5271 2257 5308 nite
2329 5295 2341 5307 .
2379 5271 2479 5309 nec
2500 5271 2718 5322 monys.
2749 5271 2768 5308 ι

2094 5335 2121 5374 ει
2142 5271 2493 5395 ΝῡοἜίοιιςε.
2521 5339 2622 5378 nec
2645 5324 2768 5378 Isid.

2097 5404 2119 5432 τ
2144 5393 2259 5466 Nec
2286 5393 2517 5466 Dionys.
2528 5409 2630 5466 nec
2650 5394 2768 5449 Isid.

2095 5474 2116 5536 ξ
2143 5463 2342 5536 interp.
2371 5463 2711 5536 necADionys.
2735 5479 2834 5518 nec
2856 5464 2980 5519 lsid.

2099 5533 2117 5569 ί
2148 5532 2357 5604 Interp.
2376 5532 2576 5604 Ruﬁni.

2091 5613 2119 5642 ιι
2147 5602 2312 5660 ϐοιιὰ
2343 5602 2622 5658 Matiscon.
2655 5621 2715 5659 ιι.

2095 5680 2121 5711 '
2158 5676 2322 5732 Cone.
2348 5673 2649 5744 Epaunens.
2681 5692 2709 5730 υ
2760 5673 2793 5726 4
