3924 6180
240 334 380 392 10ιο

809 444 1033 503 CAPUT
1070 443 1253 500 XLVI.

234 562 312 603 υτ
345 555 644 601 PICCANTEB
675 552 893 594 ῖιιδειεε
924 551 1025 592 NON
1059 549 1249 589 LICEA'I'
1281 548 1462 590 PASSI!
1494 543 1812 587 VIRBEIABI.

579 632 762 688 Canon
789 626 1161 701 apostolorum,
1189 642 1299 681 tera
1326 624 1397 681 28
1426 636 1477 678 ι.

310 727 651 797 Episcopum,
686 720 1088 791 presbyterum,
1116 716 1426 780 diaconem,
1456 713 1818 785 percutientes

232 819 444 889 passim
472 814 658 870 ﬁdeles
682 819 775 865 aut
808 807 1066 871 infideles,
1094 814 1150 862 et
1173 820 1271 875 per
1292 803 1686 873 hujusmodi....
1716 819 1814 859 vo-

233 909 413 964 lentes
458 904 675 967 timeri,
726 899 883 971 dejici
936 899 1005 954 ab
1048 896 1223 954 oliicio
1264 895 1604 967 praecipimus
1626 932 1644 959 ,
1690 893 1815 964 quia

233 1010 507 1068 nusquam
530 994 634 1049 hoc
663 990 817 1045 nobis
838 988 1097 1044 Dominus
1121 986 1302 1042 docuit

792 1096 1019 1154 CAPUT
1056 1095 1258 1150 XLVII.

395 1210 458 1248 DE
496 1204 773 1247 PABOCIIIIS
803 1204 874 1243 ΕΤ
913 1200 1202 1242 ORATOBIIS
1235 1196 1630 1239 CONSTRUENDIS

611 1279 795 1335 Canon
822 1276 1125 1340 Toletanus,
1152 1290 1260 1328 tera
1286 1273 1357 1328 29
1385 1272 1433 1324 ι).

305 1376 410 1444 Qui
429 1372 710 1430 ecclesiam
730 1366 1080 1423 aedificaverit
1095 1372 1284 1420 contra
1306 1376 1570 1417 canonum
1591 1367 1813 1425 statuta,

230 1476 287 1523 et
324 1482 432 1522 non
456 1479 579 1520 eam
603 1462 671 1516 ab
701 1459 957 1529 episcopo
980 1454 1217 1523 legitime
1241 1452 1459 1523 petierit
1486 1449 1811 1513 consecrari,

233 1559 420 1633 (Matt.
454 1555 592 1624 var.)
623 1559 718 1605 aut
752 1549 1017 1611 destruat,
1064 1553 1158 1599 aut
1193 1545 1392 1606 dotem,
1434 1555 1597 1611 quam
1639 1539 1814 1594 eidem

230 1630 477 1705 ecclesiae
514 1644 745 1705 fecerat,
784 1646 1003 1695 censeat
1040 1636 1106 1690 ad
1144 1634 1379 1704 episcopi
1418 1630 1813 1688 ordinationem

230 1740 524 1812 pertinere.
552 1732 706 1802 Quod
730 1730 835 1786 tale
856 1728 1057 1784 factum
1087 1724 1165 1798 [et
1197 1725 1254 1778 in
1286 1720 1639 1793 praeteritum]
1674 1728 1729 1775 et
1757 1720 1810 1774 in

232 1828 487 1901 praesenti
513 1823 778 1894 displicet,
806 1828 863 1876 et
885 1820 941 1874 in
969 1818 1150 1872 futuro
1173 1816 1553 1887 prohibeatur;
1581 1815 1674 1868 sed
1698 1828 1814 1867 om-

231 1921 322 1975 nia
359 1915 546 1989 (Αάά.)
582 1915 651 1969 ad
674 1911 910 1982 episcopi
936 1908 1327 1964 ordinationem
1358 1906 1437 1977 [et
1467 1902 1811 1976 potestatem]

232 2010 555 2082 pertineant.

762 2091 836 2147 1E
842 2109 900 2146 ra
927 2091 958 2144 7
991 2089 1147 2163 [Can.
1176 2089 1248 2142 20

300 2198 381 2257 Ne
413 2197 646 2269 episcopi
685 2209 814 2250 vero
844 2191 1150 2262 parmchias
1181 2186 1433 2258 ailligant.
1463 2184 1643 2257 (Mult.
1674 2182 1812 2253 var.)

231 2291 469 2347 Audiam
490 2287 750 2357 scriptum
779 2302 793 2338 :
824 2281 1021 2336 Forma
1049 2288 1207 2334 estote
1238 2277 1412 2348 gregi,
1449 2290 1609 2345 neque
1640 2273 1813 2327 domi-

228 2391 417 2437 nantes
444 2381 500 2433 in
525 2376 684 2432 clero.
721 2374 973 2442 Ideoque,
1010 2375 1237 2438 excepto
1272 2366 1414 2437 quod
1448 2371 1689 2418 veterum
1725 2362 1812 2417 in-

230 2472 543 2528 stitutiones
568 2484 599 2523 a
621 2464 912 2537 paruechiis
931 2460 1126 2531 jubent
1148 2458 1349 2514 habere
1379 2456 1679 2525 episcopos,
1707 2452 1812 2507 alia

231 2565 380 2639 [quae
398 2563 506 2618 huc
531 2573 701 2630 usque
723 2563 1051 2628 przesumpta
1074 2551 1223 2623 sunt]
1248 2551 1429 2608 omnia
1450 2550 1809 2619 denegentur;

231 2637 336 2712 hoc
357 2663 476 2719 est,
505 2665 678 2721 neque
706 2650 760 2705 in
788 2646 1024 2719 angariis
1048 2642 1231 2715 (Van)
1268 2642 1549 2713 presbyter
1576 2648 1670 2693 aut
1692 2637 1812 2693 dia-

232 2762 402 2803 conus
429 2745 684 2814 fatigetur
710 2739 957 2813 [fatigent
984 2730 1406 2804 indictionibus],
1441 2745 1510 2785 ne
1532 2729 1816 2784 videantur

231 2838 286 2892 in
316 2834 555 2891 Ecclesia
579 2833 672 2887 Dei
694 2829 927 2901 episwpi
952 2835 1236 2882 exactores
1261 2822 1606 2894 potiusquam
1630 2819 1813 2891 ponti-

231 2928 366 2982 ﬁces
409 2923 694 2980 nominari.
744 2921 810 2975 Ili
852 2934 982 2975 vero
1022 2916 1204 2973 clerici
1250 2924 1360 2970 tam
1402 2911 1601 2969 locales
1649 2904 1812 2981 quam

233 3015 546 3078 dimcesani,
593 3012 685 3083 qui
725 3026 783 3067 se
823 3010 892 3065 ab
931 3009 1187 3078 episcopo
1207 3004 1418 3075 gravari
1443 3003 1808 3074 cognoverint,

232 3105 485 3178 querelas
525 3117 650 3158 suas
684 3102 753 3156 ad
790 3098 1261 3169 metropolitanum
1295 3092 1541 3150 deferant
1578 3089 1812 3164 [deferre
1836 3115 1885 3178 ο

233 3212 342 3251 non
367 3191 661 3264 differant].
692 3190 793 3257 Qui
821 3186 1264 3256 metropolitanus
1288 3182 1448 3256 (Add.
1473 3191 1522 3237 et
1546 3179 1684 3251 var.)
1713 3181 1813 3235 hu-

225 3283 462 3356 iusmodi
490 3280 961 3354 praesumptionem
989 3284 1279 3334 coerceat.-

660 3399 843 3454 Canon
872 3395 1173 3459 Toletanus,
1211 3409 1318 3447 tera
1347 3392 1399 3445 4.

306 3495 367 3550 Si
399 3495 681 3564 episcopus
710 3505 869 3545 unam
910 3488 975 3545 de
1008 3484 1303 3557 parmchiis
1332 3482 1422 3555 [de
1448 3480 1815 3551 parochitanis

235 3583 503 3657 ccclesiis]
550 3581 935 3638 monasterium
978 3577 1226 3633 dedicare
1267 3574 1500 3629 voluerit
1545 3571 1720 3643 (Add.
1767 3580 1816 3624 et

235 3676 400 3747 van),
431 3676 626 3730 habeat
649 3670 922 3727 licentiam
952 3686 964 3721 :
995 3676 1050 3722 et
1084 3682 1171 3720 res
1205 3664 1385 3736 (Mult.
1422 3661 1559 3733 ear.)
1587 3677 1724 3733 quas
1752 3661 1818 3716 de

237 3770 483 3827 Eetlesia
523 3767 718 3823 ibidem
757 3780 856 3835 pro
894 3761 1159 3831 stipendio
1199 3758 1585 3814 monachorum
1629 3770 1815 3810 mona-

235 3864 531 3920 charumve
570 3855 796 3920 dederit,
837 3860 1097 3925 perpetuo
1142 3850 1214 3905 ibi
1263 3855 1515 3903 maneant
1544 3866 1556 3900 :
1587 3845 1690 3900 hoc
1738 3854 1821 3900 est

237 3948 630 4009 rationabiliter
658 3946 809 4001 dare.

589 4058 772 4115 Canon
797 4056 1191 4118 Aurasicorum,
1223 4070 1331 4108 wra
1359 4053 1391 4107 8
1421 4063 1465 4103 ο.

310 4156 371 4211 Si
423 4153 708 4223 episcOpus
761 4148 840 4223 [in
889 4148 1078 4202 alienze
1127 4144 1363 4200 civitatis
1414 4136 1711 4211 territorio]
1765 4138 1816 4191 in

237 4246 409 4303 fundo
438 4242 678 4301 ecclesia:
701 4255 844 4304 suae,
874 4246 928 4294 et
957 4238 1010 4291 in
1040 4235 1262 4291 alterius
1288 4230 1524 4304 episcopi
1566 4227 1818 4300 parocliia

236 4338 525 4396 ecclesiam
553 4331 820 4389 aedificare
857 4327 1087 4383 voluerit
1132 4322 1434 4398 {disponit},
1480 4337 1585 4374 non
1632 4318 1817 4390 prohi-

232 4434 432 4488 beatur
458 4448 473 4483 :
506 4426 668 4499 (Add.
698 4432 745 4480 et
773 4420 912 4492 var.)
937 4418 1274 4475 dedicatione
1298 4429 1426 4471 vero
1451 4412 1521 4467 illi
1549 4409 1815 4467 omnium-

234 4526 323 4581 dis
360 4527 640 4578 reservata
679 4516 950 4586 episcopo,
996 4512 1049 4565 in
1092 4509 1244 4579 cujus
1281 4504 1558 4561 territorio
1593 4499 1817 4557 ecclesia

236 4608 494 4679 assurgit.
533 4605 827 4676 Episcopus
850 4616 980 4656 vero
1018 4594 1201 4670 (Van)
1238 4596 1330 4664 qui
1366 4590 1650 4650 aediﬁcavit
1686 4590 1817 4658 ipse,

237 4702 440 4759 ibidem
489 4696 715 4753 clericos
759 4708 886 4749 suos
927 4690 1169 4752 ordinet;
1218 4686 1302 4741 vel
1350 4685 1395 4739 si
1441 4683 1673 4738 ordinati
1707 4680 1817 4749 jam

237 4800 398 4856 sunt,
435 4790 551 4860 ipse
578 4801 671 4843 eos
697 4786 912 4841 haheat.
957 4781 1144 4838 Omnis
1176 4786 1352 4833 tamen
1390 4774 1629 4831 ecclesiae
1656 4773 1824 4843 ipsius

237 4880 559 4955 gubernatio
586 4879 653 4934 ad
684 4877 837 4932 illum
872 4874 1180 4944 episcopum
1208 4866 1531 4938 pertinebit,
1576 4864 1630 4918 in
1669 4861 1825 4932 cujus

238 4971 519 5030 territorio
545 4970 647 5026 sita
680 4975 764 5023 est
791 4964 1038 5038 [ecclesia
1066 4957 1342 5031 surrexit].

575 5079 759 5137 Canon
786 5075 1195 5139 Aurelianensis,
1224 5089 1333 5128 trra
1359 5069 1430 5125 26
1455 5069 1503 5122 ἀ.

313 5173 373 5229 Si
403 5186 525 5243 qua!
549 5169 839 5241 parmchia:
860 5167 915 5222 iu
948 5173 1226 5235 potentum
1249 5162 1498 5218 domibus
1519 5159 1824 5215 constituta:

241 5271 372 5319 sunt
401 5260 580 5334 (Μηιι.
608 5259 769 5327 van),
799 5256 981 5312 clerici
1010 5255 1103 5325 qui
1129 5254 1327 5309 ibidem
1359 5258 1505 5317 sunt,
1531 5249 1823 5306 secundum

316 5410 345 5439 ι
382 5396 439 5452 In
464 5396 559 5453 Gr’.
585 5410 634 5450 c.
663 5393 756 5457 26,
782 5408 829 5448 c.
861 5390 950 5447 28.
981 5390 1181 5457 Interp.
1209 5388 1428 5459 Dionys.

317 5469 347 5507 ι’
384 5467 547 5522 Cone.
577 5465 819 5519 Toletan.
850 5478 929 5522 ιιι,
963 5476 1012 5515 c.
1041 5459 1125 5513 19.

321 5550 343 5577 ε
386 5538 551 5592 Couc.
578 5534 821 5588 Arausic.
854 5548 893 5596 ι,
919 5547 968 5586 c.
998 5529 1082 5583 10.

317 5608 343 5647 ἀ
386 5607 549 5662 Cone.
578 5603 762 5658 Aurel.
790 5617 862 5657 IV.

324 5689 348 5717 ο
389 5676 552 5732 Cone.
581 5673 754 5729 Tolct.
784 5689 863 5727 ιιι.

329 5748 347 5787 τ
392 5747 555 5802 Cone.
580 5742 797 5803 Laodic.
822 5758 872 5797 ς.
898 5741 984 5797 51.
1010 5740 1124 5797 Non
1149 5738 1325 5795 diﬂ‘crt
1360 5738 1444 5794 ab.
1476 5736 1600 5792 Isid.
1631 5735 1823 5804 interp.

1086 324 1404 385 CANONES
1443 323 1729 382 SELECTI
1768 324 1863 379 E1
1905 324 2059 381 VET.
2101 324 2259 382 CAN.
2292 324 2626 384 COLLECT.

3355 330 3490 387 i050

1843 440 1892 496 Α
1921 440 2232 509 qualitatem
2253 441 2460 497 ordinis
2485 442 2601 506 sui,
2635 439 2820 512 (Add.)
2851 441 2920 496 ab
2947 442 3327 499 archidiacono
3355 446 3491 500 civi-

1922 531 2046 586 tatis
2072 538 2423 588 coerceantur
2462 532 2753 587 secundum
2793 531 3213 589 ecclesiasticam
3252 535 3493 606 discipli-

1917 637 2062 676 nam.
2099 621 2158 677 Si
2182 637 2311 676 vero
2333 623 2399 677 de
2421 622 2628 694 agendo
2649 621 2825 677 cilicio
2847 623 3089 680 ecclesia:
3112 643 3142 681 a
3168 627 3495 698 quibuslibet

1918 710 2009 783 [ab
2029 713 2308 783 agentibus
2330 721 2608 782 potentum
2627 753 2642 778 ,
2673 713 2756 768 vel
2791 715 2858 769 ab
2890 714 3021 784 ipsis
3051 718 3127 771 rei
3156 719 3410 792 dominis]
3438 721 3493 776 in

1915 802 2095 871 aliquo
2119 802 2278 874 (Add.
2306 813 2356 857 et
2383 803 2521 874 var.)
2544 804 2947 874 prohibeantur,
2977 816 3223 865 auctores
3245 813 3491 881 nequitia

1916 909 2086 965 usque
2110 895 2176 949 ad
2198 896 2625 950 emendationem
2655 897 3029 953 communione
3051 900 3347 969 priventur.

2291 1007 2473 1062 Canon
2507 1009 2809 1076 Toletanus,
2841 1028 2949 1067 wra
2978 1011 3045 1066 l5
3072 1024 3118 1065 θ.

1988 1117 2046 1171 Si
2086 1132 2274 1173 servus
2310 1117 2425 1172 iisci
2466 1117 2591 1190 [Qui
2624 1135 2691 1174 ex
2731 1122 2904 1176 servis
2939 1121 3231 1194 fiscalibus]
3263 1120 3417 1193 (Var.
3443 1137 3490 1176 ει

1917 1208 2067 1277 add.)
2112 1207 2396 1262 ecclesiam
2441 1210 2807 1273 aediﬁcaverit,
2852 1225 3080 1282 eamque
3126 1210 3214 1283 [de
3239 1227 3334 1266 sua
3362 1227 3494 1282 pau-

1914 1295 2143 1368 pertate]
2168 1297 2453 1362 dotaverit,
2476 1299 2579 1352 hoc
2605 1306 2859 1368 procuret
2884 1301 3166 1370 episcOpus
3192 1317 3348 1371 prece
3371 1316 3495 1377 sua,

1916 1387 2238 1441 auctoritate
2267 1385 2460 1459 [regia]
2488 1387 2749 1456 principis
2773 1386 3102 1443 confirmari.

2457 1498 2683 1554 CAPUT
2723 1498 2946 1554 XLVIII.

2321 1607 2387 1645 DE
2426 1607 2734 1646 NA'I‘ALITIIS
2771 1607 3080 1647 IIABTYRUI.

2265 1700 2447 1756 Canon
2479 1700 2500 1740 ί
2536 1701 2892 1768 Laodicensis,
2926 1718 3034 1757 trra
3059 1702 3131 1755 22

1988 1812 2102 1867 Non
2128 1821 2339 1884 oportet
2377 1813 2432 1868 in
2467 1813 2879 1883 quadragesima
2919 1784 3220 1885 martyrum
3254 1816 3495 1871 natalitia

1913 1902 2231 1958 celebrare:
2274 1904 2369 1959 sed
2411 1917 2596 1958 eorum
2642 1904 2698 1957 in
2740 1903 2976 1959 Sabbato
3017 1913 3073 1959 et
3116 1905 3170 1959 in
3219 1904 3494 1962 Dominica

1916 2003 2122 2047 tantum
2148 1994 2464 2048 memoriam
2494 1993 2630 2048 fieri.

2474 2106 2703 2163 CAPUT
2742 2106 2924 2161 XLIX.

2009 2214 2074 2253 DE
2112 2214 2286 2256 FICTIS
2319 2214 2658 2255 ιΑιιτῑιιιιιυε
2700 2216 2770 2255 ΕΤ
2818 2215 2969 2256 ιοοιε
3000 2216 3117 2265 ρυλε
3153 2218 3406 2259 [ΝᾹΝΠἙΙ

2513 2285 2889 2325 VENERANTUR.

1988 2496 2014 2534 ε
2052 2492 2171 2550 Non
2194 2493 2596 2550 concedendum
2618 2495 2951 2559 cmmeteria,
2982 2493 3067 2549 vel
3089 2508 3210 2563 quae
3237 2495 3498 2566 martyria

1911 2584 2167 2640 dicuntur
2200 2585 2610 2652 haereticorum,
2647 2600 2747 2641 nec
2781 2586 3042 2641 orationis
3069 2586 3244 2657 gratia
3273 2585 3498 2643 intrare.

1915 2674 1973 2733 Si
1999 2679 2092 2749 qui
2118 2677 2329 2745 fecerit,
2372 2678 2936 2734 incommunicabilem
2982 2677 3181 2733 factum
3228 2678 3283 2733 in
3329 2678 3500 2749 peni-

1916 2773 2137 2828 tentiam
2164 2787 2334 2842 usque
2379 2772 2449 2827 ad
2493 2771 2712 2841 aliquod
2755 2778 2966 2840 tempus
3008 2770 3177 2841 redigi
3210 2788 3222 2824 :
3255 2778 3309 2825 et
3350 2771 3396 2826 si
3443 2786 3499 2827 se

1912 2880 2124 2922 errasse
2149 2864 2427 2921 confessus
2451 2863 2635 2929 fuerit,
2667 2862 2868 2933 suscipi
2896 2877 3020 2918 eum
3041 2870 3309 2934 oportere.

2425 2974 2501 3029 [Ε
2508 2991 2567 3028 ra
2595 2974 2662 3029 16
2692 2973 2847 3046 [Can.
2878 2972 2992 3046 55].

1928 3152 1943 3167 1
1982 3085 2012 3123 h
2052 3082 2154 3151 Qui
2179 3082 2435 3153 relinquit
2464 3082 2750 3138 ecclesiam
2777 3082 2905 3148 Dei,
2933 3090 2990 3138 et
3016 3081 3163 3137 vadit
3185 3082 3254 3137 ad
3279 3081 3503 3153 angulos

1914 3190 2073 3231 orare
2111 3174 2194 3230 vel
2224 3175 2672 3247 congregationes
2713 3174 2911 3237 facere,
2954 3190 3075 3246 qua:
3110 3176 3292 3230 omnia
3337 3177 3501 3231 inter-

1918 3268 2059 3323 dicta
2092 3274 2236 3330 sunt,
2261 3266 2352 3335 qui
2390 3265 2516 3321 huic
2544 3264 2858 3322 idololatria:
2879 3274 3058 3330 vacat,
3093 3266 3385 3322 anathema
3409 3268 3502 3324 sit.

2424 3372 2564 3429 {Era
2590 3373 2654 3429 2|
2691 3373 2846 3447 [Can.
2877 3373 2993 3447 54].

1995 3491 2008 3530 i
2054 3488 2171 3544 Non
2216 3495 2432 3558 oportet
2472 3488 2878 3554 Christianum,
2926 3489 3131 3546 relictis
3172 3489 3503 3563 martyribus

1919 3580 2071 3634 abire
2095 3581 2164 3634 ad
2187 3578 2352 3633 falsos
2378 3587 2645 3649 martyres
2674 3595 2686 3631 :
2720 3579 2776 3632 lii
2801 3579 2945 3632 enim
2974 3576 3133 3633 alieni
3162 3594 3194 3633 a
3218 3578 3331 3637 Deo
3353 3587 3501 3648 sunt,

1918 3679 1975 3727 et
2000 3671 2339 3726 anathemate
2365 3669 2741 3740 percellantur.

2563 3781 2874 3836 Αἱτα22ι.

1990 3895 2067 3949 Illi
2102 3894 2194 3966 qui
2232 3900 2560 3965 apostatant,
2597 3901 2653 3948 et
2688 3907 2963 3962 nunquam
3000 3892 3068 3948 ad
3102 3893 3385 3949 ecclesiam
3411 3909 3506 3951 ve-

1919 3986 2073 4040 niunt
2104 3983 2559 4056 [repraesentant],
2607 3999 2705 4039 nec
2743 3983 3118 4054 pmnitentiam
3143 3993 3411 4053 quaerunt,
3447 3994 3506 4040 et

1918 4085 2102 4147 postea
2147 4077 2201 4131 in
2242 4074 2559 4131 infirmitate
2599 4074 2780 4147 (γαν.)
2819 4081 3009 4144 petunt
3045 4075 3503 4149 communionem,

1920 4166 1999 4220 eis
2020 4181 2127 4221 non
2149 4164 2379 4219 dandam
2405 4171 2531 4217 ante
2556 4162 2766 4231 dignam
2789 4159 3176 4230 penitentiam.

2304 4273 2486 4329 Canon
2514 4271 2864 4342 Epaunensia,
2898 4286 3005 4323 a'ra
3032 4268 3121 4324 52.

1989 4386 2248 4441 Basilicas
2272 4383 2645 4438 haereticorum
2679 4379 2863 4453 (Add.)
2893 4380 3097 4435 sanctis
3119 4378 3307 4435 usibus
3328 4378 3496 4450 appli-

1921 4478 2034 4533 cari
2057 4477 2400 4546 despicimus;
2428 4473 2601 4547 [sane]
2623 4481 2802 4529 tamen
2823 4489 2959 4543 quas
2978 4473 3055 4528 illi
3075 4488 3172 4544 per
3190 4472 3498 4528 violentiam

1922 4570 2120 4623 nostris
2150 4567 2408 4629 tulerunt,
2439 4580 2726 4635 possumus
2757 4578 3030 4618 revocare.

2261 4679 2444 4735 Canon
2472 4677 2860 4749 Hipponiensis,
2887 4694 2994 4731 (era
3019 4675 3088 4732 82
3115 4676 3161 4728 κ.

1993 4796 2217 4860 Altaria,
2235 4809 2353 4865 qua:
2370 4808 2470 4864 per
2490 4806 2650 4862 agros
2669 4798 2725 4847 et
2741 4790 2926 4845 vineas
2939 4788 3100 4861 [vias]
3116 4796 3369 4857 tauquam
3391 4801 3504 4843 me-

1924 4887 2111 4942 moriae
2148 4893 2448 4956 martyrum
2477 4881 2780 4938 conduntur
2807 4876 3273 4953 [constituuntur],
3315 4874 3503 4950 (ΑΜ.)

1924 4977 1992 5031 ab
2011 4975 2297 5046 episcopis,
2314 4972 2407 5042 qui
2435 4971 2567 5027 locis
2586 4970 2790 5026 eisdem
2811 4977 3068 5041 praesunt,
3088 4967 3156 5041 [si
3172 4968 3286 5025 ﬁeri
3301 4976 3456 5039 potes
3475 4968 3502 5042 ·]

1925 5073 2257 5121 evertantur.
2300 5062 2357 5118 Si
2394 5069 2574 5117 autem
2613 5062 2718 5116 hoc
2756 5069 2975 5131 propter
3012 5068 3187 5115 motus
3219 5059 3504 5129 populares

1926 5170 2033 5210 non
2054 5153 2270 5217 sinitur,
2291 5151 2442 5222 plebs
2464 5158 2643 5205 tamen
2660 5149 3035 5213 admoneatur,
3058 5162 3125 5201 ne
3146 5147 3234 5201 illa
3256 5144 3505 5213 frequen-

1926 5255 2041 5304 tent
2062 5246 2196 5303 loca.
2226 5243 2410 5317 (Add.)
2433 5244 2501 5298 Et
2515 5244 2736 5299 omnino
2756 5244 2903 5298 nulla
2924 5239 3182 5295 memoria
3203 5245 3501 5307 martyrum

2006 5381 2031 5419 ε
2067 5376 2232 5433 Cone.
2264 5376 2426 5431 Laod.
2458 5390 2507 5429 c.
2537 5374 2589 5430 9.
2620 5374 2819 5440 Interp.
2844 5385 2941 5440 nec
2964 5367 3181 5437 Dionys.
3206 5377 3308 5419 nec
3328 5361 3454 5419 Isid.

2000 5449 2029 5490 ιι
2064 5448 2262 5519 Interp.
2287 5461 2388 5502 nec
2415 5446 2633 5519 Dionys.
2660 5438 2906 5519 nec—Isid:

2007 5522 2018 5561 ί
2065 5508 2262 5588 Interp.
2291 5531 2391 5588 nec
2420 5508 2638 5586 Dionys.
2657 5526 2772 5588 nec
2797 5508 2918 5563 Isid.

2004 5590 2016 5638 ἰ
2068 5582 2233 5643 ϐοηθῖ
2268 5587 2470 5642 Arelat.
2501 5582 2618 5646 t,'c.
2649 5582 2739 5636 22.

2005 5661 2025 5699 ι
2069 5657 2232 5715 Cone.
2261 5656 2443 5713 Carth.
2474 5644 2600 5721 v,c.
2632 5652 2726 5715 li;
2756 5662 2905 5704 conc.
2936 5644 3105 5703 Atrio.
3133 5661 3184 5702 I..
