3928 6178
426 325 559 377 “ibi

1272 322 1594 381 CANONES
1632 320 1920 379 SELECTI
1960 319 2055 376 EX
2093 319 2248 377 VET.
2291 320 2446 377 CAN.
2490 320 2823 377 COLLECT.

425 434 816 510 [probabiliter]
842 445 1182 509 acceptetur;
1205 438 1310 493 nisi
1334 440 1422 495 ubi
1463 455 1660 511 corpus
1692 448 1783 494 aut
1810 438 2003 509 aliquae
2032 440 2078 499 Α
2104 444 2368 506 potestate
2397 436 2713 492 consistant.
2747 436 2815 491 Et
2846 434 2891 490 si
2919 436 3047 505 quid
3074 446 3263 494 contra
3287 437 3491 511 [extra]
3522 453 3687 508 regu-

427 528 665 598 teliquiae
686 540 832 594 sunt,
859 527 1039 602 (ναν.)
1069 530 1142 586 ibi
1167 538 1386 587 auclore
1410 532 1512 587 hoc
1534 531 1760 600 alicujus
1788 528 1996 585 habita-

425 620 587 675 tionis
605 620 688 675 vel
712 621 976 690 passionis
1002 621 1307 678 ﬁdelissima
1335 623 1542 693 origine
1566 623 1829 677 tradatur.
1861 619 1997 675 Nam

426 723 548 779 qua:
596 724 695 780 per
740 710 947 765 somnia
987 720 1041 765 et
1083 726 1181 780 per
1221 712 1409 767 inanes
1447 711 1599 781 quasi
1643 710 2000 766 revelationes

424 800 700 856 hominum
723 803 1123 856 constituuntur
1149 802 1360 867 altaria,
1386 803 1502 857 haec
1527 802 1672 857 omni
1695 801 1855 857 modo
1875 814 2000 870 proc

425 889 678 945 bibentur
698 891 1117 964 [reprobentur].

1045 1005 1269 1062 CAPUT
1308 1005 1369 1060 L.

832 1111 897 1149 DE
933 1110 1186 1150 SOBTIBUS
1219 1113 1287 1150 ΕΤ
1325 1111 1587 1151 Αιόυιιιιδ.

789 1180 971 1239 Catton
999 1183 1338 1249 Arelatensis,
1367 1202 1474 1239 tera
1502 1184 1570 1238 24
1598 1196 1642 1236 ι.

492 1299 596 1365 Qui
633 1297 837 1352 faculas
875 1297 1193 1361 accendunt,
1237 1306 1330 1351 aut
1369 1297 1589 1350 arbores
1625 1302 1718 1349 aut
1754 1308 1881 1349 saxa
1914 1295 2001 1349 vel

421 1390 597 1445 fontes
623 1397 972 1454 venerantur,
1004 1389 1048 1443 si
1079 1389 1181 1443 hoc
1208 1387 1388 1459 (Van)
1419 1388 1703 1456 episcopus
1727 1386 1830 1440 loci
1857 1386 2000 1440 illius

418 1495 611 1535 eruere
638 1481 958 1549 neglexerit,
988 1480 1253 1549 sacrilegii
1282 1495 1431 1535 reum
1460 1495 1518 1534 se
1542 1492 1662 1533 esse
1688 1485 1998 1548 cognoscat.

421 1573 679 1626 Dominus
719 1581 898 1627 autem
936 1572 1218 1627 ordinatur
1257 1572 1335 1625 rei
1380 1570 1567 1640 ipsius,
1607 1570 1652 1624 si
1695 1568 2001 1623 admonitus

420 1662 705 1718 emendare
726 1662 977 1730 noluerit,
1004 1661 1379 1719 communione
1403 1660 1661 1730 privetur.

755 1772 934 1830 Conon
964 1776 1354 1845 Africanorum,
1384 1790 1491 1828 tera
1520 1772 1586 1826 74
1612 1772 1661 1825 δ.

485 1881 762 1954 Auguriis,
802 1885 888 1939 vel
929 1885 1386 1940 incantationibus
1424 1884 1765 1948 servientem,
1798 1898 1829 1937 a
1869 1897 1998 1938 cou-

421 1981 579 2031 ventu
608 1974 849 2031 ecclesiae
877 1977 1253 2045 separandum.

658 2085 841 2143 Canon
872 2089 1199 2159 Agathensis,
1230 2105 1338 2143 tera
1367 2089 1436 2145 40
1461 2087 1616 2160 [Cum
1646 2087 1755 2160 42].

489 2198 548 2253 Si
576 2202 698 2269 quis
725 2209 918 2267 sortes,
946 2216 1082 2271 quas
1116 2209 1426 2256 sanctorum
1449 2207 1666 2265 vocant,
1695 2199 1876 2271 (Van)
1902 2199 1999 2254 ha-

419 2294 627 2360 buerit,
670 2293 753 2348 vel
802 2293 1150 2350 divinationis
1190 2294 1472 2351 scientiam
1519 2295 1856 2365 proﬁteatur,
1905 2301 2000 2349 aut

416 2395 862 2454 quarmucunque
891 2386 1279 2455 scripturarum
1311 2387 1640 2457 inspectione
1672 2387 1850 2444 futura
1872 2403 2001 2458 pro-

418 2470 600 2526 mittat
624 2490 638 2524 :
660 2472 966 2542 quicunque
990 2473 1243 2546 [clericus
1261 2475 1343 2531 vel
1364 2476 1534 2533 laicus
1554 2478 1793 2533 detectus
1812 2476 1998 2551 fuerit]

419 2560 535 2616 inec
571 2561 852 2617 consulere
888 2564 972 2618 vel
1002 2564 1195 2620 docere
1221 2569 1642 2638 praesumpserit,
1675 2570 1743 2624 ab
1770 2568 1997 2625 ecclesia

420 2650 685 2706 habeatur
707 2660 1014 2709 extraneus.

745 2761 929 2818 Canon
957 2765 1369 2833 Aurelianensis,
1398 2786 1506 2824 trra
1534 2771 1603 2825 26
1630 2784 1677 2824 ο.

488 2868 547 2925 Si
575 2870 696 2940 quis
723 2871 1078 2931 divinationes
1110 2876 1194 2931 vel
1232 2878 1452 2949 auguria
1491 2881 1779 2938 crediderit
1812 2885 1998 2941 obser-

418 2962 612 3027 vanda,
634 2963 717 3018 vel
742 2974 938 3032 sortes,
959 2982 1093 3037 quas
1116 2970 1448 3026 mentiuntur
1472 2971 1637 3029 luisse
1661 2985 1995 3041 sanctorum,

417 3053 605 3126 (Add.)
633 3071 754 3111 cum
779 3057 862 3113 his
884 3060 977 3128 qui
1015 3061 1095 3117 eis
1125 3064 1452 3120 crediderint
1477 3066 1546 3122 ab
1572 3066 1826 3124 Ecclesia:
1851 3084 1998 3125 com-

416 3144 670 3201 munione
698 3146 948 3216 pellatur.

760 3256 942 3314 Conon
971 3259 1340 3332 Ancgritanus,
1368 3281 1476 3319 tera
1503 3267 1573 3321 24
1594 3268 1643 3321 ἀ.

485 3366 587 3435 Qui
610 3370 832 3441 auguria
852 3372 936 3426 vel
957 3374 1215 3444 auspicia,
1233 3386 1327 3432 aut
1347 3377 1705 3436 divinationes
1727 3383 1995 3452 quaslibet

415 3457 725 3526 observant,
761 3470 853 3517 aut
890 3464 1078 3521 domos
1116 3482 1244 3523 suas
1280 3466 1534 3535 lustrant,
1572 3471 1804 3526 confessi
1839 3474 1995 3542 quit-

416 3547 650 3616 quennio
672 3550 1045 3619 pteuiteutiam
1068 3563 1248 3624 agant.

1029 3663 1258 3721 CAPUT
1294 3665 1378 3719 LI.

635 3766 703 3806 DE
739 3767 999 3817 CLERICIS,
1035 3769 1295 3811 IONACHIS
1331 3772 1426 3811 νει.
1461 3774 1766 3814 ΑΒΒΑτιιιυε.

495 3940 518 3967 ο
557 3926 659 3996 Qui
688 3929 853 3985 semel
882 3930 937 3984 in
963 3931 1110 3988 clero
1137 3934 1377 4005 deputati
1407 3948 1555 4005 sunt,
1587 3949 1681 3996 aut
1709 3943 2000 3997 monacho-

419 4033 536 4072 rum
570 4017 736 4075 vitam
762 4020 1129 4088 expetierunt,
1162 4024 1447 4081 statuimus
1478 4036 1538 4081 ut
1562 4043 1736 4099 neque
1762 4029 1830 4084 ad
1861 4030 2000 4084 mili-

420 4108 548 4162 tiam
577 4124 752 4180 neque
778 4110 845 4165 ad
870 4111 1104 4181 aliquam
1128 4115 1440 4186 dignitatem
1463 4120 1647 4176 venire
1672 4130 2001 4191 praesumant

418 4200 743 4255 mundanam
768 4220 780 4256 :
811 4210 901 4257 aut
923 4202 1038 4258 haec
1068 4212 1339 4262 tentantes
1366 4217 1420 4264 et
1444 4225 1549 4263 non
1578 4219 1800 4281 agentes
1827 4212 2001 4281 ι)ωηί-

416 4288 665 4355 tentiam,
695 4291 982 4360 quominus
1010 4293 1232 4349 redeant
1259 4295 1326 4350 ad
1350 4298 1451 4353 hoc
1476 4299 1620 4367 quod
1646 4308 1868 4371 propter
1894 4300 1999 4357 Do-

416 4379 617 4435 minum
642 4380 891 4451 primitus
921 4382 1217 4454 elegerunt,
1247 4390 1793 4448 anathematizentur.

756 4491 939 4549 Cotton
965 4495 1375 4568 Aurelianensis,
1406 4520 1513 4557 trra
1542 4503 1576 4559 9
1612 4503 1656 4560 τ.

486 4598 551 4656 Hi
576 4602 668 4672 qui
706 4614 956 4677 suscepta
984 4610 1301 4677 paenitentia
1338 4614 1595 4685 religione
1635 4632 1747 4673 suae
1784 4622 1991 4689 profes-

414 4688 583 4745 sionis
608 4692 758 4749 obliti
781 4696 849 4751 ad
878 4698 1154 4755 saecularia
1195 4702 1526 4774 relabuntur,
1552 4724 1583 4763 a
1614 4688 1991 4771 communione

413 4782 746 4876 ct‘omnium
784 4788 1173 4846 catholicorum
1212 4796 1458 4853 convivio
1497 4810 1817 4869 separentur
1857 4804 1991 4876 [plas

414 4869 550 4935 cuit,
571 4881 700 4937 etc.,
725 4878 1018 4950 suspendi].
1052 4880 1071 4952 (
1082 4881 1233 4955 Var.)
1261 4883 1317 4941 Si
1346 4903 1476 4944 vero
1504 4901 1625 4960 post
1648 4869 1994 4951 interdictum

416 4974 542 5015 cum
575 4974 641 5017 eo
668 4965 791 5032 quis
818 4974 1218 5039 praesumpserit
1250 4979 1595 5045 manducare,
1627 4991 1680 5037 et
1709 4983 1822 5053 ipse
1847 5000 1996 5040 com-

414 5053 673 5111 munione
700 5057 957 5127 privetur.

1050 5151 1188 5207 .Era
1219 5156 1284 5211 15
1318 5159 1361 5212 ⁸.

483 5234 719 5294 Abbates
746 5253 847 5310 pro
887 5239 1191 5299 humilitate
1220 5246 1494 5318 religionis
1519 5252 1571 5306 in
1611 5256 1987 5326 episcoporum

484 5381 511 5439 ξ
549 5367 714 5439 Cone.
743 5370 889 5426 Arei.
915 5389 977 5439 ll,
1006 5390 1055 5429 c.
1085 5374 1175 5429 23.

410 5520 465 5562 ο.
485 5437 688 5563 589$.tat.
715 5441 860 5499 Eccl.
891 5444 945 5498 in
966 5437 1085 5501 cod.
1112 5445 1272 5501 Barh.
1301 5462 1350 5502 c.
1376 5449 1474 5515 85;
1517 5450 1682 5507 Conc.
1709 5469 1763 5507 tv
1798 5452 1985 5509 Carth.

487 5588 510 5647 ’ζ
549 5577 712 5647 Cone.
739 5580 920 5637 Aurel.
950 5600 990 5647 ι,
1020 5600 1066 5641 c.
1096 5587 1184 5642 50.

486 5645 514 5735 εξ
545 5645 818 5735 gld._iu'Gr.
842 5670 889 5708 c.
914 5645 1003 5735 23,
1032 5658 1082 5713 in
1107 5658 1301 5731 interp.
1331 5659 1547 5733 Dionys.
1575 5670 1627 5718 et
1658 5662 1778 5718 lsid.
1816 5679 1844 5718 a
1872 5666 1990 5735 qui-

416 5712 518 5771 bus
544 5715 645 5770 ista
674 5720 961 5790 discrepat.
992 5712 1003 5721 '
1054 5712 1061 5713 “
1112 5712 1299 5731 “"“r
1334 5712 1355 5714 ν
1377 5712 1546 5733 --ηιη
1582 5712 1626 5718 ,,
1658 5712 1747 5771 ___’_

2020 3151 2070 3217 C

2099 530 2206 585 lam
2237 529 2479 595 fecerint,
2517 531 2586 585 ab
2622 530 2891 600 episcopis
2940 530 3320 601 corripiantur,
3366 537 3466 602 qui
3512 531 3679 587 semel

2100 623 2153 679 in
2182 637 2344 687 anno,
2376 622 2431 676 in
2476 622 2652 678 locum
2697 621 2789 675 ubi
2840 620 3125 691 episcopus
3176 622 3421 693 elegerit,
3456 629 3679 692 accepta

2097 713 2379 767 vocatione
2437 714 2780 768 conveniant.
2849 712 3097 768 Monachi
3148 723 3328 769 autem
3389 713 3679 768 abbatibus

2101 804 2245 858 omni
2294 818 2353 858 se
2384 804 2688 858 obedientia
2723 804 2751 844 δ
2778 813 2834 858 et
2869 803 3154 858 devotione
3183 804 3493 872 subjiciam.
3526 802 3679 869 Quod

2100 892 2146 945 si
2173 892 2294 961 quis
2320 907 2420 961 per
2443 892 2839 949 contumaciam
2875 891 3149 946 exstiterit
3175 906 3283 945 non
3307 892 3560 954 devotus,
3589 899 3679 945 aut

2100 998 2197 1052 per
2224 984 2402 1054 aliqua
2443 984 2558 1039 loca
2608 984 2844 1052 evagari,
2875 992 2967 1037 aut
3002 983 3273 1054 peculiare
3300 984 3506 1039 habere
3546 1000 3675 1053 pra:-

2102 1074 2412 1142 sumpserit,
2448 1073 2628 1128 omnia
2676 1089 2794 1142 quae
2848 1072 3162 1141 acquisierit
3208 1073 3496 1128 abbatibus
3527 1072 3677 1127 aufe-

2103 1170 2311 1225 rantur,
2358 1162 2651 1216 sccunalum
2705 1162 2944 1232 regulam
2997 1163 3325 1218 monasterio
3371 1162 3677 1232 profutura.

2100 1251 2204 1321 Ipsi
2236 1260 2417 1306 autem
2449 1252 2540 1321 qui
2578 1251 2778 1307 fuerint
2805 1253 3105 1322 pervagati,
3137 1255 3448 1323 ubicunque
3476 1255 3678 1309 inventi

2101 1340 2322 1405 fuerint,
2367 1357 2492 1397 cum
2521 1342 2725 1397 auxilio
2750 1343 2989 1412 episcopi
3022 1350 3279 1412 tanquam
3317 1342 3542 1414 fugaces
3579 1345 3678 1400 sub

2102 1432 2343 1489 custodia
2370 1441 2710 1488 revocentur.
2764 1432 2830 1487 Et
2857 1448 3008 1487 reum
3029 1447 3088 1488 se
3122 1434 3211 1490 ille
3237 1434 3410 1491 abbas
3438 1433 3677 1489 [utut-tun

2100 1538 2220 1579 esse
2247 1534 2549 1596 cognoscat.
2581 1525 2672 1593 qui
2706 1524 2806 1596 [in]
2837 1525 3144 1595 hujusmodi
3170 1541 3438 1594 personas
3464 1542 3572 1581 non
3595 1540 3675 1582 te-

2099 1615 2273 1684 gulari
2322 1614 2790 1669 animadversione
2832 1615 3190 1681 distrinxerit,
3245 1615 3333 1669 vel
3361 1615 3460 1686 qui
3488 1630 3673 1672 mona-

2101 1708 2263 1762 chum
2302 1706 2603 1776 susceperit
2623 1705 2878 1760 alienum.

2428 1796 2611 1851 Canon
2639 1795 3098 1862 Clmlcedonensts,
3128 1813 3238 1852 arra
3264 1804 3337 1866 ιη

2176 1891 2193 1930 i
2236 1887 2526 1943 Mouachos
2563 1902 2693 1943 vero
2730 1900 2826 1956 per
2869 1901 3306 1957 unamquamque
3342 1889 3681 1958 provinciam

2100 1987 2191 2034 aut
2235 1979 2512 2034 civitatem
2567 1977 2839 2047 subjectos
2869 1993 2990 2033 esse
3029 1979 3321 2049 episcopo:
3361 1987 3420 2035 et
3444 1980 3682 2049 quietem

2098 2069 2360 2140 diligere;
2423 2076 2480 2123 et
2517 2068 2753 2125 intentos
2797 2082 2919 2123 esse
2964 2070 3337 2124 tantummodo
3380 2068 3588 2140 jejunio
3624 2077 3680 2124 et

2097 2161 2372 2226 orationi;
2407 2168 2791 2230 permanentes
2825 2160 2880 2214 in
2913 2160 3071 2225 locis,
3103 2161 3156 2215 in
3185 2161 3385 2230 quibus
3406 2161 3692 2216 renuntia-

2097 2260 2292 2307 verunt
2313 2251 2509 2307 saeculo
2533 2268 2548 2315 ;
2577 2266 2677 2306 nec
2700 2250 3084 2333 ecclesiasticis
3128 2265 3307 2333 [neque
3328 2250 3680 2306 saecularibus

2098 2344 2327 2416 negotiis
2355 2343 2774 2407 communicare,
2812 2341 2897 2396 vel
2939 2342 2994 2396 in
3019 2328 3200 2411 aliquo
3227 2356 3349 2396 esse
3394 2340 3678 2406 molestos,

2097 2438 2318 2507 propria
2371 2436 2698 2492 monasteria
2749 2436 3062 2492 deserentes
3089 2453 3103 2489 :
3135 2435 3238 2490 nisi
3268 2434 3412 2489 forte
3438 2434 3518 2490 eis
3543 2448 3686 2503 pra:-

2099 2531 2331 2601 cipiatur
2354 2538 2575 2599 propter
2591 2545 2730 2599 opus
2756 2531 3120 2587 necessarium
3164 2531 3232 2586 ab
3255 2530 3515 2601 episcopo
3543 2530 3677 2585 civi-

2100 2622 2248 2676 tatis.
2290 2621 2504 2676 Nullum
2531 2635 2661 2676 vero
2688 2621 3021 2676 monasterio
3065 2636 3282 2677 servum
3314 2621 3541 2676 obtentu
3565 2636 3675 2677 mo-

2097 2710 2257 2765 nachi
2286 2717 2507 2778 propter
2527 2710 2610 2764 sui
2636 2709 2838 2765 domini
2865 2710 3249 2766 conscientiam
3272 2710 3459 2778 recipi.
3486 2710 3689 2766 Trans—

2097 2801 2430 2871 gredientem
2460 2817 2589 2857 vero
2613 2803 2754 2857 hanc
2780 2801 3146 2857 deﬁnitionem
3189 2810 3432 2858 nostram
3460 2817 3673 2857 excom-

2098 2891 2431 2947 municatum
2491 2907 2612 2948 esse
2676 2893 3035 2956 decrevimus,
3081 2907 3152 2947 ne
3204 2907 3403 2949 nomen
3468 2892 3682 2947 Domini

2099 2984 2520 3053 blasphemetur.
2588 2984 2971 3040 Verumtamen
3053 2984 3362 3054 episcopum
3429 2983 3679 3040 convenit

2098 3082 2471 3144 competenter
2533 3074 2985 3130 monasteriorum
3035 3072 3431 3143 providentiam
3468 3085 3679 3142 gerere.

2321 3162 2505 3219 Conon
2527 3163 2863 3234 Agathensis,
2890 3178 3000 3218 tera
3028 3161 3094 3216 l9
3125 3159 3279 3231 [Cum
3310 3158 3427 3231 27].

2166 3254 2546 3310 Monasterium
2576 3269 2707 3309 vero
2722 3268 2942 3317 novum,
2959 3252 3059 3307 nisi
3073 3251 3323 3321 episcopo
3334 3249 3680 3319 permittente

2097 3345 2211 3418 [aut
2236 3342 2521 3415 probante]
2553 3344 2791 3416 incipere
2820 3352 2911 3397 aut
2941 3342 3165 3396 fundare
3183 3355 3340 3394 nemo
3364 3348 3682 3409 pnesurnat.

2095 3435 2342 3490 Monachi
2373 3442 2553 3489 autem
2575 3442 2831 3504 vagantes
2859 3433 2925 3485 ad
2968 3431 3201 3484 cilicium
3228 3427 3544 3490 clericatus,
3575 3426 3683 3481 nisi

2095 3530 2177 3584 eis
2202 3529 2572 3584 testimonium
2603 3528 2770 3582 abbas
2801 3540 2929 3581 suus
2956 3523 3185 3589 dederit,
3215 3536 3392 3592 neque
3416 3522 3470 3575 in
3492 3520 3675 3575 civita-

2097 3621 2262 3686 tibus,
2320 3635 2492 3689 ncqne
2545 3620 2600 3673 in
2645 3617 2916 3688 parochiis
2964 3614 3301 3671 ordinentur.
3358 3610 3684 3668 Monachum

2096 3727 2247 3776 vero,
2274 3711 2379 3765 nisi
2432 3709 2643 3765 abbatis
2671 3709 2754 3763 sui
2802 3707 3067 3779 permissu
3099 3705 3219 3779 [aut
3262 3703 3588 3777 voluntate],
3614 3704 3682 3758 ad

2096 3803 2327 3858 alterum
2350 3801 2736 3856 monasterium
2758 3800 3077 3870 migrantem
3108 3797 3288 3852 nullus
3313 3795 3481 3850 abbas
3509 3794 3671 3851 susci.

2096 3908 2226 3964 pere
2254 3900 2348 3946 aut
2375 3891 2611 3946 retinere
2659 3897 2952 3963 praesumat
2976 3906 2990 3942 :
3021 3888 3114 3943 sed
3163 3889 3470 3956 ubicunque
3498 3885 3683 3949 fuerit,

2097 3984 2279 4039 abbati
2304 3998 2404 4038 suo
2426 3982 2747 4036 auctoritate
2777 3994 3044 4036 canonum
3082 3987 3383 4034 revocetur.
3412 3978 3469 4033 Si
3495 3993 3683 4033 neces~

2096 4090 2156 4130 se
2185 4073 2351 4129 fuerit
2377 4072 2445 4127 ad
2470 4069 2704 4126 cilicium
2739 4069 3027 4125 clericatus
3071 4068 3352 4142 [clericum
3394 4070 3461 4123 de
3490 4082 3685 4123 mona-

2096 4165 2214 4221 cluis
2261 4161 2549 4235 ordinari],
2601 4176 2725 4217 cum
2755 4175 3021 4216 consensu
3062 4168 3117 4214 et
3144 4159 3424 4214 voluntate
3468 4157 3683 4212 abbatis

2095 4255 2418 4310 monachum
2449 4260 2740 4325 praesumat
2776 4253 3076 4323 episcOpus.
3128 4249 3282 4324 (Can.
3327 4250 3444 4323 9.8.)
3494 4250 3681 4305 Mona-

2094 4347 2258 4401 steria
2315 4345 2639 4415 puellarum,
2692 4344 2903 4416 longius
2946 4361 2976 4399 a
3006 4344 3350 4400 monasteriis
3385 4343 3686 4398 monacho-

2097 4451 2213 4491 rum
2240 4434 2569 4490 collocentur
2604 4442 2825 4506 propter
2852 4434 3079 4489 insidias
3122 4431 3347 4499 diaboli,
3381 4432 3468 4488 vel
3494 4432 3689 4488 obtre-

2023 4507 2073 4568 Ῑ)
2096 4526 2360 4581 ctationes
2386 4521 2797 4598 [oblocutiones]
2829 4523 3127 4579 hominum.

2746 4612 2885 4667 Afra
2924 4612 3010 4667 58.

2169 4704 2507 4761 Servandum
2562 4719 2777 4774 quoque
2801 4703 2868 4758 de
2897 4702 3197 4766 monachis,
3230 4717 3299 4757 ne
3329 4702 3411 4757 eis
3437 4716 3538 4773 per
3557 4697 3678 4773 [ad]

2100 4797 2369 4853 solitarias
2393 4796 2614 4852 cellulas
2644 4796 2802 4851 liceat
2829 4809 2860 4848 a
2888 4793 3305 4864 congregatione
3349 4792 3635 4847 discedere
3660 4808 3677 4856 ;

2099 4887 2200 4942 nisi
2233 4885 2371 4941 forte
2415 4886 2653 4957 probatis
2682 4893 2801 4956 post
2837 4884 3094 4938 emeritos
3122 4883 3359 4951 labores,
3388 4895 3482 4937 aut
3526 4881 3681 4938 inﬁr-

2097 4976 2302 5032 mitatis
2328 4977 2668 5039 necessitate,
2698 4975 2942 5045 asperior
2967 4975 3037 5030 ab
3063 4973 3351 5028 abbatibus
3380 4973 3567 5044 regula
3588 4987 3680 5027 re»

2096 5067 2358 5123 mittatur.
2414 5067 2573 5138 (Add.
2605 5076 2653 5119 et
2685 5065 2821 5135 var.)
2862 5064 3067 5120 Tamen
3116 5065 3260 5120 intra
3303 5064 3492 5120 eadem
3523 5074 3681 5135 septa

2099 5157 2431 5221 monasterii,
2467 5156 2566 5211 sub
2585 5154 2798 5212 abbatis
2825 5164 3092 5229 potestate
3144 5163 3428 5226 separatas
3471 5155 3682 5211 habere

2093 5249 2311 5304 cellulas
2339 5249 2743 5319 pet-mittantur.

2167 5399 2189 5426 ε
2228 5385 2391 5441 Cone.
2434 5383 2683 5439 Chalced.
2723 5399 2771 5439 c.
2820 5383 2872 5437 7.
2914 5382 3112 5454 interp.
3153 5397 3254 5438 nec
3304 5382 3522 5446 Dionvs.
3574 5394 3681 5436 nec

2091 5455 2213 5509 Isid.
2245 5455 2377 5510 Vide
2405 5470 2555 5510 conc.
2588 5454 2857 5523 Andegav.
2886 5470 2934 5510 c.
2963 5453 3016 5505 7.

2168 5525 2186 5563 τ
2229 5525 2393 5580 Cone.
2424 5523 2607 5579 Aurel.
2638 5541 2679 5588 ι,
2709 5541 2757 5579 c.
2792 5524 2875 5578 ll.

2165 5597 2189 5633 8
2239 5593 2419 5662 Ejusd.
2445 5609 2594 5662 conc.
2636 5610 2685 5650 c.
2718 5594 2803 5649 l9.

2163 5667 2186 5705 ιι
2232 5661 2355 5718 var.
2391 5661 2519 5719 V'ide
2543 5672 2654 5718 not.
2684 5664 2752 5719 cl.
2784 5662 2833 5719 J.
2874 5662 3164 5719 Sirmondi.

2172 5737 2182 5774 ί
2230 5733 2507 5788 Paululum
2537 5734 2714 5789 (lill‘crt
2736 5735 2802 5790 ab
2833 5735 3111 5803 interpret.
3145 5731 3365 5801 Dionys.
