3928 6178
243 355 388 408 1053

534 467 716 521 (Ianon
746 459 1158 524 Aurelianensis,
1189 473 1299 512 arra
1336 455 1404 510 18
1430 467 1477 508 ι.

312 560 576 618 Monacho
597 556 677 611 uti
710 552 913 615 orario,
966 547 1042 620 [in
1064 544 1412 617 monasterio]
1438 545 1521 600 vel
1549 545 1576 584 ιι
1599 543 1818 614 ciangas

236 656 443 709 habere
469 663 575 704 non
610 647 790 700 liceat.

582 734 764 791 Canon
795 730 1136 794 Arelatensis,
1165 744 1272 782 cera
1302 727 1338 781 2
1375 737 1425 778 ο.

309 835 382 892 Ut
407 828 741 889 monasteria
771 832 824 879 et
862 821 1248 878 monachorum
1293 816 1570 885 disciplina
1599 814 1666 868 ad
1695 828 1816 868 eum

231 930 548 1001 pertineant
588 922 898 992 episcopum
941 917 996 970 in
1027 914 1181 983 cujus
1229 919 1355 965 sunt
1389 907 1659 964 territorio
1685 921 1817 959 con-

232 1022 450 1078 stituta.

307 1109 314 1122 '
529 1105 712 1160 Conon
748 1098 1208 1158 Chalcedonensis,
1238 1110 1344 1147 cera
1371 1091 1462 1145 Ἡ.

305 1217 331 1244 α
374 1204 506 1270 Qua:
555 1195 720 1253 semel
749 1193 992 1248 dedicata
1043 1196 1170 1243 sunt
1223 1181 1547 1240 monasteria
1593 1178 1818 1237 consilio

233 1298 640 1368 episcoporum,
668 1292 924 1341 maneant
963 1287 1220 1351 perpetuo
1245 1273 1572 1332 monasteria
1598 1291 1610 1325 :
1653 1280 1708 1326 et
1731 1285 1818 1325 res

233 1366 355 1456 qum
383 1383 451 1437 ad
473 1395 539 1442 ea
557 1376 828 1449 pertinent
857 1372 974 1426 loca
997 1366 1338 1424 monasteriis
1364 1377 1641 1418 reservare
1659 1376 1818 1431 Opor-

235 1449 331 1537 tet,
359 1485 462 1524 nec
495 1479 652 1538 posse
679 1461 819 1516 ultra
873 1459 991 1514 ﬁeri
1025 1455 1307 1512 saecularia
1360 1450 1683 1508 habitacula.
1714 1449 1814 1515 Qui

193 1581 202 1592 ο
235 1578 364 1617 vero
402 1562 511 1616 hoc
535 1555 653 1611 fieri
693 1549 1059 1624 permiserint,
1087 1558 1353 1602 canonum
1382 1539 1664 1597 sententiis
1684 1539 1813 1593 sub-

229 1653 511 1721 iacebunt.

539 1737 724 1794 Canos
750 1734 1260 1804 Augustodunensts,
1290 1740 1398 1779 (era
1426 1723 1478 1776 1.

1086 323 1404 399 camertes
1443 335 1730 394 senae-rt
1769 333 1864 390 sx
1902 331 2059 388 ver.
2103 328 2260 386 CAN.
2302 327 2632 389 COLLECT.

1838 451 1886 508 Α
1915 445 2075 517 (Add.
2122 456 2171 501 et
2214 451 2350 518 var.)
2399 445 2550 514 Quod
2592 446 2637 500 si
2693 447 2981 501 verborum
3030 442 3489 516 increpationibus

3351 327 3488 381 1053

1919 553 2026 593 non
2048 539 2467 601 emendaverint,
2506 536 2820 591 verberibus
2845 548 3220 592 coerceantur.

2291 628 2356 684 In
2383 627 2601 700 epistola
2628 628 2807 684 Siricii
2853 647 3004 700 papae
3037 632 3081 681 Β.

1989 718 2278 776 Monachus
2321 735 2555 790 quoque,
2603 736 2738 788 quos
2766 735 2980 774 morum
3031 720 3269 790 gravitas
3293 727 3348 776 et
3377 721 3490 776 vita

1917 817 2104 864 sancta
2155 808 2232 880 [et
2256 810 2382 863 vitae
2406 823 2470 864 ac
2496 809 2622 863 ﬁdei
2666 809 2931 864 institutio
2965 808 3172 882 sancta]
3221 825 3489 864 commen-

1917 903 2026 966 dat,
2057 901 2375 956 clericorum
2413 898 2600 954 oﬂiciis
2646 899 2924 970 aggregari
2962 908 3016 954 et
3036 908 3282 968 optamus
3310 907 3365 954 et
3392 912 3489 954 vo-

1918 989 2136 1054 lumus;
2172 989 2246 1043 ita
2281 997 2342 1043 ut
2369 987 2552 1060 (Var.)
2597 990 2644 1043 si
2675 990 2764 1058 qui
2801 990 2944 1044 intra
2985 990 3314 1044 tricesimum
3359 995 3492 1043 teta—

1917 1081 1987 1135 tis
2022 1096 2220 1135 annum
2249 1088 2395 1146 sunt,
2421 1096 2519 1150 per
2553 1081 2750 1151 gradus
2784 1081 3022 1152 singulos
3051 1081 3317 1136 crescenti
3351 1089 3492 1136 tem-

1917 1185 2046 1241 pore
2088 1180 2509 1240 promoveantur
2571 1173 2849 1226 ordinibus
2907 1173 3175 1242 singulis:
3208 1181 3263 1228 et
3309 1173 3388 1227 sic
3420 1172 3490 1227 ad

1917 1260 2229 1314 diaconatus
2253 1259 2335 1314 vel
2370 1260 2672 1330 presbyteri
2705 1261 2920 1315 ordines
2962 1259 3240 1332 [insignia]
3293 1260 3491 1315 maturi

1917 1351 2165 1422 [malum
2204 1351 2380 1406 astatis
2426 1350 2854 1422 consecratione]
2881 1351 3216 1420 perveniant,
3253 1367 3320 1406 ne
3347 1351 3488 1408 saltu

1916 1444 1982 1497 ad
2007 1443 2347 1512 episcopatus
2389 1442 2599 1495 culmen
2638 1441 2954 1504 ascendant,
3007 1440 3110 1495 nisi
3158 1438 3339 1511 (ναν.)
3376 1441 3489 1494 sin-

1914 1533 2050 1602 gulis
2103 1532 2361 1604 gradibus
2389 1540 2444 1586 et
2479 1532 2613 1586 ordo
2658 1540 2714 1586 et
2768 1539 3013 1600 tempora
3069 1528 3269 1583 fuerint
3313 1538 3490 1583 custo-

1919 1624 2047 1678 dita.

2118 1711 2185 1766 In
2214 1712 2433 1784 epistola
2463 1712 2758 1767 Innocentii
2791 1729 2942 1783 papce
2969 1712 3020 1776 ὶι,
3049 1727 3159 1765 mra
3185 1711 3270 1764 11.

310 1847 334 1874 ο
375 1831 695 1891 Abbatibus,
722 1826 806 1881 vel
838 1796 1124 1878 monachis
1164 1815 1465 1886 peculiares
1493 1827 1580 1866 res
1610 1808 1810 1864 habere
1843 1796 1888 1855 Β
1984 1803 2228 1858 Monachi
2256 1803 2414 1876 (Add.
2441 1814 2489 1858 et
2517 1804 2654 1878 var.)
2684 1804 2751 1858 ad
2777 1800 3066 1859 clericatus
3097 1804 3342 1858 ordinem
3373 1818 3490 1872 per-

238 1941 344 1980 non
373 1924 572 1986 liceat;
602 1928 658 1974 et
689 1912 943 1972 monachi
991 1909 1059 1964 ab
1087 1906 1280 1962 abbate
1331 1905 1535 1958 victum
1567 1909 1622 1955 et
1650 1898 1814 1953 vesti-

236 2027 352 2071 tum
383 2019 701 2069 consuetum
725 2003 1012 2075 accipiant.

922 2091 1059 2146 Αἶγα
1083 2091 1137 2146 8.

307 2197 382 2252 Ut
410 2193 660 2250 monachi
711 2188 887 2244 abbati
919 2201 1038 2248 suo,
1082 2181 1167 2236 vel
1208 2179 1483 2250 proposito
1526 2176 1634 2231 sint
1679 2174 1811 2228 obe-

235 2288 467 2342 dientes.

921 2366 1060 2420 zEra
1086 2371 1140 2426 6.

308 2468 382 2524 Ut
413 2468 466 2521 in
494 2463 803 2520 civitatibus
836 2459 1008 2515 errari
1064 2471 1172 2511 non
1220 2453 1586 2514 inveniantur,
1625 2445 1810 2520 (Van)

235 2560 342 2615 nisi
367 2575 512 2614 casu
524 2573 624 2626 pro
644 2553 945 2610 humilitate
972 2551 1255 2604 mittantur
1291 2564 1302 2598 :
1336 2553 1392 2600 et
1419 2552 1546 2596 tunc
1575 2555 1698 2596 cum
1727 2539 1813 2594 lit-

236 2651 370 2706 teris
406 2647 620 2704 abbatis
643 2645 726 2701 sui
749 2643 817 2698 ad
847 2640 1287 2696 archidiaconum
1312 2634 1632 2703 dirigantur.

770 2732 909 2787 xEra
932 2731 966 2784 5
991 2729 1145 2802 [Can.
1173 2726 1285 2798 10].

306 2832 380 2887 Ut
407 2836 712 2898 compatres
735 2825 912 2880 nullus
936 2822 1321 2878 monachorum
1346 2817 1540 2872 audeat
1570 2814 1768 2870 habere
1793 2830 1809 2878 ;

233 2939 338 2979 nec
368 2920 790 2976 familiaritatem
837 2922 1219 2971 extranearum
1273 2908 1581 2964 mulierum.
1626 2905 1692 2958 Et
1720 2905 1813 2974 qui

232 3015 490 3067 inventus
524 3007 707 3071 fuerit,
746 3004 989 3060 severius
1033 3000 1354 3072 corrigatur.

896 3091 1036 3147 zEra
1065 3090 1154 3144 10.

1914 1895 2207 1959 venientes,
2243 1910 2350 1949 non
2390 1894 2638 1949 debenta
2683 1894 2852 1964 priori
2909 1895 3187 1964 proposito
3232 1893 3490 1948 deviare:

1912 1983 2137 2054 etquod
2191 1983 2281 2039 diu
2337 1992 2710 2048 servaverunt,
2741 1985 2797 2037 in
2855 1983 3064 2038 meliori
3115 1981 3285 2052 gradu
3333 1981 3490 2051 positi

1912 2077 2164 2130 amittere
2212 2092 2317 2131 non
2374 2077 2588 2132 debent.
2630 2078 2732 2145 Qui
2773 2085 2899 2132 ante
2935 2076 3262 2146 baptismum
3304 2089 3494 2130 corru-

1910 2175 2034 2236 ptus
2066 2166 2186 2231 fuit,
2227 2169 2272 2222 si
2315 2175 2436 2238 post
2468 2169 2795 2238 baptismum
2835 2169 3026 2234 nubat,
3078 2166 3240 2239 [Add.
3272 2175 3319 2221 et
3351 2165 3490 2226 van]

1912 2256 2058 2312 nullo
2084 2257 2244 2313 modo
2266 2265 2446 2327 potest
2467 2259 2534 2314 ad
2557 2257 2871 2313 clericatum
2892 2257 3122 2311 admitti.

2388 2348 2453 2403 In
2479 2350 2675 2420 synodo
2703 2349 2925 2404 Nicama
2954 2351 2997 2402 ί.

1983 2439 2041 2496 Si
2075 2443 2197 2511 quis
2231 2441 2288 2496 in
2312 2442 2640 2497 monasterio
2663 2441 2897 2496 nutritus
2931 2455 3101 2510 usque
3131 2441 3199 2494 ad
3222 2456 3490 2497 summum

1915 2533 2173 2599 studium,
2207 2541 2263 2588 et
2287 2532 2630 2604 postmodum
2657 2530 2988 2594 discesserit,
3020 2531 3124 2584 nisi
3167 2538 3518 2596 revertatur,

1915 2622 2211 2678 desertoris
2251 2622 2561 2678 discrimine
2590 2621 2896 2676 damnetur.
2942 2619 3000 2675 Si
3047 2621 3168 2688 quis
3197 2619 3491 2688 susceperit

1914 2717 2236 2771 monachum
2291 2715 2544 2777 alienum,
2597 2715 2754 2767 ambo
2803 2711 3302 2768 excommunicandi
3348 2719 3492 2765 sunt.

1918 2805 1930 2856 i
1966 2806 2107 2860 Puer
2147 2818 2318 2876 usque
2357 2803 2426 2857 ad
2454 2803 2520 2856 12
2554 2818 2726 2857 annos
2759 2802 2830 2856 sit
2879 2803 2933 2855 in
2977 2808 3244 2870 potestate
3301 2801 3492 2869 patris.

1916 2896 2068 2950 Tunc
2128 2904 2182 2948 et
2239 2895 2491 2963 deinceps
2539 2900 2720 2962 potest
2771 2893 3120 2962 semetipsum
3174 2892 3492 2946 monachum

1915 2984 2113 3040 facere.
2147 2982 2298 3055 (Cap.
2333 2983 2444 3054 15.)
2482 2983 2662 3037 Infans
2685 2997 2784 3051 pro
2821 2981 3030 3036 infante
3079 2990 3256 3051 potest
3295 2982 3408 3036 dari
3438 2982 3493 3036 in

1917 3073 2266 3137 monasterio,
2297 3073 2545 3141 quamvis
2574 3073 2740 3127 alium
2789 3072 3062 3128 vovisset:
3095 3080 3273 3126 tamen
3303 3071 3494 3126 melius

307 3190 381 3246 Ut
410 3187 722 3243 mulieribus
745 3201 799 3239 in
825 3181 1214 3239 monasterium
1234 3179 1474 3232 virorum
1505 3174 1812 3230 nullatenus
1838 3161 1884 3224 (ἶ
1915 3177 1996 3222 est
2036 3171 2218 3218 votum
2265 3163 2508 3233 implere,
2566 3180 2635 3219 ne
2664 3179 2787 3218 reus
2817 3165 2868 3217 in
2919 3171 3044 3216 voto
3083 3162 3394 3216 inveniaris.
3429 3161 3498 3216 Et

231 3283 398 3338 liceat
421 3278 647 3349 ingredi.
681 3275 999 3339 Statuimus,
1031 3280 1089 3326 ut
1122 3269 1298 3326 nullus
1327 3267 1648 3322 monachum
1679 3264 1811 3318 alte-

234 3375 352 3426 rius
382 3371 584 3439 absque
597 3367 864 3438 permissu
886 3363 1096 3418 abbatis
1117 3361 1199 3416 sui
1223 3365 1514 3430 praesumat
1533 3356 1768 3410 retinere
1791 3369 1807 3419 ;

231 3463 332 3519 sed
368 3476 493 3516 cum
519 3461 770 3514 inventus
794 3455 957 3510 fuerit
978 3467 1198 3524 vagans,
1225 3451 1292 3505 ad
1321 3449 1511 3504 cellam
1534 3447 1809 3517 propriam

233 3561 545 3618 revocetur,
573 3551 648 3606 ibi
672 3549 828 3619 juxta
855 3547 1068 3616 culpam
1098 3542 1277 3599 meriti
1307 3539 1656 3596 coercendus.

907 3637 1046 3692 Afra
1074 3635 1162 3690 15.

309 3739 388 3792 De
418 3734 703 3792 abbatibus
735 3746 888 3796 vero,
926 3729 1011 3784 vel
1062 3725 1361 3790 monachis,
1398 3724 1474 3778 ita
1521 3721 1812 3777 observare

238 3827 498 3884 convenit
525 3833 585 3879 ut
609 3821 870 3894 quidquid
893 3817 1184 3875 canonicus
1208 3814 1364 3878 ordo,
1392 3821 1449 3868 et
1479 3810 1662 3882 regula
1689 3825 1814 3864 san-

239 3921 316 3974 cti
355 3914 631 3972 Benedicti
680 3912 888 3974 edocet,
953 3905 1224 3964 custodire
1277 3903 1354 3975 [et
1389 3900 1614 3971 implere
1650 3898 1725 3969 et]
1758 3899 1812 3954 in

235 4010 492 4066 omnibus
528 4007 778 4061 debeant.
812 4001 870 4056 Si
911 4000 1054 4056 enim
1081 3999 1198 4052 bzne
1224 3995 1406 4050 omnia
1437 3993 1674 4066 legitime
1699 3991 1815 4044 fue-

236 4104 349 4158 rint
378 4096 562 4172 (Var.)
592 4095 856 4151 custodita
884 4093 953 4146 ab
1002 4089 1289 4146 abbatibus
1335 4085 1422 4140 vel
1450 4084 1729 4140 monachis
1759 4084 1812 4136 in

237 4188 586 4247 monasteriis
613 4185 884 4248 omnibus,
921 4189 979 4237 et
1005 4194 1264 4234 numerus
1293 4176 1681 4232 monachorum
1704 4173 1814 4228 Deo

237 4280 474 4354 propitio
527 4277 835 4348 augebitur,
881 4281 934 4328 et
981 4270 1212 4325 mundus
1253 4269 1430 4323 omnis
1477 4281 1574 4336 per
1626 4279 1813 4319 eorum

234 4374 514 4430 orationes
541 4369 783 4424 assiduas
805 4363 1056 4420 omnibus
1099 4361 1256 4416 matis
1281 4359 1488 4415 carebit
1529 4355 1800 4425 contagiis.

241 4465 262 4506 ί
307 4465 367 4520 Si
397 4464 522 4533 quis
548 4468 728 4515 autem
757 4459 892 4522 hzec,
917 4471 1036 4526 qua:
1080 4472 1110 4509 a
1133 4455 1288 4510 nobis
1326 4453 1562 4525 propitio
1591 4452 1702 4506 Deo
1726 4451 1812 4504 in-

1912 3262 2054 3330 quod
2077 3260 2245 3316 semel
2273 3273 2548 3328 egressum
2573 3265 2656 3311 est
2684 3257 2750 3310 de
2781 3255 2936 3309 labiis
2979 3254 3084 3308 tuis
3107 3253 3356 3318 observa,
3389 3253 3491 3308 sic-

1912 3359 1972 3406 ut
1996 3351 2291 3421 promisisti
2321 3349 2547 3406 Domino
2576 3347 2686 3401 Deo
2716 3355 2826 3400 tuo.

2509 3458 2736 3514 CAPUT
2780 3457 2884 3513 ιιι.

1913 3571 1978 3610 DE
2023 3569 2126 3610 Ι)Εο
2168 3567 2424 3610 εΑειιΑτιδ
2468 3565 2708 3616 Ρυειιιε,
2760 3565 2830 3604 ΕΤ
2888 3563 3242 3604 IONASTERIIS
3288 3562 3488 3603 EABUI.

2295 3643 2479 3700 Canon
2507 3643 2812 3713 Africanus,
2840 3659 2947 3697 cera
2968 3641 3036 3698 38
3062 3642 3107 3696 κ.

1983 3737 2080 3794 Vir
2133 3737 2226 3807 qui
2273 3735 2541 3806 religiosis
2587 3734 2806 3789 feminis
2848 3733 3240 3803 pmponendus
3290 3739 3390 3797 est,
3423 3733 3492 3790 ab

1913 3827 2165 3898 episcopo
2186 3827 2292 3882 loci
2321 3828 2601 3896 probetur.

2253 3917 2434 3971 Conon
2460 3916 2877 3981 Aurelianensis,
2907 3933 3014 3970 tera
3044 3916 3077 3969 6
3121 3947 3156 3972 -.

1983 4011 2057 4066 Ut
2081 4025 2364 4081 episcopus
2413 4025 2602 4067 curam
2647 4019 2800 4080 gerat
2829 4010 2894 4064 de
2937 4009 3235 4078 puellarum
3292 4023 3486 4066 mona-

1915 4102 2098 4156 steriis
2151 4100 2292 4172 [quae
2324 4101 2377 4154 in
2425 4116 2518 4154 sua
2567 4100 2788 4156 civitate
2839 4099 3130 4153 constituta
3177 4096 3493 4168 sunt]:nec

1915 4190 2202 4247 abbatissa:
2227 4192 2426 4261 aliquid
2455 4191 2613 4244 liceat
2638 4197 2824 4244 contra
2854 4188 3091 4256 regulam
3125 4186 3320 4242 facere.

2181 4281 2361 4335 Canon
2386 4280 2717 4349 Agat/tensis,
2749 4295 2856 4331 αντα
2879 4279 2912 4332 9
2932 4275 3086 4348 [Cum
3118 4276 3228 4349 19].

1989 4368 2437 4426 Sanctimoniales
2466 4368 2713 4437 quamvis
2741 4367 2848 4420 vita
2884 4367 3126 4436 probatae
3171 4365 3490 4438 [quamlibet

1918 4461 2028 4515 vita
2058 4475 2243 4515 eorum
2268 4469 2322 4512 et
2355 4473 2534 4513 mores
2558 4456 2771 4527 probati
2795 4454 2924 4527 sint]
2969 4462 3093 4509 ante
3139 4469 3336 4508 annum
3359 4464 3490 4509 teta-

235 4525 434 4613 stituta
454 4560 600 4617 sunt,
616 4551 902 4606 tentaverit
926 4525 1106 4616 aliqua
1132 4544 1562 4616 transgressione
1577 4556 1814 4606 cassare,

1930 4554 1988 4607 Lis
2011 4568 2122 4608 sua:
2142 4568 2207 4606 xi.
2231 4567 2336 4606 non
2359 4550 2622 4604 velentur.

236 4647 282 4701 si
321 4644 494 4699 abbas
511 4650 610 4706 est,
635 4641 791 4696 annis
818 4635 1314 4694 tribuseommunio
1337 4635 1387 4689 ei
1413 4633 1775 4705 suspendatur
1799 4649 1814 4698 ;

236 4740 282 4794 si
315 4735 660 4806 praepositus,
707 4731 859 4786 annis
887 4729 1130 4793 duobus;
1164 4727 1209 4782 si
1241 4727 1559 4789 monachus,
1586 4733 1820 4780 autver-

236 4837 486 4896 beretur,
511 4837 604 4884 aut
649 4826 1047 4891 communione,
1082 4830 1137 4878 et
1164 4836 1362 4877 mensae
1403 4817 1817 4897 participatione

237 4925 419 4978 tribus
447 4921 603 4975 annis
629 4919 892 4990 privetur.

467 5010 650 5067 Conon
674 5010 1004 5082 Agathensis,
1043 5024 1151 5061 tera
1173 5003 1243 5061 56
1271 5002 1426 5078 [Cain
1470 5001 1586 5074 58}.

312 5105 592 5159 Monachis
641 5099 920 5176 [clericis],
976 5100 1091 5154 sine
1140 5094 1595 5153 commendatitiis
1623 5091 1822 5148 litteris

239 5199 502 5271 episcopi,
525 5197 607 5250 vel
622 5195 831 5250 abbatis
860 5193 944 5249 sui
970 5191 1184 5247 licentia
1206 5206 1310 5246 non
1337 5194 1516 5258 pateat
1535 5185 1816 5256 evagandi.

317 5345 343 5372 ι
386 5331 551 5386 Cone.
583 5329 764 5384 Aurel.
789 5344 834 5391 ι,
860 5344 909 5380 c.
936 5326 1024 5380 20.

317 5402 345 5441 1³
385 5402 510 5455 Var.
538 5400 672 5454 Vide
698 5407 811 5453 not.
839 5399 907 5452 cl.
933 5396 983 5450 J.
1007 5397 1173 5452 Sirm.

317 5481 339 5509 ε
383 5470 586 5524 Concil.
615 5469 762 5523 Arel.
795 5485 844 5532 v,
869 5484 918 5522 c.
941 5467 995 5520 2.
1291 5515 1299 5525 ,

316 5540 340 5578 ιι
383 5540 667 5608 lnterpret.
692 5554 793 5594 nec
831 5539 1048 5608 Dionys.
1073 5551 1172 5591 nec
1201 5536 1324 5590 Isid.

321 5622 345 5648 ο
383 5609 518 5663 Add.
551 5617 606 5663 et
623 5625 738 5663 var.

325 5679 345 5717 τ
393 5679 542 5732 Muli.
583 5679 706 5732 add.
760 5689 814 5733 ct
841 5694 954 5732 var.
999 5676 1183 5734 Deliis
1229 5676 1520 5730 canonibns
1553 5675 1670 5730 vidc
1712 5682 1822 5728 not.

247 5748 350 5805 viri
382 5749 451 5804 cl.
481 5747 527 5802 «Ι.
558 5749 851 5804 Sirmondi.

2283 4640 2467 4696 Canon
2502 4637 2855 4712 Epaunensis,
2903 4653 3011 4691 aera
3039 4635 3128 4690 20.

1989 4734 2299 4806 [Episcopo,
2326 4733 2663 4803 presbytero,
2694 4737 2749 4783 et
2771 4729 2997 4783 diacono
3026 4726 3110 4780 vel
3137 4725 3352 4780 caeteris
3380 4724 3491 4781 cle-
3581 4749 3600 4761 --

1919 4822 2094 4894 ricis.]
2138 4822 2282 4877 Viris
2332 4821 2399 4874 ad
2452 4817 2701 4881 feminas,
2745 4816 2894 4870 horis
2938 4813 3248 4883 praeteritis,
3287 4813 3341 4868 id
3379 4821 3481 4877 est,

1921 4912 2232 4968 meridianis
2263 4910 2348 4966 vel
2393 4906 2733 4979 vespertinis,
2786 4905 3136 4977 prohibemus
3190 4918 3486 4958 accessum.

1920 5005 2050 5074 Quae
2079 5011 2280 5068 tamen,
2311 5003 2355 5058 si
2394 5015 2555 5056 causa
2584 4999 2766 5063 fuerit,
2801 5005 2861 5052 ut
2885 4999 2953 5053 ab
2981 4997 3232 5067 episcopo
3271 4996 3490 5050 videan-

1923 5108 2031 5162 tur,
2069 5113 2193 5153 cum
2246 5093 2552 5151 testimonio
2595 5092 3039 5163 presbyterorum
3081 5096 3135 5143 et
3171 5087 3488 5142 clericorum

1922 5189 2224 5244 videantur.

2001 5325 2025 5363 8
2062 5319 2142 5373 Ad
2165 5317 2460 5373 llimerinm
2492 5315 2789 5370 Tarracon.
2819 5327 2935 5380 cap.
2964 5311 3047 5380 15.

1998 5393 2022 5432 h
2065 5390 2146 5444 Ad
2230 5386 2543 5442 Victricium
2611 5378 2919 5454 episcopum
2983 5378 3490 5442 Rotliomagensetn,

1930 5478 2047 5532 cap.
2083 5460 2166 5513 10.

2006 5534 2018 5572 ί
2072 5529 2202 5604 fide
2229 5543 2381 5604 conc.
2414 5526 2613 5604 Nicaea.
2641 5540 2701 5604 rt,
2733 5537 2780 5604 c.
2809 5520 2897 5604 ΞΛ.

2004 5613 2016 5649 ι
2072 5581 2203 5653 me
2232 5599 2348 5652 Vet.
2379 5597 2494 5650 cod.
2527 5581 2805 5664 pmnitent.
2836 5585 3037 5664 Theod.
3069 5598 3186 5664 cap.
3216 5581 3302 5664 ιι,

2002 5648 2022 5740 ἐ
2067 5648 2223 5724 ιὶιῖἷη
2249 5648 2552 5740 etiam;
2575 5648 2864 5740 391mm.
2903 5674 2953 5712 tv
2979 5648 3162 5712 Carni.
3195 5668 3242 5708 c.
3285 5648 3380 5708 97.

2009 5739 2025 5778 ι
2068 5740 2231 5794 Couc.
2261 5736 2458 5790 Arelat.
2493 5749 2540 5795 v,
2575 5749 2622 5785 c.
2653 5732 2705 5784 b'.
