3928 6178
469 332 608 390 1055

960 443 1100 498 Era
1131 443 1223 498 35.
1257 441 1393 516 [Can
1427 442 1520 517 58]

538 539 858 594 Monasteria
878 534 1177 605 puellarum
1201 535 1413 590 nonnisi
1438 536 1678 606 probata:
1695 535 1837 599 vitae,
1867 545 1892 576 ι
1912 539 2038 590 ειδ-

465 632 642 699 lisque
679 634 947 699 provectae
975 625 1042 680 ad
1070 639 1419 695 quascunque
1454 639 1640 681 earum
1684 627 2038 683 necessitates

463 722 572 795 [vel
621 715 1070 789 ministrationes]
1117 716 1494 787 permittuntur
1536 717 1760 771 intrare.
1829 716 1911 771 Ad
1959 717 2038 771 fa-

460 811 683 866 ciendas
704 824 832 864 vero
859 808 1070 873 missas,
1103 806 1194 875 qui
1210 805 1438 874 ingressi
1458 804 1680 870 fuerint,
1712 813 1904 859 exacto
1932 806 2036 859 mi-

462 900 687 955 nisterio
715 898 899 952 statim
923 904 1118 952 exeant
1149 895 1486 950 festinanter.
1536 894 1683 949 Alias
1710 903 1909 959 autem,
1938 910 2038 950 nec

461 989 690 1045 clericus
726 1002 827 1041 nec
874 985 1173 1040 monachus
1199 984 1433 1055 juvenis,
1494 981 1705 1055 [ullum]
1735 984 1802 1038 ad
1829 984 2036 1053 puella-

460 1095 582 1136 rum
605 1078 1051 1149 congregationes
1100 1075 1297 1129 habeat
1333 1088 1634 1138 accessum,
1663 1073 1765 1126 nisi
1791 1081 1885 1126 aut
1912 1072 2035 1143 [pa-

458 1168 635 1243 terna]
681 1177 945 1233 materna,
989 1174 1082 1220 aut
1110 1178 1363 1235 germana
1417 1161 1755 1216 necessitudo
1781 1162 2038 1230 probetur

455 1262 762 1316 admittere.

826 1328 1010 1384 Canon
1048 1324 1370 1390 Maticensis,
1411 1340 1520 1378 mra
1557 1323 1592 1377 2
1617 1323 1645 1362 ιι

527 1421 601 1477 Ut
626 1420 803 1475 nullus
830 1417 1111 1487 (Quantam
1137 1414 1287 1485 add.)
1318 1414 1548 1469 clericus
1574 1429 1749 1483 neque
1774 1412 1959 1474 laicus,
1979 1412 2035 1467 in

456 1511 801 1567 monasteriis
830 1508 1152 1578 puellarum,
1201 1505 1304 1560 nisi
1347 1505 1586 1574 probata:
1616 1504 1738 1558 vitae
1765 1511 1819 1557 et
1860 1502 2035 1556 aetatis

456 1612 742 1673 provectm,
784 1598 966 1672 (ναν.)
997 1613 1094 1669 pro
1128 1610 1447 1666 quacunque
1490 1594 1723 1648 utilitate
1768 1592 1853 1647 vel
1882 1607 2035 1660 repa-

457 1696 686 1759 ratione,
717 1692 961 1747 habitare
1007 1696 1100 1743 aut
1143 1694 1384 1741 secretas
1411 1682 1798 1739 collocutiones
1835 1682 2034 1737 habere

1315 326 1637 388 canones
1676 325 1963 386 SELECTI
2001 326 2097 385 sx
2136 325 2294 387 ver.
2335 326 2493 386 CAN.
2533 308 2868 389 cctnscr.

2063 441 2118 501 Δ

3592 341 3745 403 1086

2421 439 2606 497 Conon
2643 441 3103 515 Carthaginensis,
3142 464 3253 504 cra
3288 449 3357 509 68
3380 453 3431 507 δ.

2168 608 2173 614 ,
2207 530 2291 585 Ad
2316 539 2526 587 reatum
2568 534 2805 605 episcopi
2841 536 2925 591 vel
2962 538 3267 609 presbyteri
3306 543 3613 612 pertinebit
3646 548 3740 622 qui

2138 623 2425 691 partechite
2448 634 2662 693 praeest,
2707 626 2752 680 si
2790 629 3129 684 sustentandi
3176 629 3573 702 [sustentandae
3608 640 3737 696 vita

2137 713 2438 785 praesentis]
2478 715 2654 769 victus
2699 731 2885 782 causa,
2931 718 3385 780 adolescentiores
3413 727 3600 783 vidua:
3650 732 3735 787 vel

2136 804 2575 861 sanctimoniales
2598 806 2925 864 clericorum
2956 809 3318 870 familiaritati
3343 816 3734 876 subiiciantur.

2452 893 2637 951 Canon
2673 900 3074 967 Aurasicorum,
3113 920 3225 958 cera
3261 905 3331 961 26
3360 909 3404 963 ί.

2207 984 2495 1040 Viduitatis
2533 990 2811 1043 servandae
2835 990 3171 1059 professione
3195 994 3356 1066 (Add.
3394 1007 3444 1051 et
3471 1000 3622 1071 var.)
3644 1015 3737 1058 co—

2140 1090 2253 1129 ram
2279 1077 2532 1146 episcopo
2561 1079 2617 1132 in
2641 1082 2938 1136 secretario
2967 1084 3172 1150 habita,
3202 1087 3272 1141 ab
3297 1089 3554 1161 episcopo
3582 1101 3734 1148 veste

2136 1165 2334 1221 viduali
2365 1168 2571 1233 induta,
2600 1171 2748 1225 velut
2771 1171 3123 1241 professionis
3148 1175 3501 1235 desertricem
3530 1184 3731 1239 merito

2137 1259 2515 1316 damnandam.

2224 1348 2407 1404 Canon
2441 1351 2835 1408 Aurelianensis
2867 1354 2882 1405 ἱ
2920 1372 2995 1421 tv,
3035 1372 3145 1411 (era
3187 1357 3254 1413 16
3282 1357 3444 1431 [Cum
3483 1362 3595 1435 19].

2206 1440 2403 1497 Puellae
2431 1459 2551 1513 qua:
2594 1461 2689 1501 sua
2741 1449 2961 1517 propria
3003 1449 3283 1506 voluntate
3332 1458 3721 1513 monasterium

2133 1541 2409 1601 expetunt,
2438 1549 2531 1589 seu
2564 1552 2594 1589 a
2636 1538 2951 1605 parentibus
2985 1539 3184 1595 ibidem
3211 1540 3537 1611 offeruntur,
3582 1562 3723 1603 anno

2134 1637 2242 1677 uno
2265 1622 2319 1676 in
2346 1624 2461 1693 ipsa
2488 1640 2592 1693 qua
2616 1625 2952 1683 intraverunt
2973 1638 3122 1684 veste
3146 1645 3522 1700 permaneant.
3547 1635 3611 1690 In
3637 1637 3723 1692 bis

2133 1728 2262 1769 vero
2288 1717 2649 1781 monasteriis,
2674 1719 2762 1773 ubi
2786 1735 2892 1774 non
2917 1732 3180 1791 perpetuo
3201 1732 3459 1779 tenentur
3478 1726 3717 1793 inclusae,

453 1791 781 1855 praesumat:
813 1798 915 1836 nec
938 1792 959 1819 ε
994 1780 1136 1834 intra
1174 1776 1549 1834 salutatorium
1575 1784 1669 1830 aut
1698 1775 1753 1829 in
1794 1772 2033 1830 oratorio

2149 1803 2369 1859 triennio
2398 1804 2585 1877 (Add.)
2611 1772 2985 1876 permaneant.

453 1885 654 1931 intrare
681 1873 1082 1946 permittantur.

947 1961 1087 2017 ΛΕΜ
1123 1961 1184 2015 11
1228 1959 1386 2032 [Cum
1423 1957 1534 2030 12].

521 2059 887 2121 Decrevimus,
912 2065 973 2111 ut
993 2056 1038 2111 si
1065 2070 1187 2124 qua:
1214 2052 1391 2123 puella
1413 2050 1717 2106 voluntarie
1736 2057 1829 2104 aut
1841 2064 2033 2118 rogan-

450 2152 593 2205 tibus
618 2146 973 2222 [parentibus]
1003 2146 1117 2201 suis
1137 2145 1450 2215 religionem
1468 2143 1729 2211 professa,
1759 2141 1845 2196 vel
1870 2142 2034 2195 bene-

449 2244 737 2299 dictionem
764 2240 928 2297 fucrit
965 2244 1279 2302 consecuta,
1304 2243 1361 2290 et
1386 2243 1573 2304 postea
1608 2233 1676 2287 ad
1724 2232 2031 2303 coniugium

450 2333 533 2389 vel
554 2333 836 2388 illecebras
859 2329 1042 2386 s:eculi
1066 2326 1568 2400 (Add.)transierit,
1605 2339 1776 2394 usque
1798 2324 1851 2378 in
1882 2324 2031 2378 exitu

448 2440 569 2479 cum
593 2439 660 2480 eo
687 2422 868 2495 (Van)
899 2422 985 2478 cui
1014 2436 1073 2477 se
1096 2421 1313 2476 miscuit
1348 2416 1726 2474 communione
1766 2415 2028 2487 privetur.

447 2517 601 2584 Quod
626 2517 671 2571 si
696 2515 1011 2587 paenitentia
1039 2514 1181 2570 ducti
1201 2529 1258 2568 se
1283 2508 1760 2582 sequestraveriut,
1791 2504 2031 2575 quandiu

447 2605 697 2675 episcopo
724 2606 900 2660 visum
925 2603 1106 2667 fuerit,
1131 2601 1508 2658 communione
1544 2597 1597 2670 [a
1634 2595 2030 2652 communionis

448 2694 643 2768 gratia]
689 2695 1118 2764 suspendantur;
1162 2700 1219 2747 et
1242 2692 1289 2746 si
1338 2688 1675 2760 aegritudinis
1730 2685 2028 2755 periculum

448 2785 606 2855 (Add.
634 2794 682 2839 et
713 2785 850 2855 var.)
878 2782 1231 2845 incurrerint,
1257 2781 1515 2834 viaticum
1540 2780 1619 2834 eis
1645 2793 1753 2833 non
1782 2784 2025 2836 necetur.

760 2872 943 2927 Canon
980 2870 1437 2933 Chalcedonensis,
1476 2885 1582 2923 aera
1620 2866 1706 2922 16.
1754 2870 1761 2875 “

514 2966 539 3005 ιι
581 2965 747 3036 Virgo
774 2980 895 3035 quin
921 2979 980 3018 se
1009 2963 1120 3018 Deo
1148 2960 1515 3025 consecravit;
1546 2959 1591 3014 si
1619 2957 1877 3028 nuptialia
1901 2957 2025 3027 jura

442 3058 799 3118 contraxerit.
825 3055 1345 3112 excommunicetur.

778 3148 960 3204 Cimon
996 3146 1410 3212 Aurelianensis,
1446 3161 1553 3200 arra
1595 3146 1680 3200 18.
1715 3182 1729 3195 .

515 3254 541 3285 ε
580 3241 715 3297 Tam
739 3238 951 3310 puellm,
978 3254 1139 3309 quam
1164 3237 1361 3303 viduae,
1384 3252 1505 3307 quae
1532 3237 1587 3291 in
1617 3234 1865 3291 domibus
1891 3248 2020 3303 pro-

442 3331 575 3403 priis
599 3330 945 3387 commutatis
969 3329 1210 3385 vestibus
1238 3335 1646 3390 convertuntur,
1679 3341 1803 3381 cum
1825 3323 1910 3379 bis
1929 3324 2022 3393 qui

442 3421 690 3493 coniugio
735 3419 1058 3491 ecpulantur
1104 3433 1276 3488 usque
1323 3418 1391 3473 ad
1440 3416 1924 3486 sequestrationem
1967 3422 2022 3469 et

441 3510 812 3582 ptenitentiam
836 3509 1081 3565 ecclesiae
1107 3507 1483 3563 communione
1504 3506 1802 3575 priventur.

1078 3598 1217 3654 zEra
1254 3599 1321 3654 19
1346 3597 1363 3639 ί

512 3687 572 3742 Si
600 3689 721 3758 quis
749 3688 945 3757 virgini
967 3694 1316 3744 consecrate.
1345 3683 1452 3756 [vel
1481 3686 1702 3749 devotze,
1737 3684 1790 3740 id
1824 3693 1907 3740 est
1936 3701 2020 3740 re-

443 3777 698 3848 ligionem
739 3774 1018 3846 professae]
1048 3790 1142 3829 seu
1176 3775 1228 3828 in
1279 3773 1555 3843 proposito
1598 3774 1698 3829 sub
1738 3773 2019 3829 devotione

439 3868 735 3924 viventium
777 3865 979 3922 inferre
1026 3866 1452 3935 prmsumpserit,
1503 3880 1670 3935 usque
1722 3864 1790 3918 ad
1831 3872 2014 3919 extre-

440 3972 588 4015 mum
624 3954 873 4029 [exitum]
904 3955 1280 4011 communione
1322 3955 1571 4026 pellatur.
1604 3954 1663 4009 Si
1712 3964 1863 4025 rapta
1891 3970 2014 4010 cum

438 4056 655 4119 raptore
683 4044 975 4119 [habitare]
1022 4044 1376 4110 consenserit,
1408 4042 1590 4116 (Van)
1636 4043 1883 4098 similiter
1923 4058 2017 4097 ex-

437 4138 886 4195 communicetur.
932 4136 1063 4203 Quae
1105 4134 1277 4190 forma
1327 4143 1382 4189 et
1415 4134 1481 4189 de
1531 4134 1916 4203 paenitentibus
1951 4148 2015 4189 ac

436 4228 617 4283 viduis
653 4228 706 4281 in
734 4226 1009 4297 proposito
1044 4210 1385 4281 manentib‘us
1413 4223 1536 4297 [sub
1561 4222 1897 4280 districtione
1926 4240 2015 4279 ec-

436 4315 762 4387 clesiastica]
790 4323 1054 4371 servetur.
1088 4314 1241 4382 Quod
1286 4315 1331 4370 si
1359 4316 1479 4385 quis
1507 4314 1759 4370 sacerdos
1788 4312 2009 4387 [sciens]

437 4406 744 4478 hujusmodi
787 4406 1035 4476 personis
1076 4406 1573 4472 communicaverit,
1616 4422 1816 4461 annum
1870 4407 2009 4463 inte-

435 4514 591 4569 grum
617 4511 805 4568 pacem
828 4497 1082 4552 Ecclesiae
1104 4512 1210 4552 non
1237 4498 1452 4553 habeat.

789 4585 971 4642 Canon
1002 4587 1385 4658 Ancyritanus,
1425 4603 1533 4641 arra
1569 4586 1654 4643 19.

1827 3126 1844 3160 I

512 4679 538 4717 ⁸
575 4676 728 4745 Quod
772 4676 988 4746 quidem
1029 4676 1394 4748 virginitatem
1437 4676 1731 4747 pollicitam
1753 4680 2010 4747 pnnvari-

434 4776 622 4824 cantes
650 4768 790 4823 inter
818 4769 1057 4840 digamos
1082 4768 1174 4839 qui
1207 4769 1470 4825 secundas
1515 4770 1730 4840 nuptias
1774 4773 1999 4827 transie-

437 4867 564 4913 runt
587 4859 831 4914 habitare
852 4860 1138 4915 debebunt.
1167 4861 1417 4931 Virgines
1437 4868 1617 4916 autem
1640 4862 1865 4932 puellas,
1888 4878 2008 4933 quae

439 4959 697 5019 tanquam
721 4964 933 5005 sorores
961 4966 1085 5007 cum
1124 4952 1256 5007 viris
1294 4953 1541 5009 habitare
1577 4952 1782 5020 volunt,
1822 4955 1890 5010 ab
1917 4970 2009 5010 eo-

433 5055 556 5098 rum
580 5039 851 5095 consortio
879 5040 1245 5108 prohibemus.

505 5189 531 5218 ι
572 5175 697 5231 Var.
731 5174 865 5230 Vide
884 5182 998 5228 not.
1030 5172 1133 5227 viri
1155 5174 1223 5228 cl.
1253 5173 1303 5229 J.
1336 5174 1500 5231 Sirm.

502 5247 531 5287 ι’
566 5244 732 5301 Cone.
766 5244 974 5300 Matisc.
1006 5259 1047 5307 ι,
1073 5260 1123 5298 c.
1154 5243 1209 5297 2.
1286 5276 1292 5283 -

502 5328 523 5354 π
572 5317 695 5373 Var.
721 5324 891 5370 extra.
926 5312 1057 5368 Vide
1077 5319 1191 5368 not.
1220 5314 1322 5368 viri
1347 5314 1414 5369 cl.
1439 5314 1490 5369 J.
1518 5314 1816 5371 Sirmondi.

498 5385 527 5495 ε
911 5384 1275 5510 βεεςμεςρῖε
1296 5383 1419 5507 iid-

614 5473 629 5509 Ι
672 5496 685 5509 .
796 5472 830 5510 n
868 5494 882 5510 .
1083 5493 1097 5508 ο
1176 5495 1192 5511 ο
1258 5491 1272 5507 ι
1373 5493 1387 5507 .

614 5472 685 5510 ια.
718 5472 882 5511 bone.
911 5472 1097 5510 aurei.
1131 5472 1192 5519 ιι,
1223 5472 1272 5508 c.
1304 5472 1387 5507 ιι.

506 5524 525 5563 ί
567 5524 732 5580 Cone.
765 5524 948 5581 Aurel.
975 5540 1057 5590 in,
1085 5538 1134 5578 c.
1168 5523 1255 5578 16.

505 5594 530 5664 β
567 5592 765 5664 Interp.
790 5594 1130 5664 necDionys.
1159 5608 1260 5648 nec
1281 5591 1407 5649 Isid.

503 5661 526 5739 ’ξ
570 5663 645 5739 ῳ.
674 5661 728 5718 iii
751 5664 867 5739 cod.
895 5661 1064 5718 Barb.‘
1087 5662 1254 5739 conc.
1279 5664 1465 5721 Cartli.
1499 5678 1572 5733 iv,
1601 5677 1649 5720 c.
1684 5662 1802 5719 102.

509 5730 527 5774 ί
571 5730 732 5789 Cone.
763 5732 954 5791 Auras.
982 5751 1018 5802 i,
1049 5750 1096 5791 ς.
1126 5733 1214 5790 27.

2449 1892 2630 1947 Canon
2667 1895 3111 1968 Carthaginensis,
3146 1919 3255 1957 tera
3290 1905 3328 1961 3
3350 1906 3399 1958 ι.

2205 1974 2453 2054 Virgines
2478 1999 2647 2040 sacrae
2676 2002 2797 2041 cum
2822 1997 3104 2058 parentum
3133 1995 3382 2051 custodia
3407 1998 3715 2067 privamur,

2132 2073 2367 2143 episcopi
2406 2074 2491 2128 vel
2532 2077 2834 2147 presbyteri
2885 2078 2999 2152 [ubi
3046 2083 3332 2155 episcopus
3375 2088 3575 2144 absens
3615 2090 3721 2166 est]

2132 2167 2483 2233 providentia:
2517 2168 2857 2237 gravioribus
2895 2171 3115 2230 feminis
3155 2180 3627 2248 commendentur,
3658 2192 3719 2238 ut

2132 2258 2293 2314 simul
2319 2259 2628 2316 habitantes
2658 2260 2889 2317 invicem
2918 2279 2977 2319 se
3001 2267 3327 2324 custodiant.

2471 2349 2655 2407 Conon
2693 2351 3074 2421 Romanorum,
3115 2375 3224 2413 (era
3264 2359 3292 2415 1

2201 2442 2384 2498 Puella
2410 2459 2511 2499 nec
2534 2443 2664 2499 dum
2690 2445 2885 2511 velata,
2910 2446 2929 2517 (
2943 2446 3094 2519 Var.)
3125 2450 3222 2506 sed
3245 2460 3431 2509 tamen
3458 2452 3506 2509 si
3527 2472 3717 2526 pmpo.

2129 2536 2301 2590 suerit
2347 2536 2426 2591 sic
2469 2552 2710 2603 manere,
2749 2539 2796 2593 si
2834 2543 3099 2610 nupserit,
3129 2544 3212 2600 b2
3254 2544 3475 2602 furtiva:
3518 2552 3718 2619 nuptia:

2130 2624 2469 2695 appellantur
2497 2625 2680 2698 (Add.)
2729 2628 2825 2684 His
2863 2631 3196 2700 pmnitentiaa
3237 2638 3465 2707 agendae
3507 2647 3718 2710 tempus

2129 2717 2565 2773 constituendum
2595 2728 2697 2774 est.

2474 2808 2661 2864 Canon
2682 2810 3024 2879 Arelatensis,
3062 2832 3171 2870 arra
3205 2816 3277 2872 26
3300 2829 3365 2872 II.

2199 2896 2379 2951 Puella
2400 2912 2521 2966 qua:
2548 2912 2609 2953 se
2640 2899 2788 2953 vovit
2811 2900 2941 2967 Deo,
2968 2902 3151 2975 (Add.)
3177 2906 3224 2959 si
3251 2914 3378 2974 post
3401 2922 3473 2963 xv
3502 2908 3714 2981 [viginti

2127 2995 2184 3041 et
2214 2987 2472 3059 quinque]
2503 3003 2674 3044 annos
2696 2991 2872 3045 inlatis
2906 2992 2973 3046 ad
3012 2995 3226 3064 nuptias
3258 2999 3565 3066 transierit,
3591 3016 3712 3056 cun

2130 3075 2247 3146 ipso
2270 3078 2357 3132 cui
2388 3093 2447 3134 se
2475 3078 2798 3151 alligaverit,
2823 3084 3198 3140 communione
3225 3086 3491 3155 privetur.

2463 3169 2531 3224 In
2564 3171 2786 3241 epistola
2819 3170 3119 3242 Symmachi
3154 3192 3306 3247 parte
3332 3189 3388 3233 ³.

2195 3259 2412 3323 Viduas,
2466 3261 2487 3332 (
2500 3259 2650 3327 Var.)
2680 3278 2802 3333 qute
2849 3263 3100 3335 religioso
3129 3269 3411 3337 proposito
3455 3270 3711 3328 diuturna

2121 3346 2498 3405 observatione
2522 3355 2944 3420 permanserint,
2978 3358 3046 3410 ad
3074 3357 3289 3428 nuptias
3332 3362 3573 3417 transire
3600 3378 3711 3419 non

2120 3437 2375 3505 patimur.
2434 3439 2699 3496 Similiter
2748 3443 2987 3513 virgines
3055 3446 3260 3503 nubere
3320 3452 3709 3520 prohibemus,

2119 3531 2366 3598 quamvis
2393 3533 2548 3588 annis
2571 3533 2819 3604 plurimis
2844 3535 2897 3589 in
2926 3540 3271 3595 monasteriis
3299 3539 3566 3617 Iaetatem]
3586 3560 3710 3615 per-

2118 3620 2294 3690 egisse
2318 3624 2639 3678 constiterit.

2436 3712 2622 3769 Canon
2658 3715 3039 3787 Lugdunensis,
3078 3737 3188 3775 trra
3238 3722 3305 3776 12
3333 3731 3383 3776 °.

2189 3803 2384 3859 Puella:
2428 3820 2549 3874 quae
2592 3807 2966 3863 convenientia
2997 3808 3388 3883 [conniventia]
3419 3824 3705 3883 parentum

2117 3907 2177 3948 se
2229 3894 2533 3950 voluntarie
2574 3896 2628 3950 in
2670 3900 3000 3955 monasterio
3047 3901 3418 3958 dedieaverint
3444 3946 3459 3968 ,
3484 3904 3703 3973 (ραωά.

2117 3983 2269 4056 add.)
2292 3994 2349 4040 et
2371 4002 2430 4042 se
2464 3994 2651 4056 postea
2688 4003 2757 4042 ex
2781 3989 2901 4058 ipso
2930 3992 3259 4047 monasterio
3282 3993 3447 4065 (Add.
3476 4004 3529 4048 et
3564 3994 3704 4064 ear.)

2115 4076 2497 4142 subtraxerint,
2539 4093 2822 4148 quousque
2867 4080 3065 4136 ibidem
3101 4097 3159 4137 se
3195 4083 3506 4149 restituant,
3553 4100 3704 4140 com—

2115 4166 2371 4222 munione
2400 4169 2706 4237 priveutur;
2755 4170 3011 4225 viaticum
3059 4180 3243 4229 tamen
3286 4172 3396 4229 illis
3442 4189 3554 4231 non
3602 4192 3703 4232 ne-

2113 4265 2288 4327 getur.
3392 4298 3395 4299 κ

2324 4348 2508 4403 Conon
2544 4349 2896 4421 Epaunensis,
2935 4368 3045 4406 tera
3083 4351 3151 4407 16
3178 4350 3337 4424 [Cum
3366 4353 3461 4425 21]

2039 4466 2087 4525 υ
2183 4439 2477 4494 Viduarum
2507 4441 2994 4508 consecrationem,
3022 4457 3159 4512 quas
3190 4442 3450 4499 diacouas
3479 4452 3699 4509 vocant,

2112 4538 2142 4581 ιι
2165 4529 2379 4598 penitus
2402 4529 2750 4600 'abrogamus.
2777 4529 2956 4585 Solam
2999 4531 3080 4585 eis
3112 4531 3448 4600 penitentia
3472 4532 3695 4588 benedi-

2110 4620 2364 4685 ctionem,
2396 4620 2442 4676 si
2466 4621 2710 4677 converti
2733 4622 2976 4691 cupiunt,
3007 4622 3408 4691 imponendam.

2697 4754 2925 4812 CAPUT
2963 4755 3091 4810 LIII.

2745 4859 2811 4900 DE
2848 4861 3058 4900 RAPTIS.

2418 4954 2601 5011 Canon
2640 4952 3102 5021 Chalcedonensis,
3138 4972 3247 5009 cera
3285 4956 3379 5010 27.

2175 5057 2201 5096 ιι
2243 5046 2488 5101 Decrevit
2515 5054 2699 5101 sancta
2727 5045 2983 5116 synodus,
3012 5054 3072 5101 ut
3103 5046 3196 5117 qui
3236 5048 3455 5116 rapiunt
3497 5048 3690 5105 mulie-

2178 5190 2191 5228 l
2243 5178 2408 5233 Cone.
2432 5178 2612 5233 Aurel.
2640 5194 2693 5232 v.

2180 5249 2202 5287 ιι
2240 5248 2405 5303 Cone.
2433 5247 2597 5303 Afric.
2630 5264 2680 5303 c.
2711 5249 2765 5303 2.
2794 5249 2925 5305 Cod.
2949 5264 3069 5304 can.
3098 5249 3243 5304 Eccl.
3271 5249 3440 5305 Afric.
3473 5268 3523 5306 c.
3556 5251 3627 5305 44

2182 5316 2195 5355 ι
2239 5318 2299 5388 C.
2334 5318 2387 5371 2.
2416 5316 2887 5388 Vid.glnnocent.l
2917 5334 3003 5388 ep.
3034 5320 3102 5374 ad
3134 5320 3475 5385 Victricium,
3501 5337 3555 5375 c.
3592 5322 3676 5376 15.

2175 5399 2216 5426 ιη
2248 5387 2412 5442 Cone.
2436 5385 2583 5440 Arel.
2616 5405 2675 5451 η,
2702 5404 2754 5443 c.
2777 5388 2865 5443 52.

2175 5467 2203 5495 η
2243 5457 2324 5530 ᾼὰ
2348 5456 2639 5530 Ctesarium
2668 5459 2834 5530 cpisc.
2864 5458 3012 5513 Arei.
3048 5473 3167 5529 cap.
3197 5459 3250 5514 5.

2176 5533 2200 5560 ο
2240 5527 2404 5581 Cone.
2431 5526 2598 5595 Lugd.
2628 5526 2717 5591 in,
2738 5545 2787 5583 c.
2812 5530 2864 5584 5.

2175 5607 2202 5672 if
2240 5596 2319 5672 Ab
2342 5596 2496 5672 pruni
2520 5598 2737 5669 regione
2758 5608 2961 5653 nostra.
2995 5598 3079 5653 ΑΙ.
3110 5600 3385 5672 religione.
3419 5599 3530 5654 Vid.
3557 5602 3676 5657 not.

2110 5667 2200 5719 t‘il‘i
2239 5666 2306 5719 cl.
2335 5664 2384 5719 .I.
2414 5666 2577 5719 Sirm.

2174 5747 2200 5785 σι
2236 5736 2397 5791 Inter.
2426 5752 2523 5791 nec
2553 5738 2767 5809 Dionys.
2803 5754 2902 5794 nec
2930 5738 3053 5793 lsid.
