3928 6178
211 264 365 343 ίοδτ

207 484 366 551 laici,
394 479 945 538 anathematizentur.

590 572 777 628 Canon
807 572 1181 641 Ancyritanus,
1209 586 1316 624 trra
1340 569 1428 624 12.

286 667 656 736 Desponsatas
692 661 897 733 puellas
951 669 1006 715 et
1055 661 1124 715 ab
1176 659 1296 713 aliis
1333 665 1548 727 raptas,
1605 654 1808 724 placuit

211 758 359 824 erui,
386 764 442 812 et
472 755 561 810 his
619 752 771 809 reddi
826 766 856 806 a
911 751 1108 820 quibus
1160 749 1376 803 fuerant
1429 746 1801 816 desponsatas:

211 847 436 904 etiamsi
464 861 560 901 eas
596 843 884 915 contigerit
914 857 946 896 a
1001 840 1311 912 raptoribus
1356 837 1542 893 florem
1588 834 1807 906 pudoris

214 939 491 994 amisisse.

188 1072 201 1083 .
528 1025 595 1079 In
619 1022 837 1094 epistola
865 1021 1044 1077 Siricii
1069 1034 1217 1091 pupae
1245 1032 1293 1083 ιι,
1326 1036 1434 1073 αντη
1469 1019 1523 1071 4.

174 1094 211 1105 ³
287 1116 680 1186 Desponsatam
711 1127 777 1168 ne
805 1112 946 1166 alius
973 1110 1222 1179 accipiat,
1256 1108 1415 1180 (Add.
1445 1117 1493 1162 et
1521 1105 1657 1177 var.)
1686 1120 1805 1159 nio--

213 1209 303 1264 dis
330 1204 586 1262 omnibus
615 1203 942 1268 inhibemus,
970 1202 1095 1271 quia
1124 1215 1222 1255 nee
1265 1197 1511 1253 benedici
1538 1205 1762 1267 possunt
1789 1236 1804 1261 ,

215 1308 273 1355 et
302 1300 481 1354 instar
515 1294 783 1367 sacrilegii
820 1300 903 1348 est
939 1291 1248 1363 coniunctio
1274 1291 1390 1345 sine
1434 1286 1809 1344 benedictione

216 1386 571 1443 sacerdotali.

583 1474 767 1531 Canon
792 1474 1207 1538 Aurelianensis,
1234 1490 1343 1527 tera
1368 1472 1451 1526 ii.

295 1570 357 1625 Si
396 1570 467 1625 ad
512 1568 797 1624 ecclesiam
848 1574 1034 1635 raptor
1081 1578 1205 1619 cum
1263 1571 1415 1632 rapta
1464 1560 1806 1632 confugerit,

221 1663 434 1719 etiamsi
461 1661 717 1717 feminam
745 1660 916 1729 ipsam
965 1657 1274 1711 violentiam
1324 1655 1609 1726 pertulisse
1637 1657 1812 1711 conti-

221 1755 385 1826 gerit,
414 1752 602 1807 statim
627 1751 889 1807 liberetur
930 1749 996 1804 de
1034 1755 1303 1818 potestate
1348 1747 1611 1816 raptoris:
1639 1754 1693 1801 et
1715 1762 1807 1800 ra-
1841 1756 1884 1815 Β

220 1852 365 1913 ptor,
404 1841 596 1896 mortis
622 1839 707 1894 vel
737 1853 1018 1909 pmnarum
1052 1836 1371 1907 impunitate
1393 1851 1650 1891 concessa
1674 1877 1688 1902 ,
1744 1837 1813 1891 ad

222 1934 496 1991 serviendi
532 1933 895 1989 conditionem
920 1932 1223 2002 subjectus,
1279 1937 1372 1984 aut
1412 1930 1708 1985 redimendi
1756 1945 1815 1986 se

222 2025 502 2101 [liberam]
550 2026 749 2080 habeat
785 2031 1127 2093 potestatem.
1165 2021 1224 2077 Si
1273 2036 1404 2077 vero
1437 2020 1620 2094 (ναν.)
1660 2030 1813 2091 rapta

220 2128 436 2192 patrem
462 2118 649 2185 habet,
679 2119 728 2173 ei
759 2116 1048 2191 [potestati
1088 2115 1293 2189 patris]
1317 2126 1569 2171 excusata
1622 2115 1816 2172 redda-

222 2219 333 2265 tur.

855 2276 994 2331 Era
1024 2276 1096 2332 25
1128 2276 1179 2330 ι).

293 2372 567 2443 Maneipia
595 2387 715 2441 quae
750 2370 850 2426 sub
905 2371 1085 2441 specie
1118 2369 1353 2441 coniugii
1404 2369 1472 2424 ad
1531 2369 1812 2425 ecclesiam

224 2465 499 2538 [ecclesiae
525 2463 700 2535 septa]
728 2461 1085 2533 confugerint,
1112 2474 1142 2514 a
1173 2459 1409 2514 dominis
1460 2468 1680 2530 accepta
1712 2460 1817 2515 ﬁde

221 2557 614 2622 excusationis,
642 2555 744 2610 sub
764 2552 1122 2623 reparationis
1152 2550 1559 2623 [separationis]
1586 2552 1817 2621 promis-

222 2649 381 2703 sione
411 2649 709 2704 reddantur
733 2644 914 2718 (Mult.
945 2643 1071 2697 add.
1096 2651 1143 2696 et
1170 2640 1307 2711 var.)
1349 2640 1598 2697 libertate
1645 2641 1817 2697 domi—

223 2757 444 2805 nortun,
476 2739 523 2795 si
551 2755 646 2794 eos
670 2745 856 2809 postea
886 2734 1156 2790 voluerint
1192 2732 1422 2788 sociare.

815 2844 1041 2903 CAPUT
1080 2843 1213 2898 LIV.

316 2935 385 2975 DE
422 2933 690 2975 INCES'I'IS.
728 2930 1056 2979 ADULTERIS,
1095 2930 1194 2968 νει.
1234 2928 1321 2977 QUI
1361 2928 1567 2969 UXOBES
1600 2928 1727 2968 ςυλε

870 3001 1193 3041 ΒΙΠΙΤἸὍΝΤ.

547 3075 732 3132 Canon
786 3074 1197 3139 Aurelianensis,
1218 3090 1326 3129 tera
1350 3073 1410 3128 ll
1447 3084 1494 3127 ο.

295 3169 402 3238 Qui
424 3167 682 3239 coniuges
707 3181 835 3222 suas
854 3166 909 3220 in
948 3164 1215 3220 adulterio
1265 3164 1711 3235 deprehendunt,
1760 3175 1815 3222 et

222 3259 255 3304 ει
275 3277 389 3318 non
416 3259 775 3332 prohibentur
802 3257 1028 3323 nubere,
1043 3264 1305 3326 quantum
1330 3265 1511 3326 potest
1532 3256 1815 3312 consilium

225 3353 312 3410 cis
342 3352 520 3416 detur,
541 3366 608 3407 ne
654 3348 786 3403 alias
809 3361 1004 3402 uxores
1041 3347 1346 3403 viventibus
1396 3348 1502 3403 illis
1550 3347 1819 3419 accipiant

230 3444 364 3501 licet
395 3441 679 3498 adulteris.

470 3530 537 3584 In
565 3528 783 3602 epistola
807 3527 1101 3582 Innocentii
1128 3543 1278 3597 papae
1312 3537 1361 3591 ο,
1392 3542 1500 3581 tera
1519 3526 1571 3580 6.

308 3626 434 3694 Qui,
454 3638 623 3679 uxore
642 3623 857 3677 vivente
882 3619 1064 3693 (Van)
1086 3619 1334 3690 quamvis
1352 3618 1638 3674 dissociata
1662 3617 1822 3671 aliam

235 3717 475 3779 duxerit,
508 3713 828 3778 moechatur,
863 3719 919 3767 et
961 3710 1170 3767 adulter
1195 3717 1279 3765 est
1301 3750 1316 3775 ,
1370 3709 1391 3748 ἲ
1439 3710 1539 3764 iste
1583 3723 1828 3764 commu-

238 3808 404 3862 nione
430 3805 671 3875 privetur
692 3818 816 3856 cum
866 3817 930 3856 ea
958 3817 1122 3871 quam
1166 3800 1375 3870 accepit
1404 3817 1416 3853 :
1451 3798 1699 3854 similiter
1733 3815 1826 3870 pa-

240 3908 426 3955 rentes
446 3913 655 3961 eorum,
680 3896 770 3965 qui
806 3894 999 3950 talibus
1024 3900 1436 3949 consenserunt.

605 3985 787 4040 Canon
815 3984 1124 4055 Agathensis
1168 3986 1215 4049 ε,
1243 4001 1351 4038 wra
1386 3984 1468 4037 l7.

381 4076 441 4132 Si
468 4075 660 4131 mulier
680 4074 799 4129 viro
826 4075 1084 4129 derelicto
1130 4073 1411 4129 discedere
1452 4075 1684 4130 voluerit
1727 4091 1830 4128 nu-

242 4169 386 4239 ptias
413 4166 843 4230 condemnando,
869 4162 1158 4220 anathema
1187 4165 1277 4221 sit.

315 4310 341 4337 ι
382 4296 465 4350 Ad
491 4295 790 4349 Himerium
829 4295 1310 4348 Tarraconensem.

316 4368 346 4407 ιν
383 4366 553 4420 Cone.
590 4381 644 4418 ιν
672 4365 859 4419 Carth.
892 4380 939 4418 c.
971 4365 1060 4417 24.

317 4449 340 4476 ο
382 4435 553 4490 Cone.
577 4434 725 4488 Arel.
750 4451 792 4498 1,
815 4451 864 4488 c.
890 4434 977 4488 10.

313 4506 342 4545 (ι
380 4506 535 4559 Hanc
581 4504 883 4574 negativam
935 4502 1299 4574 particulam,
1326 4519 1448 4574 qua;
1493 4502 1834 4559 desideratur

241 4578 297 4632 in
322 4576 507 4640 editis,
540 4571 686 4629 recte
715 4571 1175 4642 quidem—supplet
1203 4571 1372 4626 codex
1399 4571 1828 4629 llerovallianus.

239 4647 382 4702 Nam
406 4646 453 4699 si
476 4644 833 4713 prohibentur
870 4644 1074 4713 nubere
1102 4682 1117 4708 ,
1172 4657 1283 4713 cur
1316 4650 1503 4713 postea
1549 4644 1832 4698 consilium

239 4718 408 4773 datur
446 4711 556 4769 non
594 4713 865 4768 nubendi?
909 4731 928 4763 ί
972 4711 1074 4768 Ubi
1102 4711 1383 4783 consilium
1412 4712 1793 4783 datur,inquit
1815 4754 1830 4779 ,

241 4787 608 4856 Hieronymus
633 4783 1060 4856 lib.71_adversus
1110 4780 1490 4856 Jovinianum,
1554 4780 1832 4856 offerentis

240 4852 536 4911 arbitrium
557 4862 670 4919 est;
701 4854 791 4908 ubi
815 4860 1161 4923 praeceptum,
1178 4852 1469 4923 necessitas
1490 4860 1574 4906 est
1594 4854 1833 4907 servien-

241 4927 335 4983 tis.
369 4926 730 4994 Praeceptum,
753 4921 946 4993 inquit,
980 4921 1191 4994 Domini
1212 4922 1558 4994 rnonmhabeo
1585 4962 1600 4987 ,
1650 4923 1831 4978 consi-

241 4998 378 5052 lium
408 4992 589 5049 autem
616 4995 708 5060 do,
735 4992 994 5064 tanquam
1039 4992 1466 5064 misericordiam
1515 5002 1834 5048 consecutus

242 5084 275 5121 a
308 5065 561 5120 Domino.
599 5084 618 5117 ι
648 5064 719 5119 Et
760 5062 1133 5133 Augustinus:
1172 5080 1192 5112 ε
1232 5062 1391 5117 Aliud
1419 5071 1501 5133 est
1528 5064 1830 5125 consilium,

244 5136 396 5190 aliud
425 5143 778 5205 prteceptum.
808 5132 1106 5189 consilium
1127 5133 1287 5205 datur
1308 5140 1369 5187 ut
1395 5132 1678 5205 virginitas
1705 5148 1833 5188 con-

244 5202 525 5269 servetur,
551 5202 657 5258 etc.
704 5203 1040 5274 Prteceptum
1068 5203 1386 5274 verogdatur
1421 5202 1703 5272 ut'iustitia
1737 5219 1836 5258 cu—

249 5275 541 5336 stodiatur,
574 5281 677 5329 etc.
705 5272 1000 5327 Consilium
1029 5274 1123 5342 qui
1160 5272 1386 5327 libenter
1429 5274 1662 5328 audierit
1681 5280 1740 5326 et
1761 5274 1841 5328 fe-

248 5344 411 5415 cerit,
433 5342 701 5415 majorem
718 5343 937 5415 habebit
965 5342 1209 5415 gloriam.
1243 5342 1577 5415 Praeceptum
1605 5343 1695 5412 qui
1730 5359 1837 5398 non

251 5413 580 5483 impleverit,
600 5413 706 5467 nisi
748 5412 1075 5483 poenitentia
1092 5412 1421 5483 subvenerit,
1446 5413 1675 5467 evadere
1719 5428 1838 5483 poe-

250 5480 384 5554 nain
410 5498 518 5554 non
545 5480 765 5554 poterit:
802 5502 821 5536 ι
854 5483 1019 5553 Atqui
1050 5482 1238 5554 Patres
1265 5480 1425 5549 huius
1446 5483 1680 5554 _eonci|ii
1703 5480 1840 5539 cele-

252 5551 476 5623 berrimi
505 5551 707 5607 nullam
746 5551 962 5623 pmnani
989 5551 1263 5622 infligunt,
1293 5551 1573 5607 consilium
1630 5561 1838 5607 tantum

253 5622 407 5677 dant.
431 5623 576 5705 E_rgo
608 5622 795 5679 dicunt
822 5624 1166 5705 Patresurem
1192 5636 1297 5705 non
1315 5623 1649 5705 prohibitam
1684 5638 1837 5705 esse,

1071 273 1392 333 CANONES
1431 271 1718 328 SELECTI
1753 270 1843 326 EX
1884 268 2036 326 VET.
2077 268 2232 326 CAN.
2275 267 2609 326 COLLECT.

208 410 323 455 res,
358 391 403 447 si
445 386 631 445 clerici
652 391 795 450 sunt,
834 386 1082 442 decidant
1109 386 1275 457 gradu
1315 383 1564 456 proprio;
1597 383 1640 438 si
1669 397 1796 438 vero
1826 384 1871 440 Α

3349 270 3496 326 101³ἱᾶ

2245 378 2430 436 Canon
2456 380 2925 446 Neocmsariensis,
2958 397 3065 435 trra
3100 380 3153 435 2.

1985 472 1998 510 ί
2036 469 2226 524 Mulier
2247 471 2292 526 si
2329 471 2540 526 duobus
2577 470 2837 527 fratribus
2863 472 3146 542 nupserit,
3204 471 3500 543 al~iiciatur

1907 574 2079 629 usque
2112 560 2182 614 ad
2207 569 2455 617 mortem.
2484 562 2865 617 Verumtamen
2895 564 2963 617 ad
2989 564 3191 618 exitum
3221 564 3266 619 si
3290 565 3496 634 prorni-

1907 650 2060 715 scrit,
2087 651 2230 719 quod
2254 650 2396 707 facta
2422 651 2708 708 incolumis
2761 652 2919 721 huius
2957 654 3349 723 coniunctionis
3373 655 3495 709 vin—

1906 739 2088 796 culum
2110 741 2304 805 solvat,
2332 741 2568 797 fructum
2594 743 2923 812 paenitentia:
2939 753 3319 813 consequatur.
3338 745 3493 813 Quod

1907 831 1953 886 si
1988 831 2250 888 defecerit
2276 834 2470 888 mulier
2509 833 2564 887 in
2593 835 2791 888 talibus
2838 834 3039 904 nuptiis
3062 875 3077 900 ,
3106 834 3339 891 difﬁcilis
3387 837 3492 891 erit

1906 924 2222 993 pmnitentia
2247 924 2301 977 in
2330 925 2441 978 vita
2468 924 2826 993 permanenti.

2141 1011 2325 1067 Canon
2350 1012 2684 1084 Agathensis,
2705 1031 2816 1068 cura
2846 1015 2912 1070 l9
2946 1012 3101 1086 [Cum
3131 1015 3222 1088 25]

1980 1102 2081 1170 Qui
2137 1101 2419 1173 coniugale
2459 1103 2794 1158 consortium
2820 1142 2838 1171 ,
2880 1105 3093 1176 (Qumd.
3146 1106 3296 1179 add.)
3320 1108 3493 1163 nullas

1909 1208 2100 1250 causas
2156 1194 2365 1250 discidii
2419 1194 2770 1264 probabiliter
2825 1206 3185 1267 proponentes
3213 1238 3229 1264 ,
3279 1199 3498 1259 dimise-

1910 1291 2059 1347 runt,
2081 1289 2142 1337 ut
2184 1283 2370 1336 illicita
2410 1282 2497 1336 vel
2534 1283 2710 1338 aliena
2765 1294 3053 1355 appetant;
3102 1288 3146 1342 si
3205 1296 3497 1360 antequam

1910 1378 2048 1448 apud
2069 1377 2353 1447 episcopos
2372 1377 2662 1447 provinciae
2701 1378 2914 1433 discidii
2949 1394 3142 1434 causas
3164 1381 3422 1447 dixerint,
3446 1391 3500 1436 et

1910 1480 2107 1521 uxores
2131 1475 2421 1536 antequam
2446 1467 2503 1520 in
2522 1467 2727 1537 iudicio
2751 1468 3077 1523 damnentur
3103 1468 3398 1538 abjecerint
3421 1511 3437 1536 ,
3466 1488 3499 1527 a

1909 1557 2286 1613 communione
2335 1567 2537 1613 sanctae
2576 1558 2834 1614 Ecclesia:
2870 1566 2926 1613 et
2976 1574 3009 1612 a
3065 1568 3253 1614 sancto
3305 1561 3504 1631 populo

1912 1645 1929 1699 i
1966 1647 2343 1703 excludantur.

2242 1736 2425 1792 Canon
2453 1737 2845 1793 Aurelianensis
2869 1740 2921 1805 ιι,
2950 1756 3058 1795 tera
3088 1741 3172 1795 l2.

1992 1827 2010 1869 ι
2050 1827 2109 1884 Si
2138 1829 2259 1898 quis
2304 1828 2546 1885 relictam
2592 1828 2777 1883 fratris
2814 1844 3080 1899 sororem,
3121 1833 3307 1888 uxoris
3340 1833 3506 1903 privi-

1914 1934 2096 1990 gnam,
2127 1919 2181 1973 id
2224 1927 2327 1984 est,
2351 1918 2656 1985 ﬁliastram,
2687 1921 3067 1975 consobrinam
3093 1963 3108 1987 ,
3157 1924 3503 1981 sobrinamve

1914 2010 2179 2076 relictam,
2203 2010 2257 2065 id
2290 2010 2565 2080 mpatrui
2588 2019 2749 2080 atque
2797 2011 3046 2066 avunculi
3074 2013 3277 2068 carnali
3321 2024 3505 2069 conta-

1915 2106 2074 2176 gione
2105 2104 2477 2169 maculaverit,
2512 2103 2819 2173 apostolicae
2854 2104 3209 2160 institutionis
3240 2109 3505 2162 sententia

1916 2195 2147 2251 feriatur
2171 2214 2184 2249 :
2210 2204 2267 2251 et
2292 2195 2530 2266 quandiu
2551 2196 2605 2249 in
2635 2203 2788 2249 tanto
2826 2205 3074 2251 versatur
3093 2196 3319 2263 scelere,
3348 2197 3502 2253 Chri-

1917 2286 2093 2341 stiano
2132 2295 2276 2342 ecetu
2301 2294 2355 2342 et
2384 2285 2763 2342 communione
2788 2296 2990 2341 sanctae
3032 2289 3276 2357 privetur
3321 2289 3502 2345 Eccle-

1916 2393 2030 2433 SliB.

2275 2448 2460 2505 Canon
2482 2449 2840 2521 Epaunensis,
2861 2467 2969 2504 (vra
2996 2449 3063 2506 16
3090 2463 3153 2506 ω.

1985 2541 2213 2597 incestis
2254 2543 2726 2613 coniunctionibus
2774 2542 2906 2598 nihil
2942 2558 3168 2613 prorsus
3217 2548 3389 2600 venim
3427 2561 3504 2602 re-

1916 2634 2141 2698 servari,
2168 2634 2275 2689 nisi
2305 2649 2399 2689 eas
2421 2633 2603 2706 (γαν.)
2632 2634 2883 2690 adulterii
2908 2637 3249 2706 separatione
3274 2650 3507 2693 sanave-

1917 2727 2044 2781 rint.
2075 2725 2286 2797 (Quam.
2317 2725 2470 2798 add.)
2498 2725 2557 2782 Si
2583 2728 2706 2797 quis
2731 2728 2977 2784 relictam
3017 2728 3203 2784 fratris
3230 2744 3350 2799 quae
3373 2743 3508 2800 pene

1916 2816 2067 2882 prius
2108 2831 2266 2871 soror
2319 2817 2622 2883 exstiterat,
2668 2818 2965 2874 carnaliter
3015 2818 3244 2892 [carnali
3290 2820 3515 2891 coniun-

1917 2903 2120 2975 ctione]
2145 2904 2469 2958 violaverit:
2511 2906 2557 2960 si
2582 2907 2706 2975 quis
2750 2904 2934 2961 fratris
2960 2904 3146 2978 (ναν.)
3169 2922 3507 2977 germanam,

1918 2995 1964 3051 si
1994 2995 2116 3064 quis
2151 3010 2466 3064 germanam
2495 2998 2705 3061 uxoris,
2746 2997 2793 3051 si
2820 2997 2943 3067 quis
2972 3012 3283 3063 novercam,
3315 2999 3361 3053 si
3385 3000 3511 3070 quis

1917 3086 2316 3151 consobrinam,
2332 3086 2376 3141 si
2400 3087 2521 3156 quis
2545 3086 2792 3141 relictam
2813 3086 3062 3141 avunculi
3088 3096 3183 3141 aut
3204 3089 3404 3157 patrui,
3425 3088 3513 3145 vel

1916 3175 2241 3246 privignam,
2272 3175 2354 3229 vel
2382 3176 2673 3231 concubitu
2703 3176 2974 3245 polluerit.
3005 3175 3193 3246 (Add.)
3225 3178 3367 3233 Sane
3388 3179 3507 3248 qui-

1913 3268 2017 3323 bus
2029 3267 2537 3337 coniunctioillicita
2561 3266 2920 3329 interdicitur,
2942 3268 3220 3322 habebunt
3239 3268 3509 3342 [ineundi]

1912 3356 2157 3412 melioris
2180 3356 2414 3428 coniugii
2445 3355 2772 3411 libertatem.
2807 3365 2834 3393 ιι
2862 3355 2919 3412 Si
2943 3357 3067 3426 quis
3092 3358 3158 3412 de
3178 3360 3397 3429 propria
3419 3375 3506 3415 co-

1914 3449 2193 3520 gnatione,
2209 3449 2314 3514 vel,
2340 3464 2498 3519 quam
2514 3456 2777 3519 cognatus
2790 3448 3001 3514 habuit,
3025 3449 3241 3504 duxerit
3264 3465 3512 3526 uxorem.

1946 3544 2204 3599 nathema
2237 3542 2328 3597 sit.

2169 3633 2304 3688 Item
2330 3631 2615 3704 Gregorius
2645 3635 2702 3688 in
2727 3631 2862 3687 libro
2895 3633 3181 3688 Pastorum
3213 3641 3259 3686 ο.

1986 3737 2013 3776 r
2037 3725 2306 3781 lncestum
2341 3726 2652 3785 committit.
2680 3726 2776 3796 qui
2818 3739 2880 3781 se
2918 3725 3336 3796 consanguinea:
3372 3740 3515 3810 sum,

1912 3815 1999 3870 vel
2040 3832 2206 3887 quam
2259 3818 2691 3888 consanguineus
2745 3816 2971 3881 habuit,
3034 3817 3179 3873 infra
3229 3817 3519 3874 affinitatis

1911 3906 2107 3961 lineam
2132 3907 2428 3978 coniungit.
2452 3906 2643 3963 Nullus
2676 3909 2820 3963 enim
2846 3907 3087 3965 fidelium
3114 3925 3287 3980 usque
3321 3911 3388 3965 ad
3418 3909 3504 3964 af-

1914 3997 2139 4053 finitatis
2158 3999 2378 4066 lineam,
2400 3999 2452 4055 id
2480 4008 2587 4067 est,
2610 4016 2782 4071 usque
2802 4001 2856 4054 in
2882 4003 3167 4071 septimam
3194 4002 3509 4073 progeniem

1920 4091 2380 4162 consanguineam
2410 4108 2563 4147 suam
2610 4093 2773 4147 ducat
2808 4106 3062 4155 uxorem,
3110 4091 3196 4145 vel
3235 4106 3355 4146 eam
3392 4107 3510 4161 qua-

1920 4180 2104 4251 aliquo
2140 4181 2302 4237 modo
2330 4182 2522 4237 incesti
2549 4181 2759 4237 macula
2799 4181 3091 4251 polluatur.
3131 4180 3267 4236 Nam
3310 4183 3520 4239 incesti.

1932 4289 2251 4344 Theodorus
2284 4290 2338 4344 in
2365 4304 2465 4343 suo
2488 4288 2874 4343 Ptenitentiali.

2006 4371 2029 4397 ε
2070 4359 2167 4429 Ep.
2194 4360 2376 4414 lnnoc.
2407 4358 2428 4412 l
2457 4359 2526 4412 ad
2554 4358 2885 4428 Exuperium
2925 4358 3239 4430 episcopum
3292 4361 3518 4420 Tolosa-

1934 4445 2084 4483 num.

1858 4464 1909 4525 ο
1936 4464 2247 4571 ""i"iiuu._
2262 4514 2380 4571 var.
2407 4508 2463 4554 et
2484 4497 2605 4553 add.
2626 4498 2745 4553 vid.
2771 4497 2837 4553 n.
2871 4498 2934 4554 v.
2970 4497 3157 4571 Steph.
3185 4498 3227 4554 ιι
3261 4501 3330 4555 ad
3357 4501 3522 4560 inter.

1937 4570 2187 4625 monach.
2214 4568 2348 4623 Brit.

2011 4642 2037 4680 ε
2075 4640 2422 4694 Desideratur
2448 4639 2502 4693 in
2519 4637 2710 4709 conci].
2740 4637 3061 4709 Agathensi.

2007 4711 2036 4750 ιι
2076 4709 2181 4764 Sed
2203 4709 2326 4766 vide
2351 4725 2505 4766 conc.
2544 4708 2858 4778 Gangrense
2884 4724 2933 4764 c.
2953 4710 3040 4774 l4,
3060 4708 3249 4778 paucis
3274 4709 3499 4766 mutatis

2019 4782 2031 4821 ί
2077 4778 2358 4851 Paululum
2395 4779 2573 4835 differt
2597 4778 2885 4851 ab_i_nterp.
2915 4779 3132 4851 Dionys,

2013 4861 2029 4899 ι
2076 4849 2251 4920 Add.,
2266 4865 2367 4920 pro
2389 4866 2456 4906 eo
2481 4848 2624 4920 quod
2649 4847 2817 4920 fidem
2837 4847 2895 4903 et
2914 4847 3159 4920 coniugia
3192 4850 3487 4920 maculant.

2013 4920 2039 4959 ι
2080 4919 2200 4974 Vid.
2215 4917 2379 4976 conc.
2400 4917 2583 4976 Aurel.
2610 4933 2736 4983 ll,c.
2761 4917 2861 4984 10;
2880 4917 3034 4975 conc.
3055 4917 3240 4976 Kurel.
3265 4937 3350 4987 ιιι,
3366 4936 3415 4977 c.
3435 4920 3525 4977 l0.

2018 4987 2038 5028 ι
2079 4988 2228 5043 Mult.
2265 4990 2394 5045 Var.
2424 5004 2570 5045 nam.
2596 5004 2788 5045 sensus
2829 4997 3060 5055 tantum,
3090 5005 3197 5045 non
3219 4992 3385 5047 verba
3433 4991 3501 5047 do

1940 5059 2363 5131 prehenduntur.
2743 5122 2754 5130 ,

2015 5141 2056 5169 ω
2078 5129 2243 5201 conc.
2275 5130 2516 5201 Epeaun.
2540 5145 2590 5186 c.
2630 5130 2721 5186 30.

2015 5210 2043 5238 ιι
2083 5200 2216 5255 Vide
2238 5200 2392 5256 conc.
2422 5200 2622 5257 Auatb.
2649 5216 2698 5256 c.
2738 5200 2827 5257 6i.

2018 5278 2044 5305 ο
2085 5270 2215 5342 Vide
2238 5266 2611 5342 (ἓως.γῶεηὶ
2638 5272 2796 5342 epist.
2825 5271 2894 5326 52
2921 5269 2991 5342 ad
3036 5268 3296 5342 Felicem
3309 5266 3525 5342 episco-

1982 5354 2073 5393 um
2125 5339 2217 5411 lib.
2251 5337 2636 5411 xuiExceipt.
2671 5337 2890 5410 Egbert.
2937 5340 3164 5411 Biton-ac.
3196 5353 3247 5411 c_.
3275 5337 3374 5411 157
3401 5374 3417 5399 .
3469 5346 3527 5411 et

1970 5424 2117 5483 saac,
2135 5409 2372 5483 _Lingon.
2402 5406 2638 5482 episcopi
2666 5406 2901 5465 canones
2929 5406 3069 5462 titul.
3100 5422 3176 5473 ιν,
3209 5408 3277 5463 de
3303 5407 3525 5461 incestis

1938 5496 2060 5629 cf“:
2075 5481 2236 5629 ἕξω
2261 5551 2354 5629 _ad.
2381 5551 2440 5629 in.
2464 5566 2549 5629 ep_.
2577 5550 2737 5629 Greg.
2772 5546 2843 5629 ad
2868 5545 2980 5627 F
3002 5546 3451 5629 epzquardesunt
3465 5545 3522 5629 in

1937 5618 2120 5677 citatis
2149 5615 2553 5677 testimoniisab
2581 5615 2907 5686 auctoribus,
2924 5616 3063 5672 sicut
3087 5615 3143 5673 in
3169 5615 3377 5673 collect.
3397 5615 3522 5672 cod.

260 5708 423 5760 quam
447 5689 708 5763 deinceps
735 5708 855 5749 cum
880 5691 1124 5763 pluribus
1170 5690 1291 5745 aliis
1315 5689 1563 5748 Patribus
1598 5693 1844 5762 permisit
1940 5689 2068 5746 Her.
