3924 6180
371 5087 395 5126 b

433 286 572 344 1059

1280 274 1599 333 CANONES
1639 272 1923 331 SELECTI
1963 270 2054 328 EX
2098 269 2252 330 VET.
2286 271 2441 331 CAN.
2483 265 2819 330 COLLECT.

3557 263 3716 324 10-10

427 393 665 466 quandiu
693 391 747 444 in
773 385 977 446 scelere
1024 394 1266 452 manent,
1287 401 1392 440 non
1421 384 1657 441 lidelium
1681 383 2014 440 Christiano-
2039 382 2093 445 Δ
2117 380 2182 438 In
2205 382 2426 451 epistola
2458 382 2646 437 Leonis
2673 396 2824 451 papa!
2852 379 2920 432 ad
2953 374 3243 443 Rusticum,
3275 393 3382 432 aera
3411 377 3476 432 l0
3507 378 3584 450 lc.
3623 379 3716 451 6;-

429 502 574 552 rum,
599 484 693 540 sed
722 490 929 537 tantum
957 488 1052 535 aut
1088 478 1365 549 gentilium
1390 517 1406 542 ,
1457 484 1550 531 aut
1601 477 2016 531 cathecumeno—

428 591 571 638 rum,
601 573 686 628 vel
707 584 1187 641 energumenorum
1233 568 1406 622 locum
1433 575 1673 622 teneant.
1700 567 1765 620 Et
1787 567 1829 621 si
1862 581 1891 619 a
1924 581 2017 619 ne-

432 664 750 719 fandissimo
779 661 985 715 scelere
1025 673 1082 714 se
1105 671 1420 727 segregare,
1461 663 1620 724 atque
1645 656 1713 708 ad
1747 653 2016 722 publicam

429 753 807 824 pmnitentiam
833 750 1012 805 redire
1030 750 1337 812 noluerint,
1383 748 1522 800 inter
1575 760 1668 801 eos
1719 746 2020 800 habeantur

434 847 527 918 qui
558 845 748 914 spiritu
787 842 1160 913 periclitantur
1187 839 1494 904 immundo;
1549 837 1632 892 vel
1661 838 1825 892 etiam
1880 837 2021 891 inter

433 952 548 1002 eos,
577 936 643 990 de
663 935 858 1004 quibus
889 934 1001 1002 ipsa
1026 931 1226 986 veritas
1273 929 1405 983 dicit
1434 945 1447 981 :
1479 925 1537 982 Si
1577 925 1863 980 Ecclesium
1916 939 2020 978 non

434 1029 685 1093 audierit,
711 1027 775 1081 sit
801 1026 893 1079 tibi
922 1026 1055 1079 sicut
1079 1024 1315 1076 ethnicus
1341 1031 1389 1074 et
1413 1021 1745 1091 publicanus.

832 1113 1015 1168 Conon
1039 1112 1413 1182 Ancyritamts,
1444 1126 1550 1163 arra
1580 1109 1632 1162 6.

506 1220 530 1248 ι
576 1205 683 1274 Qui
716 1220 840 1260 cum
869 1202 1168 1274 pecudibus
1195 1202 1339 1257 coitu
1377 1201 1520 1255 misti
1551 1209 1678 1254 sunt
1705 1239 1720 1264 ,
1753 1207 1846 1253 aut
1871 1214 2021 1253 more

438 1298 707 1369 pecudum
738 1297 946 1350 incesta
974 1309 1096 1348 cum
1148 1293 1564 1363 consanguineis
1610 1293 2020 1354 commiserunt,

437 1399 531 1444 aut
572 1404 695 1444 cum
725 1385 982 1441 masculis
1013 1383 1429 1440 concubuerunt
1476 1384 1566 1452 qui
1609 1392 1733 1436 ante
1758 1381 1828 1436 20
1854 1397 2025 1436 annos

435 1479 610 1535 aetatis
647 1493 756 1532 sum
803 1475 907 1529 tale
933 1476 1139 1530 crimen
1166 1461 1510 1537 admiserint;
1545 1472 1611 1526 15
1639 1472 1794 1525 annis
1821 1471 1872 1524 in
1904 1486 2022 1540 pw-

435 1569 665 1624 nitentia
695 1567 904 1621 exactis
934 1605 949 1631 ,
979 1565 1212 1620 orationi
1253 1572 1460 1618 tantum
1491 1563 1753 1632 incipiant
1797 1561 2025 1632 partici-

437 1677 589 1732 pare.
625 1662 753 1715 Post
786 1661 902 1714 haec
930 1658 1299 1728 quinquennio
1331 1657 1383 1710 in
1413 1655 1792 1711 communione
1818 1654 2022 1724 simpli-

2188 469 2451 526 Ancillam
2479 477 2690 540 oportet
2710 484 2739 523 a
2771 477 2892 524 toro
2917 466 3170 535 abiicere,
3205 476 3261 522 et
3285 483 3512 523 uxorem
3546 469 3720 540 inge-

2116 577 2277 615 nuam
2309 559 2491 632 [certe
2521 555 2892 630 ingenuitatis]
2925 558 3188 626 accipere.
3222 556 3338 610 Hoc
3381 572 3489 611 non
3522 558 3718 627 dupli-

2117 652 2260 707 catio
2286 650 2515 721 coniugii
2537 659 2642 716 est,
2670 651 2762 705 sed
2793 647 3069 718 profectus
3092 648 3410 702 honestatis.

2729 739 2873 794 Ibid.
2902 755 3018 808 cap.
3049 738 3107 792 Ξ.

2194 835 2218 871 ε
2248 831 2306 886 Si
2340 839 2495 899 pater
2522 839 2614 885 aut
2631 837 2804 884 mater
2827 828 3103 899 proprium
3127 825 3342 882 alilium
3371 843 3530 884 sacro
3571 829 3720 898 bap-

2121 920 2280 974 tismo
2309 918 2629 988 susceperit,
2667 917 2723 972 hi
2761 917 2982 972 omnino
3010 932 3041 970 a
3065 914 3316 986 coniugio
3361 926 3719 985 separentur.

2720 1006 2861 1060 Ibid.
2888 1024 3004 1077 cap.
3034 1008 3088 1061 '5.

2193 1099 2218 1138 δ
2251 1097 2311 1152 Si
2341 1098 2463 1168 quis
2489 1097 2575 1152 vir
2611 1105 2706 1151 aut
2745 1095 2943 1151 mulier
2971 1095 3257 1150 tiliastrum
3301 1103 3396 1151 aut
3426 1096 3719 1152 tiliastram

2122 1203 2330 1243 asacro
2357 1187 2505 1243 fonte
2534 1187 2824 1257 exceperit,
2856 1195 2949 1240 aut
2994 1187 3063 1243 ad
3103 1189 3580 1244 conﬁrmationem
3636 1201 3711 1245 ιθ

2123 1277 2303 1331 nuerit
2333 1294 2344 1329 :
2379 1275 2514 1330 tales
2543 1276 2853 1330 omnimodo
2881 1290 2912 1329 a
2940 1275 3189 1346 coniugio
3212 1273 3466 1347 disiungi.

2710 1363 2850 1416 Ibid.
2889 1380 3006 1434 cap.
3038 1363 3092 1416 4.

2202 1458 2216 1496 ί
2254 1455 2311 1509 Si
2355 1455 2474 1524 quis
2504 1456 2558 1509 in
2604 1455 2976 1525 captivitatem
3003 1455 3195 1510 ductus
3223 1457 3477 1511 ancillam
3511 1459 3715 1514 ibidem

2125 1547 2396 1615 acceperit
2418 1559 2662 1611 uxorem,
2689 1552 2744 1600 et
2767 1546 3104 1615 postmodum
3135 1547 3202 1602 ad
3223 1548 3499 1618 proprium
3528 1564 3726 1604 rever-

2126 1653 2217 1692 sus
2245 1638 2530 1707 ingenuam
2563 1635 2728 1690 ducat
2755 1651 2770 1688 :
2800 1643 2856 1690 et
2877 1636 3074 1691 iterum
3103 1637 3158 1690 in
3187 1639 3448 1706 praedicto
3469 1637 3591 1694 loco
3613 1641 3714 1694 ubi

437 1715 881 1820 giperdumnms,
910 1715 1033 1817 past
1053 1715 1123 1800 2'0
1145 1761 1316 1800 annos
1337 1761 1460 1799 cum
1481 1744 1753 1800 oblatione
1777 1743 1846 1798 ad
1872 1715 2022 1798 θέω,
2058 1715 2101 1775 Β
2129 1727 2376 1782 ancillam
2393 1727 2578 1781 habuit
2594 1726 2841 1792 ducatur,
2870 1735 2924 1781 et
2947 1726 3426 1820 invenerit-ipsam
3455 1728 3714 1783 ancillam

439 1839 748 1894 munionem
797 1837 1183 1906 suscipiantur.
1212 1835 1543 1890 Discutiatur
1569 1842 1626 1889 et
1657 1835 1766 1888 vita
1811 1849 2021 1900 eorum,

435 1928 612 2000 qualis
640 1926 821 1980 fuitin
870 1925 1190 1994 poenitentia
1224 1965 1240 1990 ,
1277 1932 1332 1978 et
1360 1924 1433 1978 ita
1465 1925 1605 1978 hanc
1631 1923 2026 1978 humanitatem

435 2023 857 2084 consequantur.
891 2013 993 2080 Qui
1032 2028 1159 2067 vero
1195 2011 1638 2082 perseverantius
1664 2011 1766 2066 hoc
1798 2011 2025 2066 crimine

441 2106 599 2160 abusi
629 2111 772 2169 sunt,
799 2103 868 2158 20
903 2104 1059 2158 annis
1104 2103 1477 2173 ptenitentiam
1508 2101 1677 2156 solam
1707 2103 2021 2171 suscipiant.

436 2196 539 2264 Qui
567 2212 697 2252 vero
733 2204 853 2265 post
881 2196 950 2250 20
972 2211 1236 2250 annorum
1265 2202 1502 2260 aetatem,
1531 2194 1615 2249 vel
1638 2196 1806 2249 etiam
1826 2209 2025 2250 uxores

437 2288 702 2344 habentes
727 2289 782 2342 in
809 2289 910 2344 hoc
928 2289 1135 2344 crimen
1158 2287 1467 2353 inciderint,
1497 2287 1558 2341 51
1583 2289 1740 2343 annis
1758 2289 2025 2358 inniten-

439 2378 516 2432 tia
548 2386 668 2433 acta
702 2378 770 2433 ad
823 2377 1257 2432 communionem
1296 2384 1505 2431 tantum
1546 2379 1902 2433 admittantur
1929 2397 1942 2432 :
1971 2380 2024 2433 in

446 2483 552 2537 qua
575 2468 955 2523 communione
1005 2468 1371 2538 quinquennio
1407 2469 1782 2537 perdurantes,
1812 2469 2022 2538 plenam

441 2557 876 2612 communionem
921 2572 1044 2611 cum
1082 2557 1353 2612 oblatione
1404 2558 1687 2627 recipiant.
1716 2559 1868 2625 Quod
1895 2560 1941 2614 si
1972 2569 2024 2615 et

443 2661 645 2700 uxores
671 2647 952 2711 habentes,
980 2656 1036 2700 et
1059 2655 1182 2716 post
1205 2646 1274 2701 50
1302 2662 1474 2702 annos
1498 2650 1674 2704 aetatis
1695 2649 1748 2702 in
1777 2649 1879 2706 hoc
1897 2665 2022 2720 pro-

438 2735 571 2804 lapsi
602 2743 730 2790 sunt
755 2737 982 2797 crimen,
1014 2737 1081 2791 ad
1104 2737 1309 2790 exitum
1337 2745 1547 2791 tantum
1593 2739 2017 2793 communicent.

443 2827 573 2892 llos,
604 2828 696 2896 qui
721 2828 862 2882 sicut
907 2836 1053 2881 muta
1083 2829 1333 2882 vixerunt
1359 2828 1632 2894 animalia,
1659 2830 1748 2899 qui
1797 2839 1851 2885 et
1883 2845 1942 2886 se
1969 2840 2026 2887 et

441 2913 577 2968 alios
604 2915 910 2984 huiusmodi
939 2925 1160 2984 peccato
1183 2916 1709 2981 contaminaverunt,
1760 2919 1902 2974 inter
1929 2935 2024 2975 eos

438 3021 599 3063 orare
631 3007 845 3074 debent,
874 3009 966 3078 qui
1013 3016 1334 3079 tempestate
1356 3006 1649 3078 iactantur,
1678 3011 1768 3079 qui
1801 3027 1832 3064 a
1862 3013 2018 3068 nobis

444 3099 798 3170 energumeni
829 3099 1214 3170 intelliguntur.

1101 3191 1358 3247 £11219.

516 3283 544 3323 δ
569 3281 672 3350 Qui
723 3281 1046 3338 adulterium
1073 3284 1462 3344 commiserint,
1513 3284 1544 3336 "l
1590 3299 1760 3338 annos
1809 3293 2025 3354 oportet

442 3371 830 3443 perfectionem
862 3375 1118 3443 consequi
1167 3375 1464 3429 secundum
1513 3376 1770 3444 pristinos
1800 3377 2018 3446 gradus.

1099 3463 1175 3518 ΑΞ
1181 3481 1241 3518 ra
1264 3464 1354 3518 20.

517 3563 540 3591 θ
571 3551 826 3606 Mulieres
850 3566 971 3622 qua:
993 3550 1348 3618 fornicamur,
1371 3561 1426 3607 et
1451 3561 1637 3622 partus
1661 3568 1788 3608 suos
1805 3563 2016 3618 necant,

444 3642 528 3698 vel
551 3650 838 3711 conceptos
865 3643 1164 3708 excutiunt,
1200 3659 1371 3712 usque
1395 3645 1464 3699 ad
1489 3646 1695 3700 exitum
1720 3648 1788 3702 ab
1836 3647 2023 3701 Eccle-

445 3736 526 3788 sia
558 3741 937 3788 removeantur
963 3737 1258 3791 secundum
1287 3737 1546 3806 pristinos
1570 3740 1791 3809 gradus.
1821 3740 2022 3795 Huma-

444 3826 567 3880 nius
595 3833 774 3878 autem
823 3839 967 3879 nunc
993 3826 1296 3893 definimus,
1328 3839 1390 3884 ut
1423 3829 1489 3884 10
1517 3832 1674 3885 annis
1708 3833 2022 3902 pmnitentia

443 3917 525 3972 eis
553 3917 842 3971 tribuatur.

1108 4009 1246 4065 ΔΕΜ
1271 4012 1362 4066 24.

527 4097 553 4136 d
588 4097 794 4168 Siquis
842 4113 1095 4170 sponsam
1126 4101 1350 4168 habens,
1403 4105 1574 4159 sorori
1621 4105 1737 4174 ejus
1784 4108 2024 4163 intulerit

453 4188 661 4253 vitium,
693 4197 747 4242 et
770 4198 957 4258 postea
987 4207 1210 4246 uxorem
1235 4194 1451 4249 duxerit
1473 4211 1590 4249 eam
1612 4212 1774 4265 quam
1796 4199 2025 4266 despon-

440 4289 678 4346 saverat,
709 4291 763 4336 et
792 4282 876 4336 illa
905 4300 1024 4354 qua:
1049 4285 1236 4340 vitium
1263 4288 1546 4356 pertulerit
1571 4290 1762 4358 laqueo
1783 4305 1841 4346 se
1869 4307 2025 4361 pere-

445 4371 606 4425 merit
641 4388 653 4423 :
683 4385 868 4426 omnes
919 4374 1010 4442 qui
1041 4373 1170 4429 facti
1197 4377 1356 4447 hujus
1380 4379 1588 4434 consilii
1614 4387 1739 4434 sunt
1771 4380 1836 4435 10
1863 4382 2019 4436 annis
2051 4398 2099 4458 ο

449 4460 500 4514 in
529 4460 848 4530 paenitentia
871 4464 1201 4533 redigantur.
1231 4491 1238 4499 -

787 4548 970 4605 Canon
994 4554 1380 4610 Aurelianensis
1413 4568 1456 4622 θ,
1482 4575 1588 4612 tera
1613 4559 1666 4614 2.

511 4635 567 4690 Si
597 4653 717 4706 quae
756 4639 1008 4696 mulieres
1039 4640 1241 4698 fuerint
1265 4645 1319 4698 in
1342 4645 1608 4702 adulterio
1638 4663 1760 4702 cum
1807 4649 2020 4705 clericis

441 4723 807 4793 deprehensae,
843 4729 1056 4785 clericis
1078 4732 1412 4789 districtione
1448 4736 1684 4790 adhibita
1713 4736 1733 4775 ί
1765 4738 1925 4792 etiam
1966 4746 2020 4793 et

445 4815 760 4872 mulieribus
780 4859 795 4884 ,
826 4827 880 4874 et
903 4837 933 4874 a
959 4823 1270 4878 civitatibus
1313 4825 1441 4894 ipsa:
1461 4827 1716 4882 mulieres
1741 4828 2017 4898 expellan-

444 4912 553 4958 tur.

514 5093 539 5120 ι
571 5079 773 5205 lnterB.
801 5097 900 5138 nec
933 5084 1151 5158 Dionys.
1184 5106 1283 5146 nec
1309 5091 1433 5148 Isid.

517 5150 544 5188 δ
575 5150 684 5205 Nec
756 5167 927 5205 tonvs.
957 5170 1056 5205 nec
1080 5158 1182 5205 Isid

517 5150 544 5188 ι)
571 5150 684 5224 ﬁco
706 5150 927 5224 pionys.
957 5150 1183 5212 nec'lsid

516 5231 538 5293 ς
566 5219 925 5293 _Nec_Dion§'s.
953 5239 1053 5293 nec
1078 5227 1179 5282 Isid

511 5289 1051 5374 {gaululum'dillert
1099 5297 1167 5352 ab
1190 5299 1315 5374 Isid.
1353 5300 1550 5374 interp.

516 5372 542 5431 Ὺ
569 5359 773 5431 concil.
803 5361 990 5420 Aurel.
1021 5382 1094 5431 tv,
1128 5381 1178 5421 c.
1207 5370 1296 5424 29.

519 5428 540 5468 τ
575 5430 701 5499 Haec
719 5433 933 5499 desunt,
959 5437 1054 5491 sed
1079 5428 1184 5491 alia
1209 5439 1332 5494 add.
1362 5449 1418 5496 et
1437 5456 1552 5498 var.

519 5500 544 5538 ⁸
571 5498 689 5576 lsta_
705 5511 762 5556 et
799 5498 926 5572 quae,
941 5516 1241 5576 sequuntur
1269 5509 1322 5563 in
1346 5511 1433 5565 ed.
1463 5511 1858 5570 desiderantur.
1885 5515 2014 5569 V'ide

445 5575 625 5650 tamen
654 5569 929 5650 Bosponsa
955 5569 1212 5650 Stephani
1240 5594 1389 5648 papre
1412 5580 1456 5636 ll
1482 5583 1548 5636 ad
1575 5569 1822 5640 consulta
1848 5585 2014 5639 Brita-

447 5645 779 5693 maeensium
820 5645 1378 5721 monachorum,'cap.
1411 5653 1444 5705 4
1465 5666 1530 5706 ex
1572 5654 1760 5710 eadem
1789 5655 2012 5724 epistola

1515 5857 1544 5896 Ι

2127 1817 2292 1871 alium
2312 1817 2489 1870 virum
2505 1817 2792 1871 habentem
2827 1834 2838 1869 :
2867 1816 2994 1871 huic
3004 1815 3184 1871 licebit
3203 1816 3293 1871 alii
3310 1832 3368 1872 se
3383 1818 3722 1890 coniungere

2130 1908 2364 1974 mulieri,
2398 1907 2652 1964 defuncta
2696 1917 2884 1962 tamen
2913 1908 3002 1963 illa
3047 1908 3301 1980 ingenua,
3329 1924 3491 1980 quam
3517 1921 3717 1981 postea

2124 2006 2427 2068 acceperat.

2199 2157 2211 2208 i
2251 2158 2310 2214 Si
2337 2174 2404 2214 ex
2434 2158 2684 2230 coniugio
2708 2087 3354 2238 gralviter
3380 2159 3715 2225 inﬁrmetur,

2124 2261 2182 2307 ut
2211 2266 2318 2307 non
2345 2252 2515 2322 possit
2539 2252 2608 2305 ab
2653 2251 2744 2306 illo
2773 2252 3010 2307 debitum
3039 2239 3290 2322 persolvi,
3319 2253 3388 2307 ob
3437 2253 3540 2307 hoc
3568 2271 3713 2308 nun-

2123 2357 2287 2412 quam
2311 2341 2494 2396 licebit
2527 2355 2622 2396 eos
2650 2341 2836 2395 dividi.

2127 2432 2192 2486 In
2220 2432 2438 2502 epistola
2478 2431 2772 2502 Innocentii
2795 2447 2944 2502 papa:
2970 2431 3038 2484 ad
3068 2430 3390 2500 Exuperium
3414 2434 3710 2502 episcopum

2633 2501 2969 2568 Tolosanum,
3005 2518 3121 2572 cap.
3148 2502 3199 2555 6.

2198 2593 2224 2633 ιι
2247 2593 2348 2660 Qui
2396 2593 2791 2648 interveniente
2845 2592 3069 2662 repudio
3107 2593 3271 2647 etiam
3313 2608 3411 2663 pm
3440 2593 3708 2649 adulterio

2124 2684 2344 2738 dimissa
2365 2683 2455 2737 alii
2483 2698 2541 2738 se
2567 2683 2920 2753 copulaverit,
2946 2697 3040 2736 eos
3063 2682 3116 2736 in
3131 2691 3362 2752 utraque
3387 2694 3546 2753 parte
3561 2684 3708 2739 adul-

2124 2783 2270 2829 teros
2301 2789 2422 2830 esse
2453 2775 2802 2829 manifestum
2841 2783 2924 2829 est
2950 2772 3246 2830 secundum
3286 2775 3417 2829 illud
3450 2795 3462 2828 :
3500 2773 3607 2840 Qui
3629 2777 3703 2828 di:

2126 2870 2323 2923 miserit
2348 2885 2562 2922 uxorem
2588 2885 2757 2932 suam,
2780 2879 2827 2922 et
2847 2868 3054 2922 duxerit
3084 2869 3264 2932 aliam,
3291 2870 3599 2922 ntcrcltatnr.
3623 2867 3707 2923 Si-

2128 2961 2343 3024 militer,
2371 2961 2461 3031 qui
2495 2961 2764 3014 dimissam
2793 2959 3021 3025 duxerit,
3052 2961 3340 3014 mcechatur
3360 2973 3379 3010 .'
3404 2968 3458 3015 et
3486 2961 3606 3016 ideo
3635 2970 3714 3014 ta-

2047 3054 2095 3120 c
2127 3052 2204 3108 les
2230 3067 2418 3108 omnes
2451 3052 2828 3108 communione
2867 3051 3177 3122 privandos.

2714 3144 2854 3198 Ibid.
2896 3160 3011 3214 cap.
3045 3142 3132 3197 10.

2202 3257 2214 3277 ι
2253 3239 2309 3294 Si
2342 3253 2480 3293 unus
2501 3253 2569 3292 ex
2615 3235 2863 3306 coniugio
2888 3235 3056 3290 tilium
3081 3242 3174 3289 aut
3200 3233 3362 3288 ﬁliam
3388 3234 3615 3290 alterius
3645 3237 3708 3290 de

2123 3346 2279 3387 sacro
2307 3331 2453 3386 fonte
2488 3328 2812 3398 susceperit,
2842 3335 2935 3382 aut
2969 3328 3036 3381 ad
3063 3326 3300 3380 chrisma
3335 3327 3590 3391 tenuerit,
3620 3328 3704 3381 Vel

2121 3424 2190 3478 ad
2215 3423 2643 3479 Christianitatis
2667 3423 2986 3492 mysterium
3017 3440 3028 3475 :
3065 3422 3224 3476 ambo
3262 3431 3320 3477 et
3347 3436 3484 3476 uxor
3529 3430 3588 3476 et
3623 3424 3709 3476 vir

2121 3521 2428 3584 compatres
2455 3513 2695 3568 existunt
2723 3513 3038 3582 parentibus
3083 3512 3328 3578 infantis,
3368 3513 3494 3582 quia
3541 3513 3623 3567 vir
3653 3523 3703 3566 et

2122 3605 2318 3659 mulier
2340 3619 2470 3659 caro
2498 3619 2606 3658 una
2629 3603 2806 3659 eﬂ‘ecti
2837 3611 2983 3658 sunt.

2123 3695 2189 3749 In
2215 3694 2434 3766 epistola
2455 3693 2635 3750 Siricii
2661 3712 2812 3767 papae
2841 3693 3221 3818 aitizGenesium
3255 3698 3555 3768 episcopum
3587 3715 3698 3768 cap-

2195 3869 2232 3895 ιιι
2254 3855 2310 3911 Si
2340 3871 2504 3911 sanus
2527 3855 2612 3909 vir
2639 3855 2906 3927 leprosam
2935 3857 3148 3911 duxerit
3167 3871 3412 3921 uxorem,
3437 3865 3532 3910 aut
3562 3867 3678 3926 post

2123 3946 2342 4002 modum
2365 3947 2415 4000 ei
2441 3946 2813 4016 supervenerit
2832 3945 3004 4015 lepra,
3022 3961 3116 4016 sep
3135 3954 3359 4010 irentur,
3385 3961 3453 3999 ne
3475 3961 3702 4014 concer-

2123 4035 2164 4088 ti
2192 4035 2286 4089 ﬁlii
2316 4035 2462 4106 lepra
2479 4035 2836 4090 maculentur.
2867 4035 2974 4092 Fas
3001 4051 3233 4106 namque
3262 4043 3365 4100 est,
3387 4045 3448 4088 ut
3471 4036 3702 4089 mundus

2123 4126 2191 4179 ad
2223 4125 2478 4179 mundam
2505 4123 2776 4196 iungatur.

2127 4217 2193 4270 In
2229 4216 2446 4287 epistola
2481 4215 2669 4271 Leonis
2696 4233 2864 4286 papw.
2898 4219 2982 4341 adi
3009 4218 3274 4272 Nicetium
3325 4221 3620 4288 episwpmn
3652 4229 3700 4279 ⁸³,

2807 4304 2924 4341 can.
2997 4327 3010 4339 .

2807 4304 2924 4356 cap.
2960 4304 3010 4341 ι.

2194 4374 2328 4430 Cum
2383 4389 2479 4444 per
2532 4373 2778 4430 bellicam
2807 4376 3014 4432 cladem
3069 4377 3382 4433 dividantur
3430 4380 3692 4450 coniugia,

2128 4467 2307 4540 (Mult.
2339 4467 2474 4537 var.)
2511 4476 2567 4521 et
2592 4467 2848 4524 mulieres
2867 4485 2986 4538 qute
3015 4472 3377 4526 remanserint
3420 4473 3555 4527 viris
3594 4473 3697 4527 suis

2125 4561 2427 4624 destitutae,
2457 4567 2548 4613 aut
2577 4561 2928 4631 interemptos
2953 4571 3162 4632 putent,
3195 4571 3286 4618 aut
3315 4579 3594 4634 nunquam
3619 4581 3694 4620 re-

2121 4669 2376 4710 versuros
2413 4673 2424 4707 :
2459 4663 2514 4709 et
2566 4653 2976 4727 [sollicitudine]
3030 4655 3318 4711 solitudine
3365 4666 3594 4727 cogente
3630 4656 3690 4710 ad

2123 4745 2339 4815 aliquod
2373 4743 2683 4814 coniugium
2728 4745 3061 4799 transierunt
3091 4762 3105 4798 ε
3135 4754 3190 4800 et
3218 4744 3294 4800 illi
3319 4746 3411 4815 qui
3437 4745 3689 4816 putaban-

2122 4847 2211 4892 tur
2233 4838 2456 4908 perisse,
2488 4844 2861 4902 revertantur;
2907 4834 3090 4908 (Add.)
3123 4843 3250 4891 tunc
3289 4837 3521 4893 remotis
3541 4836 3691 4892 malis

2119 4943 2240 4999 quae
2253 4927 2522 4983 hostilitas
2548 4927 2746 4993 intulit,
2775 4927 3066 4998 unicuique
3089 4927 3232 4996 quod
3252 4927 3498 4999 legitime
3508 4928 3684 4985 habuit

2119 5100 2316 5155 Leonis
2338 5101 2378 5154 l.

2188 5173 2218 5212 ιι
2249 5169 2479 5235 Capitul.
2508 5169 2545 5224 l.
2579 5185 2638 5235 ν,
2668 5186 2718 5226 c.
2754 5169 2808 5226 5.

2194 5243 2209 5282 i
2239 5239 2360 5295 Vid.
2390 5239 2456 5311 Β.
2488 5239 2675 5311 Steph.
2703 5239 2771 5311 ll,
2796 5255 2916 5311 cap.
2949 5244 3004 5298 3.

2191 5322 2206 5361 ι
2244 5311 2365 5380 Vid.
2398 5310 2463 5362 Β.
2493 5309 2680 5380 Steph.
2709 5309 2773 5373 ll,
2799 5309 2918 5380 cap.
2949 5313 3003 5366 2.

2189 5381 2216 5454 ξ
2239 5379 2395 5454 pluit.
2412 5394 2525 5433 var.
2555 5379 2608 5433 ἰη
2625 5381 2709 5434 ed.
2727 5379 2846 5435 Vid.
2871 5379 3074 5450 potius.
3103 5382 3169 5436 R.
3190 5382 3375 5454 Steph.
3407 5383 3476 5449 II,
3496 5398 3610 5453 ap.
3628 5380 3677 5435 5.

2193 5448 2211 5490 ι
2239 5449 2604 5504 Desideratur.

2169 5529 2228 5601 fu
2250 5518 2369 5600 Vid.
2389 5517 2456 5571 Β.
2482 5517 2750 5600 Steph.ll,
2767 5534 2885 5590 cap.
2901 5520 2950 5584 9,
2975 5535 3041 5576 ex
3066 5522 3222 5592 epist.
3247 5521 3424 5578 Siricii
3451 5537 3598 5596 papa:
3618 5523 3682 5578 ad

2115 5588 2417 5644 'limerium
2447 5588 2782 5658 episcopum.
2835 5588 2848 5590 ⁷
3098 5588 3114 5592 “

2187 5668 2216 5696 ιι
2242 5657 2321 5712 Ad
2347 5655 2588 5712 Nicetam
2611 5659 2920 5728 episcopum
2951 5661 3369 5734 Aquileiensem.
