3928 6178
206 5403 216 5462 Σ

224 322 408 396 1061-

1080 305 1394 366 CANONES
1431 303 1713 361 SELECTI
1750 299 1840 356 EX
1881 295 2034 355 VET.
2077 294 2232 352 CAN.
2275 295 2605 353 COLLECT.

3350 296 3486 352 1069.

223 431 561 488 reformetur
587 421 738 496 (Cap.
779 421 856 492 9..)
890 419 998 474 Nec
1027 426 1204 471 tamen
1251 415 1530 485 culpabilis
1552 414 1819 484 judicetur
1852 410 1895 467 A
1923 406 2131 476 cipibus
2153 414 2274 476 post
2297 406 2622 496 baptismum
2645 418 2866 474 poscere
2893 409 3122 461 mortem
3149 404 3253 477 [vel
3275 408 3491 477 sangui-

220 520 344 586 ille,
396 517 472 590 [et
518 523 774 583 tanquam
805 510 968 564 alieni
993 507 1134 576 juris
1175 503 1456 576 pervasor]
1491 503 1580 572 qui
1631 515 1814 569 perso-

223 626 361 676 nam
386 608 502 677 ejus
532 603 735 665 mariti,
782 602 870 670 qui
901 599 1013 668 jam
1042 613 1147 652 non
1178 612 1295 652 esse
1322 594 1696 654 :estimahitur,
1730 608 1816 645 as-

227 698 490 767 sumpsit.
529 707 554 734 ει
586 693 641 747 Si
669 707 801 746 vero
843 690 1034 758 aliquae
1060 687 1314 741 mulieres
1342 684 1550 738 malunt
1577 697 1700 736 cum
1733 681 1814 734 vi-

228 791 312 843 ris
348 789 436 841 hic
466 787 761 846 cohaerere,
794 795 954 850 quam
983 777 1048 832 ad
1081 776 1380 846 legitimum
1410 773 1587 828 redire
1629 771 1818 841 conju-

228 878 406 949 gium,
448 873 642 927 merito
674 879 800 925 sunt
849 869 1204 929 damnanda);
1233 866 1306 918 ita
1354 872 1414 917 ut
1440 861 1817 916 communione

228 968 539 1037 priventur,
576 962 702 1031 quia
747 961 877 1029 ipsa:
903 958 1274 1018 ostenduntur,
1307 969 1414 1008 non
1441 968 1540 1022 pro
1585 951 1818 1005 necessi-

229 1067 365 1122 tate,
397 1057 492 1112 sed
515 1071 614 1124 pro
655 1049 1040 1107 incontinentia
1093 1063 1190 1102 sua
1228 1047 1330 1101 hoc
1379 1044 1592 1109 fecisse,
1628 1050 1682 1097 et
1712 1057 1818 1096 non

231 1149 316 1203 eis
372 1145 658 1215 placuisse,
711 1140 853 1212 quod
887 1141 1003 1194 haec
1052 1137 1299 1192 remissio
1348 1135 1524 1206 potuit
1577 1133 1818 1203 expiare.

233 1236 485 1291 Redeant
510 1249 638 1304 ergo
675 1233 742 1286 ad
783 1246 940 1286 suum
994 1237 1200 1283 rectum
1259 1226 1556 1282 voluntaria
1589 1225 1822 1280 redinte-

234 1326 488 1395 gratione
537 1320 843 1391 conjugium
904 1320 1107 1388 absque
1139 1318 1249 1372 ullo
1291 1317 1580 1386 opprobrio
1631 1333 1644 1369 :
1696 1315 1821 1384 quia

236 1425 382 1472 sicut
408 1416 490 1470 ba:
516 1415 769 1469 mulieres
796 1429 915 1483 quae
963 1412 1160 1466 reverti
1187 1411 1254 1465 ad
1277 1410 1422 1464 viros
1463 1424 1588 1462 suos
1614 1408 1818 1472 nolunt,

241 1507 422 1576 impiae
470 1511 597 1558 sunt
646 1502 906 1557 habendae
932 1541 946 1564 ,
982 1501 1054 1554 ita
1090 1500 1191 1554 illae
1231 1513 1349 1568 quae
1383 1499 1436 1552 in
1478 1496 1725 1551 aﬂ‘ectum
1757 1512 1824 1550 ex

243 1598 356 1653 Deo
381 1596 576 1650 initum
603 1593 851 1658 redeunt,
879 1592 1074 1646 merito
1112 1591 1406 1646 laudabiles
1427 1589 1750 1658 iudicandae.

619 1685 685 1738 In
709 1683 928 1755 epistola
960 1683 1256 1738 Innocentii
1282 1700 1450 1753 papae.

1917 496 2060 568 nem]
2075 497 2302 568 alicujus
2317 496 2380 551 de
2397 505 2567 549 reatu.
2593 494 2763 561 Quam
2783 511 2895 550 rem
2920 496 3192 566 principes
3215 512 3491 566 nunquam

1917 590 2030 643 sine
2059 590 2386 658 cogitatione
2411 588 2759 660 [cognitione]
2787 589 3110 654 concedunt,
3142 589 3235 644 sed
3261 591 3329 643 ad
3350 589 3495 657 judi-

1915 694 2006 733 ces
2029 679 2255 732 crimina
2282 679 2396 748 ipsa
2426 692 2637 748 semper
2661 678 2969 739 remittunt,
2999 687 3057 731 ut
3088 692 3250 730 causa
3277 679 3493 747 cognita

1919 768 2098 842 (γαν.)
2131 768 2425 837 judicetur.
2456 767 2585 834 Quae
2620 782 2742 821 cum
2773 767 3092 839 [quaasitori]
3122 783 3311 823 secure
3333 769 3498 823 fuerit

1917 857 2177 928 delegata,
2211 865 2303 911 aut
2328 857 2596 912 absolutio
2619 864 2706 910 aut
2736 856 3010 910 damnatio
3039 871 3136 925 pro
3151 857 3496 925 negotiiqua-

1918 947 2070 1003 litate
2092 946 2400 1017 proferatur
2424 965 2436 1000 :
2464 955 2516 1000 et
2539 946 2665 1000 dum
2697 946 2874 1016 legum
2903 946 2954 1000 in
2981 947 3252 1015 improbos
3276 961 3499 1005 exerce-

1920 1045 2009 1092 tur
2030 1038 2346 1103 auctoritas,
2378 1037 2482 1092 erit
2506 1037 2766 1092 distortor
2791 1035 3069 1107 [dictator]
3097 1037 3370 1092 immunis.

2510 1128 2737 1185 CAPUT
2772 1129 2903 1184 LVI.

1922 1240 1988 1280 DE
2015 1240 2308 1290 FALSARIIS,
2339 1240 2409 1278 ET
2438 1237 2702 1287 PERJURIS,
2735 1239 2804 1276 ET
2828 1237 3098 1276 HOHICIDIS
3131 1241 3142 1276 ε
3173 1237 3240 1276 ΕΤ
3273 1237 3338 1276 οε
3370 1239 3495 1278 ωτι-

2369 1310 2630 1349 ΤΙἚἹΤΑΤΕ
2657 1309 2724 1346 ΕΤ
2757 1307 3054 1347 ΒΙΒΕΟΒΜΛ.

2238 1385 2420 1441 Canon
2449 1385 2840 1439 Aurelianensis
2860 1425 2874 1449 ,
2904 1401 3011 1438 mra
3040 1383 3102 1436 l5
3137 1383 3179 1435 τ.

1993 1479 2092 1546 Qui
2125 1477 2258 1532 falso
2303 1483 2561 1532 accusant
2605 1474 2805 1530 fratres
2853 1490 3000 1538 suos,
3053 1473 3325 1544 [-placuit’,
3355 1473 3497 1546 etc.]

1925 1587 2094 1642 usque
2123 1571 2191 1625 ad
2210 1571 2411 1624 exitum
2440 1584 2543 1623 non
2572 1568 2987 1622 communicent.

2304 1659 2485 1714 Canon
2516 1659 2820 1712 Maticensis
2847 1661 2871 1698 Β
2895 1675 3002 1711 trra
3027 1657 3113 1711 17.

313 1780 343 1820 δ
367 1778 522 1834 Sicut
550 1777 825 1842 mulieres,
857 1776 900 1830 si
937 1774 1198 1830 convicta:
1246 1773 1443 1828 fuerint
1473 1773 1824 1839 adulterasse,

2003 1751 2207 1821 Siquis
2244 1751 2378 1806 alios
2430 1751 2497 1804 ad
2542 1748 2734 1803 falsum
2786 1748 3151 1802 testimonium
3198 1747 3280 1802 vel
3328 1748 3498 1818 perju-

237 1871 445 1944 judicio
472 1868 794 1925 sacerdotali
824 1866 1201 1922 communione
1221 1866 1505 1935 privantur
1535 1880 1550 1918 :
1582 1865 1829 1920 similiter

243 1972 300 2017 et
325 1962 450 2026 viri,
482 1961 528 2015 si
554 1959 749 2014 detecti
764 1956 963 2014 fuerint
976 1956 1297 2011 adulterium
1329 1955 1680 2019 commisisse,
1713 1970 1827 2010 om-

243 2055 484 2110 nimodis
512 2069 543 2108 a
573 2053 950 2109 communione
981 2050 1373 2107 submovendos
1417 2065 1538 2104 esse
1585 2049 1829 2105 decerni-

247 2164 390 2202 mus.

855 2237 1083 2293 CAPUT
1109 2238 1220 2292 LV.

245 2348 312 2385 DE
349 2345 787 2385 REVERTENTIBUS
823 2346 888 2383 AD
924 2345 1136 2384 SzECULA
1184 2344 1311 2384 POST
1364 2343 1657 2382 DEPOSITUM
1689 2343 1827 2381 MILI-

320 2418 430 2456 τινε
468 2415 734 2455 εικουιιῖδί
766 2414 779 2452 ἒ
807 2415 874 2453 ΕΤ
902 2415 968 2452 DE
998 2414 1082 2453 IIIS
1123 2413 1209 2460 QUI
1243 2414 1368 2453 POST
1401 2414 1705 2452 BAPTISMUM
1738 2413 1829 2450 ΔΙ.)-

324 2485 816 2525 IINISTBAV'ERUNT.

645 2563 826 2617 Canon
868 2559 1141 2624 Nica’nus,
1165 2575 1273 2612 trra
1303 2559 1367 2613 18
1393 2569 1439 2611 ο.

322 2652 350 2691 ἀ
385 2651 444 2706 Si
472 2651 722 2721 qui,post
746 2649 1046 2718 depositum
1077 2647 1282 2701 militiae
1310 2646 1684 2717 cingulum,ad
1707 2660 1831 2715 pro-

246 2743 435 2813 prium
465 2741 722 2795 vomitum
747 2747 1114 2801 revertuntur,
1144 2746 1203 2792 ut
1232 2738 1487 2807 pecunias
1515 2738 1582 2792 ad
1608 2751 1831 2792 usuram

247 2835 449 2888 darent
477 2840 532 2885 et
559 2832 769 2885 abirent
806 2846 994 2884 rursus
1042 2832 1106 2884 ad
1142 2830 1414 2888 militiam.
1446 2829 1512 2882 I0
1541 2831 1695 2884 annis
1725 2831 1832 2884 sint

247 2923 400 2976 inter
428 2920 763 2990 pmnitentes,
782 2919 1149 2988 postprimum
1162 2919 1453 2972 triennium
1484 2934 1592 2988 quo
1615 2919 1832 2974 fuerunt

242 3013 400 3066 inter
419 3011 716 3064 audientes.
746 3009 855 3064 lIoc
877 3010 1145 3078 praecipue.
1169 3009 1505 3072 observetur,
1539 3017 1598 3063 ut
1621 3010 1832 3063 animus

1928 1845 2067 1901 riutn
2093 1841 2276 1915 (γαν.)
2310 1841 2634 1904 attraxerit,
2657 1840 2743 1894 vel
2772 1838 3118 1910 [quacunque
3142 1837 3506 1907 corruptione]

1927 1933 2323 1997 sollicitaverit,
2356 1932 2470 2001 ipse
2513 1931 2732 1999 quidem
2781 1945 2960 2000 neque
3007 1930 3074 1984 ad
3125 1929 3330 1983 exitum
3362 1943 3498 1983 com-

1928 2028 2164 2081 municet
2192 2041 2206 2079 :
2231 2034 2286 2080 et
2324 2025 2400 2079 illi
2427 2021 2566 2094 (Add
2592 2032 2640 2076 et
2665 2022 2799 2094 var.)
2848 2022 2939 2092 qui
2969 2037 3094 2077 eum
3138 2021 3309 2076 secuti
3359 2029 3506 2085 sunt,

1927 2120 1994 2172 ah
2021 2119 2169 2173 omni
2198 2129 2323 2174 sunt
2364 2117 2676 2173 testimonio
2699 2117 3044 2187 prolibendi,
3073 2124 3126 2171 et
3155 2115 3378 2171 infamia
3414 2131 3502 2171 no-

1927 2210 2206 2268 tahuntur.

2144 2297 2326 2353 Canon
2355 2299 2686 2368 Agathensis,
2718 2314 2826 2352 (era
2857 2296 2945 2352 36.
2983 2294 3139 2368 [Cum
3172 2295 3286 2367 57].

1999 2389 2305 2443 Ilomicidas
2329 2398 2386 2444 et
2407 2388 2574 2444 falsos
2599 2396 2765 2442 testes
2781 2389 2804 2427 δ
2821 2389 3197 2444 communione
3220 2387 3509 2458 privandos

1927 2499 2100 2554 usque
2130 2486 2195 2537 ad
2221 2485 2595 2554 paenitentiam
2626 2492 2682 2538 et
2707 2482 3153 2538 satisfactionem.

2286 2572 2469 2627 Canon
2496 2573 2862 2643 Lugdunensis
2894 2575 2936 2637 ί,
2965 2590 3072 2626 mra
3103 2573 3159 2627 5.

2004 2665 2016 2715 i
2074 2663 2132 2720 Si
2174 2665 2296 2736 quis
2351 2665 2624 2720 hominem
2659 2665 2711 2718 in
2764 2665 3130 2734 captivitatem
3159 2664 3393 2727 duxerit,
3425 2675 3521 2719 aut

1935 2757 2318 2821 transmiserit,
2341 2770 2622 2824 usquequo
2653 2769 2777 2809 eum
2805 2757 2859 2809 in
2893 2755 3009 2809 loco
3035 2769 3134 2808 suo
3162 2755 3519 2822 revocaverit,

1933 2848 2310 2903 communione
2338 2847 2599 2916 privetur.

2301 2936 2483 2990 Canon
2513 2938 2882 3007 Ancyritanus,
2913 2953 3022 2990 trra
3049 2936 3138 2989 21.

2008 3031 2035 3070 ι
2066 3029 2122 3084 Si
2159 3030 2282 3098 quis
2327 3029 2628 3083 voluntarie
2667 3028 3014 3082 homicidium
3043 3026 3251 3090 fecerit,
3290 3025 3510 3080 submit.

247 3121 446 3160 eorum
477 3113 532 3157 et
561 3103 767 3158 fructus
796 3102 1118 3172 pmnitentia
1146 3102 1484 3155 observetur.
1510 3101 1576 3154 Et
1600 3101 1829 3170 quicun-
1861 3081 1905 3144 ο
1939 3129 2018 3176 κη
2044 3136 2103 3175 se
2144 3081 2209 3174 εἰ]
2252 3119 2646 3189 ρωηίιρηιίωη,
2688 3125 2743 3172 ει
2771 3117 2838 3171 ad
2885 3117 3090 3172 exitum
3132 3125 3340 3171 tantum
3369 3132 3508 3172 αηη,

249 3209 365 3266 que
395 3195 449 3247 in
476 3193 728 3262 lacrymis
757 3200 810 3245 et
848 3191 1103 3260 operibus
1129 3191 1283 3245 bonis
1311 3200 1742 3259 perseverantes,
1778 3199 1833 3244 et

251 3287 460 3341 bonum
510 3300 644 3354 opus
671 3300 792 3338 cum
842 3284 1069 3338 veritate
1103 3282 1514 3346 demonstrant;
1549 3297 1669 3336 cum
1714 3290 1834 3352 post

252 3388 476 3447 tempus
529 3385 785 3430 statutum
815 3374 1043 3429 orationi
1095 3375 1359 3444 cmperint
1399 3374 1829 3438 communicare,

253 3471 386 3523 licet
435 3468 740 3536 episcopum
772 3465 1056 3520 humanius
1106 3465 1305 3534 aliquid
1335 3466 1477 3519 circa
1513 3479 1606 3518 eos
1652 3479 1830 3534 agere.

254 3560 322 3615 Si
351 3559 442 3630 qui
482 3573 613 3613 vero
659 3557 1027 3612 indifferenter
1078 3558 1366 3612 habuerint
1416 3558 1622 3627 lapsum
1655 3573 1833 3620 suum,

255 3657 320 3702 et
347 3646 593 3703 sufﬁcere
619 3648 718 3702 sibi
746 3648 886 3717 quod
903 3648 1186 3702 ecclesiam
1210 3649 1546 3702 intraverunt
1569 3647 1836 3701 arbitran-

255 3747 373 3804 tur,
399 3739 485 3793 isti
509 3739 688 3793 omnia
712 3747 949 3808 tempora
975 3746 1170 3792 statuta
1190 3738 1548 3808 complebunt.

257 3827 502 3897 Epistola
547 3826 838 3880 Innocentii
867 3843 1016 3967 pultare
1056 3827 1142 3951 at;
1146 3826 1496 3967 1Exuperium
1539 3828 1835 3897 episcOpum

989 3914 1074 3967 ap.
1146 3936 1186 3966 ἓ.

989 3914 1074 3967 αρ.
1109 3914 1186 3967 a1.

339 3999 362 4026 ε
391 3987 492 4053 Qui
524 3996 644 4056 post
686 3986 1011 4056 baptismum
1047 3987 1559 4042 administraverunt
1581 4028 1596 4052 ,
1646 3995 1701 4043 et
1729 3996 1839 4042 tor-

258 4088 448 4135 menta
473 4087 850 4142 exercuerunt,
883 4087 976 4132 aut
1003 4079 1166 4132 etiam
1197 4079 1482 4148 capitalem
1513 4081 1837 4135 sententiam

260 4167 604 4239 protulerunt
635 4185 650 4232 ;
685 4168 750 4222 de
781 4167 866 4222 his
901 4167 1032 4221 nihil
1058 4168 1286 4238 legimus
1313 4185 1342 4222 a
1375 4169 1669 4237 majoribus
1701 4170 1840 4225 deli-

258 4261 458 4316 nitnm.
497 4259 854 4314 Meminerant
877 4259 1020 4314 enim
1044 4274 1074 4313 a
1105 4260 1213 4314 Deo
1239 4268 1534 4329 potestates
1557 4263 1654 4316 has
1678 4261 1843 4316 fuisse

258 4367 574 4416 concessas,
615 4359 669 4406 et
693 4361 914 4421 propter
955 4351 1247 4406 vindictam
1276 4353 1560 4408 noxiorum
1605 4354 1841 4423 gladium

1935 3212 2190 3266 municet.

2574 3278 2712 3333 Αἶγα
2735 3278 2805 3332 22
2837 3277 2878 3330 ι.

2005 3384 2046 3411 ω
2077 3371 2178 3438 Qui
2216 3385 2346 3423 vero
2391 3385 2520 3425 casu
2577 3371 2926 3425 homicidium
2959 3369 3171 3433 fecerit,
3217 3378 3342 3439 post
3365 3369 3396 3421 7
3426 3383 3523 3422 an-

1936 3478 2126 3517 norum
2176 3461 2552 3531 paenitentiam
2594 3461 2957 3530 communicet
3004 3458 3295 3514 secundum
3322 3456 3524 3528 gradus

1937 3551 2278 3605 constitutos.
2311 3550 2437 3604 llaec
2457 3564 2586 3604 vero
2612 3550 2902 3605 humanior
2928 3549 3189 3613 definitio,
3219 3549 3510 3619 quinquen-

1937 3639 2014 3693 nii
2042 3639 2297 3710 temporis
2316 3639 2490 3709 spatio
2515 3639 2842 3694 continetur.

2166 3728 2348 3783 Canon
2372 3729 2725 3799 Epaunensis,
2759 3747 2868 3784 (era
2896 3729 2967 3784 24
2996 3728 3152 3802 [Can.
3177 3729 3272 3802 24]

2013 3817 2068 3872 Si
2105 3819 2227 3888 quis
2261 3833 2474 3872 servum
2504 3820 2784 3888 proprium
2815 3820 2930 3875 sine
2959 3820 3292 3875 conscientia
3327 3817 3528 3887 judicis

1942 3909 2217 3973 occiderit,
2267 3909 2470 3965 biennii
2524 3912 2782 3982 temporis
2821 3913 3380 3967 excommunicatione
3408 3911 3511 3982 ple-

1943 4007 2123 4053 ctatur
2157 3996 2498 4069 [effusionem
2539 4003 2816 4073 sanguinis
2852 4001 3131 4072 expiabit].

2317 4090 2498 4147 Canon
2526 4093 2848 4147 Arelatensis
2877 4103 2904 4130 η
2933 4110 3042 4148 (era
3061 4092 3150 4147 55.

2020 4184 2077 4239 Si
2099 4185 2220 4253 quis
2246 4184 2588 4246 famulorum,
2623 4182 2928 4254 [cujuslibet
2957 4181 3280 4236 conditionis
3309 4191 3401 4234 aut
3431 4195 3514 4252 ge-

1947 4275 2116 4346 neris]
2145 4275 2298 4343 quasi
2328 4275 2396 4328 ad
2420 4273 2851 4328 exacerbandam
2873 4271 3076 4325 domini
3106 4270 3524 4326 districtionem.

1950 4382 2009 4422 se
2039 4365 2327 4437 [diabolico
2375 4364 2611 4434 repletus
2647 4361 2853 4433 furore]
2881 4361 3232 4431 percusserit,
3285 4361 3444 4433 (Add.
3478 4369 3528 4415 et

258 4440 434 4497 fuisse
457 4443 778 4511 permissum
809 4449 864 4494 et
892 4442 985 4495 Dei
1020 4442 1324 4496 ministrum
1367 4443 1634 4498 vindicem
1659 4444 1711 4497 in
1735 4445 1838 4496 hu-
1865 4429 1920 4491 Ῑ)
1949 4429 2083 4527 ηανξ)
2108 4429 2471 4525 ηορυίάφιωίι
2501 4453 2568 4507 ad
2597 4429 2897 4508 dominua
2920 4452 3140 4508 sceleris
3176 4429 3336 4508 auehi
3365 4454 3535 4522 peni-

260 4532 499 4604 jusmodi
520 4541 726 4588 natum.
745 4533 820 4588 De
839 4532 923 4586 his
941 4532 1012 4585 ita
1029 4539 1087 4585 ut
1103 4533 1365 4588 hactenus
1380 4543 1651 4588 servatum
1669 4543 1753 4589 est
1767 4535 1845 4588 sic

263 4623 552 4688 habemus,
575 4639 642 4678 ne
664 4633 754 4678 aut
781 4623 1118 4692 disciplinam
1141 4631 1407 4688 evertere,
1430 4634 1522 4678 aut
1547 4635 1734 4680 contra
1756 4641 1846 4680 au-

262 4715 579 4768 ctoritatem
603 4715 812 4769 Domini
831 4715 1016 4768 venire
1039 4715 1333 4768 videamur.
1349 4715 1482 4784 Ipsis
1497 4726 1676 4770 autem
1695 4717 1746 4770 in
1767 4733 1844 4770 ra—

265 4804 414 4858 tione
439 4804 707 4859 reddenda
725 4814 874 4876 gesta
889 4821 982 4858 sua
1004 4805 1186 4859 omnia
1204 4805 1584 4861 servabuntur.
1602 4806 1752 4877 (Cap.
1768 4808 1845 4880 5.)

266 4895 385 4951 Hoc
409 4896 575 4950 etiam
592 4897 868 4951 sciscitare
879 4897 1114 4961 voluisti,
1140 4897 1320 4967 (Λάά.)
1350 4898 1463 4952 utsi
1478 4897 1634 4952 liceat
1655 4915 1684 4952 a
1706 4901 1849 4968 prin-

340 5079 366 5106 ι
405 5066 566 5121 Plura
599 5069 720 5140 add.
755 5079 809 5122 et
834 5069 921 5123 hic
944 5072 1132 5140 incipit
1169 5085 1268 5136 cap
1295 5071 1346 5122 4.
1377 5067 1584 5140 Cretera
1623 5087 1742 5140 qua:
1767 5090 1849 5127 se-

271 5145 512 5212 quuntur
543 5138 696 5212 mult.
725 5154 840 5212 var_.
867 5140 994 5212 Viri;
1021 5139 1183 5212 Resp.
1214 5141 1468 5210 Stephan.
1505 5139 1570 5212 _II,
1601 5138 1720 5212 cap.
1757 5145 1846 5196 19.

344 5206 374 5245 δ
402 5207 524 5261 Vid.
553 5222 638 5276 ep.
663 5207 781 5261 lnn.
814 5209 834 5262 1
859 5210 926 5262 ad
956 5206 1322 5278 Exuperiumf
1341 5225 1460 5279 cap.
1491 5209 1545 5275 4,
1579 5206 1846 5268 ubi‘mult.

271 5273 399 5329 add.
434 5284 491 5330 et
514 5291 631 5329 var.

346 5355 368 5429 ξ
488 5346 557 5429 f2
578 5346 632 5429 in
660 5345 836 5429 (ἔρως.
972 5348 1025 5429 in
1059 5351 1255 5429 interp:
1286 5349 1505 5422 Dionys.
1540 5360 1594 5407 et
1621 5351 1743 5408 Isid.

344 5412 372 5452 δ
403 5415 690 5490 ξειυιιξιυω
713 5416 891 5490 differt
918 5417 1112 5490 interp.
1152 5412 1277 5472 Isid.

350 5483 810 5608 ἶὲἓῗῗὲᾟιὲἶὲιῗῖ
839 5573 878 5620 ι,
910 5573 959 5611 ς.
996 5558 1080 5612 n.

351 5624 376 5662 ε
406 5623 575 5678 Couc.
591 5623 886 5680 'Matiscon.
919 5645 957 5681 I.

349 5693 374 5732 δ
408 5693 537 5749 Var.
571 5693 704 5749 Vide
744 5710 895 5751 conc.
926 5698 1112 5753 Venet.
1137 5714 1184 5754 c.
1221 5701 1271 5753 1.

1950 4549 2099 4605 nebit
2126 4547 2340 4616 injuria.

2357 4635 2424 4690 In
2449 4633 2663 4708 epistola
2688 4651 2836 4705 papa:
2861 4635 3044 4689 Leonis
3071 4641 3116 4687 °.

2018 4727 2250 4799 Captivi,
2276 4727 2367 4797 qui
2392 4726 2749 4782 immolatitiis
2775 4725 2911 4780 cibis
2933 4724 3134 4779 fuerint
3159 4721 3362 4792 polluti,
3394 4721 3536 4793 (var.

1949 4831 1997 4874 et
2019 4815 2170 4889 add.)
2191 4816 2524 4888 paenitentia:
2547 4813 2913 4870 satisfactione
2937 4819 3260 4883 purgentur;
3283 4824 3403 4880 quae
3425 4822 3532 4867 non

1951 4919 2061 4964 tam
2111 4908 2370 4978 temporis
2414 4905 2764 4977 longitudine,
2794 4918 2957 4973 quam
3005 4901 3184 4956 cordis
3213 4898 3535 4956 contritione

2030 5085 2045 5122 ί
2073 5081 2238 5137 Cone.
2270 5080 2516 5151 Lugdun.
2539 5095 2610 5151 n.
2639 5094 2687 5132 c.
2711 5081 2763 5133 ὅ.

2029 5151 2042 5201 i
2083 5152 2234 5206 Mult.
2267 5150 2382 5205 var.
2401 5158 2456 5204 et
2485 5150 2608 5204 add.

2027 5222 2364 5345 ἕπευ-ἕξει.
2397 5235 2497 5275 nec
2522 5219 2742 5290 Dionys.
2773 5233 2874 5274 nec
2900 5217 3024 5274 Isid.
3051 5215 3166 5270 Vid.
3197 5225 3330 5267 conc
3358 5209 3534 5280 Epau-

2094 5332 2107 5345 .
2139 5307 2187 5345 c.
2295 5330 2309 5344 .
3437 5344 3442 5345 γ

1955 5306 2107 5348 nens.
2139 5307 2187 5347 θ.
2221 5306 2284 5347 δι
2295 5330 2309 5344 .

2032 5344 2282 5430 rimari);
2329 5359 2451 5416 Isid.
2479 5374 2586 5416 non
2633 5359 2928 5429 distinguit.
2976 5369 3006 5408 a
3056 5347 3398 5423 praecedenti.
3423 5344 3530 5402 Sed

1957 5431 2052 5488 Gr.
2085 5441 2141 5502 et
2171 5431 2390 5502 Dionys.

2028 5501 2282 5572 InInterp.
2302 5494 2406 5572 [nec
2430 5500 2649 5570 Dionys.
2677 5511 2775 5552 nec
2804 5494 2928 5549 Isid.

2031 5582 2056 5610 ιι
2089 5570 2254 5626 (Ξοηᾲ
2285 5570 2429 5625 Arci.
2455 5587 2513 5625 ιι.

2034 5649 2059 5677 ο
2093 5641 2176 5696 Ad
2206 5641 2446 5697 Nicetam
2469 5653 2702 5708 episcop.
2733 5631 3150 5706 Aquileiensem.
