3924 6180
382 266 519 322 1963

377 465 584 538 (ΑΜ).
702 553 882 607 Canon
916 551 1307 621 Africanorum,
1330 566 1438 603 wra
1463 548 1527 602 47
1560 561 1607 601 ι.

444 645 778 701 Dissidentes
804 643 1108 713 episcopos,
1137 642 1184 697 si
1214 655 1321 696 non
1347 641 1507 696 timor
1548 638 1661 704 Dei,
1706 638 1941 708 synodus

374 734 703 792 reconciliet.

997 822 1137 876 Era
1173 822 1244 878 48
1272 822 1301 862 δ

441 916 825 973 Discordantes
857 915 1101 978 clericos,
1134 913 1418 985 episcopus
1447 912 1532 967 vel
1578 909 1805 973 ratione,
1858 909 1943 963 vel

370 1015 638 1078 potestate
661 1006 729 1060 ad
772 1006 1114 1061 concordiam
1146 1005 1327 1058 trahat
1352 1000 1718 1057 inobedientes
1742 1019 1754 1054 :
1782 1015 1944 1071 syno-

372 1102 472 1156 dus
499 1116 598 1173 per
620 1101 899 1156 audaciam
931 1095 1307 1171 [audientiam]
1333 1095 1575 1151 damnet.

986 1188 1126 1243 Era
1159 1186 1230 1243 49
1271 1197 1317 1240 ο.

440 1282 752 1339 Oblationes
773 1280 1146 1336 dissidentium
1174 1277 1422 1341 fratrum,
1453 1289 1628 1344 neque
1675 1274 1727 1328 in
1755 1288 1939 1330 sacra-

369 1374 452 1429 rio
472 1388 645 1442 neque
671 1372 723 1426 in
754 1369 1121 1443 gazophilacio
1146 1366 1495 1436 recipiantur.
1550 1393 1569 1412 .

714 1462 898 1517 Canon
928 1459 1267 1521 Arelatensis,
1297 1473 1405 1511 (era
1441 1455 1511 1511 80
1537 1454 1586 1508 δ.

1199 257 1518 316 CANONES
1556 254 1834 314 SELECTI
1876 252 1968 308 EX
2010 253 2165 310 VET.
2208 251 2363 311 CAN.
2405 251 2740 310 COLLEC'I'.

377 373 647 445 pensanda
674 380 777 429 est.
804 368 916 425 sive
954 371 1056 424 hoc
1086 365 1258 423 fames
1281 365 1590 432 extorserit,
1623 366 1735 421 sive
1762 373 1939 420 terror
1967 366 2018 422 Α

3465 250 3621 310 ωσι

2427 362 2609 419 Canon
2638 364 2985 435 Epaunensis,
3035 379 3143 418 (era
3168 361 3224 421 8.

2114 452 2372 523 Mancipia
2401 455 2680 508 monachis
2701 453 2825 508 data
2858 453 2927 507 ab
2949 454 3143 510 abbate
3178 468 3284 509 non
3310 452 3475 510 liceat
3494 470 3621 510 ma-

2042 542 2275 596 numitti.
2323 540 2584 613 lnjustum
2631 550 2917 611 putamus,
2969 551 3028 595 ut
3078 543 3358 598 monachis
3410 543 3620 597 ruralia

2041 646 2204 700 opera
2234 630 2625 704 [quotidianum
2669 632 2848 687 rurale
2899 630 3055 702 opus]
3100 633 3440 700 facientibus,
3470 635 3623 688 servi

2041 732 2227 774 eorum
2253 720 2522 777 libertatis
2551 721 2664 776 otio
2685 723 2977 791 potiantur.

2313 809 2495 866 Conon
2523 810 2855 881 Agathensis,
2887 828 2997 867 tera
3022 806 3056 868 6
3079 807 3235 886 [Can.
3268 812 3343 886 7].

2110 902 2256 968 Quos
2284 902 2350 957 de
2376 902 2548 957 servis
2591 901 2836 957 ecclesiae
2884 901 3041 976 (Var.
3067 915 3115 959 et
3137 906 3289 976 add.)
3334 902 3625 978 episcopus

2041 988 2278 1045 libertati
2329 992 2556 1057 dederit,
2595 1007 2628 1046 a
2678 993 3081 1049 successoribus
3106 990 3309 1063 placuit
3353 991 3622 1052 custodiri

2041 1094 2164 1133 cum
2192 1080 2294 1135 hoc
2316 1079 2460 1150 quod
2479 1081 2558 1135 eis
2577 1081 2938 1137 manumissor
2957 1082 3012 1136 in
3037 1080 3286 1137 libertate
3306 1081 3618 1138 cnntnlerit.

2041 1168 2196 1237 Quod
2214 1176 2391 1225 tamen
2407 1167 2658 1239 iubemus
2678 1168 2748 1224 20
2761 1171 3054 1226 solidorum
3078 1170 3387 1243 [numerum
3401 1172 3480 1246 et]
3504 1186 3622 1229 mo-

2040 1259 2168 1315 dum
2198 1261 2253 1314 in
2294 1261 2475 1325 terris,
2500 1261 2581 1315 vel
2606 1261 2798 1326 vineis,
2844 1261 2929 1317 vel
2954 1260 3243 1332 hospitiolo
3270 1269 3477 1328 tenere,
3508 1279 3622 1317 non

2041 1350 2303 1422 amplius;
2338 1350 2499 1423 (Add.
2528 1361 2577 1406 et
2598 1352 2735 1424 var.)
2764 1351 2889 1422 quia
2932 1352 3265 1407 minusculas
3293 1368 3383 1408 res
3411 1360 3505 1406 aut
3528 1368 3622 1407 ec-

2039 1440 2218 1498 clesia:
2263 1442 2442 1497 minus
2495 1442 2679 1507 utiles,
2729 1441 3029 1514 peregrinis
3075 1438 3163 1497 vel
3203 1442 3435 1508 clericis,
3464 1439 3621 1498 salvo

439 1557 506 1611 Ili
537 1555 626 1625 qui
653 1553 884 1626 publicis
911 1553 1128 1607 interse
1156 1550 1296 1604 odiis
1335 1548 1712 1609 exardescunt,
1745 1547 1814 1601 ab
1853 1560 1943 1602 ec-

2062 1543 2157 1584 ure
2180 1529 2436 1595 ecclesiae,
2470 1530 2525 1584 in
2550 1546 2711 1586 usum
2749 1532 2989 1600 praestari
3017 1531 3398 1601 permittimus.

369 1646 533 1701 clesia
589 1649 970 1700 removeantur
1015 1638 1120 1712 [ab
1164 1637 1540 1694 ecclesiasticis
1589 1636 1940 1692 conventibus

370 1733 722 1806 removendi],
751 1733 924 1788 donec
947 1731 1015 1786 ad
1042 1744 1230 1800 pacem
1268 1728 1491 1784 redeant
1516 1726 1862 1799 [recurrant].

754 1822 936 1879 Conon
969 1821 1295 1893 Agathensis,
1324 1836 1432 1875 tera
1462 1818 1550 1873 50.

438 1917 754 1986 Quicunque
781 1915 924 1979 odio,
944 1921 1038 1968 aut
1054 1911 1346 1982 longinqua
1365 1908 1508 1963 inter
1536 1923 1596 1963 se
1621 1908 1715 1964 lite
1733 1909 1944 1964 dissen-

369 2009 541 2065 serint
589 2006 799 2080 (Adet),
832 2020 863 2060 a
907 2001 1283 2060 sacerdotibus
1309 2007 1621 2070 arguantur.
1672 1996 1831 2067 (Add.
1890 2008 1940 2053 et

369 2099 505 2173 var.)
551 2099 620 2155 Et
665 2098 712 2153 si
758 2095 1050 2153 emendare
1095 2091 1392 2159 noluerint,
1413 2090 1792 2146 communione
1825 2090 1939 2159 pel-

367 2192 562 2247 lantur.

666 2279 851 2335 Canon
873 2275 1319 2348 Carthaginensis,
1341 2290 1451 2329 tera
1485 2272 1553 2328 79
1578 2283 1623 2326 ο.

435 2374 637 2430 Eorum
663 2372 823 2437 dona,
853 2370 945 2442 qui
986 2382 1252 2441 pauperes
1276 2365 1605 2439 opprimunt,
1633 2376 1665 2418 a
1692 2361 1942 2418 sacerdo-

369 2465 511 2521 tibus
529 2461 832 2520 refutanda.

946 2550 1173 2607 CAPUT
1200 2549 1355 2606 LVII.

956 2658 1023 2697 υε
1060 2655 1353 2697 ΕΧΡΟΒΠῚΒ.

683 2733 865 2790 Canon
893 2732 1302 2795 Aurelianensis,
1342 2746 1452 2785 trra
1476 2729 1539 2785 3i
1576 2727 1618 2781 ί.

441 2828 499 2884 Si
552 2827 829 2897 expositus
880 2831 1006 2879 ante
1035 2822 1323 2879 ecclesiam
1367 2819 1732 2889 cujuscunque
1776 2816 1943 2873 fuerit

370 2919 714 2976 miseratione
726 2916 1004 2979 collectus,
1025 2911 1432 2969 contestationis
1450 2918 1616 2982 ponat
1633 2908 1936 2980 epistolam.

2330 1617 2513 1673 Canon
2532 1618 2923 1674 Aurelianensis
2951 1636 3017 1684 ιι,
3052 1619 3066 1669 i
3115 1637 3225 1674 wra
3243 1621 3330 1676 52.

1970 1694 2019 1757 Β
2111 1708 2334 1766 Cineres
2364 1706 2520 1781 (Var.
2566 1718 2614 1763 et
2637 1709 2789 1780 add.)
2816 1725 2945 1765 vero
2971 1705 3135 1775 servi,
3162 1725 3257 1765 seu
3286 1719 3341 1766 et
3386 1713 3623 1780 posteri—

2037 1806 2123 1855 tas
2153 1815 2341 1854 eorum
2369 1798 2423 1853 in
2449 1797 2591 1859 loco.
2622 1794 2675 1853 in
2701 1814 2808 1869 quo
2837 1809 3027 1855 auctor
3054 1816 3242 1855 eorum
3266 1800 3291 1841 κ
3318 1802 3623 1872 depositus,

2042 1891 2096 1946 in
2121 1906 2186 1945 ea
2218 1906 2338 1961 qua:
2368 1888 2659 1945 constituta
2686 1899 2769 1946 est
2813 1907 2844 1946 a
2871 1888 3138 1948 defunctis
3167 1893 3343 1950 studio
3367 1897 3629 1952 sacerdo-

2040 1983 2112 2038 tis
2140 1982 2448 2039 conditione
2473 1991 2844 2051 permaneant.
2872 1983 2967 2039 Ille
3000 1983 3118 2056 [Cui
3145 1994 3410 2056 praecepto
3428 1988 3477 2043 si
3497 1991 3627 2058 quis

2039 2068 2377 2127 saecularium
2406 2071 2656 2126 humana:
2691 2072 3000 2141 cupiditatis
3047 2073 3300 2146 impulsu]
3350 2089 3485 2130 vero
3525 2074 3623 2145 qui

2039 2160 2144 2215 hoc
2175 2161 2463 2217 crediderit
2515 2163 2861 2228 obviaudum,
2910 2161 3093 2235 (Van)
3137 2180 3309 2235 usque
3335 2166 3405 2221 ad
3428 2177 3625 2222 veram

2038 2251 2467 2307 emendationem
2494 2252 2563 2308 ab
2590 2253 2816 2308 ecclesia
2849 2254 3222 2324 suspendatur.

2337 2338 2521 2395 Conon
2548 2341 2938 2398 Aurelianensis
2965 2359 3020 2399 1v
3038 2384 3054 2409 ,
3084 2361 3193 2399 tera
3212 2343 3247 2400 6
3275 2340 3316 2399 ‘.

2114 2432 2433 2503 Quicunque
2459 2433 2638 2488 liberti
2669 2432 2797 2489 facti
2841 2443 2985 2501 sunt,
3027 2434 3186 2506 (Var.
3217 2446 3267 2492 et
3294 2436 3445 2509 add.)
3496 2437 3544 2492 si
3588 2454 3625 2491 a

2042 2538 2365 2595 quocunque
2408 2524 2606 2595 pulsati
2634 2523 2855 2591 fuerint,
2903 2527 2971 2583 ab
2995 2527 3224 2583 ecclesia
3266 2527 3629 2583 defendant!"

2040 2621 2236 2684 praeter
2261 2629 2355 2669 eas
2401 2614 2608 2685 culpas,
2639 2617 2834 2685 quibus
2862 2616 3009 2688 leges
3035 2618 3290 2674 collatam
3316 2621 3492 2679 servis
3534 2637 3627 2676 re-

2042 2720 2237 2761 vocare
2260 2705 2540 2776 jusserunt
2563 2706 2885 2762 libertatem.

2392 2792 2575 2849 Conon
2602 2794 2920 2851 Arelatensis
2938 2808 3004 2861 ιιι,
3034 2813 3143 2852 (ει-α
3167 2797 3257 2853 54.

2114 2883 2173 2940 Si
2200 2885 2324 2956 quis
2344 2885 2397 2941 in
2427 2886 2655 2942 ecclesia
2682 2886 3073 2942 manumissum
3103 2887 3392 2943 crediderit
3436 2889 3630 2959 ingra-

371 3013 435 3068 Et
462 3015 507 3068 si
536 3013 583 3068 is
611 3011 701 3083 qui
726 2978 1109 3073 collectusiest,
1159 3005 1302 3060 intra
1331 2978 1516 3059 decem
1545 2978 1943 3095 dies—quaesitus
1969 3032 2016 3095 ο
2043 2978 2553 3095 ξξξξξιξωῇἔξείηξ-ἶεί
2572 2978 3421 3095 ’ἓξξξοῃ]ωξξνξ)ξξξ¹ίξιξξέὲιῗῖ

370 3104 688 3174 agnitusque
717 3117 823 3156 non
847 3099 1026 3162 fuerit,
1069 3111 1291 3154 securus
1320 3094 1520 3150 habeat
1564 3092 1658 3163 qui
1701 3092 1938 3163 collegit.

373 3197 398 3235 ⁸
420 3193 479 3250 Si
505 3208 633 3249 vero
656 3199 778 3264 post
802 3189 1117 3262 prmdictum
1141 3195 1352 3256 tempus
1371 3183 1565 3255 aliquis
1585 3181 1945 3238 calumniator

370 3285 655 3351 exstiterit,
683 3292 742 3339 ut
760 3281 1029 3339 homicida
1050 3277 1341 3348 iudicetur.

929 3387 1154 3446 CAPUT
1191 3385 1368 3443 LVIII.

976 3517 1042 3556 DE
1070 3517 1119 3555 LI
1128 3514 1336 3555 BEB'I'IS.

759 3612 942 3667 Conon
980 3609 1281 3673 Toletanus,
1305 3624 1415 3663 aera
1443 3607 1474 3660 7
1502 3609 1553 3661 ιι.

440 3704 663 3768 Liberti,
687 3703 781 3772 qui
797 3717 865 3757 ex
892 3699 1175 3768 mancipiis
1200 3697 1441 3753 ecclesiae
1476 3696 1545 3751 ab
1572 3697 1824 3767 episcopo
1866 3694 1946 3749 fa-

371 3796 444 3851 cti
470 3802 615 3858 sunt,
647 3791 806 3864 (Add.
829 3780 890 3844 et
932 3788 1068 3856 var.)
1108 3788 1162 3842 in
1187 3788 1434 3843 libertate
1457 3796 1844 3857 permaneant;
1891 3794 1946 3841 et

373 3894 551 3941 tamen
578 3898 609 3937 a
634 3879 933 3954 patrocinio
961 3877 1216 3933 Ecclesia:
1240 3876 1375 3949 [tam
1417 3877 1541 3946 ipsi,
1580 3891 1746 3946 quam
1770 3876 1838 3930 ab
1865 3875 1947 3930 eis

371 3975 656 4049 progeniti]
688 3990 793 4030 non
814 3973 1085 4029 recedant.
1113 3972 1196 4027 Ah
1222 3971 1344 4026 aliis
1363 3986 1577 4041 quoque
1602 3971 1781 4026 liberti
1830 3979 1944 4025 tra-

371 4071 467 4125 diti
507 4067 775 4133 ecclesiis,
796 4065 881 4122 vel
909 4062 1293 4130 commendati,
1333 4063 1634 4133 patrocinio
1658 4062 1944 4132 episcopali

371 4168 627 4232 regantur
649 4156 856 4230 (Adii).

549 4250 733 4307 Conon
777 4248 1175 4321 Agathenensis,
1215 4262 1325 4301 arra
1358 4245 1423 4299 27
1452 4243 1607 4316 [Cum
1653 4242 1766 4315 29].
1886 4293 1890 4298 .

442 4343 690 4399 Libertos
726 4341 966 4412 legitime
1012 4338 1186 4394 factos
1229 4335 1310 4409 [Si
1357 4335 1654 4391 necessitas
1683 4332 1943 4406 exegerit]

372 4433 613 4490 Ecclesia
660 4439 894 4487 tueatur.
925 4429 1081 4497 Quod
1130 4425 1322 4499 [Quos]
1351 4427 1396 4481 si
1420 4426 1542 4496 quis
1569 4432 1696 4479 ante
1723 4424 1946 4480 audien-

373 4527 503 4583 tiam
546 4538 640 4580 eos
670 4521 807 4595 [aut]
834 4519 1157 4592 pervadere,
1186 4525 1281 4572 aut
1332 4515 1634 4587 exspoliare
1685 4529 1947 4585 praesum-

370 4617 557 4692 pserit,
587 4615 656 4671 ab
676 4613 904 4671 ecclesia
928 4609 1244 4692 repellatur.

728 4702 912 4758 Conon
931 4700 1327 4764 Aurasicorum,
1351 4713 1460 4753 ara
1483 4696 1517 4752 6
1544 4700 1587 4752 ί.

2045 3072 2222 3137 liceat,
2254 3072 2359 3128 nisi
2407 3087 2531 3128 eum
2571 3071 2736 3143 gestis
2763 3071 2905 3142 apud
2942 3079 3066 3127 acta
3095 3073 3427 3144 municipum
3468 3090 3629 3130 reum

2044 3179 2182 3221 esse.
2420 3233 2603 3291 Conon
2632 3234 3021 3307 Lugdunensis,
3050 3252 3160 3290 cera
3188 3235 3240 3290 7.

2115 3332 2432 3402 Quicunque
2458 3339 2649 3388 contra
2682 3332 2908 3388 libertos
2935 3330 3190 3387 Ecclesia:
3217 3332 3630 3388 commendatos

2046 3424 2311 3479 actionem
2337 3424 2521 3489 habet,
2543 3438 2650 3479 non
2679 3422 2875 3479 audeat
2900 3423 3235 3494 magistratui
3266 3438 3363 3480 eos
3388 3424 3632 3490 tradere,

2045 3513 2140 3568 sed
2160 3512 2215 3567 in
2235 3512 2472 3583 episcopi
2487 3511 2713 3581 judicio,
2734 3527 2854 3582 quae
2880 3520 3007 3567 sunt
3031 3512 3278 3568 veritatis
3296 3515 3627 3570 audiantur:

2045 3603 2170 3671 quia
2189 3601 2398 3670 justum
2422 3610 2524 3669 est,
2549 3609 2609 3656 ut
2654 3611 2843 3658 contra
2871 3602 3323 3659 calumniatorum
3348 3606 3630 3660 versutia

2046 3692 2423 3759 defendantur,
2470 3694 2563 3763 qui
2612 3692 2935 3749 immortalis
2977 3692 3221 3749 ecclesia:
3266 3695 3631 3763 patrocinium

2045 3781 2475 3852 concupiscunt:
2507 3790 2562 3837 et
2588 3783 2680 3853 qui
2708 3783 2834 3848 hoc,
2881 3784 3026 3854 quod
3066 3799 3100 3837 a
3143 3783 3300 3838 nobis
3347 3782 3633 3839 decretum

2046 3879 2150 3937 est,
2180 3872 2534 3942 prtevaricare
2561 3873 2871 3938 tentaverit,
2901 3872 3239 3944 irreparabili
3264 3872 3632 3928 damnationis

2050 3964 2165 4018 sine
2183 3963 2452 4017 sententia
2471 3961 2716 4017 feriatur.

2290 4070 2355 4108 DE
2378 4070 2463 4109 IIIS
2490 4070 2577 4117 QUI
2611 4071 2678 4108 Αι)
2705 4070 2994 4110 εοειεδιλι
3024 4070 3381 4110 οοκπῦθιιηιτ.

2385 4143 2567 4200 Conon
2594 4146 2987 4202 Aurelianensis
3012 4158 3065 4214 ιι,
3095 4164 3205 4202 (ενα
3236 4148 3287 4201 l.

2119 4237 2433 4305 Homicida,
2465 4237 2714 4304 adulteri,
2737 4236 2903 4303 fures,
2931 4238 2977 4293 si
3015 4237 3083 4293 ad
3102 4238 3390 4294 ecclesiam
3439 4236 3632 4293 confu-

2050 4327 2251 4396 gerint,
2270 4324 2457 4398 (ναν.)
2475 4323 2628 4394 juxta
2652 4327 2865 4396 priores
2891 4341 3128 4381 canones
3146 4334 3202 4381 et
3221 4326 3368 4396 quod
3392 4326 3480 4382 lex
3520 4326 3631 4381 Bo-

2048 4432 2207 4472 mana
2259 4416 2541 4472 constituit
2578 4415 2898 4487 observetur
2919 4456 2935 4481 ,
2966 4423 3027 4469 ut
3068 4415 3138 4471 ab
3181 4415 3429 4471 ecclesia:
3475 4416 3631 4471 atriis

2046 4508 2132 4562 vel
2171 4508 2332 4563 domo
2367 4506 2601 4577 episcopi
2646 4520 2754 4561 non
2784 4506 3104 4572 trahantur;
3142 4505 3240 4561 sed
3266 4506 3320 4561 in
3349 4506 3630 4578 evangelia

2050 4596 2174 4670 [nec
2209 4595 2366 4651 aliter
2390 4596 2717 4666 consignari,
2761 4596 2867 4651 nisi
2897 4596 2966 4651 ad
3011 4594 3312 4669 evangelia]
3342 4597 3491 4654 datis
3542 4614 3632 4653 sa—

2047 4682 2361 4749 cramentis,
2402 4682 2470 4739 de
2502 4691 2698 4747 morte,
2727 4683 2795 4740 de
2840 4683 3118 4740 debilitate
3158 4692 3216 4738 et
3239 4684 3308 4740 de
3335 4686 3487 4742 onmi
3513 4701 3631 4758 pte-

442 4798 503 4853 ln
530 4796 756 4853 ecclesia
778 4793 1158 4858 manumissos,
1200 4790 1286 4847 vel
1326 4805 1423 4861 per
1450 4798 1834 4846 testamentum
1859 4803 1950 4844 ec-
2047 4790 2242 4830 ﬂamm
2279 4788 2477 4846 Βεηθΐθ
2527 4775 2638 4830 Si!"
2677 4775 2855 4832 Securi
2892 4793 2907 4829 ε
2937 4775 3012 4830 ita
3063 4783 3125 4830 ιιι
3168 4776 3255 4831 cui
3295 4791 3427 4833 rens
3469 4777 3631 4834 fuerit

375 4888 556 4946 clesia:
583 4886 1003 4948 commendatos,
1034 4884 1080 4939 si
1106 4884 1228 4953 quis
1270 4883 1324 4938 in
1353 4882 1669 4938 servitutem
1688 4881 1772 4938 vel
1794 4881 1949 4937 obse—

2048 4865 2373 4922 criminosus
2399 4905 2415 4932 ,
2466 4865 2534 4921 de
2583 4864 2951 4922 satisfactione
3003 4866 3308 4922 conveniat.
3378 4867 3536 4935 Quod
3580 4869 3628 4924 si

377 4979 586 5050 quium,
632 4975 718 5030 vel
763 4975 832 5029 ad
864 4973 1192 5031 colonariam
1236 4972 1596 5028 conditionem
1641 4971 1950 5042 imprimere

2055 4964 2391 5014 sacramenta
2415 4971 2513 5012 sua
2538 4957 2660 5027 quis
2677 4956 2961 5012 violaverit
2989 4954 3132 5029 [quis
3162 4956 3448 5012 convictus
3471 4956 3629 5013 fuerit

376 5064 684 5132 tentaverit,
715 5062 1178 5119 animadversione
1219 5061 1586 5119 ecclesiastica
1612 5068 1945 5118 coerceatur.

449 5252 477 5283 ι
509 5238 586 5295 Id.
613 5238 667 5293 in
696 5237 815 5293 cod.
844 5232 1002 5290 Barb.
1028 5231 1191 5288 Conc.
1218 5249 1272 5287 iv
1296 5231 1480 5288 Carth.
1511 5248 1562 5288 c.
1588 5232 1677 5288 25.

448 5311 479 5352 ιι
508 5309 585 5366 Id.
611 5309 666 5364 in
697 5308 816 5363 cod.
846 5306 1002 5360 Barb.
1030 5302 1192 5357 Conc.
1224 5302 1478 5371 Carthag.
1506 5319 1554 5358 c.
1578 5303 1665 5358 59.

451 5393 476 5421 ε
501 5379 557 5435 Id
587 5380 640 5434 in
669 5379 787 5434 cod.
828 5376 988 5430 Barb.
1029 5372 1115 5429 69.
1141 5371 1345 5428 Concil.
1376 5367 1631 5442 carthag.
1660 5386 1710 5426 c.
1732 5367 1821 5426 99.

450 5450 477 5490 ά
505 5448 667 5506 Cone.
695 5446 840 5503 Arel.
871 5461 935 5507 ιι.
957 5460 1004 5501 c.
1037 5444 1125 5498 50.

457 5533 480 5560 ε
509 5518 566 5573 ιιι
591 5519 710 5573 cod.
736 5516 896 5572 Bard.
929 5516 1001 5570 id.
1039 5512 1203 5569 Cone.
1235 5526 1308 5568 IV.
1352 5510 1538 5567 Carth.
1570 5527 1618 5567 c.
1650 5509 1738 5567 94.

461 5590 479 5625 τ
511 5586 672 5641 Conc.
697 5586 842 5643 Arel.
866 5601 927 5651 ιι,
956 5600 1006 5640 c.
1029 5583 1117 5638 5|.

462 5656 488 5693 ⁸
516 5655 632 5709 Vid.
665 5670 817 5711 conc.
847 5654 1083 5710 Vasense
1108 5670 1148 5721 ι,
1173 5668 1221 5709 c.
1255 5652 1341 5708 lo.

2049 5049 2454 5121 violasse,jreus
2472 5047 2745 5122 periurii],
2773 5046 2936 5122 (Add.
2971 5058 3021 5104 et
3051 5047 3191 5120 var.)
3215 5048 3284 5104 ab
3310 5049 3461 5105 omni
3482 5047 3627 5105 Chri-

2125 5231 2152 5271 ιι
2178 5229 2342 5285 Coac.
2371 5228 2540 5284 Tolet.
2570 5244 2655 5294 ιιι,
2678 5243 2726 5284 c.
2752 5227 2804 5282 6.

2130 5302 2145 5340 ί
2172 5300 2337 5355 Conc.
2373 5299 2618 5354 Arausic.
2651 5315 2690 5364 ι,
2721 5313 2769 5354 c.
2795 5298 2845 5352 7.

2127 5367 2141 5417 ἱ
2190 5367 2353 5423 Conc.
2384 5368 2565 5422 Aurel.
2591 5384 2665 5423 IV.

2127 5439 2154 5477 ι
2177 5439 2305 5493 Var.
2336 5438 2456 5494 Vid.
2488 5446 2601 5493 not.
2632 5437 2734 5492 vir.
2774 5438 2842 5493 cl.
2871 5436 2920 5494 ι.
2955 5436 3117 5493 Sirm.

2133 5507 2151 5547 ι
2179 5507 2343 5562 Cone.
2370 5507 2553 5561 Aurel.
2582 5525 2636 5568 v.
2665 5524 2713 5562 c.
2741 5506 2792 5562 7.

2126 5590 2167 5618 ιη
2187 5576 2351 5633 Cone.
2375 5578 2519 5631 Arci.
2546 5594 2606 5632 ιι.

2126 5658 2152 5685 η
2177 5645 2323 5704 Cone
2347 5648 2529 5702 Aurel.
2568 5661 2603 5699 ι.
