3928 6178
264 293 410 353 1063

1120 291 1438 350 CANONES
1476 290 1764 350 SELECTI
1800 291 1896 346 ει
1938 291 2092 347 VET.
2135 291 2292 348 CAN.
2333 293 2668 353 COLLEC'I'.

260 409 570 466 stianorum
598 405 848 463 convivio
873 416 928 462 et
954 407 1329 466 communione
1361 418 1657 480 separetur.
1691 405 1846 478 Quod
1869 409 1916 468 Α
1945 419 2067 460 cum
2093 421 2156 461 ea
2181 422 2300 476 quae
2327 408 2582 478 Apostolo
2604 414 2948 483 permittente
2975 430 3074 472 nos
3100 415 3395 487 sumimus,
3441 420 3515 475 ah

259 498 311 553 si
358 512 479 552 reus
508 500 574 553 de
600 496 825 553 ecclesia
855 495 1052 566 fugerit
1073 538 1088 556 .
1131 498 1197 553 ab
1227 498 1468 556 ecclesiae
1493 499 1706 556 clericis
1731 515 1839 554 non

259 597 556 660 quzeratur.

915 679 1110 738 £3133
1139 693 1186 735 ⁸.

336 774 394 831 Si
428 789 560 829 vero
584 789 682 845 pro
713 788 870 829 servo
911 781 1249 828 sacramento
1278 772 1457 844 (Mult.
1495 777 1628 847 var.)
1658 792 1687 831 a
1733 777 1837 833 Do-

256 864 409 920 mino
433 865 560 920 dato
586 864 652 918 de
678 864 1018 934 impunitate,
1059 864 1210 918 exire
1236 864 1496 931 noluerit,
1513 865 1670 920 liceat
1711 880 1833 922 eum

253 967 285 1007 a
319 951 548 1008 Domino
571 953 843 1022 occupari.

642 1041 822 1098 Canon
853 1045 1204 1115 Epauneusis,
1225 1065 1332 1102 aera
1355 1049 1442 1103 '59.

327 1134 385 1190 Si
414 1149 604 1192 servus
634 1144 786 1190 reatu
832 1136 1050 1191 atrocia:
1087 1136 1400 1210 [atrociore]
1436 1139 1717 1210 culpabilis
1765 1144 1832 1198 ad

249 1227 542 1283 ecclesiam
573 1226 892 1298 confugerit,
937 1243 968 1282 a
993 1230 1364 1298 corporalibus
1391 1239 1600 1287 tantum
1631 1235 1832 1306 suppli-

249 1320 353 1373 ciis
408 1326 712 1374 excusatur.
765 1317 842 1373 De
887 1319 1094 1389 capillis
1122 1320 1150 1358 Β
1179 1337 1332 1387 vero,
1382 1323 1466 1377 vel
1510 1339 1831 1396 quocunque

246 1426 415 1480 opere
434 1426 466 1465 a
496 1411 712 1466 domino
737 1411 938 1479 placuit
966 1410 1334 1480 juramentum
1371 1430 1475 1469 non
1505 1417 1665 1480 exigi.

566 1498 755 1555 Canon
785 1502 1198 1570 Aurelianensis,
1227 1520 1334 1558 tera
1360 1506 1429 1561 39
1461 1517 1506 1561 ε.

318 1590 428 1644 Eos
455 1590 546 1660 qui
567 1589 634 1644 ad
664 1590 948 1645 ecclesiam
976 1592 1335 1664 confugerint,
1365 1597 1510 1653 tradi
1534 1611 1642 1653 non
1670 1613 1831 1669 opor—

245 1688 364 1736 tere
394 1701 406 1734 :
444 1680 540 1736 sed
568 1681 669 1736 loci
702 1681 884 1754 (Var.)
915 1685 1215 1739 reverentia
1241 1695 1298 1740 et
1326 1687 1708 1747 intercessione
1733 1693 1826 1747 de-

243 1771 412 1828 tendi.
441 1773 468 1813 ἆ
499 1773 556 1828 Si
581 1750 910 1844 quis‘autem
937 1775 1200 1846 mancipia
1233 1777 1555 1835 clericorum
1581 1797 1680 1851 pro
1710 1785 1822 1840 suis
1857 1750 1901 1809 Β

242 1864 530 1932 mancipiis
557 1865 622 1920 ad
648 1865 931 1920 ecclesiam
961 1864 1391 1936 confugientibus
1416 1871 1711 1926 crediderit
1731 1889 1821 1928 oc-

241 1955 508 2022 cupanda,
543 1953 663 2026 [per
688 1971 877 2011 omnes
910 1957 1188 2030 ecclesias]
1237 1959 1634 2016 districtissima
1666 1963 1818 2017 dam-

239 2049 462 2101 natione
487 2048 728 2104 feriatur.

827 2141 1055 2198 CAPUT
1092 2142 1226 2198 LIX.

879 2251 942 2288 DE
971 2251 1184 2291 JUDEIS.

535 2422 542 2430 .
591 2339 774 2398 Ca'nou
799 2342 1158 2411 Laodicensis,
1193 2363 1302 2402 tera
1333 2348 1405 2404 59
1433 2360 1478 2403 ο.

315 2449 337 2486 ῐ
384 2449 449 2504 lli
485 2452 575 2520 qui
618 2451 911 2510 Christiani
942 2455 1070 2512 lacti
1096 2468 1222 2514 sunt
1248 2475 1314 2515 ex
1340 2458 1563 2527 Jirdaeis,
1591 2466 1638 2520 si
1671 2476 1815 2535 post-

232 2541 455 2597 modum
487 2545 688 2601 inventi
715 2548 1160 2620 suntjudaizare,
1187 2555 1272 2610 vel
1299 2558 1661 2625 sabbatizare,
1692 2577 1815 2620 ana-

232 2634 415 2690 literne
447 2638 558 2692 sint
583 2655 614 2692 a
636 2639 873 2697 Christo.

605 2726 788 2784 Conon
817 2730 1145 2801 Haticensis,
1169 2753 1277 2791 (era
1307 2737 1374 2794 l6
1403 2742 1447 2794 ε.

297 2813 382 2870 Ne
410 2814 921 2878 JudaeiChristianis
950 2821 1204 2899 [populis]
1226 2826 1438 2896 iudices
1466 2832 1812 2902 deputentur,

225 2913 324 2960 aut
347 2906 627 2974 telouarii;
651 2910 810 2981 (Add.
831 2923 880 2968 et
902 2915 1038 2988 oar.)
1059 2933 1128 2972 ne
1147 2918 1460 2986 Christiani,
1483 2926 1625 2994 quod

223 2999 306 3054 eis
337 2999 626 3057 videantur
649 3017 772 3059 esse
798 3004 1044 3074 subjecti.

899 3096 1020 3153 Era
1052 3099 1137 3154 15.
1191 3117 1196 3120 ·

292 3180 488 3238 Nullus
511 3183 854 3241 Christianus
882 3185 1191 3247 Iudaeorum
1229 3195 1490 3251 convmis
1517 3198 1806 3271 participet

223 3272 577 3346 [participare
600 3277 934 3352 praesumat].
966 3278 1119 3348 Quod
1143 3282 1301 3356 (Var.
1332 3294 1382 3340 et
1408 3286 1560 3360 add.)
1586 3289 1632 3344 si
1659 3290 1807 3346 fece-

220 3363 316 3429 rit,
347 3364 417 3419 ab
439 3365 588 3420 omni
617 3365 1048 3426 Christianorum
1095 3376 1371 3430 consortio
1413 3388 1697 3449 separetur
1723 3379 1808 3454 [se

218 3455 438 3510 rmverit
471 3459 970 3535 compescendam],
1021 3464 1268 3536 quisquis
1315 3482 1504 3524 eorum
1562 3471 1809 3541 impieta-

220 3546 370 3602 tibus
402 3546 569 3605 fuerit
597 3551 930 3620 inquinatus.

885 3664 1025 3722 Αἶγα
1063 3667 1150 3723 16.

288 3748 484 3842 Nullus
523 3753 865 3814 Christianus
891 3756 1077 3816 Iudaeo
1120 3760 1400 3831 (Quadam
1429 3769 1682 3842 precati.)
1713 3772 1807 3828 de-

221 3841 451 3904 serviat,
478 3843 576 3899 sed
603 3845 744 3902 datis
765 3863 863 3918 pro
889 3849 1132 3920 quolibet
1155 3851 1296 3908 bono
1319 3857 1588 3927 mancipio
1616 3841 1683 3913 η
1710 3877 1802 3916 so-

218 3931 382 4021 lidis,
420 3934 729 4008 quicunque
765 3939 996 3997 voluerit
1020 3941 1363 4002 Chrisﬁanus
1399 3945 1418 4015 (
1430 3944 1584 4019 Var.)
1628 3949 1803 4021 ipsum

218 4019 499 4077 licentiam
543 4022 743 4080 habeat
769 4027 1066 4084 mlimendl
1091 4069 1107 4093 ,
1148 4030 1264 4086 sive
1293 4032 1362 4088 ad
1390 4019 1802 4105 ingenuitatem,

217 4123 314 4164 seu
343 4111 414 4166 ad
453 4114 735 4170 servitium
767 4135 780 4170 :
815 4117 941 4188 quia
976 4118 1131 4176 nefas
1156 4129 1262 4186 est,
1294 4130 1354 4176 ut
1393 4140 1528 4194 quos
1555 4125 1803 4185 Christus

216 4217 316 4257 suo
367 4205 628 4275 sanguine
681 4205 998 4280 [sanguinis
1045 4211 1127 4266 sui
1177 4213 1476 4290 ell'usione]
1532 4219 1798 4287 redemit,

215 4308 627 4367 persecutornm
658 4303 888 4358 vinculis
919 4309 1206 4360 teneantur
1249 4306 1550 4383 [maneant]
1583 4314 1796 4370 irretiti.

213 4387 374 4454 Quod
414 4389 462 4444 si
509 4391 634 4447 huic
683 4394 1030 4464 acquiescere
1075 4395 1293 4453 Judazus
1339 4401 1589 4468 noluerit,
1640 4403 1799 4461 liceat

214 4481 550 4552 mancipium
582 4483 755 4554 ipsum
783 4486 850 4540 ad
881 4485 1218 4543 Christianos
1245 4493 1465 4556 reverti,
1494 4503 1549 4548 et
1580 4496 1800 4552 ubicun-

211 4588 318 4642 que
348 4573 584 4629 voluerit
619 4575 866 4632 habitare
897 4578 945 4631 δ.

600 4685 782 4742 Cano»
820 4689 1148 4760 Agathensis,
1187 4708 1298 4746 arra
1333 4693 1422 4748 40.

279 4793 490 4851 Omnes
531 4796 784 4867 deinceps
813 4797 1108 4855 Christiani
1139 4800 1344 4874 [clerici
1389 4805 1501 4859 sive
1530 4806 1675 4880 laici]
1705 4809 1802 4864 Ju~

209 4881 454 4940 (imorum
488 4887 736 4941 convivia
765 4889 988 4955 evitent,
1020 4893 1147 4962 quia
1175 4907 1298 4947 cum
1325 4892 1464 4963 (Var
1489 4893 1507 4964 )
1541 4895 1613 4950 illi
1642 4897 1800 4953 Chri-

207 4975 404 5031 stianis
447 4977 584 5031 cibis
628 4977 1048 5055 [communibus]
1094 5000 1200 5038 non
1248 4992 1491 5049 utantur,
1519 4987 1799 5058 indignum

207 5076 287 5122 est
312 5075 481 5134 atque
504 5070 825 5140 sacrilegum
845 5087 1031 5128 eorum
1058 5074 1207 5130 cibos
1228 5091 1258 5131 a
1279 5075 1598 5132 Christianis
1623 5079 1797 5145 sumi;

277 5237 303 5264 ι
335 5223 505 5281 Cone.
538 5225 721 5282 Aurel.
749 5245 790 5284 ι.

275 5294 309 5334 ι’
351 5295 490 5350 Vide
513 5306 628 5350 not.
662 5314 711 5354 ν.
737 5299 803 5353 cl.
829 5298 1016 5355 Jacobi
1045 5299 1338 5360 Sirmondi.

278 5365 475 5442 '__Vid.
525 5382 679 5423 conc.
713 5368 958 5425 Arausic.
991 5387 1028 5434 ι,
1072 5386 1120 5427 c.
1170 5372 1238 5428 5:
1291 5387 1444 5430 conc.
1486 5373 1691 5430 Arelat.
1731 5391 1794 5442 ιι,

202 5449 254 5489 θ’
279 5434 453 5590 {mille
482 5505 772 5590 incipituc.
791 5507 824 5563 6
846 5509 975 5590 in_e.
1007 5509 1199 5566 Araus.
1230 5519 1284 5566 et
1315 5527 1363 5568 c.
1397 5511 1468 5569 32
1492 5512 1547 5569 in
1565 5529 1614 5570 c.
1641 5513 1792 5570 Arei.

523 5810 795 5871 Ρηιοι.
843 5811 1070 5876 XCIX.

1892 5623 1896 5626 ἠ
1977 5584 1992 5622 ι
2035 5585 2244 5655 [nam

1942 491 2048 550 illis
2064 493 2373 566 iudicentur
2404 501 2620 574 indigna
2651 501 2993 579 [immunda].

2593 594 2732 650 Era
2767 597 2854 652 34.

2007 674 2174 732 Judaei
2223 677 2475 750 [quorum
2519 684 2746 752 perﬁdia
2789 687 3102 758 frequenter
3138 691 3207 746 ad
3245 693 3505 750 vomitum

1937 766 2098 839 redit]
2143 769 2188 823 si
2219 771 2287 824 ad
2320 772 2492 842 legem
2519 776 2838 833 catholicam
2863 781 3047 836 venire
3075 782 3362 848 voluerint,
3384 799 3511 857 sep-

1935 865 2043 912 tem
2075 857 2240 932 [octo]
2269 865 2543 920 mensibus
2565 866 2705 923 inter
2729 857 3146 929 catechumenos
3173 873 3353 948 (ναν.)
3377 877 3504 932 sint.

1935 949 2003 1002 Et
2031 951 2077 1003 si
2105 967 2290 1020 puram
2330 954 2490 1010 ﬁdem
2517 960 2758 1016 conﬁteri
2804 973 3122 1027 noscuntur,
3170 966 3509 1036 baptismatis

1934 1042 2164 1111 gratiam
2196 1055 2520 1100 mereantur.
2563 1047 2717 1115 Quod
2753 1053 2796 1106 si
2827 1055 3182 1124 periculosam
3217 1057 3505 1112 inﬁrmita-

1933 1140 2042 1186 tem
2091 1133 2234 1188 intra
2285 1139 2658 1208 praescriptum
2696 1151 2904 1213 tempus
2947 1147 3297 1213 incurret-int,
3328 1149 3506 1218 bapti-

1933 1230 2143 1276 rentur.

2275 1312 2457 1370 Canon
2487 1319 2896 1387 Aurelianensis,
2925 1342 3030 1378 trra
3059 1324 3147 1379 30.

1999 1400 2166 1456 Judaei
2195 1418 2225 1456 a
2255 1405 2421 1461 C(ena
2452 1407 2504 1480 [a
2535 1409 2620 1465 die
2651 1411 2853 1485 Cosme]
2887 1415 3095 1469 Domini
3124 1433 3290 1487 usque
3321 1419 3386 1472 ad
3416 1435 3504 1473 sc—

1925 1493 2156 1546 cundam
2196 1495 2405 1550 sabbati
2433 1499 2485 1552 in
2516 1500 2721 1554 Pascha
2753 1501 2880 1573 [hoc
2905 1512 2988 1558 est
3027 1505 3142 1574 ipso
3172 1507 3506 1579 quatriduo],

1929 1585 2223 1652 procedere
2252 1587 2392 1642 inter
2437 1590 2775 1647 Christianos
2821 1611 2925 1648 non
2972 1597 3225 1663 audeant,
3257 1597 3413 1669 (Var.
3460 1609 3506 1653 et

1929 1671 2080 1744 add.)
2130 1690 2229 1730 nec
2259 1679 2620 1748 qualicunque
2649 1684 2935 1738 occasione
2960 1685 3212 1742 faciente.

2287 1768 2469 1823 Canon
2498 1771 2820 1838 Malicensis,
2853 1791 2961 1830 mra
2996 1777 3060 1830 M
3094 1780 3136 1832 ί.

1991 1852 2160 1911 ειυᾱωί
2190 1873 2218 1911 a
2251 1857 2416 1912 Cmua
2450 1859 2662 1916 Domini
2684 1879 2855 1932 usque
2884 1867 2952 1918 ad
2979 1868 3269 1921 secundam
3294 1867 3504 1924 sabbati

1922 1942 1976 1996 in
2005 1943 2211 2000 Pascha
2259 1947 2514 2020 [primum
2554 1951 2807 2025 Pascha],
2842 1953 3026 2026 (Add.)
3062 1971 3162 2025 per
3197 1957 3424 2027 plateas,
3451 1967 3508 2014 et

1921 2032 2069 2088 foros
2106 2036 2482 2093 deambulandi
2513 2039 2727 2095 licentia
2769 2043 3105 2114 denegetur:
3149 2056 3202 2101 et
3242 2055 3303 2100 ut
3353 2063 3504 2102 reve-

1919 2125 2150 2180 rentiam
2194 2130 2402 2182 cunctis
2450 2129 2846 2200 [sacerdotibus
2879 2133 3111 2200 Domini,
3145 2135 3251 2208 vel]
3292 2137 3504 2193 clericis

1919 2213 2246 2283 impendant.
2280 2218 2441 2287 (Add.
2471 2230 2519 2274 et
2545 2221 2682 2294 var.)
2711 2221 2808 2278 Sin
2855 2224 3020 2290 aliud,
3051 2239 3080 2279 a
3107 2227 3378 2298 judicibus
3424 2227 3503 2282 lo-

1919 2317 2122 2368 eorum,
2154 2313 2314 2374 prout
2345 2321 2576 2375 persona
2604 2308 2789 2376 fuerit,
2816 2311 3187 2384 distringatur.

2511 2422 2740 2481 CAPUT
2780 2425 2892 2480 LX.

2188 2526 2250 2564 DE
2293 2528 2538 2570 CLERICIS
2572 2531 2662 2578 QUI
2699 2533 2872 2572 CARNB
2910 2533 3209 2575 ABSTINENT

2285 2598 2470 2657 Canon
2505 2601 2880 2673 Ancyritanus,
2913 2623 3021 2661 mra
3054 2606 3138 2662 i3.

1987 2698 2000 2736 J
2047 2688 2116 2742 lli
2145 2690 2235 2760 qui
2268 2692 2320 2746 in
2351 2693 2494 2750 clero
2536 2703 2684 2762 sunt,
2725 2697 2773 2752 si
2824 2713 2853 2752 a
2904 2699 3160 2755 carnibus
3199 2701 3500 2770 abstinent,

1913 2778 2116 2848 placuit
2144 2797 2238 2838 eas
2265 2785 2480 2854 quidem
2510 2791 2825 2860 contingere
2854 2809 2866 2844 :
2898 2799 2956 2846 et
2987 2793 3085 2859 ita,
3122 2794 3165 2849 si
3209 2794 3498 2862 voluerint,

1912 2872 2208 2929 continere.
2242 2875 2394 2943 Quod
2437 2878 2482 2932 si
2524 2887 2861 2938 tantum-eas
2884 2882 3286 2952 abominantur,
3314 2894 3503 2944 utnec

1750 2929 1762 2940 ,
2109 2927 2119 2928 ,
2169 2927 2183 2929 -
2250 2927 2394 2943 ,νη
2437 2927 2482 2932 --
2528 2927 2735 2935 -_---_-..
2768 2927 2861 2938 ν--
2884 2927 3286 2952 _..................,
3317 2927 3498 2944 -..ων

1647 2927 1808 2994 θδδην
1911 2959 2084 3027 olera,
2132 2977 2252 3032 qua:
2297 2981 2422 3020 cum
2455 2968 2537 3023 eis
2583 2978 2909 3040 coquuntur,
2955 2974 3272 3032 existiment
3315 2992 3498 3034 come-

1911 3050 2107 3116 denda,
2138 3060 2394 3125 tanquam
2416 3072 2524 3112 non
2550 3061 2952 3118 consentientes
2972 3065 3193 3135 regulae,
3222 3067 3288 3122 ab
3309 3068 3500 3124 ordine

1835 3099 1882 3159 Ω
2156 3099 2445 3202 debebunt:

2509 3240 2737 3299 CAPUT
2774 3245 2910 3300 ωιι.

2251 3347 2316 3386 ιιι
2356 3347 2657 3391 ιιιιετιοιε
2690 3352 2760 3391 ΕΤ
2803 3353 3122 3395 θεκτῑιηισε

2326 3443 2508 3500 Canon
2533 3443 2806 3514 Nicasius,
2833 3467 2943 3504 cera
2971 3451 3060 3505 2i.

1982 3551 2008 3590 ιι
2049 3551 2121 3608 Ut
2142 3551 2510 3622 Paulianistze,
2533 3565 2587 3612 et
2617 3558 2707 3628 qui
2737 3569 2868 3616 sunt
2892 3560 3220 3627 Photiniani,
3253 3562 3499 3636 rebapti-

1913 3649 2120 3696 rentur.

2653 3743 2710 3780 ra
2738 3743 2827 3780 zz.

2653 3743 2678 3777 ν
2814 3767 2827 3780 .

1984 3809 2002 3848 ι
2037 3811 2526 3889 Sed'diaconissas,
2558 3721 2812 3888 50:33:.
2840 3819 3060 3892 quidem
3089 3836 3286 3879 manus
3326 3821 3500 3896 impo-

1907 3900 2156 3958 sitionem
2186 3920 2293 3960 non
2324 3907 2616 3977 accipiunt,
2650 3910 2815 3965 etiam
2838 3911 2983 3982 ipsas
3009 3911 3150 3968 inter
3186 3914 3354 3970 laicas
3375 3928 3498 3972 esse

1905 3991 2123 4049 debere.

2258 4085 2442 4143 Camn
2469 4089 2811 4156 Arelatensis,
2851 4109 2962 4146 ara
2991 4091 3023 4148 9
3049 4105 3110 4146 ω.

1977 4173 2034 4231 Si
2064 4175 2132 4231 ad
2163 4177 2447 4233 ecclesiam
2483 4179 2679 4250 aliquis
2709 4181 2775 4235 de
2813 4181 3111 4236 hieresibus
3138 4184 3378 4248 venerit,
3408 4185 3494 4240 ius

1906 4275 2182 4338 terrogent
2222 4285 2344 4325 eum
2398 4271 2738 4340 symbolum;
2785 4281 2838 4326 et
2973 4273 3313 4342 perviderint
3361 4289 3486 4329 eum

1905 4357 1959 4411 in
1986 4359 2224 4423 Patrem,
2267 4369 2320 4414 et
2345 4361 2562 4425 Filium,
2592 4369 2647 4415 et
2674 4361 2937 4430 Spiritum
2975 4371 3222 4419 sanctum
3245 4363 3488 4436 baptiza-

1827 4445 1878 4506 1)
1903 4456 2041 4511 tum,
2074 4464 2266 4503 manus
2295 4451 2344 4505 ei
2376 4459 2584 4505 tantum
2614 4452 2942 4524 imponatur,
2980 4462 3035 4510 et
3064 4454 3294 4525 accipiat
3319 4455 3489 4527 Spiri-

1907 4544 2018 4590 tum
2040 4547 2307 4592 sanctum.
2337 4539 2489 4606 Quod
2513 4540 2555 4594 si
2588 4539 2997 4616 [interrogatus]
3020 4559 3128 4600 non
3152 4545 3490 4615 responderit

1904 4625 2046 4679 hanc
2071 4626 2411 4690 Trinitatem,
2449 4630 2769 4700 haptizetur.

2240 4718 2422 4772 Canon
2452 4719 2848 4789 Africanorum,
2872 4739 2980 4777 ora
3009 4723 3075 4778 16
3103 4734 3151 4778 ιι.

1974 4806 2046 4863 Ut
2067 4808 2353 4879 episcopus
2379 4809 2580 4864 nullum
2611 4810 2897 4880 prohibeat
2921 4813 3132 4885 ingredi
3177 4813 3341 4884 (Edd.
3374 4833 3481 4872 out.

1903 4896 1980 4958 in)
2023 4898 2074 4949 in
2107 4897 2422 4963 ecclesiam,
2455 4907 2511 4953 et
2551 4899 2739 4953 audire
2787 4899 3011 4958 verbum
3055 4903 3169 4968 Dei,
3203 4904 3318 4960 sive
3354 4921 3487 4979 gen-

1902 4991 2070 5056 tilem,
2101 4993 2216 5046 sive
2255 4993 2587 5057 haereticum,
2613 4992 2728 5048 sive
2755 4991 3020 5064 Judreum,
3052 5013 3223 5070 usque
3251 4999 3321 5056 ad
3347 4999 3485 5056 mis-

1901 5096 1990 5136 sas
2017 5082 2548 5138 catechumenorum.

1970 5234 1999 5276 ιι
2027 5235 2162 5290 Add.
2197 5236 2290 5290 sed
2314 5236 2422 5290 nd.
2454 5245 2566 5291 not.
2598 5236 2668 5293 cl.
2699 5235 2748 5293 J.
2778 5237 3071 5296 Sirmondi.

1978 5306 1993 5345 ί
2029 5303 2194 5360 Cone.
2224 5305 2620 5362 Matisconiens.
2655 5325 2693 5362 ι.

1973 5375 1989 5449 _l
2037 5374 2234 5449 Parum
2259 5375 2448 5449 dii[ert_
2471 5378 2541 5449 ab
2566 5378 2760 5449 interp.
2791 5379 3009 5449 Dionys.

1971 5445 1997 5484 ll
2036 5444 2317 5513 lnterpret.
2337 5445 2536 5501 Ruﬁni.
2563 5448 2680 5502 Vid.
2704 5444 2854 5502 conc.
2875 5444 3022 5502 Arei.
3051 5461 3091 5502 ll
3113 5461 3164 5504 c.
3192 5445 3262 5505 16
3283 5453 3470 5506 οιιιοι.

1897 5529 1948 5570 v.
1972 5514 2040 5569 cl.
2069 5513 2118 5569 J.
2151 5515 2428 5571 Sirmondi
2448 5516 2517 5571 ad
2537 5519 2682 5572 hunc
2703 5530 2986 5578 canonem.

2245 5594 2318 5640 et.
2348 5585 2528 5641 Ruﬁn.

1971 5665 2010 5694 ω
2049 5654 2211 5710 Cone.
2239 5655 2445 5712 Arelat.
2473 5671 2511 5719 ι,
2541 5670 2589 5710 c.
2618 5656 2670 5712 8.

1971 5734 1997 5796 ξ
2032 5723 2110 5779 ld.
2144 5725 2200 5786 in
2227 5727 2348 5782 cod.
2379 5739 2532 5781 conc.
2561 5741 2613 5780 ιν
2637 5724 2850 5787 Carth.,
2875 5741 2922 5782 c.
2948 5727 3038 5783 ει.

2952 5819 3029 5880 33
