3924 6180
320 213 460 268 «107i

1196 208 1511 267 CANONIS
1547 205 1830 263 SELECTI
1870 205 1960 261 EX
2002 204 2152 260 ΥΕΤ.
2197 206 2350 261 CAN.
2394 202 2728 262 COLLEC‘I‘.

3461 201 3613 258 ιση

256 332 278 363 \
324 342 433 380 non
467 335 741 396 poterunt,
767 323 874 380 nisi
897 320 1232 395 professione
1258 321 1473 377 ﬁrmata
1520 318 1649 393 [nisi
1698 318 1906 389 profes-
1937 323 1981 379 Α
2013 316 2302 381 sacerdoti,
2335 320 2421 386 qui
2453 334 2551 389 pro
2579 317 2789 373 delictis
2816 316 3186 374 conﬁtentium
3217 324 3270 371 et
3298 313 3467 389 [εοό.
3494 334 3609 374 οι..

328 420 467 473 sioni
495 433 658 488 quam
685 417 867 472 illicite
886 416 1321 487 praetermiserat,
1345 412 1717 482 reformatur].

843 508 917 562 1E
924 524 983 561 ra
1005 506 1074 562 55
1108 505 1250 579 [can.
1283 505 1394 578 56].

396 600 584 654 Nullus
628 599 743 655 sine
775 597 1012 653 remedio
1033 612 1097 651 ac
1127 611 1221 667 spe
1246 596 1369 650 vitae
1393 595 1461 649 ab
1491 592 1732 649 Ecclesia
1746 592 1917 663 repei-

327 692 495 755 latur;
530 688 711 760 (γαν.)
747 689 875 759 quia
905 688 1037 744 nulli
1064 688 1111 744 si
1134 686 1463 759 pmnituerit,
1481 691 1915 746 autcorrexent,

331 786 398 839 ad
428 783 644 838 veniam
670 780 932 836 redeundi
959 779 1138 836 aditus
1162 778 1484 833 obstruitur.
1509 775 1661 844 Quod
1683 775 1729 830 si
1752 773 1911 844 (Adit.

329 885 375 929 et
401 871 537 946 var.)
555 872 798 945 periculo
825 873 1016 928 mortis
1036 871 1355 935 constituto,
1385 877 1627 941 tempora
1649 869 1917 940 poeniten-

336 966 426 1022 tia:
444 963 780 1028 relaxentur,
808 972 862 1018 et
879 971 1101 1033 accepto
1113 962 1311 1017 viatico
1324 959 1689 1023 convalescat,
1715 966 1915 1013 statuta

322 1066 576 1125 tempora
598 1054 932 1125 pmuitentize
953 1052 1332 1108 observentur.

578 1146 790 1202 Statuta
820 1142 1072 1201 Ecclesia.-
1100 1144 1334 1213 antiqua,
1363 1159 1479 1213 cap.
1508 1140 1577 1197 65
1613 1152 1661 1195 ι.

385 1236 555 1292 Omni
588 1243 829 1305 tempore
842 1234 1057 1305 jejunii,
1087 1244 1280 1287 manus
1308 1229 1696 1293 pmuitentibus
1742 1244 1772 1281 ι
1829 1242 1918 1281 sa-

312 1327 639 1384 cerdotibus
662 1326 988 1395 imponatur.

880 1415 1044 1481 Ibid.,
1077 1432 1193 1487 cap.
1228 1414 1296 1471 68
1320 1416 1371 1468 δ.

392 1512 732 1565 Ρωιιὶιθαιεε
772 1508 938 1564 etiam
972 1509 1089 1564 dies
1115 1508 1454 1563 remissionis
1481 1520 1655 1576 genua
1676 1504 1910 1559 ﬂectant.

624 1602 806 1656 Canon
830 1598 1277 1671 Carthaginemis,
1315 1615 1424 1654 atra
1462 1598 1533 1654 9.8
1562 1609 1608 1651 ε.

2019 407 2394 462 confitentium
2413 405 2491 479 et]
2514 409 2888 477 pmniteutium
2915 414 3168 477 precator
3187 406 3427 461 accedat.
3457 402 3619 461 Tunc

2019 501 2163 555 enim
2202 501 2415 555 demum
2457 501 2523 554 ad
2571 502 2944 572 paenitentiam
2982 500 3165 571 plures
3205 507 3460 569 poterunt
3484 514 3612 570 pro-

2019 590 2218 649 vocari,
2256 590 2299 643 si
2335 590 2514 660 pepuli
2542 592 2765 645 auribus
2809 606 2915 645 non
2945 590 3250 662 publicetur
3274 589 3615 646 conscientia

2018 681 2345 735 conﬁtentis.

2373 770 2440 825 In
2462 772 2679 843 epistola
2707 772 3003 827 Innocentii
3023 788 3175 843 ραρω
3203 783 3250 825 ι.

2086 861 2189 929 Qui
2216 873 2338 933 post
2369 864 2694 934 baptismum
2728 863 2876 918 omni
2921 872 3166 933 tempore
3203 862 3618 920 incontinentis

2017 955 2276 1027 voluptati
2317 956 2502 1021 dediti,
2548 968 2791 1011 extremo
2837 954 2989 1029 [fine]
3021 955 3149 1010 vitae
3190 968 3301 1011 sua:
3338 958 3617 1027 panitet:-

2018 1046 2149 1099 tiam
2182 1046 2340 1101 simul
2388 1055 2443 1100 et
2490 1046 2987 1102 reconciliationem
3035 1044 3480 1122 [communionis]
3510 1062 3616 1104 ex-

2018 1147 2262 1208 poscunt.
2293 1140 2453 1211 (Add.
2496 1151 2546 1194 et
2575 1158 2685 1195 var.
2716 1142 2772 1196 in
2804 1142 2951 1213 edd.)
2979 1140 3329 1201 Corisuetudo
3350 1143 3508 1213 prior
3536 1154 3618 1199 te-

2015 1232 2154 1298 nuit,
2187 1240 2246 1286 ut
2268 1232 2656 1289 concederetur
2673 1233 2797 1307 [eis]
2824 1235 3162 1305 pmuitentia,
3184 1235 3278 1292 sed
3299 1238 3617 1292 communio

2016 1331 2325 1393 negaretur.
2348 1324 2482 1378 Nam
2503 1338 2628 1380 cum
2650 1325 2795 1382 illius
2819 1328 3078 1397 temporis
3100 1326 3224 1400 [illis
3251 1326 3615 1406 temporibus]

2017 1412 2363 1469 creberrimae
2402 1416 2809 1483 persecutiones
2849 1426 3050 1481 essent,
3102 1416 3287 1490 (ναν.)
3316 1433 3420 1473 nec
3463 1434 3621 1475 eom-

2017 1502 2287 1557 munionis
2309 1502 2536 1559 facultas
2563 1504 2810 1561 homines
2838 1506 2904 1561 de
2926 1507 3363 1563 reconciliatione
3388 1522 3620 1566 securos

2018 1594 2352 1647 revocaverit
2380 1609 2410 1647 a
2442 1592 2616 1663 lapsu,
2650 1595 2848 1650 merito
2878 1605 3068 1665 negata
3094 1599 3498 1665 communione,
3530 1609 3621 1654 est

401 1698 459 1754 Si
490 1699 769 1770 presbyter
792 1695 875 1749 vel
906 1694 1162 1749 diaconus
1210 1692 1370 1763 (Add.
1417 1702 1466 1747 et
1530 1707 1641 1746 var.
1681 1691 1737 1743 in
1774 1688 1913 1759 edd.)
1946 1672 1953 1731 Ῑ

2039 1696 2275 1737 :oncessa
2318 1685 2658 1752 paenitentia,
2698 1701 2767 1741 ne
2814 1694 2986 1742 totum
3030 1688 3245 1763 penitus
3283 1698 3616 1760 negaretur:

329 1790 705 1862 degradentur,
746 1803 851 1841 non
868 1787 954 1840 eis
998 1800 1192 1840 manus
1218 1792 1475 1853 tauquam
1528 1779 1918 1852 paenitentibus

332 1880 438 1952 [vel
470 1893 723 1949 tanquam
753 1876 997 1931 fidelibus
1020 1874 1201 1947 .laicis]
1228 1876 1556 1946 imponatur.

704 1971 888 2027 Conon
908 1969 1251 2036 Arelatensis,
1275 1986 1381 2024 cera
1406 1968 1477 2022 22
1496 1967 1547 2021 ἀ.

402 2066 679 2122 Pmnitens
705 2060 1085 2137 [quacunque]
1114 2062 1329 2125 mulier,
1362 2058 1547 2132 (Van)
1590 2058 1704 2113 sive
1741 2053 1926 2112 defun-

330 2166 419 2213 cto
440 2158 561 2211 viro
590 2155 679 2211 alii
710 2154 976 2224 nupserit,
1005 2151 1094 2206 vel
1146 2150 1445 2223 [suspecta,
1474 2146 1583 2220 vel]
1635 2146 1924 2203 interdicta

330 2248 696 2304 familiaritate
720 2261 843 2301 cum
865 2254 1128 2301 extraneo
1154 2244 1371 2309 vixerit,
1394 2243 1463 2298 ab
1499 2241 1740 2297 ecclesia:
1778 2240 1924 2295 limi-

331 2342 488 2397 nibus
519 2348 771 2396 arceatur
804 2336 1267 2409 :similiter(Add.
1311 2346 1358 2389 et
1386 2334 1610 2405 var.)de
1655 2331 1789 2386 viris
1831 2331 1928 2386 ob—

334 2442 600 2487 servetur.

975 2514 1103 2586 Cap.
1131 2515 1201 2569 25
1246 2526 1291 2568 ο.

402 2606 785 2662 Paenitentiam
805 2606 1110 2676 conjugatis
1147 2619 1253 2658 non
1283 2604 1386 2658 nisi
1409 2618 1476 2657 ex
1502 2615 1771 2658 consensu
1797 2602 1927 2657 dan—

340 2698 483 2750 danL

665 2785 850 2841 Conon
876 2785 1419 2851 Aurelianensis,cera
1438 2783 1509 2839 25
1549 2782 1593 2836 ί.

409 2881 478 2938 Ut
517 2896 585 2936 ne
630 2880 754 2950 quis
800 2877 1232 2933 benedictionem
1277 2876 1607 2946 pauitantia!
1639 2874 1929 2943 juvenibus

336 2971 627 3044 lpersonis]
651 2970 734 3026 vel
762 2968 1100 3041 conjugatis;
1133 2967 1315 3024 uisiex
1331 2981 1600 3023 consensu
1621 2964 1926 3051 [partium],

342 3072 396 3116 et
424 3071 584 3116 aetate
604 3061 719 3131 jam
746 3060 902 3130 plena
926 3059 1058 3114 dare
1092 3058 1306 3114 audeat.

666 3151 850 3209 Canon
876 3152 1275 3217 Aurasicorum,
1308 3168 1416 3206 tera
1448 3151 1510 3205 Η
1546 3152 1592 3203 ⁸.

409 3244 597 3307 Subito
618 3245 997 3299 obmutescens
1014 3241 1197 3315 [prout
1212 3250 1386 3298 status
1406 3242 1524 3312 ejus
1542 3240 1648 3315 est]
1666 3231 1927 3311 baptizari

337 3348 429 3391 aut
447 3337 818 3406 paenitentiam
843 3335 1088 3405 accipere
1109 3341 1306 3404 potest,
1331 3333 1493 3406 (Md.
1516 3342 1563 3387 et
1586 3350 1695 3387 var.
1711 3333 1765 3386 in
1783 3331 1928 3401 edd.)

339 3430 382 3482 si
418 3427 710 3483 voluntatis
727 3424 1017 3495 praeteritae
1050 3424 1359 3480 testimonia
1388 3421 1680 3479 adfuerint.

988 3513 1127 3567 Αἶγα
1152 3513 1220 3567 12
1241 3515 1289 3567 ιι.

411 3609 731 3662 Amentibus
762 3619 1095 3676 quacunque
1120 3604 1339 3675 pietatis
1365 3612 1489 3659 sunt
1518 3601 1865 3659 conferenda.

467 3699 685 3752 Decreta
706 3696 1022 3766 pmnitcntim
1048 3696 1102 3747 in
1124 3693 1342 3764 epistola
1366 3694 1554 3749 Leonis
1580 3711 1729 3765 papa:
1764 3696 1805 3747 ί.

417 3788 575 3859 (Add.
628 3796 677 3841 et
724 3801 833 3839 nar.
883 3786 939 3838 in
983 3784 1128 3856 edd.)
1185 3783 1510 3840 Pcenitentia
1558 3800 1680 3854 quae
1724 3800 1755 3838 a
1804 3783 1931 3838 lide-

346 3890 484 3944 libus
511 3882 833 3956 postulatur,
877 3896 946 3936 ne
983 3880 1050 3935 de
1094 3880 1428 3951 singulorum
1463 3888 1808 3950 peccatorum
1842 3893 1932 3950 ge-

349 3995 476 4036 nere
532 3978 586 4033 in
630 3974 810 4031 libello
844 3974 1045 4045 scripta
1095 3970 1362 4044 professio
1394 3972 1609 4042 publice
1653 3971 1933 4033 recitetnr,

344 4088 467 4129 cum
511 4079 691 4127 reatus
719 4069 1171 4125 conscientiarum
1210 4064 1439 4121 sumciat
1466 4064 1598 4120 solis
1638 4062 1934 4119 sacerdoti-

347 4168 449 4221 bus
508 4161 731 4218 indicari
790 4158 1129 4216 confessione
1184 4166 1414 4212 secreta.
1477 4154 1735 4221 Quamvis
1788 4154 1932 4208 enim

348 4252 626 4323 plenitudo
677 4251 798 4306 ﬁdei
843 4251 1090 4305 videatur
1126 4263 1248 4304 esse
1297 4247 1602 4311 laudabilis,
1632 4260 1753 4315 qua:
1802 4260 1931 4314 pro-

2020 1783 2075 1827 et
2104 1773 2376 1830 duriorem
2422 1777 2793 1832 remissionem
2834 1776 2965 1834 fecit
2999 1781 3262 1851 temporis
3298 1782 3459 1837 ratio.
3509 1780 3622 1839 Sed

2022 1874 2308 1936 postquam
2343 1867 2602 1923 Dominus
2637 1878 2821 1925 uoster
2847 1884 3043 1941 pacem
3068 1872 3325 1929 Ecclesiis
3358 1875 3620 1940 reddidit,

2025 1956 2153 2030 [jam
2189 1968 2394 2016 terrore
2417 1961 2659 2035 depulso]
2686 1962 3119 2020 communionem
3148 1966 3264 2021 dari
3291 1967 3625 2024 abeuntibus

2024 2048 2245 2120 placuit,
2276 2059 2331 2105 et
2360 2050 2438 2123 [et
2465 2062 2687 2122 prapter
2720 2051 2931 2112 Domini
2979 2056 3434 2128 misericordiam]
3463 2060 3621 2130 quasi

2026 2141 2281 2196 viaticum
2326 2143 2672 2213 proiecturis.
2724 2144 2911 2218 (Λάα.)
2976 2143 3269 2202 Tribuetur
3317 2162 3449 2221 ergo
3497 2165 3622 2206 cum

2025 2234 2345 2302 pmoitentia
2388 2246 2629 2292 extrema
2676 2237 3000 2302 communio,
3040 2247 3102 2293 ut
3144 2239 3395 2297 homines
3434 2243 3623 2315 hujus»

2025 2326 2171 2381 modi
2198 2326 2251 2380 in
2268 2328 2535 2397 supremis
2551 2328 2682 2393 suis,
2699 2328 3046 2398 permittente
3062 2328 3433 2401 [pmnitentes,
3458 2333 3620 2390 mise-

2025 2415 2204 2488 rante]
2225 2415 2503 2473 Saivatore
2516 2427 2721 2483 nostro,
2748 2436 2777 2477 a
2800 2428 3062 2490 perpetuo
3073 2422 3240 2477 exitio
3254 2423 3621 2482 vindicentur.

2434 2507 2621 2564 Canon
2648 2508 2945 2577 Toletanns,
2977 2529 3076 2583 cap
3101 2514 3135 2569 8
3162 2512 3211 2567 ιι.

2099 2596 2366 2653 Sacerdos
2391 2599 2692 2670 cuicunque
2714 2602 3088 2673 pmniteutiam
3122 2605 3333 2672 tribuit,
3362 2606 3418 2661 id
3436 2607 3626 2664 obser6

2030 2697 2118 2744 vet
2146 2688 2329 2761 (Μαιι.
2355 2690 2481 2743 add.
2507 2701 2560 2745 et
2582 2709 2697 2745 var.
2718 2692 2935 2764 inedd.)
2959 2701 3018 2747 ut
3034 2694 3183 2765 prius
3208 2710 3332 2751 eum
3363 2699 3621 2755 tondeat:

2029 2787 2121 2833 aut
2146 2779 2193 2833 si
2221 2777 2417 2836 mulier
2440 2791 2543 2847 est,
2572 2789 2774 2839 vestem
2812 2791 3005 2849 mutet,
3050 2800 3119 2839 ne
3164 2788 3233 2840 ad
3278 2785 3623 2843 lamentanda

2030 2882 2219 2923 rursus
2242 2879 2366 2939 post
2393 2872 2766 2940 pmniteutiam
2794 2871 3088 2929 relabstur.

2315 2958 2387 3013 In
2412 2960 2635 3030 epistola
2662 2961 2852 3016 Leonis
2877 2980 3029 3034 papa!
3058 2963 3099 3030 ι,
3133 2981 3248 3034 cap.
3280 2966 3331 3021 8.

2106 3049 2265 3123 (Var.
2290 3061 2339 3108 et
2366 3054 2493 3107 add.
2514 3055 2573 3108 in
2594 3056 2742 3127 edd.)
2771 3056 2872 3124 Qui
2886 3057 3001 3126 jam
3026 3058 3337 3115 deﬁcientes
3355 3061 3627 3132 peniten-

2030 3146 2162 3201 tiam
2193 3147 2491 3216 accipiunt,
2542 3157 2599 3203 et
2643 3158 2767 3204 ante
2813 3151 3250 3206 communionem
3294 3152 3628 3221 moriuntur,

2030 3238 2227 3293 horum
2248 3253 2412 3294 causa
2441 3239 2540 3298 Dei
2553 3239 2758 3311 iudidio
2790 3242 3114 3297 reservanda
3138 3253 3240 3300 est.
3278 3244 3388 3300 Nos
3414 3254 3626 3311 autem,

2031 3330 2227 3399 quibus
2246 3345 2353 3385 non
2383 3332 2843 3388 communicamus
2868 3334 3026 3400 vivis,
3048 3337 3453 3392 communicare
3477 3351 3630 3394 mor-

2033 3422 2140 3478 tuis
2164 3437 2271 3477 non
2293 3437 2604 3493 possumus.

2619 3516 2784 3581 lbid.,
2809 3532 2925 3586 cap.
2959 3516 3042 3571 10.

2104 3602 2283 3674 (Hall.
2311 3606 2436 3659 add.
2469 3616 2518 3660 et
2539 3624 2648 3661 var.
2679 3608 2735 3660 in
2763 3607 2909 3679 edd.)
2945 3607 3326 3664 Paenitentiam
3366 3612 3632 3682 professis

2033 3710 2140 3750 non
2178 3696 2306 3753 licet
2346 3698 2400 3753 in
2445 3697 2562 3753 foro
2601 3700 2942 3771 litigarexSi
2999 3711 3180 3757 tamen
3230 3704 3430 3760 habent
3480 3706 3629 3778 quod

2032 3788 2301 3861 negligere
2344 3806 2451 3846 non
2488 3791 2704 3857 debent,
2737 3793 3168 3849 ecclesiasticum
3204 3794 3493 3863 judicium,
3520 3814 3630 3853 non

2036 3878 2269 3945 forense,
2302 3882 2497 3938 debent
2524 3892 2795 3953 expetere.
3296 3866 3301 3873 δ

2606 3975 2770 4041 Ibid.,
2800 3994 2915 4048 cap.
2954 3978 3039 4032 il.

2106 4061 2290 4135 (γαν.)
2316 4063 2598 4130 Parnitens,
2637 4067 2742 4119 sive
2774 4078 2887 4136 post
2932 4050 3285 4139 penitentiam
3316 4073 3628 4142 negotiator.

2033 4185 2104 4194 —
2127 4154 2370 4222 Qualitas
2389 4155 2525 4211 lucri
2547 4165 2640 4211 aut
2660 4167 2884 4213 excusat
2912 4160 3295 4230 negotiantem,
3317 4172 3411 4215 aut
3430 4165 3631 4233 arguit,

2035 4248 2161 4317 quia
2187 4256 2272 4305 est
2318 4249 2867 4330 honestusgquzestus,
2913 4259 2967 4305 et
3011 4253 3220 4322 turpis:
3253 4266 3633 4310 verumtamen

347 4355 466 4417 pter
501 4343 712 4401 Domini
737 4344 989 4398 timorem
1032 4342 1172 4412 apud
1211 4341 1457 4396 homines
1480 4342 1807 4396 erubescere
1824 4354 1930 4394 non
1961 4367 2011 4428 ο
2037 4339 2320 4407 ρωιιίιειιιί
2349 4339 2533 4395 utilius
2581 4350 2665 4395 est
2704 4342 2978 4411 dispendia
3025 4344 3134 4412 pati
3174 4359 3333 4413 quam
3375 4347 3635 4416 periculis

348 4446 586 4501 veretur,
622 4444 800 4490 tamen
848 4435 975 4503 quia
1019 4449 1127 4488 non
1173 4432 1413 4487 omnium
1454 4430 1757 4500 hujusmodi
1806 4438 1932 4485 sunt

348 4537 587 4596 peccata,
628 4535 807 4590 utea,
855 4525 947 4594 qui
999 4524 1372 4592 paenitentiam
1420 4531 1664 4591 poscunt,
1712 4535 1817 4575 non
1866 4520 1933 4574 ti-

352 4626 529 4672 meant
583 4617 894 4688 publicare,
944 4622 1286 4670 removeatur
1350 4611 1505 4684 [tam]
1566 4611 1935 4681 improhabilis

353 4710 679 4766 consuetudo
707 4727 720 4762 :
755 4725 823 4763 ne
846 4708 998 4762 multi
1025 4724 1055 4760 a
1081 4707 1411 4776 poenitentia:
1441 4705 1693 4759 n'mediis
1714 4718 1937 4758 arcean-

358 4809 465 4865 tur,
505 4800 631 4854 dum
663 4807 755 4853 aut
791 4800 1115 4855 erubescunt
1152 4805 1245 4852 aut
1275 4805 1521 4852 metuunt
1560 4795 1792 4849 inimicis
1827 4795 1939 4848 suis

356 4906 452 4945 sua
480 4888 621 4944 facta
664 4889 914 4951 reserari,
950 4890 1144 4958 quibus
1187 4896 1411 4957 possunt
1461 4888 1636 4958 legum
1680 4886 1941 4942 constitit-

2035 4433 2413 4505 negotiationis
2446 4433 2727 4504 obstringi,
2771 4435 2893 4503 quia
2928 4433 3141 4490 difficile
3183 4446 3267 4491 est
3319 4437 3463 4492 inter
3503 4453 3635 4493 ven-

2034 4521 2224 4581 dentes
2263 4532 2319 4579 et
2363 4533 2605 4579 ementes
2636 4524 2893 4598 [ementis
2933 4526 3323 4597 vendentisque
3362 4542 3631 4583 commer-

2037 4613 2202 4684 cium]
2231 4630 2337 4670 uon
2364 4615 2695 4669 intervenire
2716 4623 3019 4685 peccatum.

2606 4704 2773 4770 Ibid.,
2820 4722 2937 4775 cap.
2970 4705 3056 4759 i3.

2107 4797 2210 4865 Qui
2242 4797 2403 4869 (Add.
2432 4808 2481 4852 et
2507 4814 2616 4852 var.
2660 4798 2715 4850 in
2742 4795 2888 4867 edd.)
2920 4796 2989 4852 ob
3022 4796 3398 4867 pmnitentiam
3438 4800 3634 4857 timens

2041 4890 2245 4959 lapsum
2270 4889 2672 4944 incontinentiae
2692 4886 2967 4956 juvenilis,
3000 4889 3245 4959 copulam
3272 4893 3461 4948 uxoris
3494 4908 3634 4963 prte-

358 4980 595 5039 tionibus
637 4977 877 5049 percelli.
930 4977 1137 5032 Sufficit
1180 4979 1324 5033 enim
1375 4979 1465 5033 illa
1514 4978 1781 5034 confessio
1822 4994 1942 5047 qua:
2041 4981 2282 5050 elegerit,
2316 4980 2407 5053 [ne
2428 4980 2633 5035 crimen
2659 4979 3032 5037 fornicationis
3068 4982 3399 5057 incurreret]
3426 4985 3634 5040 videtur

357 5073 591 5134 primum
635 5071 744 5124 Deo
784 5068 1024 5131 oﬂ'ertur,
1052 5076 1106 5121 et
1134 5067 1264 5139 [Al.,
1304 5077 1462 5135 tunc;
1488 5069 1584 5135 aL,
1621 5067 1756 5139 tum]
1782 5070 1941 5123 etiam
2046 5088 2157 5126 rem
2211 5070 2405 5127 fecisse
2448 5072 2735 5138 venialem,
2782 5073 2827 5127 si
2872 5082 3069 5143 praeter
3107 5072 3391 5144 conjugem
3436 5076 3631 5131 nullam

332 5255 339 5263 .
432 5222 456 5249 ι
488 5208 564 5264 Id.
594 5208 647 5263 in
688 5205 807 5261 cod.
840 5205 1039 5268 Barb.;
1070 5218 1205 5259 conc
1235 5220 1305 5258 iv.
1338 5204 1543 5269 Carth.,
1575 5222 1621 5259 c.
1643 5205 1729 5259 80.

430 5280 459 5319 δ
483 5280 543 5334 C.
572 5278 638 5333 66
665 5277 717 5332 in
749 5292 797 5330 ιε.
823 5274 1019 5340 Barh.;
1051 5288 1205 5328 conc.
1239 5290 1311 5329 ιν.
1350 5274 1561 5339 Carth.,
1589 5291 1635 5330 c.
1670 5275 1756 5328 8‘2.

434 5361 455 5389 ε
488 5349 652 5405 Cone.
681 5345 977 5408 vCarth.,c
1000 5385 1013 5400 .
1048 5346 1102 5398 ll
1133 5361 1144 5405 ;
1172 5345 1292 5399 cod.
1325 5358 1447 5399 can.
1481 5360 1577 5413 cap
1633 5345 1718 5397 27.

433 5420 459 5460 δ
492 5419 654 5474 Conc.
689 5416 833 5471 Arci.
869 5432 928 5479 ιι,
958 5432 1007 5470 c.
1032 5415 1119 5470 2|.

440 5501 462 5525 α
493 5489 674 5555 Ejusd.
703 5501 855 5542 conc.
886 5502 927 5541 c.
964 5486 1051 5540 22.

445 5558 460 5592 τ
487 5553 648 5611 Cunc.
681 5555 858 5609 Aurel.
894 5571 975 5607 ιιι.
1008 5573 1055 5611 c.
1086 5553 1176 5609 Ἠ.

446 5628 468 5665 ⁸
493 5623 654 5677 Coac.
684 5625 926 5677 Arausic.
969 5641 1008 5691 ι,
1038 5643 1083 5679 c.
1125 5628 1185 5679 li

2116 5217 2142 5246 ιι
2180 5204 2359 5273 Ejusd.
2392 5222 2547 5263 conc.
2580 5221 2629 5260 c.
2666 5207 2751 5261 15.

2124 5279 2139 5317 ί
2175 5280 2284 5352 ΑΙ2
2317 5278 2456 5352 Leon
2496 5276 2523 5330 1
2552 5276 2926 5352 ad_i_miversos
2964 5279 3225 5352 episwpos
3270 5296 3364 5349 per
3414 5280 3631 5352 Campo-

2050 5348 2213 5411 niam,
2241 5346 2517 5403 Samnium
2547 5358 2593 5402 et
2624 5347 2874 5400 Pirenam
2903 5346 3223 5402 constitutos.

2125 5416 2137 5466 i
2177 5418 2258 5487 Ad
2288 5416 2610 5487 Exuperium
2636 5419 2829 5485 episc.,
2861 5416 2981 5487 cap.
3013 5418 3065 5471 ἓ.

2126 5488 2149 5525 ι
2182 5486 2348 5542 Cone.
2381 5486 2553 5542 Tolet.
2589 5501 2752 5551 In,,c.
2787 5487 2873 5542 12.

2133 5558 2145 5595 ¹
2176 5556 2253 5610 Ad
2281 5558 2658 5626 inquisitiones
2696 5557 2899 5612 Rustici
2926 5556 3159 5614 Narbou.

3647 762 3657 795 ε
