3928 6178
350 383 493 441 ((Πδ

1205 383 1524 441 CANONES
1564 387 1850 444 SELECTI
1890 390 1984 444 EX
2022 390 2176 444 VET.
2411 388 2740 446 COLLECT.

3475 390 3610 442 107$

346 490 564 568 [aliam]
596 494 816 549 omnino
844 494 1169 562 cognoverit.
1212 495 1269 549 in
1292 512 1399 565 quo
1428 507 1606 551 tamen
1638 514 1744 552 non
1777 465 1944 567 regu:
1961 510 2009 566 Α
2038 515 2145 553 non
2175 500 2420 568 iuvisset.
2475 498 2608 553 Cum
2634 507 2779 554 esset
2823 499 2876 551 in
2905 514 3080 567 paena,
3116 499 3368 566 penituit
3394 515 3405 548 :
3445 507 3500 552 et
3524 513 3617 568 per

347 583 458 640 lam
487 582 886 649 constituimus,
922 584 1014 638 sed
1040 583 1182 654 quod
1231 585 1303 639 sit
1345 579 1677 642 tolerabilius
1704 588 1937 643 aestima-

349 687 493 739 mus,
515 673 641 743 quia
673 671 810 728 nihil
842 673 891 727 ei
922 671 1067 727 aliud
1107 675 1375 744 congruit,
1425 676 1516 745 qui
1564 674 1936 746 prenitentiam

348 764 537 836 gessit,
573 778 738 832 quam
773 764 1040 820 castitatis
1086 766 1488 832 perseverantia
1529 765 1777 838 [castitas
1825 782 1942 837 pet~

347 866 609 909 severans
634 861 691 907 et
718 853 918 907 mentis
940 861 996 908 et
1020 854 1288 925 corporis]

929 962 1090 1027 Ibid.,
1132 981 1248 1034 cap.
1284 965 1367 1020 l9.

425 1070 491 1124 Hi
529 1069 682 1140 quia
711 1069 960 1141 gentibus
983 1070 1124 1139 capti
1153 1079 1297 1134 sunt,
1328 1071 1373 1125 si
1400 1072 1650 1126 convivio
1673 1073 1788 1128 solo
1815 1089 1944 1143 gen-

355 1159 531 1214 ‘ilium
557 1160 699 1215 escis
733 1158 1087 1214 immolatitiis
1118 1160 1201 1214 usi
1230 1169 1373 1224 sunt,
1409 1160 1872 1236 possuntjejuniis
1891 1171 1948 1217 et

355 1264 550 1306 manus
587 1249 932 1318 impositione
956 1251 1175 1320 purgari
1203 1248 1360 1322 (Add.
1393 1262 1441 1305 et
1467 1253 1602 1324 sar.)
1628 1262 1685 1312 et
1704 1269 1948 1309 commu-

356 1343 562 1396 nicare.
595 1340 652 1394 Si
695 1349 876 1396 autem
905 1341 1048 1396 idola
1077 1341 1460 1409 adoraverunt,
1506 1352 1600 1399 aut
1643 1345 1948 1402 homicidiis

357 1430 444 1484 vel
475 1431 924 1486 fornicationibus
947 1433 1297 1488 contaminati
1330 1443 1478 1501 sunt,
1507 1435 1574 1490 ad
1614 1438 1948 1492 communio—

357 1537 483 1576 nem
510 1537 624 1586 eos,
663 1523 765 1576 nisi
810 1538 909 1593 per
941 1524 1314 1592 paenitentiam
1351 1524 1674 1598 {publicam}
1706 1543 1817 1583 non
1852 1529 1948 1583 ad-

362 1611 532 1665 mitti.

793 1700 860 1756 In
889 1701 1020 1756 libro
1038 1715 1062 1744 ι
1079 1705 1249 1758 sancti
1271 1705 1523 1760 Pomerii.

364 1832 444 1886 De
463 1834 543 1886 his
559 1835 649 1903 qui
664 1832 862 1889 occulte
878 1847 1093 1904 peccant
1115 1847 1163 1891 et
1174 1839 1527 1908 paenitentiam
1549 1840 1746 1894 occulte
1767 1851 1946 1910 agunt.
1983 1848 2030 1908 Β

364 1951 438 1962 —-
465 1922 530 1976 Hi
555 1937 684 1976 vero
704 1923 794 1992 qui
820 1925 874 1978 in
903 1925 1082 1995 aliquo
1108 1930 1271 1996 gradu
1295 1931 1573 1984 constituti
1600 1941 1746 1994 sunt,
1781 1939 1836 1986 et
1861 1947 1952 1987 oc-

364 2011 514 2067 culte
531 2012 738 2067 crimen
765 2015 1075 2080 admittunt,
1104 2016 1283 2088 (Matt.
1315 2019 1439 2072 add.
1477 2029 1524 2073 et
1565 2021 1700 2091 var.)
1744 2019 1954 2078 facilius

364 2101 472 2158 sibi
499 2101 787 2159 Dominum
804 2105 1108 2174 placabunt,
1133 2110 1226 2178 qui
1245 2126 1350 2164 non
1367 2111 1601 2166 humano
1612 2112 1813 2180 judicio
1827 2130 1953 2169 con-

367 2193 497 2249 victi
519 2195 722 2249 crimen
759 2206 1057 2266 agnoscunt
1100 2217 1113 2252 :
1147 2202 1238 2270 qui
1268 2212 1360 2256 aut
1403 2204 1635 2274 propriis
1665 2203 1795 2262 illttd
1827 2222 1956 2263 con-

369 2281 695 2340 fessionibus
739 2286 991 2355 produnt,
1043 2297 1137 2343 aut
1188 2293 1554 2350 nescientibus
1604 2295 1722 2352 aliis
1770 2299 1956 2368 quales

371 2374 475 2442 ipsi
497 2374 554 2428 in
581 2377 810 2432 occultis
829 2379 942 2433 suis
968 2380 1095 2442 sint,
1129 2381 1181 2435 in
1224 2397 1282 2437 se
1311 2383 1623 2442 voluntariae
1650 2401 1954 2443 excommu-

373 2461 666 2519 nicationis
699 2468 1017 2522 sententiam
1052 2468 1268 2525 ferunt:
1299 2481 1352 2527 et
1376 2475 1444 2528 ab
1470 2473 1625 2529 altari
1671 2477 1756 2530 cui
1799 2477 1957 2532 mini-

371 2554 642 2620 strabant,
666 2571 770 2610 non
792 2557 990 2621 animo,
1024 2561 1117 2615 sed
1141 2559 1316 2617 cilicio
1337 2565 1591 2634 separati,
1619 2565 1780 2620 vitam
1804 2582 1956 2621 suam

372 2647 530 2717 quasi
577 2657 841 2704 mortuam
879 2652 1166 2722 plangunt;
1220 2655 1352 2710 certi
1407 2657 1568 2725 quod,
1616 2659 1959 2714 reconciliato

373 2736 478 2792 sibi
508 2736 642 2804 Deo,
677 2739 911 2796 eiiicacis
951 2745 1280 2812 pmnitentiaa
1323 2745 1607 2813 fructibus,
1652 2764 1758 2804 non
1786 2749 1958 2804 solum

373 2827 577 2883 amissa
622 2831 896 2900 recipient,
929 2835 1023 2888 sed
1067 2835 1228 2890 etiam
1263 2836 1409 2892 cives
1443 2846 1698 2914 supernae
1725 2841 1962 2896 civitatis

374 2916 577 2986 eﬂecti,
605 2922 672 2976 ad
703 2923 897 2994 gaudia
922 2926 1245 2996 sempiterna
1271 2930 1603 2997 pervenient.

617 3055 682 3111 In
713 3059 931 3114 concilio
962 3057 1221 3119 Calatini
1246 3082 1397 3138 papw
1439 3067 1486 3133 δ,
1516 3085 1724 3140 cap.....

2039 587 2199 642 unius
2218 587 2484 643 sermonis
2502 586 2934 657 promissionem,
2964 586 3330 640 habitaculum
3361 583 3615 654 paradisi.

2039 676 2148 732 Deo
2175 678 2542 748 promittente,
2567 677 2884 746 promeruit.
2911 677 3050 732 Vera
3080 691 3209 747 ergo
3235 675 3303 730 ad
3330 675 3616 732 Dominum

2039 767 2317 821 conversio
2339 767 2392 821 in
2413 766 2618 821 ultimis
2638 767 2952 835 positorum,
2977 775 3154 822 mente
3176 766 3356 836 potius
3375 775 3458 821 est
3475 768 3622 824 esti-

2041 856 2253 920 manda,
2276 871 2436 925 quam
2465 866 2721 925 tempore,
2745 855 3012 925 Propheta
3035 856 3135 910 hoc
3155 865 3448 912 attestante
3477 854 3622 928 [tali~

2043 954 2127 1001 ter
2151 944 2446 1016 asserente]
2474 963 2486 998 :
2521 944 2650 998 Cum
2677 961 2950 999 conversus
2981 945 3166 1015 (actis,
3208 955 3256 1000 et
3284 945 3618 1016 ingemuerit,

2045 1031 2214 1105 [tunc]
2255 1033 2427 1088 salvas
2464 1034 2586 1087 eris.
2619 1032 2751 1088 Cum
2781 1048 2910 1103 ergo
2950 1034 3209 1089 Dominus
3246 1037 3316 1090 sit
3343 1034 3520 1093 cordis
3547 1035 3623 1088 in-

2043 1132 2277 1194 spector,
2301 1125 2492 1194 quovis
2520 1134 2761 1193 tempore
2784 1141 2890 1180 non
2915 1135 3000 1180 est
3023 1114 3331 1197 deneganda
3354 1127 3619 1197 panitet:-

2045 1217 2121 1273 tia
2156 1217 2440 1287 pmnitenti
2491 1215 2850 1289 [postulanti],
2881 1233 3004 1272 cum
3041 1218 3116 1272 illi
3163 1234 3222 1273 se
3266 1218 3464 1290 obliget
3511 1216 3624 1291 [ille

2045 1323 2106 1364 se
2130 1306 2393 1381 obliquet]
2422 1307 2617 1375 Iudici,
2649 1309 2736 1363 cui
2756 1308 2966 1363 occulta
3016 1311 3195 1364 omnia
3241 1312 3445 1366 noverit
3477 1326 3623 1365 reve-

2048 1399 2168 1453 lani.

2619 1487 2845 1545 CAPUT
2872 1487 3057 1542 LXIX.

2280 1615 2346 1653 bl
2383 1615 2470 1654 HIS
2504 1614 2594 1662 QUI
2631 1614 2842 1654 CONTRA
2880 1613 3115 1654 CANONES
3151 1613 3392 1652 ηειυκτ.

2403 1711 2585 1769 Conon
2610 1709 3202 1776 Chalcedonensis,.tera
3231 1711 3291 1765 ι..

2127 1837 2149 1865 ι
2192 1826 2424 1896 Regulas
2466 1834 2776 1881 sanctorum
2821 1824 3046 1879 Patrum
3099 1838 3194 1892 per
3239 1823 3444 1893 singula
3490 1838 3630 1876 nunc

2055 1931 2224 1985 usque
2244 1916 2472 1971 concilia
2507 1916 2850 1981 constitutas,
2886 1915 3158 1985 proprium
3201 1915 3364 1966 robur
3391 1912 3634 1966 obtinere

2053 2006 2407 2062 decrevimus.

2711 2095 2846 2151 Αἶγα
2890 2096 2974 2150 10.

2123 2209 2149 2248 ἀ
2175 2209 2276 2277 Qui
2306 2209 2420 2263 ausi
2447 2207 2645 2262 fuerint
2673 2215 2791 2276 post
2815 2206 3179 2261 deﬁnitionem
3212 2217 3415 2274 magna:
3437 2213 3490 2257 et
3517 2203 3603 2255 nni
3625 2230 3645 2240 -

2054 2299 2278 2356 versalis
2306 2298 2466 2368 huius
2505 2298 2715 2368 synodi,
2770 2297 3064 2367 quidquam
3104 2311 3168 2348 ex
3217 2294 3302 2349 his
3351 2308 3470 2362 qua:
3511 2300 3636 2346 sunt

2055 2391 2322 2464 prohibita
2357 2385 2686 2462 perpetrare,
2722 2404 2750 2442 a
2777 2388 2994 2458 proprio
3023 2387 3190 2458 gradu
3223 2385 3491 2442 recedant.

2354 2505 2535 2562 Conon
2574 2504 2924 2567 Epauncnsis,
2965 2520 3074 2559 tera
3109 2501 3199 2558 40.

2127 2617 2392 2684 Quocirca
2426 2618 2541 2672 haec
2567 2631 2687 2686 qua:
2713 2630 2944 2686 superna
2974 2615 3326 2684 inspiratione
3369 2613 3638 2668 communi

2057 2724 2220 2766 sensu
2249 2708 2561 2782 [consensu]
2590 2709 2929 2779 placuerunt,
2975 2707 3022 2762 si
3061 2707 3184 2776 quis
3211 2715 3518 2760 sanctorum
3548 2717 3639 2756 an-

2059 2799 2287 2855 tistitum
2316 2799 2408 2869 qui
2437 2806 2638 2855 statuta
2668 2799 2956 2868 pmsentia
2997 2795 3481 2866 subscriptionibus
3520 2808 3643 2874 pro-

2060 2891 2192 2962 priis
2219 2893 2590 2957 ﬁrmaverunt,
2624 2906 2724 2948 nec
2753 2906 2860 2946 non
2889 2897 2945 2946 et
2970 2904 3106 2960 quos
3143 2903 3330 2945 eorum
3356 2887 3499 2940 Deus
3524 2900 3645 2940 esse

2060 2984 2290 3039 voluerit
2307 2999 2673 3045 successores,
2703 2983 2890 3038 relicta
2919 2983 3226 3052 integritate
3253 2977 3646 3036 observationis

2062 3073 2375 3137 excesserit,
2405 3088 2553 3127 reum
2578 3088 2637 3127 se
2658 3071 2954 3128 divinitatis
2982 3070 3187 3141 pariter
3215 3080 3268 3125 et
3293 3068 3646 3126 fraternitatis

450 3169 783 3239 Agnovimus
816 3171 974 3242 (Var.
1011 3176 1068 3230 in
1107 3177 1252 3249 edd.)
1291 3181 1551 3249 quosdam
1589 3183 1961 3252 paenitentiam

2069 3163 2264 3236 iudicio
2293 3163 2531 3217 iuturum
2555 3177 2675 3217 esse
2703 3169 2993 3232 cognoscat

381 3259 738 3316 morientibus
766 3262 1050 3334 denegare,
1074 3282 1174 3322 nec
1213 3268 1424 3324 illorum
1459 3271 1739 3328 desideriis
1779 3274 1964 3339 annui,

379 3349 477 3418 qui
514 3349 696 3406 obitus
734 3352 816 3405 sui
847 3361 1087 3425 tempore
1117 3357 1218 3413 boc
1244 3361 1437 3416 anima:
1475 3377 1584 3416 suae
1631 3365 1850 3435 cupiunt
1878 3381 1968 3420 re-

319 3505 324 3509 _
383 3440 566 3495 medio
604 3442 909 3500 subvenire.
947 3444 1129 3521 (Van)

2397 3273 2579 3330 Conon
2605 3272 3016 3336 Aurelianensis,
3047 3290 3154 3327 tera
3178 3273 3247 3326 26
3275 3284 3319 3327 ο.

2139 3387 2243 3456 Qui
2271 3388 2418 3443 circa
2443 3387 2558 3440 haec
2587 3400 2707 3455 quae
2751 3385 2862 3440 Deo
2913 3384 3210 3454 inspirante
3259 3390 3457 3437 statuta
3501 3390 3645 3446 sunt,

753 3449 909 3547 3"“?-
947 3449 1517 3547 (ξάνηοττθηάυπδν
1543 3454 1730 3520 meo"
1757 3473 1857 3513 πλεο
1879 3459 1972 3513 δε*
2061 3449 2258 3537 relicta
2309 3449 2700 3532 observationis
2741 3449 3073 3546 integritate,
3112 3472 3383 3530 custodire
3429 3471 3509 3545 [et
3549 3471 3648 3525 im-

385 3531 518 3588 bere
561 3543 722 3589 tanta:
751 3536 1042 3608 impietatis
1080 3541 1312 3612 aliquem
1353 3547 1608 3614 reperiri,
1660 3556 1720 3601 ut
1763 3549 1828 3602 de
1874 3549 1970 3605 Dei

385 3624 607 3694 pietate,
633 3628 780 3695 quod
805 3630 947 3684 absit
971 3629 1134 3702 [Edd.
1161 3650 1264 3686 om.
1295 3636 1436 3704 quod
1464 3637 1645 3710 absit],
1679 3638 1925 3708 desperet
1955 3655 1970 3694 :

387 3714 545 3783 quasi
559 3730 666 3772 non
685 3719 857 3787 possit
876 3721 944 3775 ad
959 3736 1016 3776 se
1038 3725 1223 3792 quovis
1242 3733 1482 3795 tempore
1499 3731 1841 3785 concurrenti
1856 3747 1974 3786 suc-

389 3821 634 3871 currere,
656 3818 711 3863 et
730 3810 1125 3880 periclitantem
1145 3816 1245 3870 sub
1264 3831 1428 3871 onere
1440 3827 1781 3886 peccatorum
1805 3821 1978 3876 homi-

392 3909 517 3950 nem
540 3899 796 3967 pondere,
821 3916 930 3970 quo
949 3917 1007 3957 se
1030 3901 1118 3957 ille
1138 3905 1380 3973 expediri
1399 3905 1697 3973 desiderat,
1725 3909 1975 3965 liberare.

393 3985 536 4051 Quid
571 3989 692 4051 hoc,
730 4004 882 4062 rogo,
927 3992 1070 4046 aliud
1113 4003 1198 4049 est
1246 4010 1408 4064 quam
1451 3997 1702 4054 morienti
1746 4008 1979 4056 mortem

2071 3567 2248 3642 plere]
2301 3565 2631 3638 neglexerit,
2682 3563 2875 3638 (γαν.)
2929 3579 3080 3619 reum
3131 3579 3188 3620 se
3230 3563 3411 3619 divino
3449 3561 3652 3630 judicio

2072 3675 2192 3717 esse
2233 3664 2526 3730 cognoscat
2570 3673 2584 3710 :
2627 3654 2753 3725 quia
2797 3669 3032 3709 canones
3079 3668 3206 3708 suos
3255 3667 3356 3708 nec
3407 3653 3654 3722 ignorare

2073 3752 2325 3822 cuiquam
2357 3744 2727 3822 [quemquam]
2760 3761 2857 3800 nec
2888 3745 3226 3801 dissimulare
3249 3743 3599 3814 permittitur.

2470 3859 2653 3916 Canon
2686 3858 2989 3916 Maticensis
3017 3858 3061 3924 τ,
3088 3875 3196 3912 (ενα
3222 3857 3276 3912 4.

2147 3970 2345 4027 Omnes
2372 3967 2598 4045 [autem]
2627 3970 2717 4042 qui
2745 3969 3084 4025 definitiones
3111 3975 3323 4022 nostras
3353 3982 3450 4036 per
3473 3965 3659 4021 inube-

394 4078 614 4145 addere,
665 4059 887 4152 ejusque
925 4085 1162 4139 animam
1213 4059 1306 4141 su},
1346 4088 1685 4156 crudelitate,
1726 4108 1795 4147 ne
1825 4093 1982 4153 πλεο,
2081 4064 2336 4156 dientiam
2378 4075 2641 4118 evacuare
2679 4062 3031 4124 contendunt,
3076 4059 3416 4114 anathemate
3460 4059 3661 4126 percel-

397 4171 510 4226 ¹¹¹ι³
543 4186 662 4228 esse
689 4175 878 4243 P053“.
924 4177 1205 4233 occidere?
1237 4195 1359 4234 cum
1401 4179 1543 4237 Deus
1564 4182 1631 4237 ad
1657 4154 1980 4239 subvenien-
2083 4154 2282 4210 Imm“

397 4263 526 4316 dum
562 4265 941 4334 paratissimus
967 4265 1152 4338 (γαν.)
1183 4270 1373 4325 invitat
1410 4273 1477 4328 ad
1505 4275 1894 4343 ptenitentiam,
1929 4284 1984 4330 et
2158 4333 2211 4343 __
2315 4335 2326 4343 ,
2713 4263 2878 4343 ΛΜΨ
2901 4263 2933 4273 ν
2996 4263 3045 4343 ’,
3085 4331 3096 4341 .
3210 4339 3219 4343 ,
3267 4339 3276 4343 _
3328 4330 3359 4343 ,.

398 4353 479 4409 sic
521 4329 788 4425 νῐυηιίιιιι
833 4329 1102 4428 peccatori
1133 4329 1146 4414 ξ
1177 4359 1241 4414 In
1278 4329 1588 4438 ηηαειιηιίηε
1629 4367 1711 4420 die
1747 4329 1985 4436 ρεεοάιον
2117 4333 2213 4438 ,εξ
2239 4335 2573 4438 {visentem
2605 4329 3662 4438 °°P‘P";a‘,f'95?'§sff‘f‘_‘{fiff{“f’}’ff'

398 4421 678 4502 cono-crsu;
709 4421 886 4517 fuerit,
927 4451 1159 4523 [ρεκαια
1177 4421 1320 4528 εἰπέ]
1363 4474 1466 4511 mm
1495 4421 1889 4529 imputabat“,
1915 4459 1982 4514 ei.
2086 4427 2239 4529 rimis
2259 4424 2438 4490 fuerit,
2465 4440 2495 4480 a
2525 4421 2779 4480 membris
2798 4421 3050 4478 Ecclesia:
3077 4421 3223 4476 omni
3249 4428 3486 4492 tempore
3510 4434 3664 4490 sepa-

401 4535 495 4600 Et,
529 4534 668 4590 Nolo
707 4548 923 4594 mortem
973 4545 1278 4612 peccatoris,
1302 4525 1408 4598 sed
1455 4555 1512 4598 ut
1556 4525 1901 4610 convertatur,
1939 4555 1984 4600 et
2016 4534 2063 4594 υ
2089 4525 2254 4571 θεων·

402 4629 563 4682 sicut.
604 4627 844 4686 Salutem
893 4649 1022 4704 ergo
1062 4635 1265 4690 homini
1295 4636 1483 4692 adimit
1517 4638 1759 4706 quisquis
1797 4639 1988 4694 mortis

405 4727 651 4789 tempore
700 4720 1013 4794 [speratam]
1053 4727 1424 4795 pmnitentiam
1456 4727 1739 4797 denegavit
1767 4745 1780 4781 :
1817 4737 1872 4782 et
1901 4730 1993 4783 de.
2161 4721 2285 4776 Haec
2313 4736 2442 4775 vero
2471 4735 2589 4790 quae
2623 4736 2652 4773 a
2688 4719 2842 4775 nobis
2870 4719 3218 4790 inspiratione
3245 4718 3422 4774 divina
3449 4717 3664 4773 definita

407 4812 650 4880 speravit
671 4813 737 4870 de
764 4815 1048 4871 clementia
1070 4817 1185 4883 Dei,
1213 4819 1303 4888 qui
1324 4834 1448 4874 eum
1476 4818 1541 4872 ad
1571 4819 1990 4873 subveniendum
2092 4825 2217 4872 sunt
2245 4813 2499 4888 [tractata
2529 4813 2613 4870 vel
2655 4813 2805 4868 (inita
2853 4810 3022 4884 sunt],
3073 4811 3323 4882 quisquis
3353 4809 3667 4866 excesserit.

410 4904 664 4960 morienti
703 4904 963 4970 sufﬁcere,
992 4907 1075 4963 vel
1108 4907 1186 4981 [in
1224 4907 1520 4981 momento]
1553 4923 1710 4978 posse
1739 4925 1842 4962 non
1871 4925 1993 4964 cre-
2097 4908 2256 4979 (Add.
2311 4921 2359 4962 et
2409 4909 2544 4979 var.)
2596 4923 2746 4962 reum
2792 4922 2851 4964 se
2899 4907 3200 4962 divinitatis
3237 4907 3470 4962 examini
3513 4909 3668 4977 quasi

413 4990 570 5050 didit.
604 4991 932 5052 Perdidisset
955 4997 1094 5052 ialm
1121 4999 1400 5068 praemium
1429 5001 1482 5054 in
1505 5013 1665 5054 cruce
1693 4999 1760 5053 ad
1795 4998 1995 5054 Christi
2097 4997 2396 5052 divinorum
2424 5005 2792 5068 transgressor
2829 4995 3220 5058 mandatorum,
3251 5011 3400 5050 reum
3441 5011 3497 5050 se
3539 5011 3667 5050 con-

413 5081 695 5139 dexteram
724 5087 985 5155 pendens,
1021 5088 1067 5143 si
1106 5089 1256 5145 illum
1297 5091 1456 5145 unius
1498 5090 1643 5144 horae
1682 5089 1994 5159 pmnitentis
2097 5089 2222 5146 cilio
2245 5087 2598 5144 fraternitatis
2623 5087 2862 5145 futurum
2892 5105 3013 5148 esse
3037 5101 3341 5160 cognoscat.

2741 4219 3009 4276 £ra5'.

2432 4607 2614 4662 Canon
2644 4607 3021 4678 Lugdunensis,
3051 4621 3160 4660 tera
3186 4605 3256 4661 50
3279 4607 3347 4660 ιι.-

493 5239 742 5325 aliter
782 5241 850 5296 de
891 5241 1012 5325 Yita
1039 5243 1476 5325 φριεωριεέίνεν
1507 5257 1622 5325 rat).-
1674 5245 1729 5325 τε
1757 5274 1827 5325 -.
1853 5243 2000 5325 Libri
2103 5237 2736 5325 ἀοξειὶεείηξξξεέτξεροίιεε
2764 5238 3109 5325 Sarmens:

424 5318 536 5380 tres
563 5310 629 5380 de
653 5310 776 5366 Vita
805 5311 1217 5380 contemplativa
1248 5306 1302 5367 in
1329 5306 1556 5368 Decreto
1571 5306 1821 5368 'Gratiani
1864 5321 1919 5367 et
1946 5314 2003 5368 in
2162 5307 2322 5380 'b__Ep_.
2352 5306 2567 5380 Caelest.
2591 5308 2610 5360 l
2645 5308 2711 5362 ad
2737 5310 3015 5380 episcopos
3049 5307 3334 5379 provinciae
3358 5307 3671 5367 Viennensis

424 5325 536 5364 tres
563 5325 629 5364 ne
661 5325 776 5366 vna
805 5325 1217 5380 contemplativa
1248 5329 1302 5367 In
1329 5325 1556 5368 Decreto
1580 5325 1821 5368 matiam
1864 5325 1919 5367 et
1946 5325 2003 5368 tn
2162 5325 2200 5348 νυ
2226 5325 2322 5377 bp.
2352 5325 2567 5388 benest.
2593 5325 2610 5360 ι
2645 5325 2711 5362 aa
2737 5325 2802 5433 ei)

424 5378 691 5450 Operibus
713 5380 788 5462 1)..
806 5380 1057 5464 Prosperi
1084 5383 1243 5506 vago
1271 5384 1364 5438 sed
1384 5383 1519 5466 falso
1546 5383 1646 5452 ipsi
1672 5383 2000 5466 tribuuntur.
2063 5439 2066 5444 ,
2103 5386 2161 5436 et
2195 5375 2580 5460 Narbonensis.
2605 5392 2724 5446 cap.
2790 5419 2803 5431 ο

424 5449 678 5506 Testatur
704 5465 849 5506 enim
884 5451 1118 5506 istriorns
1195 5454 1474 5506 isnalensts
1513 5467 1632 5506 can.
1675 5453 1744 5506 12
1785 5451 1906 5506 libri
1937 5453 2006 5506 de
2179 5459 2201 5487 ο
2232 5445 2431 5506 Intern.
2460 5445 2679 5506 DionVS.

424 5445 849 5523 Testaturhenim
884 5445 1118 5508 lsi-dorus
1147 5445 1474 5523 Hispalensis
1513 5445 1632 5523 cap.
1675 5453 1744 5508 12
1785 5451 1906 5506 libri
1937 5453 1986 5506 dt

2179 5459 2201 5523 ξ
2232 5445 2431 5523 l_nterp.
2460 5445 2679 5523 Qignys.

423 5519 792 5590 Scriptoribus
808 5523 1205 5586 ecclesiasticis,
1232 5515 1422 5578 borum
1449 5515 1704 5579 librorum
1729 5531 2004 5578 auctorem
2103 5575 2106 5578 .
2176 5517 2201 5558 ἀ
2234 5515 2636 5590 Ifaruinditfert
2672 5519 2740 5574 ab
2769 5516 2963 5590 intem.
3003 5517 3220 5590 Dionys.

423 5585 840 5663 esse—lulianum
866 5585 1200 5656 Pomerium,
1222 5607 1382 5661 quem
1406 5609 1618 5663 quoque
1652 5590 2008 5662 pneseferunt
2183 5601 2204 5663 ξ
2234 5586 2396 5663 gone.
2427 5585 2610 5663 aurei.
2636 5605 2718 5652 ιιι,
2748 5602 2798 5638 c.
2828 5585 2917 5642 33.

425 5659 639 5732 codices
686 5677 816 5715 mss.
867 5659 1255 5730 antiquissimi,—
1293 5659 1440 5717 inter'
1479 5659 1612 5732 quos
1653 5659 2008 5718 recensemus

425 5729 693 5802 optirnum
713 5732 952 5802 codicem
983 5729 1201 5802 capituli
1222 5729 1629 5796 Bellovacensis,
1661 5733 1799 5787 sicut
1828 5732 1895 5802 ad
1921 5743 2008 5785 me

429 5798 650 5869 scripsit
671 5799 974 5857 Ludovicus
1002 5798 1159 5858 Haslo}
1182 5802 1446 5859 facultatis
1472 5802 1788 5858 Parisiensis
1819 5800 2009 5857 doctor

2187 5657 2202 5696 ί
2237 5657 2398 5711 Cone.
2435 5656 2810 5712 Mattsconcns.
2845 5672 2904 5711 ιι.

2183 5731 2207 5768 ε
2235 5727 2418 5794 Ejusd.
2437 5741 2590 5782 conc.
2616 5728 2686 5782 id.
2719 5743 2785 5780 c._

2182 5798 2208 5838 1³
2241 5797 2403 5852 Cone.
2431 5795 2801 5866 Lugdunensis
2829 5813 2870 5865 t,
2897 5813 2943 5853 c.
2983 5799 3047 5870 5.⁴
