1964 3089
181 54 199 62 κ

177 124 254 154 ῙΘΊΤ

604 123 764 152 εΑΝθιιεδ
779 124 924 154 S‘ELECTI
942 125 988 153 EX
1106 128 1185 157 CAN.
1204 129 1370 159 COLLECT.

1719 135 1817 166 ‘1058’

212 181 243 210 ο.
263 181 303 209 De
323 180 467 215 baptismo,
479 184 507 208 et
529 180 756 215 periclitantium,
773 186 807 210 et
823 186 903 218 [nm
917 189 965 209 ἐι-
980 184 1005 213 Λ
1018 184 1195 219 omnipotenti
1210 186 1265 214 Deo
1277 187 1364 222 possit
1378 187 1496 223 placere,
1510 189 1624 218 sollicite
1637 190 1729 226 eligas,
1742 193 1805 220 etin

179 234 251 254 rum.

213 271 258 298 10.
277 270 317 298 De
328 271 410 298 enixa
423 271 546 303 muliere,
560 271 793 300 aut‘mnstruataz

213 318 257 345 ll.
277 316 316 345 De
330 319 401 345 coitu
412 326 478 346 cum
488 319 597 354 propria
610 326 703 347 uxore.

211 363 256 390 1%.
279 362 317 390 De
332 363 453 391 illusione
466 368 526 397 quae
539 364 566 390 in
581 365 684 392 somnis
693 365 804 392 recidit.

175 425 189 439 ⁸
203 423 349 445 RESCRIPTA
368 425 449 445 ιιειιτι
472 425 597 445 GREGOR"
618 426 694 445 ῬΔΡᾸΞ
723 426 756 446 AD
775 426 943 446 AUGUSTINUM
955 440 962 452 ,

209 459 281 485 ουει
292 461 346 481 PRO
356 460 387 480 ει
402 461 430 480 IN
439 461 572 480 SAXONIAII
583 462 618 480 AD
632 458 827 481 PREBICANDW
842 460 928 482 11811⁸-

206 508 222 528 δ
238 508 312 536 Beati
334 508 409 535 Pauli
423 508 456 537 ad
475 508 644 536 Timotheum
669 513 801 536 testantur
819 508 962 544 Epistolas,

172 556 200 582 in
215 555 314 590 quibus
324 562 384 581 eum
399 554 508 587 erudire
519 555 631 587 studuit,
645 554 760 590 qualiter
771 563 833 583 eum
847 556 874 583 in
885 556 964 583 domo

135 608 140 615 '
173 600 222 628 Dei
237 600 390 628 conversari
405 600 569 634 oportuisset
591 599 760 636 [debuisset].
787 600 844 628 Mos
863 605 904 628 est
916 607 963 628 au—

173 651 227 672 tem
252 645 323 672 sedis
338 644 498 679 apostolicaz,
522 644 654 672 ordinatis
676 645 810 680 episcopis
828 649 964 680 praecepta

171 690 291 722 tradere,
304 694 335 717 ut
348 697 381 717 ex
394 690 467 716 omni
482 690 616 725 stipendio
632 691 703 724 quod
726 690 826 718 accidit
845 695 962 726 quatuor

170 735 289 762 debeant
299 735 358 762 ﬁeri
368 736 506 770 portiones
519 745 525 762 :
539 743 592 762 una
606 735 732 763 videlicet
744 736 872 771 episcopo
883 741 910 763 et
922 735 961 762 fa-

170 780 268 813 miliae,
292 785 402 815 propter
423 780 633 815 hospitalitatem
661 780 700 817 [et
731 780 957 816 susceptiouem];

168 825 222 852 alia
237 825 325 858 clero;
342 826 420 852 tertia
435 826 611 860 pauperibus:
628 830 722 860 quarta
741 825 866 853 ecclesiis
878 833 957 861 repa-

168 869 272 898 randis.
285 870 338 898 Sed
354 870 563 897 miraternitas
571 871 729 897 monasterii
737 871 838 905 regulis
851 871 958 898 erudita

168 923 293 943 seorsum
306 916 396 943 vivere
410 923 464 943 non
476 916 556 945 debet
568 923 583 942 a
597 915 704 943 clericis
722 915 779 943 suis
791 916 819 942 in
840 915 961 943 Ecclesia

168 961 329 996 Anglorum,
344 969 404 995 qua:
417 966 529 988 auctore
545 961 601 988 Deo
615 967 701 996 nuper
713 960 747 988 ad
764 960 844 988 ﬁdem
864 961 960 995 perdu-

168 1010 214 1033 cta
226 1010 288 1034 est:
303 1007 373 1034 hanc
385 1007 466 1034 debet
480 1006 713 1034 conversationem
728 1006 869 1034 instituere
878 1026 885 1037 ,
901 1014 960 1040 qua:

168 1050 198 1078 in
204 1052 280 1078 initio
288 1052 424 1079 nascentis
431 1051 558 1079 Ecclesia:
565 1051 614 1078 fuit
619 1051 741 1086 patribus
747 1052 858 1084 nostris,
868 1051 894 1078 in
902 1051 960 1086 qui—

167 1095 325 1130 busnullus,
333 1096 410 1132 (Var.
418 1097 445 1123 in
455 1096 526 1132 edd.)
534 1104 592 1131 quae
600 1096 756 1131 possidebat
762 1104 853 1124 eorum
862 1097 959 1131 aliquid

167 1149 248 1169 suum
260 1150 321 1170 esse
333 1142 450 1175 dicebat,
463 1143 596 1176 sederant
608 1143 648 1170 eis
662 1143 754 1171 omnia
770 1144 922 1171 communia
935 1149 956 1170 ε.

210 1187 236 1213 2.
255 1187 294 1214 De
311 1187 465 1215 clericorum
481 1187 626 1223 stipendiis,
642 1188 686 1223 qui
701 1183 795 1215 uxores
807 1188 915 1216 ducunt.

205 1233 234 1259 Si
249 1233 294 1267 qui
308 1240 372 1260 vero
385 1237 455 1264 sunt,
472 1234 518 1268 qui
532 1233 602 1261 intra
620 1233 719 1269 [extra]
742 1241 835 1263 sacros
849 1234 959 1263 ordines

167 1277 305 1304 constituti
328 1284 358 1304 sc
378 1278 518 1305 continere
540 1286 594 1305 nou
608 1283 732 1313 possunt,
744 1279 836 1306 sortiri
859 1287 958 1307 uxores

165 1322 277 1354 debent,
292 1327 319 1350 et
333 1323 465 1358 stipendia
480 1331 527 1351 sua
542 1324 661 1351 exterius
672 1325 805 1359 accipere,
818 1326 880 1359 quia
891 1325 957 1353 scri-

165 1372 243 1402 ptum
261 1373 320 1396 est:
345 1367 516 1396 Diuidebatur
538 1369 659 1404 singulis,
681 1375 758 1405 prout
780 1371 871 1405 cuique
892 1379 955 1406 opus

164 1418 231 1439 erat.
248 1412 286 1441 De
295 1421 390 1441 eorum
404 1421 509 1448 quoque
522 1414 655 1449 stipendio
668 1414 851 1450 [cogitandum
862 1416 953 1451 atque]

164 1458 358 1492 providendum
367 1463 419 1492 est,
431 1460 513 1487 etsub
520 1460 647 1488 Ecclesiae
662 1461 753 1495 regula
761 1465 824 1488 sunt
835 1462 952 1494 tenendi,

165 1508 195 1531 ut
210 1504 288 1532 bonis
307 1505 426 1533 moribus
438 1507 528 1533 vivant
541 1511 568 1534 et
583 1506 711 1534 cernendis
725 1507 834 1541 psalmis
859 1507 954 1542 invigi-

163 1551 232 1582 lent,
246 1551 317 1578 etab
331 1551 456 1579 omnibus
469 1552 570 1579 illicitis
582 1559 630 1579 cor
644 1556 671 1579 et
686 1552 805 1587 linguam
816 1556 844 1580 et
858 1560 955 1587 corpus

164 1595 222 1623 Deo
235 1600 345 1624 auctore
360 1601 529 1624 conservent.
544 1597 624 1632 (Add.
639 1597 667 1624 in
680 1596 753 1632 edd.)

271 1652 298 1678 5.
319 1651 357 1678 De
376 1652 506 1678 carnmuni
520 1652 583 1684 vita,
599 1651 637 1678 vel
652 1651 821 1686 elemosynis
833 1650 857 1677 ἀ.

202 1710 216 1725 ο
230 1704 289 1732 1am
303 1706 489 1733 deﬁcientibus
501 1706 670 1741 portionibus
683 1706 728 1742 [de
742 1706 874 1733 faciendis
891 1714 954 1741 por-

164 1751 310 1787 tionibus],
326 1752 359 1779 de
371 1752 522 1780 exhibenda
543 1752 727 1787 hospitalitate
738 1757 768 1780 et
786 1752 955 1788 adimplenda

164 1797 369 1830 misericordia,
395 1798 473 1825 nobis
500 1798 564 1833 quid
588 1798 641 1826 erit
664 1798 846 1832 loquendum?
870 1798 955 1826 Omne

164 1843 237 1878 quod
262 1848 394 1879 superest,
422 1844 449 1871 in
476 1845 567 1872 causis
594 1844 823 1881 [necessitatibus]
844 1846 895 1881 piis
923 1854 955 1874 ac

163 1889 298 1924 religiosis
314 1889 477 1925 erogandum
501 1895 553 1922 est,
570 1891 683 1918 Domino
697 1895 725 1918 et
747 1892 876 1926 magistro
897 1899 955 1918 om—

163 1934 239 1962 nium
253 1935 357 1971 dicente
370 1943 376 1961 :
393 1934 470 1968 Quod
483 1939 618 1970 superest,
631 1935 692 1963 date
703 1936 914 1971 eleemosynam,
928 1941 955 1963 et

162 1986 229 2007 ecce
242 1979 331 2006 omnia
346 1980 445 2007 munda
458 1984 529 2007 sunt.

274 2024 301 2051 4.
318 2025 393 2060 (Var.
408 2026 434 2053 in
445 2025 519 2061 edd.)
533 2026 571 2053 De
585 2026 666 2055 missa
677 2026 844 2054 celebranda.

199 2080 280 2115 (Add.
288 2080 390 2118 interr.)
402 2081 513 2109 Noverit
527 2082 684 2110 fraternitas
699 2087 744 2110 tua
758 2083 886 2111 Romana:
904 2084 952 2111 Ec-

162 2127 490 2160 clesiteconsuetudinem,
506 2128 533 2155 in
548 2135 602 2162 qua
614 2127 706 2164 (ναν.)
721 2130 838 2156 nutritus
849 2137 888 2156 es.
900 2129 952 2156 Sed

163 2174 229 2200 mihi
248 2173 355 2219 placet,
365 2178 396 2201 ut
404 2169 472 2219 five
528 2173 660 2219 Romana,
674 2175 732 2201 sive
754 2174 779 2201 iu
792 2174 949 2205 Galliarum,
965 2190 989 2219 υ

163 2218 220 2245 sive
235 2218 262 2245 in
275 2217 394 2253 qualibet
404 2217 524 2246 Ecclesia
542 2218 643 2254 aliquid
655 2218 780 2246 invenisti
801 2219 871 2253 quod
890 2219 950 2253 plus

181 2301 212 2356 ηε
228 2294 293 2356 gr.
309 2294 370 2322 edd.
384 2294 443 2323 Vid.
458 2294 564 2330 epistol.
578 2293 610 2321 51
624 2293 670 2322 lib.
688 2302 726 2322 xu
742 2294 844 2331 Regist.
870 2296 948 2331 epist.
969 2302 970 2305 ‘

162 2333 212 2356 υιι.
228 2333 271 2356 ed.

199 2366 213 2385 b
221 2364 353 2401 Quaedam
365 2364 426 2401 add.
440 2364 468 2392 in
478 2364 539 2392 edd.
551 2364 655 2392 scilicet
664 2364 820 2399 interrogat.
837 2365 949 2401 August.

161 2404 190 2427 et
203 2399 273 2440 alia,
282 2402 357 2440 etc,
364 2400 392 2427 in
406 2399 487 2440 Resp.

200 2440 211 2454 ε
226 2434 325 2462 Petrus
338 2433 548 2462 Gussanvillaeus
562 2438 635 2462 recte
654 2433 843 2461 animadvertit
859 2435 884 2461 in
907 2435 951 2462 illa

162 2469 278 2504 epistola
291 2470 379 2504 aliqua
401 2476 459 2497 esse
479 2477 539 2505 quae
552 2477 566 2496 a
582 2470 659 2505 genio
673 2469 701 2496 S.
725 2469 847 2504 Gregorii
865 2470 951 2497 aliena

162 2505 299 2545 videntur.
309 2505 405 2545 Quare
418 2512 448 2532 ea
464 2504 613 2545 praesertim
627 2504 741 2545 notanda
756 2508 952 2545 stitit-([URIIOP

162 2540 260 2574 recipit
275 2540 398 2567 collectio
417 2540 603 2573 antiquissima
621 2543 648 2566 et
669 2540 873 2566 accuratissima
887 2541 950 2567 'cod.

163 2574 241 2606 Heu,
255 2582 315 2602 cum
329 2582 362 2602 c.\'
374 2574 439 2609 ipsis
450 2578 542 2609 pateat
555 2582 677 2608 qtnenam
692 2574 719 2601 in
734 2574 776 2601 ed.
793 2574 950 2602 redundent.

198 2609 211 2629 ά
225 2609 255 2637 In
267 2610 314 2636 ult.
331 2611 373 2637 cd.
388 2618 439 2636 non
453 2609 562 2644 disting.
578 2616 591 2635 a
602 2617 663 2644 sup.
681 2617 739 2643 cap.
918 2639 920 2642 _

202 2650 214 2664 ο
228 2644 266 2672 De
281 2644 323 2672 his
339 2645 375 2671 ita
392 2645 474 2671 sentit
487 2645 529 2671 vir
541 2643 663 2671 eruditus
677 2644 703 2670 in
717 2643 772 2671 suis
785 2644 854 2670 notis
874 2650 881 2669 ε
899 2653 907 2667 ι
923 2643 951 2670 lu

162 2680 251 2715 prima
276 2687 360 2714 rcsp.,
387 2679 483 2714 inquit,
505 2678 563 2712 jam
588 2678 620 2705 de
643 2683 760 2713 quatuor
785 2678 953 2715 portionibus

163 2718 266 2745 actum,
291 2719 318 2741 ct
334 2715 387 2740 vita
413 2715 562 2741 communis
586 2714 685 2740 indicta
709 2721 715 2740 :
739 2721 788 2740 nec
804 2718 862 2739 erat
882 2714 952 2747 quod

162 2749 300 2784 superbis
313 2757 363 2776 non
381 2753 490 2785 rogatus
513 2748 722 2785 responderet.)
740 2747 952 2785 Rccte‘quidcm

163 2783 284 2816 notatur,
298 2784 361 2811 illud
373 2783 441 2811 idem
451 2783 506 2817 jam
521 2792 600 2817 supra
609 2791 669 2810 esse
684 2784 798 2815 dictum;
814 2783 838 2810 si
849 2783 954 2818 legatur

163 2824 196 2846 ut
219 2820 246 2847 in
269 2819 311 2846 ed.
336 2819 388 2847 Sed
414 2819 492 2845 aliam
508 2826 619 2853 prorsus
641 2825 699 2845 υςερ
725 2819 898 2852 qumstiouem
927 2822 953 2845 ct

1017 227 1163 263 Anglorum
1179 230 1310 264 Ecclesia,
1324 239 1385 266 qua:
1395 232 1484 260 adhuc
1500 234 1526 261 in
1541 234 1594 262 fide
1607 243 1676 263 nove
1698 241 1751 268 est,
1766 237 1806 265 in-

1017 273 1158 302 stitutione
1180 277 1333 312 praecipua,
1347 284 1408 311 quae
1428 279 1461 307 de
1480 280 1572 307 multis
1592 281 1713 308 ecclesiis
1730 282 1806 309 colli—

1012 323 1078 352 gere
1091 320 1212 354 potuisti,
1226 321 1360 350 lnfundas.
1374 322 1433 351 Non
1447 325 1519 352 enim
1534 334 1583 360 pro
1592 326 1661 354 locis
1681 335 1736 360 res,
1756 328 1805 355 sed

1013 369 1064 396 pro
1073 364 1150 391 bonis
1163 364 1244 400 [Edd.
1251 375 1303 394 om.
1317 368 1406 404 bonis]
1419 370 1499 396 rebus
1509 370 1568 398 loca
1579 370 1682 407 [nobis]
1689 374 1803 401 amanda

1014 412 1086 453 sunt.
1102 409 1140 436 Ex
1153 411 1266 445 singulis
1278 419 1342 448 ergo
1356 414 1508 449 quibusque
1518 417 1643 445 ecclesiis
1655 417 1746 453 (γαν.)
1758 422 1804 446 tua

1014 452 1170 481 fraternitas
1184 461 1244 490 qua:
1266 458 1320 491 pia,
1336 466 1396 492 quae
1415 460 1556 495 religiosa,
1572 469 1632 495 quae
1650 467 1724 490 recta
1736 452 1804 493 [sunt

1013 499 1104 534 eligat.
1122 501 1155 528 Et
1170 502 1227 529 bzec
1246 504 1323 537 quasi
1338 505 1365 531 in
1379 504 1508 534 fasciculo
1527 507 1802 544 collecta,apud.~Att‘

1012 544 1118 579 clerum
1133 551 1238 574 mentes
1250 548 1277 575 in
1291 551 1513 578 consuetudinem
1526 557 1618 586 ponet.
1778 574 1782 577 .

1031 589 1056 616 5.
1071 590 1145 626 (Var.
1157 596 1185 618 et
1198 592 1259 620 add.
1274 594 1301 620 in
1315 594 1376 621 edd.
1387 596 1511 629 passim.)
1522 597 1560 624 De
1572 597 1782 631 furtis-ecclesia.

1047 634 1085 661 Ex
1105 643 1219 670 persona
1235 637 1304 666 furis
1315 647 1431 673 pensare
1451 645 1557 675 oportet
1576 642 1692 676 qualiter
1714 643 1804 672 valeat

1011 681 1122 716 corrigi.
1137 681 1207 710 Sunt
1220 684 1293 711 enim
1312 684 1422 719 quidam
1434 686 1491 720 qui,
1510 686 1641 715 habentes
1666 689 1784 716 subsidia
1794 709 1801 720 ,

1010 726 1113 755 tortum
1124 733 1295 763 perpetrant;
1310 734 1339 757 et
1357 735 1420 758 sunt
1434 731 1479 758 alii
1497 732 1543 766 qui
1557 740 1591 759 ex
1605 732 1692 767 inopia
1707 742 1801 769 perpe-

1012 772 1283 811 tmnt[delinquunt].
1294 775 1368 803 Unde
1375 783 1486 804 necesse
1493 781 1535 805 est
1542 778 1677 812 quosdam
1683 779 1800 811 (lanulis,

1009 818 1142 851 quosdam
1153 826 1219 846 vero
1228 820 1328 851 verbis,
1338 824 1367 847 et
1378 820 1445 848 alios
1459 821 1556 854 levius,
1566 822 1634 849 alios
1644 830 1707 850 vero
1714 823 1803 850 distri-

976 856 998 885 Β
1011 862 1082 890 otius
1093 863 1201 897 corrigi.
1217 863 1251 890 Et
1264 871 1326 891 omn
1337 864 1474 898 paululum
1489 865 1639 894 districtius
1653 868 1752 902 agitur,
1768 876 1801 894 ex

1010 908 1155 941 cbaritate,
1170 916 1223 936 non
1234 916 1268 936 ex
1281 909 1372 937 lurore
1387 911 1522 945 agendum
1533 916 1574 939 est
1586 921 1591 938 :
1607 913 1671 947 quia
1683 913 1733 947 ipsi
1747 913 1798 940 hoc

1010 958 1155 989 praestatur
1169 955 1214 989 qui
1228 956 1383 991 corrigitur,
1396 965 1429 984 ne
1442 957 1563 991 gehenna
1584 958 1690 992 ignibus
1711 960 1802 986 trada-

1011 1004 1063 1027 tur.
1078 1000 1125 1027 Sic
1138 1000 1210 1027 enim
1226 1009 1273 1028 nos
1287 999 1410 1029 ﬁdelibus
1424 1002 1593 1037 disciplinam
1609 1007 1700 1031 tenere
1718 1004 1798 1032 debe-

1010 1053 1081 1077 mus,
1097 1045 1165 1072 sicut
1180 1046 1241 1073 boni
1259 1050 1350 1081 patres
1372 1047 1527 1075 carnalibus
1542 1049 1603 1075 ﬁliis
1620 1049 1716 1082 solent,
1732 1057 1800 1084 quos

1009 1094 1037 1118 et
1064 1098 1111 1125 pro
1131 1091 1217 1126 culpis
1235 1092 1391 1119 verberibus
1418 1092 1533 1125 feriunt;
1559 1098 1586 1120 et
1615 1099 1705 1121 tamen
1727 1095 1799 1129 ipsos

1009 1143 1076 1170 quos
1090 1135 1227 1163 doloribus
1243 1136 1362 1172 allligunt
1381 1137 1481 1165 habere
1502 1138 1623 1166 hacredes
1646 1144 1770 1174 quierunt
1790 1147 1798 1167 :

1008 1184 1035 1207 et
1050 1188 1110 1215 qum
1132 1182 1270 1215 possident
1293 1182 1344 1209 illis
1365 1188 1473 1210 servant
1499 1190 1566 1218 quos
1586 1184 1691 1219 insequi
1705 1185 1799 1213 viden-

1009 1230 1060 1253 tur.
1082 1226 1145 1253 llcc
1160 1235 1225 1263 ergo
1240 1227 1358 1254 cbaritas
1372 1228 1398 1255 in
1415 1233 1504 1255 mente
1522 1229 1637 1256 tenenda
1656 1233 1708 1262 est,
1721 1230 1758 1257 ita
1769 1235 1800 1257 ut

1007 1277 1083 1297 mens
1106 1268 1182 1298 extra
1203 1271 1316 1298 rationis
1342 1273 1468 1312 regulam]
1487 1273 1596 1300 omnino
1614 1273 1681 1300 nihil
1704 1274 1795 1301 faciat.

1007 1315 1145 1349 Quomodo
1158 1321 1248 1345 autem
1261 1317 1362 1345 furtum
1377 1318 1451 1345 reddi
1464 1319 1575 1346 debeat?
1586 1319 1657 1346 absit
1668 1324 1697 1346 ut
1707 1319 1803 1347 Eccle-

1007 1361 1046 1388 sia
1063 1369 1124 1389 cum
1144 1366 1315 1390 auctomento
1330 1363 1443 1397 recipiat
1457 1364 1527 1398 quod
1542 1364 1575 1391 de
1588 1364 1703 1391 terrenis
1717 1365 1797 1391 rebus

1006 1406 1113 1434 videtur
1126 1407 1248 1436 amisisse
1262 1413 1289 1436 et
1300 1408 1374 1436 lucra
1386 1409 1418 1436 de
1434 1408 1510 1437 vanis
1524 1410 1651 1445 [damnis]
1665 1418 1796 1445 qmerere.

1058 1453 1083 1480 6.
1107 1452 1194 1489 (Van)
1211 1453 1249 1481 De
1265 1455 1386 1489 canjngio
1401 1463 1458 1481 cum
1474 1455 1628 1490 propinquis
1640 1455 1731 1482 mixto.

1041 1496 1075 1523 Et
1085 1497 1192 1531 quidem
1205 1498 1327 1532 qmedam
1349 1499 1391 1525 lex
1412 1499 1594 1527 Romanorum
1621 1499 1660 1536 [In
1673 1500 1794 1527 Romana

1009 1541 1157 1577 republica]
1171 1543 1313 1576 permittit,
1328 1547 1356 1570 ut
1375 1543 1431 1571 sive
1450 1543 1557 1577 fratris,
1572 1549 1599 1571 ct
1622 1545 1732 1577 sororis,
1749 1553 1795 1572 sou

1010 1588 1123 1615 duorum
1137 1595 1336 1623 germanorum,
1347 1589 1387 1616 vel
1399 1589 1513 1616 duarum
1529 1598 1652 1617 sororum
1678 1590 1748 1618 ﬁlius
1770 1597 1797 1617 et

1009 1633 1063 1660 ﬁlia
1075 1634 1247 1661 misceantur.
1267 1633 1319 1661 Sed
1332 1634 1518 1668 experimento
1532 1635 1685 1668 didicimus,
1697 1644 1730 1663 ex
1748 1636 1795 1663 tali

1008 1676 1131 1711 conjugio
1141 1677 1259 1704 sobolem
1281 1685 1333 1704 non
1345 1685 1424 1712 posse
1435 1686 1615 1706 succrescere.
1634 1678 1643 1698 ί
1659 1673 1734 1707 Unde
1748 1688 1795 1706 nc-

1007 1729 1081 1749 cesse
1092 1726 1142 1755 est,
1160 1722 1243 1749 etiam
1256 1722 1335 1749 tertia
1346 1722 1389 1750 vel
1409 1724 1421 1743 ε
1436 1727 1532 1757 quarta
1544 1723 1717 1758 generatione
1729 1724 1796 1751 lide-

1006 1768 1045 1795 les
1057 1768 1171 1795 licenter
1183 1768 1437 1804 COIIjllllgt‘l‘C.Ntllll
1458 1769 1575 1796 secunda
1596 1777 1676 1803 quam
1699 1769 1797 1804 praedi-

1007 1813 1096 1841 ximus
1109 1814 1160 1841 hac
1175 1822 1202 1840 se
1217 1813 1241 1849 [:1
1257 1814 1296 1849 sc]
1312 1814 1467 1841 multimodo
1479 1814 1557 1841 debet
1571 1814 1715 1841 abstinere.
1728 1813 1797 1842 Cum

1005 1866 1120 1887 noverca
1132 1864 1221 1886 autem
1235 1860 1351 1891 mist-eri,
1365 1867 1445 1895 grave
1457 1865 1496 1886 cst
1513 1860 1624 1891 facinus,
1642 1860 1704 1894 quia
1719 1858 1795 1895 [etin

1006 1904 1076 1940 lego]
1089 1905 1218 1939 scriptum
1233 1904 1497 1939 cstzTunJitndinmn
1512 1905 1593 1939 patris
1610 1905 1648 1931 ml
1663 1911 1714 1931 non
1729 1913 1797 1931 reve-

1004 1948 1071 1976 labis
1084 1949 1162 1985 (Var.
1174 1954 1197 1976 ct
1211 1949 1286 1985 add.)
1299 1949 1332 1977 Et
1344 1950 1390 1984 qui
1409 1949 1602 1984 turpitudinem
1616 1957 1738 1977 noverca:
1755 1958 1796 1977 re-

1005 1993 1085 2026 velat,
1100 1994 1293 2028 turpitudinem
1305 1995 1391 2028 patris
1405 1995 1516 2027 revelat,
1526 2003 1587 2021 cum
1601 2002 1652 2029 qua
1665 2003 1717 2022 una
1730 2003 1795 2022 caro

1006 2040 1106 2070 dudum
1121 2039 1179 2066 fuit.
1195 2039 1275 2075 (Adii.
1289 2045 1313 2066 et
1330 2039 1406 2075 Var.)
1421 2040 1539 2074 Cognata
1552 2047 1617 2067 vero
1630 2039 1794 2074 perconjuu-

1004 2085 1119 2112 etionem
1129 2084 1221 2112 fratris
1231 2085 1267 2111 tui
1280 2092 1357 2111 soror
1367 2087 1412 2111 tua
1422 2084 1490 2111 facta
1499 2088 1550 2111 est.
1560 2085 1573 2103 ἰ
1582 2084 1611 2111 Si
1623 2091 1689 2111 vero
1702 2085 1729 2111 in
1739 2084 1794 2111 An-

1003 2129 1108 2164 glorum
1120 2133 1208 2163 gente,
1222 2127 1313 2164 (Van)
1326 2129 1389 2155 dum
1401 2133 1472 2156 esset
1487 2129 1513 2155 in
1528 2128 1697 2161 inﬁdelitate,
1713 2129 1795 2163 aliqui

1004 2174 1067 2200 huic
1089 2173 1204 2201 nefando
1230 2174 1354 2208 conjugio
1369 2173 1478 2201 fuerunt
1497 2175 1619 2206 admixti,
1633 2175 1795 2203 admonendi

1002 2222 1074 2250 sunt,
1082 2222 1148 2245 utse
1157 2218 1310 2245 abstineant
1320 2222 1349 2246 et
1361 2219 1524 2253 pmniteant:
1533 2219 1625 2250 (Adam
1636 2228 1689 2247 non
1704 2224 1795 2247 tamen

1001 2294 1112 2322 maximi
1133 2296 1273 2328 momenti,
1291 2296 1389 2330 probat
1402 2295 1481 2323 lectio
1491 2296 1566 2322 varia
1577 2295 1636 2323 cod.
1656 2295 1792 2324 llerovall.

1040 2330 1050 2366 ἶ
1066 2330 1100 2366 [τι
1112 2330 1156 2366 ed.
1169 2330 1300 2366 quaedam.
1310 2330 1385 2366 male
1402 2331 1622 2366 interponuntur.

1039 2365 1051 2385 ⁸
1070 2365 1129 2392 Vid.
1142 2370 1198 2392 not.
1215 2365 1287 2392 Petri
1303 2365 1435 2392 Gussanv.

1037 2400 1050 2419 ιι
1071 2400 1121 2427 llic
1142 2400 1237 2434 incipit
1257 2406 1293 2427 vn
1311 2400 1458 2435 Resp.,scd
1477 2400 1578 2427 rectius
1601 2401 1627 2427 in
1654 2401 1715 2428 coll.
1730 2409 1793 2429 cum

1002 2438 1098 2476 agatur
1114 2435 1146 2476 de
1160 2435 1252 2476 eadem
1268 2435 1496 2476 qumstio_ne._Vid.
1511 2439 1566 2476 not.
1579 2435 1791 2476 PetriGussanv.

1002 2456 1101 2498 Ᾰῖῐὲἲὲι
1114 2456 1394 2497 Ξᾶῗίίἄιῑῗὲὲὲιίῖἔίῖι)
1402 2456 1452 2497 ιιεὲ
1461 2456 1793 2505 Χῖοι-υίζώἶᾶῗιῖιῗιᾚὶὲηὶ

1002 2510 1049 2537 est,
1065 2512 1150 2538 usque
1162 2505 1195 2531 ad
1211 2505 1233 2531 si
1248 2513 1317 2538 vero,
1333 2505 1366 2533 dc
1386 2506 1483 2540 quibus
1502 2505 1540 2533 sic
1563 2507 1604 2532 vir
1625 2507 1746 2533 eruditus
1765 2505 1794 2532 iu

1003 2540 1058 2567 suis
1074 2540 1145 2566 notis
1159 2547 1169 2575 ξ
1185 2548 1194 2563 ι
1210 2547 1259 2574 pro
1270 2547 1320 2574 qua
1337 2548 1366 2567 re
1378 2539 1494 2567 Joannes
1511 2540 1643 2575 Baptista,
1658 2545 1722 2573 etc.,
1737 2540 1794 2567 han:

1003 2574 1152 2610 disparilia,
1165 2574 1324 2608 inquit,non
1339 2575 1490 2603 miscuisset
1504 2574 1614 2602 sanctus
1625 2575 1770 2610 Gregorius
1783 2583 1790 2600 :

1003 2609 1074 2635 aliud
1090 2609 1187 2643 quippe
1202 2615 1243 2636 cst
1255 2610 1361 2636 misceri
1380 2611 1456 2637 uxori
1471 2609 1564 2636 fratris
1577 2609 1706 2641 viventis,
1720 2609 1792 2636 aliud

1003 2644 1112 2676 mortui,
1128 2648 1157 2670 ut
1172 2652 1205 2670 cx
1218 2645 1301 2671 veteri
1322 2645 1379 2680 lege
1402 2648 1520 2676 constat,
1537 2648 1587 2671 etc.
1603 2644 1733 2671 Existimo
1748 2648 1791 2680 to:

997 2679 1059 2705 tam
1075 2679 1144 2706 hanc
1167 2679 1378 2713 appcniliccmn
1405 2680 1519 2713 quodam
1545 2680 1732 2706 concionatore
1758 2679 1793 2709 ad

1004 2714 1152 2749 marginem
1178 2714 1292 2749 positam
1315 2713 1407 2745 fuisw,
1431 2714 1464 2740 de
1488 2721 1539 2747 qua
1557 2714 1736 2749 [postmodum
1764 2714 1791 2739 in

1004 2752 1106 2775 textum
1131 2748 1249 2784 irrepsit.
1265 2748 1321 2775 Non
1338 2749 1404 2776 solet
1420 2754 1529 2775 sanctus
1549 2748 1694 2784 Gregorius
1716 2752 1791 2775 extra

1004 2784 1117 2810 charum
1133 2784 1241 2815 saltare,
1258 2788 1284 2810 et
1295 2791 1338 2810 res
1349 2791 1362 2810 ιι
1378 2784 1514 2818 proposito
1529 2784 1632 2811 alienas
1643 2784 1793 2810 admiscere

1006 2823 1061 2846 tam
1077 2818 1181 2855 frigide.
1199 2828 1208 2845 ›
1231 2819 1306 2852 Quod
1322 2819 1421 2853 absque
1435 2818 1516 2846 ullius
1538 2819 1596 2846 cod.
1620 2819 1791 2846 auctoritate.
