3924 6180
394 314 537 372 10⁷9

1244 309 1564 370 CANONES
1601 308 1890 367 SELECTI
1926 307 2018 363 EX
2061 309 2216 365 νεῖ.
2257 308 2414 366 (ΖΔΗ.
2454 309 2790 369 εοιιεσῐ.

3506 307 3666 364 ιοοο

391 443 490 497 pro
511 426 614 482 hac
637 439 714 491 re,
742 441 901 495 quam
927 426 1238 495 ignoranter
1261 433 1386 478 ante
1403 421 1730 493 baptismum
1743 416 1967 474 commi-
1995 421 2044 477 Λ
2071 417 2376 490 rit,gratias
2397 430 2583 478 actura
2609 421 2777 475 intret
2794 417 3103 485 ecclesiam,
3117 418 3264 475 nullo
3284 421 3496 489 peccati
3511 433 3667 489 pon-

391 527 597 579 serunt,
617 517 996 573 communione
1019 517 1299 585 priventur
1323 528 1371 568 ι.

705 612 756 664 7.
800 609 878 664 De
923 609 1343 664 ordinationibus
1371 608 1647 677 faciendis.

460 700 672 772 (Quart.
708 697 1058 770 precedent.)
1085 697 1332 767 Episcopi
1359 711 1466 752 non
1496 696 1657 766 longo
1685 691 1967 748 intervallo

389 792 534 846 inter
557 807 614 846 se
639 789 1037 862 disiungantur,
1061 798 1122 843 ιιι
1146 789 1214 844 ad
1254 787 1612 842 ordinandum
1658 785 1967 855 episcopum

389 891 500 937 tres
527 889 622 936 aut
653 891 889 952 quatuor
911 880 1200 936 convenire
1223 878 1431 949 possint
1457 895 1469 930 :
1519 874 1698 946 (Mult.
1745 873 1872 927 add.
1919 881 1967 927 et

387 972 526 1042 sar.)
557 972 684 1042 quia
727 971 890 1026 aliter
934 971 1053 1026 ﬁeri
1102 985 1209 1025 non
1259 975 1494 1040 oportet.
1543 965 1678 1020 Nam
1725 966 1779 1019 in
1835 963 1968 1034 ipsis

389 1064 550 1120 rebus
568 1063 921 1134 spiritalibus,
939 1071 998 1117 ut
1017 1063 1287 1131 sapienter
1299 1068 1355 1115 et
1371 1067 1578 1113 mature
1590 1057 1964 1128 disponantur,

385 1153 691 1225 exeruplum
731 1153 949 1206 trahere
987 1167 1017 1205 a
1069 1151 1232 1205 rebus
1283 1149 1447 1203 etiam
1495 1146 1804 1201 carnalibus
1845 1159 1970 1214 pos-

387 1261 592 1299 sumus.
645 1243 804 1300 Certe
858 1243 1004 1298 enim
1058 1241 1188 1296 dum
1228 1239 1478 1310 coniugia
1524 1237 1601 1310 [in
1635 1235 1970 1308 tnundo]ee-

387 1333 690 1397 lebrantur,
722 1331 990 1402 coniugati
1019 1330 1219 1400 quique
1248 1334 1507 1384 vocantur
1535 1335 1596 1381 ut
1631 1325 1726 1395 qui
1773 1325 1828 1380 in
1879 1324 1968 1380 via

379 1422 491 1491 iam
539 1423 773 1494 coniugii
813 1431 1206 1492 praecesserunt
1252 1421 1306 1476 in
1346 1420 1796 1490 subsequentibus
1834 1433 1968 1489 que-

386 1530 492 1583 que
519 1515 716 1583 gaudio
747 1513 1098 1568 misceantur.
1132 1512 1242 1568 Cur
1279 1526 1386 1567 non
1418 1525 1548 1582 ergo
1592 1511 1872 1566 nobiscum
1911 1509 1967 1564 in

387 1609 492 1659 hac
509 1603 737 1673 spiritali
762 1605 1125 1669 ordinatione,
1150 1618 1255 1673 qua
1280 1619 1378 1673 per
1407 1619 1622 1658 sacrum
1649 1602 1967 1673 mysterium

387 1697 548 1750 homo
573 1695 682 1750 Deo
711 1695 1076 1767 coniungitur,
1101 1694 1238 1750 tales
1263 1694 1608 1759 conveniant,
1649 1693 1742 1763 qui
1767 1693 1821 1746 in
1843 1705 1970 1761 pro-

2064 508 2194 564 dere
2215 509 2753 581 gravatur.Voluptas
2763 509 2906 564 enim
2921 510 3121 575 carnis,
3136 525 3242 564 non
3253 509 3407 565 dolor
3418 509 3476 563 in
3490 509 3664 579 culpa

2064 608 2166 654 est.
2207 599 2393 672 (Add.)
2444 600 2503 655 Si
2554 601 2700 656 enim
2727 601 2946 656 enixam
2984 600 3258 656 mulierem
3295 600 3670 670 prohibentia

2065 689 2349 746 ecclesiam
2383 691 2606 755 intrare,
2637 692 2808 762 ipsam
2851 692 2902 746 ei
2931 706 3148 762 poenam
3187 706 3339 747 suam
3391 692 3446 746 in
3487 691 3666 763 culpa

2065 779 2411 850 deputamus.
2438 781 2709 851 Baptizari
2738 789 2916 838 autem
2947 782 3033 838 vel
3078 783 3290 838 enixam
3334 782 3664 848 mulierem,

2065 867 2149 922 vel
2170 868 2273 924 hoc
2298 870 2444 938 quod
2469 870 2734 938 genuerit,
2751 871 2796 925 si
2819 873 3011 926 mortis
3037 869 3180 942 [sine
3205 871 3378 944 mora]
3402 870 3666 944 periculo

2066 965 2309 1028 urgetur,
2337 957 2423 1012 vel
2452 959 2568 1029 ipsa
2611 960 2746 1016 hora
2791 961 2979 1016 eadem
3035 977 3142 1031 qua
3193 963 3380 1033 gignit,
3409 963 3497 1017 vel
3543 963 3666 1019 hoc

2066 1047 2208 1116 quod
2242 1047 2499 1118 gignitur,
2546 1048 2735 1104 eadem
2780 1049 2914 1104 hora
2957 1065 3064 1119 qua
3109 1059 3294 1104 natum
3344 1059 3452 1114 est,
3497 1052 3665 1107 nullo

2067 1138 2228 1194 modo
2254 1138 2576 1208 prohibetur
2607 1158 2619 1193 :
2653 1141 2779 1210 quia
2803 1141 2976 1196 sancti
3010 1141 3252 1212 mysterii
3281 1143 3459 1212 gratia
3505 1143 3681 1197 sicut-

2066 1231 2374 1287 viventibus
2403 1239 2565 1301 atque
2594 1232 3027 1288 discernentibus
3050 1247 3174 1288 cum
3203 1248 3398 1303 magna
3439 1234 3664 1288 discre-

2068 1323 2213 1378 tione
2255 1325 2582 1393 providenda
2609 1333 2713 1388 est,
2743 1324 2818 1378 ita
2860 1325 2945 1380 bis
2981 1324 3177 1394 quibus
3205 1339 3349 1379 mors
3378 1325 3659 1388 imminet,

2066 1415 2183 1471 sine
2210 1415 2316 1470 ulla
2341 1415 2596 1472 dilatione
2619 1415 2960 1486 proferenda,
2986 1430 3052 1469 ne
3075 1415 3201 1471 dum
3227 1415 3408 1480 adhuc
3435 1424 3662 1484 tempus

2066 1505 2133 1560 ad
2162 1507 2508 1575 praebendum
2562 1507 2881 1578 mysterium
2929 1507 3313 1576 redemptionis
3359 1507 3661 1576 quaritur,

2067 1597 2460 1654 interveniente
2500 1598 2776 1669 paululum
2813 1613 2963 1653 mora
3005 1597 3200 1668 [morte
3229 1597 3387 1668 male]
3415 1598 3661 1651 inveniri

2068 1704 2176 1744 non
2205 1689 2384 1745 valeat
2401 1691 2494 1760 qui
2524 1689 2840 1746 redimatur.

385 1786 583 1841 fectum
621 1787 855 1857 episcopi
884 1785 962 1858 [in
1003 1786 1244 1856 profectu
1267 1783 1521 1856 ordinati]
1564 1785 1846 1856 gaudeant,
1879 1783 1964 1836 vel
1993 1769 2041 1830 Β
2137 1799 2163 1840 d
2192 1798 2277 1854 ιο,
2311 1798 2487 1871 (γαπ)
2528 1799 2606 1854 οε
2664 1800 2822 1854 enim
2868 1800 3107 1865 muliere,
3148 1809 3242 1853 απτ
3296 1809 3660 1854 nimum“.

383 1893 482 1946 pro
505 1876 620 1946 eius
645 1877 886 1932 custodia
909 1877 1265 1947 omnipotenti
1285 1877 1393 1932 Deo
1415 1891 1602 1946 preces
1621 1876 1824 1946 pariter
1852 1874 1963 1928 Deo

385 1966 652 2022 fundant?

390 2079 415 2118 δ
445 2079 496 2134 9.
527 2077 605 2132 De
644 2079 920 2149 baptismo,
952 2090 998 2133 et
1025 2079 1461 2151 periclitantibus,
1491 2089 1540 2133 et
1567 2081 1723 2149 partu
1757 2093 1959 2131 eorum.

453 2200 476 2228 ο
521 2187 709 2244 Mulier
755 2205 1042 2261 prmgnans
1089 2189 1272 2261 (ναν.)
1310 2198 1487 2259 potest
1519 2188 1809 2258 baptizari,
1839 2203 1963 2242 cum

385 2299 490 2338 non
527 2283 597 2338 sit
627 2292 752 2338 ante
781 2281 1168 2354 omnipotentis
1197 2283 1291 2338 Dei
1336 2282 1524 2339 oculos
1577 2281 1733 2352 culpa
1783 2280 1962 2349 aliqua

382 2372 684 2427 fecunditas
715 2370 962 2445 [carnis].
995 2371 1129 2428 Nam
1158 2389 1278 2427 cum
1305 2372 1479 2444 primo
1513 2378 1766 2442 parentes
1791 2370 1962 2426 nostri

383 2464 734 2534 deliquissent
765 2465 818 2518 in
853 2465 1125 2534 paradiso,
1154 2463 1613 2520 immortalitatem
1664 2479 1825 2532 quam
1869 2477 1960 2518 ac-

382 2564 660 2625 ceperant,
688 2564 838 2612 recto
868 2556 960 2610 Dei
981 2555 1184 2625 iudicio
1203 2555 1572 2626 perdiderunt.
1616 2554 1750 2621 Quia
1782 2555 1962 2624 itaque

385 2645 526 2699 idem
553 2645 893 2714 omnipotens
923 2645 1062 2700 Deus
1089 2647 1382 2700 humanum
1405 2661 1574 2716 genus
1598 2645 1651 2698 in
1679 2645 1834 2714 culpa
1865 2659 1961 2699 sua

386 2736 625 2792 funditus
657 2737 1002 2808 exstinguere
1045 2739 1235 2803 noluit,
1263 2749 1317 2794 et
1356 2739 1816 2792 immortalitatem
1860 2740 1959 2794 bo-

385 2829 512 2884 mini
546 2845 644 2899 per
699 2839 981 2900 peccatum
1033 2829 1152 2903 [pro
1183 2831 1424 2902 peccato]
1455 2848 1608 2886 suum
1636 2833 1880 2897 abstulit,
1907 2841 1964 2888 et

387 2917 567 2991 (Vara)
591 2919 978 2990 benignitatem
1005 2935 1114 2976 sua:
1136 2921 1352 2990 pietatis
1395 2921 1725 2976 fecunditate
1765 2921 1964 2976 sobolis

384 3010 462 3064 eis
491 3010 806 3065 reservavit.
839 3010 992 3078 Quod
1017 3027 1145 3079 ergo
1207 3011 1384 3084 (Muli.
1413 3012 1545 3084 var.)
1593 3029 1698 3070 non
1753 3022 1962 3069 natura:

2141 1925 2165 1952 ο
2192 1913 2272 1968 Ad
2294 1913 2573 1969 mulierem
2619 1915 2834 1968 enixam
2865 1912 2952 1986 [ad
2980 1915 3096 1984 eius
3122 1931 3252 1970 vero
3275 1915 3663 1990 concubitum]

2066 2003 2149 2058 vir
2173 2019 2302 2058 suus
2323 2004 2580 2058 accedere
2608 2019 2716 2058 non
2743 2005 2919 2069 debet,
2950 2005 3300 2075 quoadusque
3328 2006 3512 2074 proles
3527 2023 3667 2075 qua

2065 2093 2323 2164 gignitur,
2356 2093 2674 2148 abiactetur.
2728 2092 2901 2148 Prava
2941 2103 3117 2149 autem
3157 2096 3211 2150 in
3237 2096 3665 2168 coniugator-um

2066 2185 2307 2241 moribus
2350 2185 2683 2242 consuetudo
2712 2188 2974 2251 surrexit,
3016 2196 3074 2242 ut
3111 2188 3364 2244 mulieres
3409 2189 3667 2245 infantes

2064 2293 2191 2332 suos
2218 2278 2339 2334 aliis
2372 2278 2688 2334 mulieribus
2733 2275 2892 2351 (Var.
2922 2279 3143 2350 etadd.)
3177 2280 3244 2335 ad
3297 2281 3665 2336 nutriendum

2065 2370 2300 2424 tradant.
2335 2369 2490 2438 Quod
2516 2385 2578 2426 ex
2624 2370 2735 2427 sola
2779 2387 2940 2426 causa
2985 2371 3383 2427 incontinentiae
3432 2373 3668 2427 videtur

2064 2459 2362 2524 inventum,
2393 2460 2520 2530 quia
2553 2461 2678 2516 dum
2710 2476 2768 2516 se
2797 2461 3076 2517 continere
3100 2461 3308 2527 nolunt,
3340 2463 3668 2533 despiciunt

2062 2548 2264 2604 iactare
2285 2565 2420 2619 quos
2441 2551 2681 2622 gignunt.
2724 2552 2818 2606 lia:
2847 2553 3030 2622 itaque
3070 2569 3188 2624 qua:
3225 2552 3362 2609 ﬂiios
3401 2570 3536 2610 suos
3589 2575 3668 2612 ex

2063 2658 2228 2712 prava
2251 2644 2640 2700 consuetudine
2671 2645 2789 2699 aliis
2812 2645 2878 2699 ad
2907 2645 3252 2700 nutriendum
3282 2649 3528 2713 tradunt,
3548 2650 3669 2704 nisi

2062 2733 2398 2804 purgationis
2426 2741 2636 2806 tempus
2665 2735 2964 2798 transierit,
2991 2724 3128 2790 viris
3149 2737 3261 2791 suis
3304 2754 3409 2793 non
3452 2739 3672 2794 debent

2065 2823 2351 2878 admisceri
2381 2842 2395 2878 :
2424 2826 2550 2894 quia
2591 2833 2647 2880 et
2676 2825 2792 2880 sine
2821 2835 3009 2896 partus
3039 2841 3225 2890 causa,
3255 2842 3376 2881 cum
3419 2829 3669 2884 insuetis

2066 2914 2385 2988 [consuetis]
2419 2917 2712 2973 menstruis
2756 2917 3086 2982 detinentur,
3111 2919 3242 2973 viris
3281 2920 3392 2974 suis
3429 2921 3666 2976 misceri

2064 3005 2450 3078 prohibentur;
2480 3009 2552 3062 ita
2579 3017 2640 3062 ut
2663 3017 2836 3063 morte
2863 3009 2948 3062 lex
2980 3024 3132 3064 sacra
3156 3009 3334 3074 feriat,
3353 3010 3398 3065 si
3421 3011 3553 3080 quis
3575 3013 3669 3066 vir

387 3103 649 3166 humanae,
680 3103 774 3158 sed
799 3103 1183 3173 omnipotentis
1210 3104 1302 3159 Dei
1325 3104 1468 3159 dono
1495 3115 1830 3160 reservatum
1855 3115 1958 3170 est,
1985 3115 2033 3179 ε
2066 3099 2134 3154 ad
2177 3107 2565 3155 menstruatam
2620 3099 2954 3173 [mulierem]
2998 3101 3237 3156 accedat.
3289 3101 3418 3168 Quae
3468 3112 3669 3157 tamen

384 3210 488 3262 qua
523 3194 729 3250 ratione
753 3195 949 3264 poterit
977 3195 1118 3250 sacri
1166 3196 1506 3265 baptismatis
1556 3198 1730 3268 gratia
1776 3198 1962 3268 probi-

389 3285 535 3341 beri?
571 3284 628 3339 ln
676 3284 769 3340 illo
809 3286 1007 3356 quippe
1035 3287 1404 3356 mysterio,in
1431 3304 1538 3360 quo
1581 3289 1757 3344 omnis
1804 3289 1963 3360 culpa

390 3375 628 3430 furuiitus
654 3375 1039 3447 exstinguitur,
1062 3376 1217 3431 valde
1259 3377 1483 3436 stultum
1521 3388 1628 3444 est,
1673 3380 1717 3434 si
1763 3379 1963 3434 donum

384 3465 570 3534 gratia:
597 3465 890 3520 contradici
919 3481 1077 3536 posse
1120 3468 1384 3522 videatur.
1433 3469 1567 3524 Cum
1621 3485 1750 3524 vero
1805 3471 1961 3528 enixa

389 3557 568 3620 fuerit,
594 3565 717 3626 post
745 3567 876 3626 quot
902 3557 1096 3613 debeat
1143 3558 1260 3613 dies
1309 3560 1502 3614 mulier
1547 3557 1829 3615 ecclesiam
1877 3562 1961 3614 in-

390 3646 770 3706 trare,\'cteris
793 3646 1118 3701 Testamenti
1147 3633 1567 3718 praceptumest
1586 3648 1966 3719 [praeceptione

389 3734 668 3805 didicisti],
695 3744 752 3790 ut
780 3751 879 3805 pro
913 3735 1154 3791 masculo
1181 3739 1250 3792 33
1281 3738 1488 3800 diebus,
1517 3754 1615 3808 pro
1643 3739 1841 3793 femina
1871 3757 1967 3796 au-

392 3833 498 3880 tem
528 3825 596 3882 66
625 3827 815 3883 diebus
836 3826 1030 3884 debeat
1061 3828 1352 3884 abstinere.
1395 3828 1578 3900 (Van)
1612 3830 1718 3886 Sed
1766 3832 1879 3886 ha'c
1910 3833 1966 3886 in

391 3917 648 3987 mysterio
667 3917 1028 3987 accipiuntur.
1050 3918 1183 3973 Nam
1209 3919 1253 3974 si
1278 3920 1410 3974 bora
1437 3921 1623 3976 eadem
1641 3939 1745 3994 qua
1769 3938 1969 3991 genue-

391 4049 482 4122 sed
510 4050 635 4122 sola
657 4050 1122 4122 persipicacitegsni
1161 4051 1360 4122 ingenii
1383 4052 1467 4104 hic
1489 4051 1694 4121 profert
1731 4053 1815 4106 vir
1840 4068 1966 4108 eru-

388 4121 550 4184 ditus,
583 4120 712 4174 illud
738 4121 877 4174 idem
901 4120 1252 4176 confirmatur
1270 4120 1498 4175 collect.
1524 4123 1643 4176 cod.
1696 4123 1963 4177 llerovall.

390 4190 831 4262 exquisitissima,
862 4208 893 4244 a
917 4206 1021 4262 qua
1049 4191 1204 4262 longe
1241 4193 1456 4262 absunt,
1485 4208 1818 4262 quaecunque
1843 4203 1968 4254 sunt

393 4207 831 4316 crauistussrma,
862 4208 893 4244 a
917 4207 1021 4260 qua
1050 4207 1204 4272 longe
1241 4207 1456 4272 absunt,
1485 4208 1818 4262 quaecunque
1843 4207 1964 4254 sunt

393 4277 421 4312 a
495 4261 705 4334 regorio
731 4261 925 4334 aliena.
953 4261 1102 4334 Unde
1129 4261 1261 4334 licet
1273 4261 1664 4334 Acolbgerenorn
1695 4278 1812 4317 esse
1827 4279 1964 4334 quo-

389 4344 494 4452 «ise
523 4329 769 4400 Gregorii
796 4345 936 4400 quan
957 4332 1189 4406 plurima
1216 4331 1346 4395 alia,
1379 4347 1496 4402 qua:
1538 4333 1777 4391 indicant
1826 4329 1967 4389 riotte

391 4415 419 4451 ει
481 4415 650 4452 mare.

391 4415 462 4452 Ml
481 4415 563 4452 ma
573 4416 650 4453 ΓΕ.

696 4470 816 4530 add.
840 4487 959 4540 qua:
980 4471 1244 4540 glossema
1275 4471 1513 4540 sapiunt.

467 4539 492 4579 δ
519 4539 630 4612 Hoc
652 4550 811 4612 caput
836 4539 1056 4594 notatur
1082 4543 1135 4595 in
1166 4541 1252 4612 ed.
1304 4539 1398 4612 10,
1427 4543 1551 4609 quia
1607 4541 1674 4596 de
1724 4543 1966 4612 reliquiis

328 4653 350 4681 ξι
393 4611 564 4664 sancti
593 4610 730 4666 Sixti
760 4612 1012 4682 ιιι-ψειερἰ
1035 4611 1205 4682 aliud,
1227 4611 1368 4682 quod
1415 4621 1678 4682 repugnat
1720 4610 1967 4682 genuina:

327 4680 348 4716 ά
395 4695 459 4732 ac
480 4688 642 4736 certe
669 4680 905 4749 epiStolte
934 4680 1002 4733 5.0
1034 4681 1124 4735 lib.
1156 4697 1225 4742 Iv,
1258 4681 1396 4734 unde
1428 4680 1571 4734 istud
1615 4680 1770 4736 abeét
1795 4699 1823 4736 a
1857 4683 1969 4737 col-

331 4764 338 4792 ε
396 4749 514 4802 lect.
542 4751 661 4804 cod.
697 4752 821 4804 Her.
855 4752 996 4806 sicut
1023 4769 1051 4804 a
1084 4768 1212 4805 mss.
1240 4749 1372 4804 Tell.
1399 4761 1452 4804 et
1482 4752 1970 4817 Carn.,ete.,sicut

396 4821 702 4874 observavit
723 4821 1141 4876 Gussanvillmus
1167 4822 1218 4875 in
1244 4822 1354 4876 suis
1383 4821 1543 4874 notis.

470 4898 492 4925 ε
524 4887 606 4942 Ab
635 4889 720 4942 bis
749 4892 931 4960 verbis
951 4891 1047 4948 hoc
1074 4908 1180 4946 non
1204 4891 1638 4960 ambigo,"usque
1669 4893 1737 4944 ad
1785 4891 1972 4948 mulier

397 4972 693 5033 prirgnans,
714 4958 795 5033 vir
817 4960 1002 5033 doctus
1029 4960 1329 5033 in_nuit_non
1347 4958 1475 5033 esse
1497 4958 1667 5033 sancti
1689 4961 1968 5033 Gregorii;

397 5027 649 5102 quianon
673 5028 798 5102 satis
815 5030 1053 5102 sopiunt,
1079 5029 1269 5098 inquit,
1285 5031 1492 5102 genium
1514 5028 1751 5100 Gregorii
1773 5027 1968 5102 magni.

399 5095 551 5222 good
582 5097 711 5152 dicit
737 5097 932 5154 nullius
956 5097 1073 5152 cod.
1105 5095 1424 5156 auctoritate
1462 5095 1636 5155 fretus
1651 5141 1664 5163 ,
1696 5102 1795 5155 hoc
1844 5095 1973 5158 con-

439 5181 677 5222 rmamus
700 5166 1015 5222 collectione
1041 5167 1167 5222 cod.
1191 5167 1315 5222 lier.
1345 5170 1398 5222 in
1427 5185 1530 5222 uua
1547 5171 1680 5222 nihil
1708 5169 1970 5222 eiusmodi

397 5166 677 5294 I{pugilatus
700 5166 1015 5223 collectione
1041 5167 1168 5224 cod.
1191 5167 1315 5222 lier.
1345 5170 1398 5222 in
1427 5185 1530 5239 qua
1547 5171 1680 5229 nihil
1708 5169 1970 5239 ejusmodi

431 5253 498 5294 ἰιι
568 5253 646 5291 ι’.-

431 5246 613 5291 mitur.
626 5266 646 5275 ι

447 5253 712 5381 similem
737 5324 844 5381 non
871 5308 1089 5381 disting.
1123 5323 1152 5381 a
1185 5309 1528 5381 praecedenti.

475 5389 498 5417 ο
539 5376 699 5433 Petro
724 5376 1110 5449 Gussanvillabo
1140 5376 1254 5449 hinc
1274 5379 1568 5449 propositio
1601 5379 1811 5434 videtur
1857 5396 1975 5435 susp

401 5455 552 5512 poeta
588 5466 608 5499 ι
645 5459 881 5519 prepter,
903 5448 1098 5518 inquit,
1126 5448 1291 5504 verba
1317 5449 1613 5519 sequentia,
1637 5449 1799 5502 donec
1828 5449 1974 5503 abla-

401 5526 583 5587 ctatur.
611 5517 911 5585 Quisenim
942 5517 1182 5574 virorum
1212 5519 1312 5574 ista
1341 5532 1400 5572 se
1421 5517 1536 5587 lege
1559 5519 1729 5573 teneri
1755 5520 1975 5573 credat?

406 5583 538 5657 Quis
571 5583 909 5657 prielatorum
939 5589 1044 5644 tale
1073 5589 1268 5644 audeat
1290 5583 1497 5657 iugunr
1520 5588 1811 5657 imponere.
1843 5590 1975 5644 Vide

407 5651 596 5729 Jouann‘.
628 5656 779 5712 Gcrs.
808 5659 873 5713 de
895 5651 1382 5730 prmparatione'ad
1397 5651 1630 5730 missurn
1637 5668 1766 5730 post
1798 5659 1971 5728 pollu-

407 5727 606 5776 tionem
639 5727 948 5781 nocturnam
977 5727 1298 5786 considerat.
1333 5727 1361 5780 7
1389 5735 1438 5784 et
1465 5729 1515 5784 8.
1557 5748 1574 5781 ι
1614 5727 1735 5784 Hart:
1757 5727 1837 5786 eSt
1870 5745 1976 5786 una

2066 3186 2284 3253 mulier,
2308 3188 2434 3243 dum
2464 3185 2646 3260 (ναν.)
2677 3189 3120 3244 consuetudinem
3149 3198 3491 3244 menstruam
3516 3193 3671 3258 pati-

2066 3285 2174 3341 tur,
2202 3277 2477 3346 prohiberi
2523 3279 2810 3334 ecclesiam
2841 3280 3046 3335 intrare
3072 3295 3176 3334 non
3209 3280 3366 3336 debet
3395 3298 3407 3333 :
3440 3283 3578 3352 quia
3613 3283 3670 3337 ei

2064 3378 2274 3424 natura:
2300 3368 2642 3440 superﬂuitas
2666 3371 2720 3424 in
2754 3370 2969 3440 culpam
2993 3387 3100 3425 non
3130 3371 3269 3426 valet
3296 3373 3565 3440 reputari.
3597 3373 3671 3427 Et

2065 3477 2163 3532 per
2189 3463 2292 3518 hoc
2320 3463 2463 3532 quod
2494 3463 2661 3517 invita
2695 3462 2924 3534 patitur,
2955 3464 3155 3534 iustum
3186 3481 3289 3518 non
3336 3473 3420 3519 est
3465 3475 3537 3518 ut
3579 3466 3669 3520 in-

2066 3567 2251 3625 gressu
2278 3551 2519 3608 ecclesiae
2544 3553 2802 3623 privetur.
2831 3552 3090 3608 Novimus
3111 3570 3340 3624 namque
3363 3557 3513 3625 quod
3541 3572 3669 3611 mu-

2066 3642 2166 3696 lier
2193 3657 2315 3711 quae
2345 3641 2624 3712 sanguinis
2653 3641 2858 3696 ﬂuxum
2897 3644 3224 3712 patiebatur,
3265 3653 3385 3713 post
3438 3653 3667 3716 tergum

2067 3734 2278 3789 Domini
2308 3721 2586 3790 humiliter
2621 3734 2842 3790 veniens
2878 3735 3183 3790 vestimenti
3223 3734 3338 3803 eius
3379 3735 3667 3792 limbria

2070 3826 2266 3897 tetigit,
2295 3835 2456 3895 atque
2483 3824 2552 3879 ab
2576 3841 2638 3880 ea
2670 3825 2852 3880 statim
2876 3841 2970 3879 sua
3010 3825 3297 3880 infirmitas
3324 3827 3576 3880 recessit.
3602 3827 3665 3882 Si

2067 3932 2197 3986 ergo
2238 3916 2290 3970 in
2339 3914 2482 3970 ﬂuxu
2533 3916 2812 3986 sanguinis
2865 3916 3059 3985 pesita,
3089 3915 3430 3970 laudabiliter
3483 3921 3668 3986 potuit

2069 4051 2205 4105 ratio
2232 4051 2336 4105 viri
2363 4051 2525 4111 docti,
2555 4066 2688 4121 qua:
2731 4051 2861 4121 quin
2911 4051 3043 4106 mihi
3087 4050 3335 4106 videatur
3363 4067 3516 4116 vera,
3553 4053 3664 4108 tria

2068 4121 2385 4190 impediunt.
2432 4121 2487 4174 1ο
2530 4120 2664 4187 Quia
2693 4120 2843 4176 nullo
2879 4121 3246 4190 cuiuscunque
3274 4121 3479 4176 codicis
3512 4125 3667 4178 testi-

2070 4191 2249 4248 monio
2287 4191 2474 4262 utitur.
2500 4190 2559 4244 2ο
2583 4192 2719 4258 Quia
2746 4192 2915 4246 codex
2947 4190 3353 4262 Heruvallianus
3378 4193 3480 4262 qui
3501 4208 3663 4248 veras

2069 4262 2238 4331 ipsius
2269 4257 2830 4330 coniecturas'sznpius
2859 4261 3166 4325 confirmat,
3199 4263 3336 4316 hanc
3368 4257 3426 4316 u-t
3458 4261 3663 4317 falsam

2069 4332 2316 4385 revincit.
2346 4331 2404 4384 5°
2429 4331 2564 4396 Quia
2589 4345 2656 4386 ex
2679 4332 2780 4386 hac
2810 4332 3020 4386 rat-ioue
3044 4340 3367 4401 sequeretur
3407 4333 3664 4401 quaedam

2069 4402 2290 4456 Patrum
2317 4401 2624 4455 testimonia
2647 4402 2954 4472 certissima
2982 4402 3215 4472 expungi
3243 4403 3474 4466 debere;
3505 4403 3663 4456 verbi

1997 4459 2044 4520 D
2069 4472 2240 4542 gratia
2281 4485 2403 4524 cum
2425 4480 2655 4542 sanctus
2683 4471 2930 4542 Clemens
2963 4459 3358 4526 Alexandrinus
3381 4459 3662 4542 ita'loqui-

2073 4541 2161 4595 tur
2206 4541 2301 4594 lib.
2332 4557 2390 4595 ιιι
2417 4541 2750 4596 Stromatum
2778 4561 2789 4594 :
2819 4560 2836 4592 ι
2871 4541 3019 4596 Unde
3049 4542 3250 4595 nullum
3282 4558 3346 4596 ex
3377 4541 3663 4598 veteribus

2071 4627 2137 4682 ex
2174 4610 2454 4682 Scriptura
2478 4612 2781 4669 ostenderis
2807 4612 2897 4681 qui
2929 4626 3048 4682 cum
3073 4622 3384 4682 praegnante
3417 4629 3532 4669 rem
3562 4614 3662 4667 ha-

2072 4681 2280 4745 buerit;
2316 4682 2408 4734 sed
2432 4689 2716 4804 postquam
2737 4681 2975 4804 (gestavit
3013 4681 3248 4745 uterum,
3279 4692 3327 4736 cl
3368 4693 3659 4752 postquam

2073 4751 2274 4804 editum
2307 4751 2472 4804 fetum
2510 4767 2539 4804 a
2591 4761 2708 4804 acte
2771 4752 2958 4804 enulit.
2986 4768 3172 4804 rursus
3200 4767 3228 4804 a
3254 4755 3386 4804 viris
3412 4755 3659 4804 cognitas

2073 4751 2274 4822 editum
2307 4751 2472 4808 fctum
2509 4767 2539 4822 ξι
2571 4751 2708 4806 lacte
2737 4751 2958 4822 depulit,
2986 4768 3172 4806 rursus
3200 4767 3228 4805 a
3254 4751 3386 4806 viris
3412 4755 3662 4820 cognitas

2075 4820 2241 4874 fuisse
2262 4836 2474 4876 uxores.
2501 4819 2620 4892 Jan}
2648 4823 2789 4876 hunc
2804 4819 3038 4892 scopum
3069 4831 3124 4876 et
3153 4823 3457 4878 institutum
3486 4819 3659 4879 inve-

2075 4891 2191 4964 nies
2231 4900 2535 4964 servantem
2564 4891 2761 4962 Moysis
2786 4901 3020 4964 patrem,
3047 4906 3168 4946 cum
3212 4894 3508 4964 triennium
3539 4905 3661 4964 pest

2075 4961 2340 5032 Aaroncm
2389 4961 2592 5032 editum
2643 4961 3040 5024 intermisisset,
3093 4963 3344 5032 genuisse
3395 4961 3656 5032 Moysem.

2076 5031 2360 5104 Et_rursus
2383 5031 2809 5104 _l_evitica__tribus
2835 5046 3060 5104 servans
3088 5031 3225 5104 hanc
3251 5041 3461 5087 natura:
3482 5031 3658 5104 legem

2077 5116 2108 5158 a
2137 5101 2248 5155 Deo
2278 5101 2552 5164 traditam,
2585 5100 2702 5157 aliis
2729 5117 2955 5156 numero
2993 5103 3167 5156 minor
3195 5103 3440 5164 ingressa
3472 5100 3562 5158 est
3601 5107 3656 5157 in

2078 5180 2277 5226 terram
2309 5170 2647 5245 promissam.
2676 5170 2790 5226 Non
2813 5171 2956 5245 enim
2987 5170 3553 5245 l'acil‘e-mtdliplicatur
3571 5190 3660 5245 ge-

2077 5256 2200 5304 nus,
2223 5240 2351 5313 cum
2372 5241 2474 5313 viri
2499 5240 2713 5309 quidem
2733 5241 3001 5296 seminant
3025 5242 3117 5310 qui
3139 5240 3436 5313 legitimum
3469 5240 3661 5297 iuerint

2077 5310 2502 5380 matrimonium,
2549 5319 2864 5380 exspectant
2904 5321 3083 5366 autem
3135 5310 3241 5366 no'n
3292 5312 3467 5368 solum
3515 5314 3654 5368 uteri

2109 5379 2448 5444 estationem,
2493 5382 2587 5435 sed
2641 5379 2804 5435 etiam
2857 5397 2886 5436 a
2944 5382 3080 5436 lacte
3139 5383 3202 5435 de
3243 5382 3511 5437 uisionem
3559 5385 3588 5416 ³
3632 5404 3647 5431 ι

2076 5395 2278 5504 Eadem
2303 5449 2680 5504 commendant
2699 5459 2751 5504 et
2772 5400 3314 5504 nrmciniuntunitram
3332 5453 3424 5504 alii
3448 5453 3647 5504 Patres.

2123 5450 2278 5504 adem
2303 5449 2680 5522 commendant
2699 5459 2751 5522 et
2772 5449 3314 5522 prmcipiuntqnidam
3332 5453 3424 5507 alii
3448 5453 3652 5512 Patres.

2079 5528 2296 5575 sanctus
2336 5519 2677 5584 Ambrosius,
2708 5519 3000 5591 Gregorius
3029 5519 3162 5592 papa
3198 5521 3284 5586 lll,
3316 5532 3372 5578 et
3394 5532 3652 5593 quotquot

2147 5662 2177 5692 ⁸
2207 5659 2567 5733 Ἀναμινόντων
2604 5658 2655 5715 δὲ
2689 5663 2746 5715 οὐ
2784 5667 2870 5722 τήν
2904 5667 3166 5733 νυοξορίαν
3197 5664 3361 5731 μόναν,
3413 5664 3533 5717 ἆ).ὶά
3575 5665 3652 5718 ui

2079 5736 2168 5790 viiii
2193 5730 2281 5800 γα)
2291 5730 2449 5788 αήκτον
2457 5735 2598 5803 χέειν.
3003 5730 3018 5740 ”
