3924 6180
318 363 453 424 1081

1164 366 1478 422 CANONES
1517 363 1802 420 SELECTI
1843 363 1935 417 EX
1981 361 2133 415 VET.
2177 359 2331 415 CAN.
2368 355 2702 415 COLLECT.

3426 355 3563 412 i083

318 484 529 542 Domini
559 484 934 538 vestimentum
977 493 1223 554 tangere,
1259 500 1357 539 cur
1399 497 1517 553 qua
1552 489 1885 536 menstruam
1913 483 1962 542 Α
1990 475 2089 529 fuit
2106 473 2248 544 quod
2269 473 2646 537 dimitteretur,
2674 472 2796 527 ideo
2818 484 2928 526 non
2951 475 3035 525 est
3055 468 3334 525 dimissum
3358 470 3411 524 in
3437 469 3569 540 bap-

318 576 596 646 sanguinis
635 575 866 646 patitur,
896 574 943 628 ei
990 589 1094 627 non
1138 573 1299 628 liccat
1343 573 1555 627 Domini
1602 569 1886 626 ecclesiam

325 665 563 724 .ntrare?
592 676 618 704 ι
660 663 872 718 Sancta
919 671 1097 717 autem
1140 661 1531 717 communionis
1572 658 1887 730 mysterium

327 755 376 811 ἧι
401 756 604 812 eisdem
636 754 826 809 diebus
854 753 1131 822 percipere
1163 751 1438 822 prohiberi
1480 765 1586 804 non
1627 749 1802 803 debet.
1832 746 1890 800 Si

329 861 450 902 vero
475 843 566 900 illa
596 856 665 898 ex
701 857 891 913 magna
919 841 1262 897 veneratione
1293 839 1568 909 percipere
1597 853 1703 892 non
1751 851 1890 905 pra-

321 936 507 998 sumit,
536 934 800 989 laudanda
829 942 912 988 est
941 950 954 985 :
985 932 1031 987 si
1069 947 1201 988 vero
1229 932 1487 1001 percepit,
1511 945 1616 985 non
1646 928 1894 996 judican-

323 1027 413 1081 da.
436 1023 708 1080 Bonarum
737 1023 994 1077 mentium
1024 1030 1126 1086 est,
1152 1030 1204 1078 et
1235 1023 1307 1077 ibi
1333 1023 1511 1092 aliquo
1533 1022 1692 1076 modo
1713 1020 1895 1089 culpas

325 1131 453 1174 suas
478 1129 793 1186 agnoscere,
819 1111 908 1167 ubi
935 1113 1089 1181 culpa
1119 1129 1224 1167 non
1268 1121 1389 1168 est:
1423 1113 1548 1183 quia
1593 1127 1732 1181 sape
1780 1111 1896 1166 sine

326 1207 484 1277 culpa
513 1205 711 1277 agitur,
735 1203 877 1273 quod
919 1205 1067 1258 venit
1101 1220 1164 1259 ex
1197 1202 1372 1273 culpa.
1405 1203 1556 1258 Unde
1580 1203 1742 1257 etiam
1773 1215 1895 1256 cum

327 1298 620 1359 esurimus,
651 1296 766 1350 sine
814 1295 968 1364 culpa
1013 1294 1377 1358 comedimus,
1403 1293 1597 1362 quibus
1629 1308 1694 1347 ex
1740 1291 1897 1359 culpa

326 1389 490 1463 primi
529 1387 761 1443 hominis
789 1385 989 1442 factum
1020 1395 1136 1450 est,
1167 1395 1226 1441 ut
1265 1387 1586 1442 esuriamus.
1627 1385 1898 1438 Menstrua

325 1481 474 1534 enim
514 1479 844 1535 consuetudo
886 1477 1199 1532 mulieribus
1251 1493 1354 1532 non
1409 1477 1586 1546 aliqua
1615 1475 1769 1545 culpa
1797 1483 1896 1537 est,

328 1568 581 1622 videlicet
611 1567 702 1638 qui
745 1567 1064 1621 naturaliter
1112 1567 1324 1622 accidit.
1378 1565 1481 1622 Sed
1531 1574 1713 1620 tamen
1760 1563 1902 1633 quod

329 1669 522 1715 natura
556 1659 672 1729 ipsa
714 1659 786 1712 ita
829 1658 1015 1711 vitiata
1038 1665 1139 1717 est,
1165 1667 1224 1711 ut
1257 1658 1416 1711 etiam
1462 1657 1576 1710 sine
1614 1655 1904 1723 voluptatis

330 1750 511 1806 studio
556 1748 804 1803 videatur
836 1761 955 1802 esse
997 1747 1221 1817 polluta,
1251 1762 1317 1800 ex
1353 1745 1506 1816 culpa
1533 1746 1682 1799 venit
1711 1743 1904 1798 vitium

1991 566 2245 629 tismate;
2280 571 2335 619 et
2381 564 2505 633 quia
2540 570 2817 632 peccatum
2869 576 2976 615 non
3025 557 3158 625 fuit,
3190 560 3245 614 in
3289 563 3568 628 peccatum

1993 653 2360 725 reputabitur?
2382 653 2573 709 Omnia
2596 659 2798 715 scorta,
2827 650 3197 722 parricidium,
3221 656 3278 704 et
3307 651 3571 705 incestum

1993 744 2138 799 ferite
2161 752 2494 814 purgantur:
2527 743 2711 797 uxoris
2747 743 3082 797 inharebunt
3126 739 3367 805 macula,
3406 749 3462 795 et
3487 741 3575 795 lu-

1991 835 2211 905 panaria
2240 835 2488 890 thalamis
2524 832 2896 903 praefereutur.
2938 831 3171 886 Audiam
3199 832 3301 886 hoc
3332 831 3533 887 ethnici
3551 873 3575 901 .,

1993 926 2364 981 catechumeni
2388 935 2442 979 et
2461 941 2566 980 non
2590 926 2816 980 honesta
2829 922 3056 993 iungant
3078 923 3454 978 matrimonia:
3477 921 3572 977 sed

1996 1015 2325 1080 Scottorum,
2357 1025 2411 1070 et
2438 1015 2735 1070 Atticorum
2761 1015 2867 1067 ritu
2895 1013 3232 1083 promiscuas
3258 1027 3488 1077 uxores,
3520 1019 3574 1065 et

1995 1121 2307 1162 communes
2334 1103 2533 1158 liberos
2570 1103 2842 1157 habeant:
2885 1102 2995 1156 imo
3035 1108 3262 1156 caveant
3285 1100 3574 1169 qualecun-

1997 1211 2099 1264 que
2122 1194 2440 1248 vocabulum
2480 1191 2718 1262 conjugis
2738 1232 2753 1255 ,
2799 1206 2867 1247 ne
2907 1199 3189 1260 postquam
3222 1191 3274 1244 in
3302 1190 3574 1245 Christum

1997 1283 2339 1344 crediderint,
2356 1291 2548 1337 noceat
2565 1283 2644 1336 eis
2667 1279 2809 1352 quod
2835 1296 3029 1335 uxores
3051 1288 3107 1334 et
3128 1295 3232 1333 non
3252 1279 3579 1334 concubinas

1998 1384 2053 1429 et
2081 1375 2390 1429 meretrices
2419 1373 2725 1427 habuerint.
2757 1370 3112 1440 lmputabitur
3136 1369 3422 1425 infelicitas
3451 1385 3579 1424 con-

1993 1462 2138 1535 jugis
2167 1471 2412 1527 mortua,
2439 1470 2493 1516 et
2523 1462 2686 1516 libido
2713 1460 3019 1515 meretricia
3041 1460 3420 1522 coronabitur;
3451 1467 3505 1513 et
3534 1459 3579 1512 si

2002 1553 2346 1608 matrimonio
2373 1551 2707 1623 copulasses,
2753 1567 2861 1605 non
2895 1564 3083 1620 posses
3109 1549 3394 1618 aliquando
3424 1548 3583 1604 cleri-

2003 1662 2100 1702 cus
2153 1647 2414 1701 ordinari.
2461 1645 2541 1700 Illi
2591 1642 2954 1698 benedictioni
2999 1641 3210 1696 Domini
3251 1640 3580 1703 servientes,

2005 1737 2248 1802 Crescite,
2267 1747 2316 1790 ct
2341 1735 2776 1806 multiplicamini,
2808 1732 3022 1801 etquod
3044 1731 3259 1793 licebat,
3283 1730 3586 1785 verecundo

335 1843 444 1916 [ex
493 1840 661 1911 culpa
706 1839 852 1896 venit
889 1837 1080 1911 vitio],
1113 1838 1166 1893 in
1209 1853 1315 1906 quo
1340 1838 1569 1906 seipsam
1598 1835 1771 1905 qua-lis
1806 1849 1903 1905 per
1934 1819 1978 1879 Β
2005 1829 2206 1900 pudore
2235 1827 2512 1882 celarunt:
2543 1835 2601 1880 tu
2632 1823 2775 1896 quod
2826 1839 2932 1916 nim
2978 1822 3202 1916 licebat,
3251 1821 3588 1916 impudenter

323 1935 588 2007 judicium
638 1931 782 1986 facta
839 1931 910 1985 sit
957 1931 1192 1985 humana
1234 1937 1428 1983 natura
1485 1934 1817 1998 cognoscat:
1852 1933 1906 1980 et

329 2029 496 2083 homo
529 2025 622 2095 qui
647 2023 859 2093 culpam
900 2028 1089 2092 sponte
1123 2020 1475 2090 perpetravit,
1506 2027 1712 2073 reatum
1739 2016 1908 2086 culpa

332 2127 510 2190 portet
534 2116 751 2171 invitus.
779 2115 807 2154 δ
830 2112 983 2169 Sicut
1001 2113 1054 2167 in
1069 2113 1415 2167 Testamento
1441 2111 1617 2166 Veteri
1640 2110 1909 2164 exteriora

334 2221 503 2276 opera
531 2205 916 2266 observantur,
942 2202 1014 2256 ita
1041 2202 1093 2256 in
1119 2200 1460 2255 Testamento
1488 2199 1635 2254 Novo
1662 2214 1766 2254 non
1798 2210 1911 2252 tam

330 2298 479 2367 quod
507 2297 747 2351 exterius
782 2295 980 2364 agitur,
1011 2308 1174 2364 quam
1203 2293 1254 2347 id
1287 2294 1427 2363 quod
1475 2292 1719 2346 exterius
1765 2291 1912 2360 eugi-

332 2397 500 2450 tatur,
525 2386 748 2443 solliciti
777 2385 1074 2440 intentione
1100 2384 1416 2448 attemlitur,
1445 2391 1502 2437 ut
1547 2381 1732 2437 subtili
1789 2396 1913 2436 sen-

333 2480 504 2534 tentia
528 2479 893 2550 perpendatur
923 2475 1283 2549 [puniuntur].

815 2648 908 2704 EX
943 2647 1187 2705 CAPITE
1225 2646 1435 2702 LXXV.

763 2769 785 2797 ⁸
811 2775 862 2813 IN
891 2774 1146 2815 EPISTOLA
1175 2774 1486 2813 HIERONYII.

423 2894 503 2950 De
530 2911 588 2949 eo
615 2893 752 2965 quod
776 2895 848 2947 ait
871 2893 1186 2964 Apostolus:
1224 2893 1396 2968 Unius
1418 2893 1603 2948 uxoris
1628 2893 1824 2949 virum.

411 2985 711 3054 Nunquam,
738 2984 810 3038 ﬁli
838 2984 1068 3048 Oceane,
1091 2982 1205 3038 fore
1228 2986 1504 3054 putabam,
1529 2985 1914 3055 indulgentiam

336 3077 601 3148 principis
643 3075 963 3131 calumniam
1006 3077 1271 3130 sustinere
1308 3089 1542 3130 reorum.
1569 3075 1594 3114 ἀ
1627 3075 1917 3148 Consurgit

2007 1917 2239 1990 gessisti.
2271 1915 2378 1970 Illis
2415 1915 2675 1984 scriptum
2703 1920 2803 1976 est,
2841 1909 3187 1965 Honorabiles
3217 1912 3450 1978 nuptite:
3491 1910 3586 1963 tibi

2007 2007 2240 2076 legitur,
2287 2003 2658 2058 Fornicatores
2703 2010 2754 2055 et
2791 1999 3054 2054 adulteros
3093 1999 3268 2066 perdet
3311 1999 3584 2052 Dominus.

2008 2095 2202 2150 Omnia
2233 2096 2346 2149 hac
2372 2095 2426 2148 in
2448 2093 2714 2161 baptismo
2745 2090 3044 2146 condonata
3074 2097 3199 2143 sunt
3223 2088 3446 2143 crimina
3464 2127 3479 2152 ,
3509 2087 3588 2140 di-

2009 2195 2162 2241 cente
2190 2185 2446 2255 Apostolo
2471 2203 2483 2238 :
2526 2183 2658 2236 Htrc
2676 2181 2885 2253 quidem
2907 2181 3101 2251 fuistis,
3133 2179 3223 2259 sed
3253 2177 3416 2232 abluti
3445 2178 3586 2231 estis.

2013 2274 2118 2331 Sed
2153 2291 2336 2345 quaero
2360 2274 2626 2343 quomodo
2657 2280 2764 2328 tua
2803 2272 2989 2328 sordes
3018 2271 3140 2326 lota
3185 2278 3344 2332 sunt,
3376 2277 3433 2325 et
3458 2285 3590 2323 mea

2011 2365 2289 2420 munditia
2316 2364 2624 2420 sordidata.
2669 2361 2726 2416 Si
2757 2361 2939 2416 sordes
2977 2360 3222 2424 fuissent,
3255 2359 3376 2414 lota
3406 2359 3591 2428 utique

2013 2463 2212 2512 essent.
2245 2455 2302 2510 Si
2329 2470 2459 2510 vero
2503 2453 2692 2509 sordes
2721 2468 2824 2508 non
2851 2458 3008 2517 sunt,
3038 2450 3306 2521 quomodo
3345 2456 3444 2520 pro
3469 2465 3588 2505 sor-

2012 2548 2170 2603 dibus
2193 2547 2558 2619 imputantur?
2594 2545 2724 2614 Qua
2745 2554 2826 2600 est
2852 2546 2948 2600 ista
2974 2544 3368 2615 tergiversatio,
3395 2553 3446 2599 et
3469 2561 3593 2600 acu-

2015 2652 2136 2693 men
2163 2637 2308 2692 omni
2339 2635 2539 2708 pistillo
2568 2635 2843 2692 retusius?
2879 2633 3012 2702 Quia
3043 2636 3183 2704 quod
3223 2649 3330 2690 non
3356 2643 3442 2689 est
3464 2650 3591 2705 pec-

2013 2734 2225 2790 catum,
2269 2734 2548 2795 peccatum
2579 2732 2663 2779 est
2703 2725 2845 2793 quod
2889 2739 2993 2777 non
3025 2723 3260 2778 dimittat
3298 2724 3591 2788 Dominus;

2015 2817 2143 2886 quia
2173 2831 2279 2870 non
2306 2816 2496 2872 habuit
2522 2815 2664 2884 quod
2704 2815 3030 2870 dimitteret:
3081 2822 3135 2870 et
3179 2813 3380 2869 idcirco
3416 2827 3600 2871 manet

2014 2907 2160 2976 quod
2186 2906 2464 2961 dimissum
2487 2919 2594 2960 non
2620 2904 2739 2958 fuit.
2768 2903 2874 2959 Sed
2896 2906 2962 2958 de
2982 2904 3081 2958 hoc
3101 2905 3242 2973 quod
3265 2903 3414 2969 dicit,
3439 2905 3593 2959 unius

2017 2996 2196 3051 uxoris
2225 2998 2389 3050 virum
2409 3014 2428 3061 ;
2462 2996 2636 3065 prima
2667 2995 2868 3052 Christi
2917 2996 3152 3052 Ecclesia
3185 3013 3302 3065 quae
3347 2998 3414 3052 ab
3451 2997 3591 3067 Apo-

2019 3085 2155 3141 stolo
2181 3087 2490 3150 docebatur,
2522 3102 2586 3142 ex
2614 3085 2776 3142 Israel
2815 3085 2947 3152 fuit,
2977 3087 3063 3140 cui
3106 3088 3435 3142 consuetudo
3477 3095 3588 3142 erat

338 3169 474 3224 mihi
512 3167 770 3223 Cainiana
813 3164 1022 3239 [Caina]
1054 3166 1296 3232 haresis,
1342 3175 1396 3221 et
1437 3174 1682 3221 emortua
1725 3168 1912 3238 vipera
1942 3176 1986 3236 (ζ
2019 3191 2083 3230 ex
2105 3175 2221 3246 lege
2243 3183 2296 3230 et
2314 3175 2556 3245 exemplo
2576 3176 3001 3245 patriarcharum
3028 3175 3158 3244 ipsis
3183 3190 3393 3248 quoque
3414 3193 3594 3232 sacer-

337 3261 631 3316 contritum
667 3267 826 3329 caput
874 3257 1018 3312 levat
1065 3268 1088 3296 ο
1134 3257 1360 3312 dicendo
1404 3271 1527 3312 esse
1575 3257 1755 3326 aliqua
1799 3272 1920 3326 qua

336 3353 589 3407 Christus
623 3363 853 3420 purgare
882 3363 988 3402 non
1015 3347 1204 3417 possit.
1243 3347 1260 3386 ί
1307 3347 1606 3412 Cartarius,
1652 3347 1921 3418 Hispania

338 3444 647 3515 episcOpus,
661 3456 822 3496 unam
843 3450 1130 3510 antequam
1150 3437 1778 3510 baptizaretur,alteram
1799 3445 1922 3508 post

340 3533 664 3603 baptismum
691 3532 871 3602 priore
896 3540 1106 3586 mortua
1129 3531 1282 3587 duxit
1305 3545 1529 3586 uxorem
1556 3547 1569 3583 :
1609 3538 1666 3585 et
1691 3529 1920 3585 arbitra-

342 3622 421 3676 ris
446 3636 572 3676 eum
598 3629 785 3678 contra
808 3621 1119 3692 Apostolum
1150 3620 1384 3676 fecisse?
1418 3623 1442 3662 ⁸
1470 3621 1708 3677 Sustinui
1737 3621 1921 3676 Romae

339 3728 370 3764 a
407 3711 520 3766 viro
548 3711 982 3780 eloquentissimo
1012 3720 1319 3778 cornutum,
1349 3719 1409 3766 ut
1435 3712 1652 3777 dicitur,
1674 3711 1922 3784 syllogis-

344 3815 516 3864 mum,
545 3801 634 3869 qui
656 3800 1006 3872 interrogavit
1029 3815 1153 3856 me:
1195 3800 1429 3861 Uxorem
1461 3801 1658 3856 ducere
1686 3807 1772 3855 est
1795 3815 1920 3870 pec-

339 3891 557 3946 catum?
584 3890 694 3963 Ego
716 3891 1028 3961 simpliciter
1051 3892 1332 3962 respondi:
1357 3890 1474 3946 Non
1507 3899 1594 3946 est
1616 3900 1916 3962 peccatum.

343 3981 412 4033 l-It
442 3978 532 4033 ille
569 3979 740 4033 dixit:
776 3979 832 4033 in
868 3981 1132 4050 baptismo
1160 3981 1300 4035 mala
1337 3997 1501 4050 opera
1542 3982 1918 4048 dimittuntur.

339 4083 451 4123 non
489 4068 650 4123 bona.
690 4070 830 4140 Ergo
855 4085 973 4138 qua
1011 4085 1117 4126 non
1148 4071 1520 4138 dimittuntur,
1549 4079 1916 4126 reservantur.

343 4159 413 4211 Et
456 4173 556 4228 ego
594 4159 812 4229 inquio:
854 4159 1159 4229 Baptismus
1183 4175 1249 4213 ex
1289 4167 1399 4214 toto
1428 4175 1625 4214 novum
1649 4159 1922 4215 hominem

342 4251 517 4306 facit?
548 4249 712 4321 Resp.
743 4265 805 4305 ex
838 4258 951 4305 toto
994 4250 1318 4320 interrogavi
1343 4268 1356 4303 :
1397 4249 1540 4305 Nihil
1567 4264 1695 4319 ergo
1722 4249 1922 4304 veteris

341 4341 578 4397 hominis
602 4341 655 4395 in
699 4343 1023 4411 baptismate
1061 4350 1403 4396 reservatur:
1450 4357 1557 4396 non
1585 4349 1761 4411 potest
1782 4355 1923 4395 novo

339 4431 616 4502 imputari,
663 4432 804 4500 quod
836 4431 887 4483 in
918 4430 1081 4485 veteri
1120 4431 1389 4498 quondam
1439 4429 1580 4484 fuit?
1620 4429 1917 4484 Obmutuit.

2018 3268 2230 3324 dotibus
2252 3268 2304 3321 in
2325 3267 2508 3322 multis
2530 3267 2790 3321 uxoribus
2811 3266 3007 3321 liberos
3033 3281 3305 3336 spargere.
3333 3267 3593 3338 Pracepit

2017 3371 2165 3427 ergo,
2197 3371 2264 3409 ne
2293 3354 2537 3409 eamdem
2573 3353 2844 3408 licentiam
2891 3352 3146 3408 Ecclesia
3189 3353 3290 3408 sibi
3323 3354 3596 3410 vindicent

2018 3445 2344 3510 sacerdotes,
2386 3445 2481 3499 sed
2528 3451 2590 3498 ut
2634 3442 2858 3513 singulis
2904 3459 3012 3498 uno
3051 3451 3292 3513 tempore
3336 3445 3586 3500 habeant.

2017 3536 2264 3604 Quaram
2291 3543 2348 3590 et
2371 3533 2514 3589 aliud
2539 3551 2553 3587 :
2593 3533 2651 3588 Si
2692 3533 2814 3604 quis
2843 3542 2968 3587 ante
2994 3532 3319 3603 baptismum
3345 3533 3593 3588 habuerit

2019 3625 2394 3689 concubinam,
2440 3632 2495 3679 et
2533 3623 2619 3678 illa
2662 3632 2874 3678 mortua
2902 3622 3208 3692 baptizatus
3234 3639 3457 3681 uxorem
3496 3624 3593 3679 du-

2017 3717 2178 3783 xerit,
2199 3723 2378 3770 utrum
2400 3715 2630 3771 clericus
2661 3714 2776 3771 ﬁeri
2802 3714 3028 3770 debeat?
3049 3713 3416 3786 Respondebis
3436 3729 3596 3786 posse

2020 3805 2157 3871 fieri,
2190 3807 2316 3876 quia
2360 3807 2715 3860 concubinam
2756 3806 2974 3872 habuit,
3014 3822 3122 3862 non
3162 3823 3403 3862 uxorem.
3452 3807 3590 3879 Ergo

2021 3892 2350 3965 [coniugales
2377 3894 2570 3949 tabula
2598 3892 2674 3966 et]
2699 3893 2895 3948 dotalia
2917 3893 3040 3962 jura
3067 3896 3133 3949 ab
3158 3895 3412 3966 Apostolo
3429 3937 3444 3963 ,
3486 3913 3590 3952 non

2019 3983 2190 4038 coitus
2219 3983 2625 4038 condemnatur.
2657 3984 2674 4024 ί
2712 3982 2861 4038 Unde
2885 3997 3008 4038 cum
3032 3983 3191 4037 unius
3213 3983 3395 4039 uxoris
3417 3985 3589 4041 virum

2019 4077 2174 4144 dicit,
2202 4077 2359 4132 unius
2384 4076 2624 4130 mulieris
2663 4076 2833 4145 possit
2871 4073 3095 4146 intelligi
3136 4075 3327 4130 coitus.
3373 4073 3487 4129 Non
3525 4078 3590 4130 ad

2021 4167 2231 4224 tabulas
2253 4165 2458 4221 dotales
2485 4173 2696 4236 Oportet
2721 4163 2866 4219 ferre
2907 4163 3214 4232 Scripturas
3237 4171 3468 4227 sanctas,
3499 4164 3590 4218 sed

2023 4260 2096 4315 ita
2125 4267 2183 4314 ut
2209 4266 2334 4312 sunt
2358 4257 2688 4326 intelligere:
2715 4270 2814 4310 nec
2837 4269 3100 4310 evacuare
3125 4255 3447 4324 baptismum
3472 4255 3589 4308 Sal-

2020 4345 2287 4411 vatoris,i
2330 4345 2383 4399 in
2412 4359 2520 4415 quo
2557 4345 2738 4400 omnia
2782 4352 3004 4413 peccata
3050 4354 3383 4415 merguntur.
3436 4345 3502 4400 Et
3547 4346 3589 4400 si

2021 4436 2199 4490 omnia
2246 4442 2464 4504 peccata
2510 4442 2845 4505 merguntur,
2881 4433 3149 4502 quomodo
3177 4449 3281 4488 una
3327 4448 3465 4486 uxor
3505 4451 3589 4488 su-

340 4524 452 4578 Sed
497 4539 618 4577 eum
663 4522 805 4592 loqui
833 4522 1084 4585 nesciret,
1130 4531 1309 4576 tacere
1354 4538 1458 4576 non
1504 4523 1716 4591 potuit:
1758 4520 1920 4590 capit
1949 4533 1996 4593 ι)
2019 4524 2302 4600 pernatat?
2328 4523 2477 4578 Beati
2507 4540 2730 4594 quorum
2757 4524 2985 4578 remissa
3012 4531 3133 4576 sunt
3159 4521 3469 4592 iniquitates.
3497 4522 3591 4577 Ar-

338 4615 564 4679 sudare,
593 4613 907 4683 pallescere,
945 4621 1175 4666 tremere
1196 4613 1374 4676 labia;
1405 4612 1582 4682 erupit
1609 4611 1916 4682 aliquando,

338 4713 398 4758 et
427 4703 534 4756 ait:
588 4701 703 4757 Non
743 4700 918 4773 legisti
956 4703 1114 4756 unius
1160 4701 1345 4756 uxoris
1370 4701 1543 4755 virum
1574 4701 1771 4757 debere
1802 4701 1917 4756 ﬁeri

339 4793 703 4858 sacerdotem,
719 4801 775 4848 et
796 4808 910 4848 rem
937 4809 1042 4848 non
1067 4801 1307 4863 tempora
1327 4792 1572 4848 deﬁniri?
1592 4795 1616 4832 η
1643 4793 1762 4848 Dixi
1785 4809 1915 4863 ego:

342 4886 656 4956 Baptizatus
693 4885 976 4956 episcopus
1004 4883 1216 4954 eligitur
1244 4884 1297 4938 in
1324 4883 1709 4954 episcopatum.
1760 4884 1918 4953 Qua:-

343 4980 484 5033 ritur
510 4977 652 5032 enim
679 4977 806 5047 quid
835 4977 924 5041 sit,
957 4992 1060 5030 non
1089 4975 1215 5046 quid
1262 4975 1378 5028 fuit.
1429 4976 1562 5042 Quia
1609 4975 1771 5044 igitur
1811 4990 1914 5029 non

341 5160 468 5209 sum
512 5148 623 5204 fere
652 5148 1108 5204 Paenitentialium
1137 5149 1401 5203 auctores.
1454 5146 1560 5203 Sed
1604 5146 1723 5202 vide
1762 5155 1917 5202 notas

349 5221 414 5302 ad
471 5229 629 5287 caput
675 5218 869 5273 Ptenit.
927 5218 1129 5272 Theod.
1182 5219 1247 5273 de
1295 5218 1682 5288 quaestionibus
1728 5219 1918 5289 coniu-

439 5305 577 5342 rum.

439 5305 577 5342 rum.

345 5304 443 5398 un:
464 5357 808 5480 liicdplurima
832 5356 1243 5426 interponuntur
1260 5374 1378 5428 qua
1399 5357 1658 5427 glossema
1683 5357 1913 5427 sapiunt.

418 5430 444 5468 δ
471 5427 552 5480 Ad
595 5467 608 5480 .
641 5428 826 5480 eadem
851 5442 968 5480 uua-
988 5441 1146 5480 suura
1174 5428 1304 5480 satis
1323 5441 1590 5480 suneruue
1612 5427 1751 5480 dicta
1774 5434 1913 5480 sunt.

418 5430 444 5468 δ
471 5427 608 5498 And.
641 5428 826 5482 eadem
851 5442 968 5498 qua
988 5441 1146 5495 supra
1174 5427 1304 5482 satis
1323 5441 1590 5498 superque
1612 5427 1751 5498 dicta
1774 5434 1916 5498 sunt.

420 5444 444 5468 η
471 5444 608 5481 nou.
641 5444 826 5482 canem
851 5444 968 5551 gua-
988 5444 1146 5495 supra
1174 5444 1304 5482 satis
1323 5444 1590 5498 superque
1612 5444 1751 5481 uicta
1774 5444 1916 5482 sunt.

420 5508 441 5535 ε
476 5497 832 5568 Hieronymus
901 5511 1086 5568 ceano,
1107 5511 1232 5568 num
1256 5507 1499 5568 repetens
1521 5497 1918 5555 matrimonium

510 5566 864 5638 tismo‘possit
891 5566 1007 5638 ﬁeri
1033 5567 1302 5638 sacerdos.

474 5636 623 5690 Mult.
654 5636 950 5690 redundant
977 5637 1031 5690 in
1061 5637 1145 5691 ed.

424 5721 443 5746 ε
481 5707 643 5760 Multa
667 5705 721 5759 in
747 5706 877 5760 edit.
905 5707 1099 5774 passim
1133 5705 1252 5760 add.
1291 5715 1341 5760 et
1373 5721 1488 5763 xar.

426 5778 440 5820 ί
475 5777 641 5832 Multa
672 5775 991 5832 redundant.

343 5587 374 5624 ει
401 5569 466 5622 ha

416 5639 442 5677 ὁ

2014 4617 2186 4671 bitror
2211 4616 2353 4686 quod
2378 4615 2646 4686 possimus
2663 4621 2718 4669 et
2745 4629 2844 4669 nos
2872 4614 2996 4667 huic
3017 4612 3216 4682 aliquid
3242 4614 3454 4666 cantico
3466 4612 3590 4680 jun-

2013 4719 2173 4777 gere:
2194 4703 2385 4759 Beatus
2411 4705 2487 4758 vir
2509 4703 2594 4758 cui
2617 4720 2718 4758 non
2741 4705 3010 4774 imputavit
3027 4703 3282 4757 Dominus
3303 4714 3586 4772 peccatum.

2017 4800 2040 4836 ιι
2071 4797 2252 4851 Mirari
2276 4795 2408 4850 satis
2436 4809 2661 4864 nequeo,
2692 4809 2810 4863 qua
2835 4795 3112 4848 hominum
3143 4802 3291 4848 tanta
3329 4795 3398 4847 sit
3437 4794 3592 4848 caci-

1989 4896 2120 4962 ttas,
2142 4887 2207 4941 de
2231 4885 2489 4940 uxoribus
2525 4892 2650 4938 ante
2692 4885 3015 4952 baptismum
3047 4884 3350 4953 disputare,
3393 4892 3448 4937 et
3477 4900 3588 4938 rem

2017 4979 2068 5032 in
2104 4977 2368 5047 baptismo
2395 4983 2662 5029 mortuam
2682 5013 2695 5036 ,
2729 4974 2835 5027 imo
2861 4989 2984 5028 cum
3020 4974 3238 5030 Christo
3267 4973 3588 5027 vivificatam

2087 5149 2112 5186 ⁸
2139 5145 2493 5214 lnterponitur
2520 5145 2678 5199 nimis
2716 5146 2950 5215 gestiens
2990 5145 3173 5215 oratio;
3199 5153 3254 5215 et
3277 5143 3426 5196 falsa.
3467 5142 3579 5196 \‘id.

2013 5231 2099 5286 ep.
2124 5213 2304 5286 lunae.
2333 5224 2387 5269 et
2413 5215 2636 5270 aliorum
2668 5213 2866 5270 testim.
2899 5216 2952 5268 in
2979 5221 3087 5286 nout.
3111 5213 3175 5286 ad
3205 5213 3353 5266 Poen.

2084 5287 2110 5325 Ιι
2138 5285 2298 5365 Plura
2324 5299 2420 5354 per
2436 5286 2684 5356 paginam
2707 5288 2966 5356 integram
2987 5281 3214 5346 eti'utita,
3245 5295 3363 5348 qua
3381 5280 3445 5334 ad
3469 5293 3582 5335 rem

2020 5371 2124 5409 non
2153 5371 2217 5409 ne
2224 5364 2440 5409 rtlnent.

2099 5427 2113 5464 ί
2149 5419 2248 5479 Hic
2273 5424 2426 5492 plura
2457 5423 2736 5492 interiecta
2759 5430 2881 5478 sunt
2900 5421 2966 5492 de
2993 5419 3324 5474 concubinis.

2095 5493 2107 5544 i
2147 5493 2245 5548 Hic
2265 5489 2518 5549 discurrit
2546 5489 2640 5564 per
2659 5491 3129 5564 paginasintcgras
3147 5504 3322 5564 sermo
3346 5489 3410 5543 de
3432 5489 3584 5558 aquis

2021 5564 2244 5634 frigidus
2269 5573 2428 5634 atque
2454 5565 2518 5620 ad
2545 5559 2675 5618 rem
2699 5559 3055 5634 nequidquam
3085 5559 3378 5628 pertinens.

2093 5629 2120 5676 ἱ
2150 5633 2308 5688 Multa
2337 5629 2434 5703 per
2457 5634 2633 5702 plures
2658 5631 2882 5703 paginas
2912 5629 3236 5695 inseruntur,
3261 5645 3378 5699 qua
3404 5644 3434 5682 a
3463 5644 3584 5698 pro-

2022 5704 2194 5775 posito
2221 5719 2439 5774 prorsus
2467 5711 2591 5757 sunt
2622 5703 2810 5756 aliena.
