3928 6178
422 369 562 427 1087

881 475 953 528 De
979 475 1274 544 paenitentia
1298 473 1535 526 diuitum.

1033 561 1132 633 (Ex
1166 575 1283 630 cap.
1309 559 1386 632 5.)

492 656 549 716 Si
594 654 759 710 fuerit
786 651 934 707 dives
961 651 1052 720 qui
1085 651 1181 704 tibi
1219 649 1529 713 confitetur,
1559 649 1801 718 requires
1825 648 1998 703 subti-

421 749 545 805 liter
579 753 635 801 et
664 752 842 800 astute
867 759 988 814 quae
1024 742 1126 797 fuit
1159 758 1320 797 causa
1365 757 1532 813 quare
1563 741 1750 796 incidit
1780 741 1832 794 in
1872 754 1997 808 pec-

421 848 600 896 catum
649 835 826 902 illud,‘
847 843 902 891 et
945 834 1229 903 promittas
1288 848 1502 902 semper
1549 831 1758 885 veniam
1808 831 1853 885 si
1898 829 1996 884 tibi

421 930 728 992 confitetur,
755 935 859 984 etc.
893 925 1112 996 lmpone
1149 926 1198 980 ei
1239 923 1612 996 paenitentiam
1649 923 1702 976 in
1749 923 1866 976 istis
1903 920 2000 974 tri-

420 1022 541 1086 bus,
569 1021 772 1075 scilicet
800 1020 851 1073 in
871 1017 1097 1089 jejunio,
1123 1024 1178 1071 et
1220 1015 1485 1077 oratione,
1517 1023 1573 1068 et
1615 1015 1954 1083 eleemosyna
1979 1030 1993 1066 :

421 1109 704 1178 provideas
732 1117 940 1173 tamen,
985 1108 1028 1161 si
1067 1108 1230 1162 homo
1258 1105 1520 1160 delicatus
1561 1104 1658 1167 sit,
1692 1119 1798 1170 non
1825 1105 1922 1158 des
1947 1103 1998 1160 ei

423 1215 673 1268 asperum
694 1199 978 1269 jejunium,
1001 1205 1109 1252 etc.

828 1289 904 1344 De
932 1287 1253 1358 confessione
1287 1301 1588 1358 puerorum.

1033 1378 1134 1449 (Ex
1163 1393 1281 1448 cap.
1305 1376 1383 1447 6.)

493 1472 648 1528 Circa
693 1469 1082 1525 confessionem
1129 1483 1419 1538 puerorum
1460 1466 1568 1521 doli
1617 1464 1892 1534 capacium
1923 1463 2002 1519 sic

423 1559 716 1628 procedas:
744 1557 923 1612 Primo
946 1559 1217 1628 interroga
1247 1556 1299 1610 in
1323 1571 1538 1627 genere,
1565 1555 1610 1609 si
1633 1554 1850 1624 aliquod
1874 1568 2000 1623 pec-

424 1659 605 1704 catum
629 1650 919 1714 commisit,
946 1648 1229 1702 mulcendo
1256 1663 1378 1712 eum
1406 1647 1643 1717 praemiis
1669 1645 2000 1710 caelestibus,

425 1739 470 1794 si
521 1753 644 1794 vere
699 1738 862 1794 fuerit
913 1737 1228 1803 confessus;
1275 1746 1329 1791 et
1374 1737 1626 1792 terrendo
1668 1752 1790 1791 eum
1827 1736 2002 1805 pomis

423 1829 660 1894 aeternis,
689 1828 733 1882 si
768 1844 874 1882 non
912 1827 1074 1882 fuerit
1115 1842 1239 1882 vere
1281 1827 1577 1883 confessus.
1623 1826 1898 1894 Interroga
1939 1825 2004 1881 de

425 1921 865 1984 circumstantiis,
898 1919 1104 1975 scilicet
1131 1920 1197 1974 de
1224 1934 1403 1983 causa,
1429 1919 1494 1974 de
1520 1919 1636 1974 loco
1658 1926 1714 1972 et
1741 1925 2002 1987 tempore,

425 2015 567 2070 sicut
592 2013 831 2068 dicemus
852 2013 904 2066 in
937 2012 1090 2066 titulo
1111 2011 1176 2066 de
1201 2011 1657 2066 circumstantiis:
1681 2018 1735 2065 et
1763 2008 2006 2080 impones

425 2105 476 2160 ei
511 2104 882 2176 paenitentiam
913 2105 1175 2158 minorem
1205 2103 1594 2172 aliquantulum
1619 2102 1762 2173 quod
1790 2101 1837 2157 si
1865 2111 2007 2157 esset

427 2194 643 2251 adultus
669 2212 681 2248 :
709 2194 753 2250 si
780 2201 961 2248 autem
983 2208 1089 2247 non
1118 2191 1280 2248 fuerit
1305 2193 1408 2248 (loli
1430 2207 1620 2263 capax,
1643 2192 1835 2266 mitius.
1849 2191 2008 2247 debet

429 2285 631 2358 puniri,
655 2285 782 2356 quia
812 2283 944 2339 tales
969 2271 1218 2339 nesciunt
1241 2283 1371 2353 quid
1395 2282 1615 2350 faciant,
1639 2289 1744 2338 etc.

907 2394 981 2449 De
1006 2395 1310 2464 paenitentia
1332 2411 1533 2450 senum.

1050 2483 1150 2554 (Ex
1178 2499 1293 2553 cap.
1327 2484 1404 2556 7.)

503 2573 561 2628 Si
590 2580 770 2627 autem
799 2571 962 2627 fuerit
982 2587 1145 2628 senex
1169 2575 1261 2642 qui
1283 2573 1379 2628 tibi
1399 2573 1704 2637 conﬁtetur,
1727 2575 2007 2630 considera

431 2665 477 2721 si
504 2673 587 2719 est
615 2665 672 2720 in
699 2671 858 2718 aetate
885 2664 1178 2734 decrepita,
1209 2680 1328 2734 quia
1359 2674 1442 2720 est
1475 2681 1684 2730 senum,
1713 2675 1768 2721 et
1795 2675 1913 2736 post
1939 2666 2008 2722 80

432 2775 626 2825 annos,
652 2768 708 2816 et
737 2768 866 2814 tunc
893 2773 1017 2813 eum
1061 2773 1227 2829 grava
1269 2759 1621 2824 orationibus,
1652 2768 1707 2813 et
1740 2758 1916 2814 releva
1950 2759 2009 2814 in

428 2853 666 2924 jejuniis,
689 2861 798 2906 etc.
827 2850 885 2906 Si
927 2859 1105 2906 autem
1147 2849 1308 2906 fuerit
1347 2865 1531 2915 senex,
1563 2850 1617 2905 id
1644 2859 1728 2905 est
1756 2849 1812 2903 in
1854 2865 2009 2905 sene-

431 2953 578 3001 ctute
622 2943 948 3000 constitutus
973 2951 1027 2998 et
1054 2958 1161 2997 non
1205 2943 1258 2997 in
1290 2944 1461 3008 senio,
1498 2942 1551 2996 id
1577 2949 1661 2997 est
1683 2957 1714 2996 a
1745 2940 1814 2996 60
1851 2941 2009 2996 annis

429 3048 601 3105 usque
639 3035 707 3090 ad
740 3033 828 3096 80,
870 3043 998 3090 tunc
1033 3032 1224 3088 fortius
1267 3033 1461 3104 punias
1495 3046 1658 3103 quam
1692 3031 1738 3086 si
1769 3038 1914 3087 esset
1953 3030 2010 3086 in

430 3135 589 3182 astate
609 3125 905 3195 decrepita,
921 3126 1049 3196 quia
1070 3124 1204 3180 tales
1223 3139 1379 3180 senes
1399 3138 1520 3179 cum
1541 3130 1768 3194 peccant
1790 3122 2008 3176 trahunt
2032 3129 2080 3194 ο

429 3217 652 3288 juvenes
684 3216 752 3271 ad
779 3217 1078 3272 interitum.

688 3335 760 3389 De
787 3333 1085 3404 pmnitentia
1113 3329 1453 3402 pra'fatorum
1481 3331 1536 3384 in
1561 3345 1762 3401 genere.

1050 3442 1151 3515 (Ex
1179 3456 1298 3511 cap.
1324 3440 1401 3513 8.)

509 3557 567 3612 Si
613 3566 790 3612 autem
830 3555 1031 3611 fuerint
1077 3553 1284 3624 praelati
1326 3553 1418 3624 qui
1449 3553 1545 3608 tibi
1588 3552 1933 3617 confitentur,
1966 3554 2012 3608 si

433 3656 717 3717 peccatum
741 3653 824 3701 est
853 3644 1224 3709 manifestum,
1253 3643 1432 3698 acrius
1457 3658 1549 3696 eos
1576 3643 1768 3712 punias
1793 3650 2015 3714 propter

437 3739 632 3794 malum
658 3739 960 3808 exemplum
982 3739 1122 3807 quod
1156 3739 1436 3802 dederunt,
1463 3738 1586 3806 quia
1613 3739 1754 3807 quod
1782 3739 1960 3808 agitur
1982 3755 2010 3792 a

437 3828 674 3898 praelatis
693 3826 850 3882 facile
875 3827 1120 3881 subditur
1140 3842 1170 3879 a
1195 3826 1424 3881 subditis
1453 3827 1507 3880 in
1529 3826 1852 3896 exemplum,
1873 3834 1976 3882 etc.
1995 3844 2009 3892 ;

439 3933 562 3973 nam
602 3926 726 3973 tunc
755 3925 1033 3988 peccatum
1070 3918 1244 3988 magis
1274 3917 1594 3983 extenditur,
1621 3927 1675 3974 et
1700 3919 1752 3973 in
1785 3920 2013 3975 subditis

437 4017 782 4080 propagatur,
804 4004 1017 4078 quando
1040 4006 1294 4076 praelatus
1313 4015 1566 4078 peccator
1591 4024 1688 4078 pro
1709 4010 2013 4064 reverentia

391 4137 400 4151 .
436 4099 642 4155 ordinis
668 4113 698 4152 a
725 4098 952 4154 subditis
973 4097 1286 4162 sustinetur,
1313 4105 1417 4152 etc.
1448 4095 1502 4150 Si
1530 4107 1709 4152 autem
1740 4097 1900 4152 fuerit
1923 4114 2012 4154 oc-

437 4191 641 4247 cultum
671 4199 973 4262 peccatum,
1005 4191 1188 4244 mitius
1213 4206 1334 4244 eum
1373 4190 1586 4260 punias,
1625 4190 1750 4261 quia
1779 4191 1870 4244 ubi
1901 4204 2013 4244 ma-

438 4283 547 4337 lum
572 4283 760 4347 oritur,
789 4283 862 4338 ibi
892 4282 1053 4337 debet
1079 4282 1237 4345 mori,
1263 4289 1370 4336 etc.

544 4376 620 4431 De
646 4377 944 4446 pwnitentia
977 4376 1238 4430 minorum
1274 4374 1579 4430 clericorum
1610 4377 1663 4429 in
1699 4394 1900 4447 genere.

1050 4465 1148 4538 (Ex
1183 4481 1303 4535 cap.
1334 4466 1411 4536 9.)

510 4559 666 4614 Circa
703 4557 1073 4628 pamitentiam
1107 4557 1332 4611 aliorum
1373 4557 1690 4613 clericorum
1719 4559 1798 4613 sic
1825 4574 2013 4630 proce-

441 4661 536 4706 das
563 4671 574 4705 ε
604 4650 896 4707 Considera
939 4650 985 4705 si
1035 4657 1118 4704 est
1162 4649 1432 4711 sacerdos,
1475 4659 1528 4704 et
1571 4651 1786 4721 gravius
1821 4653 2012 4721 punias

440 4757 563 4795 eum
611 4756 773 4810 quam
811 4741 1115 4804 diaconum,
1164 4746 1218 4794 et
1261 4740 1476 4810 gravius
1521 4741 1807 4796 diaconum
1849 4758 2010 4811 quam

441 4833 850 4898 subdiaconnm,
873 4843 925 4886 et
957 4847 1118 4902 quam
1154 4831 1291 4886 alios
1328 4833 1382 4885 in
1410 4831 1707 4888 minoribus
1731 4834 2012 4890 ordinibus

442 4923 784 4987 constitutos,
835 4923 960 4990 quia
1011 4922 1173 4976 homo
1202 4921 1544 4976 Christianus
1586 4923 1792 4977 duobus
1837 4924 2011 4978 modis

444 5013 654 5068 fortiter
680 5012 824 5068 cadit
852 5013 903 5066 in
931 5011 1189 5082 peccatis,
1217 5020 1311 5066 aut
1333 5022 1554 5082 propter
1588 5014 2009 5084 magnitudinem

444 5105 671 5177 peccati,
696 5111 788 5159 aut
813 5114 1033 5174 propter
1059 5104 1392 5160 altitudinem
1417 5104 1711 5175 dignitatis.

443 5221 517 5275 De
544 5222 841 5291 pa'nitentia
879 5219 1254 5298 monachorum
1297 5229 1344 5272 et
1382 5219 1606 5274 aliarum
1653 5220 2009 5292 religiosorum

1087 5307 1141 5342 ιη
1168 5306 1367 5359 genere.

1035 5388 1135 5458 (Ex
1162 5403 1279 5458 cap.
1310 5389 1416 5459 l0.)

514 5481 669 5537 Circa
717 5481 996 5552 religiosos
1042 5480 1131 5548 qui
1179 5478 1275 5532 tibi
1323 5477 1658 5546 aliquatenus
1689 5480 2012 5534 confitentur

445 5575 524 5628 sic
564 5575 866 5643 procedas:
905 5572 1152 5644 injungas
1192 5573 1272 5627 eis
1311 5571 1425 5626 loco
1465 5571 1823 5641 pcenltentire,
1867 5575 2009 5643 quod

444 5672 658 5718 svi-vent
692 5665 758 5719 de
797 5673 990 5718 caetero
1030 5663 1268 5733 regulam
1311 5664 1392 5717 cui
1438 5678 1493 5718 se
1523 5662 1845 5733 obligarunt,
1886 5667 2008 5734 quia

443 5755 543 5810 hoc
574 5757 675 5810 erit.
699 5772 905 5812 summa
933 5757 1264 5827 paenitentia,
1293 5765 1394 5811 etc.
1789 5747 1792 5750 ⁴

1326 359 1686 417 EXCERP’I'A
1729 357 1822 413 EX
1858 355 2369 415 mlTENTlALI
2407 356 2454 412 J.
2499 358 2586 414 DE
2623 358 2777 414 ΠΕΟ.

2021 471 2068 530 Δ

3531 363 3674 420 108⁸

2378 469 2452 524 De
2473 471 2773 541 pwnitentia
2803 468 3081 523 mulierum
3105 473 3160 524 in
3184 488 3387 542 genere.

2687 559 2788 631 (Ex
2815 573 2933 628 cap.
2962 559 3074 631 ll.)

2165 650 2322 708 Circa
2348 651 2720 722 paenitentiam
2747 649 3029 704 mulierum
3061 650 3140 704 sic
3165 653 3449 720 procedas.
3488 653 3685 710 Primo

2097 745 2143 800 si
2171 751 2254 798 est
2275 743 2472 812 puella,
2513 744 2813 814 pmsertim
2849 745 3003 814 virgo
3032 746 3133 801 sub
3171 756 3439 815 potestate
3477 763 3677 820 paren-

2097 840 2233 898 tum,
2260 839 2314 886 et
2339 831 2545 903 affligas
2571 847 2691 887 eam
2725 834 2776 888 in
2809 834 3127 904 paenitentia
3171 835 3469 892 secundum
3513 853 3673 895 cano-

2098 937 2211 986 nes,
2264 922 2319 976 in
2347 919 2570 990 jejuniis
2617 924 2888 992 praecipue
2933 931 2993 978 ut
3031 924 3213 981 domet
3251 941 3475 982 carnem
3523 943 3681 986 suam

2099 1028 2166 1067 ne
2198 1013 2441 1068 lasciviat
2470 1014 2524 1067 in
2551 1014 2765 1068 luxuria
2799 1031 2815 1067 :
2848 1031 2973 1069 nam
3014 1015 3227 1071 luxuria
3271 1019 3564 1076 mulierum
3600 1021 3685 1078 fe-

2098 1104 2210 1159 tida
2237 1113 2322 1161 est
2353 1114 2410 1160 et
2437 1106 2614 1161 acrior
2642 1121 2804 1176 quam
2836 1107 2890 1160 in
2918 1108 3057 1173 viro,
3079 1116 3135 1162 et
3165 1108 3287 1164 ideo
3316 1112 3498 1166 acrius
3523 1111 3687 1169 debet

2101 1198 2310 1254 domari
2354 1199 2407 1252 in
2434 1199 2758 1253 abstinentia
2797 1199 3062 1261 ciborum.
3091 1209 3195 1255 etc.
3228 1199 3358 1256 Item
3386 1203 3689 1271 praevidens

2099 1289 2146 1345 si
2175 1298 2259 1345 est
2293 1287 2599 1359 coniugata,
2633 1297 2688 1342 et.
2712 1288 2767 1341 in
2794 1301 2860 1342 eo
2883 1303 3013 1343 casu
3057 1289 3300 1357 imponas
3329 1290 3378 1344 ei
3409 1291 3686 1359 penitet)-

2100 1379 2234 1434 tiam
2275 1381 2391 1434 sine
2427 1377 2679 1433 seandalo
2720 1377 2822 1430 viri
2853 1394 2867 1430 :
2897 1379 2972 1432 ita
3007 1380 3150 1448 quod
3180 1379 3226 1433 si
3260 1380 3345 1433 vir
3380 1378 3548 1436 fuerit
3587 1382 3688 1436 ab-

2103 1483 2248 1533 sens,
2273 1467 2479 1537 jejunet
2513 1475 2568 1521 et
2602 1466 2802 1538 afﬂigat
2837 1481 2895 1522 se
2921 1477 3182 1537 quantum
3210 1468 3320 1524 Deo
3349 1472 3552 1539 poterit
3593 1486 3685 1527 se-

2105 1558 2340 1615 cundum
2376 1559 2661 1613 arbitrium
2700 1558 2792 1612 tibi
2833 1573 2861 1612 a
2895 1558 3002 1613 Deo
3029 1558 3245 1625 datum;
3293 1560 3599 1629 praesertim
3635 1563 3690 1616 si

2104 1662 2202 1717 per
2250 1647 2575 1701 adulterium
2611 1647 2962 1702 maculaverit
3006 1647 3222 1702 thorum
3272 1647 3394 1712 viri,
3437 1648 3503 1703 ad
3540 1647 3693 1718 quod

2105 1735 2250 1790 nulla
2281 1735 2590 1791 conditione
2614 1735 2886 1791 debuisset
2918 1735 3121 1799 induci,
3145 1744 3252 1791 etc.

2379 1826 2458 1882 De
2476 1827 2780 1898 poenitentia
2808 1827 3084 1882 viduarum
3117 1827 3174 1881 in
3201 1845 3406 1899 genere.

2700 1915 2804 1988 (Ex
2833 1932 2954 1988 cap.
2983 1917 3094 1988 12.)

2177 2009 2232 2065 Si
2258 2017 2436 2065 autem
2460 2009 2568 2065 erit
2590 2009 2770 2074 vidua,
2795 2009 3035 2084 inquiras
3057 2008 3338 2080 diligenter
3363 2011 3428 2066 de
3451 2012 3678 2068 circum

2105 2102 2340 2168 stantiis,
2363 2109 2420 2156 et
2441 2103 2634 2172 punias
2668 2116 2789 2156 eam
2822 2102 2876 2156 in
2909 2099 3116 2172 jejunio
3143 2100 3336 2156 fortius
3360 2116 3527 2172 quam
3555 2102 3697 2160 alias

2106 2193 2400 2261 mulieres;
2448 2209 2575 2249 nam
2617 2193 2954 2250 orationibus
2999 2193 3114 2249 suis
3153 2202 3210 2248 et
3250 2195 3458 2250 meritis
3487 2194 3703 2250 debent

2104 2286 2364 2342 ecclesias
2392 2285 2668 2355 adjuvare.
2698 2286 2900 2342 Tamen
2930 2282 3348 2350 considerando,
3369 2285 3414 2339 si
3439 2294 3528 2340 est
3555 2299 3705 2341 anus

2107 2392 2226 2448 qua
2253 2392 2360 2432 non
2388 2377 2560 2447 possit
2583 2374 2831 2446 jejunare
2861 2391 2876 2430 :
2907 2383 2962 2432 et
3002 2383 3130 2430 tunc
3160 2373 3338 2431 releva
3368 2390 3491 2432 eam
3521 2375 3582 2430 in
3612 2374 3701 2444 je-

2099 2469 2275 2538 junio,
2302 2477 2358 2524 et
2385 2483 2615 2540 aggrava
2648 2469 2702 2524 in
2727 2469 2991 2534 oratione,
3019 2483 3143 2524 cum
3170 2469 3244 2524 sit
3273 2482 3429 2524 suum
3468 2481 3698 2538 semper

2107 2574 2269 2614 orare
2298 2573 2464 2628 usque
2491 2558 2556 2612 ad
2581 2559 2785 2613 exitum
2818 2558 2943 2613 vitae
2971 2573 3103 2623 suae,
3136 2567 3240 2612 etc.

2471 2645 2550 2701 De
2574 2647 2874 2718 paenitentia
2908 2662 3301 2716 pyrocararum.

2701 2735 2805 2805 (Ex
2835 2749 2955 2805 cap.
2983 2734 3096 2806 l3.)

2179 2825 2240 2880 Si
2264 2833 2443 2880 autem
2470 2823 2670 2880 fuerint
2696 2838 2971 2898 pyrocare
2999 2840 3121 2894 qua
3148 2825 3215 2880 de
3242 2824 3459 2895 pulvere
3485 2839 3704 2894 nuper-

2110 2917 2248 2971 rime
2276 2921 2651 2981 surrexerunt,
2682 2913 2936 2984 gravabis
2969 2927 3065 2969 eas
3083 2911 3302 2984 jejuniis
3330 2920 3385 2967 et
3415 2912 3702 2969 orationi-

2107 3006 2232 3072 bus,
2277 3005 2564 3077 injungens
2604 3003 2808 3060 eisdem
2835 3010 2896 3057 ut
2924 3018 3032 3057 non
3062 3002 3128 3057 de
3156 3010 3356 3058 caetero
3377 3001 3476 3058 sub
3503 3003 3706 3073 specie

2109 3099 2326 3170 pietatis
2351 3097 2626 3170 religionis
2663 3097 2994 3166 impietatem
3017 3094 3264 3166 pallient,
3295 3095 3388 3150 sed
3412 3094 3559 3150 viros
3611 3110 3709 3151 ac—

2110 3191 2331 3260 cipiant,
2365 3188 2413 3245 si
2436 3196 2621 3244 votum
2664 3186 2975 3243 solemniter
3001 3200 3110 3241 non
3137 3183 3381 3251 fecerint,
3407 3183 3488 3240 vel
3519 3186 3707 3242 casti-

2111 3290 2277 3338 tatem
2307 3289 2525 3337 servent
2559 3294 2722 3350 quam
2746 3279 2973 3334 Domino
3011 3277 3390 3350 promiserunt.
3438 3276 3615 3344 Nam,
3644 3287 3711 3333 ut

2111 3375 2242 3447 dicit
2282 3382 2500 3430 sanctus
2531 3371 2905 3442 Hieronymus,
2938 3369 3130 3426 melius
3155 3368 3348 3425 fuisset
3375 3368 3706 3440 coniugium

2111 3466 2340 3528 subisse,
2383 3472 2439 3519 et
2479 3462 2783 3518 ambulasse
2827 3475 2925 3533 per
2966 3461 3149 3532 plana,
3191 3473 3351 3530 quam
3393 3459 3459 3515 ad
3495 3459 3710 3517 altiora

2114 3555 2348 3617 tendere,
2381 3563 2436 3610 et
2465 3555 2517 3608 in
2543 3553 2738 3609 inferni
2768 3552 3030 3624 profunda
3054 3551 3270 3617 cadere,
3299 3560 3403 3607 etc.

2289 3646 2363 3700 De
2389 3646 2796 3700 circumstantiis
2822 3661 2938 3716 quae
2965 3653 3251 3715 aggravant
3279 3653 3513 3716 peccata.

2611 3737 2708 3809 (Ex
2747 3737 2838 3791 lib.
2863 3752 2945 3803 tu,
2969 3751 3089 3807 cap.
3114 3735 3192 3808 6.)

2185 3828 2311 3882 Ητεο
2358 3826 2518 3881 debet
2564 3825 2910 3881 considerare
2955 3835 3212 3897 peccator
3253 3826 3307 3881 in
3355 3827 3712 3888 conrasione

2114 3917 2358 3973 facienda
2384 3934 2396 3970 :
2425 3915 2686 3981 dolorem,
2716 3917 2839 3986 quia
2868 3917 3111 3985 peccavit
3139 3916 3194 3971 in
3223 3917 3533 3983 Dominum,
3567 3929 3706 3974 aeta-

2115 4021 2242 4078 tem,
2272 4011 2611 4082 sapientiam,
2645 4011 3131 4066 considerationem
3178 4027 3285 4065 non
3324 4015 3701 4082 peccantium,

2111 4103 2480 4173 purgationem
2511 4099 2890 4172 lacrymarum,
2936 4100 3175 4156 dolorem
3202 4102 3412 4156 amissae
3436 4102 3703 4166 virtutis;

2113 4193 2356 4248 dolorem
2386 4193 2512 4262 quia
2536 4200 2793 4263 operatur
2820 4191 3040 4258 bonum,
3069 4191 3305 4248 dolorem
3335 4194 3460 4264 quia
3493 4193 3552 4249 in
3585 4206 3703 4250 tam

2112 4286 2258 4342 brevi
2308 4287 2417 4341 vita
2465 4302 2572 4340 non
2619 4285 2996 4341 determinavit
3040 4283 3207 4352 bene;
3248 4286 3339 4354 qui
3376 4284 3606 4341 offendit
3649 4288 3705 4342 in

2112 4393 2278 4433 unum
2304 4385 2386 4432 est
2413 4377 2585 4431 factus
2612 4377 2852 4431 omnium
2879 4391 3005 4431 reus
3031 4393 3042 4429 :
3070 4376 3330 4443 dolorem,
3357 4377 3483 4446 quia
3513 4377 3708 4434 Domi-

2037 4476 2089 4536 D
2115 4484 2240 4523 num
2281 4481 2387 4522 non
2423 4467 2604 4521 timuit
2637 4467 2728 4537 qui
2764 4466 2867 4522 fuit
2891 4467 3077 4537 plenus
3117 4467 3413 4539 sapientia;
3454 4467 3549 4523 ille
3578 4469 3703 4524 cul-

2113 4559 2342 4630 pabilior
2383 4561 2474 4629 qui
2523 4559 2632 4614 Deo
2677 4561 2944 4630 acceptior
2987 4576 3000 4614 :
3043 4560 3215 4615 Adam
3261 4559 3378 4630 plus
3419 4564 3709 4631 peccavit,

2111 4651 2235 4720 quia
2283 4651 2428 4704 omni
2478 4650 2619 4705 bono
2659 4651 2952 4706 abundavit
2997 4668 3010 4705 :
3061 4652 3237 4707 omnis
3272 4653 3439 4707 virtus
3484 4655 3708 4724 patitur

2111 4739 2495 4795 detrimentum
2533 4742 2600 4795 ab
2629 4756 2738 4796 uno
2768 4742 2899 4795 vitio
2929 4759 2941 4794 :
2981 4755 3134 4797 amor
3174 4743 3411 4812 pecuniae
3448 4745 3705 4800 minorat

2111 4835 2413 4888 castitatem
2443 4849 2457 4886 :
2488 4834 2664 4889 omnis
2692 4834 2862 4888 virtus
2905 4834 2959 4888 in
2981 4849 3304 4905 quocunque
3332 4834 3563 4892 crimine
3603 4836 3704 4892 de-

2113 4929 2298 4983 ficiens
2330 4934 2430 4980 est.
2477 4927 2545 4981 Et
2576 4927 2692 4981 haec
2725 4928 2904 4982 omnia
2934 4927 3234 4998 probantur
3271 4930 3702 4986 auctoritatibus

2110 5018 2414 5089 Augustini,
2443 5017 2731 5072 Alexandri
2759 5032 2910 5089 papae
2949 5025 3003 5072 et
3028 5017 3295 5088 Gregorii.

2218 5109 2346 5163 Herc
2375 5119 2494 5164 sunt
2521 5109 2779 5164 sacerdoti
2802 5111 2856 5162 in
2879 5111 3150 5179 conﬁtente
3174 5111 3576 5165 consideranda.

2718 5203 2819 5274 (Ex
2851 5221 2968 5274 cap.
3001 5204 3076 5272 7.)

2183 5294 2344 5349 Dolor
2385 5295 2448 5349 de
2490 5295 2646 5349 malis
2677 5297 2934 5366 exemplis
2971 5297 3110 5352 datis
3131 5300 3408 5367 proximis,
3438 5298 3598 5355 dolor
3630 5305 3700 5355 de

2115 5385 2330 5440 tristitia
2371 5383 2526 5440 bonis
2571 5385 2742 5451 illata,
2786 5385 2936 5440 dolor
2978 5387 3043 5440 de
3084 5388 3267 5442 ltetitia
3318 5403 3478 5457 quam
3529 5389 3700 5442 bonis

2112 5492 2215 5529 non
2267 5476 2466 5540 intulit,
2517 5476 2670 5532 dolor
2717 5477 2886 5548 major
2932 5479 2995 5531 de
3021 5479 3112 5532 Dei
3160 5478 3470 5535 offensione.
3517 5477 3699 5532 Nemo

2112 5575 2291 5636 potest
2329 5567 2558 5621 dominis
2601 5568 2804 5622 duobus
2847 5570 3077 5632 servire,
3122 5568 3212 5624 sed
3250 5584 3403 5624 amor
3436 5583 3702 5639 perseve-

2115 5661 2300 5713 rantia:
2339 5659 2544 5728 peccati
2584 5660 2742 5715 unius
2773 5669 2854 5716 est
2885 5662 3103 5717 amissio
3130 5663 3368 5717 omnium
3396 5663 3694 5718 bonorum.

2112 5755 2385 5811 Poenitens
2417 5769 2472 5806 se
2513 5763 2672 5822 ponat
2713 5763 2882 5808 totum
2925 5755 2975 5809 in
3008 5752 3210 5822 judicio
3247 5754 3556 5814 sacerdotis,
3597 5751 3691 5811 (a-
