3924 6180
227 291 370 347 ιοεο

1155 286 1526 344 EXCERPTA
1569 287 1658 340 EX
1700 281 2218 340 ΡαῑΝιτΕΝτιΑιι
2258 285 2304 339 J.
2350 285 2438 340 DE
2478 285 2633 341 DEO.

3368 289 3505 346 ίοοο

225 406 341 460 ciat
367 417 471 474 pro
501 401 674 458 salute
715 401 911 456 anima
945 400 1206 471 quidquid
1233 398 1441 460 faceret
1468 414 1566 468 pro
1608 406 1816 468 tempo-
1848 403 1889 457 Α
1922 393 2008 449 lex
2035 392 2198 462 Julia,
2227 397 2372 468 quod
2401 397 2540 468 apud
2556 397 2788 452 Romam
2811 413 2918 453 non
2955 400 3314 455 committitur
3341 402 3513 458 simo-

227 497 333 552 raii
364 497 500 560 vita,
539 495 696 565 cujus
736 494 931 565 gaudio
974 502 1156 549 certus
1196 503 1317 548 est:
1345 501 1570 564 propter
1607 489 1822 545 veniam

229 587 510 641 abstineat
547 600 576 638 a
616 585 801 649 licitis,
833 584 924 655 qui
953 584 1096 640 ultro
1120 583 1366 654 peccavit
1392 601 1404 636 :
1433 582 1502 636 ad
1529 597 1627 637 cor
1655 588 1824 649 respi-

230 679 309 732 cit
335 677 499 740 Deus,
530 692 638 732 non
678 676 744 730 ad
773 691 965 731 manus
993 683 1222 730 tantum.
1269 673 1386 728 Non
1424 681 1510 729 est
1535 671 1824 727 dividenda

230 766 507 824 mnfessio
555 766 787 820 diversis
834 765 1240 828 sacerdotibus;
1288 772 1579 834 corruptus
1612 771 1667 817 et
1699 777 1822 818 cor-

232 868 394 932 rapta
431 859 625 914 timeat
671 858 867 912 iterum
913 858 1186 928 corrumpi
1233 857 1480 926 exemplo
1507 856 1656 912 Dina:
1703 854 1825 910 ﬁliae

232 950 424 1007 Jacob.
463 949 590 1004 Haec
632 963 848 1018 quoque
875 955 1001 1002 sunt
1029 947 1446 1009 mnsideranda,
1475 955 1628 1011 atas,
1651 946 1841 1016 locus,

232 1042 393 1106 ordo,
423 1039 712 1110 sapientia,
745 1045 986 1107 tempus;
1018 1031 1136 1093 haec
1170 1047 1423 1107 peccator
1446 1036 1610 1091 debet
1642 1035 1824 1092 consi-

233 1133 433 1188 derare
482 1132 536 1185 in
567 1145 663 1184 sua
705 1127 1068 1185 confessione.
1120 1128 1392 1184 Sacerdos
1439 1136 1622 1182 autem
1668 1126 1828 1182 debet

233 1221 441 1278 habere
469 1228 774 1290 respectum
802 1219 870 1274 ad
897 1218 1170 1291 iacrymas
1194 1219 1529 1289 paenitentis,
1555 1219 1624 1273 ad
1650 1216 1825 1287 gemi-

232 1323 346 1378 tus,
381 1320 437 1367 et
467 1311 535 1366 ad
563 1311 1005 1366 circumstantias
1043 1325 1165 1381 quae
1203 1311 1363 1366 dictae
1401 1318 1549 1375 sunt,
1575 1317 1633 1364 et
1668 1309 1830 1364 debet

229 1407 283 1460 ei
310 1405 496 1460 dicere
526 1421 538 1457 :
579 1403 678 1457 Fili
712 1403 806 1467 mi,
837 1403 1119 1458 considera
1147 1403 1293 1475 quod
1327 1417 1406 1457 ea:
1435 1409 1562 1457 sunt
1593 1401 1827 1456 circum—

232 1496 453 1554 statuite
493 1509 617 1564 qua;
660 1494 904 1550 detinent
946 1493 1220 1549 hominem
1266 1495 1320 1550 in
1349 1503 1594 1564 peccato,
1619 1493 1830 1549 scilicet

233 1587 574 1643 consuetudo
624 1585 765 1640 mala
818 1601 939 1655 quae
985 1586 1044 1639 ﬁt
1091 1586 1263 1642 altera
1313 1595 1538 1653 natura;
1576 1601 1701 1642 nam
1731 1600 1830 1656 per

233 1691 462 1747 pravam
512 1675 956 1730 consuetudinem
1005 1691 1112 1731 non
1157 1685 1338 1747 potest
1390 1677 1620 1748 amplius
1663 1679 1828 1734 homo

1925 486 2046 554 nia;
2099 488 2239 543 unde
2279 489 2494 545 videtur
2520 491 2570 547 ci
2620 490 2785 546 licere
2813 491 3073 563 quidquid
3123 492 3302 549 facere
3329 495 3513 553 vellet.

1927 577 2039 648 Ego
2091 587 2274 633 autem
2313 577 2550 636 Joannes
2600 581 2666 637 de
2709 581 2820 638 Deo
2863 599 2985 638 cum
3033 585 3151 640 aliis
3198 586 3514 642 doctoribus

1925 670 2257 724 contrarium
2303 673 2480 726 sentio
2508 661 2625 727 :et
2668 673 2790 729 dico
2833 676 2976 744 quod
3025 677 3070 730 si
3112 691 3250 746 papa
3296 688 3555 747 peccat“

1925 761 2098 831 magis
2123 760 2348 816 oﬁ‘eudit
2373 778 2536 832 quam
2577 765 2718 820 alius
2759 766 2952 833 homo;
3003 771 3129 837 quia
3157 778 3366 841 quanto
3389 786 3512 842 gra-

1926 851 2029 907 dus
2069 853 2248 918 altior,
2278 863 2428 909 tanto
2458 872 2618 912 casus
2641 859 2882 929 gravior,
2910 867 2970 914 ut
2998 861 3193 931 probat
3219 861 3514 933 Gregorius

1925 943 1992 998 de
2015 942 2339 1000 Ptenitentia
2365 947 2491 1001 dist.
2519 948 2574 1012 2,
2602 964 2653 1003 c.
2685 948 3042 1021 Principium,
3068 952 3256 1023 inquit,
3287 954 3510 1009 uiarum.

1924 1031 2060 1089 illud
2098 1035 2240 1090 idem
2276 1037 2469 1106 probat
2503 1037 2738 1094 Joannes
2768 1039 3188 1112 Chrysostomus
3235 1043 3307 1097 40
3359 1045 3515 1112 dist.,

1928 1123 2101 1178 Homo
2139 1123 2292 1180 Cirris
2315 1128 2490 1193 ianus,
2532 1138 2586 1183 et
2619 1129 2857 1185 Hilarius
2896 1147 3033 1202 papa
3070 1133 3162 1199 25,
3191 1150 3247 1204 q.
3279 1135 3326 1200 i,
3363 1134 3516 1190 Nulli

1926 1216 2032 1286 fas,
2063 1217 2154 1272 ubi
2185 1219 2385 1274 dicitur
2427 1221 2570 1290 quod
2605 1221 2798 1292 majori
2839 1231 2993 1278 reatu
3033 1225 3261 1296 deliquit
3287 1228 3381 1297 qui
3423 1243 3515 1297 po-

1927 1309 2053 1364 tiori
2087 1309 2292 1364 honore
2329 1309 2564 1365 fruitur:
2590 1320 2646 1366 et
2675 1313 2927 1382 graviora
2957 1315 3153 1372 delicta
3184 1316 3316 1373 facit
3343 1320 3514 1375 subli-

1926 1401 2092 1456 mitas
2129 1403 2495 1472 peccantium.
2544 1401 2602 1458 Si
2649 1402 2834 1459 forsan
2887 1405 3091 1461 diceret
3135 1407 3332 1479 aliquis
3373 1410 3516 1481 quod

1925 1491 2173 1562 praedicti
2219 1507 2458 1548 canones
2500 1493 2572 1548 de
2612 1494 2734 1549 aliis
2779 1494 3094 1566 loquuntur,
3129 1512 3234 1552 non
3264 1498 3331 1552 de
3356 1515 3516 1570 papa,

1927 1595 2028 1636 nos
2055 1583 2352 1651 probamus
2377 1582 2522 1653 quod
2549 1584 2616 1639 de
2644 1600 2786 1656 papa
2815 1585 3210 1657 intelliguntur,
3236 1597 3296 1642 ut
3326 1590 3520 1658 probat

1931 1669 1989 1725 S.
2015 1671 2328 1727 Bonifacius
2351 1687 2496 1743 papa
2519 1682 2575 1728 et
2602 1685 2813 1746 martyr
2835 1675 2906 1730 40
2936 1677 3088 1741 dist.,
3149 1677 3213 1734 Si
3236 1697 3396 1750 papa,
3428 1683 3517 1736 ubi

236 1736 513 1823 resistere.
559 1765 694 1822 item
739 1765 843 1820 alia
884 1781 1050 1822 causa
1099 1736 1201 1832 est,
1245 1769 1374 1838 quia
1402 1736 1566 1824 hoino
1593 1770 1688 1840 qui
1717 1785 1824 1825 non
1858 1736 1904 1800 Β
1928 1761 2131 1817 dieitur
2153 1765 2300 1833 quod
2334 1765 2380 1820 si
2418 1779 2557 1835 papa
2588 1767 2764 1823 malus
2792 1767 2987 1834 fuerit,
3034 1771 3161 1826 licet
3197 1774 3398 1829 multos
3424 1789 3522 1846 po—

233 1855 530 1911 conﬁtetur
567 1864 852 1926 peccatum
895 1857 961 1912 de
999 1855 1144 1912 facili
1193 1858 1338 1912 cadit
1381 1859 1436 1913 in
1463 1859 1608 1915 aliud
1634 1876 1826 1931 pecca-

116 1999 120 2002 .
233 1959 379 2014 tum,
403 1957 467 2002 ut
494 1948 626 2003 dicit
662 1956 887 2004 sanctus
908 1946 1224 2018 Gregorius,
1248 1960 1533 2020 peccatum
1560 1953 1702 2022 quod
1728 1968 1828 2024 per

230 2041 617 2110 penitentiam
655 2055 763 2095 non
810 2049 1073 2111 purgatur
1123 2056 1226 2097 suo
1263 2045 1502 2113 pondere
1545 2045 1712 2100 trahit
1759 2046 1828 2102 ad

232 2130 385 2186 aliud
416 2140 722 2202 peccatum.
771 2133 869 2188 Est
904 2141 960 2188 et
1004 2132 1109 2188 alia
1150 2150 1341 2201 causa,
1385 2137 1511 2207 quia
1541 2147 1825 2209 peccatum

231 2230 501 2294 tanquam
532 2238 680 2280 mors
719 2225 955 2281 latenter
981 2229 1240 2294 occurrit,
1269 2237 1326 2284 et
1351 2230 1547 2285 subito.
1598 2232 1694 2288 Est
1721 2233 1827 2290 alia

232 2328 406 2368 causa
437 2327 558 2383 qua:
585 2329 691 2370 non
718 2317 992 2384 permittit
1031 2317 1308 2374 inﬁrmum
1340 2322 1526 2377 venire
1556 2323 1623 2378 ad
1650 2326 1827 2396 paeni-

233 2405 487 2470 tentiam,
537 2406 747 2462 scilicet
793 2408 1042 2465 anxietas
1091 2411 1287 2466 morbi.
1365 2412 1466 2468 Est
1513 2415 1677 2470 etiam
1723 2415 1827 2473 alia

234 2510 406 2550 causa
447 2511 568 2566 quae
615 2496 840 2570 impedit
863 2500 1214 2568 pmnitentem
1261 2503 1470 2560 scilicet
1500 2507 1674 2576 pudor
1700 2522 1830 2563 con-

233 2586 449 2651 ﬁtendi,
481 2597 536 2642 et
562 2586 686 2658 fuga
711 2604 908 2660 pinna,
936 2599 1042 2647 etc.
1078 2593 1272 2659 Debes,
1299 2601 1356 2650 tu
1391 2597 1669 2662 sacerdos,
1699 2612 1832 2653 con-

234 2674 445 2733 fortare
483 2679 835 2748 ptenitentem
864 2695 933 2736 ne
959 2683 1231 2755 desperet,
1260 2686 1475 2742 etiamsi
1505 2687 1832 2744 confiteatur

236 2768 418 2832 tarde,
444 2769 570 2838 quia
594 2768 736 2825 Deus
779 2779 860 2827 est
897 2783 1090 2843 potens
1130 2776 1183 2830 in
1218 2791 1328 2832 uno
1351 2787 1627 2834 momento
1653 2780 1831 2835 homi—

235 2875 366 2916 nem
415 2870 734 2918 convertere
777 2872 834 2918 et
871 2865 1084 2920 saivare
1131 2867 1186 2922 in
1226 2869 1600 2938 ptenitentiam
1646 2873 1830 2943 potius

235 2965 406 3019 quam
435 2953 694 3008 damnare
723 2968 788 3007 ex
809 2953 1050 3024 justitia,
1081 2965 1187 3013 etc.

588 3089 836 3156 Qualiter
871 3095 1018 3150 debet
1044 3097 1164 3166 ﬁeri
1192 3100 1470 3171 confessio.

847 3207 951 3279 (Ex
993 3225 1114 3281 cap.
1146 3212 1225 3284 8.)

313 3315 484 3372 Debet
517 3327 695 3373 autem
726 3318 843 3377 ﬁeri
873 3321 1163 3391 confessio,
1193 3327 1490 3383 secundum
1534 3329 1834 3384 auctorita-

239 3420 354 3464 tem
385 3418 698 3467 sanctorum
723 3410 968 3479 Patrum,
999 3415 1333 3486 simpliciter,
1367 3428 1430 3474 ut
1451 3428 1670 3476 accuset
1693 3435 1753 3476 se
1781 3430 1838 3477 et

239 3517 354 3557 non
394 3501 584 3568 alium,
618 3501 773 3572 juxta
808 3505 939 3562 illud
967 3525 982 3563 :
1012 3506 1135 3563 Non
1163 3510 1390 3566 declines
1435 3529 1526 3566 cor
1560 3529 1734 3567 meum
1777 3515 1834 3568 in

238 3594 400 3648 verba
425 3595 644 3650 malitia
669 3597 739 3650 ad
766 3601 1122 3654 excusandam
1155 3605 1538 3660 excusationem
1572 3607 1628 3659 in
1653 3624 1836 3679 pecca-

237 3685 330 3738 tis.
384 3684 616 3744 Humilis
665 3705 788 3745 cum
829 3707 968 3762 pura
1019 3694 1321 3751 intentione
1369 3699 1487 3754 sine
1535 3699 1830 3770 hypocrisi.

244 3776 402 3833 Unde
424 3777 719 3836 Salomon:
764 3783 809 3835 Α
837 3784 1023 3838 timore
1066 3796 1178 3851 tuo,
1207 3785 1452 3854 Domine,
1503 3793 1836 3861 concepimus

239 3883 290 3925 et
311 3875 627 3944 peperimus.
673 3875 892 3943 Fidelis,
939 3878 1040 3933 sub
1080 3895 1175 3949 spe
1208 3882 1399 3947 venite,
1438 3898 1547 3937 non
1593 3891 1649 3936 ut
1669 3883 1836 3939 Judas

239 3964 336 4032 qui
361 3963 440 4018 ait
465 3982 480 4017 :
511 3964 730 4021 Peccavi
753 3972 966 4023 tradens
999 3972 1307 4040 sanguinem
1323 3973 1549 4042 justum,
1575 3982 1630 4028 et
1647 3986 1834 4044 postea

238 4056 381 4110 abiit
413 4065 461 4110 et
483 4056 670 4127 laqueo
703 4074 758 4112 se
795 4061 1085 4130 suspendit.
1115 4061 1424 4133 Frequens;
1464 4065 1603 4121 unde
1632 4066 1837 4138 Grego-

243 4148 401 4201 rius:
437 4148 653 4215 Quanto
684 4151 846 4206 citius
871 4152 1149 4209 conﬁteris
1193 4155 1295 4210 sub
1331 4171 1428 4226 spe
1457 4157 1650 4223 veniae,
1683 4166 1836 4214 tanto

241 4240 461 4296 facilius
487 4245 840 4312 consequeris
863 4246 1079 4300 veniam
1109 4247 1300 4318 culpae.
1345 4248 1530 4315 Nuda;
1575 4251 1717 4305 unde
1745 4248 1837 4305 Je-

241 4332 467 4393 retnias,
497 4348 600 4386 non
639 4343 715 4387 est
753 4335 845 4404 qui
881 4346 1005 4406 agat
1046 4339 1400 4408 pcenitentiam
1443 4356 1600 4410 super
1622 4350 1837 4411 peccata

236 4441 342 4478 sua
382 4434 431 4478 et
467 4425 608 4479 dicat
646 4427 774 4497 quid
802 4429 946 4498 fecit.
995 4429 1265 4494 Discreta,
1296 4432 1375 4486 sic
1403 4434 1547 4486 enim
1578 4431 1833 4502 Augusti—
1866 4451 1914 4509 ι)

240 4531 349 4571 nus
376 4532 388 4567 :
415 4515 765 4572 Sacerdotem
802 4535 984 4589 quaare
1023 4521 1113 4590 qui
1160 4530 1212 4575 te
1256 4523 1394 4576 sciat
1441 4523 1652 4577 solvere
1689 4531 1746 4577 et
1771 4523 1836 4578 ii-

236 4621 396 4678 gare.
450 4607 786 4674 Voluntaria,
837 4626 942 4664 non
990 4620 1051 4665 ut
1091 4612 1361 4667 confessio
1403 4613 1607 4681 Achor,
1652 4615 1746 4670 sed
1777 4625 1839 4672 ut

239 4697 520 4753 confessio
564 4698 791 4756 latronis
841 4703 894 4757 in
936 4718 1120 4758 cruce.
1155 4704 1502 4770 Verecunda;
1539 4707 1612 4760 ita
1635 4707 1838 4778 Grego—

241 4790 364 4843 rius
405 4807 420 4842 :
466 4789 804 4844 Verecundia
841 4791 1075 4846 maxima
1126 4808 1254 4863 pars
1299 4801 1382 4846 est
1426 4794 1831 4851 satisfactionis.

238 4879 504 4945 Secreta;
537 4881 678 4934 unde
702 4877 939 4937 Joannes
957 4881 1379 4953 Cbrysostomus
1407 4901 1420 4935 :
1449 4883 1565 4938 Non
1591 4885 1712 4939 dico
1739 4885 1836 4940 tibi

239 4981 306 5026 ut
337 4971 538 5041 prodas
571 4981 624 5027 te
659 4972 711 5027 in
744 4973 1040 5042 publicum.
1089 4975 1436 5044 Accelerata;
1483 4979 1624 5032 unde
1655 4978 1841 5034 Eccle-

238 5064 540 5118 siasticus:
582 5061 704 5119 Non
745 5065 923 5120 tardes
963 5069 1189 5121 converti
1228 5070 1298 5121 ad
1340 5067 1645 5123 Dominum.
1701 5069 1843 5126 Obe-

237 5156 436 5215 diens;
471 5154 613 5210 unde
639 5156 974 5227 Augustinus
1003 5178 1016 5212 :
1046 5157 1157 5215 Fac
1184 5160 1368 5217 omnia
1397 5175 1498 5230 pro
1527 5162 1838 5232 accipienda

238 5250 358 5304 vita
386 5249 600 5314 anim,
628 5266 748 5318 qua:
772 5249 986 5306 faceres
1010 5266 1110 5321 pro
1138 5252 1249 5306 vita
1278 5254 1540 5324 corporis,
1569 5262 1673 5308 etc.

321 5380 401 5434 De
416 5384 714 5453 paenitentia
734 5385 915 5440 damni
932 5404 1103 5458 papa,
1128 5397 1176 5442 et
1197 5388 1284 5442 cui
1305 5388 1483 5443 debeat
1505 5390 1766 5458 conﬁteri.

764 5498 862 5568 (Ex
901 5499 996 5555 lib.
1023 5517 1077 5565 γ,
1113 5515 1232 5570 cap.
1265 5499 1339 5567 l.)

324 5609 624 5666 Dicendum
664 5613 730 5666 de
759 5614 1078 5684 pnanitentia
1117 5615 1299 5669 domni
1332 5629 1485 5685 papa:
1519 5634 1530 5668 :
1566 5624 1622 5669 et
1659 5613 1838 5670 forsan

243 5701 468 5758 videtur
493 5702 813 5772 quibusdam
847 5706 992 5775 quod
1029 5719 1133 5760 non
1162 5715 1414 5774 peccaret
1442 5720 1594 5776 papa,
1629 5714 1687 5758 ut
1711 5704 1841 5759 dicit

1857 3093 1905 3156 C

1927 1854 2086 1922 pulos
2113 1871 2298 1911 secum
2341 1857 2542 1923 trahat,
2587 1867 2770 1915 tamen
2821 1861 2936 1930 ipse
2977 1877 3102 1917 cum
3134 1863 3351 1918 diabolo
3375 1868 3520 1936 apud

1927 1945 2132 2002 inferos
2151 1957 2413 2019 perpetuo
2435 1951 2789 2006 cruciabitur.
2817 1951 2949 2007 illud
2977 1955 3120 2009 idem
3147 1957 3344 2025 prohat
3364 1956 3520 2029 Sym-

1929 2039 2156 2093 machus
2185 2054 2324 2110 papa
2353 2041 2408 2106 9,
2440 2056 2494 2111 q.
2526 2043 2579 2106 3,
2609 2057 2658 2096 c.
2688 2042 2925 2097 Aliorum
2948 2044 3242 2112 hominum,
3265 2047 3357 2102 ubi
3385 2048 3520 2102 dici-

1928 2137 2019 2186 tur
2042 2131 2186 2201 quod
2222 2147 2334 2196 non,
2357 2132 2577 2188 habebit
2605 2134 2748 2202 apud
2773 2133 2942 2190 Deum
2980 2135 3046 2190 de
3073 2135 3410 2208 allegationis
3440 2139 3522 2192 ni-

1929 2229 2048 2276 tore
2091 2222 2424 2287 subsidium;
2464 2239 2587 2278 cum
2638 2227 2878 2292 ipsorum
2912 2222 3181 2280 factorum
3227 2235 3412 2282 utetur
3443 2235 3522 2281 te-

1929 2323 2032 2379 ste,
2056 2327 2166 2382 quo
2201 2324 2256 2370 et
2295 2314 2518 2385 judice:
2552 2316 2645 2370 ubi
2693 2315 3034 2372 subinfertur
3083 2319 3228 2388 quod
3275 2321 3360 2374 cui
3402 2319 3521 2391 plus

1930 2403 2292 2458 committitur
2312 2404 2432 2474 plus
2458 2405 2714 2475 exigitur.
2747 2406 2816 2460 Et
2842 2416 2928 2462 est
2965 2409 3108 2463 ratio
3129 2410 3279 2480 quia,
3303 2419 3366 2464 ut
3393 2410 3525 2467 dicit

1929 2493 2109 2564 glossa
2153 2493 2404 2550 Psalterii
2439 2510 2606 2565 super
2645 2496 2738 2552 illo
2779 2499 3007 2568 psalmo,
3052 2502 3359 2568 esurientes,
3413 2511 3520 2559 etc.

1930 2582 2028 2637 Est
2052 2599 2182 2656 ergo
2207 2586 2401 2641 vitiosa
2438 2586 2548 2641 vita
2575 2601 2729 2657 papae
2771 2589 2949 2660 imago
2992 2590 3187 2646 futurae
3217 2594 3427 2660 mortis,
3460 2605 3522 2650 ut

1929 2674 2191 2742 probatur
2230 2675 2314 2738 i9,
2349 2675 2402 2740 i,
2445 2690 2495 2730 c.
2528 2676 2860 2732 Anastasius.
2918 2679 3156 2736 Probato
3196 2685 3338 2751 quod
3385 2700 3525 2756 papa

1931 2778 2163 2832 peccare
2187 2765 2379 2834 possit,
2411 2766 2677 2836 quaeritur
2715 2768 2804 2822 cui
2834 2769 3029 2824 debeat
3057 2770 3329 2835 conﬁteri,
3363 2783 3416 2828 et
3445 2776 3526 2829 vi-

1931 2854 2091 2910 detur
2113 2856 2258 2924 quod
2287 2855 2418 2910 nulli
2451 2857 2558 2912 nisi
2580 2855 2712 2922 Deo,
2739 2867 2804 2912 ut
2833 2857 3041 2915 faciunt
3069 2860 3274 2930 Graeci,
3307 2873 3369 2918 ut
3392 2879 3522 2934 pro-

1931 2947 2092 3002 batur
2137 2949 2204 3004 de
2247 2947 2594 3016 Pmnitentia,
2633 2952 2758 3007 dist.
2801 2952 2852 3018 1,
2894 2967 2943 3009 c.
2987 2953 3087 3008 ult.
3134 2955 3270 3010 Aliis
3317 2959 3528 3013 videtur

1933 3038 2076 3106 quod
2105 3038 2329 3094 deberet
2356 3039 2606 3096 confiteri
2651 3041 2888 3099 Ostiensi
2924 3045 3180 3116 episcopo
3208 3048 3300 3117 qui
3332 3063 3526 3104 conse-

1935 3136 2082 3195 crat;
2112 3129 2168 3184 in
2193 3144 2260 3185 eo
2283 3131 2426 3185 enim
2449 3132 2666 3188 videtur
2689 3133 2881 3203 major,
2911 3145 2972 3190 ut
2995 3137 3260 3206 probatur
3279 3138 3349 3193 53
3374 3139 3524 3205 dist.,

1936 3239 1986 3277 c.
2026 3222 2285 3278 Dominus
2327 3233 2524 3291 noster,
2565 3226 2656 3282 ubi
2687 3227 2890 3281 dicitur
2931 3229 3078 3297 quod
3107 3228 3283 3297 major
3319 3239 3404 3286 est
3433 3233 3524 3302 qui

1933 3317 2150 3373 ordinat
2192 3333 2356 3387 quam
2387 3320 2480 3389 qui
2505 3320 2810 3376 ordinatur.
2860 3319 2996 3377 Aliis
3022 3323 3240 3379 videtur
3265 3328 3409 3396 quod
3435 3327 3526 3381 de-

1935 3410 2090 3466 beret
2137 3410 2385 3466 confiteri
2431 3411 2820 3480 cardinalibus,
2873 3429 2905 3468 a
2950 3414 3147 3484 quibus
3195 3417 3436 3487 eligitur,
3470 3427 3526 3472 et

1936 3501 2174 3557 maxime
2221 3502 2520 3572 episcopis,
2563 3503 2656 3573 qui
2708 3504 2764 3559 in
2811 3504 3078 3562 electione
3122 3506 3314 3562 domni
3367 3524 3523 3580 papze

1936 3602 2164 3649 utuntur
2182 3592 2307 3663 jure
2347 3595 2773 3666 metropolitani,
2798 3603 2860 3652 ut
2889 3598 3246 3667 probatur?!»
3287 3599 3415 3655 dist.
3459 3601 3527 3655 In

1937 3687 2146 3741 nomine
2189 3684 2422 3751 Domini,
2473 3687 2567 3742 ubi
2607 3686 2806 3743 dicitur
2853 3706 2869 3745 :
2917 3688 3169 3759 Episcopi
3227 3691 3530 3746 cardinales

1937 3779 2124 3850 procul
2147 3778 2312 3834 dubio
2350 3779 2472 3848 jure
2500 3778 2904 3850 metropolitani
2945 3777 3264 3850 funguntur,
3293 3781 3384 3851 qui
3415 3781 3528 3838 elc-

1937 3875 2084 3923 ctum
2115 3868 2183 3924 ad
2211 3868 2421 3936 apicem
2447 3868 2776 3940 dignitatum
2819 3869 3144 3940 provehunt.
3193 3870 3298 3926 Alii
3344 3872 3531 3927 dicunt

1936 3963 2082 4032 quod
2119 3963 2344 4018 deberet
2388 3963 2636 4019 confiteri
2663 3965 2950 4029 monacho,
2978 3980 3044 4020 eo
3087 3967 3230 4036 quod
3253 3981 3392 4036 papa
3426 3967 3531 4022 Sil-

1937 4056 2120 4110 verius
2167 4054 2497 4110 renuntiavit
2527 4066 2802 4126 papatum,
2833 4065 2888 4110 et
2925 4053 3026 4109 fuit
3055 4058 3370 4111 monachus.
3423 4055 3531 4113 Sed

1938 4145 2250 4200 ﬁrmissime
2283 4155 2427 4212 tene,
2466 4154 2521 4200 et
2555 4145 2862 4200 nullatenus
2900 4145 3131 4206 dubites,
3171 4146 3314 4216 quod
3354 4155 3527 4216 possit

1937 4237 2182 4291 confiteri
2215 4237 2519 4304 cuicunque
2545 4235 2809 4299 voluerit;
2846 4250 2969 4289 cum
3001 4235 3143 4288 enim
3173 4236 3287 4304 ipse
3315 4237 3408 4290 dat
3438 4237 3524 4292 iu-

1937 4327 2270 4397 dulgentiam
2315 4327 2568 4382 omnibus
2593 4327 2862 4397 exemptis
2899 4335 2958 4380 ut
2993 4327 3093 4382 sibi
3125 4327 3326 4398 eligant
3350 4332 3542 4399 provi.‘

1937 4419 2036 4474 dos
2085 4419 2446 4484 confessores,
2495 4419 2645 4474 dabit
2688 4420 2816 4485 sibi,
2863 4435 2987 4476 cum
3033 4436 3140 4474 non
3183 4421 3256 4476 sit
3282 4423 3532 4493 superior

1938 4525 1968 4564 a
1999 4523 2109 4578 quo
2133 4518 2300 4582 petat.
2345 4509 2611 4564 Probatur
2635 4509 2705 4565 50
2735 4509 2861 4565 dist.
2923 4508 2984 4564 Si
3016 4509 3396 4578 Romanorum,
3435 4514 3528 4568 ubi

1935 4599 2139 4656 dicitur
2164 4601 2308 4670 quod
2350 4601 2395 4656 si
2439 4615 2576 4671 papa
2625 4601 2720 4655 dat
2757 4601 3137 4657 auctoritatem
3186 4602 3330 4669 aliis,
3357 4603 3529 4658 multo

1937 4693 2135 4749 fortius
2175 4693 2300 4748 sibi.
2351 4692 2504 4760 Quod
2551 4693 2675 4748 talis
2713 4692 3025 4762 iurisdictio
3069 4694 3378 4748 voluntaria
3421 4705 3525 4759 est,

1939 4787 2147 4843 scilicet
2173 4787 2317 4858 quod
2344 4802 2401 4842 se
2426 4802 2562 4856 papa
2593 4794 2861 4858 supponat
2880 4787 3244 4858 jurisdictioni
3277 4791 3527 4855 minoris,

1938 4882 2203 4952 probatur
2227 4880 2282 4946 2,
2310 4896 2364 4950 q.
2397 4879 2450 4944 5,
2501 4880 2786 4944 mandatis,
2817 4889 2874 4935 et
2894 4896 2941 4935 c.
2974 4882 3216 4935 auditum
3239 4894 3336 4950 est,
3388 4892 3444 4940 et
3470 4885 3526 4950 2,

1939 4987 1994 5042 (ι.
2023 4973 2073 5034 7,
2103 4988 2151 5028 c.
2203 4989 2320 5026 cum
2356 4971 2623 5037 Balaam,
2665 4973 2865 5042 quibus
2908 4973 3108 5028 dicitur
3148 4977 3290 5045 quod
3341 4975 3530 5033 Sixtus

1941 5075 1994 5122 et
2020 5067 2130 5122 Leo
2155 5074 2209 5120 et
2235 5066 2499 5120 Damasus
2544 5073 2600 5118 et
2640 5063 3000 5136 Symmachus
3043 5077 3444 5138 supposuerunt
3467 5085 3528 5124 se

1935 5157 2144 5227 judicio
2170 5159 2436 5213 minorum
2485 5158 2536 5212 in
2561 5152 2656 5213 lite
2699 5159 3056 5221 contentiosa,
3107 5160 3274 5214 multo
3309 5157 3524 5226 fortius,

1941 5259 2046 5303 etc.
2083 5248 2222 5318 Ergo
2250 5256 2426 5318 potest
2475 5261 2533 5302 se
2566 5261 2872 5319 supponere
2915 5250 2968 5302 in
3000 5246 3117 5302 foro
3143 5247 3522 5316 pmnitentiaii,

1941 5340 2066 5410 quia
2112 5351 2372 5408 quantum
2424 5340 2491 5394 ad
2537 5339 2643 5394 hoc
2683 5338 3054 5407 unusquisque
3101 5336 3354 5392 sacerdos
3379 5346 3528 5396 tenet

1942 5431 2118 5486 locum
2147 5430 2241 5484 Dei
2268 5429 2517 5494 viventis,
2550 5436 2604 5484 et
2631 5436 2808 5500 potest
2851 5425 3131 5482 absolvere
3169 5427 3525 5498 puenitentem

1942 5524 2060 5578 loco
2088 5523 2201 5586 Dei,
2249 5523 2375 5592 quia
2425 5531 2686 5592 quantum
2713 5520 2780 5574 ad
2825 5519 2939 5573 haec
2974 5515 3147 5586 major
3170 5524 3277 5586 est,
3304 5527 3365 5574 ut
3403 5533 3530 5590 pro-

1941 5616 2104 5670 batur
2128 5615 2184 5681 2,
2211 5630 2264 5685 q.
2295 5615 2348 5680 '5,
2381 5629 2456 5680 c.,
2484 5619 2588 5671 etc.
2622 5610 2856 5680 Explicit
2883 5609 2950 5664 de
2975 5624 3134 5681 papa.
