1962 3090
149 131 222 160 1095

609 131 797 160 ΕΧΕΕιὶΡΤΛς
810 131 857 160 EX.
876 130 1131 161 WENTIALI
1149 134 1173 161 .l.
1196 134 1241 162 DE
1260 131 1337 163 1)Εο-

1709 139 1775 168 1091

148 189 267 217 (hbeam
289 187 421 219 οωηωιί,
438 188 534 223 primo
544 189 662 216 occurrit
682 190 821 225 multiplex
843 190 939 217 distin-
952 190 976 221 Α
989 199 1058 227 papa
1072 191 1227 228 Simplicius
1237 193 1271 220 τι
1284 193 1360 227 dist.,
1373 201 1396 221 c.
1411 198 1438 222 et
1455 202 1479 222 c.
1493 192 1522 222 Si
1536 199 1624 224 autem
1639 203 1779 232 peccatum

148 234 215 266 otio,
229 234 431 274 scilicetutnm
445 234 480 261 sit
492 234 769 270 ambiqtiscopussub
783 237 938 271 patriarcha
988 241 1029 264 est
1038 238 1172 265 occultum
1184 241 1277 265 etnon
1288 239 1391 274 indiget
1400 238 1782 276 dispensatione,potestcon—

148 280 323 311 conuitium,
341 272 383 306 vel
400 283 489 306 utrum
512 280 667 307 immediate
684 286 787 316 spectat
808 282 842 308 ad
852 282 939 309 domi-

147 332 216 353 num
229 331 335 359 papam.
357 323 424 350 item
445 324 467 351 si
481 328 585 358 spectat
596 325 629 351 ad
641 326 837 359 patriarcharum,
858 330 885 353 et
897 333 940 354 est

147 370 329 406 propinquis,
348 369 488 405 quodiipsi
502 370 598 398 debeat
612 371 744 404 conﬁteri,
767 379 830 399 cum
847 376 938 407 potset

147 415 212 443 inc
223 413 437 450 perim‘Nam
448 415 495 449 qui
513 422 594 443 sanus
611 420 654 443 est
674 424 728 443 non
739 417 818 444 debet
827 421 899 444 stare
910 417 937 444 ln

144 463 263 495 peccato
281 466 339 486 tm
347 459 419 487 bon
427 459 491 491 diei,
510 464 540 487 ut
560 461 689 495 probatur
699 460 733 488 de
744 461 894 489 Pmn.‘dist.
910 470 935 489 c.

148 505 191 533 Et
200 506 293 537 uidet,
309 506 406 541 inquit,
422 505 535 541 Moyses.
551 506 584 533 Et
599 507 665 534 illud
676 508 746 535 idem
761 507 938 541 probatur'de

147 552 226 579 Pozn.
243 552 305 578 dist.
320 552 346 584 5,
359 559 383 577 ε.
397 551 455 578 Ille.
472 552 526 578 Rex
540 552 633 584 David,
650 552 710 579 talis
724 557 750 579 et
764 556 817 579 tam
831 558 935 586 potens,

147 605 202 625 nec
218 597 315 631 exigito
328 600 463 623 momento
473 604 554 631 penes
568 605 596 624 se
611 605 706 632 passus
720 603 762 625 est
775 602 804 624 ut
817 603 935 625 mancrct

147 642 241 669 delicti
263 642 438 673 conscientia,
463 642 508 668 sed
524 648 646 677 prompta
669 643 837 670 confessione
857 648 937 677 atque

147 688 246 714 intimo
268 687 359 714 dolore
374 686 489 714 reddidit
504 688 617 714 Domino
636 693 775 722 peccatum
792 697 879 716 suum.
904 690 937 716 Et

146 731 215 758 illud
228 732 298 758 idem
314 731 442 765 probatur
463 731 500 758 ita
521 732 553 759 de
568 731 655 764 PtBll.,
672 733 735 759 dist.
749 734 776 764 5,
791 741 814 760 ο.
832 733 938 768 Septies

147 776 178 804 in
192 776 234 803 die
246 776 317 803 cadit
327 776 416 811 justus
432 782 459 803 et
473 778 598 811 resurgit.
616 777 668 804 Sed
681 778 702 804 si
715 778 805 812 justus
819 787 878 805 cum
893 787 937 806 ca-

109 825 118 827 ί
147 822 200 854 dit,
215 821 468 856 quomodojustus?
488 821 556 849 Justi
573 824 730 850 vocabulum
749 832 800 850 non
820 825 937 851 admittit

988 281 1057 310 meri
1073 283 1117 310 cui
1135 283 1268 316 voluerit,
1285 291 1336 319 per
1347 285 1508 313 decretalem
1528 286 1669 322 Gregorii;
1695 296 1730 316 ex
1747 288 1781 317 dc

987 328 1075 361 Pam,
1090 335 1114 356 ο.
1132 329 1173 356 Νε
1184 337 1231 364 pro
1245 329 1381 364 dilatione,
1396 335 1423 359 et
1432 331 1580 360 lnnocentii
1595 334 1667 361 tertii
1681 334 1707 362 in
1719 343 1779 363 con«

986 373 1049 401 cilio
1064 374 1193 409 generali,
1209 382 1254 402 ex.
1270 374 1401 403 de'Elect.

1023 428 1060 456 De
1070 429 1231 464 confessione
1240 430 1429 501 ερίεῖἕροναπι,
1436 434 1516 501 ἕι)ειιὶ
1527 434 1636 475 debeant
1647 436 1778 471 conﬁteri.

1257 473 1259 476 ‘
1330 474 1345 492 κ
1360 474 1419 501 cap.
1455 488 1461 494 .

1257 473 1259 476 ‘
1295 472 1345 501 (nx
1360 474 1419 502 cap.
1436 472 1475 501 ti.)
1626 472 1628 475 “

1022 508 1060 535 De
1072 507 1241 536 confessione
1258 511 1376 546 episcopi
1393 512 1547 540 ﬁrmissime
1563 517 1665 548 teneas,
1680 520 1708 543 et
1722 516 1779 544 nul-

987 548 1091 581 latenus
1115 554 1233 587 dubites,
1255 556 1326 590 quod
1348 561 1488 592 exemptus
1509 558 1629 593 ejusdem
1645 559 1715 594 juris
1729 566 1780 594 est,

987 598 1056 626 sicut
1077 599 1110 626 de
1129 599 1299 628 confessione
1320 603 1522 636 metropolitani
1542 604 1587 638 qui
1611 612 1663 633 non
1689 606 1783 634 subest

987 643 1146 677 patriarchae
1159 652 1167 671 τ
1186 645 1208 671 si
1230 649 1319 672 autem
1332 653 1386 673 non
1401 651 1443 673 est
1457 652 1606 683 exemptus,
1622 650 1701 678 debet
1715 659 1780 679 con-

988 689 1057 715 ﬁteri
1071 689 1290 724 metropolitano,
1305 690 1401 718 saltem
1423 698 1455 718 eo
1472 695 1592 727 tempore
1611 702 1665 728 quo
1678 695 1782 723 venerit

988 734 1021 761 ad
1033 734 1175 762 concilium
1191 735 1356 770 prOVinciale
1369 736 1441 771 quod
1456 737 1534 764 debet
1546 738 1613 771 fieri,
1628 742 1658 766 ut
1674 739 1704 766 l8
1718 740 1781 768 dist.

988 779 1126 812 probatur,
1142 787 1167 806 c.
1182 783 1211 807 et
1228 787 1253 807 c.
1267 780 1295 807 Si
1322 784 1413 808 autem
1431 781 1514 809 fuerit
1540 783 1663 812 inﬁrmus
1684 786 1726 813 vel
1741 793 1782 815 re-

989 826 1077 852 motus
1101 825 1198 858 valde,“
1217 830 1308 860 potest
1334 827 1457 855 conﬁteri
1481 818 1644 857 nedesaitate
1671 836 1783 867 cogente

147 867 197 901 qui
209 875 316 901 semper
325 875 375 901 per
385 868 570 901 paenitentiam
586 869 710 903 resurgit.
725 869 853 896 Pl‘K‘iﬁlllS
866 869 938 896 nullo
957 863 979 891 Β
992 870 1141 904 cuicunque
1154 871 1288 904 voluerit;
1304 871 1355 899 nisi
1369 876 1441 900 esset
1455 875 1589 901 notarium
1607 863 1720 908 crimen:
1734 884 1781 904 cu-

148 914 230 941 modo
237 913 306 941 alios
314 912 438 946 judicare
451 913 540 945 debet,
554 913 617 940 dum
634 915 747 941 habetin
763 923 791 942 sc
801 916 858 949 ipso
868 915 939 949 quod

148 959 322 990 condemnet,
335 963 365 985 ut
377 959 505 993 probatur
517 960 544 989 5,
558 968 583 993 q.
602 960 626 991 7,
640 968 663 986 c.
680 961 782 986 Jutiil‘t’l
799 961 849 988 ille.
865 966 891 987 et
913 968 937 987 c.

149 1005 185 1032 In
199 1005 328 1040 gravibus,
344 1010 371 1031 et
398 1013 421 1032 (τ.
444 1004 596 1031 Postumius
619 1005 755 1031 Dominus.
782 1006 847 1032 Illud
869 1006 939 1033 idem

148 1050 247 1083 probat
268 1049 446 1083 Gregorius...
469 1057 496 1083 q.
521 1050 549 1081 5,
574 1058 597 1075 c.
624 1049 801 1084 Plerumyue:
825 1055 849 1077 et
875 1051 938 1077 illud

149 1094 221 1121 idem
239 1095 334 1129 probat
349 1095 521 1129 Augustinus,
539 1096 570 1121 de
584 1095 671 1126 PG:th
687 1096 748 1121 dist.
765 1097 790 1127 li,
814 1095 865 1127 Qui
886 1096 938 1122 vult

148 1141 278 1174 conﬁteri.
296 1141 351 1168 Hoc
369 1149 420 1168 non
438 1141 525 1167 solum
540 1142 571 1167 de
588 1142 788 1175 archiepiscopo
802 1142 880 1168 debet
896 1142 938 1167 in-

149 1187 235 1221 telligi
249 1207 257 1219 ,
277 1188 324 1214 sed
346 1188 378 1215 de
395 1195 556 1222 quocunque
572 1188 623 1214 alio
637 1188 766 1221 pra-lato,
789 1188 846 1213 sive
862 1195 940 1221 supe-

149 1233 216 1259 riori
230 1234 285 1260 sive
296 1234 427 1260 infcriori.
441 1234 506 1260 Nam
522 1235 591 1259 sicut
604 1234 668 1259 dicit
686 1235 844 1261 Ambrosius
856 1255 862 1266 ,
878 1242 938 1261 cum

149 1280 186 1307 iis
204 1279 326 1314 displicet
348 1280 393 1314 qui
418 1281 451 1306 ad
475 1281 694 1307 intercedendum
718 1282 852 1313 mittitur,
878 1282 937 1307 irati

150 1326 259 1352 animus
280 1326 311 1352 ad
341 1326 474 1352 deteriora
503 1330 679 1360 provocatur,
707 1331 736 1352 ut
761 1328 890 1360 probatur
910 1328 937 1359 5,

150 1375 182 1404 q.’
193 1370 218 1401 7,
230 1378 254 1397 c.
270 1370 303 1396 In
314 1371 444 1405 gravibus.
456 1370 521 1397 Illud
533 1371 602 1397 idem
616 1371 712 1405 probat
725 1372 869 1406 Gregorius
885 1372 939 1398 Ma-

149 1424 222 1451 gnus
234 1416 397 1444 inPtrstorali
413 1424 470 1449 suo,
481 1417 514 1444 49
529 1418 604 1449 dist.,
620 1426 643 1444 c.
663 1419 684 1443 i.
703 1419 731 1445 Si
748 1423 834 1445 autem
847 1425 887 1446 est
900 1420 939 1445 in-

126 1487 131 1492 ,
150 1462 250 1488 ﬁrmus
259 1462 490 1496 metropolitanus,
504 1466 565 1489 tunc
580 1463 678 1496 poterit
691 1464 839 1498 cuicunque
850 1465 939 1491 volue-

151 1506 188 1532 rit
202 1506 324 1532 contiterl
342 1507 485 1538 sacerdoti,
511 1507 574 1533 dum
600 1512 687 1533 tamen
708 1508 849 1535 catholico.
874 1508 938 1534 Pro—

150 1552 233 1578 batur
242 1550 286 1583 26,
307 1559 334 1586 q.
350 1551 376 1583 6,
392 1559 417 1578 c.
435 1550 465 1578 Si
480 1552 621 1586 presbyter,
633 1556 659 1578 et
682 1552 714 1578 de
727 1551 816 1584 Poen,
832 1552 893 1579 dist.
910 1554 937 1585 6,

150 1597 206 1628 Qui
219 1596 410 1630 vultwnﬁteri.
428 1596 455 1623 Si
470 1602 557 1623 autem
570 1601 610 1623 cst
626 1602 743 1624 remotus
758 1598 940 1632 metropolita-

150 1648 204 1667 nus
217 1648 231 1667 a
244 1641 368 1675 primate,
392 1641 418 1667 in
434 1648 466 1668 eo
480 1650 544 1668 casu
559 1641 706 1676 distingue,
730 1646 819 1668 utrum
838 1644 940 1670 crimen

150 1687 187 1713 sit
201 1687 334 1714 notoriam
346 1687 388 1714 vel
399 1687 532 1714 occultum
546 1695 552 1713 :
570 1689 591 1714 si
606 1689 739 1715 notorium
751 1693 802 1720 est,
822 1691 939 1723 patriar-

150 1733 211 1759 clite
225 1733 305 1760 debet
315 1732 449 1764 conﬁteri,
465 1737 491 1759 et
504 1733 537 1759 ab
552 1733 595 1759 illo
615 1733 753 1767 castigari,
770 1739 798 1760 ut
812 1735 942 1768 probatur

151 1780 180 1810 ὃ,
195 1786 221 1812 q.
236 1778 272 1810 5;
297 1778 320 1805 si
335 1783 423 1805 autem
447 1779 549 1805 crimen
565 1783 605 1805 est
623 1779 769 1811 occultum,
785 1780 873 1807 adhuc
886 1780 941 1807 dis—

153 1829 247 1858 tingue
258 1828 347 1850 utrum
365 1824 400 1850 sit
414 1831 523 1851 enorme
536 1824 576 1851 vcl
591 1832 652 1850 non.
667 1824 695 1851 Si
709 1829 798 1851 autem
810 1830 851 1852 est
865 1833 942 1853 enor-

152 1877 210 1901 me,
227 1870 290 1904 quia
305 1870 406 1905 indiget
425 1870 635 1904 dispensatione,
658 1871 736 1897 debet
750 1872 870 1898 confiteri
896 1880 941 1906 pa—

152 1916 280 1943 triarcha}
292 1916 341 1943 vel'
352 1923 458 1943 summo
471 1916 590 1950 pontiﬁci
600 1936 606 1947 ,
632 1924 692 1942 cum
710 1924 762 1943 non
774 1917 858 1951 possit
874 1917 942 1944 alius

151 1961 320 1996 dispensare,
337 1966 367 1988 ut
381 1962 510 1996 probatur
523 1962 567 1993 '21,
584 1961 699 1995 Inferior
711 1962 792 1988 sedes.
810 1962 837 1989 Si
853 1967 941 1989 autem

151 2014 209 2034 non
230 2007 329 2042 indiget
352 2007 567 2041 dispensatione,
592 2011 679 2040 potest
694 2007 815 2033 conﬁteri
833 2008 943 2034 cuicun—

151 2059 209 2086 que
230 2051 365 2083 voluerit;
389 2052 450 2078 dum
469 2055 557 2077 tamen
583 2052 617 2078 sit
637 2051 786 2078 catholicus
807 2052 941 2079 sacerdos.

151 2097 235 2124 Juxta
249 2097 320 2124 illam
335 2098 435 2125 decrct.
454 2098 486 2124 de
499 2097 574 2123 Pten.
598 2102 624 2123 ct
644 2098 749 2124 rcmiss.
762 2105 786 2124 c.
801 2102 861 2125 etc.
877 2098 942 2124 ltcm

151 2145 175 2171 si
195 2147 299 2178 spectat
313 2143 467 2170 immediate
480 2143 512 2170 ad
530 2143 665 2170 dominum
681 2151 779 2178 papam
805 2147 831 2169 et
845 2148 886 2169 est
900 2144 941 2169 vi-

151 2189 244 2221 cinus,
264 2189 306 2215 vel
321 2189 389 2215 intra
414 2189 526 2219 italiam,
553 2188 578 2214 in
601 2188 727 2219 sanitate,
755 2188 790 2214 illi
806 2188 942 2215 debuisset

150 2233 289 2265 conﬁteri,
311 2240 371 2260 cum
386 2236 492 2268 oportet
508 2239 569 2259 eum
584 2240 615 2259 ex
630 2233 791 2259 necessitate
816 2233 898 2259 semel
915 2233 940 2259 in

151 2286 227 2307 anno
240 2279 388 2306 Romanam
404 2278 551 2305 Ecclesium
574 2278 694 2308 visitare,
722 2282 749 2304 ut
765 2279 894 2312 probatur
907 2280 941 2305 25

151 2327 270 2357 dist.,c.
285 2329 312 2352 et
325 2332 348 2352 c.
366 2324 394 2351 Si
408 2329 499 2351 autem
513 2328 554 2351 est
572 2323 706 2355 inﬁrmus,
720 2328 809 2357 potest
820 2324 940 2351 confiteri

151 2372 305 2405 cuicunque
318 2370 440 2403 voluerit,
465 2370 527 2396 dum
540 2374 629 2396 tamen
644 2369 678 2395 sit
693 2368 839 2395 catholicus
853 2377 942 2396 sarcr-

151 2418 226 2446 dos':
242 2416 480 2444 neinterveniente
500 2415 639 2449 paululum
654 2423 727 2441 tnora
752 2415 865 2441 inveniri
888 2423 940 2441 non

150 2464 240 2499 possit
259 2463 304 2497 qui
318 2462 474 2489 redimatur.
490 2461 623 2487 Probatur
635 2460 651 2486 5
667 2460 743 2491 dist.,
756 2468 780 2486 (ι.
798 2460 942 2494 Baptizuri.

152 2510 221 2538 illud
233 2510 303 2537 idem
317 2509 412 2543 probat
424 2507 479 2534 Leo
490 2515 557 2542 papa
569 2508 600 2534 dc
615 2507 702 2538 Pam,
715 2506 790 2536 dist.,
805 2514 828 2532 ο.
844 2506 867 2536 1,
879 2505 947 2532 Mul—

152 2555 313 2592 tiplez;26,
329 2563 356 2589 q.
379 2555 405 2586 6,
434 2563 458 2581 c.
481 2553 532 2586 Qui
555 2554 688 2585 recedunt,
710 2557 735 2580 et
761 2561 785 2579 ο.
805 2553 833 2579 Is
855 2553 898 2587 qui
919 2553 945 2578 in

153 2609 277 2636 tempore.
305 2600 334 2628 Si
359 2604 449 2628 autem
472 2604 513 2627 est
536 2603 654 2626 remotus
677 2599 747 2625 ultra
775 2599 877 2625 italiam
905 2598 945 2623 rrl

151 2654 275 2679 enorme,
292 2647 400 2674 domino
414 2653 491 2682 papze
506 2646 584 2673 debet
604 2645 734 2676 conﬁteri,
750 2650 775 2672 ct
792 2646 824 2671 ab
839 2645 883 2671 illo
898 2652 943 2670 ca-

152 2695 260 2731 stigari,
284 2699 314 2721 ut
335 2694 431 2729 probat
448 2692 618 2720 innocentius
640 2699 707 2726 papa
727 2693 755 2724 9,
776 2700 802 2726 q.
819 2691 844 2721 2,
862 2699 885 2717 c.
913 2689 943 2716 Si

153 2741 242 2767 autem
256 2739 361 2775 aliquis.
385 2739 419 2766 Et
440 2739 504 2766 illud
525 2738 594 2765 idem
615 2738 710 2772 probat
733 2737 887 2770 Giegorius,
910 2735 944 2761 71

153 2786 218 2812 dist.
232 2793 256 2812 c.
276 2784 438 2817 Honoratur,
454 2789 481 2812 ct
492 2784 517 2815 2,
535 2792 561 2819 q.
578 2783 604 2815 5,
622 2783 724 2816 Quanto
746 2788 768 2809 et
790 2791 826 2814 se,
842 2789 893 2817 qua
913 2781 944 2807 de

153 2832 258 2865 caiisa;
281 2831 316 2860 t3
336 2831 410 2865 dist.,
431 2839 456 2859 c.
473 2830 653 2858 Salamitamr.
676 2829 740 2855 Illud
764 2828 833 2854 idem
849 2827 945 2861 probat

952 1534 974 1566 C

986 914 1031 947 jus
1045 916 1178 950 correptio
1190 920 1217 943 et
1230 917 1372 951 castigatio
1388 921 1494 952 spectat
1505 918 1539 945 ad
1557 920 1733 954 superiorem.
1748 921 1782 948 Et

990 960 1052 987 licet
1065 961 1147 988 multa
1163 962 1217 989 sint
1239 962 1336 990 delicta
1352 970 1412 997 quae
1426 964 1577 1000 episcopos,
1601 966 1782 1001 archiepisco—

991 1013 1038 1039 pos
1052 1010 1079 1032 et
1089 1007 1256 1040 patiiarchas
1269 1006 1394 1041 majores,
1415 1012 1444 1035 et
1455 1009 1585 1043 primates
1598 1011 1716 1038 minores
1731 1011 1782 1038 du-

990 1054 1056 1076 cunt
1075 1050 1109 1077 ad
1124 1051 1296 1085 ignominiam
1311 1056 1339 1079 et
1357 1052 1553 1086 confusionem,
1579 1058 1667 1082 tamen
1682 1064 1714 1083 ex
1730 1056 1782 1085 illis

990 1102 1081 1128 pauea-
1101 1096 1248 1123 secundum
1277 1098 1465 1125 auctoritatem
1489 1103 1645 1127 sanctorum
1672 1100 1781 1128 Patrum

990 1141 1039 1168 sub
1052 1141 1127 1169 brevi
1142 1143 1211 1177 stylo
1225 1144 1258 1170 ad
1273 1145 1429 1171 memoriam
1442 1145 1649 1179 restringamus,
1665 1150 1694 1176 ut
1711 1154 1782 1181 prm-

989 1190 1079 1213 sentes
1101 1187 1270 1221 corrigantur
1291 1188 1336 1223 qui
1363 1189 1389 1216 in
1408 1190 1634 1225 subsequentibus
1659 1191 1780 1228 delique—

990 1235 1050 1257 runt
1066 1235 1113 1258 :et
1124 1231 1207 1259 futuri
1217 1232 1274 1266 jam
1289 1233 1360 1261 cauti
1375 1238 1403 1262 et
1416 1234 1540 1263 instructi
1556 1236 1668 1264 timeant
1682 1236 1780 1265 similit

989 1282 1156 1312 perpetrare.

1024 1323 1146 1350 Primum
1160 1328 1212 1356 est,
1235 1325 1307 1359 quod
1327 1324 1470 1352 conferunt
1492 1326 1622 1354 beneﬁcia
1638 1327 1786 1355 indiscrete

989 1369 1205 1404 consanguineis,
1219 1370 1320 1397 carnali
1333 1377 1426 1398 amore
1438 1371 1511 1398 ducti
1527 1372 1560 1399 ad
1577 1371 1639 1398 talia
1654 1366 1784 1400 beneficia

989 1414 1141 1447 praebenda,
1157 1418 1187 1441 ut
1200 1415 1295 1449 probat
1311 1415 1483 1443 innocentius
1498 1416 1524 1443 in
1538 1424 1581 1444 ex.
1603 1416 1637 1444 Ut
1663 1417 1783 1445 ecclesia-

988 1460 1054 1486 stica
1067 1459 1200 1494 beneﬁcia,
1215 1468 1240 1487 c.
1258 1459 1292 1487 Ut
1306 1466 1429 1488 vestrum.

1024 1503 1178 1530 Secundum
1191 1507 1242 1536 est,
1257 1505 1329 1539 quod
1341 1505 1486 1533 indiscrete
1501 1506 1628 1534 ordinant
1647 1507 1782 1535 indoctmn

992 1548 1019 1574 in
1033 1547 1093 1575 loco
1106 1548 1177 1575 docti
1190 1548 1236 1582 qui
1248 1553 1331 1575 unum
1344 1549 1440 1584 pedem
1456 1550 1482 1577 in
1505 1551 1647 1579 mundanis
1660 1555 1742 1585 tenet,
1756 1557 1784 1580 et

992 1593 1073 1621 alium
1085 1593 1112 1620 in
1124 1592 1324 1626 ecclesiasticis,
1339 1598 1431 1621 contra
1442 1598 1528 1629 legem
1540 1594 1666 1628 divinam,
1683 1601 1710 1623 ut
1723 1605 1784 1632 pro-

991 1639 1039 1665 bat
1053 1638 1087 1665 le.
1102 1637 1141 1665 48
1153 1638 1229 1670 dist.,
1247 1645 1271 1665 c.
1286 1638 1335 1665 ult.

1027 1684 1148 1711 Tertium
1164 1687 1216 1717 est,
1242 1684 1350 1719 quando
1368 1688 1466 1720 rogant
1487 1692 1537 1721 pro
1559 1686 1676 1722 indignis
1697 1687 1784 1715 scicn-

993 1733 1043 1762 ter,
1054 1733 1107 1756 etc.
1485 1723 1494 1728 ’

1026 1774 1157 1808 Quartum
1172 1779 1223 1808 est,
1243 1776 1350 1811 quando
1371 1776 1497 1804 ordinant
1515 1777 1636 1813 bigamos
1650 1782 1677 1806 et
1690 1778 1783 1807 illiue-

992 1824 1066 1849 ratos
1081 1825 1109 1848 et
1126 1829 1241 1857 corpore
1258 1822 1367 1849 vitiatos
1386 1826 1479 1850 contra
1502 1824 1664 1852 sententiam
1684 1824 1785 1853 Gelasii

992 1875 1077 1903 papas,
1094 1868 1128 1896 50
1143 1868 1218 1900 dist.,
1235 1876 1259 1896 c.
1276 1868 1338 1895 Non
1352 1868 1478 1903 conﬁdat.

1026 1913 1155 1946 Quintum
1178 1917 1229 1946 est,
1255 1912 1327 1948 quod
1347 1913 1473 1941 ordinant
1497 1914 1579 1942 curia:
1603 1915 1736 1951 obligatos
1760 1921 1787 1944 et

989 1958 1154 1993 joculatores
1176 1962 1204 1985 et
1217 1958 1362 1986 advocatos
1379 1958 1406 1985 in
1419 1966 1499 1986 causa
1524 1960 1671 1993 sanguinis,
1691 1965 1786 1989 contra

993 2004 1153 2031 sententiam
1169 2003 1198 2031 S.
1214 2003 1372 2036 lnnocentii,
1387 2003 1418 2030 51
1439 2004 1513 2036 dist.,
1525 2012 1550 2032 c.
1567 2005 1731 2040 Aliquanlas.

1029 2050 1141 2077 Sextum
1158 2054 1209 2081 est,
1225 2049 1296 2084 quod
1311 2048 1436 2077 ordinant
1462 2057 1554 2077 servos
1575 2055 1603 2077 et
1616 2051 1785 2086 origenarios

992 2103 1045 2123 non
1060 2096 1250 2127 mammissos,
1266 2098 1360 2122 contra
1373 2094 1532 2121 sententiam
1543 2094 1642 2123 Gelasii
1653 2104 1738 2130 papaa,
1751 2096 1788 2124 5A

992 2142 1055 2169 dist.
1071 2140 1204 2175 Frequens’
1219 2144 1279 2167 etc.
1299 2140 1343 2166 Ea:
1357 2140 1481 2175 antiquis,
1496 2144 1555 2168 etc.
1573 2140 1694 2169 General.
1708 2143 1741 2170 Et
1751 2144 1786 2171 il-

994 2187 1038 2213 lud
1059 2187 1129 2213 idem
1143 2185 1238 2220 probat
1253 2184 1396 2212 concilium
1418 2185 1588 2218 Arelatense,
1604 2187 1648 2214 ubi
1662 2187 1695 2214 de
1709 2188 1787 2223 biga-

959 2217 981 2245 D
995 2232 1045 2259 mis
1058 2234 1088 2258 et
1108 2217 1151 2258 ὼε-
1162 2230 1355 2265 pmnitentibus
1373 2229 1538 2264 solemniter,
1563 2232 1636 2258 etde
1659 2231 1718 2259 aliis
1737 2217 1787 2260 or—

995 2277 1093 2304 dinatis
1119 2276 1165 2311 qui
1193 2283 1247 2303 non
1269 2275 1368 2303 debent
1390 2275 1555 2310 promoveri.
1589 2275 1723 2304 Probatur
1751 2276 1784 2304 5|

995 2323 1069 2354 dist.,
1088 2328 1113 2349 c.
1131 2322 1157 2348 l'.

1029 2367 1178 2401 Septimum
1193 2369 1242 2397 est,
1269 2364 1339 2399 quod
1360 2368 1536 2399 promoveant
1556 2364 1736 2395 dmmoniacos
1764 2374 1792 2396 rt

995 2412 1158 2447 epileptioos,
1174 2414 1266 2438 contra
1282 2409 1442 2437 sententiam
1456 2408 1555 2436 Gelasii
1569 2416 1654 2445 papa},
1669 2410 1704 2438 25
1723 2412 1786 2439 dist.

998 2457 1084 2492 Usque
1102 2456 1178 2489 adeo,
1190 2459 1217 2483 ct
1231 2459 1324 2482 contra
1346 2454 1507 2482 sententiam
1523 2453 1655 2491 Gregorii,
1670 2456 1746 2491 dist.,
1760 2465 1785 2485 ο.

996 2503 1133 2530 Maritum.

1030 2548 1161 2576 Octavum
1178 2551 1229 2580 est,
1247 2546 1319 2581 quod
1342 2549 1503 2581 promovent
1525 2544 1594 2574 tilias
1614 2546 1787 2581 presbytero-

996 2603 1066 2626 rum,
1083 2598 1110 2621 et
1123 2593 1190 2620 alios
1201 2600 1254 2619 non
1268 2591 1387 2627 legitime
1401 2595 1490 2624 natos,
1511 2595 1605 2618 contra
1623 2589 1786 2618 sententiam

998 2639 1098 2668 Urbani
1111 2646 1197 2674 papaa.
1212 2637 1246 2664 56
1259 2637 1335 2670 dist.,
1348 2644 1373 2664 c.
1391 2637 1404 2663 1

1031 2685 1136 2713 Nonum
1152 2687 1202 2715 est,
1214 2681 1284 2718 quod
1296 2682 1406 2709 trahunt
1420 2680 1558 2715 religiosos
1571 2679 1603 2706 de
1613 2679 1786 2707 monasteriis

997 2736 1091 2759 contra
1106 2729 1272 2757 voluntatem
1290 2728 1418 2755 abbatum
1432 2731 1551 2757 suorum,
1567 2727 1598 2752 ut
1611 2724 1740 2759 probatur
1749 2723 1789 2761 εξ

997 2778 1073 2809 dist.,
1093 2785 1118 2804 r.
1134 2776 1158 2809 l,
1173 2779 1200 2803 et
1213 2774 1241 2806 2.
1256 2778 1283 2801 et
1301 2772 1344 2804 ts,
1358 2770 1425 2806 (1.2,
1440 2769 1524 2802 Quam
1544 2769 1589 2803 sit.
1602 2773 1630 2797 et
1646 2775 1670 2797 ο.
1690 2768 1784 2798 ιυηιὲ·

1000 2832 1073 2852 11080.
