3928 6178
379 298 401 352 ί
411 295 519 349 095

1293 288 1658 344 EXCERPTA
1698 287 1788 342 EX
1829 285 2341 344 ΡοεΝιτεΝτιΑιι
2370 285 2421 344 εἰ.
2460 289 2549 344 DE
2587 286 2722 344 Ι)Εο

3484 285 3624 343 1096

443 404 720 459 Decimum
740 410 841 465 est,
865 400 1005 471 quod
1031 407 1343 470 promovent
1363 399 1560 454 multos
1579 397 1821 462 clericos,
1855 397 1944 452 ubi
1973 399 2023 457 Α
2047 397 2207 451 batur
2232 396 2304 451 80
2324 397 2478 463 dist.,
2504 414 2552 452 c.
2606 396 2880 450 Perlatttm
2906 403 3000 459 est,
3031 405 3087 450 et
3123 413 3171 451 c.
3199 395 3493 468 Episcopus
3520 399 3630 452 tui-

372 502 455 549 est
484 491 783 548 sollicitudo
803 489 1099 544 laieorum:
1128 496 1182 542 et
1205 504 1328 542 cum
1351 503 1457 543 non
1476 496 1698 558 possunt
1717 488 1798 542 eis
1817 488 1948 542 dare

374 583 650 644 beneﬁcia,
677 583 804 635 dant
832 581 914 634 eis
934 580 1148 634 ordines
1174 587 1357 633 contra
1387 578 1702 633 sententiam
1745 576 1948 642 Urbani

372 673 441 730 58
470 673 618 735 dist.,
661 670 717 725 Si
746 671 910 740 oﬂicia
939 668 1234 730 sa’cularia,
1285 669 1376 723 ubi
1409 669 1605 723 dicitur
1628 669 1772 739 quod
1816 667 1948 722 latio

371 763 616 820 ordinum
645 775 853 829 semper
883 760 1039 814 debet
1062 773 1180 814 esse
1208 759 1422 814 discreti
1456 757 1666 827 iudicii,
1697 759 1822 828 quia
1861 773 1948 812 ra-

372 869 491 908 rum
527 861 610 907 est
633 867 792 906 omne
817 851 959 921 quod
989 866 1240 920 magnum
1272 860 1373 904 est.

443 943 796 999 Undecimum
824 949 928 1006 εει,
958 941 1098 1010 quod
1147 941 1246 1010 ipsi
1291 941 1524 1010 episcopi
1561 949 1944 1008 promoventur

371 1035 658 1090 indiscrete
688 1049 753 1088 ex
782 1032 951 1096 laicis,
982 1032 1105 1100 quia
1127 1032 1229 1086 hoc
1256 1047 1374 1086 esse
1400 1046 1506 1086 non
1540 1032 1716 1094 debet,
1745 1040 1805 1086 ut
1821 1046 1947 1100 pro-

371 1126 502 1183 bant
532 1123 703 1181 sancti
728 1123 920 1178 Patres
945 1122 1012 1176 58
1033 1123 1180 1184 dist.,
1205 1137 1254 1175 c.
1281 1119 1394 1174 Hoc
1415 1121 1482 1174 ad
1501 1137 1618 1184 nos,
1645 1129 1700 1174 et
1719 1135 1768 1175 ε.
1789 1121 1946 1174 Ordi-

368 1225 560 1280 statos;
592 1215 680 1270 ubi
706 1214 836 1268 dicit
882 1227 1018 1284 papa
1051 1212 1371 1268 Caelestiuus
1409 1212 1551 1280 quod
1585 1212 1780 1267 debent
1822 1219 1947 1267 ante

367 1320 487 1360 esse
515 1303 756 1374 discipuli
783 1317 941 1372 quam
971 1300 1234 1371 magistri,
1268 1300 1442 1360 omnis
1479 1300 1621 1353 enim
1645 1301 1767 1354 vita:
1793 1301 1946 1356 insti-

371 1393 505 1448 tutio
540 1393 605 1446 ad
633 1392 684 1446 id
708 1393 850 1461 quod
874 1391 1102 1446 intendit
1129 1405 1185 1444 se
1215 1389 1484 1444 informat.

439 1482 825 1538 Duodecimum
873 1488 975 1544 est,
1021 1479 1161 1548 quod
1209 1487 1526 1547 promovent
1567 1478 1792 1536 clericos
1829 1480 1945 1534 sine

367 1571 547 1636 titulo,
575 1555 760 1626 contra
791 1569 1073 1624 concilium
1117 1567 1569 1634 Chalcedonense,
1601 1576 1661 1621 ut
1687 1570 1948 1637 probatur

369 1663 438 1716 70
457 1663 599 1726 dist.,
633 1677 681 1718 ε.
717 1661 1010 1724 Neminem,
1039 1670 1095 1713 ει
1114 1675 1162 1712 c.
1193 1659 1526 1716 Sanctorum.
1555 1661 1622 1714 Et
1645 1661 1776 1716 illud
1799 1663 1941 1718 idem

368 1757 628 1826 probatur
652 1770 736 1809 ex.
769 1753 834 1808 de
860 1754 1186 1815 Praebendis,
1210 1769 1260 1806 c.
1288 1752 1465 1823 Episc.

437 1845 712 1900 Decimum
743 1844 958 1898 tertium
985 1852 1086 1908 est,
1118 1843 1259 1912 quod
1283 1843 1549 1914 rccipiunt
1572 1843 1798 1899 clericos
1819 1845 1946 1898 alie—

370 1951 468 1991 nos
493 1936 607 1990 sine
634 1934 829 1989 litteris
876 1933 1260 1988 demissoribus
1301 1950 1520 1989 suorum
1551 1935 1944 2003 episcoporum,

368 2034 428 2078 ut
452 2025 712 2095 probatur
736 2024 794 2076 ’11
832 2024 979 2088 dist.,
1012 2039 1061 2078 c.
1095 2022 1256 2084 Illud,
1288 2031 1408 2078 etc.
1441 2023 1502 2078 Si
1533 2027 1669 2095 quis,
1699 2034 1822 2080 etc.
1870 2026 1948 2080 De

367 2115 562 2181 aliena,
589 2123 712 2169 etc.
744 2113 990 2169 Clericos.
1021 2114 1153 2170 Illud
1176 2114 1314 2171 idem
1341 2117 1600 2186 probatur
1623 2131 1709 2170 ex.
1735 2116 1801 2172 de
1824 2116 1944 2172 Cle-

367 2205 496 2260 ricis
519 2204 838 2276 peregrinis,
870 2212 927 2259 et
949 2205 1004 2270 7,
1031 2218 1084 2273 q.
1114 2205 1165 2271 l,
1192 2221 1240 2259 c.
1275 2205 1396 2259 Non
1426 2214 1641 2270 oportet,
1667 2215 1790 2260 etc.
1819 2205 1949 2260 Pla-

367 2295 493 2349 cuit.
526 2295 658 2350 Illud
687 2295 826 2351 idem
851 2295 922 2352 28
947 2296 1094 2360 dist.,
1133 2311 1180 2350 c.
1213 2297 1263 2349 1.

440 2387 716 2444 Decimum
758 2394 1007 2456 quartum
1056 2395 1158 2452 est,
1188 2387 1329 2456 quod
1380 2385 1656 2458 negligant
1703 2387 1950 2458 proprios

371 2478 616 2542 clericos,
647 2485 702 2532 et
745 2477 1024 2532 dimittunt
1045 2492 1139 2531 eos
1166 2478 1320 2546 quasi
1369 2492 1497 2531 oves
1525 2487 1789 2540 errantes,
1821 2493 1950 2532 con-

371 2576 454 2622 tra
482 2568 802 2622 sententiam
831 2567 1027 2622 Leonis
1051 2582 1218 2636 papae,
1247 2576 1306 2621 ut
1337 2567 1590 2636 probatur
1618 2568 1684 2620 ’Π
1715 2569 1866 2632 dist.,
1895 2584 1943 2623 c.

369 2655 681 2727 Episcopus.

442 2747 718 2802 Decimum
747 2747 992 2816 quintum
1020 2757 1125 2813 est,
1155 2750 1294 2818 quod
1336 2759 1646 2820 promovent
1688 2751 1948 2820 quosdam

369 2837 567 2893 invitos
589 2839 704 2892 sine
727 2837 906 2907 aliqua
938 2840 1275 2905 necessitate,
1305 2842 1396 2896 sed
1439 2841 1550 2896 sola
1575 2857 1735 2898 causa
1769 2842 1976 2910 ingra~-

370 2928 632 2994 titudinis,
660 2938 846 2983 contra
887 2931 1234 2984 auctoritates
1269 2940 1575 2986 sanctorum
1609 2932 1846 2998 Patrum,
1891 2943 1949 2988 ut

368 3019 626 3089 probatur
655 3020 722 3074 74
748 3021 896 3085 dist.,
926 3036 972 3075 ε.
1004 3021 1307 3092 Episcopus,
1339 3031 1463 3076 etc.
1485 3023 1658 3086 Gesta,
1693 3025 1778 3079 ubi
1807 3025 1939 3078 dici-

371 3084 461 3162 tur
487 3109 630 3180 quod
659 3109 837 3165 nullus
863 3084 1203 3181 compellitur
1230 3084 1474 3168 crescere
1499 3084 1718 3168 invitus.
1973 3084 2024 3150 ο

442 3201 717 3257 Decimum
742 3212 951 3258 sextum
978 3212 1077 3267 est,
1123 3204 1265 3272 quod
1291 3215 1607 3275 promovent
1652 3206 1860 3278 aliquos
1898 3207 1951 3264 in

369 3293 542 3347 sacris
565 3302 718 3347 extra
751 3301 992 3364 tempora
1021 3295 1088 3347 ad
1129 3295 1230 3349 hoc
1260 3295 1532 3366 deputata,
1561 3305 1749 3353 contra
1775 3308 1952 3358 aucto-

369 3384 584 3440 ritatem
634 3393 946 3440 sanctorum
976 3384 1219 3452 Patrum,
1257 3397 1318 3440 ut
1361 3389 1618 3458 probatur
1649 3388 1716 3443 75
1741 3388 1868 3455 dist,
1898 3406 1947 3444 c.

371 3471 758 3540 Ordinatioaes,
789 3483 844 3530 ει
865 3491 913 3530 ε.
964 3475 1101 3540 Quia
1129 3478 1386 3546 patribus,
1419 3487 1469 3532 et
1509 3479 1694 3532 eadem
1721 3481 1868 3546 dist.,
1899 3495 1947 3535 c.

369 3564 494 3629 ult.,
520 3574 574 3620 et
597 3580 682 3618 ex.
715 3565 788 3631 de.
809 3564 1092 3634 Tempore,
1122 3575 1231 3622 etc.

442 3653 716 3708 Decimum
763 3655 1050 3724 septimum
1097 3666 1202 3720 est,
1233 3657 1375 3725 quod
1419 3657 1702 3714 conferunt
1736 3661 1955 3716 ordines

373 3758 558 3797 sacros
590 3745 887 3799 minoribus
913 3746 967 3798 in
1016 3755 1171 3800 aitate
1201 3747 1458 3817 legitima,
1487 3749 1554 3804 ad
1597 3751 1699 3805 hoc
1728 3752 1949 3822 indigni,

373 3848 480 3887 non
511 3836 740 3887 servatis
783 3834 1084 3888 interstitiis
1113 3843 1432 3907 temporum.
1480 3851 1666 3896 contra
1714 3845 1952 3899 auctori-

372 3931 536 3978 tatem
566 3932 891 3990 sanctorum,
925 3934 984 3980 ut
1011 3927 1269 3995 probatur
1291 3929 1357 3982 77
1386 3931 1507 3985 dist.
1539 3948 1636 4001 per
1666 3942 1858 4001 totum,
1900 3947 1955 3992 et

374 4016 441 4073 78
467 4017 592 4072 dist.
623 4033 721 4088 per
751 4027 941 4075 totum.

442 4107 718 4162 Decimum
762 4119 1012 4164 octavum
1040 4119 1141 4172 est,
1175 4111 1317 4182 quod
1349 4115 1613 4170 sustinent
1649 4117 1875 4174 clericos
1899 4121 1951 4174 in

373 4212 469 4252 sua
506 4197 732 4262 malitia,
772 4215 1002 4268 quorum
1031 4201 1289 4271 obsequio
1334 4203 1571 4272 delibati,
1603 4217 1660 4262 ut
1696 4210 1955 4278 probatur

374 4287 444 4343 73
468 4285 619 4353 dist.,
644 4286 695 4342 Si
724 4289 842 4357 quis
865 4289 1154 4361 episcopus,
1184 4301 1306 4346 etc.
1339 4292 1527 4358 Error,
1555 4304 1680 4352 etc.
1719 4295 1950 4353 Consen-

373 4379 489 4431 tire.

443 4466 720 4523 Decimum
747 4485 942 4524 nonum
994 4478 1098 4536 est,
1129 4471 1270 4542 quod
1298 4481 1422 4527 sunt
1449 4475 1659 4530 desudes
1696 4487 1752 4532 et
1775 4479 1946 4549 negli-

371 4567 557 4628 gentes
579 4567 634 4613 et
657 4558 776 4628 plus
804 4558 1075 4614 adhmrent
1101 4561 1336 4617 consiliis
1365 4561 1622 4618 laicorum
1648 4581 1808 4636 quam
1844 4570 1950 4624 cle-

377 4647 632 4713 ricorum,
664 4657 722 4702 ut
751 4650 1010 4717 probatur
1041 4651 1110 4706 83
1135 4650 1282 4715 dist.,
1329 4667 1377 4706 c.
1423 4652 1564 4708 Nihil
1607 4665 1821 4725 pastore
1849 4661 1950 4715 mi-

376 4739 566 4802 serius,
596 4737 686 4806 qui
713 4737 957 4808 luporum
991 4739 1251 4810 gloriatur
1280 4742 1543 4799 laudibus.

449 4827 774 4896 Vigesimum
805 4837 905 4893 est,
935 4831 1076 4898 quod
1115 4831 1304 4886 nolunt
1337 4835 1465 4888 dare
1493 4837 1816 4906 pauperibus
1842 4858 1855 4894 :
1896 4850 1952 4897 et

376 4926 597 4985 propter
624 4917 726 4973 hoc
765 4919 817 4972 in
845 4937 1070 4976 vacuum
1117 4923 1410 4992 important
1456 4943 1648 4983 nomen
1693 4932 1952 5003 episcopi,

375 5014 436 5061 ut
461 5006 530 5062 26
557 5007 682 5060 dist.
709 5007 972 5074 Fratrem,
1002 5021 1057 5066 et
1079 5028 1126 5067 c.
1160 5013 1280 5068 Non
1305 5017 1433 5070 satis
1455 5029 1526 5071 est
1559 5019 1681 5073 bene
1698 5021 1840 5074 velle.

446 5098 777 5171 Vigesimum
800 5099 1030 5171 primum
1076 5114 1180 5170 est,
1225 5107 1368 5175 quod
1407 5109 1737 5179 negligenter
1776 5113 1956 5168 defen-

375 5188 509 5244 dunt
557 5204 816 5261 personas
861 5191 1195 5250 miserabiles
1246 5207 1548 5266 spectantes
1593 5202 1660 5255 ad
1705 5203 1955 5259 Ecclesiae

375 5277 577 5347 forum,
609 5279 815 5336 scilicet
841 5279 1091 5352 pupillo's,
1117 5284 1303 5341 viduas
1336 5295 1390 5342 et
1409 5289 1701 5356 orphanos,
1732 5290 1954 5347 libertos

375 5378 430 5424 et
455 5372 746 5440 expositos,
777 5380 966 5428 contra
997 5375 1376 5430 auctoritatem
1414 5375 1613 5432 Gelasii
1642 5387 1698 5433 et
1725 5380 1951 5435 aliorum

376 5470 706 5527 sanctorum,
739 5471 796 5518 ut
826 5464 1086 5532 probatur
1112 5464 1179 5520 87
1210 5464 1335 5519 dist.
1368 5481 1466 5535 per
1494 5475 1684 5521 totum.

450 5555 770 5622 Vigesimum
811 5558 1104 5612 secundum
1141 5565 1244 5622 est,
1271 5557 1413 5626 quod
1450 5556 1752 5612 immiscent
1780 5574 1837 5614 se
1859 5574 1952 5614 nc-

379 5645 537 5708 gotiis
556 5647 926 5716 szeeularibus,
943 5665 1061 5720 qua:
1088 5649 1156 5704 ad
1184 5664 1279 5705 eos
1305 5663 1408 5704 non
1426 5649 1716 5720 pertinent,
1739 5659 1796 5704 ut
1824 5665 1946 5720 pro-

2045 490 2261 555 tioaem,
2287 499 2342 544 ει
2363 507 2411 544 ε.
2443 489 2686 560 Episcopi
2711 487 2912 543 nullam
2942 489 3016 542 rei
3041 488 3323 558 familiaris
3348 506 3532 543 caram
3558 490 3630 544 ad

2043 592 2099 630 se
2123 589 2433 647 provocent;
2460 578 2550 632 sed
2570 577 2800 641 lectioni,
2823 586 2872 630 et
2910 578 3155 642 orationi,
3177 587 3226 630 et
3246 578 3394 632 verba
3430 578 3633 648 pradi-

2045 668 2264 720 catiom’s
2289 668 2650 722 tantummodo
2679 677 2879 723 vacem.

2117 755 2449 826 Vigesimum
2488 758 2702 812 tertium
2727 765 2833 822 εει,
2859 757 3000 826 quod
3031 757 3315 814 conferunt
3353 758 3510 829 plura
3535 773 3636 816 ee-

2046 846 2348 901 clesiastica
2402 848 2662 911 beneﬁcia
2701 848 2826 913 uni,’
2862 856 3050 903 eontra
3079 849 3456 904 auctoritatem
3494 849 3637 919 Lpo-

2047 938 2170 991 stoli
2197 947 2252 991 et
2275 938 2543 1008 Gregorii,
2570 940 2639 995 88
2667 939 2820 1004 dist.,
2853 955 2904 993 c-.
2954 939 3198 1010 Singula.
3244 940 3346 996 Ubi
3387 941 3631 997 dicitur:

2047 1026 2102 1080 Si
2130 1033 2299 1082 totum
2324 1043 2520 1098 corpus
2541 1029 2750 1093 oculus,
2783 1028 2874 1084 ubi
2914 1044 3032 1098 pes,
3062 1044 3186 1083 nam
3211 1045 3367 1084 sacra
3395 1033 3640 1088 varietas

2047 1118 2413 1174 membrorum
2436 1120 2600 1174 robur
2626 1135 2871 1188 corporis
2895 1128 3094 1174 servat.

2117 1207 2444 1279 Vigesimum
2467 1217 2718 1280 quartum
2744 1218 2850 1273 est,
2884 1209 3026 1278 quod
3051 1209 3241 1264 nolunt
3264 1212 3465 1266 habere
3488 1228 3639 1268 (nro-

2045 1312 2258 1364 nomos,
2288 1299 2388 1354 sub
2413 1313 2640 1367 quorum
2688 1300 2996 1354 testimonio
3022 1315 3108 1355 res
3147 1301 3402 1356 Ecclesiae
3439 1304 3638 1372 guber-

2046 1398 2264 1456 nentur,
2293 1398 2480 1444 contra
2523 1389 2898 1445 auctoritatem
2942 1399 3250 1446 sanctorum
3298 1391 3545 1457 Patrum,
3575 1403 3638 1448 ut

2043 1482 2304 1550 probatur
2329 1482 2398 1537 89
2433 1481 2588 1546 dist.,
2609 1495 2658 1536 c.
2697 1479 2972 1544 Volumus,
2997 1482 3077 1534 ἐι
3103 1481 3148 1535 si
3188 1481 3388 1536 habent
3415 1497 3638 1538 aconc-

2047 1588 2164 1628 mos
2193 1574 2384 1628 volunt
2418 1573 2618 1627 habere
2641 1573 3096 1644 consanguineos,
3127 1583 3316 1628 contra
3344 1574 3634 1629 concilium

2047 1662 2380 1717 Toletanum.

1967 1745 2017 1806 B
2115 1751 2445 1823 Vigesimum
2489 1750 2734 1820 quintum
2775 1760 2878 1816 est,
2927 1751 3069 1819 quod
3110 1751 3348 1822 episcopi
3382 1751 3636 1807 laborant

2047 1844 2171 1902 odio
2195 1845 2262 1898 ad
2304 1844 2554 1907 invicem,
2598 1852 2654 1897 ει
2695 1851 2909 1899 certant
2935 1851 2996 1898 ut
3037 1844 3406 1914 unusquisque
3448 1845 3635 1911 cadat,

2046 1941 2102 1986 et
2128 1927 2436 2002 discrepant"
2461 1933 2514 1987 in
2542 1934 2916 1998 sacramentis,
2965 1943 3026 1988 ut
3050 1933 3118 1988 93
3146 1933 3298 1999 dist.,
3324 1949 3377 1989 c.
3423 1934 3633 2005 penult.

2049 2032 2103 2079 et
2131 2024 2226 2078 ult.

2119 2115 2452 2187 Vigesimum
2482 2124 2693 2170 sextum
2717 2126 2820 2180 εει,
2850 2117 2994 2185 quod
3018 2117 3124 2187 ipsi
3151 2118 3401 2188 appropri
3444 2125 3504 2171 nt
3531 2118 3638 2172 sibi

2048 2208 2228 2264 omnia
2258 2206 2397 2262 bona
2421 2205 2810 2270 ecclesiastica,
2829 2215 2886 2261 ut
2914 2208 3106 2277 probat
3125 2217 3346 2263 sanctus
3369 2207 3637 2278 Hierony-

2049 2307 2187 2362 mus,
2217 2299 2286 2355 25
2334 2300 2485 2364 dist.,
2519 2313 2568 2353 c.
2622 2297 2876 2361 Diaconi;
2909 2299 2998 2352 ubi
3029 2299 3227 2353 dicitur
3252 2299 3394 2368 quod
3435 2299 3638 2370 singuli

2048 2406 2146 2460 per
2186 2389 2478 2458 potentiam
2527 2387 2848 2458 episcopalis
2891 2388 3144 2452 nominis,
3189 2402 3351 2456 quam
3389 2388 3494 2442 sibi
3537 2389 3638 2458 ipsi

2049 2479 2235 2534 illicite
2259 2479 2462 2548 absque
2491 2476 2729 2532 Ecclesia
2757 2478 3116 2540 vindicarunt,
3141 2485 3312 2532 totum
3331 2478 3478 2546 quod
3506 2477 3640 2532 levi-

2049 2577 2227 2623 tarum
2257 2577 2337 2622 est
2366 2568 2478 2622 suis
2506 2567 2777 2637 applicant
2811 2566 3018 2631 usibus,
3061 2567 3302 2620 dicentes
3330 2584 3343 2620 :
3371 2567 3644 2622 Mendicat

2050 2657 2231 2712 infelix
2264 2658 2316 2712 in
2341 2657 2530 2727 plateis
2559 2657 2810 2720 clericus,
2834 2666 2888 2710 ει
2917 2656 3096 2710 servili
3121 2656 3271 2726 operi
3299 2657 3640 2727 mancipatus

2051 2765 2082 2803 a
2113 2763 2436 2818 quocunque
2470 2748 2646 2818 poscit
2692 2747 3109 2817 eleemosynam.
3154 2746 3314 2801 Solus
3354 2746 3642 2817 cpiscopus

2051 2839 2313 2895 incumbit
2341 2840 2518 2903 bonis,
2561 2840 2709 2894 solus
2749 2839 2850 2893 sibi
2883 2839 3118 2894 vindicat
3164 2841 3438 2904 universa,
3490 2840 3642 2895 solus

2051 2939 2235 2999 partes
2277 2929 2480 2985 invadit
2514 2928 2738 2994 alienas,
2768 2929 2915 2984 solus
2941 2916 3140 2984 occidit
3181 2931 3466 2986 universes
3492 2949 3506 2984 :
3535 2932 3641 2988 hoc

2051 3029 2138 3076 est
2161 3021 2482 3098 principium
2505 3020 2615 3076 litis
2636 3027 2691 3074 et
2717 3020 3104 3084 distractionis,
3141 3029 3196 3075 ει
3217 3021 3374 3092 origo
3391 3021 3643 3077 criminis

2053 3120 2106 3166 et
2137 3113 2258 3166 ideo
2285 3119 2655 3167 accusantura
2671 3111 2884 3167 clericis
2919 3119 2974 3166 et
2999 3111 3325 3166 damnantur
3351 3127 3384 3166 a
3411 3111 3643 3167 Domino

2052 3200 2182 3256 Jesu
2219 3200 2456 3266 Christo,
2483 3201 2607 3270 quia
2635 3200 2838 3255 clamor
2856 3215 3044 3255 eorum
3071 3201 3242 3255 intrat
3263 3202 3318 3256 in
3345 3217 3509 3258 aures
3531 3202 3642 3260 Do-

2055 3290 2184 3345 mini
2215 3288 2476 3345 Sabaoth.

2125 3381 2453 3450 Vigesimum
2485 3383 2771 3452 septimum
2811 3389 2916 3448 est,
2963 3381 3088 3451 quia
3124 3383 3361 3453 episcopi
3381 3392 3643 3440 eontem-

2052 3479 2190 3525 nunt
2229 3471 2574 3540 presbyteros
2609 3478 2711 3525 :et
2745 3471 2835 3525 ubi
2857 3471 2960 3540 ipsi
3009 3479 3134 3525 sunt
3175 3480 3493 3541 prmaentes,
3533 3489 3642 3528 non

2055 3563 2374 3633 permittunt
2397 3575 2491 3616 eos
2530 3561 2766 3617 officium
2796 3561 2994 3628 facere,
3023 3564 3176 3633 quasi
3202 3564 3282 3620 eis
3310 3564 3644 3630 inviderent.

2053 3661 2238 3708 contra
2271 3652 2648 3708 auctoritatem
2691 3653 2864 3707 sancti
2911 3653 3242 3725 Hieronymi,
3275 3663 3336 3710 ut
3374 3657 3640 3724 probatur

2055 3740 2124 3798 95
2147 3742 2272 3796 dist.
2304 3758 2352 3798 c.
2392 3739 2554 3808 Olim,
2582 3743 2672 3798 ubi
2709 3744 2910 3798 dicitur
2939 3746 3096 3813 quod
3142 3746 3382 3815 episcopi
3422 3759 3646 3815 propter

2055 3837 2159 3892 hoc
2206 3836 2424 3892 fuerunt
2471 3837 2624 3903 facti,
2666 3846 2727 3891 ut
2764 3837 3055 3893 schismata
3103 3839 3445 3894 tollerentur.
3482 3839 3644 3895 Dices

2055 3927 2194 3981 sicut
2219 3938 2274 3980 et
2313 3927 2612 3998 presbyteri
2651 3928 2830 3981 sciunt
2868 3943 2926 3982 se
2969 3944 3088 3983 esse
3118 3931 3505 4016 consuetqdine
3545 3931 3644 3985 sub

2055 4019 2342 4088 episcopis,
2374 4019 2446 4072 ita
2475 4018 2710 4087 episcopi
2749 4019 3001 4073 noverint
3028 4019 3198 4090 magis
3227 4034 3286 4073 se
3322 4019 3389 4073 de
3418 4035 3647 4074 constre-

2058 4107 2241 4164 tudine
2288 4125 2449 4178 quam
2489 4109 2556 4164 de
2607 4111 2838 4165 veritate
2891 4112 3182 4167 Domiuiete
3223 4112 3646 4184 dispensatio:is

2055 4200 2385 4270 presbyteris
2399 4211 2518 4254 esse
2540 4199 2792 4268 majores,
2807 4211 2863 4256 et
2875 4203 2928 4256 in
2945 4204 3216 4257 communi
3235 4203 3440 4260 debere
3456 4220 3649 4276 regere

2058 4289 2351 4344 Ecclesiam
2383 4289 2500 4355 Dei,
2524 4299 2579 4344 et
2604 4290 2732 4345 illud
2779 4293 3041 4360 probatur
3067 4308 3132 4346 ex
3162 4293 3235 4348 95
3261 4294 3392 4348 dist.
3424 4311 3476 4349 c.
3508 4294 3649 4350 Ecca

2059 4395 2202 4448 ergo.

2133 4471 2459 4541 Vigesimum
2485 4481 2736 4527 octavum
2764 4482 2868 4539 εει,
2899 4474 3028 4544 quia
3069 4475 3393 4530 ordinantur
3423 4492 3521 4546 per
3552 4493 3649 4548 pe-

2061 4561 2296 4626 cuniam,
2341 4571 2394 4615 et
2420 4561 2554 4614 tales
2591 4563 2861 4632 accipiunt
2888 4565 3125 4634 lepram,
3157 4573 3214 4620 et
3249 4567 3383 4622 dant
3413 4565 3644 4638 lepram,

2061 4659 2119 4703 ut
2141 4652 2398 4720 probatur
2428 4652 2478 4716 l,
2514 4653 2640 4720 q.l,
2663 4669 2712 4708 c.
2750 4651 2882 4708 Cum
2920 4654 3197 4709 ordinatur
3226 4657 3521 4728 episcopus,
3554 4659 3648 4714 ubi

2059 4742 2254 4796 dicitur
2282 4759 2294 4794 :
2327 4741 2584 4809 Accipere
2597 4751 2700 4806 est,
2723 4741 3084 4812 quodcunque
3123 4745 3392 4814 accipere,
3423 4755 3482 4800 et.
3513 4747 3648 4801 dare

2060 4832 2436 4901 quodcunque.
2471 4831 2537 4884 Et
2555 4833 2742 4886 eadem
2770 4848 2846 4902 «ιη
2877 4849 2926 4887 ε.
2953 4833 3166 4899 Fertur,
3182 4835 3270 4888 ubi
3287 4835 3646 4906 diciturun

2058 4922 2124 4975 de
2152 4921 2328 4975 radice
2366 4919 2562 4974 infecta
2598 4921 2771 4975 bonus
2807 4921 3013 4976 fructus
3067 4924 3216 4976 exire
3259 4938 3366 4978 non
3422 4924 3646 4995 poterit.

2060 5013 2116 5067 Si
2137 5030 2266 5084 ergo
2285 5013 2601 5068 vultsalvari
2629 5014 2720 5083 qui
2743 5014 2867 5067 talis
2895 5023 2996 5076 est,
3021 5015 3313 5080 renuntiet,
3331 5025 3458 5085 agat
3487 5030 3648 5086 aspe-

2058 5123 2175 5161 ram
2202 5106 2605 5176 pmnitentiam;
2633 5106 2791 5160 aliter
2821 5107 3015 5160 salvari
3045 5123 3147 5159 non
3177 5108 3398 5176 poterit,
3429 5115 3489 5160 ut
3517 5123 3648 5176 pro-

2057 5200 2150 5254 bat
2179 5195 2701 5264 sanctusGrcgorius
2721 5195 2764 5259 l,
2790 5212 2843 5265 q.
2881 5197 2930 5259 l,
2957 5212 3004 5250 c.
3038 5195 3098 5250 Si
3128 5197 3245 5268 quis
3269 5213 3455 5266 neque.

2129 5289 2456 5358 Vigesimum
2485 5301 2682 5342 nonum
2715 5295 2819 5351 est,
2847 5287 2987 5356 quod
3017 5294 3200 5356 petunt
3231 5287 3523 5356 pecuniam
3547 5301 3648 5356 pro

2056 5378 2298 5433 balsamo
2329 5387 2520 5432 contra
2551 5377 2929 5432 auctoritatem
2962 5385 3272 5436 sanctorum
3312 5375 3562 5444 Patrum,
3591 5377 3638 5439 ί.

2055 5486 2108 5541 q.
2137 5471 2186 5534 Ι,
2212 5469 2424 5527 Placuit
2435 5479 2492 5523 ut
2508 5467 2706 5534 nullus,
2721 5479 2835 5523 etc.
2852 5468 3060 5522 Dictum
3075 5479 3171 5533 est,
3186 5477 3304 5523 etc.
3325 5465 3639 5524 Stamina.

2124 5560 2481 5631 Trigesimum
2493 5559 2729 5630 estquod
2750 5559 3010 5614 damnant
3035 5558 3263 5617 clericos
3286 5558 3642 5619 indiscussos,

2052 5651 2384 5720 utprobatur
2407 5649 2462 5713 9,
2493 5666 2546 5720 q.
2583 5650 2634 5716 l,
2666 5648 2794 5715 Nos,
2824 5659 2930 5704 etc.
