3928 6178
249 306 269 358 1
280 297 388 359 097

1163 298 1529 360 EXCERPTA
1567 300 1660 362 EX
1697 298 2206 360 POENlTENTlALI
2242 296 2290 358 J.
2333 303 2420 359 DE
2458 305 2612 361 DEO.

3358 310 3492 363 1093

314 415 678 485 Trigesimum
723 406 955 482 primum
979 425 1084 480 est,
1122 418 1264 486 quod
1308 432 1414 471 non
1454 419 1701 472 deterunt
1725 433 1821 486 ap-
1852 421 1897 478 Α
1925 417 2034 471 mis-
2052 427 2269 486 paratos
2311 419 2509 486 corrigi
2537 429 2724 474 contra
2769 421 3141 476 auctoritatem
3185 430 3493 480 sanctorum

244 505 626 577 pellaticnibus
669 503 944 573 legitimis,
984 520 1150 574 quare
1196 507 1506 562 debuissent
1543 507 1736 576 puniri.
1764 507 1818 570 2,

246 611 302 666 q.
335 596 390 658 7,
427 610 477 649 c.
512 603 620 649 etc.

319 687 679 756 Trigesimum
703 686 994 740 secundum
1014 694 1116 752 est,
1138 688 1280 757 quod
1298 697 1545 758 pastores
1555 686 1677 743 laici
1699 695 1827 743 sunt

246 789 302 835 et
327 795 435 834 non
463 779 785 850 presbyteri,
807 779 992 850 quales
1012 788 1137 834 sunt
1156 780 1498 847 intrinsecus,
1528 792 1588 836 ut
1613 781 1668 845 2,
1689 797 1744 850 q.
1769 783 1823 845 7,

249 871 513 924 Peruenit.

321 963 683 1030 Trigesimum
721 964 938 1018 tertium
965 972 1046 1020 est
1063 1003 1078 1028 ,
1105 965 1248 1034 quod
1273 965 1590 1033 permittunt
1615 979 1673 1018 se
1700 977 1827 1032 pro-

247 1055 458 1109 moveri
485 1055 663 1108 minus
685 1053 1028 1119 suilicicntes,
1053 1063 1240 1110 contra
1276 1055 1564 1110 concilium
1596 1053 1826 1110 Cartha-

249 1146 497 1215 ginense,
528 1154 587 1198 ut
607 1147 862 1215 probatur
881 1146 951 1201 25
980 1148 1132 1212 dist.,
1160 1163 1211 1202 c.
1237 1146 1392 1212 Quod
1411 1147 1635 1216 episcopi
1656 1161 1671 1200 :
1697 1145 1827 1201 illud

250 1235 394 1290 idem
415 1236 674 1305 probatur
697 1236 763 1290 58
791 1238 940 1302 dist.,
963 1253 1012 1293 c.
1043 1237 1235 1294 Omnes
1258 1238 1554 1308 psallentes,
1578 1239 1670 1292 ubi
1696 1238 1830 1292 dici-

250 1335 344 1382 tur
373 1328 512 1396 quod
541 1327 607 1381 de
632 1330 929 1386 substantia
966 1330 1200 1400 episcopi
1229 1340 1313 1385 est
1340 1339 1398 1385 ut
1423 1331 1495 1385 sit
1516 1330 1652 1386 bene
1682 1330 1828 1386 litte-

252 1425 426 1470 ratus.
460 1415 525 1468 Et
547 1415 667 1470 ideo
693 1416 822 1470 dicit
843 1416 1109 1488 Pmphcta
1135 1436 1148 1472 :
1178 1418 1254 1471 Tu
1273 1418 1544 1473 scientiam
1570 1419 1825 1488 repulisti,

251 1515 301 1560 et
326 1522 420 1575 ego
448 1505 689 1575 repellam
731 1517 798 1570 te,
830 1525 892 1561 ne
917 1509 1207 1563 sacerdotio
1234 1509 1489 1579 fungaris.
1520 1510 1586 1564 Et
1613 1519 1832 1578 propter

252 1597 359 1654 hoc
382 1599 656 1668 depositus
675 1599 772 1654 fuit
791 1601 1007 1668 quidam
1027 1601 1310 1671 episcopus
1325 1601 1393 1656 ab
1415 1600 1650 1656 Honorio
1668 1616 1826 1672 papa.

1923 506 2140 561 Patrum
2168 508 2223 571 2,
2247 525 2300 577 q.
2328 510 2384 573 5,
2417 509 2680 580 EpiscOpi,
2711 511 2799 566 ubi
2823 512 3017 567 dicitur
3041 515 3185 582 quod
3219 530 3377 571 nemo
3403 518 3496 572 de-

1924 597 2014 651 bet
2036 599 2491 652 excommunicari
2528 601 2633 654 nisi
2658 615 2755 669 pro
2787 603 2990 672 magnis
3019 605 3253 672 peccatis
3279 613 3336 661 et
3371 623 3495 664 cum

1925 686 2079 740 aliter
2099 688 2300 757 corrigi
2328 704 2431 742 non
2455 690 2644 758 possit.

1993 779 2473 849 Quadragesimum
2517 782 2749 850 primum
2795 790 2896 846 est,
2940 786 3078 851 quod
3110 786 3208 856 ipsi
3239 788 3291 842 in
3318 791 3496 844 causis

1924 868 2156 937 propriis
2182 869 2368 923 volunt
2391 885 2509 925 esse
2535 871 2743 940 judices
2766 883 2820 926 et
2850 882 3078 938 actores,
3103 885 3291 930 contra
3318 888 3498 934 aucto-

1927 956 2141 1012 ritatem
2189 966 2496 1012 sanctorum
2539 960 2780 1025 Patrum,
2819 971 2879 1015 ut
2921 963 2982 1027 2,
3014 979 3065 1032 q.
3100 965 3161 1029 1,
3186 967 3274 1021 ubi
3302 969 3497 1023 dicitur

1927 1048 2069 1116 quod
2089 1045 2156 1099 de
2180 1062 2410 1116 persona
2447 1051 2646 1103 actoris
2670 1053 2982 1117 assumitur,
3018 1054 3302 1122 iudiciaria
3343 1067 3495 1127 pote-

1926 1143 2039 1190 stas
2067 1135 2385 1190 admittitur.
2417 1137 2548 1190 Illud
2567 1138 2706 1192 idem
2727 1140 2986 1207 probatur
3007 1143 3061 1206 5,
3081 1159 3134 1212 q.
3158 1143 3214 1208 4,
3238 1159 3286 1198 c.
3318 1146 3341 1198 1
3369 1155 3423 1200 ει
3439 1145 3496 1202 2.

1997 1224 2483 1293 Quadragesimum
2504 1229 2799 1283 secundum
2825 1238 2929 1294 est,
2953 1232 3096 1300 quod
3115 1234 3387 1302 expellunt
3405 1251 3499 1291 eos

1927 1316 2020 1385 qui
2046 1316 2278 1371 ﬁdeliter
2324 1331 2446 1370 cum
2485 1319 2973 1388 praedecessoribus
3017 1334 3330 1389 senuerunt,
3359 1336 3418 1380 ut
3443 1328 3498 1391 6,

1928 1423 1982 1476 q.
2010 1408 2064 1470 2,
2085 1423 2136 1462 c.
2165 1406 2343 1477 Hujus
2368 1407 2567 1476 placiti.
2596 1410 2661 1463 Et
2699 1411 2842 1480 quod
2875 1412 3111 1468 deterius
3133 1423 3246 1480 est,
3285 1430 3380 1471 eos
3403 1432 3502 1471 ex-

1928 1497 2160 1566 spoliant
2196 1499 2629 1553 remuneratione
2678 1499 2887 1554 servitii
2929 1516 3092 1570 quam
3131 1502 3212 1558 eis
3244 1504 3508 1560 dederunt

1928 1586 2352 1654 praedecessores
2398 1586 2658 1656 episcopi,
2705 1598 2895 1644 contra
2934 1591 3310 1646 auctoritatem
3355 1607 3508 1663 papae

325 1691 682 1760 Trigesimum
714 1701 963 1761 quartum
991 1701 1094 1758 est,
1118 1695 1259 1763 quod
1295 1703 1576 1764 postquam
1598 1703 1682 1750 est
1705 1709 1832 1764 pro-

1944 1673 2154 1739 Gelasii,
2183 1674 2272 1741 16,
2297 1691 2352 1745 q.
2383 1675 2436 1741 6,
2469 1691 2517 1730 c.
2545 1677 2711 1731 Illud.

253 1789 454 1843 motus,
495 1779 716 1851 negligit
735 1760 1037 1846 addiscere,
1061 1760 1247 1839 contra
1279 1760 1601 1838 sententiam
1624 1760 1830 1854 Grego-

2005 1768 2478 1838 Quadragesimum
2508 1771 2729 1826 tertium
2763 1780 2869 1837 est,
2899 1774 3023 1844 quia
3068 1775 3252 1830 volunt
3289 1793 3509 1833 servare

254 1870 345 1932 rii,
367 1869 436 1923 22
466 1869 614 1932 dist.,
644 1869 733 1923 ubi
772 1869 966 1923 dicitur
989 1871 1128 1940 quod
1160 1870 1356 1926 stultus
1382 1872 1572 1940 estqui
1593 1871 1648 1926 in
1675 1887 1741 1926 eo
1773 1888 1833 1928 se

253 1959 515 2027 majorem
546 1960 821 2016 existimat
847 1969 902 2014 ut
925 1961 1063 2015 bona
1089 1953 1208 2031 qua!
1222 1963 1451 2018 audierit
1474 1965 1682 2021 discere
1703 1979 1832 2020 con-

255 2059 480 2105 tcnutat.

328 2140 688 2211 Trigesimum
709 2141 953 2210 quintum
975 2149 1076 2206 est,
1099 2141 1242 2211 quod
1264 2140 1451 2196 nolunt
1472 2143 1556 2198 vel
1586 2144 1833 2198 nesciunt

253 2233 553 2285 canonibus
578 2231 814 2286 obedire.
852 2231 1028 2298 Quare
1059 2232 1369 2288 debuissent
1393 2234 1460 2288 ab
1488 2234 1833 2289 administra-

253 2319 403 2375 tione
434 2336 604 2388 usque
632 2320 698 2374 ad
735 2322 1054 2393 condignam
1078 2324 1452 2393 paenitentiam
1483 2328 1742 2393 amoveri,
1772 2334 1834 2382 ut

252 2413 450 2482 probat
471 2413 753 2468 Damasius
773 2428 932 2483 papa,
959 2413 1050 2479 25,
1079 2429 1132 2483 q.
1169 2415 1218 2468 1.

325 2499 682 2570 Trigesimum
711 2511 921 2557 sextum
959 2512 1061 2569 est,
1105 2505 1230 2572 quia
1269 2513 1396 2560 sunt
1439 2507 1600 2562 nimis
1623 2507 1831 2562 creduli

253 2590 307 2644 in
334 2590 705 2660 praejudicium
731 2591 978 2658 aliorum,
1003 2602 1190 2648 contra
1211 2596 1588 2652 auctoritatem
1617 2606 1834 2654 sancto-

251 2695 373 2733 rum
399 2678 638 2742 Patrum,
666 2688 726 2733 ut
745 2681 938 2749 probat
971 2681 1261 2752 Gregorius
1297 2685 1381 2749 ll,
1413 2699 1466 2754 q.
1491 2687 1544 2749 5,
1577 2701 1626 2740 c.
1654 2684 1830 2741 Grave

252 2773 417 2828 nimis
458 2779 543 2828 est
585 2779 641 2826 et
684 2772 958 2839 indecens,
999 2782 1056 2828 ut
1089 2775 1141 2828 in
1176 2790 1232 2831 re
1259 2776 1419 2831 dubia
1445 2786 1593 2832 certa
1623 2775 1831 2834 feratur

251 2861 544 2916 sententia.
572 2860 638 2914 Et
665 2860 794 2915 illud
834 2862 974 2916 idem
1002 2869 1230 2923 testatur
1255 2864 1394 2919 idem
1424 2865 1584 2922 Pater
1621 2864 1828 2936 Grego-

255 2952 386 3015 rius,
413 2951 484 3006 52
506 2951 652 3014 dist.,
688 2966 736 3005 c.
769 2950 1029 3005 Habuisse
1050 2962 1096 3004 te
1116 2954 1477 3019 concubinam,
1507 2954 1596 3008 ubi
1634 2954 1830 3012 dicitur

252 3043 394 3112 quod
425 3041 480 3096 in
503 3057 562 3096 re
593 3042 751 3097 dubia
782 3057 885 3096 non
915 3049 998 3096 est
1041 3041 1344 3098 absolutum
1386 3043 1667 3100 ferendum
1686 3044 1830 3113 judi-

1931 1860 2257 1929 promissum
2284 1860 2337 1914 in
2363 1862 2886 1919 remunerationibus
2904 1864 3246 1932 sapientium,
3278 1867 3362 1922 vel
3388 1883 3505 1922 ser-

1930 1952 2210 2016 vientium,
2255 1960 2442 2006 contra
2489 1955 2869 2008 auctoritatem
2923 1963 3263 2020 sanctorum,
3311 1958 3413 2023 22,
3454 1975 3502 2014 c.

1933 2043 2264 2113 Quicunque.

2001 2131 2480 2202 Quadragesimum
2525 2143 2794 2203 quartum,
2840 2138 2965 2207 quia
2995 2138 3182 2194 volunt
3213 2141 3314 2196 sibi
3358 2143 3507 2197 credi

1931 2222 1984 2276 in
2014 2223 2381 2293 praeiudicium
2415 2225 2647 2280 aliorum
2678 2244 2692 2280 :
2725 2227 2867 2296 quod
2899 2242 3020 2284 esse
3059 2245 3170 2284 non
3213 2231 3390 2297 debet,
3444 2242 3506 2287 ut

1933 2315 2188 2384 probatur
2209 2313 2266 2379 6,
2289 2329 2342 2396 (ι.
2373 2314 2430 2379 2,
2459 2314 2748 2386 Episcopus
2775 2318 2823 2372 si
2845 2318 3058 2386 clerico,
3087 2330 3144 2376 et
3168 2335 3218 2376 ε.
3250 2322 3313 2378 Si
3333 2333 3507 2380 tamen

1930 2404 2221 2474 episcopus,
2261 2411 2389 2458 etc.
2419 2403 2629 2460 Placuit
2655 2407 2746 2472 25,
2771 2424 2824 2478 τι.
2857 2409 2912 2474 5,
2936 2410 2972 2464 2
2997 2427 3047 2465 c.

2001 2495 2479 2564 Quadragesimum
2507 2498 2754 2566 quintum
2779 2509 2888 2566 est,
2915 2502 3040 2570 quia
3061 2503 3247 2559 volunt
3268 2505 3368 2560 soli
3393 2507 3504 2562 cle-

1930 2583 2074 2638 ricos
2101 2585 2367 2654 deponere
2385 2594 2573 2640 contra
2597 2603 2783 2643 sacros
2809 2593 3226 2650 canones-Nam
3258 2596 3313 2651 in
3343 2597 3502 2667 depo-

1931 2675 2127 2731 sitione
2152 2677 2449 2748 presbyteri
2476 2678 2674 2733 debent
2698 2683 2881 2737 venire
2903 2699 2997 2739 sex
3024 2687 3280 2757 episcopi,
3306 2698 3361 2745 et
3385 2707 3512 2760 pro-

1929 2769 2085 2838 prius
2111 2767 2389 2836 septimus,
2414 2775 2470 2822 et
2496 2768 2550 2822 in
2579 2769 2804 2826 diacono
2823 2779 2878 2826 et
2904 2774 3230 2832 subdiacono
3251 2785 3360 2834 tres
3382 2796 3503 2836 cum

1931 2859 2150 2928 proprio
2173 2857 2454 2928 episcopo,
2485 2867 2546 2912 ut
2582 2861 2846 2929 probatur
2871 2878 2969 2931 per
3005 2865 3120 2920 haec
3149 2865 3273 2934 jura
3300 2871 3322 2922 l
3359 2871 3510 2936 dist.,

1933 2962 1982 3002 c.
2015 2945 2257 3012 Studeat,
2288 2955 2342 3002 et
2370 2945 2455 3010 l5,
2477 2963 2532 3018 q.
2566 2949 2618 3014 1,
2645 2964 2697 3004 ε.
2725 2950 2805 3006 De
2827 2953 3062 3019 crimine,
3093 2964 3148 3010 et
3175 2956 3262 3022 l5,
3290 2974 3345 3028 q.
3380 2961 3433 3024 7,
3460 2977 3508 3016 c.

1934 3035 2116 3101 Felix,
2146 3045 2251 3093 etc.

251 3134 415 3187 cium.
449 3131 518 3185 Et
563 3131 690 3186 illud
730 3132 869 3186 idem
905 3131 1099 3199 probat
1135 3131 1467 3202 Augustinus
1496 3135 1582 3200 11,
1610 3151 1664 3204 q.
1695 3137 1749 3201 5,
1777 3150 1825 3190 c.
1859 3122 1904 3184 C
2005 3127 2487 3196 Quadrasesimum
2508 3138 2718 3186 sextum
2742 3135 3314 3209 equuiaimpugnant
3331 3155 3514 3198 exem.

253 3225 339 3277 ubi
373 3223 574 3278 dicitur
601 3221 739 3290 quoi
767 3223 1013 3290 quamvis
1053 3237 1178 3277 vera
1209 3224 1316 3277 sint
1344 3227 1616 3294 quasdam,
1647 3234 1829 3282 tamen

251 3311 453 3380 iudicio
499 3327 607 3366 non
637 3321 760 3366 sunt
793 3311 1080 3377 credenda,
1135 3312 1238 3366 nisi
1292 3315 1454 3368 certis
1490 3313 1709 3381 judiciis
1733 3315 1829 3368 de-

253 3413 642 3460 monstrentur.
685 3403 751 3456 Et
792 3403 920 3460 illud
966 3403 1107 3458 idem
1149 3405 1340 3473 probat
1385 3404 1571 3460 Sixtus
1622 3419 1758 3476 papa
1779 3413 1834 3459 et

256 3497 442 3551 Victor
465 3509 605 3564 papa
633 3494 722 3560 50,
755 3509 808 3562 q.
837 3493 889 3558 5,
921 3511 970 3548 c.

323 3585 684 3655 Trigesimum
702 3585 987 3654 septimum
1015 3586 1263 3656 est,quod
1298 3585 1488 3641 nolunt
1517 3585 1568 3638 in
1592 3584 1829 3640 Ecclesia

253 3675 536 3730 columnas
574 3674 781 3743 erigere
823 3689 958 3742 quos
985 3673 1231 3728 noverint
1260 3674 1530 3737 meliores,
1578 3676 1671 3730 sed
1699 3691 1834 3744 quos

257 3765 430 3834 magis
459 3764 559 3834 ipsi
589 3763 836 3834 diligunt,
867 3764 950 3817 vel
979 3779 1205 3832 quorum
1234 3763 1491 3834 obsequia
1519 3763 1829 3833 prml‘erunt,

255 3865 448 3908 (:ontra
479 3867 669 3908 sacros
711 3869 946 3908 canones
976 3856 1029 3918 8,
1061 3870 1116 3922 q.
1149 3854 1208 3918 1,
1240 3869 1290 3908 ε.
1324 3853 1558 3924 Moyses;
1589 3862 1643 3908 et
1667 3854 1751 3916 l2,
1776 3870 1831 3923 q.

255 3945 310 4011 2,
339 3943 528 3998 Gloria
570 3945 814 4015 episcopi,
847 3946 934 4000 ubi
982 3945 1177 4000 dicitur
1207 3947 1348 4016 quod
1388 3947 1540 4000 multi
1566 3947 1836 4002 aediﬁcant

256 4038 518 4106 parietes,
538 4037 882 4093 etcolumnas
905 4038 1153 4093 Ecclesia:
1177 4039 1519 4095 subtrahunt.
1545 4041 1671 4097 Inde
1695 4055 1836 4111 saepe

259 4128 383 4181 odia
411 4135 762 4195 consurgunt.

330 4214 687 4285 Trigcsimum
712 4226 961 4272 octavum
981 4217 1228 4286 est,quod
1285 4219 1421 4275 bona
1447 4221 1834 4288 ecclesiastica,

260 4303 496 4358 maxime
523 4304 870 4360 ecclesiarum
900 4308 1296 4374 parochiarum,
1323 4318 1511 4364 contra
1539 4327 1724 4367 sacros
1747 4327 1838 4366 ca-

261 4409 432 4449 nones
455 4403 719 4463 usurpant
736 4409 1056 4464 quocunque
1075 4412 1236 4459 anno,
1265 4397 1493 4466 amplius
1514 4399 1714 4468 aliquid
1734 4400 1834 4454 sibi

1933 3226 2073 3284 ptos,
2097 3224 2159 3270 ut
2181 3218 2410 3286 probant
2435 3221 2606 3273 sancti
2636 3220 2824 3276 Patres
2852 3223 2935 3289 16,
2958 3240 3011 3294 q.
3040 3227 3093 3291 1,
3123 3235 3226 3283 etc.

2003 3304 2484 3376 Quadrages—imum
2526 3309 2812 3377 septimum
2860 3320 2960 3377 est,
3009 3314 3153 3383 quod
3201 3317 3422 3388 alligant
3459 3329 3514 3378 et

1933 3393 2231 3450 dissolvunt
2269 3395 2637 3452 indifferenter
2667 3417 2679 3452 :
2706 3401 2848 3468 quod
2883 3417 3001 3458 esse
3029 3419 3133 3460 non
3162 3406 3340 3462 debet.
3381 3409 3514 3466 Pro-

1931 3496 2053 3556 pter
2081 3489 2184 3544 boc
2227 3490 2632 3559 suspenduntur
2677 3507 2846 3561 usque
2897 3493 2964 3546 ad
3017 3495 3237 3566 triginta
3285 3497 3421 3563 dies,
3453 3508 3514 3554 ut

1932 3575 2164 3644 probant
2201 3579 2374 3632 sancti
2401 3577 2612 3644 Patres,
2639 3578 2731 3644 25,
2759 3596 2812 3650 q.
2841 3581 2897 3645 5,
2928 3597 2976 3637 c.
3009 3581 3086 3637 De
3112 3582 3318 3648 illicita,
3344 3594 3396 3640 et
3423 3601 3508 3642 ex.

1935 3666 2000 3719 de
2021 3664 2300 3720 Sententia
2329 3669 2919 3725 excommunicationis.
2939 3671 3074 3738 Quia
3097 3674 3236 3728 sicut
3255 3676 3514 3742 quosdam

1935 3756 2106 3822 gratia
2137 3755 2338 3811 favoris
2374 3757 2697 3823 sublimant,
2727 3761 2799 3814 ita
2829 3763 3090 3832 quosdam
3121 3764 3248 3819 odio
3289 3766 3516 3822 invidia-

1936 3859 2037 3913 que
2064 3845 2364 3898 humiliant.
2395 3845 2663 3902 Probatur
2687 3849 2771 3914 15,
2798 3866 2852 3920 q.
2880 3849 2933 3915 7,
2964 3867 3012 3906 c.
3043 3852 3092 3916 i,
3123 3861 3227 3907 etc.

2006 3931 2482 4002 Quadragesimum
2521 3949 2771 3992 octavum
2815 3947 2930 4004 est,
2979 3939 3120 4009 quod
3157 3941 3210 3995 in
3255 3945 3517 4000 conviviis

1935 4038 2040 4078 non
2063 4022 2268 4079 faciunt
2302 4024 2404 4094 legi
2429 4041 2640 4082 sacram
2662 4027 2942 4083 lectionem
2968 4047 2980 4082 :
3005 4031 3133 4084 etin
3159 4031 3263 4086 hoc
3287 4042 3515 4101 peccant

1935 4122 2123 4168 contra
2165 4115 2454 4170 concilium
2493 4115 2836 4183 Toletanum,
2869 4117 2938 4171 44
2967 4119 3114 4185 dist.,
3146 4135 3196 4174 c.
3231 4118 3340 4176 Pro
3376 4139 3513 4179 reue-

1937 4206 2123 4259 rentia.
2152 4205 2221 4259 Et
2246 4214 2330 4260 est
2355 4206 2492 4260 ratio
2520 4208 2663 4276 quod
2698 4207 2822 4260 dum
2853 4222 3048 4277 corpus
3075 4210 3300 4265 diversis
3329 4210 3509 4267 fercu-

1937 4294 2002 4347 lis
2033 4294 2300 4359 relicitur,
2349 4295 2527 4366 lingua
2574 4297 2629 4350 in
2666 4296 3085 4354 detractionibus
3121 4299 3412 4369 relaxatur,
3455 4311 3518 4358 ut

1936 4385 2128 4454 probat
2153 4383 2444 4454 Gregorius
2471 4385 2524 4440 in
2552 4386 2843 4442 Moralibus
2866 4387 3002 4444 libro
3026 4391 3222 4460 primo.

261 4459 657 4552 appropriando
699 4459 841 4552 quod
879 4459 986 4538 non
1037 4485 1104 4538 de
1148 4459 1548 4554 parochialibus
1593 4459 1832 4542 ecclesiis

2008 4471 2488 4541 Quadragesimum
2532 4490 2747 4552 nonum.
2774 4485 2876 4543 est,
2912 4459 3054 4547 quod
3091 4493 3199 4533 non
3224 4487 3419 4536 curant
3447 4479 3514 4536 de

261 4572 363 4626 sibi
403 4585 728 4641 praesumere
757 4572 972 4637 debent,
1004 4573 1108 4628 nisi
1156 4576 1297 4644 quod
1346 4577 1426 4631 eis
1465 4592 1494 4630 a
1524 4591 1730 4632 canone
1755 4587 1839 4632 est

259 4662 606 4732 permissum,
636 4669 696 4715 ut
721 4664 916 4732 probat
934 4666 1220 4720 concilium
1241 4666 1555 4721 Toletanum
1594 4669 1679 4732 10,
1702 4683 1755 4738 q.
1779 4669 1835 4734 5,

260 4767 310 4805 ε.
345 4751 501 4816 Quod
530 4753 890 4821 cognovimus,
919 4761 973 4807 et
1009 4754 1148 4809 inter
1182 4765 1377 4810 caetera
1405 4755 1535 4811 illud
1572 4757 1692 4812 ideo
1713 4773 1840 4828 pro—

259 4844 424 4898 batur
457 4841 541 4908 l6,
569 4858 623 4912 q.
655 4842 706 4908 1,
731 4858 780 4897 c.
823 4842 1172 4899 Constitutum
1195 4855 1268 4900 est
1293 4846 1441 4899 nulli.

334 4935 692 5005 Trigesimum
723 4952 921 4991 nonum
951 4945 1060 5002 est,
1090 4940 1215 5008 quia
1253 4940 1543 4996 indiscrete
1573 4940 1840 4998 ulciscun-

262 5033 352 5077 tur
380 5024 624 5093 proprias
653 5023 876 5092 injurias
908 5033 1094 5080 contra
1120 5027 1491 5082 auctoritatem
1531 5037 1837 5083 sanctorum

264 5113 508 5178 Patrum,
530 5122 588 5166 ut
608 5115 867 5184 probatur
887 5114 940 5180 5,
962 5129 1016 5182 q.
1035 5113 1089 5180 7,
1105 5131 1154 5170 c.
1179 5114 1367 5186 Siquis
1388 5133 1710 5171 communem
1727 5129 1839 5172 tra-

263 5201 536 5265 ditionem,
561 5209 615 5254 et
639 5201 706 5254 46
733 5203 883 5268 dist.,
914 5219 964 5258 c.
984 5201 1504 5282 Seditionarios,etc.
1533 5208 1600 5261 Et
1632 5223 1730 5276 pro
1759 5209 1839 5263 eis

265 5292 557 5347 indiscrete
581 5291 903 5360 injuriantur
922 5301 977 5348 et
997 5297 1477 5362 excommunicant,
1503 5307 1564 5353 ut
1581 5299 1841 5368 probatur

262 5382 354 5446 25,
385 5397 439 5452 q.
465 5381 519 5446 4,
546 5383 695 5437 Inter
714 5382 969 5454 querelas.
994 5384 1063 5439 Et
1085 5385 1203 5441 ideo
1224 5387 1312 5442 isti
1335 5388 1468 5445 tales
1490 5389 1622 5445 nihil
1642 5390 1844 5446 habent

264 5473 566 5544 spirituale.

337 5563 819 5635 Quadragesimum
850 5574 951 5632 est,
985 5567 1108 5638 quia
1138 5569 1461 5625 stomachati
1488 5571 1553 5626 de
1580 5569 1721 5628 facili
1747 5586 1843 5627 ex-

268 5659 670 5712 communicaut
688 5658 1004 5713 innocentes
1024 5667 1078 5712 et
1099 5659 1388 5729 culpabiles
1414 5662 1465 5715 in
1487 5661 1663 5717 causis
1686 5661 1844 5716 mini—

635 5768 910 5827 ΡΑΤιιοι..
963 5767 1184 5830 XCIX.

1940 4564 2135 4620 divinis
2157 4563 2350 4620 ol‘liciis
2377 4574 2594 4636 propter
2617 4568 2861 4623 convivia
2889 4584 2985 4625 sua
3007 4577 3194 4626 contra
3223 4571 3514 4626 auctorita-

1938 4663 2045 4709 tem
2064 4653 2328 4723 Gregorii,
2351 4655 2420 4710 M
2437 4657 2588 4722 dist.,
2611 4668 2666 4713 et
2685 4659 2810 4730 quia
2831 4659 3034 4716 faciunt
3053 4670 3272 4719 cantare
3293 4663 3514 4721 missam

1933 4740 2087 4810 juxta
2117 4743 2313 4799 lectum
2351 4746 2406 4801 in
2450 4748 2630 4815 domo,
2658 4751 2749 4806 ubi
2785 4752 3055 4822 spurcitia:
3075 4753 3256 4810 multa:
3279 4763 3425 4824 sunt,
3459 4765 3516 4814 et

1941 4834 2062 4889 ideo
2088 4833 2323 4890 divinam
2364 4837 2679 4906 patientiam
2720 4841 2788 4893 ad
2825 4840 3160 4898 iracundiam
3196 4855 3513 4914 provocant.

1944 4925 2078 4978 Nam
2107 4941 2379 4996 nunquam
2417 4928 2581 4983 missa
2621 4928 2674 4983 in
2704 4930 2863 4986 domo
2889 4931 3149 4990 celebrari
3178 4935 3354 4992 debet.
3385 4936 3518 4993 Pro-

1944 5016 2104 5071 batur
2129 5016 2193 5070 de
2217 5015 2637 5074 Consecratione
2655 5019 2780 5075 dist.
2801 5021 2850 5084 1,
2880 5037 2928 5076 ε.
2949 5021 3094 5078 Sicut
3127 5041 3230 5079 non
3254 5027 3402 5092 alibi,
3423 5028 3512 5080 ubi

1943 5103 2177 5158 dicitur:
2211 5103 2464 5161 Sanctius
2490 5115 2577 5163 est
2611 5109 2830 5165 missam
2860 5126 2963 5165 non
2993 5121 3233 5176 cantare,
3269 5129 3428 5183 quam
3459 5115 3511 5169 in

1944 5195 2029 5250 his
2054 5194 2184 5249 locis
2213 5196 2304 5250 ubi
2334 5195 2449 5252 ﬁeri
2481 5213 2590 5252 non
2625 5207 2853 5268 oportet.
2899 5200 2969 5254 Et
3001 5202 3273 5270 subiungit
3313 5202 3364 5255 iu
3404 5201 3510 5257 line

1944 5284 2164 5354 capituli
2191 5284 2336 5355 quod
2375 5286 2430 5340 in
2472 5286 2719 5344 domibus
2739 5288 3042 5345 nullatenus
3066 5289 3231 5342 missa
3253 5287 3511 5346 celebrari

1947 5377 2127 5432 debet.

2017 5468 2530 5540 Quinquagesimum
2553 5477 2653 5535 est,
2669 5470 2810 5537 quod
2833 5484 2920 5524 res
2932 5466 3187 5523 Ecclesia:
3206 5482 3312 5524 non
3334 5476 3514 5525 custo-

1949 5559 2102 5616 diunt
2148 5570 2336 5617 contra
2376 5563 2746 5617 auctoritatem
2793 5560 3014 5615 canonis
3054 5558 3153 5626 l6,
3191 5574 3244 5629 q.
3293 5559 3318 5613 l
3367 5575 3414 5615 c.
3461 5567 3517 5614 et

1949 5651 2165 5705 easdem
2209 5665 2298 5705 res
2336 5651 2723 5706 ecclesiasticas
2750 5665 2845 5718 per
2873 5666 2930 5705 se
2964 5665 3198 5719 suosque
3226 5651 3516 5722 dilapidant

3079 5768 3155 5828 35
