3968 6180
492 215 638 271 illm!)

1383 214 1742 270 EXCERPTA
1785 214 1875 269 EX
1917 213 2426 269 PGﬁNlTENTlALl
2463 214 2512 269 J.
2557 217 2644 272 DE
2681 217 2834 273 DEO.

3601 227 3739 282 1190

487 340 692 385 'contra
717 329 1089 383 auctoritatem
1131 325 1373 390 Patrum,
1397 327 1466 381 28
1491 328 1634 388 dist.,
1662 342 1708 381 c.
1741 328 1852 382 Etsi
1883 343 1940 382 se
1967 343 2070 382 non
2101 331 2149 390 Α
2245 328 2339 384 Est
2362 331 2522 386 etiam
2545 333 2836 387 secundum
2860 333 3046 388 vitium
3066 335 3386 407 principale,
3407 340 3552 410 quod
3582 341 3742 410 quin-

370 457 383 468 .
479 419 794 488 corrigunt,
833 418 1028 472 debent
1063 417 1285 486 deponi,
1315 425 1375 470 ut
1415 416 1481 470 12
1519 431 1598 485 q.,
1635 433 1684 472 c.
1726 417 2065 486 Apostolicas.

499 509 566 563 Et
604 509 730 578 quia
759 522 847 563 res
889 508 1092 563 alienas
1137 514 1418 575 usurpant,
1451 507 1709 575 probatur
1737 506 1818 569 l6,
1849 523 1902 576 q.
1937 506 1986 570 6,
2020 523 2066 563 c.

505 598 732 652 Placuit.

569 687 1080 757 Quinquagcsimum
1121 685 1354 754 primum
1406 692 1462 740 et
1509 683 1754 739 ultimum
1795 692 1898 751 est,
1944 685 2069 753 quia

498 778 796 846 gloriantur
818 777 870 832 in
893 776 1182 839 cathedris,
1207 783 1261 829 et
1290 789 1394 830 non
1421 782 1650 829 noscunt
1671 789 1729 829 se
1750 775 1910 844 ipsos.
1939 775 2070 829 Nam

471 871 542 923 —si
572 869 966 940 cognovissent,
998 868 1235 922 minores
1281 865 1522 920 subditos
1567 881 1672 920 non
1716 865 2070 935 contempsis-

479 968 638 1014 ssent.
681 958 946 1013 Probatur
972 956 1058 1020 12,
1087 972 1140 1025 q.
1170 956 1224 1019 2,
1255 970 1303 1009 c.
1354 953 1533 1008 Gloria
1567 955 1811 1024 episcopi,
1862 963 1966 1008 etc.
2013 953 2070 1007 Si

487 1049 603 1102 hoc
627 1047 862 1118 episcopi
891 1045 1262 1107 attendissent,
1286 1042 1595 1098 sacerdotes
1623 1041 1858 1095 minores
1885 1041 2071 1094 sedere

492 1136 645 1205 juxta
674 1135 964 1191 scabellum
1003 1149 1189 1188 eorum
1222 1132 1416 1200 pedum
1457 1132 1599 1201 passi
1649 1145 1754 1184 non
1782 1137 1983 1193 essent,
2011 1137 2072 1181 ut

500 1226 692 1297 probat
722 1225 1010 1281 concilium
1059 1221 1502 1292 Carthaginense.
1553 1221 1618 1273 Et
1645 1229 1728 1273 est
1755 1219 1893 1272 ratio
1921 1219 2069 1286 quia,

497 1324 558 1370 ut
575 1322 803 1370 testatur
819 1315 1009 1369 beatus
1033 1310 1324 1382 Gregorius
1349 1327 1361 1362 :
1387 1309 1521 1364 Cum
1551 1308 1708 1377 culpa
1733 1322 1839 1361 non
1863 1308 2068 1370 subest,

495 1419 686 1461 omnes
727 1402 1020 1460 secundum
1062 1400 1325 1454 rationem
1370 1397 1689 1452 humilitatis
1716 1395 1950 1464 aequales
1975 1410 2069 1450 su-

488 1509 638 1560 mus,
668 1501 729 1547 ut
759 1491 1023 1562 probatur
1048 1489 1118 1543 22
1144 1489 1294 1553 dist.,
1318 1503 1367 1543 c.

467 1617 470 1620 -
570 1585 720 1640 Talia
749 1599 879 1654 ergo
906 1592 960 1638 et
981 1581 1300 1645 consimilia,
1329 1581 1374 1635 si
1407 1587 1531 1634 sunt
1556 1577 1789 1644 notoria,
1827 1577 1899 1630 ita
1927 1573 2072 1645 quod

2170 431 2275 485 que
2309 419 2507 474 habent
2532 421 2774 475 abbatias
2801 437 2899 491 per
2931 423 3212 478 simoniam
3241 443 3254 478 :
3284 434 3340 480 et
3360 428 3449 482 isti
3477 428 3615 485 tales
3635 446 3743 486 non

2169 519 2390 577 possunt
2424 525 2704 566 remanere
2752 512 2804 565 in
2853 513 3349 580 administratione,
3397 525 3457 571 ut
3481 520 3747 589 probatur

2169 609 2254 649 ex.
2286 597 2352 652 de
2379 597 2639 664 Simonia,
2664 617 2712 655 c.
2741 600 3000 656 Pervenit.
3052 603 3118 656 Et
3145 603 3299 671 tales,
3320 605 3367 661 si
3393 619 3747 676 accusantur,

2170 695 2316 742 recte
2346 689 2542 744 debent
2565 690 2775 761 deponi,
2806 700 2915 746 ext.
2947 693 3014 748 de
3040 693 3302 761 Simonia,
3323 695 3551 752 Dilectus
3577 699 3745 767 filius.

2168 776 2317 832 Alias
2345 789 2545 846 autem,
2572 783 2868 850 puniuntur
2906 783 2973 838 ad
3001 785 3282 840 arbitrium
3301 787 3532 857 iudicis,
3563 798 3624 845 ut
3654 807 3726 846 ex

2171 868 2236 922 de
2263 867 2521 924 Simonia.
3243 891 3291 939 ιδ

2239 958 2335 1012 Est
2373 969 2552 1014 autem
2597 972 2848 1030 quartum
2886 964 3074 1020 vitium
3103 967 3350 1034 mortale,
3375 968 3503 1025 licet
3530 986 3642 1026 non
3670 974 3747 1028 ita

2172 1062 2448 1118 magnum,
2475 1051 2614 1106 sicut
2642 1069 2808 1108 unum
2835 1057 3234 1126 praemissornm
3253 1100 3267 1124 ,
3295 1062 3439 1130 quod
3464 1063 3749 1134 negligunt

2171 1141 2465 1195 monachos
2488 1157 2614 1197 suos
2642 1143 2891 1214 fugitivos
2915 1189 2930 1211 ,
2977 1155 3035 1200 ut
3063 1150 3325 1217 probatur
3347 1151 3434 1218 18,
3466 1169 3522 1222 q.
3553 1153 3610 1218 2,
3634 1155 3743 1207 Αθ-

2171 1227 2330 1292 bates,
2363 1237 2417 1283 et
2439 1246 2526 1283 ex.
2558 1231 2624 1285 de
2649 1231 2873 1302 Regula,
2898 1249 2947 1289 c.
2982 1234 3064 1288 Ne
3094 1236 3341 1306 religiosi.

2240 1319 2338 1375 Est
2370 1328 2548 1376 autem
2570 1323 2817 1392 quintum
2842 1325 3056 1392 vitium,
3101 1329 3244 1397 quod
3270 1330 3536 1400 recipiunt
3560 1349 3746 1389 mona-

2171 1415 2303 1470 chos
2329 1424 2612 1472 extraneos
2639 1418 2756 1473 sine
2795 1419 2990 1474 litteris
3025 1423 3495 1490 commendatitiis,
3538 1434 3598 1480 nt
3621 1442 3745 1498 pro-

2171 1504 2332 1560 batur
2366 1507 2457 1572 28,
2485 1522 2538 1576 q.
2570 1508 2625 1561 2.

2245 1597 2339 1651 Est
2362 1567 2543 1653 autem
2569 1606 2780 1654 sextum
2801 1599 3007 1663 vitium,
3040 1602 3181 1671 quod
3203 1567 3430 1671 ejiciunt
3454 1608 3748 1663 monachos

493 1676 613 1737 sine
637 1689 830 1746 magno
864 1671 1115 1728 seandalo
1162 1669 1461 1740 perpetrari
1498 1683 1604 1722 non
1622 1665 1931 1762 potuerint,
1961 1678 2074 1718 me-
2103 1667 2148 1729 B
2175 1702 2301 1743 suos
2327 1688 2634 1750 indiscrete.
2664 1698 2724 1743 ιη
2749 1702 2834 1742 ει,
2868 1689 2935 1745 de
2956 1665 3168 1762 Βεέυιη
3194 1665 3294 1746 uit.
3327 1709 3376 1748 ε,

467 1801 471 1804 -
497 1766 821 1836 tropolitano
848 1771 975 1818 sunt
1006 1759 1330 1823 conﬁtenda,
1361 1767 1417 1814 et
1440 1759 1508 1812 ab
1531 1772 1596 1812 eo
1621 1755 1948 1824 indulgentia
1977 1769 2072 1823 pe-

497 1859 678 1923 tenda,
708 1855 776 1910 ad
825 1856 930 1910 hoc
959 1861 1019 1908 ut
1050 1852 1315 1908 medicina
1346 1850 1676 1920 paenitentiae
1713 1847 1918 1902 utiliter
1951 1860 2071 1901 esse

489 1949 686 2018 possit,
725 1954 785 2002 ut
811 1946 1072 2016 probatur
1105 1944 1229 1998 dist.
1257 1943 1307 2007 l,
1341 1957 1390 1997 c.
1419 1950 1475 1994 et
1502 1955 1552 1995 c.
1580 1939 1638 1995 Si
1683 1947 1862 1993 autem
1885 1946 2068 1992 notum

494 2058 600 2096 non
629 2042 700 2095 sit
716 2040 950 2104 crimen,
981 2045 1036 2094 et
1063 2050 1224 2106 super
1261 2037 1364 2090 hoc
1397 2032 1707 2088 scandalum
1754 2046 1861 2086 non
1887 2039 1988 2095 est,
2015 2038 2071 2084 et

489 2132 549 2185 in
585 2130 707 2184 aliis
743 2129 980 2198 peccatis
1022 2125 1426 2196 corporalibus,
1475 2131 1696 2192 excepta
1741 2121 1970 2176 simonia
2014 2131 2070 2176 et

495 2221 806 2285 homicidio,
833 2227 1059 2291 possunt
1080 2216 1181 2272 sibi
1203 2215 1491 2271 discretum
1517 2213 1848 2268 sacerdotem
1869 2213 2070 2282 eligere

469 2310 872 2367 confessorem.
898 2308 1162 2364 Probatur
1185 2321 1272 2361 ex.
1293 2305 1360 2360 de
1383 2304 1700 2367 Ptenitent.,
1725 2311 1829 2356 etc.
1856 2301 1924 2355 Et
1952 2303 2070 2356 ha:c

492 2403 634 2456 dicta
661 2408 785 2454 sunt
809 2399 876 2454 ad
918 2399 1178 2452 honorem
1205 2395 1580 2464 episcopon
1597 2431 1614 2457 ,
1642 2406 1750 2445 non
1777 2390 2068 2460 reprehen-

491 2492 688 2556 dendo,
718 2490 814 2546 sed
837 2489 1120 2544 monendo.
1152 2485 1381 2552 Quidam
1407 2483 1577 2539 sancti
1614 2490 1762 2547 sunt,
1784 2481 1877 2536 sed
1903 2497 2067 2535 utins-

491 2583 718 2652 quisque
752 2581 1024 2651 propriam
1067 2576 1452 2634 conscientiam
1494 2573 1801 2631 conveniat.
1837 2571 2068 2643 Explictt

490 2671 562 2727 de
588 2671 872 2741 episcopis.

589 2778 670 2836 De
690 2777 1011 2850 confessione
1035 2776 1299 2843 abbatum,
1325 2785 1374 2832 et
1399 2777 1483 2832 cui
1506 2775 1688 2831 debent
1714 2774 1968 2846 conﬁteri.

1096 2859 1199 2940 (Ex
1230 2879 1349 2936 cap.
1381 2864 1460 2936 7.)

559 2957 636 3016 De
657 2955 993 3024 confessione
1031 2955 1284 3011 abbatum
1324 2955 1403 3010 sic
1439 2953 1709 3026 distingue
1735 2971 1748 3007 :
1774 2961 1867 3009 aut
1895 2954 2063 3009 abbas

2240 1778 2336 1832 Est
2363 1785 2542 1833 autem
2572 1779 2860 1849 septimum
2904 1780 3092 1835 vitium
3118 1822 3134 1846 ,
3176 1783 3320 1852 quod
3363 1785 3493 1839 dant
3535 1785 3750 1842 litteras

2169 1868 2504 1924 dimissorias
2532 1869 2820 1944 indiscrete
2837 1911 2851 1936 ,
2896 1880 2949 1924 et
2971 1873 3196 1926 credunt
3222 1875 3364 1943 quod
3391 1877 3643 1931 monachi
3667 1879 3752 1932 vel

2170 1959 2447 2030 regulares
2493 1960 2601 2014 sint
2644 1976 2742 2029 per
2784 1961 2919 2016 tales
2955 1961 3164 2017 litteras
3217 1964 3447 2020 absoluti
3498 1983 3529 2021 a
3568 1970 3751 2037 prima

2169 2049 2510 2115 ohedientia,
2563 2051 2665 2104 nisi
2713 2051 2890 2120 primo
2936 2053 3004 2106 ab
3048 2053 3140 2106 illo
3189 2053 3381 2110 abbate
3414 2071 3511 2125 per
3536 2057 3752 2113 litteras

2171 2138 2504 2195 dimissorias
2536 2141 2645 2194 sint
2671 2142 2908 2211 recepti,
2940 2151 2999 2196 ut
3022 2144 3283 2213 probatur
3307 2147 3368 2200 7t
3405 2148 3555 2214 dist.,
3600 2149 3751 2203 Illud

2167 2244 2390 2298 quoque,
2422 2237 2478 2282 et
2525 2244 2573 2284 c.
2623 2230 2700 2284 De
2733 2231 2926 2297 aliena,
2969 2241 3026 2287 et
3065 2250 3114 2288 c.
3152 2233 3400 2290 Clericos.
3444 2238 3574 2292 Illud
3604 2241 3749 2294 idem

2167 2321 2428 2389 probatur
2457 2320 2508 2384 7,
2536 2335 2590 2389 q.
2630 2321 2677 2383 1,
2705 2336 2752 2375 c.
2784 2321 2906 2375 Non
2930 2331 3156 2392 oportet,
3187 2333 3312 2379 etc.
3345 2322 3618 2393 Pervenit,
3656 2329 3747 2392 21,

2167 2425 2221 2480 q.
2255 2409 2310 2475 2,
2338 2425 2386 2464 c.
2411 2418 2466 2464 et
2495 2410 2556 2474 2;
2606 2411 2735 2465 dicit
2762 2412 2906 2465 enim
2947 2411 3055 2466 Leo
3082 2428 3217 2482 papa
3246 2415 3386 2484 quod
3414 2431 3520 2470 non
3551 2417 3749 2474 debent

2167 2501 2283 2555 dari
2315 2500 2506 2555 littera:
2532 2501 2852 2556 dimissorias
2869 2542 2884 2566 ,
2909 2503 3013 2556 nisi
3043 2505 3192 2572 prius
3219 2514 3428 2561 constet
3453 2523 3646 2576 quare,
3682 2526 3749 2564 ne

2166 2594 2283 2646 ovis
2305 2593 2514 2663 perdita
2546 2592 2848 2647 inveniatur
2876 2593 2990 2648 sine
3032 2603 3243 2664 pastore
3263 2635 3279 2660 ,
3319 2605 3379 2650 ut
3411 2597 3479 2651 72
3517 2598 3675 2665 dist.,
3699 2615 3746 2657 c.

2167 2681 2478 2753 Episcopus.

2237 2769 2497 2829 Octavum
2527 2773 2718 2827 vitium
2747 2783 2830 2829 cst
2851 2815 2864 2840 ,
2896 2777 3036 2844 quod
3078 2786 3359 2847 postquam
3410 2779 3605 2850 aliquis
3635 2797 3751 2838 mo-

2166 2864 2372 2919 nachus
2399 2863 2600 2919 resistit
2630 2865 2773 2920 vitiis
2796 2880 3004 2931 eorum,
3029 2881 3152 2921 eum
3183 2869 3429 2938 puniunt.

2235 2954 2331 3009 Est
2355 2955 2517 3009 etiam
2543 2970 2740 3009 nonum
2771 2957 2992 3022 vitium,
3041 2959 3182 3026 quod
3218 2959 3262 3013 si
3300 2960 3492 3030 aliquis
3527 2973 3751 3033 propter

485 3057 571 3106 est
591 3020 901 3119 exemptus,
927 3053 984 3102 et
1011 3059 1116 3102 non
1145 3045 1310 3100 habet
1335 3044 1498 3098 alium
1528 3007 1779 3100 abbatem
1805 3043 2062 3114 majorem
2090 3007 2135 3068 Ε
2168 3044 2271 3100 hoc
2298 3045 2592 3116 appellatur
2616 3047 2682 3100 ad
2717 3007 2998 3116 judicium:
3042 3007 3223 3104 statim
3268 3007 3406 3105 ennil
3432 3007 3748 3120 serici-gl.

485 3148 793 3212 exemptum
829 3152 994 3211 super
1018 3151 1097 3194 se.
1139 3135 1197 3194 Si
1236 3146 1322 3192 est
1346 3136 1401 3190 in
1430 3135 1672 3191 Romana
1697 3137 1870 3202 curia,
1906 3137 2066 3192 debet

485 3232 733 3291 conﬁteri
754 3231 970 3288 domino
1006 3241 1190 3302 papze,
1224 3229 1308 3284 vel
1335 3229 1452 3301 ejus
1476 3229 1877 3297 pcenitentiario
1905 3244 2066 3300 gene-

484 3324 585 3382 rali
610 3363 626 3392 ,
670 3332 730 3380 ut
757 3324 959 3381 dictum
1000 3330 1086 3380 est
1125 3322 1193 3378 de
1230 3323 1653 3393 archiepiscopo.
1697 3321 1755 3378 Si
1781 3331 1958 3378 autem
1981 3333 2065 3379 est

485 3427 724 3473 remotus
767 3416 837 3471 ab
863 3415 1108 3473 Ecclesia
1151 3413 1428 3478 Romana,
1472 3423 1650 3484 potest
1671 3413 1918 3471 conﬁteri
1946 3414 2062 3470 cui-

483 3522 697 3577 cunque
723 3507 973 3572 voluerit,
1003 3507 1132 3561 dum
1158 3513 1338 3559 tamen
1363 3504 1506 3559 ﬁdeli
1537 3514 1592 3560 et
1617 3505 1852 3560 discreto
1882 3519 2065 3560 sacer-

483 3597 595 3652 doti
617 3636 634 3664 ,
681 3604 742 3650 ut
765 3597 1025 3668 probatur
1048 3611 1136 3651 ex.
1180 3596 1246 3650 de
1279 3595 1431 3649 Pten.
1461 3594 1557 3648 ult.
1606 3594 1664 3650 Si
1695 3603 1874 3650 autem
1902 3595 2064 3649 habet

484 3687 650 3740 alium
672 3685 929 3755 majorem
957 3699 1120 3756 super
1141 3699 1219 3751 se,
1243 3684 1359 3739 sive
1379 3684 1450 3738 sit
1475 3692 1775 3754 exemptus,
1798 3684 1911 3738 sive
1931 3699 2059 3750 non,

485 3777 643 3833 debet
666 3777 716 3831 ei
745 3776 1009 3830 conﬁteri.
1051 3774 1110 3830 Si
1150 3783 1332 3829 autem
1362 3789 1468 3828 non
1509 3774 1670 3828 habet
1699 3773 1861 3828 alium
1892 3774 2060 3828 abba-

487 3878 595 3924 tem
619 3882 782 3938 super
807 3881 886 3931 se,
917 3873 974 3920 et
998 3865 1113 3935 ipse
1144 3879 1248 3919 non
1276 3872 1359 3919 est
1385 3872 1667 3934 exemptus
1684 3903 1700 3930 ,
1747 3863 1909 3918 debet
1932 3877 2060 3933 pro-

486 3961 603 4032 prio
628 3959 880 4030 episcopo
908 3957 1153 4014 conﬁteri
1180 3997 1195 4024 ,
1244 3957 1370 4026 quia
1401 3957 1512 4027 ipse
1535 3955 1899 4027 est-prmlatus
1925 3954 2057 4023 ejus,

483 4059 543 4106 ut
566 4047 908 4122 probatur“
942 4047 1092 4112 dist.,
1123 4061 1173 4102 c.
1207 4045 1416 4100 Obitum
1438 4085 1452 4110 ,
1501 4054 1556 4100 et
1584 4046 1650 4099 12
1675 4047 1823 4110 dist.,
1848 4060 1896 4098 c.
1936 4045 2058 4110 ult.,

483 4141 566 4199 vel
612 4141 679 4198 de
719 4139 933 4196 licentia
962 4137 1197 4209 episcopi
1233 4137 1334 4191 sibi
1378 4135 1541 4207 eligat
1583 4134 1975 4198 confessorem,
2003 4144 2062 4188 ut

483 4235 742 4306 probatur
769 4247 856 4287 ex.
900 4233 967 4286 de
997 4229 1149 4286 Poen.
1199 4236 1254 4284 et
1286 4228 1499 4284 remiss.
1545 4235 1603 4283 et
1634 4227 1700 4281 de
1739 4225 1890 4281 Poen.
1931 4226 2058 4282 dist.

2166 3139 2251 3193 vel
2273 3139 2770 3204 excommunicant,
2797 3139 2882 3194 vel
2910 3141 3146 3211 capiunt,
3175 3143 3228 3196 in
3257 3158 3320 3197 eo
3347 3145 3492 3212 quod
3527 3146 3751 3202 abbales

2164 3229 2424 3285 deberent
2446 3230 2646 3300 puniri.

2236 3320 2511 3374 Decimum
2528 3321 2716 3374 vitium
2739 3329 2840 3386 est,
2860 3320 2999 3391 quod
3026 3321 3247 3377 abbatcs
3267 3323 3528 3392 quosdam
3561 3341 3750 3380 mona-

2164 3413 2295 3469 chos
2323 3412 2559 3466 exaltant
2595 3428 2661 3468 ex
2687 3413 2890 3468 carnali
2916 3429 3117 3478 amore,
3165 3423 3219 3467 ct
3265 3414 3398 3469 alios
3437 3416 3750 3486 deprimunt

2163 3520 2229 3558 ex
2253 3504 2377 3558 odio
2406 3511 2459 3558 et
2486 3505 2706 3569 invidia,
2743 3513 2800 3558 ut
2829 3506 3086 3574 probatur
3112 3504 3195 3568 15,
3229 3521 3282 3574 q.
3313 3506 3367 3570 7,
3397 3523 3448 3560 c.
3477 3507 3527 3560 l.

2234 3595 2329 3649 Est
2354 3603 2531 3649 autem
2562 3595 2903 3648 undecimum
2931 3595 3122 3649 vitium
3143 3635 3156 3656 ,
3187 3596 3329 3665 quod
3362 3597 3464 3665 ipsi
3495 3597 3596 3651 sub
3629 3611 3748 3667 spe-

2161 3686 2246 3740 cie
2286 3685 2501 3754 pictatis
2530 3685 2751 3754 palliant
2785 3685 3114 3754 impietatem
3139 3725 3153 3750 ,
3205 3685 3409 3740 scilicet
3457 3688 3747 3741 occasione.

2162 3776 2378 3845 hospitii
2409 3776 2736 3830 manducant
2765 3784 2918 3829 extra
2944 3775 3287 3830 refectorium
3312 3790 3506 3830 carnes
3535 3776 3742 3830 insulﬁ-

2161 3868 2382 3931 cienter,
2428 3875 2483 3921 et
2529 3882 2635 3921 non
2682 3867 2901 3921 veniunt
2940 3866 3008 3919 ad
3038 3866 3358 3930 matutinas,
3408 3881 3511 3920 nec
3541 3867 3607 3920 ad
3636 3866 3743 3922 olli-

2159 3961 2326 4024 cium,
2350 3968 2404 4014 et
2430 3959 2678 4014 monachi
2710 3959 3012 4013 moriuntur
3039 3958 3203 4024 fante,
3239 3959 3330 4028 qui
3358 3967 3582 4029 portant
3603 3975 3740 4029 pon-

2161 4048 2260 4103 dus
2280 4046 2436 4102 ollicii
2463 4048 2568 4101 diei
2598 4056 2654 4101 et
2675 4055 2857 4101 cestus.

2230 4142 2325 4196 Est
2347 4149 2526 4195 autem
2555 4140 2927 4194 duodecimum
2947 4180 2962 4204 ,
2994 4139 3138 4208 quod
3170 4139 3489 4210 permittunt
3515 4140 3738 4208 quibus~

2160 4234 2283 4288 dam
2333 4233 2616 4287 monachis
2659 4231 2858 4284 habere
2885 4231 3197 4300 pecuniam,
3229 4238 3418 4285 contra
3449 4233 3743 4285 auctorita-

485 4323 568 4389 16,
617 4337 666 4380 c.
721 4321 950 4376 Placuit.
1013 4320 1149 4377 Cum
1195 4319 1354 4375 aliter
1379 4333 1486 4373 non
1526 4319 1696 4388 possit
1728 4317 1908 4390 ligari,
1961 4333 2061 4373 nec
2091 4346 2136 4405 ο
2165 4333 2270 4378 tem
2317 4332 2626 4378 sanctorum
2667 4321 2886 4376 Patrum
2913 4361 2929 4386 ,
2971 4329 3031 4374 ut
3069 4321 3330 4391 probatur
3359 4337 3449 4376 ex.
3491 4322 3558 4375 de
3585 4321 3741 4376 Statu

479 4413 639 4480 solvi,
665 4421 724 4467 ut
752 4413 803 4467 in
828 4412 1100 4483 pratdictis
1116 4410 1349 4480 juribus,
1376 4408 1481 4465 nisi
1497 4407 1678 4463 forsan
1705 4415 1850 4464 esset
1876 4407 2059 4478 regula

479 4504 752 4562 contraria
783 4511 837 4558 et
865 4517 895 4556 a
921 4515 1130 4556 summo
1158 4499 1412 4570 pontiﬁce
1441 4499 1766 4569 approbata;
1799 4498 1940 4553 sicut
1961 4499 2059 4552 ha-

481 4597 611 4653 bent
658 4592 857 4649 fratres
899 4591 1286 4649 Cistercicnses
1333 4591 1424 4661 qui
1481 4590 1771 4645 secundum
1818 4588 2058 4660 regulam

481 4688 581 4746 sibi
608 4686 810 4744 faciunt
839 4685 1220 4742 confessorem.
1274 4682 1424 4738 Licet
1451 4682 1596 4736 enim
1621 4681 1790 4735 multa
1819 4681 1926 4735 sint
1959 4679 2056 4734 ab-

481 4779 664 4835 batum
706 4777 837 4832 vitia
863 4818 878 4843 ,
929 4792 1048 4848 qua:
1091 4781 1317 4846 possunt
1351 4775 1452 4829 sub
1481 4785 1706 4826 numero
1730 4768 2054 4849 computari,

483 4879 661 4924 tamen
687 4881 856 4938 pauca
897 4883 962 4922 ex
998 4867 1077 4922 eis
1105 4867 1340 4922 breviter
1362 4862 1805 4936 perstringamus,
1857 4861 1924 4915 ad
1952 4860 2055 4915 hoc

480 4963 624 5032 quod
647 4957 840 5016 futuris
875 4959 1082 5016 cautela
1107 4960 1269 5016 tutior
1295 4965 1645 5030 prmparetur.

549 5051 792 5107 Primum
830 5059 914 5105 est
941 5051 1132 5104 vitium
1177 5047 1506 5120 principale,
1551 5047 1693 5118 quod
1737 5054 1795 5102 ut
1832 5047 2055 5103 abbates

481 5131 645 5211 llant',
687 5139 924 5214 regulam
950 5146 1258 5204 assumunt,
1304 5146 1492 5194 contra
1517 5137 1893 5193 auctoritatem
1925 5153 2054 5191 san-

477 5247 686 5294 ctorum
710 5233 953 5299 Patrum,
988 5239 1046 5288 ut
1076 5233 1339 5304 probatur
1368 5229 1455 5297 16,
1486 5245 1541 5301 q.
1572 5229 1624 5296 7,
1655 5245 1706 5284 c.
1738 5226 1844 5282 Per
1864 5227 2045 5291 laicos,

477 5329 567 5385 ubi
598 5328 794 5384 dicitur
813 5325 957 5398 quod
999 5323 1179 5380 nullus
1215 5322 1461 5380 habitum
1484 5321 1762 5391 suscipiat,
1785 5335 1934 5389 spem
1958 5327 2053 5373 aut

475 5417 882 5488 promissionem
909 5415 1145 5482 habens,
1193 5420 1254 5470 ut
1277 5413 1445 5469 abbas
1467 5411 1579 5467 ﬁat.
1619 5410 1754 5465 Nam
1781 5409 1918 5465 tales
1944 5425 2050 5464 non

476 5509 756 5565 intendunt
783 5505 1037 5563 sarculum
1069 5502 1258 5578 fugare
1281 5542 1296 5569 ,
1349 5501 1444 5558 sed
1484 5509 1714 5566 mutare,
1765 5506 1823 5554 ut
1857 5498 2052 5572 proba-

479 5609 562 5653 tur
584 5597 674 5652 55.

2164 4415 2430 4469 monachi.

2232 4507 2326 4561 Est
2372 4513 2550 4560 autem
2593 4505 2859 4561 decimum
2903 4507 3121 4561 tertium
3148 4507 3337 4561 vitium
3363 4547 3378 4572 ,
3430 4508 3574 4577 quod
3613 4507 3738 4575 jura

2161 4597 2484 4666 episcOpalia
2522 4613 2628 4651 non
2667 4604 2909 4652 metuunt
2953 4611 3235 4668 usurpare,
3281 4605 3342 4650 ut
3362 4598 3628 4667 probatur
3652 4597 3734 4663 16,

2159 4704 2214 4759 q.
2251 4688 2301 4753 1,
2330 4703 2378 4743 c.
2408 4687 2666 4741 Pervenit.

2232 4777 2356 4833 Haec
2377 4777 2423 4833 si
2460 4779 2670 4833 notoria
2705 4786 2866 4843 sunt,
2917 4778 3168 4848 episcopo
3208 4778 3407 4832 debent
3444 4778 3730 4838 conﬁteri:

2156 4866 2259 4920 alia
2286 4873 2499 4931 autem,
2530 4874 2590 4920 ut
2633 4865 2699 4920 de
2743 4865 2893 4937 lapsu
2943 4866 3122 4921 carnis
3168 4874 3468 4933 taceantur,
3515 4876 3735 4938 possunt

2155 4955 2421 5023 conﬁteri,
2453 4956 2499 5012 si
2529 4963 2654 5011 sunt
2680 4963 2907 5020 secreta,
2927 4956 3144 5026 proprio
3172 4954 3504 5022 confessori,
3538 4972 3729 5012 secuno

2155 5049 2283 5103 dum
2311 5046 2706 5102 distinctionem
2740 5047 2987 5115 superius
3012 5051 3383 5114 przenotatam.

2155 5139 2231 5194 De
2265 5136 2583 5208 confessione
2611 5137 3017 5202 monachorum,
3046 5144 3094 5188 et
3139 5135 3225 5188 cui
3253 5133 3438 5187 debent
3475 5133 3727 5202 conﬁteri.

2759 5225 2861 5298 (Ex
2894 5241 3012 5297 cap.
3043 5225 3124 5297 8.)

2225 5318 2436 5375 Dictum
2461 5325 2545 5373 est
2569 5318 2816 5389 superius
2849 5318 2914 5372 de
2943 5315 3219 5372 monachis
3246 5323 3301 5371 et
3337 5316 3404 5371 de
3437 5313 3728 5370 confessio-

2156 5412 2314 5467 nibus
2339 5412 2671 5475 eorumdem,
2709 5425 2851 5465 nunc
2872 5409 3152 5464 dicendum
3177 5415 3262 5464 est
3281 5409 3494 5479 plenius
3525 5407 3612 5463 cui
3637 5406 3727 5460 de-

2154 5503 2316 5560 beant
2338 5500 2603 5558 conﬁteri.
2633 5500 2702 5555 Et
2725 5508 2808 5556 est
2833 5501 3119 5556 tenendum
3143 5501 3285 5570 quod
3307 5498 3487 5554 abbati
3509 5495 3726 5569 proprio

2156 5591 2386 5649 debeant
2407 5589 2666 5657 conﬁteri,
2691 5590 2784 5661 qui
2803 5591 2960 5648 debet
2977 5591 3116 5647 scire
3135 5590 3494 5662 appositiones
3519 5601 3722 5652 eorum,
