3924 6180
314 227 451 289 1101

1230 211 1598 279 EXCERPTA
1632 205 1726 272 nx
1763 198 2273 271 PtENt‘rrLNTIALt
2310 205 2358 267 J.
2399 211 2484 268 DE
2523 206 2676 267 nso.

3430 206 3566 260 1102

310 361 374 408 et
405 348 596 422 quales
627 343 956 400 intrinsecus
977 346 1133 422 sunt,
1166 348 1224 392 ut
1252 345 1339 422 ex.
1374 344 1431 392 et
1462 349 1536 398 c.,
1561 347 1683 387 cum
1703 343 1891 386 eorum
1917 327 1968 387 Δ
1995 326 2126 380 bent
2149 325 2346 396 puniri.
2380 322 2534 392 Quod
2561 326 2607 380 si
2625 333 2807 380 essent
2828 323 3059 389 occulta,
3086 324 3152 379 de
3180 324 3264 379 his
3288 323 3568 395 recolligo:

313 416 490 497 abbas
520 436 718 494 habeat
759 447 946 490 eorum
971 416 1106 486 velle
1134 437 1188 483 et
1216 420 1386 492 nolle,
1417 438 1579 496 quem
1608 421 1709 477 sibi
1732 424 1896 489 super

315 521 499 603 capita
525 543 623 586 sua
647 532 943 598 posuerunt
963 511 1083 577 loco
1271 526 1332 603 ut
1354 517 1615 588 probatur
1645 512 1733 576 i2,
1760 512 1812 576 1,
1843 524 1893 565 c.

319 597 486 690 Nolo.
514 627 573 675 et
593 597 795 675 c.7Non
815 614 1023 677 dicatis,
1067 619 1122 667 et
1147 599 1213 665 l3
1238 597 1388 672 dist.,
1412 621 1462 662 c.
1494 603 1658 660 Nervi
1686 602 1898 655 testicu-

316 720 513 772 lorum.
552 713 793 784 Apparet
822 706 965 779 quod
1009 705 1189 760 abbati
1230 702 1463 758 debeant
1497 696 1743 756 coniiteri
1779 692 1899 750 loco

319 803 441 865 Dei.
470 807 622 862 Licet
645 808 826 858 autem
871 795 1039 853 multa
1075 795 1181 850 sint
1209 790 1342 848 vitia
1368 786 1784 850 monachorum,
1812 790 1896 838 ta-

319 912 449 958 men
475 906 601 957 sunt
625 894 867 967 quaedam
895 887 1232 962 principalia,
1273 900 1306 941 a
1341 883 1538 954 quibus
1562 893 1777 937 cessare
1806 876 1901 933 de-

318 995 476 1059 bent,
501 1006 621 1063 qua:
645 985 821 1044 sancti
846 984 1041 1039 Patres
1064 976 1521 1051 quamplurimum
1547 974 1899 1028 detestantur.

395 1058 637 1139 Primum
664 1085 748 1134 est
764 1115 779 1142 ,
823 1073 967 1145 quod
990 1070 1306 1141 conspth
1334 1073 1528 1122 contra
1550 1062 1822 1123 abbatem,
1853 1058 1902 1115 si

321 1178 537 1232 nitatur
552 1169 847 1239 corrigere,
880 1170 937 1220 et
962 1175 1088 1217 eum
1110 1159 1300 1214 volunt
1322 1145 1620 1225 deponere,
1654 1157 1712 1205 et
1735 1147 1899 1203 alium

322 1269 528 1329 facere,
559 1262 653 1332 qui
676 1270 802 1315 snas
829 1254 1059 1324 ineptias
1081 1250 1259 1308 valeat
1282 1245 1590 1309 mutavere,
1616 1250 1678 1297 ut
1705 1239 1902 1311 proba.

324 1370 419 1415 tur
447 1356 535 1422 l8,
566 1371 621 1425 q.
648 1353 706 1418 2,
747 1364 797 1406 c.
824 1350 915 1405 ubi
944 1345 1144 1403 dicitur
1179 1341 1322 1412 quod
1368 1337 1514 1393 nulla
1552 1340 1795 1405 potestas
1816 1344 1905 1386 re-

324 1458 575 1510 maneret
601 1445 801 1509 abbati,
826 1442 872 1496 si
894 1436 1179 1495 monachis
1207 1431 1435 1503 coeperit
1461 1425 1760 1496 subjacere.

403 1532 708 1595 Secundum
735 1532 921 1587 vitiu’m
944 1536 1062 1594 est,
1106 1521 1248 1595 quod
1273 1518 1590 1589 conspirant
1608 1525 1824 1586 quoque
1847 1509 1905 1565 in

328 1640 583 1693 mortem,
605 1628 745 1683 sicut
774 1623 847 1679 illi
867 1620 959 1692 qui
986 1614 1372 1687 conspirahant
1393 1613 1449 1666 in
1469 1615 1697 1665 mortem
1721 1602 1782 1658 S.
1805 1601 1910 1657 Be-

328 1719 529 1781 nedicti
556 1726 649 1775 :et
675 1713 809 1772 tales
835 1720 961 1769 sunt
986 1708 1214 1766 infames
1230 1747 1245 1773 ,
1273 1713 1336 1761 ut
1367 1703 1630 1774 probatur
1649 1698 1738 1763 11,
1763 1711 1819 1767 q.
1845 1694 1903 1759 1,

329 1834 384 1873 c.
410 1811 884 1884 Couspirationum.

404 1925 646 1982 Tertium
673 1921 862 1977 vitium
890 1925 976 1973 est
993 1957 1008 1984 ,
1054 1913 1199 1986 quod
1223 1912 1428 1970 habent
1454 1910 1723 1965 incautam
1752 1901 1909 1958 fami-

331 2016 623 2072 liaritatem
650 2025 772 2067 cum
797 2007 1130 2070 mulieribus,
1153 2016 1286 2074 quas
1311 2000 1414 2057 sibi
1440 1997 1647 2054 faciunt
1673 2006 1910 2051 comma-

332 2116 450 2165 tres
473 2112 661 2162 contra
689 2098 1063 2156 auctoritatem
1086 2100 1401 2152 sanctorum
1417 2088 1660 2150 Patrum,
1692 2094 1799 2141 etc.

404 2220 670 2289 Quartum
714 2213 905 2269 vitium
942 2218 1048 2276 est,
1091 2207 1236 2281 quod
1266 2197 1482 2261 incaute
1518 2198 1910 2289 conversantur

328 2283 464 2371 cum
482 2309 824 2374 monialibus,
847 2312 1040 2362 contra
1068 2289 1442 2357 auctoritatem
1467 2303 1777 2351 sanctorum
1808 2283 1909 2346 Pa-

334 2419 501 2464 trum.
530 2403 619 2470 i'B,
644 2417 701 2472 q.
738 2401 796 2466 2,
821 2414 871 2455 c.
899 2393 1237 2452 Muscam-ia.

404 2518 666 2587 Quintum
689 2513 881 2569 vitium
899 2516 1016 2573 est,
1046 2504 1189 2577 quod
1216 2518 1325 2560 non
1365 2501 1692 2557 erubescunt
1720 2469 1904 2551 matre

331 2612 579 2669 monium
612 2604 932 2664 contrahere
974 2608 1160 2656 contra
1185 2594 1564 2651 auctoritatem
1591 2596 1905 2645 sanctorum

411 2907 638 2965 Sextum
671 2902 861 2960 vitium
885 2910 992 2966 est,
1021 2895 1167 2969 quod
1191 2892 1379 2952 volunt
1404 2887 1590 2961 vagari
1618 2892 1773 2944 extra
1798 2897 1914 2939 mo-

1997 415 2163 470 vitam
2193 420 2577 472 monachorum
2600 428 2698 485 per
2722 417 2856 472 istos
2881 430 3106 471 versus:

2118 549 2417 602 ingrediens
2439 548 2707 600 claustrum
2731 550 2957 601 meditari
2981 563 3120 600 sacra
3143 558 3436 602 memento:

2119 564 2417 660 kopremeus
2439 564 2707 600 claustrum
2731 564 2957 601 meditari
2981 564 3120 600 sacra
3143 564 3332 599 memon

2121 618 2199 676 __l_
2221 611 2426 661 mortale
2451 623 2615 676 geras,
2637 613 2725 661 sed
2748 625 2946 676 semper
2968 613 3161 676 sobrius
3182 619 3292 661 esto
3315 620 3332 663 :

2121 670 2201 747 El"
2229 673 2656 747 E°P“‘°‘!'¢“1"'»
2681 676 2725 747 si.
2748 670 3291 747 mineruae?!”

2121 733 2424 796 gorticiuum
2449 734 2618 794 fuerit,
2640 733 2725 796 'qul
2752 735 2848 784 voti
2872 733 3068 796 pra'mia
3094 733 3259 784 tollit:

2117 794 2203 848 ιω
2224 794 2434 848 fortasse
2448 796 2584 860 juvat
2604 794 2855 859 satagere,
2874 794 2921 846 si
2940 796 3202 846 recidivae.

2468 901 2547 957 De
2568 902 2870 974 pertinatia
2893 901 3099 957 decerni.

2596 1013 2696 1088 (Ex
2737 1028 2855 1085 cap.
2886 1013 2967 1085 9.)

2070 1151 2149 1205 De
2169 1148 2486 1221 panitentia
2512 1150 2704 1207 decani
2730 1151 2807 1207 ita
2830 1160 3047 1219 teneas,
3076 1150 3218 1223 qnod
3237 1146 3365 1210 licet
3391 1152 3571 1211 archi-

2000 1243 2261 1300 diaconus
2279 1240 2452 1311 major
2470 1241 2543 1296 sit
2564 1241 2632 1297 de
2661 1241 2780 1313 lege
2802 1244 3075 1299 communi
3093 1252 3217 1315 post
3234 1244 3570 1316 episcopum,

1999 1339 2061 1388 ut
2080 1331 2338 1404 probatur
2386 1346 2476 1386 ex.
2525 1332 2592 1387 de
2632 1331 2925 1403 Appellat,
2964 1347 3015 1389 c.
3040 1332 3369 1399 Constituis,
3395 1343 3574 1391 tamen

1999 1422 2255 1492 episcopo
2279 1420 2475 1477 debeat
2495 1419 2740 1477 conﬁteri
2755 1461 2772 1487 ,
2820 1421 2907 1477 vel
2925 1422 2993 1478 de
3020 1422 3138 1494 ejus
3174 1423 3389 1479 licentia
3410 1422 3578 1480 alium

2001 1512 2105 1568 sibi
2130 1511 2329 1584 eligere
2347 1510 2732 1577 confessorem,
2755 1511 2923 1569 etiam
2947 1512 2991 1567 si
3013 1512 3422 1569 archidiaconus
3445 1510 3580 1570 fuis-

2005 1609 2091 1657 set
2126 1602 2434 1695 presbyter.
2495 1601 2728 1658 Peccant
2761 1610 2944 1658 autem
2975 1602 3166 1695 decani
3199 1602 3256 1657 in
3294 1601 3382 1658 his
3407 1601 3581 1661 tribus

2007 1694 2259 1766 graviter.

2074 1777 2276 1842 Primo,
2307 1778 2434 1848 quia
2461 1786 2586 1834 sunt
2615 1765 2816 1834 infensi
2844 1777 2957 1834 suis
2985 1770 3273 1848 episcopis,
3308 1781 3416 1833 etc.

2076 1868 2342 1933 Secundo,
2373 1869 2502 1939 quia
2538 1869 2723 1924 volunt
2752 1868 2821 1924 ad
2855 1868 3216 1924 sacerdotium
3254 1867 3581 1938 promoveri,

2004 1978 2129 2018 cum
2159 1961 2259 2032 ipsi
2284 1963 2586 2033 presbyteri
2614 1962 2873 2018 deberent
2897 1974 3048 2027 esse,
3075 1971 3183 2018 etc.

2076 2053 2285 2121 Tertio,
2333 2054 2460 2124 quia
2502 2052 2663 2109 valde
2708 2053 2949 2122 superbi,
2988 2062 3044 2108 et
3090 2051 3409 2109 conculcant
3449 2049 3585 2106 alios

2007 2147 2279 2218 simplices
2328 2154 2385 2201 et
2431 2145 2718 2201 litteratos.
2786 2143 2936 2201 Unde
2975 2143 3136 2198 hodie
3171 2156 3313 2211 sape
3357 2150 3588 2212 surgunt

2005 2239 2151 2305 odia,
2190 2247 2247 2294 et
2285 2238 2573 2295 homicidia
2611 2244 3011 2309 perpetrantur,
3052 2250 3172 2304 qua:
3204 2233 3346 2304 juris
3383 2235 3583 2305 proba-
3643 2251 3654 2260 ·

2008 2330 2155 2385 tione
2189 2343 2297 2384 non
2330 2328 2574 2399 indigent
2605 2345 2619 2382 :
2651 2328 2779 2398 quia
2809 2327 2876 2383 de
2915 2325 3062 2382 facto
3104 2340 3247 2397 saepe
3279 2325 3476 2396 saepius
3502 2332 3589 2380 est

2007 2428 2364 2492 compertum.
2413 2407 2473 2474 Si
2502 2433 2636 2489 ergo
2674 2418 2730 2473 in
2774 2416 2970 2472 talibus
3007 2415 3373 2488 peccaverint,
3417 2413 3503 2470 vel
3530 2413 3585 2470 in

2007 2511 2132 2566 aliis
2150 2508 2526 2565 consimilibus
2551 2548 2567 2573 ,
2608 2517 2670 2563 ut
2701 2507 2768 2564 de
2794 2506 3000 2564 carnali
3047 2506 3201 2576 lapsu
3245 2512 3512 2573 taceatur,
3539 2519 3590 2562 st

2008 2600 2280 2657 notarium
2304 2608 2409 2663 est,
2435 2613 2536 2668 per
2557 2598 2866 2668 episcopum
2893 2598 3091 2654 debent
3106 2596 3324 2667 corrigi,
3354 2603 3410 2652 et
3426 2609 3590 2667 agere

1892 2720 1907 2733 -
2009 2690 2383 2763 paenitentiam
2410 2697 2780 2759 competenter
2806 2704 2822 2743 :
2849 2689 2896 2743 si
2924 2696 3105 2744 autem
3133 2687 3366 2751 occulte,
3392 2686 3590 2742 debent

2012 2781 2294 2851 pmnitere,
2344 2788 2400 2835 et
2427 2780 2675 2835 conﬁteri
2702 2781 2981 2852 episcopo,
3012 2779 3095 2835 vel
3125 2778 3283 2834 alteri
3312 2778 3431 2835 loco
3450 2775 3590 2847 ejus,

2014 2880 2075 2927 ut
2093 2872 2352 2943 probatur
2373 2871 2439 2926 de
2464 2869 2619 2925 Pmn.
2648 2870 2774 2926 dist.
2801 2869 2854 2938 l,
2880 2884 2932 2925 c.
3041 2863 3045 2867 ’

3092 2936 3113 2953 Ι

338 3002 637 3059 nasterium
659 2999 774 3055 sine
801 2995 1011 3051 abbatis
1039 2989 1252 3048 licentia
1271 3026 1289 3053 ,
1322 2992 1510 3043 contra
1539 2979 1913 3037 auctoritatem
1937 3001 1989 3066 ο
2052 2983 2131 3038 De
2150 2980 2457 3052 minitantia
2482 2981 2865 3047 archidiaconi,
2897 2989 2947 3035 et
2972 2980 3058 3035 cui
3082 2979 3269 3034 debeat
3296 2979 3553 3050 conﬁteri.

336 3101 654 3152 sanctorum
684 3090 901 3147 Patrum
925 3126 943 3153 ,
988 3093 1049 3139 ut
1083 3080 1344 3153 probatur
1375 3076 1461 3142 l6,
1506 3090 1560 3147 q.
1602 3073 1656 3138 l,
1682 3086 1731 3127 c.
1781 3067 1914 3125 Cum

335 3183 558 3255 quidam
580 3177 842 3251 monachi.

415 3294 717 3364 Septimum
742 3290 933 3345 vitium
960 3295 1063 3350 est,
1091 3282 1235 3355 quod
1258 3281 1443 3336 volunt
1461 3292 1582 3334 esse
1604 3270 1763 3333 otiosi
1783 3289 1916 3331 con—

341 3399 430 3445 tra
457 3384 828 3443 auctoritatem
862 3386 1169 3435 sanctorum
1208 3372 1461 3437 Patrum;
1512 3369 1636 3440 quia
1673 3367 1918 3423 otiositas

335 3486 402 3534 et
422 3475 667 3545 voluptas
687 3484 839 3526 arma
860 3474 987 3523 sunt
1013 3464 1183 3521 hostis
1212 3459 1443 3532 antiqui,
1464 3468 1526 3515 ut
1548 3458 1808 3529 probatur
1826 3470 1912 3511 ex.

339 3569 415 3625 de
444 3567 716 3628 Renum,
738 3568 845 3618 etc.
1149 3556 1154 3565 ’

417 3679 680 3738 Octavum
718 3677 907 3732 vitium
947 3681 1051 3738 est,
1097 3670 1238 3742 quod
1273 3668 1458 3725 volunt
1486 3666 1769 3723 cornedere
1794 3671 1919 3719 car-

342 3787 485 3835 nes,
525 3784 648 3826 cum
692 3768 804 3823 sint
841 3765 963 3821 sani
1008 3763 1126 3818 sine
1168 3761 1344 3831 aliqua
1385 3757 1705 3814 necessitate
1730 3762 1916 3810 contra

346 3861 723 3919 auctoritatem
749 3866 1060 3912 sanctorum
1080 3852 1323 3915 Patrum,
1340 3848 1667 3920 utprobatur
1689 3845 1755 3899 de
1778 3842 1919 3899 Con-

340 3959 549 4012 secrat.
576 3950 727 4015 dicit,
755 3948 807 4012 5,
837 3963 887 4002 c.
918 3943 1169 4009 Camena,
1208 3941 1301 3998 ubi
1328 3939 1620 4010 imponitur
1641 3940 1723 3992 eis
1746 3935 1921 4006 poeni-

348 4044 517 4099 tentia
546 4056 638 4096 sex
663 4038 948 4095 mensium.

419 4150 629 4207 Nonum
651 4147 841 4202 vitium
882 4152 1007 4209 est,
1046 4143 1189 4213 quod
1209 4140 1397 4197 volunt
1425 4138 1539 4195 suis
1563 4137 1724 4194 sociis
1751 4135 1921 4192 domi-

342 4245 491 4309 nari,
522 4240 747 4299 dicendo
766 4253 824 4294 se
855 4236 1057 4292 nobiles
1083 4241 1137 4289 et
1156 4233 1420 4289 litteratos
1439 4272 1454 4295 ,
1486 4230 1629 4300 quod
1651 4227 1802 4283 valde
1832 4242 1920 4282 re-

2599 3092 2713 3167 (Ex
2741 3105 2860 3164 cap.
2892 3088 3004 3163 ιο.)

2082 3206 2159 3267 De
2187 3200 2503 3281 pmuitentia
2531 3203 2897 3262 archidiaconi
2926 3205 3005 3260 sic
3027 3208 3247 3270 teneas,
3285 3211 3344 3259 et
3384 3202 3452 3259 de
3470 3201 3595 3272 jure

2015 3302 2288 3361 communi
2321 3316 2418 3356 suo
2445 3300 2605 3354 debet
2631 3298 2884 3368 episcopo
2918 3288 3182 3360 cnnﬁteri,
3227 3310 3351 3350 cum
3386 3295 3499 3365 ipse
3524 3295 3593 3349 sit

2015 3395 2207 3466 major.
2237 3392 2473 3448 Peccant
2499 3389 2863 3445 archidiaconi
2893 3386 3197 3459 specialiter
3223 3387 3278 3441 in
3300 3386 3423 3443 istis
3440 3400 3555 3440 sex.

2085 3487 2288 3551 Primo,
2338 3484 2467 3555 quia
2508 3483 2697 3538 volunt
2729 3481 2907 3537 facere
2942 3471 3194 3537 collectas
3219 3491 3273 3534 tn
3311 3478 3592 3550 presbyte-

2018 3596 2109 3636 ros
2139 3587 2327 3635 contra
2354 3575 2730 3633 auctoritatem
2763 3582 3095 3635 sanctorum,
3134 3579 3193 3626 ut
3234 3571 3492 3638 probatur
3523 3570 3597 3625 24

2018 3679 2168 3743 disL,
2192 3692 2242 3734 ε.
2272 3675 2377 3735 ult.

2092 3769 2361 3833 Secundo,
2386 3767 2509 3837 quia
2533 3766 2720 3822 volunt
2742 3763 2944 3820 habere
2963 3759 3249 3834 pecuniam
3273 3757 3359 3815 vel
3378 3772 3597 3813 vaccam

2020 3862 2197 3917 albam
2238 3873 2337 3930 pro
2376 3857 2711 3912 investituris
2747 3852 3130 3913 ecclesiarum,
3172 3849 3259 3906 vel
3304 3846 3596 3904 beneﬁcio-

2023 3968 2167 4017 rum,
2210 3950 2292 4004 vel
2332 3965 2428 4020 pro
2461 3948 2746 4004 abbatibus
2782 3945 2868 4001 vel
2908 3942 3196 4000 abbatissis
3236 3940 3502 4012 ponendis
3543 3939 3597 3993 in

2023 4045 2177 4107 sedc,
2216 4052 2404 4099 contra
2432 4041 2807 4096 auctoritatem
2837 4044 3148 4091 sanctorum
3181 4032 3425 4097 Patrum,
3455 4038 3560 4085 etc.

2093 4136 2300 4200 Tertio,
2323 4134 2467 4204 quod
2496 4146 2621 4187 cum
2648 4125 3118 4183 excommunicant
3147 4121 3356 4191 aliquos
3378 4127 3601 4190 propter

2025 4227 2257 4298 aliquem
2285 4238 2587 4285 excessum,
2612 4218 2805 4274 nolunt
2829 4230 2955 4271 eum
2994 4212 3273 4269 absolvere
3299 4212 3416 4267 sine
3438 4224 3602 4281 pecu-

349 4344 556 4392 motum
583 4339 667 4388 est
710 4347 741 4386 a
784 4320 966 4401 regula
1000 4313 1331 4387 monachaii,
1380 4329 1439 4377 ut
1459 4321 1718 4391 probatur
1741 4334 1827 4373 ex.
1857 4319 1923 4373 de
1950 4345 2002 4404 υ
2025 4321 2117 4375 nia
2141 4337 2155 4372 :
2189 4327 2243 4373 et
2270 4318 2371 4372 hoc
2399 4314 2752 4371 simoniacam
2798 4318 2903 4374 est,
2933 4316 2995 4362 ut
3022 4305 3281 4376 probatur
3304 4304 3358 4369 l,
3384 4316 3440 4373 q.
3468 4302 3521 4369 1,
3545 4316 3597 4354 ε.

345 4426 505 4482 Statu
532 4416 699 4495 regni.
729 4437 779 4477 c.

421 4515 698 4570 Decimum
725 4508 915 4566 vitium
939 4514 1023 4564 est
1040 4547 1055 4573 ,
1093 4503 1237 4575 quod
1271 4500 1457 4558 volunt
1480 4501 1681 4556 habere
1703 4497 1924 4554 cellulas

348 4609 647 4678 separatas,
671 4610 725 4658 et
744 4599 931 4657 volunt
949 4598 1129 4654 facere
1152 4594 1533 4651 abstinentiam
1554 4598 1741 4647 contra
1776 4598 1926 4644 com-

347 4708 571 4753 munem
603 4693 860 4766 regulam,
891 4698 952 4746 'ut
973 4690 1232 4762 probatur
1247 4685 1338 4752 20,
1370 4701 1424 4757 q.
1454 4682 1509 4748 4,
1539 4697 1589 4737 ε.
1627 4680 1922 4735 Monachis.

422 4782 779 4846 Undecimum
807 4776 995 4837 vitium
1020 4786 1125 4844 est,
1161 4775 1305 4848 quod
1324 4775 1511 4830 volunt
1534 4771 1735 4827 habere
1761 4783 1928 4841 pecu-

347 4876 507 4946 lium,
533 4879 675 4949 quod
700 4874 848 4930 nullo
871 4872 1031 4927 modo
1055 4869 1135 4926 eis
1160 4869 1305 4924 licet.
1344 4864 1550 4921 Debent
1575 4862 1628 4917 in
1658 4870 1833 4916 morte
1870 4859 1928 4915 in

346 4965 696 5043 sterquilinio
718 4963 959 5037 sepeliri,
984 4970 1046 5019 ut
1070 4962 1329 5033 probatur
1351 4968 1438 5013 ex.
1464 4956 1530 5012 de
1551 4950 1710 5010 Statu
1732 4950 1924 5024 regul.,

352 5080 404 5122 c.
435 5059 697 5115 Nonacltt'.

429 5148 813 5207 Duodecimum
857 5145 1048 5201 vitium
1090 5149 1194 5208 est,
1230 5139 1372 5211 quod
1411 5142 1494 5193 est
1522 5135 1761 5210 gravius,
1785 5134 1930 5205 quod

354 5238 611 5295 monachi
636 5235 927 5293 detrahunt
947 5242 1007 5289 se
1031 5232 1099 5287 ad
1116 5232 1368 5293 invicem,
1391 5236 1451 5282 ut
1471 5227 1679 5298 possint
1697 5225 1926 5280 cadere:

354 5336 416 5388 et
440 5328 521 5386 sic
538 5335 667 5383 sunt
686 5325 995 5400 spirituales
1017 5321 1316 5379 homicidae.

430 5411 558 5474 litae
581 5428 710 5491 ergo
736 5424 793 5473 et
819 5406 1016 5472 similia
1041 5404 1236 5468 debent
1256 5409 1504 5465 monachi
1534 5408 1776 5464 evitare:
1809 5413 1863 5461 et
1882 5406 1928 5462 si

359 5508 416 5564 in
449 5508 531 5564 eis
553 5507 847 5564 ceciderint
885 5504 968 5560 vel
1003 5504 1055 5559 in
1098 5500 1276 5573 aliquo
1302 5499 1722 5570 praemissorum,
1750 5496 1929 5553 abbati

360 5597 559 5653 debent
582 5596 824 5655 confiteri
852 5637 865 5659 ,
915 5594 996 5649 vel
1036 5592 1191 5648 ιιιὶσηί
1236 5590 1354 5645 loco
1378 5588 1511 5656 eius,
1542 5597 1595 5643 et
1625 5588 1806 5643 acrius
1830 5586 1928 5643 de-

2029 4410 2256 4478 Quilibet
2281 4423 2422 4477 ergo,
2449 4413 2584 4459 etc.
2617 4400 2812 4457 Nullus
2832 4400 3118 4471 episcopus.

2096 4501 2320 4568 Quarto,
2373 4497 2499 4568 quia
2547 4493 2786 4549 vendunt
2805 4488 3235 4559 jurisdictioncm
3271 4502 3426 4543 suam
3457 4486 3597 4550 aliis.

2023 4591 2120 4663 qui
2148 4594 2473 4658 extorquent
2515 4583 2799 4655 pecuniam
2840 4597 2871 4637 a
2905 4579 3277 4636 sacerdotibus
3318 4592 3416 4649 per
3463 4576 3602 4646 inju-

2027 4687 2164 4741 riam
2190 4689 2246 4739 et
2263 4680 2625 4737 Simoniacam
2648 4674 2992 4745 pravitatem,
3036 4680 3098 4726 ut
3120 4670 3384 4741 probatur
3402 4684 3491 4725 ex.
3518 4668 3602 4723 Ne

2026 4773 2231 4848 prwlati
2250 4773 2383 4828 vim
2405 4785 2550 4831 ruas,
2570 4781 2621 4822 c.
2638 4763 2922 4828 Praeterea,
2944 4771 3002 4818 et
3022 4778 3072 4818 c.
3092 4761 3244 4818 Cum.

2098 4866 2314 4934 Quinto,
2354 4861 2479 4933 quia
2507 4858 2697 4914 nolunt
2721 4855 2801 4929 ad
2828 4854 3161 4911 diacoualem
3203 4853 3448 4910 ordinem
3478 4867 3602 4924 pro-

2028 4955 2253 5020 moveri,
2276 4961 2463 5010 contra
2489 4947 2777 5006 concilium
2805 4945 3057 5001 Lateran.
3081 4959 3170 4999 ex.
3198 4943 3263 4998 de
3289 4941 3598 5008 Elect.,etc.

2100 5045 2291 5110 Sexto,
2326 5051 2383 5096 et
2410 5038 2538 5094 illud
2582 5035 2852 5093 deformat
2879 5049 3067 5090 eorum
3106 5035 3466 5097 honestatem,
3492 5030 3599 5085 sci-

2027 5139 2156 5195 licet
2205 5134 2350 5206 quod
2402 5144 2529 5187 cum
2585 5125 2916 5183 mulierculis
2977 5131 3368 5182 conversatur
3412 5128 3598 5176 contra

2029 5226 2401 5284 auctoritatem
2454 5227 2765 5277 sanctorum
2808 5217 3028 5273 Patrum
3054 5255 3071 5281 ,
3129 5222 3189 5268 ut
3232 5213 3492 5284 probatur
3529 5212 3591 5267 81

2029 5320 2181 5383 dist.,
2226 5331 2278 5373 c.
2320 5312 2876 5374 Archidiaconatuum,
2903 5314 3031 5362 etc.
3063 5301 3297 5359 Clericus
3321 5302 3487 5368 solus,
3506 5299 3599 5356 ubi

2030 5408 2228 5465 dicitur
2254 5402 2398 5475 quod
2426 5402 2526 5459 sub
2549 5407 2807 5473 praetextu
2844 5393 3163 5452 humilitatis
3198 5406 3303 5448 non
3332 5392 3493 5447 debet
3514 5407 3595 5445 ar-

2028 5499 2378 5556 chidiaconus
2405 5494 2744 5563 frequentare
2769 5485 3033 5544 domicilia
3070 5492 3460 5540 matronarum.

2097 5588 2142 5643 Α
2174 5587 2369 5643 talibus
2396 5597 2525 5655 ergo
2559 5589 2613 5636 et
2648 5574 3016 5635 consimilibus
3053 5574 3324 5629 abstinere
3372 5572 3593 5638 debent;
