3924 6180
2658 92 2715 107 ρο

548 245 684 299 “05
1470 239 1836 297 EXCERPTA
1874 241 1966 297 nx
2005 241 2514 300 P(ENITENTIALI
2549 244 2599 300 ι.
2628 245 2717 301 nn
2753 244 2906 302 uno.
3566 266 3665 322 μοι

541 372 597 417 et
619 362 665 417 si
690 362 1048 432 peccaverint,
1082 375 1177 432 per
1216 346 1589 431 pmnitentiam
1619 359 1876 415 humilem
1918 369 1971 415 et
1996 359 2107 415 dis-
2137 360 2190 420 Α
2213 356 2374 412 debet
2394 373 2492 414 suo
2529 358 2794 430 superiori
2819 359 3080 426 confiteri,
3108 369 3160 416 et
3185 363 3248 418 ab
3271 364 3349 420 illo
3370 370 3595 443 castigari,
3625 392 3667 434 ut

539 461 743 508 cretam
768 453 963 508 debent
989 451 1299 508 satisfacere
1321 452 1582 507 Creatori.

2215 448 2475 518 probatur
2495 466 2582 505 ex.
2615 450 2682 505 de
2708 449 2898 522 Appel.
2921 460 2974 507 et
3000 466 3087 506 ex.
3112 454 3174 510 de
3198 453 3331 512 Jure.
3358 457 3408 516 Si
3431 476 3577 520 autem
3593 483 3666 525 non

2214 546 2297 593 est
2322 538 2624 608 religiosus,
2653 538 2813 597 debet
2831 555 2929 598 suo
2954 542 3209 613 superiori
3233 548 3447 604 conﬁteri
3463 553 3534 607 vel
3556 554 3665 615 alteri

2212 627 2278 683 de
2302 627 2416 699 ejus
2445 629 2680 686 licentia.

2207 742 2288 798 De
2328 745 2630 815 mitemia
2663 748 2903 825 magistri
2922 749 3222 888 ἧῗζιὲιαναέη
3252 762 3297 809 et
3332 757 3405 811 cui
3432 758 3548 815 debet
3575 780 3663 819 m-

817 562 895 619 De
919 562 1239 635 confessione
1262 564 1842 635 archipresbyterorum.

1106 678 1224 750 (Ex
1251 678 1524 751 cap.ll.)

599 788 1206 863 Archipresbyterorum
1252 792 1485 847 cilicium
1527 793 1742 862 duplex,
1790 790 1934 862 quod
1984 803 2110 848 sunt

527 880 985 952 archipresbyteri
1026 882 1412 938 cathedralium
1460 883 1808 939 ecclesiarum
1855 902 1868 937 :
1908 891 1963 939 et
2015 884 2106 939 isti

529 931 1001 1044 senatus...
1031 931 2106 1044 ge;;;;",;;.;;;;;;.;;..11.1.5;
2156 994 2159 997 -
2278 1038 2326 1053 __
2400 1039 2462 1053 ,η
2616 1040 2634 1053 _
2689 1040 2704 1053 ,
2770 931 2891 1004 (³⁸
2925 947 3061 1053 Ῡῗνὴ
3080 933 3206 1053 ¹⁴’,)

529 1062 691 1118 alium
719 1062 976 1132 majorem
1001 1078 1165 1133 super
1194 1079 1272 1128 se,
1303 1078 1424 1118 cum
1455 1064 1519 1119 de
1538 1062 1661 1131 jure
1689 1064 1960 1118 communi
1982 1062 2067 1118 fun

2277 1038 2531 1111 Magister
2556 1040 2864 1098 scholarum
2909 1041 3068 1100 debet
3107 1044 3344 1114 episcopo
3373 1048 3583 1116 confiteri,
3601 1055 3659 1108 cui

526 1146 720 1221 gantur
763 1128 996 1223 episcopi
1043 1153 1280 1209 absentis
1305 1152 1423 1208 vice
1458 1152 1519 1206 in
1549 1152 1729 1208 missis
1768 1152 2067 1209 canendise

2201 1128 2510 1185 immediate
2555 1131 2765 1187 subest.
2791 1130 3024 1188 Peccant
3049 1140 3224 1189 autem
3258 1136 3519 1205 specialiter
3542 1141 3581 1196 in
3606 1143 3659 1198 di-

524 1220 579 1298 in
609 1220 847 1300 collectis
881 1220 1141 1308 dicendis,
1169 1251 1231 1298 ut
1269 1244 1527 1313 probatur
1560 1240 1632 1298 25
1671 1244 1820 1310 dist.,
1849 1260 1898 1301 c.
1927 1253 1983 1300 et
2008 1252 2095 1300 ex.
2196 1220 2393 1313 79"?i5°
2444 1220 2806 1313 Ρτίηιοβιιιξξι
2846 1223 3084 1280 “indum
3127 1225 3356 1283 Ῑίθειηίεδ
3394 1230 3587 1295 docendi.
3620 1244 3659 1289 ut

523 1332 589 1392 de
611 1336 794 1394 Ollicio
813 1311 1284 1408 archipresbyteri:
1319 1336 1550 1392 Peccant
1572 1340 1751 1392 autem
1797 1336 2067 1408 specialite

2196 1311 2459 1380 probatur
2494 1326 2583 1366 ex.
2629 1311 2699 1381 de
2746 1311 3036 1385 Magistris.
3067 1313 3302 1371 Secundo
3324 1318 3434 1388 quia
3467 1320 3656 1391 denegnt

520 1424 575 1480 in
604 1426 707 1481 hoc
732 1427 874 1496 quod
918 1400 1025 1480 sint
1056 1400 1386 1498 negligentes
1414 1427 1559 1481 circa
1599 1442 1784 1481 curam
1814 1400 2067 1498 presbyte

2197 1400 2473 1457 licentiam
2496 1401 2692 1473 dignis.
2731 1401 2923 1468 Tales,
2956 1404 3003 1459 si
3030 1404 3228 1460 directe
3252 1404 3453 1463 fuissent
3469 1412 3651 1475 aowsati,

524 1530 706 1570 rerum
750 1490 1229 1581 cardinaliumiutv
1250 1516 1392 1572 circa
1441 1517 1787 1585 pmnitentias
1817 1516 2097 1587 impdne’n—
2480 1491 2845 1601 two‘oaido
2871 1503 3128 1601 ΡθξῬθίξω
3167 1510 3427 1601 Γωξθῖθπν
3448 1506 3495 1551 ut
3518 1501 3653 1601 ΨΜ

520 1607 617 1663 das
665 1613 774 1661 tam
822 1607 1029 1663 clericis
1059 1623 1216 1677 quam
1256 1607 1407 1664 laicis
1431 1583 1458 1662 ε-
1487 1616 1542 1663 et
1566 1616 1629 1663 ut
1655 1606 1722 1664 de
1765 1583 2067 1665 aliis-taceas

2195 1588 2284 1637 tur
2312 1583 2365 1649 l,
2404 1601 2460 1655 q.
2508 1584 2563 1650 7,
2602 1592 2709 1641 etc.
2730 1584 2967 1643 Peccant
2985 1593 3186 1650 autem,
3232 1594 3287 1641 et
3314 1588 3364 1642 in
3393 1602 3448 1642 eo
3468 1591 3652 1659 graviter,

519 1712 658 1761 mus,
686 1697 812 1766 quia
856 1675 1121 1764 denegant
1152 1696 1438 1780 justitiam,
1477 1705 1531 1753 et
1556 1697 1681 1768 quia
1707 1697 1836 1752 dant
1877 1705 2063 1765 senten

2161 1722 2167 1769 ἶ
2548 1683 2609 1778 et
2641 1676 2815 1748 ignari
2840 1676 3160 1780 permittunt
3196 1692 3255 1780 se
3280 1678 3340 1732 ad
3368 1676 3456 1780 tale
3486 1677 3651 1735 ndicium

519 1786 619 1841 tias
666 1764 891 1855 pecunia
916 1764 1204 1851 mediante,
1253 1778 1451 1858 quibus
1483 1788 1529 1842 si
1561 1764 1683 1858 spes
1710 1786 1918 1843 nummi
1960 1764 2064 1843 rsub

2161 1764 2165 1769 ’
2191 1764 2494 1831 sublimari,
2519 1765 2611 1835 qui
2634 1773 2856 1836 possent
2880 1766 3017 1821 alios
3040 1767 3352 1823 examinare.
3372 1767 3482 1824 Item
3501 1772 3651 1840 quando

517 1876 765 1942 trahitur,
804 1877 987 1931 statim
1025 1877 1280 1933 recedunt
1317 1893 1347 1932 a
1389 1879 1475 1933 via
1502 1879 1743 1947 iustitiae,
1774 1887 1833 1933 ut
1861 1887 2091 1936 testatur
2189 1865 2315 1913 sum
2341 1861 2741 1928 conspirame
2767 1866 2959 1914 00mm
2987 1861 3258 1928 episcopos
3281 1874 3410 1921 θυοδ*
3435 1868 3485 1913 ut
3510 1861 3651 1929 Imb“

515 1975 733 2022 sanctus
777 1966 1088 2039 Gregorius.
1121 1977 1176 2023 et
1203 1969 1462 2039 probatur
1492 1971 1576 2035 ll,
1609 1987 1662 2041 q.
1688 1972 1744 2027 '5.
1775 1971 1931 2027 Tales
1960 1988 2089 2043 ergo
2188 1956 2279 2003 ων
2305 1963 2402 2054 ex:
2427 1950 2500 2054 d°_
2529 1948 2737 2054 eam“);
2768 1949 3012 2054 Ρθίξξεῗηξ
3032 1960 3209 2054 ³¹ξίθξ¹
3237 1950 3288 2054 in
3315 1967 3370 2006 ⁸³
3399 1952 3652 2054 ῗθίωίίῗνσξπ

511 2073 766 2114 excessus
793 2069 847 2115 et
872 2060 1198 2126 consimiles,
1230 2062 1275 2117 si
1304 2062 1515 2132 publica
1559 2040 1807 2119 laborant
1845 2040 2082 2129 infamia,
2186 2053 2292 2132 qm
2317 2046 2507 2132 99mm
2543 2040 2790 2096 licenti“
2833 2040 2934 2096 Sibi
2978 2041 3119 2132 dmi
3159 2040 3308 2132 Tales
3336 2041 3474 2132 θώων
3505 2043 3574 2132 9'“
3598 2041 3650 2095 in

510 2150 704 2207 debent
725 2153 976 2223 episcopo
1002 2153 1270 2220 confiteri,
1290 2128 1346 2210 et
1373 2170 1472 2225 per
1494 2170 1617 2210 eum
1642 2172 1671 2210 a
1699 2157 1896 2212 talibus
1922 2128 2088 2213 "casti-
2185 2130 2499 2225 θξηδίίίθδθ,
2514 2139 2900 2225 Ρτοίηθνθίῗίυτ
2920 2170 2937 2196 ’
2991 2128 3276 2186 crudelin
3316 2146 3344 2185 ³
3380 2129 3548 2225 dim?"
3583 2147 3651 2201 ω’

496 2243 658 2315 gari;
715 2242 849 2298 alias
879 2244 944 2298 de
970 2242 1187 2299 licentia
1217 2245 1454 2315 episcopi
1495 2255 1720 2316 possunt
1744 2247 1845 2302 sibi
1877 2248 2083 2303 discre-

508 2336 623 2385 tum
655 2330 853 2403 eligere
894 2330 1283 2400 confessorem,
1330 2340 1384 2387 et
1409 2335 1668 2404 probatur
1693 2337 1758 2391 de
1771 2335 1924 2391 Pam.
1955 2339 2080 2392 dist.

506 2420 561 2487 6,
593 2430 643 2477 c.
671 2421 770 2476 ult.
798 2421 899 2477 Alii
930 2430 1055 2477 sunt
1098 2422 1550 2495 archipresbyteri
1585 2424 1824 2493 rurales,
1863 2426 1955 2496 qui
1984 2426 2083 2481 de-

506 2511 625 2565 cani
655 2526 684 2566 a
715 2513 1034 2582 quibusdam
1069 2522 1352 2580 vocantur,
1397 2524 1453 2569 et
1485 2516 1806 2586 quandoque
1848 2517 2081 2587 plebani,

505 2608 561 2655 ct
579 2601 899 2671 quandoque
921 2602 1164 2669 abbates,
1209 2604 1335 2660 licet
1356 2605 1665 2677 improprie.
1709 2607 1860 2674 Quod
1885 2622 2082 2663 vocen-

509 2700 602 2747 tur
627 2690 837 2758 decani,
885 2693 1047 2749 habet
1093 2710 1181 2750 ex.
1228 2688 1295 2751 de
1326 2695 1419 2752 oll'.
1450 2697 1578 2753 0rd.
1627 2698 1779 2764 Quod
1819 2704 2077 2752 vocentur

506 2783 756 2848 abhates,
809 2783 974 2839 habet
1014 2800 1102 2839 ex.
1154 2785 1222 2840 de
1262 2785 1586 2842 Renunciat.
1609 2786 1773 2855 Quod
1817 2795 2079 2844 vocentur

502 2872 734 2943 plebani,
780 2874 943 2929 habet
970 2889 1059 2930 ex.
1097 2876 1163 2930 de
1191 2874 1282 2931 απ.
1320 2876 1476 2942 0rd.,
1509 2887 1638 2934 etc.
1685 2878 1778 2934 isti
1802 2880 1939 2936 tales
1979 2880 2075 2935 de-

503 2960 636 3016 bent
656 2962 910 3033 episcopo
934 2962 1204 3032 conﬁteri,
1231 2974 1288 3022 et
1310 2967 1466 3022 alteri
1490 2969 1558 3024 de
1576 2969 1792 3025 licentia
1814 2973 2070 3042 episcopi.

502 3050 737 3108 Pcccant
783 3061 961 3110 tamen
1004 3056 1060 3110 in
1105 3056 1209 3115 hoc
1234 3060 1524 3130 praecipue,
1567 3061 1708 3131 quod
1752 3072 1877 3118 sunt
1906 3066 2071 3135 negli-

503 3149 693 3209 gentes
740 3142 884 3197 circa
934 3147 1326 3218 correptionem
1373 3152 1833 3224 presbyterorum,
1886 3157 1977 3226 qui
2015 3157 2069 3210 in

498 3247 598 3288 suo
629 3233 842 3302 plebatu
868 3251 967 3307 per
990 3238 1228 3295 minores
1255 3239 1437 3296 titulos
1478 3254 1900 3313 commorantur,
1931 3263 2068 3317 quo-

498 3347 619 3387 rum
656 3324 822 3389 vitam
856 3337 911 3391 et
937 3337 1135 3392 statum
1160 3329 1471 3389 debuissent
1495 3335 1743 3407 episcopo
1763 3337 1848 3392 vel
1890 3340 2069 3395 archi-

497 3416 740 3479 diaconis
767 3425 1040 3493 intimare,
1060 3435 1122 3482 ut
1145 3421 1406 3498 probatur
1432 3438 1518 3478 ex.
1548 3427 1614 3481 de
1642 3425 1743 3483 ΟΠ.
1773 3416 1925 3485 arch.

497 3520 572 3583 De
599 3531 918 3602 confessione
940 3536 1285 3604 ‘tltesaurarit,
1315 3548 1363 3592 et
1397 3538 1673 3595 camerarii
1700 3536 1776 3593 uel
1807 3540 2062 3596 sacristaz.

1067 3626 1086 3697 (
1111 3628 1189 3682 Ex
1217 3644 1336 3698 cap.
1378 3628 1508 3702 12.)

565 3727 959 3788 Thesaurarius
987 3734 1074 3790 vel
1113 3738 1375 3804 sacrista,
1403 3740 1547 3809 quod
1575 3739 1715 3796 idem
1739 3749 1824 3798 est
1860 3743 1915 3797 in
1943 3742 2064 3798 ofﬁ-

490 3818 598 3883 cio,
623 3817 750 3874 licet
764 3822 976 3877 nomina
1005 3824 1116 3879 sint
1135 3825 1365 3892 diversa,
1390 3828 1549 3884 debet
1571 3830 1788 3901 proprio
1806 3833 2060 3905 episcopo

491 3908 756 3974 conﬁteri,
803 3911 890 3967 vel
931 3912 1000 3969 de
1035 3914 1250 3972 licentia
1300 3918 1468 3987 ipsius
1509 3920 1608 3977 sibi
1652 3921 1816 3977 alium
1860 3924 2061 3997 eligere

489 4015 590 4072 pro
629 4002 853 4071 provido
880 4004 1206 4062 confessore.
1258 4007 1491 4065 Peccant
1534 4012 1680 4067 circa
1725 4015 1827 4070 hoc
1859 4018 2061 4086 princi-

488 4095 705 4163 paliter,
745 4097 888 4165 quod
938 4097 1271 4170 negligenter
1316 4111 1571 4157 exercent
1616 4103 1855 4160 ofﬁcium
1902 4123 2060 4163 suum

489 4186 636 4244 circa
680 4189 981 4245 custodiam
1024 4206 1302 4247 sacrorum
1326 4208 1577 4249 vasorum
1605 4196 1689 4252 vel
1710 4200 2062 4257 vestimento-

487 4291 608 4331 rum
633 4276 1144 4347 ccclesiasticorum,
1180 4283 1307 4352 quia
1342 4299 1474 4340 vasa
1511 4285 1594 4343 vel
1629 4287 1948 4346 vestimenta
1980 4290 2079 4346 fa-

436 4418 443 4425 ,
489 4366 638 4420 ciunt
687 4370 927 4434 tractari,
952 4379 1011 4425 et
1047 4372 1325 4428 inhoneste
1351 4388 1448 4444 per
1484 4376 1629 4431 viros
1652 4376 1827 4434 laicus
1844 4379 1931 4436 vel
1952 4381 2058 4436 mi-

488 4471 651 4515 nores
693 4458 921 4516 clericos
968 4471 1157 4518 contra
1195 4466 1572 4522 auctoritatem
1600 4476 1910 4526 sanctorum
1956 4472 2060 4527 Pa-

490 4558 632 4613 trum
660 4558 719 4606 ut
740 4552 1000 4621 probatur
1022 4554 1094 4610 25
1131 4554 1285 4619 dist.,
1305 4570 1365 4621 c.
1381 4554 1506 4611 Non
1542 4556 1697 4612 liceat
1720 4598 1736 4624 ,
1762 4566 1820 4614 et
1844 4575 1896 4615 c.
1933 4560 2058 4617 Non

486 4651 703 4710 oportet.
752 4643 987 4701 Peccant
1013 4647 1173 4705 etiam
1202 4647 1345 4702 circa
1365 4647 1651 4705 biminaria
1673 4649 1936 4719 ecclesiae,
1964 4660 2057 4708 aut

486 4731 631 4785 circa
655 4732 1047 4792 ordinationem
1071 4736 1279 4793 ostiarii
1303 4775 1321 4803 ,
1344 4745 1402 4793 et
1424 4738 1568 4795 circa
1602 4742 2053 4811 praparationem

487 4819 712 4885 incensi,
764 4829 822 4875 et
847 4823 997 4879 circa
1022 4840 1207 4881 curam
1245 4826 1566 4896 baptisterii,
1612 4838 1674 4885 ut
1695 4831 1953 4900 probatur
1979 4833 2050 4888 25

484 4909 611 4964 dist.
638 4924 689 4963 c.
712 4917 815 4964 etc.
847 4911 997 4968 Talia
1017 4928 1147 4984 ergo
1167 4925 1225 4971 et
1255 4918 1577 4985 consimilia,
1618 4921 1663 4976 si
1694 4921 1942 4979 laborent
1969 4924 2051 4979 iu-

486 4998 672 5065 famia,
712 5001 1187 5076 debent‘episcopo
1217 5009 1461 5066 coiniteri
1486 5029 1499 5065 :
1529 5012 1663 5068 alias
1706 5023 1886 5073 autem
1926 5032 2054 5087 pos-

483 5099 609 5147 sunt
637 5092 704 5148 de
744 5090 863 5162 ejus
892 5093 1112 5151 licentia
1135 5098 1238 5154 sibi
1262 5099 1556 5159 discretum
1598 5105 1802 5177 eligere
1842 5107 2054 5165 confes-

482 5198 679 5239 acrem.

588 5288 997 5370 De‘pcttitentt'a
1023 5303 1311 5374 praepositi,
1330 5313 1380 5362 et
1405 5308 1490 5362 cui
1511 5307 1657 5364 debet
1684 5313 1943 5382 conﬁteri.

1046 5414 1064 5486 (
1089 5414 1169 5470 Ex
1208 5431 1324 5486 cap.
1362 5417 1446 5473 15.
1473 5416 1494 5490 )

554 5520 875 5591 Praepositus
901 5536 1077 5583 autem
1110 5538 1257 5586 recto
1282 5530 1545 5588 vocabulo
1568 5540 1811 5600 vocatur,
1847 5537 1939 5604 qui
1965 5551 2054 5591 su-

487 5623 585 5677 per
609 5611 741 5668 alios
766 5631 949 5674 curam
977 5619 1135 5689 gerit.
1164 5619 1269 5677 Iste
1304 5632 1507 5690 autem,
1550 5622 1594 5678 si
1636 5630 1720 5679 est
1747 5624 2049 5697 religiosus,

2184 2219 2420 2274 nientur.
2455 2214 2699 2274 Potentes
2723 2221 2859 2274 enim
2901 2230 3137 2290 potenter
3170 2228 3402 2275 tormenta
3429 2222 3649 2289 patienter:

2172 2308 2310 2361 “nam
2335 2307 2493 2363 debet
2512 2304 2680 2363 homo
2713 2322 2771 2364 se
2795 2308 2974 2363 metiri
3020 2323 3142 2364 cum
3171 2306 3258 2365 illo
3281 2307 3437 2365 omcio
3463 2309 3572 2379 quod
3589 2307 3651 2363 de-

2180 2396 2385 2451 siderat
2423 2397 2666 2467 adipisci,
2703 2404 2756 2453 et
2783 2399 2827 2453 si
2854 2406 2938 2454 est
2975 2398 3215 2465 inferior,
3244 2408 3401 2456 cesset
3422 2401 3490 2454 :si
3527 2406 3649 2454 autem

2179 2493 2264 2541 est
2285 2486 2528 2557 aequalis,
2562 2503 2684 2543 cum
2706 2489 2900 2545 timore
2938 2489 3181 2545 accedat.
3225 2489 3360 2544 Talia
3388 2495 3650 2559 ergoetcou-

2179 2578 2396 2645 similia,
2441 2580 2488 2634 si
2512 2586 2676 2650 ευμεν
2702 2580 2789 2636 bis
2815 2581 3026 2637 laborat
3058 2580 3289 2647 infamia,
3316 2581 3451 2638 debet
3468 2580 3650 2651 episcopo

2177 2670 2449 2736 conﬁteri,
2482 2672 2544 2726 'si
2592 2672 2711 2727 vult
2754 2672 2993 2739 salvari;
3049 2674 3240 2740 aliter,
3287 2675 3349 2729 de
3395 2670 3565 2727 licentia
3593 2667 3648 2722 sui

2177 2760 2437 2831 episcopi,
2466 2767 2648 2831 potest
2666 2761 2768 2816 sibi
2788 2762 2990 2834 eligere
3010 2763 3283 2832 providum
3306 2760 3612 2817 confessorem.
3685 2755 3688 2759 ’

2300 2869 2384 2924 De
2405 2870 2707 2941 pauitantia
2733 2873 2986 2938 cantoris,
3017 2882 3065 2927 et
3093 2874 3178 2927 cui
3202 2872 3337 2928 debet
3357 2869 3562 2941 conﬁteri.

2749 2983 2871 3056 (Ex
2890 2998 3014 3055 cap.
3041 2983 3180 3055 15.)

2098 3056 2146 3122 c
2243 3094 2445 3152 Cantor
2470 3103 2651 3153 autem
2690 3095 2849 3153 debet
2885 3098 3141 3169 episcopo
3177 3095 3399 3154 conﬁteri
3425 3094 3494 3149 cui
3517 3092 3649 3147 imm

2171 3188 2316 3244 diate
2342 3189 2586 3244 noscitur
2617 3188 2916 3257 subiacere,
2945 3190 3035 3244 vel
3064 3190 3130 3245 de
3157 3189 3268 3260 ejus
3292 3186 3475 3243 licentia
3492 3184 3571 3238 sibi
3583 3182 3651 3236 ὥς

2170 3290 2296 3346 gere
2341 3279 2635 3334 discretum
2666 3278 3058 3335 confessorem.
3105 3280 3293 3336 Peccat
3328 3286 3486 3339 autem
3514 3282 3649 3331 cantor

2168 3364 2475 3434 specialiter
2501 3365 2556 3421 in
2584 3367 2706 3432 hoc,
2749 3375 2810 3422 ut
2835 3369 2899 3423 de
2924 3368 3049 3425 aliis
3072 3378 3354 3433 taceamus,
3378 3368 3486 3438 quia
3514 3363 3649 3433 recipit

2167 3455 2222 3512 in
2250 3457 2417 3513 choro
2445 3458 2713 3530 indignos,
2744 3460 2835 3531 qui
2864 3462 3046 3531 legere
3071 3464 3324 3527 nesciunt,
3365 3475 3452 3518 nec
3469 3466 3645 3515 cauare.

2165 3557 2220 3603 et
2250 3547 2488 3604 refutant
2515 3551 2836 3621 quandoque
2871 3551 3065 3623 dignos
3091 3572 3104 3608 :
3154 3554 3290 3625 quod
3318 3551 3467 3623 magis
3484 3558 3647 3604 consue-

2166 3640 2349 3697 tudine
2395 3656 2558 3712 quam
2598 3641 2724 3712 iure
2767 3645 2967 3714 poterit
3013 3646 3361 3717 comprobari.
3396 3643 3580 3699 Peccant
3611 3645 3647 3694 tt

2162 3738 2386 3800 propter
2410 3731 2554 3787 aliud
2580 3733 2726 3803 quod
2766 3735 3090 3804 quibusdam
3131 3736 3415 3794 concedunt
3448 3734 3502 3788 de
3522 3728 3644 3799 gratia

2158 3820 2505 3891 qnetidianos
2534 3824 2705 3889 cibos,
2750 3824 2847 3893 qui
2883 3826 3217 3897 negligenter
3255 3824 3469 3882 ofﬁcium
3501 3821 3646 3877 obeunt

2160 3915 2602 3982 ecclesiasticum,
2629 3926 2687 3973 et
2708 3918 2830 3974 aliis
2853 3920 3215 3987 subtrahunt;
3244 3921 3361 3990 quia
3383 3916 3443 3973 ad
3471 3911 3646 3969 cilicium

2160 4022 2267 4063 non
2289 4016 2583 4078 potuerunt
2600 4012 2881 4066 commode
2910 4011 3201 4069 interesse.

2201 4134 2278 4190 De
2300 4137 2602 4205 pauitantia
2628 4140 3023 4207 canonicorum,
3047 4150 3098 4196 et
3121 4144 3206 4197 cui
3228 4142 3395 4196 debent
3420 4132 3618 4203 collimi-

2696 4246 2739 4319 ’(
2764 4248 2843 4303 Ex
2880 4264 3001 4321 cap.
3045 4250 3177 4323 16.)

2218 4344 2307 4412 ’Βθ
2352 4357 2670 4427 pmnitentia
2716 4360 3102 4417 canonicorum
3151 4361 3434 4416 firmissime
3467 4364 3575 4413 tene,
3607 4356 3644 4402 εί

2159 4446 2464 4504 nullatenus
2499 4449 2730 4516 dubites,
2775 4451 2918 4529 quod
2951 4450 3019 4506 de
3053 4450 3180 4521 jure
3220 4447 3464 4507 communi
3488 4440 3645 4499 debuis-

2154 4545 2275 4594 sent
2314 4539 2519 4594 decano
2547 4538 2816 4607 contiteri,
2854 4541 2939 4596 vel
2972 4542 3244 4613 episcOpo,
3280 4539 3359 4595 vel
3389 4533 3520 4591 alicui
3546 4541 3643 4601 pm-

2152 4628 2328 4700 posito
2351 4629 2615 4695 ecclesiae,
2648 4631 2694 4685 si
2716 4632 2969 4688 sacerdos
2991 4640 3157 4699 esset,
3187 4631 3269 4687 vel
3289 4629 3458 4687 saltem
3482 4618 3643 4678 debuis-

2152 4729 2274 4777 sent
2295 4729 2479 4791 petere
2507 4720 2575 4778 ab
2604 4723 2858 4795 episcopo
2894 4724 3171 4782 licentiam
3194 4723 3330 4796 quod
3353 4718 3530 4793 possint
3555 4709 3643 4767 aliis

2158 4811 2510 4878 confiteri,vel
2532 4814 2635 4869 sibi
2657 4815 2983 4872 constituere
2999 4814 3299 4888 generalem
3320 4802 3638 4884 paenitentiam.

2157 4900 2406 4957 Pratdicti
2445 4903 2689 4959 canonici
2719 4905 2774 4959 in
2817 4905 2935 4960 istis
2969 4915 3238 4976 quatuor,
3279 4914 3333 4959 ut
3368 4900 3427 4957 de
3462 4896 3558 4950 alii"t
3585 4900 3641 4944 13-

2156 5006 2397 5058 ceamus,
2420 4991 2655 5062 graviter
2677 4992 2972 5051 offendunt.

2224 5080 2428 5149 Primo,
2452 5083 2581 5152 quia
2605 5091 2845 5154 tempore
2870 5084 3207 5142 necessltatis
3227 5081 3401 5138 volunt
3422 5072 3637 5166 ad‘s‘acﬂf‘

2152 5172 2371 5228 ordines
2390 5174 2715 5243 promoveri,
2742 5183 2801 5230 ut
2831 5175 3094 5246 probatur
3116 5174 3182 5239 74
3208 5172 3350 5240 dist.,
3392 5185 3436 5225 c.
3471 5162 3523 5221 Si
3551 5162 3635 5230 quit

2154 5261 2351 5329 clerici,
2378 5273 2510 5321 etc.
2551 5264 2783 5320 Placui'.
2874 5256 2881 5257 ί
3118 5255 3125 5259 ’

2227 5352 2475 5411 Secundo
2497 5396 2512 5422 ,
2552 5357 2774 5426 quidam
2805 5373 2990 5414 eorum
3017 5373 3114 5428 per
3152 5354 3470 5412 ambitionem
3497 5352 3632 5428 διιοφ

2156 5446 2289 5501 dunt
2313 5447 2368 5501 in
2393 5447 2568 5502 locum
2601 5449 2860 5516 viventis;
2888 5458 2946 5505 et
2986 5426 3105 5505 ideo
3129 5455 3376 5519 perpetuo
3408 5426 3628 5496 stratian-

2154 5548 2287 5591 mes.
2313 5536 2417 5590 Ex.
2448 5536 2514 5593 de
2535 5537 2841 5603 Praebend.,
2866 5547 2973 5594 etc.
3534 5605 3567 5615 _
3594 5602 3609 5615 ο

2226 5627 2428 5693 Tertio,
2459 5627 2583 5697 quia
2614 5635 2740 5683 sunt
2766 5629 2921 5685 valde
2964 5627 3197 5697 delicati,
3233 5633 3285 5681 et
3323 5605 3629 5677 voluntolﬁcl'1
