3968 6180
422 387 559 440 1107

1519 376 1613 430 AD
1649 371 2199 440 ΡΟΕΝΙΤΕΝτιΑιΕ
2238 368 2585 424 THEODORI

3548 365 3686 426 “33

420 501 571 557 ribus
599 499 666 553 de
684 494 1012 568 patrimonio
1049 489 1306 548 Crueillxi
1332 489 1386 544 in
1418 487 1660 558 periculo
1695 487 1998 541 animarum
2029 490 2076 548 Α
2104 479 2333 552 Christi;
2356 493 2411 536 et
2437 482 2733 538 secundum
2764 477 3004 551 regulam
3033 478 3216 534 Jacobi
3245 476 3479 548 apostoli
3506 477 3690 542 dicen,

421 603 667 654 suarum,
713 594 768 642 et
801 585 861 646 in
907 581 1158 638 seandalo
1188 580 1566 660 plurimorum,
1597 583 1787 634 contra
1825 573 1998 630 eccle-
2099 573 2170 627 tis
2200 591 2212 625 :
2243 570 2575 641 Con/itemini
2619 569 2931 624 alterutrum
2967 579 3182 641 peccata
3224 576 3415 632 vestra,
3463 575 3514 620 et
3545 579 3692 626 orate

420 681 670 738 siasticas
699 676 1025 733 sanctiones.

489 772 710 841 Quinto,
738 769 863 840 quia
889 766 1094 837 praelati
1134 765 1374 830 invident
1403 764 1657 833 subditis,
1707 769 1764 816 et
1800 759 1998 821 subditi

418 861 679 935 praelato,
752 872 877 913 cum
938 855 1251 918 debuissent
1309 870 1368 910 se
1433 854 1664 909 invicem
1741 851 1998 922 diligere,

420 965 479 1010 ut
507 955 648 1010 inter
688 949 943 1024 praelatos
999 958 1055 1012 et
1089 947 1335 1002 subditos
1388 946 1544 1000 ﬁeret
1587 944 2001 1014 comprehensio

419 1043 728 1102 cbaritatis.

488 1137 678 1203 Sexto,
707 1135 835 1205 quia
865 1132 1032 1187 multa
1060 1131 1189 1184 vitia
1213 1127 1438 1199 pailiant
1462 1127 1561 1182 sub
1605 1127 1786 1196 specie
1835 1126 2002 1180 virtu-

416 1227 508 1284 tis.
546 1226 685 1282 Nam
728 1241 850 1281 eum
879 1225 989 1292 sint
1032 1223 1198 1282 avari,
1248 1219 1434 1277 volunt
1463 1219 1633 1286 videri
1682 1217 1998 1287 temperati;

415 1327 472 1375 et
505 1334 628 1374 eum
661 1317 769 1371 sint
794 1315 1060 1379 crudeles,
1088 1312 1274 1368 volunt
1296 1310 1468 1363 videri
1492 1308 1904 1379 compatientes.

488 1408 750 1488 Septimo,
772 1407 899 1482 quia
924 1405 1024 1478 ipsi
1061 1402 1262 1457 subditi
1293 1400 1523 1462 invicem
1550 1414 1608 1462 se
1633 1403 1958 1458 consumunt
1986 1413 1998 1448 :

418 1508 475 1554 et
496 1499 615 1554 ideo
643 1495 930 1552 homicidae
962 1501 1108 1560 sunt,
1139 1500 1194 1545 et
1218 1491 1513 1544 deteriores
1537 1488 1856 1542 latronibus.

495 1587 723 1652 Octavo,
748 1585 876 1654 quia
902 1582 1057 1636 valde
1079 1591 1203 1635 sunt
1231 1581 1622 1644 inconstantes,
1668 1577 2002 1648 proferentes

420 1678 586 1732 verba
613 1676 894 1730 inhonesta
930 1682 985 1727 et
1011 1671 1242 1727 inutilia.

490 1767 662 1831 Nono,
717 1765 844 1845 quia
892 1770 1121 1836 peccant
1169 1762 1222 1831 in
1253 1759 1570 1829 sacriﬁciis,
1601 1775 1724 1826 eum
1769 1757 2004 1814 oll‘erunt

2098 679 2192 733 pro
2223 662 2461 725 invicem,
2493 670 2546 726 ut
2571 658 2861 714 salvemini.

2104 774 2290 842 Utrum
2303 775 2464 856 possit
2474 775 2746 857 presbyter
2759 774 2985 857 recipere
2999 771 3294 857 pecu-aiam,
3311 769 3388 857 uel
3403 769 3694 857 aliaaona,

2214 839 2313 922 prd
2339 839 2511 902 missis
2541 839 2838 914 cantaridis,
2863 839 2911 897 et
2941 839 3036 912 pro
3063 842 3184 895 aliis
3221 839 3576 902 orationibus.

2702 934 2807 1004 (Ex
2833 947 2951 1002 cap.
2982 931 3095 1003 22.)

2173 1027 2399 1082 Videtur
2445 1025 2589 1096 quod
2621 1024 2877 1078 sacerdos
2908 1037 3015 1076 non
3045 1021 3216 1093 possit
3247 1020 3497 1090 recipere
3534 1032 3696 1088 pecu-

2102 1119 2247 1173 niam
2266 1133 2364 1186 pro
2386 1117 2565 1171 missis
2593 1115 2894 1177 eantandis,
2941 1128 3076 1182 quas
3103 1111 3388 1184 pcenitenti
3413 1109 3693 1178 imposuit.

2101 1209 2195 1263 ille
2223 1210 2364 1262 enim
2389 1209 2525 1262 bene
2556 1207 2765 1262 sciebat
2800 1207 2944 1276 quod
2973 1201 3143 1260 laicus
3187 1221 3294 1259 non
3330 1210 3548 1273 poterat
3571 1215 3699 1256 ean—

2103 1304 2220 1351 tare
2248 1297 2472 1350 missam
2506 1315 2518 1350 :
2559 1304 2614 1350 et
2638 1296 2758 1349 ideo
2797 1301 3218 1363 prazsumeretur
3255 1293 3400 1362 quod
3440 1293 3699 1348 sacerdos

2104 1388 2157 1440 in
2188 1385 2373 1441 fraude
2412 1386 2637 1441 canonis
2677 1385 2784 1439 tale
2835 1400 2973 1439 onus
3003 1385 3372 1453 imposuisset,
3413 1391 3470 1435 ut
3508 1390 3696 1452 postea

2104 1487 2321 1548 recepta
2356 1478 2584 1548 pecunia
2615 1459 2740 1531 eum
2789 1477 2857 1528 ab
2893 1475 2984 1530 illo
3032 1489 3199 1529 onere
3241 1474 3524 1528 relevaret.
3584 1472 3700 1527 Hoc

2101 1584 2229 1644 ergo
2265 1553 2386 1622 eum
2414 1569 2484 1622 sit
2510 1567 2716 1643 species
2739 1566 2883 1632 mali,
2916 1567 3035 1621 ideo
3061 1565 3357 1620 secundum
3378 1562 3701 1634 Apostolum

2103 1657 2380 1713 vitandum
2405 1665 2508 1711 est.
2551 1658 2720 1714 Debet
2743 1671 2871 1726 ergo
2901 1654 3156 1710 sacerdos
3179 1655 3230 1709 ei
3263 1654 3424 1707 aliam
3459 1653 3705 1708 indicere

2105 1748 2502 1818 pcenitentiam,
2535 1755 2638 1804 etc.

423 1859 654 1919 bestiam
673 1840 900 1919 fractam
923 1851 1006 1925 vel
1027 1853 1212 1910 vinum
1236 1852 1354 1906 sine
1379 1867 1538 1921 aqua,
1561 1850 1644 1905 vel
1668 1865 1862 1919 aquam
1886 1850 2002 1904 sine
2035 1859 2080 1919 Β
2112 1840 2300 1894 Utrum
2323 1843 2590 1925 episcopis
2617 1841 2693 1895 vel
2721 1840 2870 1922 alius.
2894 1840 3146 1924 prwlatus
3170 1840 3333 1925 possit
3354 1840 3562 1925 exigere
3587 1849 3707 1925 lant

423 1950 568 2015 vino,
606 1947 946 2016 celebrantes
966 1944 1051 1999 bis
1074 1943 1128 1998 in
1144 1942 1250 2008 die,
1280 1942 1364 1998 vel
1393 1959 1501 1997 non
1527 1942 1840 2011 custodiunt
1859 1941 2006 1996 ebri-

421 2057 538 2097 sma
562 2039 646 2094 vel
673 2036 1058 2109 eucharistiam
1081 2037 1223 2090 sicut
1243 2034 1462 2105 debent,
1493 2033 1577 2096 vel
1610 2049 1716 2100 non
1747 2033 2007 2102 mundant

424 2144 552 2183 vasa
603 2137 659 2184 et
697 2126 890 2194 altaria
941 2135 998 2183 et
1037 2125 1358 2190 vestimenta
1407 2123 1663 2192 decenter
1709 2124 2006 2189 secundum

425 2234 682 2274 canones.

498 2310 740 2374 Decimo,
771 2308 898 2382 quia
951 2308 1087 2376 alios
1137 2309 1457 2364 subvertant
1493 2317 1549 2363 et
1581 2308 1635 2363 in
1663 2307 1811 2361 omni
1865 2307 2004 2370 loco,

428 2413 487 2460 ut
517 2411 748 2456 testatur
775 2394 1156 2470 Hieronymus,
1194 2408 1456 2469 ponentes
1508 2398 1841 2462 scandalum,
1890 2413 2008 2452 ver-

427 2503 615 2547 tuntur
641 2491 696 2544 in
721 2491 972 2560 laqueum
998 2497 1324 2544 tortuosum.

497 2581 624 2636 Haec
654 2597 782 2652 ergo
808 2591 864 2636 et
887 2580 1208 2656 consimilia,
1248 2590 1307 2636 ut
1330 2581 1396 2636 de
1427 2581 1550 2636 aliis
1574 2589 1871 2646 taceamus,
1918 2581 2011 2636 de-

425 2674 556 2732 bent
593 2671 784 2730 clerici
803 2670 1075 2744 confiteri,
1099 2679 1154 2746 et
1191 2688 1222 2727 a
1251 2673 1447 2740 talibus
1471 2673 1538 2727 de
1574 2681 1774 2727 caetero
1794 2687 2006 2737 cavere,

427 2764 532 2823 nisi
555 2763 828 2832 voluerint
873 2763 926 2818 in
962 2771 1280 2836 perpetuum
1313 2779 1438 2832 cum
1491 2765 1709 2830 diabolo
1755 2765 2006 2820 cruciari.

427 2857 660 2929 Explicit
679 2856 747 2925 de
786 2840 1141 2942 presbyteris,

892 2964 1096 3035 Salutio
1123 2967 1193 3022 ad
1221 2967 1555 3038 objectioaes.

1018 3079 1119 3150 (Ex
1150 3095 1270 3150 cap.
1305 3081 1366 3136 2i
1380 3081 1420 3152 .)

2179 1908 2464 1982 expendere
2485 1908 2662 1982 poenas
2685 1908 3017 1982 pecuniarias
3039 1908 3388 1982 peccantium,
3416 1908 3491 1963 rel
3510 1909 3709 1962 debeat

2179 1981 2494 2052 pauperibus
2534 1981 2771 2052 elargiri.

2707 2072 2808 2144 (Ex
2837 2086 2957 2141 cap.
2989 2070 3106 2142 24.)

2185 2163 2290 2219 Sed
2331 2179 2496 2234 super
2521 2165 2623 2219 hoc
2660 2164 2740 2219 sic
2773 2163 3083 2218 ﬁrmissime
3124 2170 3266 2226 tene,
3298 2166 3356 2213 et
3395 2158 3715 2212 nullatenus

2111 2256 2346 2322 dubites,
2375 2258 2517 2325 quod
2545 2256 2673 2310 licet
2711 2255 2835 2310 talis
2863 2256 3092 2324 pecunia
3130 2253 3197 2308 de
3225 2261 3399 2308 morte
3423 2268 3454 2304 a
3482 2252 3717 2320 quibus-

2113 2345 2238 2399 dam
2284 2347 2554 2415 episcopis
2577 2353 2632 2400 et
2661 2345 2902 2415 praelatis
2932 2344 3052 2400 aliis
3094 2343 3362 2415 exigatur,
3392 2352 3574 2396 tamen
3607 2340 3716 2410 ipsi

2111 2435 2317 2506 praelati
2351 2451 2456 2490 non
2488 2435 2607 2490 illas
2648 2436 2906 2504 pecunias
2950 2434 3005 2490 in
3050 2434 3299 2506 proprios
3329 2448 3460 2489 usus
3503 2448 3715 2486 consu-e

2112 2541 2262 2582 mere
2305 2528 2523 2593 debent,
2577 2529 2673 2583 sed
2719 2528 3046 2598 pauperibus
3092 2541 3358 2596 erogare;
3410 2540 3537 2579 nam
3575 2522 3718 2578 tales

2106 2617 2318 2688 iudices
2350 2632 2457 2672 non
2497 2626 2862 2688 provocantur
2889 2631 3072 2671 amore
3105 2614 3348 2684 justitize,
3396 2614 3490 2668 sed
3519 2628 3718 2667 amore

2109 2708 2372 2780 pecuniae,
2403 2715 2464 2763 ut
2482 2709 2744 2777 probatur
2770 2708 2861 2774 ll,
2889 2722 2942 2776 q.
2972 2708 3027 2773 3,
3059 2721 3110 2761 e.
3167 2704 3271 2770 Qui
3313 2713 3446 2757 recte
3466 2701 3715 2771 judicat.

2115 2801 2182 2854 Et
2225 2799 2345 2854 ideo
2393 2797 2531 2853 ﬁunt
2566 2799 2677 2868 lupi
2733 2797 3008 2861 custodes,
3059 2806 3118 2852 ut
3154 2795 3209 2863 Α,
3243 2811 3295 2866 q.
3347 2795 3395 2859 5,
3423 2810 3471 2849 e.
3505 2790 3724 2847 Contra

2114 2891 2292 2944 ritum.
2344 2889 2519 2945 Unum
2549 2905 2650 2961 ego
2691 2887 2930 2944 Joannes
2960 2889 3026 2944 de
3071 2889 3180 2943 Deo
3207 2896 3377 2941 testor
3411 2885 3548 2939 tales
3570 2899 3723 2952 prae-

2115 2982 2255 3038 latos
2305 2983 2406 3037 sub
2460 2982 2702 3052 periculo
2749 2981 3053 3035 animarum
3109 2993 3324 3034 suarum
3369 2986 3425 3031 et
3473 2985 3725 3029 tremore

2118 3072 2382 3128 tremendi
2420 3071 2634 3141 judicii,
2679 3072 2824 3142 quod
2861 3071 2994 3126 tales
3020 3069 3276 3140 pecunias
3305 3083 3410 3123 non
3443 3067 3720 3136 exigant;

500 3167 708 3270 Fcis”
736 3168 1201 3252 dicerepanquis:
1235 3169 1374 3237 Quid
1402 3171 1530 3226 νειίι
1555 3171 1657 3226 hoc
1681 3173 1826 3242 quod
1849 3173 2015 3246 magi-
2039 3205 2088 3270 ο
2119 3172 2174 3218 et
2213 3165 2259 3220 si
2300 3164 2546 3234 exigunt,
2579 3179 2688 3218 non
2732 3171 3073 3224 consumant,
3123 3161 3218 3216 sed
3252 3158 3476 3229 leprosis
3500 3166 3558 3212 et
3589 3157 3727 3212 aliis

429 3267 546 3312 star
586 3255 823 3321 Joannes
849 3259 917 3314 de
942 3250 1072 3314 'Deo
1097 3261 1431 3330 computavit
1460 3262 1589 3316 vitia
1619 3263 1867 3332 quaedam
1892 3279 2013 3333 qua:
2041 3250 2088 3270 ”
2118 3253 2445 3322 Pauperibus
2480 3253 2821 3325 largiantur:
2850 3269 2973 3309 cum
3005 3253 3085 3306 eis
3110 3269 3140 3304 ³
3161 3251 3286 3319 iure
3311 3265 3416 3305 ηοη
3443 3250 3551 3303 Si!"
3582 3264 3726 3303 0οη·

433 3349 780 3404 eommittunt
808 3358 914 3404 tam
958 3351 1158 3406 subditi
1189 3341 1349 3421 quam
1376 3352 1606 3425 praelati.
1644 3352 1727 3423 Ad
1770 3354 1873 3409 hoc
1914 3369 2014 3432 ego

427 3435 669 3495 Joannes
710 3441 777 3496 de
820 3442 932 3498 Deo
977 3443 1299 3512 respondeo,
1338 3443 1482 3513 quod
1531 3451 1588 3497 tu
1625 3444 1879 3501 sacerdos
1921 3446 2015 3514 qui

428 3527 588 3584 audis
619 3527 990 3603 confessiones
1014 3530 1134 3585 loco
1157 3531 1252 3586 Dei
1277 3531 1505 3586 deberes
1539 3532 1770 3589 diversis
1806 3535 2018 3605 experi-

433 3622 630 3678 mentis
649 3622 728 3676 uti
750 3622 818 3675 ad
842 3623 1052 3691 peccati
1083 3624 1331 3677 morbum
1359 3624 1758 3692 expellendum,
1782 3635 1837 3680 et
1859 3617 2022 3682 debe-

438 3726 528 3766 res
574 3711 628 3764 in
676 3725 874 3782 genere
921 3727 1164 3780 quaerere
1209 3713 1275 3767 de
1315 3727 1670 3784 quocunque,
1701 3733 1732 3770 a
1782 3716 2023 3786 quolibet

437 3801 756 3874 punitente,
777 3801 1072 3856 secundum
1099 3804 1336 3868 modum,
1370 3813 1425 3860 et
1445 3795 1711 3879 ordinem,
1738 3819 1794 3864 et
1817 3819 2020 3866 statum

437 3891 687 3962 superius
710 3900 1092 3971 praenotatum.

507 3983 641 4038 Item
667 3986 714 4045 si
759 3984 960 4054 qumris
1001 3993 1181 4040 utrum
1213 3985 1290 4042 illi
1332 3987 1610 4043 salventur
1633 3990 1726 4059 qui
1758 3991 2022 4048 hactenus

438 4089 546 4132 non
574 4068 862 4131 servarunt
893 4077 1026 4132 istas
1052 4077 1269 4148 regulas
1291 4079 1345 4132 in
1373 4075 1800 4135 confessionibus
1820 4080 2021 4137 facien—

434 4169 542 4241 dis,
596 4172 898 4242 respondeo
951 4175 1248 4228 secundum
1301 4174 1544 4246 regulam
1599 4176 1950 4246 apostolicam
1999 4198 2012 4232 :

436 4260 588 4327 Alter
610 4260 829 4336 alterius
853 4278 1014 4339 onera
1041 4274 1268 4334 portate,
1292 4274 1339 4318 et
1369 4265 1447 4318 sic
1471 4264 1823 4336 adimplebitis
1851 4267 2013 4338 legem

2117 3357 2304 3408 cessze,
2336 3345 2429 3399 sed
2465 3345 2680 3414 penitus
2705 3359 2738 3398 a
2760 3343 3060 3399 canonibus
3087 3341 3408 3404 interdictae,
3434 3348 3491 3392 ut
3507 3340 3724 3409 probat

2117 3436 2427 3510 Alexander
2462 3452 2601 3508 papa
2627 3453 2715 3493 ex.
2742 3438 2808 3492 de
2835 3434 3013 3492 Poenis
3039 3451 3091 3492 e.

2190 3527 2262 3582 Et
2289 3537 2404 3599 post
2450 3529 2617 3584 multa
2646 3529 2755 3584 alia
2778 3531 2834 3584 in
2858 3529 2966 3598 ﬁne
3003 3529 3101 3582 Inoo
3127 3525 3338 3597 legitur.

2122 3639 2353 3714 Explieit
2395 3641 2527 3714 liber
2553 3641 2982 3714 Pceniteittiarius
3007 3659 3039 3695 a
3066 3642 3330 3714 magistro
3351 3641 3571 3714 Joanne
3625 3637 3725 3714 με-

2193 3707 2357 3780 spaao
2385 3712 2596 3766 doctore
2610 3707 3224 3768 Decretorumcaaouico
3246 3709 3389 3780 urbis
3415 3707 3725 3780 Bononien-

2194 3777 2640 3853 sisncompositus
2686 3782 2782 3853 ad_
2801 3784 3049 3853 honorem
3079 3795 3304 3853 summa:
3336 3777 3644 3853 ζτξηξιαιὶε,
3675 3789 3723 3833 et

2196 3846 2482 3924 individua?
2505 3853 2723 3924 uuitatis
2748 3850 2946 3924 Patris,
2991 3862 3036 3905 et
3071 3849 3220 3924 Filii,
3245 3859 3291 3903 et
3339 3846 3574 3924 $piritus
3598 3865 3723 3901 san-

2181 3923 2288 3994 cti,
2315 3931 2365 3994 et
2405 3917 2576 3995 sancti
2621 3921 2878 3999 _V_i_rtcertt_ii
2907 3917 3172 3999 martyris,
3216 3928 3262 3999 et
3291 3918 3360 3999 ad
3379 3917 3648 3999 liquor-em
3674 3927 3720 3970 et

2198 3985 2385 4045 nomen
2428 3985 2734 4061 venerabilis
2762 3987 2986 4061 episcopi
3021 3985 3329 4061 e'tﬂcapituli
3367 3988 3508 4061 urbis
3541 3985 3723 4040 Bono-

2197 4061 2391 4116 niensis
2421 4070 2469 4116 et
2512 4057 2818 4116 πίνετεαῶ
2867 4057 3030 4115 studii
3071 4057 3302 4120 Borion”
3334 4068 3380 4110 et
3420 4057 3723 4127 ubicunque

2196 4129 2522 4202 Ecclesiase
2569 4132 2818 4202 extendit,
2858 4132 2914 4185 in
2937 4149 3040 4202 qua
3078 4128 3364 4202 succumbit
3411 4126 3720 4202 falsitas’_et

2195 4202 2384 4273 veritas
2412 4201 2676 4273 θέασαι-ει,
2704 4201 2798 4263 sub
2824 4196 2970 4273 apud
2995 4199 3292 4273 υφῃὶιεί-ιη.
3316 4213 3398 4273 cc.
3430 4211 3610 4273 sunt,
3642 4196 3722 4249 in-

2204 4270 2331 4325 dict.
2371 4287 2402 4325 v
2428 4269 2691 4336 Octobris,
2719 4281 2769 4326 et
2794 4287 2826 4325 v
2864 4266 3134 4336 Kalendai
3170 4266 3499 4323 Nouembris.

471 4399 3699 4429 E—‘———-————-———_—-——-———___.———_———————q

871 4503 1078 4652 AD
1177 4509 2379 4654 HENITENTIALE
2483 4521 3291 4656 THEODOBI

1335 4737 2176 4836 QBSEBVATIONES
2239 4745 2370 4827 ET
2423 4748 2724 4830 NOTIE
2769 4719 2878 4829 a.‘

1719 4899 2446 4926 φανὴ-ᾑ-

955 4979 1181 5036 CAPUT
1217 4980 1506 5038 PRIMUM.

618 5068 699 5126 De
720 5068 943 5124 ecclesia
969 5069 1047 5123 vel
1072 5071 1136 5124 de
1168 5071 1232 5125 iis
1262 5089 1380 5142 qua:
1409 5073 1551 5128 intus
1579 5087 1850 5145 geruntur.

512 5159 584 5218 In
623 5158 907 5236 ecclesia...
952 5159 1256 5228 sacriﬁcare
1301 5178 1404 5216 non
1432 5161 1572 5216 licet.
1618 5164 1696 5220 Ne
1725 5165 2032 5224 inﬁdelibus

442 5268 535 5311 aut
565 5253 797 5326 passivis
825 5255 1142 5325 corporibus
1178 5256 1349 5311 bonos
1397 5269 1692 5329 martyrum
1737 5262 2028 5318 deferatur.

445 5350 595 5412 Quod
626 5354 812 5403 vetant
838 5346 1028 5404 Patres
1071 5349 1286 5404 concilii
1325 5349 1767 5422 Carthaginensis
1814 5355 2031 5410 nomine

446 5438 606 5502 primi
643 5441 743 5494 sub
775 5437 918 5494 Julio
951 5440 1203 5494 celebrati
1232 5456 1281 5494 c.
1320 5440 1375 5506 2,
1414 5443 1500 5496 bis
1527 5443 1745 5497 verbis:
1779 5462 1798 5501 ι
1833 5443 2030 5516 Marty-

450 5541 566 5580 rum
614 5529 928 5599 dignitatem
980 5545 1136 5586 nemo
1166 5525 1424 5603 prolhnus
1455 5533 1698 5600 infamet,
1746 5549 1919 5605 neque
1963 5537 2030 5591 ad

450 5619 660 5689 passiva
698 5637 945 5693 corpora,
977 5640 1098 5693 qua:
1125 5625 1412 5695 sepulturae
1451 5636 1655 5681 tantum
1685 5636 1900 5697 propter
1929 5630 2030 5684 mi-

525 5795 556 5820 ι
590 5775 724 5830 Vide
751 5779 972 5848 hujusce
1008 5780 1294 5834 voluminis
1319 5781 1417 5833 col.
1451 5781 1574 5835 9'27.

2057 4991 2108 5050 υ
2135 4991 2484 5047 serieordiam
2511 4992 2958 5058 ecclesiasticam,
2991 4991 3358 5048 commendari
3405 4992 3718 5046 mandatum

2135 5090 2240 5153 est,
2269 5083 2494 5154 redigat,
2535 5091 2594 5137 ut
2630 5093 2724 5138 aut
2763 5084 2968 5138 insania
3008 5083 3391 5155 pmcipitatos,
3421 5092 3513 5138 aut
3537 5083 3720 5153 aliquo

2135 5177 2228 5230 tali
2267 5185 2444 5252 pacto,
2490 5185 2583 5231 aut
2618 5177 2723 5230 alia
2764 5177 2973 5232 ratione
3014 5176 3217 5246 peccati
3258 5175 3575 5243 disjunctos,
3613 5191 3720 5231 non

2136 5267 2346 5338 ratione
2374 5267 2457 5322 vel
2499 5276 2740 5338 tempore
2767 5263 3112 5337 competenti,
3159 5281 3267 5337 quo
3292 5267 3552 5338 martyris
3582 5267 3720 5322 cele-

2132 5360 2376 5423 brentur,
2406 5345 2702 5430 martyrum
2729 5361 2944 5415 nomine
2980 5360 3228 5430 appellet,
3254 5368 3359 5414 etc.
3390 5380 3407 5411 ι
3443 5358 3558 5414 Hoc
3580 5358 3720 5414 idem

2133 5441 2418 5520 prohibent
2469 5450 2658 5506 Patres
2712 5452 2924 5506 concilii
2980 5441 3366 5506 Braebarensis
3406 5467 3467 5516 ιι,
3506 5466 3558 5505 e.
3605 5451 3717 5511 18;

2133 5541 2347 5596 Martini
2374 5542 2762 5600 Bracbarensis
2800 5543 3053 5614 capitula,
3085 5560 3202 5612 cap.
3231 5544 3334 5609 68;
3379 5543 3617 5614 synodus
3642 5542 3724 5596 in-

2135 5635 2268 5688 certi
2302 5634 2427 5709 loci,
2473 5651 2632 5705 quam
2661 5651 2712 5690 v.
2743 5635 2810 5690 cl.
2841 5626 2889 5689 J'.
2937 5635 3254 5691 Sirmondus
3298 5634 3528 5690 concilio
3573 5631 3723 5709 Pari:
