3968 6180
256 355 408 414 1109

1414 356 1990 419 OBSERVATIONES
2026 363 2115 421 ET
2151 365 2388 424 ΝΟΤιΕ.

3407 368 3552 425 illi)

251 472 431 527 sieusi
452 468 751 540 subjectam
772 471 1009 542 reperit;
1033 484 1154 526 can.
1177 468 1445 527 Seoncilii
1468 450 1846 540 Nannetensis,
1880 480 1924 537 Α
1954 475 2156 533 Deinde
2183 467 2431 552 eiempla
2459 476 2679 534 Patrum
2725 478 2994 549 proponit.
3026 497 3044 529 ι
3079 478 3386 533 Praesertim
3420 492 3545 535 cum

256 577 317 618 ο.
350 563 425 630 6;
458 564 700 633 synodus
744 564 918 619 sancti
955 561 1198 629 Patricii,
1226 579 1276 619 c.
1302 563 1374 620 23
1403 581 1417 631 ;
1459 573 1681 621 sanctus
1721 566 1858 622 Gre-

258 653 454 725 gorius
480 652 537 708 in
568 652 798 723 epistola
827 653 896 710 de
918 654 1257 724 expositione
1282 654 1618 710 diversarum
1647 657 1715 711 ad
1749 656 1860 712 Au-

258 745 545 815 gustinum
575 745 633 800 in
660 745 1012 815 responsione
1036 744 1103 799 ad
1152 746 1628 816 interrogationem
1651 746 1721 813 9;
1752 747 1860 802 Ex-

257 837 576 906 cerptiones
598 835 817 907 Egberti
844 835 1204 890 Eboracensis
1223 835 1614 906 archiepiscopi
1634 850 1681 891 c.
1709 836 1856 904 9-52,

258 943 427 1000 quem
457 927 594 984 citat
622 942 688 982 ex
727 940 936 983 canone
956 925 1263 995 Epaonensi
1299 924 1389 980 56.
1434 924 1563 980 Vide
1590 924 1685 980 lib.
1712 941 1729 980 ι
1757 923 1856 981 Ca—

256 1018 449 1093 pitul.,
475 1036 526 1077 c.
562 1019 706 1084 £59;
751 1018 848 1073 lib.
881 1032 945 1083 ιι,
978 1016 1172 1082 ex“;
1212 1015 1407 1072 concil.
1440 1015 1757 1072 Arelatense
1780 1032 1855 1082 vi,

256 1128 312 1168 c.
336 1111 404 1165 21
435 1127 450 1176 ;
496 1107 834 1178 Theodulpbi
859 1106 1097 1179 episcopi
1125 1105 1532 1161 Aurelianensis
1561 1106 1723 1175 capit.
1755 1105 1853 1159 11·

258 1200 460 1258 concil.
513 1196 838 1270 Moguntiac.
872 1212 923 1252 c.
953 1196 1043 1261 52,
1093 1198 1146 1251 in
1195 1195 1390 1267 quibus
1430 1195 1560 1250 illud
1610 1195 1752 1251 idem
1788 1195 1859 1251 ob

256 1292 509 1346 eamdem
539 1289 807 1345 rationem
831 1288 1166 1358 prohibetur.

332 1382 473 1437 Inde
500 1380 700 1436 euulsa.
741 1378 920 1447 Quare
947 1379 1063 1434 hmc
1103 1377 1294 1433 altaria
1333 1378 1494 1450 vulgo
1538 1377 1859 1437 averteban-

260 1483 391 1538 tur;
427 1474 569 1528 sicut
599 1480 750 1544 patet
793 1488 861 1527 ex
904 1472 1136 1536 concilio
1179 1471 1590 1543 Carthaginensi
1638 1471 1859 1527 nomine

258 1562 478 1632 quinto,
506 1577 557 1621 c.
585 1562 650 1616 ιι
677 1580 689 1616 :
720 1580 741 1615 ι
771 1561 854 1617 Ab
883 1562 1153 1632 episcopis
1195 1562 1287 1632 qui
1314 1563 1519 1617 eisdem
1563 1563 1698 1618 locis
1721 1577 1857 1632 prae-

259 1662 410 1719 sunt,
438 1653 491 1708 si
520 1653 637 1709 ﬁeri
661 1661 1254 1733 potest,-evertantur;
1288 1654 1332 1711 si
1368 1664 1548 1710 autem
1590 1656 1694 1711 hoc
1730 1671 1858 1726 pro-o

1960 584 2066 624 non
2115 570 2419 641 ignorarem
2476 571 2632 627 istius
2671 570 2815 626 modi
2866 570 3112 641 exempla
3161 570 3302 640 apud
3352 568 3543 625 Patres

1958 673 2287 728 superesse:
2338 660 2510 715 beatae
2563 660 2830 730 siquidem
2884 660 3161 716 memoria:
3212 659 3541 724 Alexander,

1957 764 2080 803 cum
2128 748 2234 804 alia
2282 748 2400 804 loca
2447 757 2676 821 angusta
2717 759 2920 815 essent,
2972 750 3025 804 in
3077 749 3308 806 ecclesia
3341 746 3546 818 majore

1958 835 2174 903 lheone,
2209 853 2374 908 quam
2421 837 2743 905 aedificabat,
2789 852 3020 911 synaxes
3047 839 3308 894 celebrari
3349 838 3540 894 voluit.

1955 927 2013 982 ld
2039 929 2183 983 enim
2206 929 2439 984 habebat
2462 929 2739 986 hominum
2763 929 3082 1002 frequentia,
3108 947 3209 986 nec
3228 932 3281 985 in
3302 931 3541 1003 cogendo

1956 1021 2153 1092 populo
2198 1024 2457 1091 respexit,
2507 1038 2625 1077 eam
2678 1025 2917 1079 nondum
2965 1023 3354 1079 exaedificatam
3400 1038 3542 1081 esse.

1957 1112 2211 1180 Quiuimo
2242 1110 2414 1167 frater
2459 1122 2586 1167 tuus
2626 1113 2799 1168 beata:
2827 1114 3104 1173 memoria:
3148 1114 3203 1179 in
3232 1111 3542 1185 bujusmodi

1958 1202 2178 1273 templo,
2210 1220 2333 1259 cum
2362 1202 2623 1274 Aquileiae
2663 1208 2882 1279 synaxis
2925 1207 3237 1273 haberetur,
3270 1207 3384 1276 ipse
3409 1208 3545 1275 quo-

1956 1308 2060 1363 que
2085 1310 2149 1350 eo
2170 1310 2227 1352 se
2249 1296 2479 1351 contulit
2505 1314 2517 1350 :
2552 1296 2627 1352 ita
2655 1296 2907 1359 nimirum
2936 1305 2989 1352 et
3012 1313 3111 1369 ego
3135 1312 3347 1368 quoque
3368 1296 3492 1351 feci.
3518 1314 3537 1347 ι

1957 1385 2195 1454 Denique
2219 1386 2464 1456 ipsismet
2483 1385 2686 1441 Christi
2708 1387 2886 1441 verbis
2908 1387 3007 1442 hoc
3029 1403 3060 1440 a
3089 1402 3147 1443 se
3168 1394 3315 1448 recte
3343 1383 3547 1441 factum

1955 1474 2035 1529 sic
2062 1459 2273 1544 probat.
2327 1493 2348 1524 ι
2396 1473 2658 1549 Superest
2704 1475 2869 1547 igitur
2901 1484 2960 1529 ut
3002 1475 3289 1546 anticipem
3321 1474 3373 1529 in
3403 1475 3548 1544 quod

1955 1563 2043 1618 ille
2069 1564 2280 1619 dentem
2308 1563 2474 1634 ﬁgere
2520 1576 2725 1634 posset.
2756 1564 2956 1636 Objicit
2984 1565 3037 1619 in
3083 1566 3197 1621 suis
3238 1564 3547 1631 calumniis,

1953 1670 2088 1725 opus
2109 1656 2346 1711 nondum
2370 1658 2678 1719 dedicatum
2708 1657 2895 1723 fuisse,
2923 1674 2987 1715 ac
3015 1661 3241 1730 proinde
3267 1659 3549 1733 illegitimo

258 1751 387 1821 pter
415 1742 679 1798 tumultus
706 1744 994 1813 populares
1035 1759 1144 1807 non
1184 1744 1400 1810 sinitur,
1446 1744 1632 1815 plebes
1672 1754 1852 1801 tamen
1957 1745 2028 1799 ibi
2059 1760 2248 1817 preces
2277 1756 2586 1821 conceptas.
2623 1748 2883 1807 Dominus
2914 1759 3092 1810 tamen
3126 1751 3178 1804 in
3215 1752 3552 1807 contrarium

259 1820 679 1897 admoneamur,
710 1848 779 1888 ne
807 1833 898 1887 illa
936 1833 1053 1888 loca
1098 1832 1475 1904 frequentem;
1509 1835 1683 1903 utqui
1712 1843 1858 1889 recte
1889 1822 1934 1880 Β
1961 1836 2224 1907 pnecipit,
2262 1853 2385 1893 cum
2433 1820 2585 1893 dicit.
2639 1838 2719 1892 Tu
2750 1848 2931 1894 autem
2962 1854 3085 1894 cum
3124 1840 3324 1908 orabis,
3371 1842 3551 1920 ingre—

258 1925 503 1995 sapiunt,
531 1923 675 1979 nulla
705 1924 778 1981 ibi
806 1926 1188 1995 superstitione
1216 1926 1448 1981 devincti
1495 1935 1800 1981 teneantur.
1831 1946 1850 1981 ι

260 2016 372 2072 Iste
399 2031 574 2072 canon
606 2014 838 2071 refertur
865 2015 919 2069 in
952 2016 1161 2086 integro
1183 2015 1366 2070 codice
1386 2029 1652 2070 canonum
1674 2015 1859 2070 Eccle-

260 2107 362 2162 siae
390 2102 683 2170 Africanae,
713 2119 762 2159 c.
792 2104 883 2169 85,
935 2111 1099 2174 atque
1146 2104 1198 2158 in
1237 2102 1523 2173 capitulari
1558 2103 1857 2175 Aquisgra-

262 2195 426 2259 nensi
447 2194 543 2258 42.
585 2194 653 2249 Et
697 2194 831 2250 satis
869 2194 1039 2264 repeti
1074 2209 1182 2249 non
1228 2201 1426 2265 potest,
1476 2201 1537 2247 ut
1587 2195 1679 2264 qui
1714 2202 1859 2250 recte

260 2286 506 2356 sapiunt,
538 2284 687 2339 nullo
715 2283 1119 2354 superstitionis
1143 2297 1331 2337 errore
1368 2283 1601 2338 devincti
1641 2292 1861 2337 tenean-

262 2386 379 2431 tur.
431 2377 508 2431 De
533 2377 814 2432 eversione
851 2378 1044 2431 horum
1082 2375 1334 2431 altarium
1370 2376 1643 2447 egregium
1672 2375 1862 2430 Marti-

264 2467 324 2523 ni
354 2467 659 2537 exemplum
696 2467 851 2523 nobis
882 2467 1189 2538 suppeditat
1220 2466 1483 2536 Sulpitius
1526 2464 1762 2520 Severus
1805 2466 1859 2520 in

265 2559 409 2613 libro
455 2557 572 2627 ejus
617 2557 866 2612 Historiae
905 2573 1024 2629 cap.
1051 2558 1134 2613 8:
1172 2575 1190 2608 ι
1236 2556 1412 2626 Atque
1461 2557 1535 2610 ita
1582 2556 1756 2627 inquit
1804 2556 1860 2611 in

271 2650 377 2706 ﬁne
423 2650 636 2721 capitis,
688 2649 946 2721 populum
998 2648 1403 2720 superstitionis
1444 2647 1591 2704 illius
1629 2646 1860 2704 absolvit

264 2755 477 2798 errore.
509 2761 528 2795 ι

338 2850 452 2909 Sed
476 2853 523 2908 si
551 2862 678 2923 apta
707 2853 910 2909 videtur
933 2854 1003 2908 ad
1026 2854 1459 2920 consecrandum,
1487 2861 1618 2919 etc.,
1642 2853 1865 2922 rewdiﬁ-

268 2950 437 3009 retur.
489 2941 668 2998 Etiam
716 2944 917 3015 templa
964 2945 1207 3009 deorum,
1264 2955 1554 3015 postquam
1607 2943 1863 3000 demolita

270 3034 511 3100 fuerant,
548 3032 847 3091 Christiani
889 3036 944 3090 in
980 3035 1267 3092 ecclesiam
1307 3036 1401 3090 Dei
1429 3035 1869 3099 commutabant.

1955 1925 2120 1981 dieris
2147 1926 2202 1980 in
2230 1926 2526 1998 penetralia
2552 1935 2668 1993 tua,
2699 1937 2754 1982 et
2775 1928 3027 1985 occludes
3056 1928 3200 1986 fores
3232 1938 3373 1987 tuas.
3405 1934 3546 2001 Quid

1957 2018 2087 2077 mihi
2126 2034 2255 2091 ergo
2276 2019 2519 2091 loquitur
2544 2020 2926 2087 calumniator,
2950 2022 3035 2077 vel
3061 2024 3188 2092 quid
3216 2025 3394 2095 potius
3422 2042 3541 2097 pru-

1957 2109 2151 2165 denter
2176 2120 2230 2166 et
2265 2127 2392 2168 vere
2438 2112 2736 2168 Christiani
2783 2113 2966 2169 dicant
3014 2114 3397 2172 attendendum
3427 2128 3546 2189 est;

1959 2202 2058 2257 hos
2087 2202 2183 2257 tibi
2231 2203 2614 2271 consulendos,
2658 2203 3072 2276 interrogandus
3103 2214 3257 2276 puta,
3304 2224 3411 2263 non
3453 2225 3549 2265 au—

1960 2300 2066 2347 tem
2093 2293 2523 2361 obtrectatores;
2564 2309 2686 2349 cum
2719 2295 2783 2350 de
2811 2294 2879 2350 iis
2919 2295 3178 2366 scriptum
3211 2298 3302 2365 sit,
3336 2297 3548 2365 Stultus

1961 2380 2059 2436 tibi
2096 2382 2261 2438 stulta
2288 2384 2537 2453 loquetur
2561 2401 2575 2452 ;
2606 2384 2673 2440 de
2702 2384 2821 2439 istis
2847 2394 3027 2440 autem
3071 2388 3436 2459 praecipiatur,
3464 2392 3549 2459 Ab

1958 2474 2104 2529 omni
2159 2475 2402 2544 sapiente
2446 2475 2632 2547 accipe
2679 2476 3038 2540 consilium...
3088 2458 3315 2545 Sublata
3362 2458 3548 2545 tamen

1958 2567 2301 2635 necessitate,
2345 2568 2611 2624 rationem
2656 2568 2781 2636 loci,
2806 2569 2862 2624 in
2906 2583 3016 2641 quo
3060 2573 3282 2644 synaxis
3314 2572 3549 2637 habetur

1959 2672 2067 2713 non
2097 2672 2217 2715 esse
2236 2657 2610 2730 negligentiam
2640 2658 2798 2721 docet
2817 2648 3041 2716 sanctus
3064 2658 3321 2729 Basilius,
3349 2662 3416 2717 de
3444 2663 3551 2718 Ba.

1958 2749 2180 2821 ptismo,
2207 2765 2327 2821 cap.
2352 2752 2386 2807 8
2413 2768 2426 2804 :
2455 2768 2493 2811 ι-
2506 2749 2673 2813 Nobis
2693 2767 2907 2822 quoque
2933 2752 3234 2823 periculum
3256 2755 3395 2813 male
3414 2756 3550 2813 obiti

1959 2838 2219 2907 mandati,
2249 2838 2296 2895 si
2326 2839 2429 2907 loci
2461 2841 2727 2897 rationem
2757 2827 3161 2914 neglexerimus
3186 2862 3201 2913 ;
3242 2846 3477 2903 maxime
3504 2849 3552 2917 si

1959 2930 2246 2995 sacerdotii
2274 2932 2531 3003 mysteria
2560 2932 2615 2987 in
2635 2932 2768 2991 locis
2794 2921 3038 3015 profanis
3062 2936 3551 2999 celebraret-imus;

1957 3029 2257 3104 propterea,
2289 3023 2432 3092 quod
2460 3036 2525 3077 ea
2552 3037 2644 3078 res
2668 3022 2932 3099 judicium
2962 3027 3187 3085 haberet
3211 3038 3555 3105 contemptus

267 3124 428 3193 Quod
454 3134 686 3182 testatur
729 3125 1081 3191 Sozonicnns,
1125 3125 1221 3180 lib.
1260 3142 1315 3181 vr
1360 3125 1587 3193 Histor.,
1615 3141 1734 3196 cap.
1763 3124 1856 3180 20.

1962 3110 2019 3173 in
2059 3109 2392 3177 celebrante,
2436 3111 2821 3176 oﬂ‘endiculum
2863 3131 3078 3186 quoque
3122 3127 3406 3190 generaret
3450 3137 3551 3191 pro

1962 3201 2220 3224 “-4-.-”
2254 3201 2591 3224 -m.-.,-____
2654 3211 2699 3224 ,.
2748 3214 2962 3224 ,μ-,μ
3112 3208 3123 3220 .
3354 3209 3387 3224 .-

268 3214 576 3285 Aliquando
598 3221 748 3270 tanta
769 3215 1141 3271 exsecratione
1161 3228 1327 3271 exosa
1345 3216 1640 3282 habebant,
1666 3223 1728 3270 ut
1751 3214 1870 3285 pol-.

271 3304 533 3360 lutionetn
561 3321 748 3361 eorum
786 3305 1120 3377 purgabilem
1143 3321 1247 3362 non
1276 3314 1552 3376 putarent,
1575 3313 1630 3361 et
1657 3305 1861 3366 sanctis

203 3424 213 3433 -
273 3397 466 3453 usibus
488 3397 758 3468 applicare
782 3397 1143 3469 despicerent,
1173 3398 1315 3453 sicut
1354 3398 1646 3468 loquuntur
1668 3397 1863 3454 Patres

271 3489 490 3551 concilii
524 3488 879 3560 Epaonensis,
925 3504 1048 3544 can.
1076 3488 1181 3555 35;
1229 3489 1550 3560 quandoque
1581 3503 1712 3543 vero
1750 3503 1865 3543 non

272 3578 583 3643 diruebant,
611 3577 711 3633 sed
747 3579 858 3633 Deo
882 3578 937 3632 in
979 3577 1240 3635 honorem
1285 3576 1563 3647 cujusdam
1604 3577 1862 3648 martyris

271 3669 688 3727 consecrabant.
719 3688 738 3722 ι
763 3668 901 3725 Cum
926 3669 1267 3739 vero,jnquit
1293 3676 1514 3730 sanctus
1526 3667 1860 3738 Augustinus

266 3766 328 3824 in
357 3766 591 3837 epistola
616 3766 744 3833 154,
765 3766 821 3820 in
846 3781 979 3821 usus
1003 3779 1341 3830 communes,
1373 3778 1480 3818 non
1519 3762 1768 3835 proprios
1794 3775 1862 3816 ac

269 3857 538 3929 privatos,
576 3856 662 3913 vel
689 3857 745 3911 in
770 3857 978 3913 honore
1021 3856 1117 3912 Dei
1145 3856 1259 3912 veri
1306 3861 1712 3919 convertuntur,
1757 3853 1862 3908 hoc

270 3946 342 4002 de
374 3945 486 4002 illis
512 3946 573 4002 (it
616 3947 759 4017 quod
785 3946 853 4002 de
898 3946 1030 4018 ipsis
1054 3946 1386 4011 hominibus,
1429 3961 1555 4001 cum
1581 3959 1652 4009 ex
1686 3944 1859 3999 sacri-

272 4037 413 4107 legis
444 4045 502 4091 et
530 4037 887 4108 improbisin,
913 4053 1099 4093 veram
1142 4037 1457 4108 religionem
1504 4042 1799 4091 mutantur.
1835 4054 1854 4087 ι

270 4125 442 4195 Cujus
463 4127 543 4182 rei
570 4128 782 4199 insigne
807 4129 1111 4198 exemplum
1147 4135 1326 4184 exstat
1363 4127 1506 4198 apud
1548 4127 1860 4198 Evagrium,

270 4213 373 4272 lib.
402 4232 420 4271 ι
448 4216 614 4284 liist.,
640 4234 690 4274 c.
721 4218 810 4284 16,
836 4218 929 4289 qui
967 4216 1136 4274 refert
1171 4220 1238 4275 de
1266 4218 1592 4284 Theodosio,
1622 4228 1681 4272 ut
1704 4217 1877 4290 lgna-.

273 4305 416 4361 tium
456 4307 696 4370 divinum
743 4317 1038 4381 martyrem
1088 4308 1384 4379 majoribus
1424 4309 1662 4367 alliceret
1692 4310 1863 4367 bono-

279 4398 455 4462 ribus,
484 4399 743 4469 templum
765 4400 877 4468 jam
908 4401 1039 4456 olim
1069 4402 1403 4459 daemonibus
1429 4404 1688 4471 dicatum,
1717 4406 1863 4475 quod

279 4487 548 4561 indigenae
581 4491 840 4560 templum
868 4491 1122 4548 Fortunae
1168 4495 1572 4564 nuncupabant,
1608 4494 1663 4551 in
1692 4495 1859 4565 ipsius
1887 4507 2099 4568 “mss.
2122 4492 2316 4563 quibus
2344 4493 2489 4549 istud
2515 4495 2750 4566 primum
2779 4506 2941 4566 caput
2970 4499 3364 4561 Ptnnitentialis
3385 4522 3551 4578 expo-
3658 4555 3668 4564 .

278 4581 540 4637 honorem
563 4597 929 4643 consecrasse.
956 4584 1094 4641 Hinc
1115 4587 1377 4647 discimus
1391 4587 1614 4643 multum
1635 4588 1864 4659 tempori
1892 4648 1895 4652 ,

277 4672 693 4740 consulendum,
750 4683 913 4746 atque
957 4677 1062 4733 hoc
1105 4694 1269 4741 unum
1317 4682 1667 4748 spectandum
1719 4683 1865 4752 quod

277 4779 446 4819 omne
488 4766 805 4822 scandalum
842 4780 1087 4826 removet
1131 4779 1187 4825 et
1229 4771 1572 4828 aediﬁcationi
1600 4775 1863 4844 plurimo-

278 4868 403 4909 rum
433 4852 682 4915 inservit.

350 4939 413 4996 Si
438 4944 551 4998 Ιιιιτ
575 4959 879 5004 consecrata
901 4951 1050 5020 prius
1076 4953 1197 5022 luit.
1242 4940 1543 5019 Athanasio
1575 4957 1732 5026 quasi
1773 4972 1864 5013 ca—

274 5032 447 5104 pitale
474 5034 679 5092 crimen
704 5035 1060 5105 objiciebatur-
1084 5042 1226 5112 quod
1250 5043 1302 5096 in
1332 5043 1563 5099 ecclesia
1586 5060 1865 5113 quamnon-

277 5137 409 5181 ttum
431 5127 678 5183 dedicata
721 5128 919 5196 fuerat,
948 5135 1194 5203 synaxim
1222 5136 1523 5190 habuisset.
1553 5135 1659 5192 Sed
1681 5154 1865 5193 exem-

274 5217 382 5289 plis
407 5233 628 5274 suorum
655 5229 871 5291 patrum
901 5238 967 5278 ac
1011 5225 1336 5281 testimoniis
1379 5226 1693 5298 Scriptum,
1735 5230 1864 5285 illud

274 5310 482 5366 crimen
515 5309 672 5367 facile
698 5312 856 5369 diluit
885 5314 938 5368 in
968 5329 1063 5369 sua
1099 5316 1167 5370 ad
1193 5316 1571 5387 imperatorem
1600 5317 1866 5376 Constan-

274 5402 413 5457 tium
456 5403 736 5477 Apologia.
771 5423 792 5458 ι
835 5404 1125 5472 Ceterum,
1166 5406 1360 5477 inquit,
1396 5409 1524 5479 quia
1552 5410 1620 5464 de
1668 5425 1862 5482 magna

271 5496 507 5551 ecclesia
532 5498 741 5553 crimen
762 5501 1110 5561 concinnant,
1147 5502 1290 5571 quod
1319 5502 1391 5556 ibi
1432 5503 1656 5574 synaxis
1682 5504 1863 5559 habita

271 5583 347 5638 sit
372 5584 695 5655 priusquam
721 5588 1091 5655 dedicaretur,
1132 5603 1267 5661 age,_
1293 5590 1456 5654 etiam
1487 5606 1551 5647 ea
1579 5592 1648 5647 de
1671 5607 1732 5648 re
1758 5600 1865 5648 tua:

272 5674 465 5745 pietati
497 5692 818 5753 responsum
860 5680 1050 5737 demus
1078 5699 1089 5734 :
1118 5696 1184 5736 eo
1217 5681 1363 5736 enim
1408 5698 1505 5737 nos
1533 5684 1752 5738 trahunt
1786 5683 1861 5738 illi

273 5766 364 5833 qui
403 5767 460 5822 in
491 5783 589 5825 nos
616 5770 738 5826 odia
786 5781 1099 5842 congerunt.
1148 5772 1374 5828 Factum
1419 5784 1519 5843 est,
1549 5790 1804 5848 agnosco.
1835 5794 1856 5830 ι

1962 3201 2225 3269 varietate
2252 3201 2619 3271 atl'ectionum,
2648 3211 2704 3259 et
2745 3214 2968 3281 propter
3010 3208 3218 3281 variam
3259 3209 3552 3273 multorum

1962 3293 2018 3350 in
2044 3309 2226 3359 rerum
2270 3294 2575 3357 divinarum
2626 3295 2851 3351 scientia
2898 3296 3305 3368 inﬁrmitatem,
3347 3300 3432 3362 διὰ
3459 3310 3554 3366 τήν

1959 3397 2063 3457 τῶν
2099 3390 2304 3453 πολλῶι
2338 3393 2393 3449 ἔνη
2435 3398 2499 3467 τῇ
2526 3392 2714 3465 γνώσει
2741 3390 2977 3469 διὰφβρον
3019 3395 3296 3451 ἀσθένειαν.
3337 3395 3552 3452 Etenim

1960 3498 2085 3540 cum
2120 3481 2633 3549 essent,Cbristiani
2663 3483 2808 3554 pleni
2846 3484 3021 3555 gratia
3050 3494 3107 3540 et
3130 3485 3465 3557 fortitudine,
3492 3497 3555 3544 ut

1961 3575 2038 3636 ait
2083 3573 2320 3630 Joannes
2361 3576 2782 3645 Cbrysostomus
2826 3576 2879 3632 in
2928 3578 3150 3633 homilia
3191 3579 3260 3634 51
3312 3580 3367 3635 in
3410 3581 3551 3638 Mat-

1962 3668 2186 3734 thteum,
2212 3668 2408 3724 domus
2437 3669 2568 3740 ipsa:
2596 3669 2683 3725 his
2726 3670 2920 3742 priscis
2949 3674 3284 3744 temporibus
3311 3676 3558 3739 ecclesia:

1958 3769 2136 3816 erant.
2166 3760 2273 3818 Sed
2314 3763 2640 3834 l‘rigesceute
2680 3763 2972 3831 cbaritate,
3014 3774 3069 3822 et
3109 3778 3351 3839 spectata
3378 3770 3553 3841 pluri-

1961 3868 2172 3907 morum
2208 3852 2525 3910 infirmitate
2552 3870 2583 3910 a
2621 3855 2875 3916 Patribus
2900 3863 3167 3917 sancitum
3195 3871 3280 3920 est
3305 3864 3358 3919 in
3383 3864 3557 3923 coclea

1960 3943 2041 3999 sia
2067 3959 2176 3998 non
2215 3941 2398 4000 offerri
2445 3955 2736 4018 antequam
2767 3963 3198 4019 consecraretur.
3230 3974 3249 4008 ι
3293 3957 3429 4012 Vide
3455 3956 3557 4030 Sy-

1960 4033 2161 4089 nodum
2192 4035 2365 4093 sancti
2412 4036 2654 4103 Patricii,
2684 4054 2733 4094 c.
2763 4040 2872 4106 23;
2906 4041 3294 4114 Excerptiones
3330 4046 3557 4118 Egberti

1961 4122 2434 4197 Eboracensisrc.
2472 4126 2544 4194 9;
2595 4127 2828 4202 Capitul.
2867 4131 2904 4185 ι.
2952 4147 3028 4198 vr,
3058 4148 3109 4187 c.
3156 4134 3300 4202 507;
3350 4138 3553 4195 concil.

1963 4215 2332 4282 Triburiense,
2361 4234 2411 4273 c.
2441 4218 2497 4283 4,
2540 4218 2695 4288 cujus
2738 4221 2900 4276 verba
2940 4224 3207 4280 habeantur
3229 4227 3285 4281 in
3321 4230 3559 4288 concilio

1961 4306 2277 4379 Moguntino
2302 4310 2401 4365 sub
2429 4308 2733 4381 Arnulpho,
2762 4328 2811 4368 c.
2838 4313 2890 4368 9.
2922 4313 3084 4371 Plura
3123 4315 3240 4387 jam
3264 4319 3330 4375 de
3359 4336 3556 4386 consc-

1962 4402 2203 4456 oratione
2226 4402 2471 4458 ecclesiae
2497 4419 2657 4473 supra
2685 4405 2969 4463 retulimus
2985 4424 3053 4464 ex
3089 4412 3252 4467 variis
3274 4414 3551 4473 codicibus

1963 4584 2129 4639 nitur.
2154 4583 2254 4639 Hic
2273 4600 2487 4655 quoque
2512 4602 2618 4642 non
2642 4588 3211 4650 eritalienumaddere
3226 4598 3555 4665 quzestiones

1964 4692 2100 4747 quas
2128 4676 2320 4731 Petrus
2348 4675 2553 4732 Cantor
2582 4688 2763 4735 movet
2787 4679 3315 4742 decademmateria
3339 4687 3394 4742 in
3411 4687 3557 4746 libro

1964 4766 2031 4821 de
2054 4764 2445 4821 Sacramentis.

1964 4878 2166 4935 Selecta
2187 4895 2253 4934 ea:
2287 4895 2403 4952 cap.
2435 4881 2506 4936 55
2554 4884 2747 4938 codicis
2784 4901 2881 4938 ms.
2913 4887 2978 4941 de
3006 4886 3360 4951 Sacramentis
3404 4892 3551 4952 Petri

2462 4952 2706 5009 Cantoris
2736 4952 3083 5015 Parisiensis.

2034 5045 2304 5112 Quaeritur
2348 5046 2476 5116 quid
2506 5047 2578 5102 sit
2611 5049 2756 5116 quod
2791 5049 2922 5106 dicit
2944 5054 3255 5127 episcopus,
3291 5058 3446 5131 Ungo
3472 5070 3547 5124 te.

1965 5141 2032 5194 ad
2058 5139 2338 5196 basilicam
2362 5156 2431 5197 ex
2456 5142 2748 5199 insensntis
2777 5145 3044 5218 lapidibus
3071 5161 3452 5210 constructam.
3478 5157 3544 5212 R.

1964 5229 2119 5297 Quod
2157 5231 2247 5287 hic
2291 5240 2375 5287 est
2401 5248 2592 5289 sensus
2635 5238 2948 5305 verborum,
2988 5240 3091 5295 Per
3129 5250 3184 5296 te
3208 5244 3454 5314 significo
3482 5247 3547 5304 lio

1965 5319 2163 5375 delium
2191 5320 2490 5378 Ecclesiam
2521 5333 2750 5381 unctam.
2769 5327 2824 5382 in
2854 5339 3193 5386 sacramento
3235 5332 3381 5400 ﬁdei,
3410 5345 3467 5394 et
3490 5340 3546 5396 in

1964 5412 2149 5469 futuro
2170 5414 2386 5484 plenius
2430 5417 2903 5489 inungendam—
2920 5420 3192 5488 Quaeritur
3226 5428 3391 5483 etiam
3418 5432 3547 5502 quid

1964 5505 2035 5560 sit
2060 5507 2203 5575 quod
2235 5508 2450 5572 dicitur,
2500 5509 2585 5565 Sit
2624 5511 2739 5566 haec
2762 5510 2955 5567 domus
2997 5511 3224 5572 ﬁrmiter
3259 5520 3543 5590 aediﬁcata.

1964 5611 2086 5651 cum
2114 5596 2254 5654 forte
2279 5608 2551 5656 structura
2579 5601 2693 5671 ipsa
2715 5601 2937 5658 mitralis
2963 5604 3035 5660 sit
3058 5605 3113 5661 in
3142 5609 3289 5664 brevi
3313 5614 3543 5672 ruitura.

1966 5685 2031 5740 ll.
2058 5686 2211 5755 Quod
2241 5689 2345 5745 hoc
2374 5689 2607 5746 refertur
2633 5692 2702 5746 ad
2741 5691 2887 5749 illam
2915 5695 3214 5767 spiritalem
3249 5703 3545 5766 Ecclesiam

1965 5791 2085 5848 quae
2109 5792 2207 5848 per
2237 5778 2384 5834 illam
2429 5779 2764 5852 intelligitur.
2782 5814 2849 5824 —
2872 5784 3143 5855 Quaeritur
3168 5793 3332 5851 etiam
3363 5806 3549 5861 utrum
