3968 6180
471 299 603 356 ΜΗ

1567 300 1660 357 AD
1697 296 2236 354 ρωκιτεχτιλιε
2277 297 2624 363 THEODOIU

3585 309 3731 364 NH

469 428 534 468 ex
573 411 826 468 unctione
852 410 1225 466 sacramentali
1261 418 1316 464 et
1341 410 1619 480 multiplici
1648 411 2040 478 benedictione,
2069 413 2117 470 Δ
2146 411 2330 466 nasius
2357 413 2411 466 in
2439 413 2559 468 Vita
2595 413 2768 470 sancti
2803 414 3052 481 Antonii,
3081 419 3170 486 qui
3199 427 3395 489 prater
3423 421 3566 475 hanc
3593 437 3732 476 con-

469 519 590 572 que
617 504 678 558 ﬁt
702 503 757 560 in
789 502 1104 568 dedicanda,
1141 502 1304 556 veluti
1329 518 1450 556 cum
1480 512 1688 568 oratur,
1725 512 1786 557 ut
1817 503 2044 572 quicun-

467 609 570 661 que
599 592 773 647 locum
815 591 963 646 illum
1009 591 1209 661 aliquid
1253 591 1523 660 petiturus
1557 591 1875 660 ingreditur,
1912 607 2044 646 cun-

466 693 550 739 cta
579 698 636 738 se
673 684 958 753 impetrare
983 684 1228 748 lauetur;
1277 685 1427 737 locus
1466 683 1554 737 ille
1581 685 1814 752 aliquam
1844 684 2039 738 sortia-

469 785 558 828 tur
585 773 897 838 etﬁcaciam,
929 782 983 827 et
1017 773 1244 842 aliquem
1272 775 1458 844 gratia:
1499 774 1796 838 cumulum,
1824 782 1882 826 ut
1919 788 2042 828 con-

465 865 604 920 ferat
631 866 833 934 aliquid
877 867 1154 920 orantibus
1199 866 1252 918 in
1298 881 1382 927 eo,
1417 866 1623 923 scilicet
1666 865 1750 918 vel
1781 863 2038 930 majorem

465 959 802 1012 devotionem
832 964 886 1011 et
931 958 1311 1027 promptiorem
1359 971 1580 1024 precum
1618 955 2036 1010 exauditionem.

459 1047 648 1101 Nonne
671 1047 724 1100 in
755 1048 862 1101 alio
883 1047 1000 1102 loco
1039 1049 1234 1118 poterit
1262 1048 1383 1116 quis
1411 1063 1476 1101 ex
1512 1047 1628 1116 pari
1673 1045 1960 1108 charitate,
1985 1053 2040 1098 et

457 1138 740 1192 devotione
767 1139 957 1192 orare?
981 1138 1156 1205 Quare
1195 1154 1322 1209 ergo
1359 1153 1464 1192 non
1511 1138 1732 1192 habebit
1774 1135 2036 1204 aqualem

457 1227 706 1282 atl‘ectum
740 1227 856 1295 ejus
879 1228 1053 1282 oratio
1077 1240 1125 1280 α.

452 1316 540 1370 Ea:
567 1335 681 1388 cap.
710 1319 796 1374 54.
830 1319 905 1373 De
924 1321 1095 1373 causis
1121 1320 1371 1373 iterandw
1397 1317 1799 1372 consecrationis
1825 1316 2030 1369 altaris.

524 1406 713 1461 Solent
742 1417 920 1461 autem
950 1408 1174 1462 diversae
1199 1424 1374 1461 causa
1395 1408 1648 1476 distingui
1673 1423 1686 1470 ;
1733 1422 1901 1474 quare
1935 1407 2029 1460 fiat

453 1497 669 1552 iteratio
719 1497 1141 1550 consecrationis
1190 1498 1243 1550 in
1274 1497 1454 1561 altari,
1493 1503 1548 1550 ct
1591 1496 1731 1549 inter
1761 1495 1880 1549 illas
1923 1510 2028 1548 una

2147 503 2516 572 suetudinem,
2544 512 2772 560 caeteras
2799 522 2905 560 non
2941 509 3153 576 probat.
3191 528 3208 560 ι
3243 510 3355 564 Mos
3381 511 3607 573 etenim,
3642 512 3730 565 in-

2145 594 2292 664 quit,
2321 592 2592 664 }Egyptiis
2619 603 2702 650 est
2720 636 2733 660 ,
2767 597 3025 652 nobilium
3058 608 3112 654 et
3139 602 3409 671 praecipue
3437 604 3730 656 beatorum

2143 690 2444 752 martyrum
2474 698 2699 754 corpora
2732 685 3044 741 linteamine
3074 690 3287 757 quidem
3325 690 3637 755 obvolvere,
3673 700 3730 748 et

2143 771 2376 826 studium
2416 772 2592 827 funeri
2624 774 2836 828 solitum
2867 791 2971 830 non
3002 793 3199 847 negare
3229 797 3242 832 :
3277 790 3422 834 terra
3450 797 3584 836 vero
3612 798 3726 836 non

2143 860 2504 927 abscondere,
2547 863 2640 917 sed
2678 879 2844 933 super
2881 865 3108 921 lectulos
3146 869 3287 924 domi
3326 871 3501 938 posita
3543 886 3724 926 reser-

2143 965 2288 1004 vare.
2337 949 2489 1006 Hunc
2535 951 2794 1008 honorem
2835 956 3238 1024 quiescentibus
3271 961 3452 1025 reddi,
3507 963 3718 1018 invete-

2139 1048 2270 1094 rata:
2295 1042 2704 1097 consuetudinis
2724 1045 2935 1099 vanitas
2960 1048 3198 1101 tradidit.
3224 1050 3299 1103 De
3326 1050 3429 1104 hoc
3450 1050 3719 1106 Antonius

2138 1142 2278 1198 saepe
2303 1139 2357 1184 et
2381 1132 2662 1200 episcopos
2688 1134 3006 1202 deprecatus
3034 1146 3146 1202 est,
3202 1148 3262 1192 ut
3290 1141 3514 1210 populos
3543 1143 3717 1198 eccle-

2135 1222 2350 1277 siastica
2377 1225 2764 1279 consuetudine
2793 1227 3124 1294 corrigerent
3142 1269 3156 1292 ,
3190 1238 3244 1283 et
3273 1231 3442 1287 laicos
3475 1233 3624 1287 viros
3651 1249 3712 1288 ac

2136 1310 2394 1364 mulieres
2423 1312 2644 1381 rigidius
2672 1315 2785 1382 ipse
2809 1317 3077 1379 convenit,
3109 1318 3292 1372 dicens
3328 1337 3340 1372 :
3374 1336 3475 1375 nec
3505 1319 3708 1375 licitum

2135 1399 2238 1454 hoc
2263 1415 2404 1463 esse,
2433 1417 2531 1456 nec
2561 1403 2668 1457 Deo
2697 1404 2974 1472 placitum,
3003 1407 3200 1475 quippe
3229 1423 3349 1462 curn
3375 1410 3708 1478 patriarcha-

2131 1505 2252 1543 rum
2281 1498 2334 1544 ct
2362 1492 2740 1562 prophetarum
2770 1494 3012 1568 sepulcra
3037 1511 3157 1564 qua:
3184 1497 3249 1549 ad
3278 1513 3377 1552 nos
3398 1512 3573 1567 usque
3593 1515 3707 1568 per-

453 1601 612 1639 causa
638 1588 876 1656 ponitur,
925 1589 1090 1642 motio
1121 1605 1317 1643 mensa:
1344 1589 1546 1642 altaris.
1599 1588 1705 1644 Sed
1742 1597 2028 1657 antequam
2132 1580 2326 1633 durant
2349 1581 2462 1634 δαῖε
2484 1583 2626 1636 iaCta
2652 1585 3051 1638 com'incel‘ent-
3080 1586 3342 1641 DominiCi
3366 1589 3565 1657 quippe
3592 1604 3707 1643 001'-

453 1676 517 1727 de
551 1676 651 1730 hoc
677 1673 934 1736 dicamus,
974 1692 1278 1744 quaeramus
1322 1677 1364 1731 si
1415 1675 1552 1730 forte
1589 1684 1934 1731 consecretur
1958 1675 2030 1728 al?
2070 1747 2077 1748 ί
2129 1670 2278 1740 poris
2319 1671 2619 1740 exemplum
2661 1673 2857 1728 intueri
2891 1676 3143 1745 jubebat,
3187 1677 3330 1746 quod
3369 1679 3424 1732 in
3462 1680 3706 1748 sepulcro

453 1773 589 1830 tare,
622 1765 775 1835 cujus
798 1765 1100 1820 vehiculum
1135 1767 1204 1819 sit
1230 1782 1420 1835 magna
1446 1774 1620 1820 strues
1648 1765 1901 1834 lapidum,
1921 1780 2025 1818 non
2059 1747 2100 1805 Β
2129 1757 2385 1826 positum,
2405 1760 2580 1829 lapide
2605 1777 2773 1831 usque
2796 1764 2861 1818 ad
2888 1767 3304 1821 resurrectionis
3324 1768 3466 1823 diem
3488 1771 3706 1824 tertium

448 1859 628 1906 tamen
661 1859 819 1906 terrae
850 1850 1032 1915 inﬁxa,
1064 1851 1158 1904 sed
1194 1861 1303 1904 tota
1337 1853 1571 1916 mobilis,
1599 1859 1654 1904 et
1686 1859 1794 1904 tota
1839 1851 1938 1913 sic,
1968 1859 2027 1903 ut
2124 1846 2362 1903 clausum
2409 1848 2587 1904 fuerit.
2633 1851 2810 1920 Atque
2856 1853 2940 1908 bis
2978 1855 3150 1910 modis
3186 1857 3376 1910 vitium
3422 1859 3571 1913 circa
3621 1860 3707 1914 de-

447 1942 674 1996 materia
701 1941 789 1996 illa
819 1941 942 1996 inde
967 1943 1034 1996 ad
1061 1943 1236 1996 locum
1269 1943 1499 2010 aliquem
1524 1942 1805 2012 profanum
1835 1941 2025 1996 aﬁ'era-

447 2041 556 2096 tur,
582 2047 649 2085 an
673 2033 843 2101 possit
867 2032 940 2088 ibi
971 2031 1022 2085 in
1049 2047 1114 2085 eo
1141 2031 1426 2086 celebrari.
1461 2032 1527 2085 Et
1551 2040 1728 2101 potest
1758 2031 1860 2084 dici
1889 2031 2020 2084 nihil

446 2121 725 2190 impedire,
775 2121 1064 2176 dummodo
1109 2123 1162 2176 in
1201 2121 1358 2174 altari
1399 2121 1538 2175 nulla
1589 2121 1681 2174 ﬁat
1711 2122 1879 2175 motio
1925 2136 2023 2191 per

445 2209 869 2265 translationem.
901 2210 1053 2266 Unde
1081 2220 1227 2281 patet
1255 2211 1425 2281 magis
1461 2211 1512 2264 in
1548 2211 1777 2265 ecclesia
1804 2227 1909 2265 non
1938 2212 2026 2265 de-

442 2298 618 2352 dicata
653 2313 808 2368 posse
842 2315 1003 2368 super
1024 2300 1180 2355 altari
1205 2301 1351 2358 illato
1381 2300 1659 2357 celebrari.
1696 2300 1766 2356 Ut
1785 2302 1851 2354 ad
1879 2299 2020 2354 aliud

441 2389 814 2456 procedamus,
857 2403 1119 2456 ponamus
1147 2390 1289 2459 quod
1331 2389 1384 2450 in
1415 2405 1597 2445 mensa
1645 2389 1877 2458 quadam
1909 2389 2022 2442 sive

441 2475 668 2545 lapidea,
697 2479 809 2532 sive
828 2479 999 2547 lignea
1027 2480 1162 2548 lapis
1190 2481 1386 2548 aliquis
1405 2481 1714 2542 collocetur,
1743 2479 1881 2534 sicut
1904 2479 2020 2534 ﬁeri

441 2567 575 2622 solet
606 2568 659 2621 in
694 2568 852 2627 altari
885 2571 1143 2639 portatili,
1193 2570 1281 2634 illa
1311 2579 1490 2624 autem
1535 2584 1720 2623 mensa
1769 2584 1962 2638 magno
1989 2585 2020 2624 e

441 2661 594 2709 strue
619 2654 856 2724 lapidum
896 2666 1158 2712 caemcnto
1202 2658 1439 2712 uniatur.
1482 2657 1539 2712 Si
1586 2673 1714 2728 ergo
1755 2658 1890 2726 lapis
1931 2657 2020 2715 ille

439 2758 637 2800 mensa:
666 2747 938 2809 immissus
967 2747 1420 2813 siteonsecratus,
1448 2751 1709 2818 quaeritur
1735 2766 1803 2804 an
1830 2764 2014 2804 mensa

438 2844 581 2892 mota
612 2853 642 2892 a
675 2847 840 2903 strue,
872 2840 944 2894 sit
980 2839 1149 2895 altare
1175 2842 1348 2895 denuo
1385 2841 1830 2906 consecrandum,
1861 2843 2014 2914 quasi

438 2937 583 2982 mota
633 2944 662 2982 a
701 2929 947 2993 vehiculo
995 2944 1114 2996 suo,
1153 2946 1272 2985 cum
1326 2931 1412 2985 illa
1455 2941 1630 2987 strues
1682 2931 2014 3001 intelligatur

435 3017 556 3087 ejus
603 3034 723 3075 esse
771 3019 1092 3074 vehiculum.
1150 3021 1350 3076 Volunt
1393 3021 1610 3091 quidam
1660 3021 2007 3090 distinguere,

2123 1935 2332 1993 functos
2369 1937 2619 2010 Egypti,
2650 1943 2863 1996 etiamsi
2893 1956 3081 2000 sancta
3110 1955 3289 2001 essent
3325 1964 3590 2017 corpora,
3621 1966 3708 2004 co-

2122 2029 2379 2097 arguebat
2419 2030 2605 2085 dicens
2637 2047 2651 2085 :
2696 2031 2838 2098 Quid
2866 2033 3059 2102 majus,
3091 2045 3184 2090 aut
3211 2038 3452 2093 sanctius
3480 2054 3707 2110 corpore

2120 2127 2297 2186 potest
2341 2134 2461 2174 esse
2509 2122 2819 2188 Dominico,
2870 2125 3010 2193 quod
3059 2125 3212 2194 juxta
3254 2130 3702 2184 consuetudinem

2121 2209 2360 2279 gentium
2407 2221 2724 2265 creterarum
2772 2215 2937 2268 humo
2982 2216 3252 2270 conditum
3298 2231 3419 2272 esse
3468 2220 3704 2275 scimus?

2122 2295 2245 2350 Παλ-ο
2276 2296 2418 2365 justa
2460 2301 2736 2367 persuasio
2768 2302 3056 2356 multorum
3094 2305 3310 2360 insitum
3338 2307 3524 2361 evellit
3551 2323 3700 2361 erro-

2121 2403 2266 2452 rem,
2308 2400 2361 2442 et
2399 2391 2650 2460 repositis
2685 2392 2738 2445 in
2771 2401 2913 2448 terra
2943 2396 3295 2451 cadaveribus
3321 2399 3553 2454 Domino
3578 2415 3699 2470 gra—

2123 2478 2223 2532 tias
2252 2494 2350 2547 pro
2377 2481 2518 2535 bono
2549 2483 2862 2552 magisterio
2893 2485 3210 2541 retulerunt.
3249 2508 3266 2540 l
3297 2489 3450 2555 Quod
3480 2501 3699 2545 sanctus

2118 2564 2384 2622 Antonius
2425 2577 2486 2622 ut
2523 2583 2766 2625 errorem
2801 2580 2855 2626 et
2885 2589 3073 2627 vanam
3111 2577 3550 2645 superstitionem
3577 2578 3700 2648 reji-

2117 2656 2327 2719 ciebat,
2377 2657 2731 2714 inveteratam
2781 2677 2902 2717 esse
2953 2665 3093 2732 apud
3145 2665 3470 2722 inﬁrmiores
3516 2669 3699 2726 ﬁdeles

2117 2747 2558 2802 consuetudinem
2616 2757 2846 2806 testatur
2901 2763 3092 2808 auctor
3142 2756 3262 2810 libri
3315 2757 3381 2811 de
3434 2758 3695 2814 Resurre-

2116 2838 2317 2903 ctione,
2340 2853 2499 2908 quem
2520 2856 2572 2893 v.
2596 2841 2662 2895 cl.
2687 2841 2738 2896 J.
2765 2843 3084 2899 Sirmondus
3106 2846 3204 2900 sub
3238 2847 3456 2902 nomine
3478 2849 3691 2905 Eusebii

2114 2925 2462 2982 Caesariensis
2490 2929 2656 2983 edidit
2687 2947 2700 2984 :
2737 2949 2755 2980 ι
2789 2931 2903 2985 Non
2936 2935 3100 2998 enim,
3129 2943 3187 2988 ut
3218 2936 3312 3001 ait,
3342 2937 3573 3006 projecit
3596 2938 3693 2992 lin.

2113 3033 2271 3088 guam
2291 3059 2305 3082 ,
2346 3035 2508 3089 quam
2539 3021 2725 3075 incidit
2755 3023 3016 3089 medicus,
3047 3026 3140 3080 scd
3181 3027 3456 3096 accipiens
3488 3043 3610 3083 eam
3635 3038 3691 3084 ut

435 3119 612 3166 utrum
637 3112 688 3166 in
717 3127 899 3168 mensa
927 3122 1300 3168 consecratum
1341 3114 1530 3178 altare,
1562 3121 1848 3183 antequam
1888 3114 2008 3168 uni-
2036 3109 2084 3172 C
2115 3108 2447 3164 medicamen
2489 3111 2556 3164 ad
2605 3112 2890 3167 sanitatem
2928 3113 3068 3168 illius
3113 3115 3287 3170 delicti
3335 3119 3477 3186 qnod
3520 3120 3690 3173 adrui.

434 3209 584 3254 retur
609 3203 742 3258 strui
788 3202 981 3272 lapidis
1004 3219 1102 3273 per
1130 3212 1466 3266 czumentum,
1499 3219 1565 3257 an
1604 3211 1743 3274 post.
1777 3203 1833 3256 Si
1861 3211 2007 3269 ante,

431 3291 542 3344 sola
573 3307 753 3346 mensa
783 3293 1112 3363 intelligatur
1138 3292 1302 3346 fuisse
1330 3292 1627 3346 vehiculum
1655 3309 1670 3359 ;
1710 3292 1936 3362 ideoque
1963 3293 2009 3348 si

430 3391 615 3451 postea
641 3392 919 3454 separetur
939 3401 1122 3440 mensa
1159 3401 1188 3439 a
1219 3393 1386 3449 strue,
1413 3401 1519 3440 non
1547 3385 1864 3453 intelligitur
1892 3400 2008 3439 mo-

433 3483 542 3529 tum
576 3476 762 3544 altare,
791 3493 890 3533 nec
913 3487 998 3533 est
1040 3480 1216 3533 denuo
1252 3480 1696 3534 consecrandum.
1731 3479 1788 3534 Si
1827 3488 2006 3535 autem

429 3566 563 3619 strui
609 3568 758 3621 unita
787 3567 972 3624 mensa
1005 3567 1166 3623 fuerit
1212 3569 1353 3623 facta
1403 3570 1756 3632 consecratio,
1797 3572 2010 3624 videtur

427 3657 592 3716 etiam
632 3657 748 3725 ipsa
775 3666 952 3711 strues
981 3674 1078 3728 pro
1118 3659 1366 3714 vehiculo
1397 3659 1600 3723 fuisse;
1633 3669 1685 3712 ct
1707 3666 1834 3714 tunc
1865 3658 2007 3727 judi-

430 3753 586 3799 catur
615 3748 802 3810 altaris
832 3749 997 3802 motio
1027 3748 1167 3803 facta
1213 3751 1264 3802 in
1295 3765 1493 3805 mensa:
1521 3753 1876 3820 separatione.
1908 3751 2006 3807 Hic

429 3841 609 3888 tamen
630 3835 845 3893 credam
869 3836 1312 3907 investigandum,
1337 3839 1546 3894 etiamsi
1578 3841 1656 3895 sic
1682 3839 1854 3905 ﬁeret,
1877 3841 2006 3911 quid

428 3922 729 3986 intenderet
751 3925 1038 3997 episcopus
1081 3941 1400 3983 consecrare
1447 3944 1705 3994 mensam,
1740 3947 1807 3986 an
1836 3932 2005 3986 altare

429 4028 630 4070 mensae
672 4015 913 4078 inﬁxum.
963 4017 1063 4072 Ubi
1107 4033 1235 4072 vero
1261 4033 1445 4073 mensa
1486 4022 1864 4091 superponitur
1888 4022 2005 4077 sine

425 4113 708 4171 caimento,
736 4104 824 4161 vel
850 4122 1170 4178 quocunque
1195 4109 1400 4179 glutino
1426 4111 1764 4181 interposito,
1805 4112 2004 4167 nullam

425 4193 777 4262 quzestionem
803 4203 1011 4268 reputo.

422 4304 511 4361 Ea:
538 4323 654 4378 cap.
685 4306 773 4362 '55.
803 4305 986 4396 Utrum
1006 4309 1269 4365 destructa
1295 4310 1493 4380 fabrica
1513 4311 1740 4396 ecclesia:
1759 4315 1917 4384 possit
1946 4317 2002 4370 in

872 4395 1168 4435 communes
1194 4397 1320 4438 ωας
1347 4395 1563 4438 assumi.

2113 3208 2259 3254 serat
2303 3201 2636 3270 abnegando,
2665 3203 2934 3272 accipiens
2967 3205 3109 3260 domi
3156 3207 3418 3272 recondit,
3463 3218 3523 3261 ut
3567 3219 3689 3263 con-

2111 3299 2335 3345 suerunt
2365 3292 2709 3358 inﬁrmiores,
2741 3295 2926 3349 fideles
2955 3304 3132 3349 tamen
3169 3297 3460 3361 honorare,
3491 3301 3537 3354 si
3563 3301 3687 3370 quid

2111 3396 2143 3434 a
2190 3381 2518 3451 martyribus
2560 3385 2941 3452 sumpserint.»
2982 3385 3173 3440 Utrum
3206 3401 3334 3441 vero
3373 3387 3539 3443 liceat
3565 3389 3687 3445 reli—

2109 3470 2266 3541 quias
2315 3479 2533 3525 sanctas
2575 3458 2846 3541 exponere
2895 3473 2961 3526 ad
3013 3473 3338 3543 colligendas
3383 3476 3684 3531 oblationes

2107 3577 2206 3632 pro
2235 3561 2436 3616 fabrica
2464 3563 2730 3628 ecclesiae,
2764 3564 2844 3618 sic
2877 3565 3096 3633 exponit
3132 3565 3383 3636 Magister
3417 3565 3682 3622 Robertus

2107 3654 2173 3706 de
2199 3652 2443 3718 Chorcon
2475 3654 2528 3707 in
2557 3668 2650 3707 sua
2679 3669 2908 3708 summa.

2107 3741 2308 3798 Selecta
2337 3759 2401 3797 ea?
2427 3754 2611 3810 quiest.
2640 3744 2675 3797 2
2707 3761 2822 3810 mp.
2851 3744 2916 3798 η
2951 3744 3142 3798 codicis
3169 3760 3266 3800 ms.
3305 3743 3540 3801 Summa:
3567 3763 3678 3800 ma-

2175 3813 2324 3882 gistri
2348 3813 2558 3867 Roberti
2582 3813 2646 3870 de
2675 3814 2911 3879 Chorpon
2939 3814 3278 3870 illustrissimi
3305 3816 3612 3871 cardinalis.

2175 3923 2445 3990 Quaeritur
2469 3925 2514 3979 si
2541 3925 2796 3994 praelatus
2820 3925 3012 3980 debeat
3041 3926 3360 3996 permittere
3387 3927 3679 3995 praedicam.

2107 4025 2184 4069 tes
2221 4024 2444 4085 propter
2482 4023 2745 4084 quaastum
2784 4025 2840 4069 et
2879 4024 2959 4070 tot
2985 4016 3414 4070 abominationcs
3456 4018 3678 4072 interse-

2103 4115 2286 4160 rcntes
2315 4105 2526 4160 deferre
2559 4105 2806 4174 capsulas
2835 4113 2891 4160 et
2925 4105 3180 4174 reliquias
3215 4115 3527 4162 sanctorum
3559 4120 3677 4162 cum

2099 4197 2371 4267 prmdictis
2407 4196 2632 4260 cedulis,
2675 4197 2742 4250 ad
2769 4195 3097 4265 colligendas
3139 4195 3440 4250 oblationes
3479 4195 3674 4264 passim

2100 4303 2200 4356 pro
2238 4286 2440 4340 fabrica
2471 4285 2730 4342 ecclesiae.
2766 4285 2990 4342 Videtur
3024 4285 3166 4354 quod
3195 4284 3342 4339 nullo
3372 4286 3533 4340 modo
3579 4283 3677 4338 hoc

2101 4382 2210 4450 pati
2238 4383 2460 4446 debeat,
2500 4381 2625 4450 quia
2657 4381 2789 4434 nihil
2819 4380 2961 4434 aliud
2998 4388 3082 4433 est
3111 4379 3234 4432 talia
3263 4375 3516 4431 conferre
3544 4388 3674 4445 pra-

497 4465 769 4534 Quaeritur
796 4468 988 4524 deinde
1028 4471 1093 4525 de
1117 4470 1398 4541 lapidibus,
1433 4473 1544 4527 sive
1572 4473 1638 4529 de
1667 4474 1844 4545 lignis,
1878 4490 1997 4544 qua:
2021 4457 2073 4516 ι)
2100 4473 2257 4529 dictis
2295 4488 2454 4543 quam
2494 4473 2832 4527 committere
2873 4472 3078 4544 gladios
3115 4471 3350 4524 furiosis.
3384 4468 3673 4537 Propterea

425 4558 642 4614 fuerunt
677 4558 731 4613 in
774 4565 1044 4614 structura
1091 4559 1308 4616 fabricae
1351 4562 1766 4618 ecclesiasticae:
1813 4574 1994 4620 utrum

424 4649 665 4718 disrupta
709 4650 936 4714 fabrica,
971 4650 1061 4708 illa
1092 4652 1264 4720 possit
1293 4653 1358 4713 ad
1405 4668 1533 4707 usus
1571 4669 1884 4709 coinmunes
1912 4672 1998 4710 as-

423 4742 583 4796 sumi.
603 4743 862 4800 Videntur
879 4759 1039 4814 super
1062 4744 1162 4800 hoc
1178 4743 1299 4812 jura
1322 4745 1550 4814 prodere
1568 4744 1816 4799 Clemens
1836 4762 1995 4817 papa,

423 4842 477 4884 et
503 4831 790 4901 Eugenius,
825 4841 879 4886 et
907 4833 1062 4902 quasi
1093 4834 1537 4897 contrahendum,
1567 4835 1708 4902 quod
1739 4850 1842 4889 non
1869 4852 1994 4906 pos-

421 4922 512 4975 sit.
546 4920 652 4976 Sed
677 4923 949 4977 dubitatur
975 4932 1156 4978 utrum
1187 4926 1252 4978 ad
1275 4924 1514 4980 officinas
1541 4925 1794 4981 fratribus
1817 4943 1997 4983 ncces-

421 5011 610 5079 sarias,
625 5019 754 5082 puta
775 5013 1086 5084 capitulum,
1110 5015 1500 5081 dormitorium,
1517 5017 1631 5074 sive
1651 5017 1991 5074 refectorium

420 5104 590 5174 possit
610 5087 834 5162 assumi.
862 5105 1013 5174 (ξιιοό
1039 5106 1212 5184 primo
1243 5122 1350 5160 non
1393 5107 1604 5162 videtur
1633 5123 1838 5170 verum,
1866 5109 1990 5176 quia

421 5196 630 5266 lapides
654 5197 728 5252 illi
749 5205 804 5251 et
825 5196 966 5268 ligna
991 5212 1146 5252 sacra
1169 5204 1312 5259 sunt,
1341 5197 1457 5252 loca
1479 5213 1606 5253 vero
1630 5200 1756 5254 talia
1783 5201 1862 5254 vel
1885 5215 1988 5254 non

417 5287 664 5357 profana,
698 5287 780 5343 vel
807 5289 1027 5343 omnino
1056 5288 1127 5342 ita
1152 5302 1325 5343 sacra.

488 5376 699 5433 Gradus
739 5395 842 5433 non
869 5379 1113 5442 debemus
1147 5378 1318 5448 facere
1352 5388 1472 5433 ante
1511 5378 1700 5443 altare,
1743 5381 1831 5432 udi
1869 5380 1991 5435 reli-

417 5469 571 5533 quiaz.
605 5468 741 5523 Nam
771 5469 1014 5539 reliquiae
1047 5485 1152 5525 non
1185 5468 1240 5524 in
1281 5467 1450 5525 altum
1483 5469 1866 5531 evehebantur,
1897 5470 1991 5523 sed

421 5563 490 5610 te:
507 5575 562 5610 ra
601 5559 1086 5616 abscondebantur.
1131 5558 1244 5616 Hoc
1288 5559 1527 5616 declarat
1563 5567 1783 5614 sanctus
1819 5557 1988 5611 Atha-

2099 4563 2200 4616 hoc
2245 4563 2552 4615 indecorum
2599 4570 2711 4626 est,
2751 4572 2806 4615 et
2843 4569 3028 4616 contra
3068 4560 3447 4614 auctoritatem
3487 4566 3544 4612 et
3579 4560 3673 4612 ho-

2099 4660 2361 4708 nestatem
2397 4659 2743 4715 sanctorum,
2782 4660 2843 4704 ut
2869 4651 3152 4721 episcopus
3177 4648 3342 4702 faciat
3368 4647 3491 4702 illos
3529 4662 3672 4702 men-

2097 4742 2279 4796 dicare
2317 4750 2581 4807 mortuos,
2620 4752 2675 4797 et
2709 4751 2828 4812 post
2856 4751 3080 4796 mortem
3109 4757 3170 4797 ea
3199 4755 3442 4810 quatrere
3469 4755 3592 4809 qua:
3621 4741 3670 4794 in

2097 4835 2204 4889 vita
2236 4849 2330 4889 sua
2362 4843 2616 4902 tanquam
2646 4843 2888 4887 stercora
2917 4843 3316 4902 contempsere,
3355 4832 3497 4886 sicut
3533 4840 3675 4901 patet

2100 4939 2198 4996 per
2225 4932 2466 4979 sanctum
2493 4922 2646 4992 cujus
2673 4939 2869 4993 corpus
2896 4923 3211 4980 collocatum
3243 4921 3467 4976 Parisiis
3507 4922 3561 4975 in
3588 4937 3668 4974 ar-

2098 5026 2286 5086 gentea
2327 5014 2566 5084 capsula,
2609 5028 2727 5068 eam
2764 5013 2947 5068 statim
2989 5013 3154 5082 rupit,
3197 5011 3447 5066 similiter
3487 5020 3546 5064 et
3581 5025 3669 5062 au-

2097 5120 2264 5163 ream.
2309 5103 2546 5158 Tandem
2589 5103 2644 5155 in
2685 5103 2861 5173 lignea
2901 5103 3184 5170 requievit,
3228 5110 3287 5155 ut
3331 5102 3412 5155 sic
3457 5101 3671 5156 doceret

2095 5203 2341 5248 mortuus
2380 5200 2658 5262 argentum
2699 5192 3180 5254 contemnendum,
3212 5191 3355 5258 quod
3393 5191 3509 5260 ipse
3545 5205 3668 5245 con-

2097 5283 2316 5352 tempsit
2344 5283 2518 5335 vivus.
2563 5280 2676 5336 [loc
2702 5283 2866 5336 etiam
2891 5289 3118 5337 testatus
3143 5289 3228 5334 est
3252 5282 3443 5335 beatus
3471 5278 3664 5334 Firmi-

2096 5389 2197 5426 nus
2224 5371 2621 5434 Ambianeusis,
2661 5371 2787 5440 quia
2820 5385 2942 5430 eum
2979 5379 3277 5439 quaestores
3314 5368 3517 5424 vellent
3554 5365 3665 5434 eius

2095 5480 2292 5534 corpus
2319 5481 2349 5519 a
2375 5464 2493 5520 loco
2520 5463 2764 5533 martyrii
2786 5463 2852 5516 ad
2894 5461 2974 5517 sic
2996 5460 3412 5516 mendicandum
3433 5457 3662 5521 deferre,

2096 5572 2201 5611 non
2247 5555 2421 5626 potuit
2459 5555 2526 5610 ab
2571 5553 2839 5624 aliquibus
2875 5569 2906 5610 a
2949 5553 3067 5610 loco
3111 5552 3204 5608 illo
3247 5551 3533 5622 asportari.
3576 5547 3660 5616 Sic

488 5700 516 5730 ι
548 5689 754 5758 Szrpius
793 5692 880 5746 hic
927 5702 1114 5747 auctor
1153 5707 1277 5746 suas
1324 5690 1714 5763 propositiones
1757 5705 1862 5744 non
1898 5687 2101 5744 deﬁnit.
