3924 6180
279 303 423 364 fit?)

1443 284 2016 359 OBSERVATIO‘NES
2053 300 2142 356 ET
2182 300 2413 357 noua.

3414 312 3549 370 illi

274 435 408 491 ergo
430 425 579 489 patet
601 414 744 485 quod
779 415 1019 485 reliquiae
1041 422 1239 470 sanctae
1259 429 1365 470 non
1390 425 1515 471 sunt
1542 415 1871 487 exponendas
1899 414 1945 472 Α
1975 411 2133 467 fidem
2161 429 2311 468 suam
2334 416 2534 469 habere
2556 418 2879 484 mercedem,
2901 427 2953 474 et
2986 420 3038 473 in
3070 434 3233 474 sensu
3257 436 3355 476 suo
3381 424 3552 479 abun-

277 512 350 568 ad
380 508 812 565 mendicandum.
1345 522 1436 590 ’,Δ

352 600 585 658 Candela
624 598 809 654 ardeat
847 599 936 653 ibi.
978 598 1179 654 Primis
1205 596 1461 653 Ecclesia:
1490 596 1698 653 saeculis
1733 613 1866 652 non-

276 690 409 748 dum
444 689 579 744 illud
607 689 660 743 in
687 704 787 743 usu
822 687 989 743 fuisse
1014 688 1244 757 probant
1284 686 1593 741 testimonia
1617 686 1861 741 Patrum.

274 778 645 841 Tertullianus
668 780 723 833 in
749 776 1097 847 Apologetico
1126 794 1139 828 :
1177 794 1196 827 ‹
1227 774 1337 831 Cur
1358 776 1446 830 die
1474 776 1595 830 lzeto
1621 792 1725 831 non
1750 776 1867 831 lau-

277 865 412 933 rei!
430 879 614 941 postes
644 866 1065 925 obumbramus?
1101 881 1201 921 nec
1229 866 1465 922 lucernis
1492 867 1634 922 diem
1675 866 1868 922 infrin-

276 961 497 1034 g‘imns?
523 970 628 1015 etc.
664 958 796 1026 Quis
825 958 971 1012 enim
1006 958 1384 1028 philosophum
1413 957 1742 1023 sacriﬁcare,
1775 966 1867 1014 aut

274 1052 531 1107 lucernas
570 1048 798 1104 meridie
834 1062 1001 1101 vanas
1037 1048 1365 1118 prostituere
1397 1047 1704 1118 compellit?
1739 1068 1756 1099 ι
1802 1048 1867 1102 Et

273 1143 377 1202 lib.
417 1143 482 1197 de
510 1139 816 1195 Idololatria
853 1156 866 1192 :
908 1156 927 1190 ι
962 1137 1277 1193 Accendunt
1310 1138 1477 1206 igitur
1515 1138 1755 1207 quotidie
1787 1138 1868 1192 lu-

273 1248 495 1298 cernas,
521 1232 719 1302 quibus
742 1231 835 1285 lux
865 1230 1008 1285 nulla
1042 1239 1143 1283 est.
1178 1251 1196 1282 ι
1232 1229 1568 1294 Lactantius,
1602 1230 1693 1291 lib.
1727 1246 1774 1284 vr
1802 1230 1868 1285 de

274 1339 413 1379 vero
455 1322 601 1378 cultu
641 1339 655 1376 :
694 1337 714 1372 α
754 1320 1070 1375 Accendunt
1110 1320 1313 1374 lumina
1341 1320 1487 1374 velut
1530 1321 1585 1373 in
1628 1320 1867 1376 tenebris

275 1414 479 1485 agenti,
510 1420 621 1467 etc.
654 1412 751 1466 Vel
783 1412 829 1465 si
860 1411 1083 1465 caeleste
1110 1411 1315 1475 lumen,
1346 1411 1492 1479 quod
1523 1410 1752 1465 dicimus
1779 1426 1869 1465 so-

274 1505 408 1568 lem,
434 1502 791 1571 contemplari
816 1503 1014 1566 velint,
1051 1502 1160 1573 jam
1191 1503 1429 1558 sentiant
1458 1503 1600 1572 quod
1642 1517 1748 1557 non
1784 1503 1868 1557 in-

274 1596 461 1665 digeat
482 1595 720 1650 lucernis
745 1609 935 1649 eorum
963 1595 1125 1656 Deus,
1140 1594 1247 1663 ‘qui
1281 1595 1395 1664 ipse
1421 1595 1475 1648 in
1505 1609 1660 1648 usum
1693 1594 1867 1647 homi-

276 1684 367 1738 nis
387 1692 495 1741 tam
517 1683 740 1751 claram,
766 1691 879 1738 tam
895 1683 1181 1738 candidam
1204 1683 1379 1738 lucem
1402 1684 1570 1748 dedit,
1592 1691 1701 1737 etc.
1726 1683 1866 1738 Num

1967 501 2128 568 dare;
2171 503 2225 557 id
2262 509 2373 568 est,
2405 513 2495 567 ut,
2536 506 2738 575 optime
2766 508 2990 577 exponit
3016 508 3347 579 Augustinus
3378 512 3428 565 in
3459 529 3545 584 ep.

1969 593 2093 659 120,
2120 609 2170 648 c.
2203 594 2290 659 18,
2321 609 2480 648 unam
2514 596 2568 648 in
2604 595 2689 650 his
2713 597 3122 654 saluberrimam
3152 600 3391 670 regulam
3424 602 3555 656 reti-

1967 685 2195 739 nendam
2232 698 2371 749 esse,
2400 693 2458 738 ut
2492 700 2611 756 qua:
2651 703 2754 740 non
2794 697 2920 741 sunt
2947 698 3134 744 contra
3168 690 3350 757 (idem,
3377 707 3552 762 neque

1966 783 2153 830 contra
2192 776 2364 831 bonos
2402 791 2600 841 mores,
2639 786 2693 831 et
2727 778 2924 833 habent
2959 780 3160 849 aliquid
3198 782 3264 835 ad
3299 783 3554 837 exhorta-

1966 869 2170 922 tionem
2210 868 2334 922 vitre
2379 864 2639 933 melioris,
2692 870 2996 940 ubicunque
3036 872 3244 927 institui
3282 873 3549 938 videmus,

1965 958 2050 1012 vel
2081 957 2326 1012 instituta
2356 959 2751 1026 cognoscimus,
2784 974 2891 1012 non
2933 959 3104 1013 solum
3145 975 3250 1013 non
3283 960 3553 1029 improbe-

1966 1065 2109 1115 mus,
2148 1050 2241 1104 sed
2278 1049 2442 1104 etiam
2487 1049 2752 1104 laudando
2795 1059 2848 1105 ct
2886 1050 3145 1104 imitando
3179 1059 3472 1115 sectemur,
3504 1048 3571 1107 si‘

1966 1139 2268 1208 aliquorum
2318 1138 2604 1193 infirmitas
2648 1154 2753 1193 non
2806 1140 2878 1193 ita
2929 1138 3172 1210 impedit,
3217 1147 3275 1193 ut
3320 1138 3554 1208 amplius

1967 1231 2347 1285 detrimentum
2376 1229 2467 1285 sit.
2508 1231 2583 1284 Ita
2612 1230 2776 1301 igitur
2800 1231 3137 1285 sentiendum
3169 1240 3250 1286 est
3281 1232 3347 1287 de
3373 1232 3553 1286 lucer-

1966 1321 2052 1375 nis
2088 1332 2208 1390 qurc
2247 1320 2612 1375 accenduntur
2651 1319 2766 1374 soie
2804 1321 3076 1386 rutilante,
3109 1337 3215 1375 non
3258 1323 3442 1391 utique
3484 1322 3552 1376 ad

1967 1411 2230 1482 fugandas
2267 1412 2541 1476 terebras,
2584 1413 2679 1466 sed
2723 1412 2790 1466 ad
2838 1412 3048 1482 signum
3093 1413 3292 1468 laetitiae
3332 1415 3553 1469 demon-

1966 1501 2265 1556 strandum.
2336 1502 2532 1556 Verum
2592 1502 2790 1572 quibus
2853 1502 3197 1571 potissimum
3260 1505 3554 1561 luminibus

1966 1594 2345 1664 Splendescere
2395 1596 2586 1648 debeat
2635 1595 2900 1658 ecclesia,
2957 1595 3242 1650 admodum
3296 1597 3555 1667 prteclare
3626 1594 3631 1599 ”

1967 1685 2244 1740 declarant
2277 1695 2496 1740 sanctus
2523 1685 2816 1755 Gregorius
2854 1686 3225 1742 Nazianzenus
3251 1699 3304 1743 ct
3336 1699 3556 1745 sanctus

278 1773 451 1844 igitur
478 1773 677 1827 mentis
711 1748 822 1829 sua:
856 1786 1079 1841 compos
1104 1774 1375 1843 putandus
1412 1783 1498 1830 est
1524 1775 1616 1844 qui
1656 1776 1867 1831 auctori
1899 1748 1941 1808 Β
1971 1776 2021 1832 ,1.
2050 1776 2485 1847 Chrysostomus,
2516 1748 2740 1846 quorum
2771 1779 2921 1847 prior
2943 1780 3020 1834 sic
3049 1779 3101 1832 in
3130 1780 3375 1834 oratione
3401 1781 3433 1834 4
3463 1782 3557 1835 ad-

274 1864 541 1922 etdatori
579 1863 821 1929 luminis,
863 1863 1212 1920 candelarum
1255 1880 1320 1920 ac
1360 1880 1642 1920 cereorum
1688 1865 1868 1921 lumen

277 1952 442 2008 odert
468 1968 568 2023 pro
596 1954 853 2008 munere?
886 1974 905 2005 ι
935 1953 1091 2008 Circa
1122 1955 1225 2008 hoc
1255 1962 1465 2025 tempus
1494 1955 1636 2010 inter
1660 1956 1871 2010 Tertul-

276 2045 484 2100 lianum
514 2054 569 2099 et
601 2044 944 2099 Lactantium
973 2044 1163 2099 Patres
1192 2046 1405 2100 concilii
1432 2046 1746 2101 Eliberitani
1781 2063 1872 2102 ce-

280 2151 502 2191 reorum
541 2151 641 2206 per
679 2136 821 2191 diem
867 2152 1042 2199 usum,
1090 2145 1184 2208 aut
1222 2137 1401 2205 potius
1443 2135 1667 2191 abusum
1703 2138 1870 2192 inter-

275 2230 534 2285 dixerunt
558 2244 679 2283 can.
711 2228 780 2282 54
814 2248 825 2282 :
864 2248 881 2279 ι
916 2227 1118 2284 Cereos
1146 2244 1245 2299 per
1277 2229 1419 2285 diem
1446 2229 1648 2299 placuit
1676 2230 1729 2284 in
1760 2245 1869 2285 ca:-

276 2321 511 2376 meterio
548 2336 652 2375 non
689 2320 932 2384 incendi,
975 2329 1114 2386 etc.;
1163 2341 1182 2373 ι
1224 2329 1280 2375 et
1317 2337 1436 2375 can.
1480 2322 1548 2377 37
1579 2341 1592 2375 :
1627 2341 1646 2375 ‹
1678 2322 1870 2378 Prohi-

274 2410 513 2467 bendum
532 2412 694 2465 etiam
716 2426 783 2464 ne
804 2411 1055 2466 lucernas
1073 2411 1127 2466 hi
1150 2411 1361 2481 publice
1378 2413 1692 2477 accendant,
1719 2433 1736 2464 ι
1759 2421 1864 2469 etc.

276 2499 475 2556 Postea
508 2509 687 2555 tamen
714 2515 842 2555 usus
867 2502 1032 2570 coepit
1059 2515 1212 2566 esse;
1267 2516 1427 2570 quem
1457 2516 1579 2555 cum
1605 2502 1868 2573 acerrime

278 2593 439 2663 quasi
464 2591 824 2649 idololatriam
862 2589 1144 2645 damnaret
1178 2591 1518 2669 vigilantius,
1560 2588 1870 2645 sic’refelli-

280 2692 371 2737 tur
396 2684 467 2738 ab
496 2682 844 2753 Hieronymo,
885 2682 939 2736 in
979 2680 1203 2752 epistola
1242 2696 1404 2751 quam
1445 2682 1703 2736 adversus
1744 2695 1869 2736 eum

278 2774 540 2845 scripsit:
570 2791 588 2823 ι
618 2772 818 2829 Cereos
837 2782 1019 2827 autem
1043 2788 1150 2827 non
1179 2773 1323 2828 clara
1354 2772 1473 2828 luce
1500 2773 1866 2838 accendimus,

276 2868 422 2923 sicut
446 2866 646 2921 frustra
668 2866 1051 2931 calumniaris;
1079 2866 1175 2922 sed
1201 2875 1261 2921 ut
1285 2866 1461 2922 noctis
1490 2869 1742 2924 tenebras
1765 2869 1869 2923 hoc

277 2957 475 3013 soiatio
510 2965 891 3026 temperemus,
924 2965 981 3012 et
1004 2957 1291 3025 vigilemus
1318 2957 1384 3012 ad
1414 2957 1618 3022 lumen,
1636 2964 1720 3014 'ne
1740 2960 1869 3015 caici

276 3058 459 3104 tecum
492 3047 823 3103 dormiamus
846 3048 899 3102 in
926 3048 1179 3102 tenebris.
1206 3047 1359 3115 Quod
1387 3048 1433 3103 si
1456 3047 1621 3118 aliqui
1645 3057 1868 3121 propter

277 3138 608 3208 imperitiam
623 3145 681 3194 et
692 3139 1089 3210 simplicitatem
1110 3142 1448 3196 szecularium
1466 3142 1741 3198 hominum
1752 3187 1766 3209 ,
1780 3145 1865 3199 vel

274 3239 426 3288 certe
450 3230 821 3302 religiosamm
851 3231 1195 3298 feminarum,
1220 3233 1286 3289 de
1312 3235 1507 3304 quibus
1526 3249 1653 3289 vere
1678 3252 1867 3307 possu-

274 3339 403 3379 mus
431 3324 653 3379 dicere:
682 3322 975 3389 Conﬁteor,
1008 3326 1183 3379 zelum
1220 3325 1314 3380 Dei
1358 3324 1581 3389 habent,
1622 3328 1717 3382 sed
1759 3342 1865 3385 non

272 3417 572 3473 secundum
615 3416 919 3481 scientiam,
949 3417 1053 3471 hoc
1091 3432 1189 3486 pro
1226 3417 1432 3472 honore
1460 3425 1756 3488 martyrum
1788 3416 1867 3472 fa-

273 3510 447 3569 ciunt,
494 3506 621 3575 quid
667 3506 792 3560 inde
839 3507 1052 3578 perdis?
1088 3508 1468 3563 Causabantur
1511 3512 1781 3578 quondam
1810 3516 1869 3563 et

276 3597 530 3667 apostoli.
564 3596 706 3666 quod
736 3598 941 3667 periret
969 3608 1301 3670 unguentum
1321 3642 1335 3666 ,
1368 3602 1461 3655 sed
1492 3602 1702 3657 Domini
1735 3616 1866 3657 voce

273 3687 513 3761 correpti
555 3696 697 3742 sunt.
754 3687 939 3758 Neque
985 3689 1128 3743 enim
1178 3688 1427 3746 Christus
1460 3690 1733 3762 indigebat
1768 3707 1861 3746 un-

272 3784 499 3849 gnento,
538 3792 641 3838 nec
674 3786 946 3848 martyres
985 3778 1189 3835 lumine
1220 3795 1503 3835 cereorum
1544 3800 1557 3835 :
1600 3789 1655 3836 et
1685 3792 1864 3837 tamen

274 3868 366 3925 illa
406 3868 601 3921 mulier
640 3869 694 3921 in
737 3867 945 3923 honore
968 3868 1170 3924 Christi
1216 3870 1318 3925 hoc
1355 3869 1503 3934 fecit,
1543 3872 1867 3942 devotioquc

273 3957 477 4012 mentis
515 3954 634 4024 ejus
669 3958 944 4027 recipitur.
985 3958 1052 4013 Et
1094 3960 1399 4030 quicunque
1440 3959 1737 4015 accendunt
1778 3975 1867 4017 ce-

273 4061 424 4112 reos,
459 4046 753 4102 secundum
796 4047 957 4103 fidem
998 4063 1153 4104 suam
1190 4050 1391 4104 habent
1429 4052 1754 4116 mercedem,
1787 4052 1867 4107 di-

271 4145 437 4192 cente
467 4135 727 4207 Apostolo
756 4156 777 4192 ς
817 4135 1182 4210 Unusquisque
1210 4143 1269 4195 in
1303 4158 1399 4196 suo
1427 4158 1582 4196 sensu
1613 4142 1863 4196 abundet:

272 4228 596 4299 Idoloiatras
634 4230 873 4300 sppetias
912 4230 1218 4300 hujusmodi
1257 4234 1538 4289 homines?
1577 4233 1691 4289 Non
1728 4232 1867 4289 difﬁ-

271 4330 416 4385 teor,
451 4337 641 4377 omnes
661 4338 761 4377 nos
787 4324 880 4393 qui
920 4324 971 4378 in
1000 4323 1217 4379 Christo
1243 4327 1514 4381 credimus
1546 4324 1612 4379 de
1641 4325 1865 4380 idolola-

270 4414 381 4467 tria
424 4413 657 4468 venisse.
708 4413 823 4468 Non
865 4416 1007 4468 enim
1054 4415 1348 4480 nascimur,
1390 4415 1485 4471 sed
1528 4415 1864 4470 renascimur
1890 4440 1940 4500 υ

270 4504 596 4571 Christiani.
626 4506 697 4560 Et
723 4506 847 4576 quia
875 4506 1147 4576 quondam
1188 4507 1498 4562 colebamus
1527 4507 1689 4573 idola,
1721 4521 1863 4560 nunc

270 4595 450 4649 Deum
477 4595 658 4650 coiere
696 4612 803 4651 non
834 4596 1115 4661 debemus,
1144 4612 1214 4650 ne
1240 4597 1401 4651 simili
1431 4613 1555 4652 eum
1584 4599 1866 4653 videamur

268 4701 401 4742 cum
447 4686 606 4742 idolis
639 4689 845 4744 honore
888 4689 1176 4744 venerari?
1218 4688 1331 4743 Hoc
1375 4687 1540 4744 ﬁebat
1588 4689 1767 4747 idolis.
1808 4697 1864 4745 et

268 4779 482 4833 ideirco
509 4778 881 4833 detestandum
908 4788 1024 4845 est;
1060 4780 1164 4834 hoc
1210 4778 1273 4833 ﬁt
1311 4779 1663 4849 martyribus,
1690 4787 1746 4833 et
1784 4781 1863 4834 id-

268 4875 427 4929 circo
458 4872 824 4942 recipiendum
851 4881 954 4928 est.
1268 4862 1275 4871 ’

348 4981 369 5012 ι
422 4960 559 5016 Nam
602 4969 658 5017 et
701 4963 906 5032 absque
950 4974 1250 5035 martyrum
1298 4962 1542 5032 reliquiis
1582 4976 1683 5033 per
1719 4968 1861 5017 totas

269 5053 515 5109 Orientis
534 5052 815 5116 ecclesias,
838 5054 1053 5122 quando
1078 5053 1360 5123 legendum
1383 5060 1467 5107 est
1487 5051 1859 5123 Evangelium,

269 5140 649 5195 accenduntur
678 5142 960 5196 luminaria
993 5140 1107 5211 jam
1147 5142 1258 5197 sole
1284 5143 1539 5197 rutilante
1572 5157 1589 5197 :
1624 5160 1731 5199 non
1758 5145 1862 5199 uti-

267 5246 383 5300 q-xc
407 5231 476 5285 ad
504 5230 767 5303 fugandas
790 5232 1062 5298 tenebras,
1090 5233 1182 5287 sed
1215 5233 1279 5287 ad
1306 5232 1518 5303 signum
1548 5233 1746 5287 laetitiae
1767 5232 1863 5288 de-

270 5323 711 5378 monstrandum.
741 5322 895 5379 Unde
917 5331 972 5378 et
990 5324 1230 5394 virgines
1248 5323 1354 5379 illa:
1375 5324 1697 5395 evangelica:
1719 5338 1861 5380 sem-

268 5430 373 5483 per
394 5413 598 5469 habent
627 5428 886 5469 aecensas
913 5414 1188 5484 lampades
1216 5429 1362 5470 snas.
1402 5415 1469 5469 Et
1497 5415 1563 5469 ad
1590 5414 1860 5484 apostolos

270 5506 514 5559 dicitur:
549 5503 669 5560 Sint
702 5503 867 5558 lumbi
900 5505 1056 5559 vestri
1082 5505 1379 5574 prmeincti,
1429 5514 1478 5558 et
1518 5503 1746 5559 lucerna:
1771 5522 1861 5559 ar-

266 5596 454 5659 dentes
478 5596 539 5649 in
574 5594 817 5649 manibus
845 5593 1048 5655 vestris,
1092 5602 1200 5649 etc.
1237 5614 1256 5646 ι
1290 5594 1523 5649 Omnino
1560 5595 1857 5649 notandum

269 5696 358 5751 est
384 5687 529 5767 quod
561 5686 919 5767 Hieronymus
938 5681 1073 5740 dicit
1098 5697 1536 5763 unumquemque
1563 5685 1855 5742 secundum

1971 1882 2161 1923 versus
2189 1866 2479 1922 lulianum.
2515 1887 2534 1916 ι
2571 1866 2681 1923 Nec
2708 1868 2905 1923 visibili
2946 1868 3145 1924 lumine
3182 1870 3557 1939 splendescant

1971 1960 2180 2023 domus,
2209 1974 2309 2013 nec
2335 1959 2614 2013 tibicinum
2641 1966 2799 2013 cantu
2826 1959 3206 2030 plausibusque
3233 1967 3552 2029 personcnt;

1970 2048 2074 2102 hoc
2117 2048 2263 2102 enim
2316 2062 2469 2102 more
2510 2048 2740 2119 gentiles
2782 2063 2933 2102 nova:
2982 2047 3123 2102 luna:
3169 2046 3367 2102 festum
3413 2047 3558 2105 cele-

1969 2136 2148 2191 brant.
2191 2138 2261 2192 At
2290 2153 2390 2193 nos
2416 2153 2484 2193 ne
2512 2139 2914 2194 committamus
2954 2147 3013 2193 ut
3053 2137 3120 2193 ad
3159 2140 3299 2195 hunc
3338 2140 3557 2195 modum

1972 2228 2139 2283 Deum
2168 2230 2517 2294 honoremus,
2551 2244 2614 2283 ac
2644 2245 2882 2299 praesens
2911 2237 3121 2300 tempus
3152 2231 3218 2285 iis
3246 2230 3408 2285 rebus
3438 2245 3559 2300 qum

1970 2320 2192 2374 minime
2228 2320 2442 2384 deéent,
2488 2320 2844 2385 extollamus;
2896 2321 2991 2375 sed
3035 2320 3198 2374 animi
3240 2321 3473 2390 puritate
3506 2329 3560 2375 et

1969 2408 2166 2463 mentis
2193 2404 2488 2473 hilaritate,
2519 2418 2575 2464 et
2608 2409 2844 2465 lucernis
2874 2418 3043 2465 totum
3080 2410 3334 2466 Ecclesiae
3361 2424 3559 2480 corpus

1969 2499 2386 2563 illustrantibus,
2418 2500 2522 2554 hoc
2562 2508 2665 2564 est,
2708 2500 2907 2555 divinis
2934 2500 3481 2570 contemplationibus
3505 2509 3562 2554 et

1969 2588 2408 2658 cogitatio:.ihus,
2440 2603 2560 2658 quae
2580 2605 2743 2659 super
2771 2600 3019 2645 sanctum
3048 2590 3428 2645 candelabrum
3456 2606 3557 2645 ex-

1970 2680 2224 2745 citantur,
2246 2687 2410 2749 atque
2435 2679 2747 2734 universum
2780 2689 3049 2735 terrarum
3080 2680 3265 2735 orbem
3294 2681 3410 2735 luce
3436 2695 3559 2749 per-

1970 2767 2218 2823 fundunt.
2259 2788 2277 2821 »
2311 2769 2443 2825 Vide
2476 2768 2633 2825 Joan.
2660 2769 3104 2841 Chrysostomum
3132 2770 3185 2825 in
3215 2770 3435 2827 humilia
3458 2770 3556 2839 ‘20,

1970 2858 2035 2912 ad
2065 2859 2319 2929 populum
2347 2859 2764 2915 Antiochenum.

2041 2949 2262 3004 Incensa
2290 2953 2582 3022 aspergitur
2612 2952 2856 3007 ecclesia.
2899 2950 3254 3009 Judicandum
3294 2954 3361 3010 de
3400 2954 3560 3009 thure

1970 3046 2025 3091 et
2062 3038 2281 3093 incenso
2318 3041 2545 3110 perinde
2587 3055 2652 3095 ac
2691 3040 2760 3096 de
2800 3041 3057 3097 lucernis.
3099 3042 3289 3098 Patres
3328 3042 3557 3111 antiqui,

1972 3130 2271 3199 praesertim
2311 3130 2511 3195 Latini,
2552 3132 2694 3187 ritus
2719 3134 2913 3202 quibus
2949 3134 3142 3205 pagani
3185 3135 3478 3188 utebantur
3504 3135 3557 3188 in

1971 3220 2274 3285 sacriﬁciis,
2307 3221 2440 3275 adeo
2484 3219 2837 3291 refugiebant,
2869 3231 2928 3277 ut
2949 3224 3165 3292 quidam
3205 3224 3273 3279 ab
3302 3222 3371 3280 iis
3398 3226 3559 3280 rebus
3642 3240 3649 3243 ‘

1970 3309 2331 3363 abstinuerint
2369 3324 2505 3379 quas
2532 3311 2803 3383 posterius
2842 3314 2979 3366 bona
3008 3310 3435 3368 Christianorum
3477 3308 3559 3367 in-
3594 3336 3601 3351 -

1971 3401 2138 3455 tentio
2164 3401 2387 3455 invexit.
2413 3400 2782 3458 Tertullianus
2805 3402 2857 3457 in
2887 3400 3255 3475 Apologetico,
3286 3420 3403 3476 cap.
3437 3404 3507 3459 50
3538 3419 3553 3458 :

1976 3509 1998 3543 ς
2029 3491 2131 3560 Qut
2158 3493 2209 3547 ei
2234 3492 2406 3549 odero
2431 3494 2667 3564 opimam
2704 3503 2759 3551 et
2792 3496 3051 3565 majorem
3086 3498 3350 3563 hostiam,
3390 3512 3554 3567 quam

1968 3584 2085 3655 ipse
2106 3584 2401 3652 mandavit,
2428 3588 2728 3643 orationem
2756 3588 2823 3644 de
2850 3603 3015 3645 carne
3043 3590 3253 3659 pudica,
3285 3590 3350 3646 de
3378 3591 3557 3645 anima

1969 3675 2262 3741 innocenti,
2307 3677 2374 3732 de
2417 3678 2609 3749 spiritu
2651 3688 2840 3735 sancto
2878 3680 3174 3749 profectam
3205 3696 3220 3736 :
3253 3697 3359 3736 non
3390 3697 3559 3753 grana

1973 3768 2145 3824 thuris
2170 3770 2334 3824 unius
2361 3771 2500 3825 assis
2531 3788 2543 3824 :
2574 3787 2681 3826 non
2709 3771 2956 3828 Arabiae
2986 3772 3198 3829 arboris
3219 3774 3508 3845 lacrymas.
3536 3794 3553 3826 ι

1968 3867 2073 3915 etc.
2105 3860 2310 3930 Etcap.
2336 3860 2434 3915 με
2465 3880 2483 3914 ς
2517 3862 2700 3917 Thura
2726 3863 2883 3933 plane
2912 3879 3018 3918 non
3045 3865 3294 3919 emimus.
3329 3885 3346 3916 ι
3378 3864 3560 3919 Arno-

1968 3950 2091 4007 bius
2115 3950 2210 4005 h’h.
2239 3967 2312 4006 vn
2342 3951 2601 4008 adversus
2626 3952 2829 4009 Gentes
2859 3972 2872 4008 :
2908 3973 2926 4004 ι
2963 3952 3057 4031 Sin
3086 3963 3265 4009 autem
3297 3953 3558 4023 tempori-

1968 4039 2068 4095 bus
2095 4041 2312 4111 priscis,
2338 4056 2514 4112 neque
2561 4042 2829 4107 homines,
2872 4054 3046 4112 neque
3077 4042 3151 4096 dii
3198 4041 3356 4111 hujus
3386 4041 3561 4097 thuris
3626 4058 3637 4071 ·

1968 4133 2275 4202 expetivere
2301 4133 2606 4198 materiam,
2648 4131 3034 4203 comprobatur
3072 4140 3125 4187 et
3168 4132 3327 4185 hodie
3355 4130 3557 4185 frustra

1968 4225 2098 4280 illud
2144 4226 2485 4293 inaniterque
2532 4223 2808 4293 praestari;
2857 4223 2999 4292 quod
3046 4236 3220 4292 neque
3261 4221 3558 4289 antiquitas

1967 4317 2331 4389 necessarium
2358 4314 2608 4379 credidit,
2636 4321 2694 4368 et
2717 4313 2835 4368 sine
2857 4312 2982 4368 ullis
3010 4313 3223 4368 novitas
3255 4311 3557 4366 rationibus

1968 4408 2246 4477 appetivit,
2290 4416 2394 4463 etc.
2435 4405 2795 4469 Honoramus,
2840 4405 3047 4474 inquiet
3077 4404 3274 4474 aliquis
3301 4402 3553 4468 fortasse,

1967 4500 2054 4555 his
2081 4499 2233 4564 deos,
2262 4508 2369 4553 etc.
2402 4498 2468 4552 Et
2492 4498 2700 4567 pietas!
2731 4506 2967 4567 quantus
2990 4496 3089 4551 iste
3108 4504 3192 4550 est
3215 4496 3408 4558 honor,
3437 4501 3553 4558 aut,

1963 4591 2158 4662 qualis,
2184 4591 2275 4660 qui
2298 4605 2364 4644 ex
2392 4589 2533 4661 ignis
2556 4590 2722 4644 odore
2743 4587 3029 4643 conﬁcitur
3054 4593 3107 4641 et
3137 4585 3315 4639 resina
3342 4582 3557 4639 arboris

1963 4693 2331 4753 comparatur.
2362 4681 2497 4737 Nam
2527 4695 2596 4735 ne
2626 4680 2765 4735 forte
2809 4679 3070 4750 ignoretis
3108 4677 3237 4747 quid
3278 4684 3370 4731 aut
3409 4676 3554 4731 unde

1963 4774 2035 4828 sit
2062 4774 2189 4827 thus
2216 4773 2355 4827 istud
2384 4791 2397 4824 :
2427 4771 2633 4825 viscum
2655 4779 2738 4824 est
2762 4768 3052 4824 corticibus
3075 4765 3370 4837 proﬂuens,
3400 4785 3419 4818 ι
3444 4774 3552 4822 etc.

1961 4868 2256 4938 Antiquum
2301 4875 2479 4922 tamen
2520 4865 2659 4935 apud
2686 4854 2927 4919 Graecos’
2944 4862 3124 4917 thuris
3163 4860 3370 4916 incensi
3395 4856 3554 4915 usum

1962 4959 2215 5029 colligere
2263 4958 2389 5013 licet
2436 4971 2503 5012 ex
2552 4955 2852 5011 canonibus
2904 4954 3133 5009 vetustis
3181 4954 3283 5009 sub
3337 4952 3555 5006 nomine

1963 5053 2348 5123 apostolorum.
2378 5051 2492 5106 Hoc
2519 5058 2699 5105 autem
2729 5049 2892 5103 habet
2920 5061 3094 5103 canon
3121 5046 3156 5100 '5
3184 5064 3196 5097 :
3236 5063 3254 5094 ‹
3287 5042 3367 5096 Nc
3393 5041 3553 5094 liceat

1963 5142 2165 5213 aliquid
2192 5142 2337 5197 aliud
2369 5141 2435 5196 ad
2461 5140 2633 5194 altare
2658 5137 2875 5202 oﬂ’erre,
2906 5150 3069 5207 quam
3095 5134 3271 5188 oleum
3301 5130 3368 5183 ad
3394 5127 3551 5181 lumi-

1962 5249 2115 5299 nare,
2161 5242 2217 5289 et
2262 5234 2541 5288 incensum
2586 5239 2831 5301 tempore
2877 5234 3077 5283 sanctae
3118 5219 3426 5283 oblationis,
3469 5222 3551 5273 καὶ

1961 5327 2187 5396 Θυμίαμα
2208 5321 2282 5398 ³τῷ
2319 5329 2481 5396 καιρῷ
2508 5330 2600 5383 τῆς
2623 5321 2775 5396 ἁγίας
2800 5319 3114 5393 προσφορᾶς.
3166 5311 3233 5365 Et
3268 5321 3397 5363 sane
3430 5307 3549 5398 iuu-

1961 5413 2156 5469 dabilis
2183 5396 2332 5478 usus,
2380 5413 2475 5482 qui
2522 5412 2792 5482 significat
2833 5406 3134 5461 orationem
3176 5408 3419 5455 nostram
3453 5396 3548 5452 de-

1961 5507 2091 5561 bere
2118 5520 2237 5560 esse
2261 5505 2541 5560 incensum
2565 5504 2619 5557 in
2648 5503 2939 5567 conspectu
2968 5494 3086 5550 Dei.
3136 5490 3289 5559 Quod
3310 5487 3547 5545 Joannes

1960 5596 2381 5666 Cbrysostomus
2404 5600 2459 5649 et
2487 5592 2577 5647 alii
2611 5590 2797 5645 Patres
2825 5585 2998 5641 Graeci
3040 5583 3235 5654 sapius
3270 5585 3545 5653 repetunt.

1962 5684 2322 5752 Quamobrem
2373 5683 2420 5738 si
2473 5681 2675 5750 majora
2727 5675 3024 5732 studiorum
3078 5674 3228 5730 lucra
3278 5669 3544 5742 speranda
