3968 6180
413 401 552 458 “lii

1517 391 1608 444 AD
1647 376 2192 442 POENITENTIALE
2233 373 2582 430 TllEODORl

3555 359 3697 414 lilii

407 526 556 590 sint,
600 534 759 590 quam
805 515 1256 573 calumniatorum
1308 512 1630 566 detrimenta
1681 500 1999 565 metuenda,
2033 500 2078 558 Α
2107 497 2233 550 dum
2290 494 2525 549 debitam
2577 491 2795 546 Christo
2849 488 3156 543 reddiderat
3191 487 3471 542 animam:
3527 484 3696 537 etiam

413 628 534 671 sine
563 609 900 666 dubitatione
929 605 1234 660 faciendum
1265 612 1377 668 est,
1419 602 1559 657 sicut
1595 597 1835 667 loquitur
1871 609 1998 649 san-

414 712 536 758 ctus
571 698 903 769 Augustinus
949 697 1003 750 in
1043 693 1270 764 epistola
1300 691 1365 745 ad
1403 688 1736 744 Januarium.
1780 684 1886 738 Sed
1916 682 2001 736 ni-

417 796 579 850 miam
613 794 769 848 istius
797 791 940 845 modi
978 789 1179 842 rituum
1208 784 1417 854 ecpiam
1452 781 1610 851 paulo
1639 787 1760 849 post
1786 785 2004 832 sanctus

417 883 750 956 Augustinus
775 880 1046 948 vituperat
1082 893 1200 946 cap.
1236 876 1302 929 l9
1338 872 1577 942 ejusdem
1615 867 1886 938 epistola,
1921 865 2006 920 his

418 975 598 1032 verbis
629 992 641 1028 :
684 992 702 1024 ι
741 972 848 1027 Sed
886 973 987 1026 hoc
1026 969 1188 1024 nimis
1225 967 1380 1020 doleo
1421 964 1546 1033 quia
1587 960 1752 1015 multa
1792 974 1912 1028 qua:
1952 957 2003 1010 in

419 1067 619 1122 divinis
654 1065 808 1119 libris
847 1062 1202 1117 saluberrime
1229 1065 1496 1127 praecepta
1525 1060 1678 1116 sunt,
1709 1051 1888 1106 minus
1915 1064 2008 1103 cu-

421 1167 634 1222 rantur,
666 1164 769 1210 etc.
801 1153 1058 1221 Quamvis
1086 1151 1230 1205 enim
1262 1162 1436 1217 neque
1472 1146 1575 1199 hoc
1609 1141 1850 1196 invenire
1887 1155 2009 1208 pos-

424 1251 516 1314 sit,
548 1246 818 1317 quomodo
854 1250 1044 1299 contra
1075 1241 1234 1296 fidem
1273 1239 1410 1301 sint;
1457 1236 1626 1303 ipsam
1668 1239 1843 1284 tamen
1887 1227 2010 1281 reli-

422 1344 658 1414 gionem,
707 1355 868 1409 quam
915 1334 1253 1407 paucissimis
1293 1339 1348 1385 et
1394 1322 1847 1383 manifestissimis
1872 1320 2009 1374 cele-

421 1435 732 1489 brationum
761 1428 1116 1486 sacramentis
1139 1423 1508 1480 misericordia
1529 1421 1622 1473 Dei
1646 1434 1765 1473 esse
1785 1417 2008 1470 liberam

423 1527 614 1589 voluit,
657 1523 944 1579 servilibus
972 1519 1229 1574 oneribus
1268 1524 1539 1586 premunt,
1582 1521 1640 1565 ut
1680 1507 2011 1564 tolerabilior

425 1618 497 1670 sit
522 1615 760 1670 conditio
784 1612 1114 1674 Iudaeorum,
1143 1609 1234 1677 qui
1265 1605 1478 1661 etiamsi
1507 1612 1718 1671 tempus
1741 1597 2010 1653 libertatis

425 1724 531 1763 non
575 1706 924 1778 agnoverint,
964 1701 1222 1771 legalibus
1256 1707 1435 1752 tamen
1471 1693 1718 1756 sarcinis,
1759 1706 1864 1744 non
1907 1690 2009 1742 hu-

428 1797 601 1850 manis
628 1792 1136 1864 praesumptionibus
1163 1786 1536 1853 subjiciuntur.
1577 1802 1594 1832 ι
1631 1780 1764 1835 Vide
1794 1791 2009 1847 quoque

425 1883 707 1954 epistolam
745 1881 939 1936 Leonis
967 1881 984 1933 l
1019 1879 1086 1932 ad
1111 1877 1390 1930 universos
1429 1872 1712 1941 episcopos
1743 1883 1838 1938 per
1869 1865 2008 1920 Sici-

427 1978 554 2032 liam
586 1976 930 2038 constitutos,
959 1987 1077 2041 cap.
1110 1971 1162 2024 2.

497 2065 684 2118 Luicus
743 2079 845 2116 non
899 2061 1043 2115 debet
1090 2061 1146 2112 in
1183 2055 1411 2110 ecclesiis
1458 2051 1730 2105 lectionem
1767 2047 2006 2100 recitare.

428 2158 586 2212 llunc
646 2157 890 2211 ordinem
935 2155 1046 2224 jam
1101 2167 1199 2206 suo
1252 2158 1493 2216 tempore
1547 2141 1843 2198 stabilitum
1891 2152 2012 2191 esse

426 2260 611 2316 aperte
636 2247 876 2302 declarat
914 2244 1323 2313 antiquissimus
1369 2237 1509 2308 apud
1559 2235 1780 2290 Latinos
1821 2230 2013 2284 Patres

427 2339 809 2400 Tertullianus,
856 2335 947 2405 qui
991 2333 1322 2389 contrarium
1354 2343 1510 2384 usum
1555 2321 1872 2388 damnatio
1907 2320 2012 2373 Ec-

428 2430 590 2485 clesia
640 2427 1020 2482 hiereticorum
1059 2438 1179 2492 cap.
1211 2421 1320 2474 4|:
1377 2437 1394 2470 ι
1442 2418 1627 2485 itaque
1672 2412 1811 2466 alius
1855 2409 2014 2465 hodie

429 2521 736 2592 episcOpus,
770 2532 894 2572 cras
929 2515 1105 2569 alius:
1138 2512 1299 2566 hodie
1339 2509 1619 2570 diaconus,
1660 2503 1752 2573 qui
1781 2514 1904 2556 cras
1942 2498 2015 2552 le—

431 2591 580 2678 ctor;
612 2613 771 2668 hodie
795 2611 1100 2680 presbyter,
1127 2605 1218 2675 qui
1245 2619 1369 2658 cras
1396 2602 1584 2655 laicus.
1618 2597 1752 2650 Nam
1789 2601 1844 2648 et
1866 2591 2018 2645 laicis

430 2701 786 2761 sacerdotalia
832 2713 1054 2753 munera
1099 2696 1402 2765 injungunt.
1455 2711 1473 2742 ι
1533 2688 1822 2754 Antiquior
1871 2681 2018 2752 apud

431 2795 652 2850 (iuncos
682 2789 924 2846 Justinus
955 2789 1098 2841 hunc
1126 2798 1340 2855 quoque
1365 2781 1612 2835 ordinem
1641 2775 1773 2830 mihi
1803 2772 2020 2828 videtur

434 2884 675 2940 indicare
700 2882 754 2936 in
806 2878 1053 2949 apologia
1106 2875 1280 2945 prima
1317 2871 1469 2939 juxta
1530 2865 1838 2926 Eusebium,
1899 2877 2020 2932 quae

435 2973 662 3045 proinde
688 2970 828 3025 male
865 2966 1180 3022 inscribitur
1220 2970 1280 3016 ut
1308 2958 1543 3015 secunda
1573 2957 1627 3009 in
1655 2954 1846 3017 editis;
1895 2965 2019 3006 cum

436 3067 605 3123 dicit:
656 3082 675 3115 ί
733 3061 938 3118 Deinde
984 3059 1186 3114 lectore
1212 3057 1524 3126 quiescente
1569 3047 1930 3120 praesidens...
1966 3053 2021 3098 et

363 3193 368 3196 -
436 3157 666 3230 populus
725 3154 901 3208 fauste
949 3149 1282 3206 acclamat...
1332 3140 1646 3199 absentibus
1690 3147 1870 3247 autem
1925 3149 2020 3203 per
2049 3183 2097 3247 ϐ

439 3228 702 3305 diaconos
741 3244 995 3307 mittitur,
1055 3247 1162 3296 etc.
1217 3259 1235 3290 ι
1290 3236 1382 3292 Sic
1430 3233 1648 3287 videtur
1694 3228 2023 3296 distinguere

439 3343 699 3398 lectorem
747 3352 777 3391 a
812 3334 1156 3406 praesidente,
1189 3328 1455 3392 diaconis,
1500 3333 1557 3380 et
1608 3321 1824 3393 populo.
1886 3318 2024 3372 Num

441 3445 571 3486 vero
621 3437 763 3484 esset
820 3424 1017 3495 aliquis
1074 3423 1334 3478 diaconus
1379 3416 1472 3486 qui
1534 3412 1753 3470 lectoris
1804 3421 2026 3465 munere

445 3523 783 3592 fungeretur,
816 3519 920 3572 hoc
971 3513 1171 3570 nollem
1215 3510 1426 3581 penitus
1469 3519 1686 3577 negare.
1730 3503 1868 3558 Nam
1903 3515 2026 3555 cum

443 3589 595 3682 prius
629 3607 884 3663 describit
914 3603 1185 3674 synaxim,
1231 3598 1467 3668 loquitur
1493 3602 1702 3649 tantum
1734 3592 1800 3646 de
1842 3589 2028 3660 praesi-

445 3677 628 3763 dente,
657 3696 918 3758 diaconis,
947 3701 1001 3748 et
1023 3689 1237 3761 populo.
1267 3688 1335 3741 Et
1372 3691 1589 3740 sanctus
1617 3681 1866 3738 Clemens
1904 3677 2029 3733 Ale-

448 3788 748 3858 xandrinus
811 3781 1235 3838 ecclesiasticam
1303 3773 1662 3830 hierarcbiam
1725 3783 2030 3841 proponens

448 3879 587 3933 libro
623 3893 674 3930 vt
726 3874 1061 3929 Stromatum
1110 3867 1356 3922 meminit
1391 3875 1600 3920 tantum
1625 3864 2027 3934 episc0porum,

449 3964 1300 4041 presbyterorum,diaeonorum.
1331 3957 1602 4027 Quidquid
1633 3956 1706 4011 sit
1735 3973 1748 4010 :
1776 3954 1908 4009 satis
1935 3969 2030 4008 su-

449 4076 653 4134 perque
681 4065 913 4122 constat,
945 4055 1092 4109 hunc
1136 4051 1396 4106 lectorem
1450 4063 1558 4102 non
1608 4045 1774 4101 fuisse
1807 4045 2028 4100 laicum.

451 4153 606 4223 Quod
635 4150 830 4209 sullicit
871 4147 940 4202 ad
963 4144 1300 4217 probandum
1325 4143 1488 4197 etiam
1519 4139 1684 4195 laicos
1707 4139 1902 4210 priscis
1941 4154 2032 4194 ee-

451 4246 630 4304 clesia:
660 4243 872 4300 s'cculis
897 4243 952 4295 in
978 4237 1167 4312 synaxi
1197 4236 1452 4292 lectiones
1477 4249 1584 4290 non
1613 4233 1890 4288 recitasse.

529 4337 640 4393 Nec
670 4334 886 4390 alleluia
916 4335 1108 4389 dicere.
1165 4332 1399 4389 Sanctus
1438 4331 1772 4400 Augustinus
1824 4329 1880 4384 in
1921 4329 2036 4398 epi-

454 4430 591 4487 stola
617 4429 682 4483 ad
709 4426 1027 4480 Januarium
1067 4444 1079 4478 :
1109 4445 1126 4477 ι
1165 4424 1349 4490 Varie,
1377 4423 1571 4492 inquit,
1603 4427 1852 4476 cantatur
1884 4409 2030 4484 alibi,

2103 587 2246 639 fama
2282 583 2490 648 volans,
2546 581 2682 636 tanti
2731 576 3035 650 pramuntia
3074 575 3274 638 luctus,
3329 574 3498 628 totius
3543 571 3700 626 urbis

2101 673 2357 744 populum
2397 671 2464 726 ad
2509 669 2798 739 exsequias
2824 666 3205 738 congregabat.
3239 663 3522 719 Sonabant
3553 659 3702 732 psal-

2104 767 2213 830 mi,
2242 773 2299 820 et
2327 771 2516 818 aurata
2549 762 2871 832 templorum
2917 759 3154 814 roboans
3197 757 3252 811 in
3285 755 3519 810 sublime
3561 769 3705 825 qua—

2106 861 2276 916 tiebat
2309 858 2563 914 Alleluia.

2179 949 2244 1004 Et
2259 949 2470 1021 quando
2495 948 2611 1019 quis
2637 954 2906 1002 consecrat
2929 960 3144 1014 aquam,
3164 939 3700 1012 primumorationcm

2107 1043 2291 1112 faciat.
2337 1041 2556 1108 Absque
2607 1038 2753 1094 enim
2781 1035 3050 1099 oratione,
3085 1031 3241 1100 juxta
3273 1029 3700 1091 Tertullianum,

2111 1133 2282 1187 viduae
2304 1140 2431 1186 sunt
2467 1146 2643 1199 aquae,
2673 1127 2878 1183 scilicet
2911 1124 3118 1195 Spiritu
3163 1129 3353 1179 sancto
3390 1120 3510 1190 qui,
3542 1118 3698 1172 invo-

2109 1233 2266 1280 catus
2290 1239 2451 1293 super
2478 1235 2669 1290 aquas,
2697 1233 2790 1273 eas
2824 1216 3031 1272 cmlesti
3056 1214 3206 1269 fonte
3246 1212 3492 1276 maritat,
3534 1218 3598 1264 ut
3627 1208 3703 1267 ait

2112 1325 2334 1372 sanctus
2371 1313 2629 1368 Paulinus
2665 1313 2719 1366 in
2748 1310 2906 1380 epist.
2949 1307 3038 1372 12,
3076 1307 3144 1361 ad
3175 1304 3478 1365 Severum;

2238 1427 2445 1477 Sanctus
2467 1427 2514 1474 in
2540 1425 2669 1474 hunc
2691 1420 2818 1472 coelo
2840 1419 3096 1469 descendit
3115 1418 3329 1478 Spiritus
3347 1426 3566 1476 amnem,

2299 1488 2599 1550 C(nlestique
2624 1498 2788 1535 sacras
2812 1483 2945 1532 fonte
2971 1481 3160 1529 maritat
3184 1491 3352 1542 aquas.

2739 1605 2969 1662 CAPUT
3009 1604 3075 1658 ll.

2260 1706 2338 1760 De
2373 1705 2541 1758 tribus
2587 1702 2838 1773 gradibus
2877 1698 3129 1753 Ecclesia:
3157 1694 3563 1768 principalibus.

2041 1843 2086 1902 Β
2186 1819 2445 1890 Episcopo
2473 1816 2588 1870 licet
2620 1813 2952 1882 conﬁrmare,
2983 1817 3114 1874 etc.,
3148 1807 3389 1861 similiter
3418 1817 3468 1858 et
3499 1804 3706 1875 presby-

2115 1921 2244 1965 tero.
2275 1907 2408 1966 Vide
2430 1905 2568 1961 infra
2596 1911 2756 1972 caput
2779 1901 2812 1956 4
2842 1898 3234 1956 Pcenitentialis
3264 1898 3329 1951 de
3369 1896 3708 1964 Baptismate

2115 2009 2172 2056 et
2198 1997 2642 2055 Confirmatione.

2185 2111 2244 2167 Si
2282 2111 2535 2163 diaconus
2582 2104 2659 2160 vel
2704 2103 2969 2175 presbyter
2992 2103 3099 2171 ipse
3145 2099 3358 2153 calicem
3405 2107 3455 2151 et
3487 2096 3709 2150 oblatio-

2113 2219 2229 2258 nem
2259 2199 2498 2255 manibus
2532 2196 2778 2252 tenuerit.
2810 2194 2962 2261 Quod
3008 2193 3147 2247 idem
3176 2191 3493 2260 prazstitisse
3529 2189 3594 2242 dc
3625 2203 3710 2241 se-

2115 2296 2230 2365 ipso
2259 2300 2485 2347 testatur
2507 2289 2882 2346 Theodoretus
2910 2287 2966 2340 in
2998 2284 3236 2339 Historia
3277 2282 3556 2352 religiosa,
3583 2295 3704 2350 cap.

2115 2389 2204 2443 20.
2260 2407 2278 2439 ι
2332 2389 2443 2458 Ego
2479 2402 2634 2451 vero,
2685 2384 2883 2454 inquit,
2933 2383 3165 2436 libenter
3208 2378 3605 2448 obtemperavi,
3655 2385 3709 2430 et

2117 2495 2271 2535 sacra
2312 2495 2440 2533 vasa
2471 2477 2650 2532 afferri
2682 2474 2817 2545 jussi
2851 2475 2974 2545 (nec
3005 2473 3151 2525 enim
3177 2470 3366 2542 procul
3406 2467 3702 2523 aberatlo-

2117 2571 2234 2642 cus)
2281 2570 2740 2635 diaeonorumqne
2787 2563 3033 2618 manibus
3061 2570 3219 2616 utens
3247 2576 3346 2630 pro
3381 2558 3568 2623 altari,
3595 2572 3712 2630 my-

2119 2663 2315 2718 sticum
2348 2668 2401 2716 et
2427 2659 2669 2715 divinum
2704 2671 2768 2710 ac
2797 2654 3034 2710 salutare
3077 2651 3400 2708 sacriﬁcium
3453 2649 3647 2705 obtuli.
3683 2667 3706 2702 ι

2191 2773 2478 2844 Episcopus
2504 2788 2606 2826 non
2654 2769 2800 2823 debet
2827 2769 3066 2822 abbatem
3112 2782 3292 2836 cogere
3328 2764 3399 2818 ad
3445 2764 3709 2834 synodum

2119 2866 2217 2918 ire.
2252 2862 2390 2927 Nisi,
2435 2870 2494 2916 ut
2539 2859 2718 2923 addit,
2750 2859 2917 2913 etiam
2954 2857 3132 2926 aliqua
3177 2854 3518 2910 rationabilis
3549 2868 3710 2908 causa

2121 2955 2212 3009 sit.
2248 2954 2379 3020 Quae
2405 2967 2570 3008 causa
2604 2949 2840 3004 maxime
2871 2944 3207 3001 rationabilis
3233 2952 3340 3008 est,
3370 2958 3497 2998 eum
3519 2957 3711 2998 vocan-

2123 3051 2214 3097 tur
2238 3043 2306 3097 ab
2333 3042 2609 3111 episcopo,
2631 3054 2696 3093 ex
2724 3053 2791 3093 eo
2813 3037 2957 3108 quod
2994 3043 3148 3090 extra
3180 3033 3421 3104 regulam
3459 3031 3708 3087 fecerint.

2123 3132 2289 3190 Cone.
2314 3131 2701 3186 Aurelianense
2735 3145 2782 3189 ι,
2826 3143 2875 3182 c.
2911 3128 3014 3182 l9:
3049 3144 3067 3176 ι
3101 3124 3341 3180 Abbates
3370 3138 3472 3192 pro
3495 3121 3714 3176 humili—

2129 3232 2242 3279 tate
2271 3223 2550 3293 religionis
2594 3223 2648 3276 in
2687 3221 3062 3290 episcoporum
3097 3225 3363 3287 potestate
3405 3215 3714 3270 consistant

2127 3321 2184 3368 et
2203 3313 2246 3368 si
2289 3313 2417 3382 quid
2457 3319 2612 3366 extra
2646 3309 2896 3373 fecerint,
2936 3310 3004 3363 ab
3046 3308 3299 3378 episcopo
3344 3305 3716 3375 corrigantur,

2128 3403 2221 3472 qui
2254 3401 2417 3457 semel
2448 3401 2503 3455 in
2550 3415 2715 3466 anno,
2746 3400 2800 3455 in
2838 3399 2956 3454 loco
2995 3398 3087 3453 ubi
3133 3397 3419 3466 episcopus
3467 3393 3715 3465 elegerit,

2128 3501 2354 3562 accepta
2399 3492 2684 3546 vocatione
2731 3490 3078 3546 conveniant.
3113 3509 3130 3541 ι
3165 3487 3370 3544 Concil.
3407 3487 3718 3542 Antisiodo-

2131 3598 2288 3638 rense
2312 3583 2411 3637 sub
2439 3582 2657 3651 Pelagio
2688 3597 2758 3644 ιι,
2785 3597 2835 3635 c.
2863 3579 2894 3632 7
2923 3598 2934 3632 :
2985 3597 3002 3630 ‹
3043 3578 3109 3634 Ut
3137 3577 3311 3632 medio
3351 3576 3492 3630 Maio
3529 3591 3720 3640 omnes

2129 3669 2431 3742 presbyteri
2456 3670 2526 3724 ad
2559 3669 2823 3740 synodum
2848 3667 3086 3730 veniant,
3115 3674 3172 3720 et
3207 3665 3373 3719 Kalen
3391 3666 3461 3720 lis
3483 3664 3716 3719 Novem?

2130 3763 2242 3818 bris
2269 3776 2456 3818 omnes
2485 3761 2708 3817 abbates
2737 3760 2805 3814 ad
2845 3758 3136 3824 concilium
3173 3757 3520 3815 conveniant.
3553 3776 3571 3810 I

2202 3873 2317 3928 Rea:
2337 3890 2477 3937 vero,
2501 3874 2546 3927 si
2573 3871 2690 3942 plus
2718 3881 2814 3925 est.
2852 3869 2988 3936 Quia
3027 3883 3123 3923 rex
3167 3883 3199 3922 a
3238 3868 3349 3922 Deo
3391 3867 3718 3923 constitutus

2132 3973 2218 4021 est
2257 3964 2548 4034 episcopus
2572 3976 2756 4016 rerum
2785 3969 3135 4017 externarum
3168 3977 3182 4013 :
3231 3957 3444 4028 qualem
3495 3973 3558 4013 se
3596 3957 3720 4025 jure

2132 4064 2296 4112 vocat
2331 4055 2718 4110 Constantinus
2760 4054 3053 4122 imperator
3091 4051 3370 4120 alloquens
3412 4050 3713 4118 episcopos.

2139 4165 2158 4199 ι
2191 4146 2301 4202 Vos
2338 4145 2579 4215 quidem,
2609 4143 2802 4213 inquit,
2845 4143 2902 4197 in
2952 4142 3018 4196 iis
3064 4155 3186 4209 quae
3237 4140 3378 4194 intra
3425 4139 3718 4194 Ecclesiam

2135 4244 2285 4302 sunt,
2317 4235 2556 4306 episcopi
2591 4234 2724 4290 estis
2753 4248 2767 4286 :
2804 4246 2904 4303 ego
2936 4247 3064 4287 vero
3095 4232 3149 4285 in
3189 4231 3255 4285 iis
3299 4245 3423 4300 qua:
3449 4238 3604 4283 extra
3629 4245 3718 4299 ge-

2134 4335 2349 4392 runtur,
2385 4327 2670 4396 episcopus
2715 4340 2745 4378 a
2794 4325 2905 4378 Deo
2954 4338 3072 4378 sum
3132 4322 3478 4377 constitutus.
3515 4341 3535 4374 ι
3593 4321 3719 4376 Haec

2135 4420 2277 4490 apud
2310 4417 2625 4481 Eusebium,
2653 4415 2746 4470 lib.
2778 4431 2830 4470 IV
2857 4415 2923 4470 de
2960 4415 3084 4469 Vita
3110 4413 3448 4469 Constantini
3472 4430 3592 4483 cap.
3628 4413 3714 4468 24.

454 4533 616 4594 atque
642 4520 787 4575 alibi.
821 4518 919 4573 llic
949 4519 1180 4588 hymnus
1225 4516 1358 4571 tanti
1406 4515 1776 4571 testimabatur
1824 4512 2029 4576 Romm,
2062 4535 2115 4598 ι)
2136 4510 2244 4565 Leo
2266 4509 2319 4573 Ι,
2344 4509 2396 4562 in
2410 4507 2634 4577 cpistola
2656 4506 2723 4559 ad
2749 4505 3110 4560 Theodosium
3132 4505 3434 4576 Augustum
3464 4524 3477 4559 :
3502 4525 3520 4558 ι
3542 4504 3718 4572 Quan-

456 4624 514 4668 ut
559 4611 847 4683 quotannis
885 4609 1052 4664 semel
1095 4615 1382 4663 caneretur
1415 4624 1429 4660 :
1462 4606 1508 4660 si
1542 4605 1825 4660 credamus
1870 4603 2036 4658 Sozo-

457 4721 613 4758 meno
656 4703 749 4758 lib.
798 4717 884 4768 vr,
932 4717 1050 4770 cap.
1091 4701 1178 4755 l9.
1231 4699 1500 4753 Prmterea
1533 4697 1717 4751 Roma:
1747 4695 2036 4764 quotannis

457 4794 622 4848 semel
649 4795 862 4849 canitur
891 4792 1139 4858 Alleluia,
1169 4792 1342 4862 primo
1367 4791 1451 4845 die
1467 4789 1739 4859 paschalis
1762 4787 2035 4842 festivita—

459 4886 527 4939 tis
553 4903 566 4936 :
601 4885 732 4940 adeo
750 4892 832 4948 ut,
871 4884 1024 4937 multi
1056 4884 1424 4938 Romanorum
1453 4881 1556 4936 hoc
1573 4879 1930 4951 jurejurando
1956 4880 2034 4933 uti

458 4975 683 5040 soleant,
730 4982 791 5028 ut
836 4975 977 5028 hunc
1023 4975 1280 5043 hymnum
1325 4972 1513 5027 audire
1555 4978 1610 5026 et
1659 4985 1856 5025 canere
1907 4971 2037 5038 ipsis

458 5067 752 5137 contingat.
793 5084 812 5116 ι
849 5064 993 5119 idem
1036 5072 1266 5118 testatur
1306 5063 1657 5120 Cassiodorus
1702 5062 1756 5117 in
1802 5062 2036 5117 Historia

460 5157 746 5227 tripartita.
775 5155 867 5225 qui
896 5154 984 5208 vix
1011 5161 1225 5224 poterat
1250 5155 1392 5209 hunc
1417 5169 1619 5208 morem
1649 5153 1917 5222 ignorare.
1947 5155 2038 5205 At-

460 5262 638 5305 tamen
688 5248 1052 5317 Hieronymus
1097 5245 1356 5300 adversus
1398 5243 1750 5314 Vigilantium
1779 5243 1921 5296 inter
1953 5242 2033 5311 ip-

458 5341 572 5395 sius
629 5339 1041 5394 allucinationes
1101 5341 1368 5399 recenset,
1397 5351 1416 5384 ι
1457 5333 1601 5403 quod
1640 5339 1872 5401 putaret,
1903 5347 2038 5384 nun-

464 5445 618 5497 quam
644 5429 750 5483 nisi
794 5429 848 5482 in
890 5428 1098 5482 Pascha
1147 5423 1374 5479 Alleluia
1422 5421 1768 5477 cantandum.
1810 5439 1828 5472 ι
1881 5420 1948 5472 Ει
1983 5420 2036 5473 in

461 5521 734 5590 epitaphio
771 5519 1004 5575 Fabiola:
1028 5518 1198 5575 refert
1225 5518 1278 5572 in
1313 5517 1456 5572 illius
1499 5515 1772 5583 exsequiis
1810 5511 2038 5567 Alleluia

462 5608 627 5664 fuisse
652 5618 925 5665 cantatum
961 5611 1126 5666 etiam
1155 5609 1361 5664 Romzn.
1393 5606 1690 5674 Quantum,
1717 5601 1909 5670 inquit,
1944 5603 2038 5656 ha-

463 5700 618 5756 heret
642 5701 873 5757 viventis
906 5702 1143 5758 Fabiola:
1164 5701 1335 5756 Roma
1373 5697 1712 5761 miraculum,
1747 5695 1800 5751 in
1826 5702 2037 5750 mortua

467 5790 870 5866 demonstravit.
911 5792 1149 5847 Necdum
1200 5791 1448 5862 spiritum
1499 5787 1864 5850 exhalaverat,
1915 5800 2037 5840 nec-

2139 4610 2251 4656 tum
2280 4599 2512 4670 praesidii
2545 4599 2807 4654 Dominus
2846 4597 3100 4652 Ecclesia:
3138 4612 3248 4651 sua:
3291 4597 3343 4650 in
3385 4595 3494 4651 fide
3526 4605 3726 4651 vesti-aa-

2134 4694 2435 4751 clementiae
2459 4692 2799 4762 praapararit,
2830 4691 2912 4745 his
2941 4690 3107 4744 etiam
3136 4688 3334 4743 litteris
3374 4705 3513 4758 quas
3538 4689 3604 4743 ad
3633 4701 3718 4742 me

2135 4785 2380 4848 misistis,
2411 4782 2737 4846 ostenditur,
2765 4789 2822 4834 ut
2846 4780 2998 4834 vobis
3027 4795 3132 4833 non
3159 4779 3331 4834 solum
3361 4779 3591 4848 regium,
3623 4780 3716 4834 sed

2134 4877 2299 4932 etiam
2352 4872 2738 4929 sacerdotalem
2787 4871 3025 4924 animum
3077 4870 3255 4923 inesse
3303 4869 3656 4939 gaudeamus.
3693 4887 3710 4920 ι

2135 4965 2395 5035 Agapitus
2425 4964 2709 5032 episcopus
2734 4960 2909 5016 Rhodi
2937 4959 3002 5013 ad
3029 4959 3263 5014 Leonem
3299 4960 3713 5028 imperatorem:

2141 5078 2158 5108 ι
2188 5057 2387 5112 Omnes
2414 5068 2634 5108 oramus
2661 5051 2956 5106 innumeris
2981 5066 3078 5105 vos
3104 5050 3421 5105 conservari
3459 5048 3712 5118 tempori-

2134 5149 2255 5202 bus.
2284 5147 2424 5202 Vere
2451 5159 2684 5213 namque
2711 5143 2965 5198 sacerdos
2988 5150 3042 5197 et
3064 5149 3257 5196 natura
3283 5142 3583 5210 imperator
3603 5140 3716 5198 exi--

2136 5237 2253 5292 stis.
2281 5257 2298 5288 ι
2344 5235 2498 5291 Unde
2517 5233 2814 5303 Gregorius
2843 5233 2883 5288 ll
2914 5248 3020 5287 non
3051 5230 3314 5289 difﬁtetur
3339 5245 3531 5286 omnes
3552 5232 3718 5285 bonos

2137 5329 2493 5397 imperatores
2539 5339 2700 5394 posse
2743 5323 2925 5378 vocari
2971 5323 3298 5379 sacerdotes.
3332 5321 3427 5377 Sic
3454 5323 3599 5376 enim
3643 5335 3716 5374 re

2137 5422 2365 5491 spondet
2386 5418 2550 5473 Leoni
2587 5417 2772 5472 Isauro
2795 5415 3108 5485 imperatori
3149 5415 3200 5472 in
3225 5414 3453 5483 epistola
3486 5431 3526 5469 ιι
3557 5428 3717 5482 quam

2137 5512 2203 5567 ad
2233 5513 2408 5581 ipsum
2447 5509 2636 5565 scribit
2673 5526 2685 5560 :
2730 5526 2748 5559 ί
2787 5506 3061 5577 Scripsisti
3092 5523 3106 5560 :
3158 5506 3457 5574 imperator
3499 5520 3641 5568 sum,
3665 5513 3718 5558 et

2137 5603 2408 5659 sacerdos.
2432 5601 2721 5655 Enimvero
2739 5599 2830 5668 qui
2859 5608 2983 5653 ante
3010 5607 3062 5653 te
3105 5599 3323 5652 fuerunt
3363 5597 3719 5667 imperatores

2139 5699 2242 5751 hoc
2270 5709 2433 5763 opere
2469 5708 2534 5748 ac
2563 5707 2812 5748 sermone
2844 5691 3306 5751 demonstrarunt,
3343 5688 3436 5756 qui
3470 5685 3722 5741 condide-

2140 5795 2286 5853 runt,
2313 5792 2366 5839 et
2398 5798 2583 5838 curam
2615 5788 2896 5851 gesserunt
2924 5779 3270 5835 ecclesiarum
3295 5793 3400 5833 una
3431 5792 3551 5831 cum
3578 5790 3716 5843 pnn-
