3924 6180
249 394 387 451 ΗΠ

1406 381 1982 441 OBSERVATIONES
2025 384 2114 439 ET
2155 382 2389 440 NOTAE.

3392 387 3528 440 illi!

244 506 486 561 tilieibus
509 500 808 572 cupiditate
837 497 1060 568 aeloque
1086 496 1318 562 incensi,
1352 503 1460 552 etc.
1503 515 1522 548 ι
1553 494 1620 550 Et
1651 493 1792 549 infra
1821 512 1833 548 :
1865 505 1912 559 Α
1942 495 2424 550 consecrationem.
2460 514 2480 546 ι
2517 492 2670 549 Unde
2698 493 2827 548 olim
2851 493 3064 550 diaconi
3093 495 3354 552 ecclesias
3376 513 3535 568 quas-

250 623 270 656 ι
308 601 375 656 Hi
402 606 529 655 sunt
555 595 870 653 sacerd0tes
891 602 946 650 et
972 594 1330 665 imperatores
1353 591 1446 661 qui
1474 591 1529 646 id
1552 604 1716 660 opere
1748 589 1842 644 de-

246 697 647 748 monstrarunt.
691 707 711 738 ι

317 780 379 836 Si
405 779 631 850 pretium
669 775 957 830 redimendi
988 792 1092 828 non
1118 774 1292 828 habet.
1319 772 1454 829 Vide
1479 785 1636 827 conc.
1665 770 1841 824 Aure-

243 871 492 926 lianense
524 885 618 931 ιιι,
647 883 696 922 c.
724 867 821 930 15;
868 865 1256 920 Aurelianense
1287 878 1360 928 IV,
1388 877 1437 917 c.
1475 861 1578 927 25;
1615 859 1674 915 S.
1708 859 1843 914 Gre-

247 977 369 1034 gor.
396 961 492 1015 lib.
527 975 623 1022 ιιι,
649 958 809 1027 epist.
856 957 910 1012 9.

317 1070 582 1143 Episcopo
626 1068 744 1122 licet
792 1076 967 1122 votum
997 1065 1216 1121 solvere.
1262 1065 1371 1120 Nec
1400 1065 1504 1118 hoc
1531 1063 1844 1132 vituperan-

244 1166 379 1220 dum
425 1177 546 1218 esse
591 1161 740 1216 clare
783 1158 1020 1214 ostendit
1062 1165 1284 1212 sanctus
1314 1155 1633 1210 Ambrosius
1657 1169 1843 1208 exem-

245 1257 354 1326 plis
391 1253 799 1323 Scripturarum
847 1250 1172 1304 auctoritate
1223 1245 1455 1301 ﬁrmatis
1481 1245 1574 1300 lib.
1623 1261 1682 1298 ιιι
1711 1243 1843 1298 Olli-

247 1347 481 1408 ciorum,
519 1356 640 1410 cap.
681 1341 749 1394 12
779 1359 791 1393 :
825 1340 1068 1409 Denique
1101 1339 1156 1392 in
1180 1337 1329 1393 Isaac
1358 1337 1625 1390 habemus
1651 1348 1836 1387 exem-

247 1438 422 1506 plum,
455 1448 556 1503 pro
590 1447 698 1500 quo
734 1431 959 1485 arietem
1001 1431 1142 1484 Deus
1182 1429 1372 1482 statuit
1403 1425 1673 1480 immolari
1714 1424 1838 1478 sibi.

248 1526 367 1585 Non
400 1538 616 1592 semper
656 1522 822 1592 igitur
863 1519 1131 1591 promissa
1180 1519 1434 1574 solvenda
1461 1517 1642 1570 omnia
1691 1524 1838 1571 sunt.

247 1619 494 1685 Denique
528 1615 641 1683 ipse
677 1612 942 1666 Dominus
980 1610 1291 1678 frequenter
1323 1623 1476 1664 suam
1514 1615 1688 1661 mutat
1713 1622 1839 1661 sen-

249 1707 501 1769 tentiam,
529 1704 672 1757 sicut
695 1701 978 1770 Scriptura
1009 1699 1233 1754 indicat.
1271 1698 1500 1764 Quando
1525 1697 1842 1751 Theodorus

245 1795 419 1861 addit,
449 1794 508 1850 Si
544 1793 676 1858 vult,
707 1791 950 1846 declarat
990 1805 1111 1860 quae
1140 1789 1213 1844 sit
1246 1788 1544 1844 auctoritas
1567 1787 1834 1857 episcopi,

245 1888 386 1942 adeo
414 1893 476 1939 ut
517 1883 609 1954 qui
667 1883 786 1938 sine
843 1881 987 1935 illius
1030 1895 1298 1935 consensu
1347 1871 1507 1933 voiet
1554 1876 1710 1946 quasi
1773 1892 1840 1932 ex

245 1978 429 2033 alieno
453 1983 644 2030 voveat
673 1984 727 2029 et
763 1973 916 2043 quasi
951 1973 1186 2027 alienum
1209 1979 1452 2040 usurpet.
1481 1969 1636 2033 Nam,
1677 1977 1736 2024 ut
1765 1970 1844 2023 ait

246 2076 472 2124 sanctus
505 2065 810 2137 Cyprianus
845 2065 898 2119 in
923 2063 1151 2134 epistola
1192 2063 1260 2117 27
1289 2081 1301 2116 :
1335 2080 1352 2113 ι
1406 2062 1663 2118 Ecclesia:
1703 2062 1840 2116 ratio

247 2161 489 2218 decurrit
515 2168 574 2213 ut
620 2158 858 2211 Ecclesia
908 2171 1074 2226 super
1121 2157 1402 2228 episcopos
1447 2157 1838 2222 constituatur;

245 2261 302 2308 et
322 2251 500 2312 omnis
525 2260 677 2307 nctus
717 2247 969 2302 Ecclesia:
1005 2262 1103 2316 per
1135 2247 1352 2302 eosdem
1387 2247 1707 2316 przepositos
1742 2260 1841 2314 gu-

246 2345 524 2396 bernetur.
566 2360 585 2392 ι
623 2338 773 2398 Unde
804 2337 944 2391 infra
973 2337 1288 2391 Theodorus
1315 2337 1368 2390 in
1409 2351 1530 2405 cap.
1567 2335 1843 2402 Qurestio-

249 2446 380 2487 num
410 2429 627 2501 conjug.
657 2446 670 2482 :
714 2447 732 2479 ‹
764 2428 832 2482 Ει
856 2430 901 2482 si
924 2428 1046 2500 quis
1082 2428 1136 2484 in
1168 2427 1414 2482 saeculari
1443 2426 1630 2480 habitu
1657 2433 1842 2479 votum

250 2523 461 2581 voverit
490 2523 610 2578 sine
636 2537 902 2577 consensu
933 2521 1197 2592 episcopi,
1231 2520 1346 2589 ipse
1368 2519 1655 2590 episcopus
1679 2516 1844 2571 habet

249 2621 576 2694 potestatem
618 2621 830 2666 mutare
871 2610 1214 2671 sententiam,
1245 2609 1289 2664 si
1319 2609 1452 2662 vult.
1488 2627 1506 2660 ι
1543 2608 1675 2662 illud
1705 2608 1844 2661 idem

251 2705 411 2758 docet
433 2703 692 2772 magister
717 2701 987 2758 Robertus
1024 2699 1090 2753 de
1132 2697 1481 2753 Flamesbure
1506 2697 1562 2751 in
1600 2711 1698 2751 suo
1724 2695 1846 2750 Poe-

254 2790 546 2856 uitentiali.

255 2902 466 2959 Selecta
515 2919 580 2956 ea:
622 2917 759 2971 cap;
781 2901 814 2954 4
845 2900 964 2954 libri
991 2916 1029 2955 ιι
1062 2898 1446 2971 Pwnitenlialis
1475 2915 1574 2971 ins.
1605 2896 1847 2971 magistri

326 2972 544 3026 Roberti
595 2967 1056 3036 de'Flamesbure,
1101 2971 1342 3024 canonici
1389 2967 1447 3024 S.
1503 2967 1748 3032 Victoris,
1795 2976 1846 3021 et

325 3041 725 3113 panitentiarii.

326 3152 463 3208 Item
504 3151 607 3207 etsi
643 3151 710 3206 de
761 3151 982 3206 licentia
1031 3151 1219 3206 uxoris
1266 3151 1476 3204 intrans
1528 3148 1844 3220 religionem

256 3245 544 3303 monachis
565 3253 620 3299 et
642 3243 924 3301 sacerdote
951 3245 1332 3314 prmsentibus,
1361 3244 1444 3298 vir
1478 3243 1534 3298 in
1569 3257 1762 3298 manus
1786 3257 1847 3297 se

258 3337 410 3393 dedit
443 3335 672 3400 abbatis,
715 3335 814 3390 sed
847 3336 1100 3406 episcopo
1123 3335 1434 3406 ignorante;
1463 3335 1509 3389 si
1536 3333 1729 3388 mulier
1749 3345 1851 3387 nec

257 3434 578 3505 perpetuam
609 3425 756 3479 vovit
795 3424 1206 3489 continentiam,
1248 3437 1350 3477 nec
1383 3438 1506 3477 cum
1554 3421 1671 3476 viro
1724 3421 1852 3476 reli-

259 3519 478 3592 gionem
505 3515 750 3582 intravit,
782 3524 964 3585 potest
993 3531 1118 3570 eum
1155 3528 1414 3570 revocare
1447 3515 1753 3586 episcopus,
1789 3521 1852 3568 ut

262 3607 319 3671 in
343 3604 599 3661 decretali
631 3603 943 3675 Propterea,
989 3604 1044 3658 in
1073 3603 1230 3658 titulo
1266 3603 1330 3657 de
1367 3602 1699 3658 conversione
1727 3619 1853 3657 con-

259 3699 588 3773 iugatorum.
630 3695 784 3764 Quod
817 3697 897 3751 sic
924 3695 1205 3767 intelligo:
1256 3697 1400 3765 quod
1433 3695 1719 3766 episcopus
1757 3711 1855 3766 po—

263 3800 371 3853 test
396 3798 453 3844 et
479 3789 635 3845 debet
661 3790 839 3844 virum
867 3790 934 3844 ad
960 3788 1204 3844 mulieris
1227 3789 1546 3860 petitionem
1568 3803 1850 3855 revocare,

261 3880 308 3940 si
343 3879 433 3934 illa
461 3879 512 3933 in
541 3879 845 3949 ingressum
866 3879 967 3934 viri
992 3886 1292 3948 protestata
1313 3885 1398 3932 est
1419 3892 1477 3932 se
1506 3877 1650 3932 nolle
1674 3879 1853 3934 conti-

264 3983 417 4025 nere.
447 3967 600 4035 Quod
643 3969 789 4023 enim
824 3968 1025 4024 dicitur
1054 3969 1198 4039 quod
1223 3975 1407 4022 votum
1445 3966 1853 4032 solemnizatur,

261 4061 484 4132 quando
513 4059 709 4130 aliquis
756 4075 815 4116 se
845 4062 900 4116 in
931 4075 1124 4116 manus
1161 4060 1255 4115 dat
1297 4059 1531 4124 abbatis,
1572 4056 1640 4112 de
1663 4058 1857 4113 solutis

265 4151 587 4222 intelligitur
614 4152 880 4223 personis,
913 4167 1020 4207 non
1072 4152 1139 4207 de
1177 4151 1428 4216 subditis,
1459 4150 1574 4204 sive
1603 4149 1858 4220 conjuge-

263 4246 375 4298 tis:
402 4244 528 4314 quia
566 4259 667 4299 nec
695 4244 802 4309 vir,
831 4258 933 4297 nec
959 4243 1153 4297 mulier
1193 4243 1309 4296 sine
1337 4240 1574 4318 episcopi
1620 4240 1857 4294 auctori—

265 4344 381 4411 tate
408 4335 722 4421 religionem
754 4337 958 4390 intrare
985 4344 1180 4408 potest,
1223 4333 1379 4391 Unde
1404 4335 1508 4388 iste
1535 4332 1855 4403 coniugatus

262 4428 362 4502 qui
396 4429 515 4493 sine
536 4429 860 4492 auctoritate
884 4429 1120 4499 episc0pi
1148 4429 1201 4484 in
1227 4442 1418 4482 manus
1439 4440 1496 4481 se
1519 4424 1665 4491 dedit
1692 4426 1855 4481 abba-

265 4519 362 4591 tis,
407 4519 540 4573 nihil
571 4518 718 4576 fecit.

341 4610 651 4681 Presbytero
677 4611 776 4665 soli
803 4611 958 4665 liceat
1004 4613 1191 4666 missas
1223 4609 1417 4680 facere.
1457 4610 1711 4672 Diaconis
1757 4609 1858 4682 igi—

264 4712 362 4770 tur
397 4716 502 4755 non
543 4701 690 4755 licet.
719 4699 1020 4756 Concilium
1054 4701 1372 4756 Arelatense
1401 4716 1449 4767 ι,
1495 4715 1546 4756 c.
1579 4700 1682 4754 15:
1729 4718 1748 4750 ι
1783 4701 1860 4754 De

265 4791 595 4861 diaconibus
645 4805 783 4858 quos
829 4791 1181 4861 cognovimus
1230 4790 1415 4847 multis
1458 4790 1592 4844 locis
1640 4790 1857 4855 oll'erre,

265 4881 475 4952 placuit
509 4881 729 4934 minime
774 4881 890 4934 ﬁeri
934 4879 1155 4935 debere.
1188 4899 1206 4932 ι
1262 4879 1430 4934 Conc.
1489 4879 1858 4950 Ancyranum,

266 4955 320 5027 ὲ.
351 4972 385 5045 2
413 4990 426 5024 :
476 4989 493 5020 ι
547 4971 814 5026 Diaconos
841 4971 1091 5032 similiter
1120 4971 1212 5039 qui
1243 4970 1642 5033 sacriﬁcarunt,
1669 4978 1860 5039 postea

266 5073 454 5136 autem
485 5061 730 5117 reluctati
759 5071 905 5128 sunt,
929 5063 1093 5123 alium
1109 5063 1324 5132 quidem
1350 5063 1612 5115 honorem
1637 5059 1860 5125 habere,

269 5154 423 5223 ipsos
447 5159 629 5206 autem
657 5153 724 5205 ab
753 5154 899 5216 omni
926 5153 1246 5207 sacerdotali
1281 5152 1604 5217 ministerio,
1633 5160 1688 5206 et
1703 5151 1860 5220 juxta

270 5243 515 5297 codicem
553 5242 809 5298 Ecclesia:
838 5243 1127 5310 universas,
1156 5245 1222 5297 ab
1247 5243 1394 5297 omni
1435 5258 1592 5298 sacro
1618 5243 1864 5297 ministe-

273 5333 361 5405 rio
386 5348 626 5397 cessare,
656 5341 712 5388 et
742 5348 938 5402 panem
973 5333 1058 5388 vel
1085 5334 1309 5389 calicem
1335 5333 1595 5388 oil'erendi
1621 5333 1704 5388 vel
1728 5349 1865 5404 ιιι-εθ-

271 5421 513 5476 dicandi.
540 5441 558 5473 ι
587 5421 683 5475 His
709 5423 910 5491 etenim
932 5423 1222 5494 aliquando
1256 5425 1540 5480 commissa
1575 5433 1659 5479 est
1685 5423 1867 5486 Domi-

273 5510 388 5565 nici
413 5512 693 5582 sanguinis
721 5515 1083 5582 consecratio,
1118 5522 1179 5568 ut
1200 5523 1418 5570 sanctus
1437 5515 1755 5581 Ambrosius
1789 5523 1864 5570 ted

275 5610 459 5672 statur
497 5603 564 5656 de
598 5612 789 5658 sancto
833 5603 1126 5675 Laurentio
1166 5607 1416 5673 diacono,
1467 5607 1562 5672 lib,
1596 5623 1611 5674 ι
1654 5605 1869 5670 Ofﬁcio-

275 5709 425 5763 rum,
447 5709 568 5764 cap.
594 5694 654 5746 ιιι
689 5715 701 5771 :_
733 5715 750 5745 ι
790 5696 1051 5772 Experire
1080 5705 1250 5763 certe,
1280 5706 1464 5760 utrum
1490 5698 1742 5752 idoneum
1763 5698 1867 5768 mi—

276 5777 785 5858 nistrunielcgcris,
831 5793 913 5843 cui
944 5789 1260 5844 commisisti
1299 5789 1557 5844 Dominici
1587 5788 1865 5861 sanguinis

1871 3201 1919 3263 C

1943 585 2068 639 dam
2117 593 2393 640 rexerunt.
2453 583 2619 640 Cone.
2670 582 3015 652 Eliberitan.,
3072 601 3193 641 can.
3231 587 3335 642 77:
3387 606 3408 640 ε
3467 590 3534 646 .Si

1941 679 2064 748 quis
2088 677 2350 734 diaconus
2374 693 2569 750 regens
2592 679 2825 748 plebem,
2856 689 2961 735 etc.
2998 700 3016 733 ι
3045 679 3340 750 Gregorius
3361 683 3535 739 Turo-

1943 774 2145 839 nensis,
2200 774 2268 830 de
2317 774 2502 831 Gloria
2542 774 2937 843 confessorum,
2986 793 3106 849 cap.
3166 780 3282 836 50:
3333 800 3354 833 ι
3402 781 3535 840 Post

1942 867 2235 938 longinqua
2272 885 2402 924 vero
2450 886 2719 925 annorum
2765 872 3058 938 curricula,
3113 873 3396 942 Cautinus,
3437 881 3532 948 qui

1942 959 2111 1029 ipsius
2131 960 2388 1015 Arverna:
2411 962 2562 1017 urbis
2587 963 2872 1032 episcopus
2902 964 3059 1020 datus
3091 974 3196 1032 est,
3241 969 3294 1023 in
3347 971 3530 1026 diaco-

1943 1059 2074 1105 natu
2110 1067 2208 1106 suo
2233 1052 2534 1107 Ecclesiam
2559 1053 2676 1109 vice
2712 1054 2858 1110 illius
2886 1057 3048 1111 rexit.
3083 1078 3102 1111 ι

2015 1163 2083 1217 Et
2130 1162 2380 1234 populum
2429 1163 2746 1221 benedicere.
2796 1167 2985 1224 Patres
3019 1172 3234 1226 concilii
3277 1174 3537 1245 Regensis

1942 1253 2273 1326 presbyteris
2313 1255 2634 1324 permittunt
2676 1267 2737 1311 ut
2775 1259 3027 1328 privatim
3054 1262 3400 1330 benedicant,
3428 1279 3535 1322 non

1942 1347 2156 1418 publice
2183 1346 2237 1400 in
2277 1345 2548 1401 ecclesia:
2590 1365 2608 1398 ‹
2659 1348 2727 1402 Et
2753 1350 2896 1404 inter
2921 1352 3156 1407 minutas
3201 1355 3298 1410 has
3330 1357 3538 1412 discus-

1944 1437 2124 1490 siones
2147 1443 2200 1490 et
2230 1434 2539 1490 indeﬁnitas
2569 1437 2746 1492 visum
2776 1447 2860 1494 est
2906 1442 3051 1494 omni
3094 1445 3412 1514 presbytero
3441 1461 3537 1515 per

1944 1524 2198 1590 familias,
2228 1538 2327 1594 per
2353 1539 2532 1596 agros,
2561 1543 2658 1595 per
2691 1528 2931 1598 privatas
2955 1530 3165 1595 domos,
3201 1548 3300 1602 pro
3323 1534 3537 1591 deside-

1944 1616 2026 1671 rio
2049 1615 2312 1681 ﬁdelium,
2341 1616 2653 1673 facultatem
2693 1620 3085 1676 benedictionis
3123 1625 3360 1693 aperire,
3395 1627 3538 1695 quod

1943 1708 2231 1764 nonnullas
2267 1708 2380 1778 jam
2432 1711 2741 1780 provincias
2789 1711 2992 1767 habere
3031 1717 3322 1771 succurrit.
3355 1737 3374 1771 ι
3429 1717 3542 1776 Nec

1943 1800 2198 1868 privatim
2224 1815 2375 1870 ergo,
2403 1810 2463 1854 ut
2490 1810 2637 1856 recte
2667 1801 3053 1858 animadvertit
3096 1821 3151 1860 v.
3201 1805 3270 1859 cl.
3319 1804 3369 1861 εἰ.
3419 1807 3538 1862 Sir-

1945 1891 2178 1946 mondus
2207 1891 2260 1945 in
2290 1892 2403 1946 suis
2435 1892 2500 1946 ad
2550 1893 2695 1948 hunc
2741 1909 3002 1949 canonem
3052 1897 3212 1962 notis,
3261 1905 3385 1953 ante
3436 1900 3542 1956 hoc

1943 1990 2156 2052 tempus
2186 1984 2485 2055 presbyteri
2527 1984 2959 2041 benedictionem
2986 1987 3186 2042 dabant
3215 1989 3266 2043 in
3305 1990 3389 2044 his
3416 2007 3541 2058 pro-

1941 2074 2137 2129 vinciis
2165 2074 2373 2129 Galliae.
2416 2075 2474 2130 In
2513 2076 2720 2145 synodo
2761 2076 3056 2147 Agatbensi
3102 2077 3373 2148 publicam
3423 2089 3537 2134 tan-

1942 2172 2058 2219 tum
2088 2167 2216 2221 dare
2241 2167 2616 2237 prohibentur,
2645 2185 2754 2224 non
2797 2170 3084 2238 privatam.
3130 2170 3189 2226 C.
3233 2171 3302 2224 44
3332 2191 3343 2225 :
3375 2190 3394 2223 ‹
3431 2175 3536 2228 Be~

1942 2257 2246 2312 nedictione
2271 2276 2300 2310 ιι
2338 2274 2501 2327 super
2527 2259 2738 2328 plebem
2769 2261 2823 2314 in
2866 2260 3096 2316 ecclesia
3123 2259 3347 2317 fundere
3377 2279 3532 2333 pres-

1940 2349 2137 2418 bytero
2172 2348 2384 2418 penitus
2415 2364 2521 2403 non
2547 2349 2746 2404 licebit.
2785 2369 2803 2401 ι
2838 2349 2903 2404 Ει
2938 2351 3223 2421 nequidem
3264 2353 3518 2424 chorepi-

1944 2439 2123 2509 scopis
2152 2439 2280 2494 licet
2317 2455 2382 2494 ex
2414 2440 2594 2495 Caroli
2625 2441 2799 2512 Magni
2843 2441 3107 2512 Capitulis
3131 2444 3536 2513 ecclesiasticis,

1945 2531 2028 2583 tit.
2059 2546 2136 2596 ιν,
2161 2546 2281 2600 cap.
2309 2531 2378 2585 2:
2428 2531 2662 2598 Placuit,
2705 2534 2846 2588 sicut
2895 2534 3091 2590 Leonis
3117 2551 3271 2607 papae
3315 2547 3370 2592 et
3421 2553 3536 2594 om-

1945 2621 2095 2675 nium
2130 2624 2509 2692 episcoporum
2538 2633 2848 2678 nostrorum
2871 2634 3032 2695 atque
3052 2626 3383 2696 reliquorum
3412 2627 3545 2685 iide-

1945 2709 2076 2764 lium
2111 2713 2348 2781 generali
2391 2720 2444 2766 et
2471 2714 2714 2784 synodali
2769 2715 3020 2770 consultu
3064 2716 3426 2783 decrevimus,
3476 2729 3540 2775 ut

1945 2801 2128 2858 nullus
2162 2804 2600 2874 chorepisoopus,
2632 2813 2761 2871 etc.,
2793 2807 3222 2863 benedictionem
3255 2810 3308 2864 in
3327 2810 3544 2879 publica

1948 2892 2116 2947 missa
2152 2893 2365 2963 populis
2403 2895 2643 2948 tribuere
2676 2906 2989 2964 praesumat.
3027 2896 3157 2965 Qua:
3183 2901 3366 2954 omnia
3394 2916 3544 2957 sum-

1948 2979 2053 3036 mis
2087 2981 2455 3051 pontificibus,
2504 2983 2558 3037 id
2601 2993 2682 3039 est
2724 2986 3126 3043 cathedralibus
3150 2990 3419 3062 episc0pis
3448 2993 3546 3048 de-

1948 3070 2166 3137 bentur,
2198 3080 2252 3126 et
2297 3087 2404 3126 non
2431 3073 2838 3144 cborepiscopis
2878 3077 2962 3131 vel
3011 3080 3358 3151 presbyteris,
3410 3097 3546 3152 quo-

1950 3175 2070 3214 rum
2126 3158 2358 3215 formam
2407 3161 2564 3230 juxta
2619 3174 2932 3237 sanctorum
2999 3185 3268 3225 canonum
3319 3174 3541 3229 decreta

1951 3249 2323 3321 cborepiscopi
2359 3260 2601 3322 gerunt:
2653 3254 2701 3309 si
2749 3265 2928 3311 autem
2987 3258 3024 3312 ii
3081 3259 3283 3328 aliquid
3337 3277 3405 3318 ex
3457 3265 3546 3319 bis

1953 3353 2113 3410 agere
2147 3341 2500 3407 tentaverint,
2546 3342 2703 3398 irrita
2727 3353 2889 3399 erunt
2921 3361 3041 3415 quae
3073 3349 3140 3401 ab
3163 3349 3230 3404 iis
3258 3361 3546 3421 geruntur,

1953 3438 2008 3485 et
2027 3431 2128 3501 ipsi
2165 3433 2313 3487 omni
2364 3432 2732 3490 ecclesiastico
2785 3436 2990 3491 honore
3036 3436 3279 3495 funditus
3324 3441 3546 3510 priven-

1957 3527 2064 3575 tur.
2103 3542 2122 3576 ι
2148 3522 2206 3578 In
2246 3523 2469 3580 Oriente
2499 3540 2625 3580 vero
2645 3534 2931 3598 utramque
2955 3530 3292 3600 presbyteris
3313 3546 3544 3589 conces-

1955 3625 2072 3666 sam
2099 3627 2222 3669 esse
2249 3615 2468 3670 elicitur
2500 3631 2565 3670 ex
2593 3616 2773 3672 verbis
2797 3619 2970 3673 sancti
3005 3619 3186 3675 Basilii
3208 3621 3276 3676 ad
3318 3621 3548 3692 Amphi—

1955 3701 2192 3758 lochium
2234 3719 2284 3760 c.
2315 3705 2425 3760 27:
2477 3707 2553 3762 De
2594 3707 2914 3779 presbytero
2955 3707 3181 3765 nefariis
3219 3712 3422 3782 nuptiis
3451 3728 3551 3784 per

1956 3792 2318 3863 ignorantiam
2349 3795 2631 3865 implicito.
2655 3815 2673 3847 ι
2707 3797 2816 3853 Nec
2837 3798 3066 3868 publice,
3090 3799 3288 3870 inquit,
3309 3816 3409 3856 nec
3430 3803 3551 3874 pri-

1955 3886 2126 3940 vatim
2147 3886 2453 3941 benedicat.
2489 3907 2507 3938 ι
2536 3887 2681 3943 Idem
2704 3903 2771 3943 ex
2796 3889 3017 3944 homilia
3039 3890 3108 3946 34
3133 3889 3359 3948 Joannis
3383 3892 3552 3966 Chry-

1957 3977 2184 4032 sostomi
2226 3978 2280 4032 in
2316 3993 2437 4050 cap.
2480 3995 2536 4033 ix
2587 3978 2856 4046 Mattbaei;
2908 3982 3051 4050 quod
3096 3993 3283 4051 aperte
3311 3985 3550 4042 declarat

1956 4075 2121 4138 atque
2150 4069 2435 4140 conﬁrmat
2468 4068 2608 4125 infra
2637 4069 2954 4126 Theodorus
2980 4071 3036 4126 in
3071 4071 3182 4126 line
3204 4087 3325 4142 cap.
3355 4073 3392 4128 3
3423 4075 3548 4131 Pce-

1956 4161 2150 4216 nitent.

2028 4267 2308 4340 Presbyter
2331 4270 2560 4325 decimas
2593 4270 2723 4325 dare
2753 4288 2857 4326 non
2888 4272 3116 4342 cogitur.
3149 4271 3431 4344 indignum
3459 4284 3549 4329 est

1957 4361 2125 4426 enim,
2151 4362 2324 4430 inquit
2367 4359 2680 4432 Gregorius,
2727 4370 2789 4416 ut
2824 4378 2853 4416 a
2881 4363 3093 4419 clericis
3119 4364 3428 4435 exigantur,
3455 4367 3548 4435 qui

1957 4465 2180 4526 prapter
2218 4471 2364 4520 eum,
2406 4454 2561 4524 cujus
2589 4465 2714 4511 sunt
2738 4457 2980 4523 decimae,
3011 4472 3277 4527 pauperes
3304 4457 3547 4514 elliciun-

1887 4545 1936 4606 D
1963 4555 2068 4600 tur.
2100 4547 2230 4600 Vide
2251 4547 2495 4617 Append.
2523 4561 2675 4601 conc.
2704 4546 2954 4602 Lateran.
2995 4564 3053 4602 ιιι
3073 4587 3089 4613 ,
3133 4563 3254 4617 cap.
3284 4549 3336 4603 9.
3371 4548 3550 4614 Quare

1961 4637 2103 4691 infra
2129 4637 2347 4703 dicitur,
2375 4652 2495 4707 cap.
2529 4637 2594 4691 l5
2625 4655 2637 4690 :
2668 4656 2687 4688 ‹
2725 4637 2970 4692 Decimas
2993 4652 3098 4692 non
3133 4645 3216 4693 est
3247 4638 3546 4708 legitimum

1963 4725 2112 4790 dare,
2157 4726 2260 4780 nisi
2308 4725 2636 4796 pauperibus
2675 4734 2732 4780 et
2776 4727 3096 4796 peregrinis.
3132 4745 3150 4778 ι
3187 4728 3322 4782 Vide
3353 4728 3551 4784 librum

1962 4816 2187 4872 Joannis
2235 4817 2488 4884 Launoii,
2539 4806 2780 4874 doctoris
2827 4819 3188 4885 celeberrimi,
3239 4821 3305 4876 de
3353 4821 3554 4878 Delini-

1967 4906 2111 4962 tione
2137 4892 2401 4963 bonorum
2448 4907 2723 4974 Ecclesiae,
2759 4909 2813 4962 in
2849 4925 2957 4978 quo
2998 4910 3296 4966 innumeris
3330 4911 3554 4967 Patrum

1967 5001 2292 5055 testimoniis
2326 5001 2518 5071 probat
2542 5002 2681 5056 bona
2715 5001 2971 5057 Ecclesiae
3001 5017 3120 5058 esse
3164 5004 3304 5059 bona
3346 5019 3553 5074 paupe-

1966 5105 2088 5144 rum
2113 5107 2127 5155 ;
2159 5091 2356 5160 quibus
2387 5090 2673 5162 adjungam
2701 5094 3022 5148 sententiam
3051 5093 3294 5165 magistri
3331 5093 3554 5148 Roberti

1966 5182 2032 5236 de
2054 5182 2304 5248 Cborcon
2337 5183 2390 5237 in
2432 5198 2530 5238 sua
2567 5182 2810 5249 Summa,
2844 5186 2932 5240 ubi
2959 5193 3148 5254 quzcst.
3182 5184 3270 5247 13,
3316 5183 3382 5237 de
3417 5183 3558 5237 deci-

1965 5274 2085 5338 mis,
2119 5289 2238 5342 cap.
2284 5274 2338 5339 5,
2392 5275 2531 5328 hanc
2569 5281 2767 5327 tractat
2811 5276 3180 5343 quaestionem,
3217 5273 3406 5327 Utrum
3447 5274 3557 5331 cle—

1973 5362 2071 5418 rici
2104 5371 2362 5418 tenentur
2388 5363 2626 5420 decimas
2653 5364 2882 5419 solvere.

1973 5493 2179 5551 Selecta
2209 5511 2274 5550 ea:
2305 5494 2524 5550 Summa
2555 5510 2651 5547 ms.
2695 5490 2933 5560 magistri
2963 5487 3170 5542 Roberti
3200 5489 3264 5544 de
3293 5486 3555 5557 Chorcon,

2327 5575 2512 5636 quwst.
2549 5564 2616 5618 15
2645 5562 2710 5615 dc
2736 5560 2971 5623 decimis,
3007 5577 3124 5629 cap.
3144 5561 3197 5614 5.

2042 5676 2282 5732 Dicimus
2309 5676 2450 5746 quod
2481 5689 2636 5730 secus
2681 5678 2765 5727 est
2809 5673 2875 5725 de
2914 5671 3051 5726 laico
3099 5673 3192 5743 qui
3237 5672 3402 5728 habet
3438 5685 3561 5743 pro-

1971 5768 2165 5835 prium.
2192 5777 2244 5821 ct
2277 5782 2432 5821 secus
2467 5775 2548 5819 cst
2590 5766 2652 5817 dc
2679 5763 2879 5820 clerico
2917 5763 3009 5834 qui
3034 5779 3140 5818 non
3174 5775 3258 5821 est
3282 5778 3560 5835 possessor
