3942 6182
541 347 680 402 “19

1630 342 1721 397 AD
1758 334 2300 399 PCENITENTIALE
2338 332 2688 391 THEODORI

3585 354 3685 411 ιιεο

536 480 727 531 eorum
771 476 892 531 quae
932 460 1118 526 habet,
1166 460 1262 515 sed
1310 468 1518 516 tantum
1562 459 1921 530 dispensator,
1961 456 2117 528 juxta
2144 456 2195 511 Δ
2294 448 2630 517 Sacriﬁcium
2663 464 2768 501 non
2793 455 2869 501 est
2897 447 3484 517 accipiendumdemanu
3502 469 3690 522 sai-udo.

532 554 870 628 Apostolum,
891 552 983 622 qui
1010 551 1087 607 ait
1110 568 1123 604 :
1155 549 1490 621 Dispensatio
1519 551 1679 607 nobis
1698 551 1898 605 credita
1924 557 2020 602 est.
2046 545 2115 601 Et

530 645 689 717 juxta
728 642 1136 712 Hieronymum,
1170 642 1262 712 qui
1295 640 1373 695 ait
1415 656 1525 705 xvr,
1565 648 1759 710 quaest.
1794 640 1849 705 i,
1884 652 2003 708 cap.
2031 635 2116 691 ul-

535 738 668 791 timo
703 752 716 789 :
760 733 1077 813 cQuidquid
1105 734 1302 789 habent
1340 733 1557 799 clerici,
1587 747 1888 803 pauperum
1921 739 2023 794 est,
2060 738 2115 784 et

533 827 658 881 ideo
699 825 890 882 domus
923 839 1109 881 eorum
1145 824 1343 880 debent
1379 838 1498 878 esse
1534 836 1868 877 communes.
1907 843 1926 873 ι
1966 819 2116 875 Unde

533 918 767 974 clericus
799 925 977 985 potest
1027 916 1266 985 recipere
1311 916 1376 970 de
1414 914 1572 969 bonis
1610 910 2022 974 ecclesiasticis,
2058 916 2119 963 ut

534 1013 874 1081 dispensator
909 1019 964 1065 et
988 1024 1197 1073 servus,
1226 1023 1345 1076 quae
1369 1005 1641 1061 sufﬁciunt
1683 1005 1730 1059 ei
1772 1012 1829 1059 et
1868 1009 2012 1056 arcte
2038 997 2118 1053 fa-

470 1160 477 1171 ,
534 1102 719 1167 milite,
757 1108 813 1155 et
850 1102 1074 1157 honeste
1098 1098 1167 1152 ad
1191 1097 1545 1160 esculentum,
1584 1102 1632 1149 et
1672 1092 2037 1163 poculentum,
2064 1098 2120 1142 et

534 1191 929 1246 indumentum.
979 1188 1049 1242 Et
1106 1188 1321 1253 his,-ut
1367 1185 1499 1239 dicit
1543 1181 1850 1252 Apostolus,
1891 1177 2117 1233 contenti

533 1282 721 1345 simus,
754 1288 809 1333 et
853 1286 1023 1332 totum
1067 1276 1343 1331 residuum
1386 1272 1453 1327 de
1488 1272 1611 1341 jure
1641 1271 1885 1325 districto
1912 1279 2116 1337 paupe-

537 1388 654 1427 rum
678 1380 777 1426 est.
798 1371 948 1426 Unde
971 1367 1149 1423 clerici
1167 1366 1283 1420 loco
1300 1365 1652 1425 decimarum,
1669 1376 1804 1432 quas
1823 1361 1949 1414 dant
1970 1356 2114 1420 laici,

538 1466 809 1521 residuum
837 1479 867 1517 a
889 1462 1272 1518 sufﬁcientibus
1315 1459 1415 1513 sibi
1450 1466 1504 1512 et
1528 1472 1638 1511 suae
1664 1453 1881 1508 familia:
1923 1450 1977 1504 in
2003 1448 2118 1519 pias

536 1571 696 1610 curas
755 1568 1048 1624 pauperum
1098 1559 1152 1604 et
1196 1548 1449 1604 Ecclesire
1498 1552 1751 1600 tenentur
1794 1538 2058 1609 impartiri
2100 1555 2113 1590 :

538 1645 686 1714 quia,
716 1644 761 1699 si
791 1641 931 1696 ultra
957 1641 1262 1696 necessaria
1308 1639 1561 1701 retinent,
1605 1644 1742 1690 teste
1767 1631 2115 1701 Hieronymo,

422 1742 444 1761 ’
536 1743 783 1806 raptores
802 1742 944 1790 sunt.
970 1733 1123 1792 Unde
1161 1733 1259 1798 ait,
1287 1750 1304 1782 ι
1337 1732 1524 1788 Aliena
1551 1745 1737 1800 rapere
1756 1726 2114 1788 convincitur,

538 1800 782 1899 quisquis
806 1826 946 1881 ultra
972 1826 1277 1881 necessaria
1302 1826 1533 1881 retinere
1564 1830 1808 1879 conatur.
1844 1841 1860 1871 ›
1890 1818 1957 1873 Et
1974 1810 2118 1871 dicit
2146 1800 2193 1860 Β

488 1908 489 1913 “
540 1919 870 1990 Gregorius:
909 1936 928 1969 ι
958 1917 1093 1972 Cum
1117 1916 1444 1987 pauperibus
1486 1916 1625 1970 bona
1671 1911 1976 1973 tribuimus,
2011 1920 2120 1961 non

541 2019 726 2064 nostra
749 2007 854 2063 illis
884 2006 1094 2070 damus,
1118 2005 1212 2060 sed
1238 2020 1334 2059 sua
1362 2005 1496 2074 ipsis
1518 2001 1810 2058 reddimus.
1836 1997 1989 2054 Unde
2014 2009 2120 2049 non

541 2099 740 2153 dicitur
775 2097 1139 2151 misericordia
1172 2102 1399 2161 tantum,
1428 2094 1684 2173 quoniam
1731 2093 1871 2147 bona
1920 2102 2122 2159 paupe-

543 2192 694 2246 ribus
728 2188 1116 2253 distribuimus,
1151 2188 1244 2243 sed
1267 2186 1495 2257 justitia.
1541 2207 1559 2239 ι
1599 2185 1752 2242 Unde
1776 2185 1829 2238 in
1866 2182 2072 2253 psalmo
2104 2200 2116 2234 ε

542 2284 817 2354 Dispersit,
851 2282 992 2336 dedit
1029 2280 1363 2354 pauperibus,
1389 2279 1601 2350 justitia
1635 2277 1772 2347 ejus,
1815 2284 1922 2330 etc.
1987 2271 2121 2339 Quia

542 2379 610 2434 de
627 2380 749 2450 jure
776 2377 1023 2433 districto
1053 2384 1301 2430 tenemur
1344 2389 1442 2429 nos
1492 2370 1676 2428 clerici
1721 2369 1850 2424 dare
1878 2366 2125 2437 pauperi-

543 2470 644 2526 bus
692 2469 873 2525 omnia
918 2483 982 2523 ea
1007 2483 1126 2537 quae
1166 2473 1453 2536 supersunt
1496 2464 1670 2527 nobis,
1708 2460 1862 2514 nobis
1895 2466 1949 2513 et
1977 2465 2124 2510 arcte

544 2557 761 2614 familiae
804 2556 1127 2612 necessariis
1178 2556 1425 2624 sumptis.
1480 2552 1631 2607 Unde
1682 2551 1735 2603 in
1789 2545 2120 2616 Evangelia:

546 2646 698 2714 Quod
742 2656 1007 2718 superest,
1049 2646 1170 2701 date
1216 2644 1627 2714 eleemosynam,
1682 2650 1729 2695 et
1786 2655 1901 2693 ecce
1949 2637 2126 2690 omnia

540 2741 741 2797 munda
782 2749 903 2795 sunt
944 2741 1103 2795 vobis.
1140 2738 1209 2793 Et
1251 2738 1394 2791 idem
1439 2735 1636 2791 dicitur
1683 2748 1794 2797 xvi,
1845 2737 2034 2800 qumst.
2072 2729 2122 2781 l.

616 2831 929 2905 Presbytero
978 2846 1083 2887 non
1130 2830 1248 2884 licet
1292 2836 1562 2900 peccatum
1612 2822 1836 2895 episcopi
1883 2820 2125 2893 prodere,

544 2924 667 2997 quia
696 2938 851 2992 super
876 2937 993 2975 eum
1037 2929 1133 2975 est.
1175 2917 1377 2973 Eodem
1415 2915 1575 2970 modo
1612 2911 1893 2983 judicabat
1939 2908 2127 2964 Abun—

545 3015 668 3071 dius
709 3013 991 3084 episcopus
1025 3004 1077 3067 in
1123 3008 1352 3065 concilio
1398 3005 1641 3060 Romano
1685 3004 1784 3059 sub
1832 3001 1985 3055 Sixto
2017 2998 2124 3055 Ill:

550 3124 570 3158 ι
612 3102 908 3173 Respondit
938 3107 993 3156 et
1038 3100 1172 3156 dixit
1213 3110 1228 3152 :
1274 3098 1393 3153 Non
1425 3097 1553 3152 licet
1587 3107 1911 3168 quemquam
1966 3106 2124 3146 accu-

548 3210 666 3253 sare
694 3190 1002 3264 pontificem
1030 3205 1209 3254 suum,
1241 3188 1496 3260 quoniam
1521 3187 1685 3257 judex
1722 3200 1830 3239 non
1853 3182 2139 3252 judicabi-.

546 3294 653 3340 tur.
678 3280 791 3338 Nisi
823 3291 998 3338 tamen
1026 3297 1056 3335 a
1084 3290 1230 3336 recta
1259 3280 1361 3335 fide
1389 3275 1791 3335 exorbitaverit.
1828 3295 1847 3328 ι
1881 3273 2034 3330 Sicut
2058 3273 2126 3329 ad

547 3373 854 3431 universale
900 3370 1188 3428 concilium
1233 3369 1563 3440 Ephesinum
1610 3365 1801 3422 scribit
1848 3363 2127 3421 Charisius

547 3464 862 3537 presbyter,
930 3478 1240 3519 tectunomus
1296 3458 1710 3530 Philadelpbice,
1762 3456 1850 3512 his
1901 3454 2123 3510 verbis:

556 3576 573 3608 ε
607 3556 791 3613 Oratio
815 3556 1030 3627 quidem
1052 3565 1137 3611 est
1161 3555 1402 3611 omnium
1424 3554 1516 3623 qui
1536 3554 1675 3609 bene
1697 3551 1934 3622 sapiunt,
1960 3549 2130 3603 hono-

551 3663 666 3703 rem
698 3663 911 3717 semper
949 3653 1006 3702 et
1045 3647 1321 3702 decentem
1353 3644 1709 3700 reverentiam
1763 3640 2129 3712 spiritualibus
2174 3710 2181 3713 _

551 3739 786 3794 maxime
806 3738 1058 3793 Patribus
1084 3746 1139 3794 et
1163 3738 1472 3794 doctoribus
1496 3732 1780 3792 exhibere.
1799 3734 1858 3789 Si
1882 3748 2011 3789 vero
2031 3731 2129 3786 ali-

550 3828 675 3883 cubi
712 3828 1016 3898 contigerit,
1048 3842 1140 3883 eos
1178 3828 1271 3898 qui
1303 3829 1498 3883 docere
1542 3826 1737 3882 debent
1780 3825 1908 3881 talia
1952 3824 2128 3896 subje-

548 3930 685 3985 ctos,
719 3920 784 3976 de
813 3919 916 3975 fide
954 3921 1205 3975 insonare
1239 3935 1358 3990 qua:
1397 3920 1638 3979 omnium
1682 3932 1843 3973 aures
1884 3925 1938 3972 et
1965 3915 2126 3971 corda

548 4011 766 4075 laedunt,
794 4010 1155 4067 necessarium
1193 4017 1277 4066 est
1308 4008 1553 4064 ordinem
1581 3996 1922 4072 commutari,
1951 4014 2005 4059 et
2035 4019 2129 4060 eos

550 4100 639 4171 qui
665 4098 803 4154 male
831 4098 1023 4155 docere
1054 4108 1340 4165 conantur,
1388 4114 1420 4153 a
1463 4097 1762 4153 minoribus
1788 4094 2059 4166 redargui.
2103 4113 2122 4146 ι

549 4189 701 4257 Quod
747 4190 802 4245 in
835 4190 1039 4262 synodo
1092 4189 1333 4244 Romana
1380 4207 1414 4263 ν
1466 4188 1824 4260 Symmachus
1865 4203 1897 4241 a
1945 4185 2127 4241 multis

546 4279 979 4335 antecessoribus
1001 4281 1112 4335 suis
1153 4279 1428 4334 decretum
1462 4288 1623 4348 atque
1655 4276 1925 4332 ﬁrmatum
1952 4276 2082 4330 dicit
2109 4293 2123 4329 :

550 4386 572 4423 ι
603 4360 718 4424 Non
747 4385 875 4440 ergo
901 4384 1122 4425 necesse
1165 4377 1249 4425 est
1279 4385 1441 4441 super
1472 4369 1555 4425 his
1590 4382 1723 4424 nova
1771 4367 1993 4435 cudere,
2030 4367 2123 4423 sed

2151 3139 2199 3200 C

2213 541 2298 595 ηε,
2337 537 2439 605 Qui
2483 538 2691 597 scilicet
2740 538 3041 597 oblationes
3076 540 3157 599 vel
3198 540 3427 618 lectiones
3459 557 3688 615 secundum

2214 630 2378 683 ritum
2401 628 2624 698 implere
2650 644 2758 684 non
2792 636 2987 699 potest.
3017 628 3214 686 Concil.
3244 633 3506 703 Romanum
3529 646 3608 700 sub
3628 647 3690 704 lli-

2214 717 2353 775 lario
2374 732 2511 802 papa
2540 718 2892 784 celebratum,
2920 734 3041 781 can.
3068 719 3100 773 5
3134 738 3147 773 :
3179 740 3196 771 ί
3230 722 3370 781 [nscii
3394 742 3572 799 quoque
3588 733 3687 791 line.

2214 829 2485 868 rarum....
2525 813 2593 866 ad
2622 828 2807 868 sacros
2846 813 3063 869 ordines
3106 814 3330 883 aspirare
3370 834 3461 874 non
3494 824 3684 885 audeant.

2216 904 2469 973 Quisquis
2497 903 2683 957 talium
2714 913 3060 959 consecrator
3083 905 3355 971 exstiterit,
3387 906 3552 965 factum
3576 929 3688 969 suum

2214 991 2486 1047 dissolvet.
2523 1013 2540 1044 ι
2567 990 2731 1047 Cone.
2763 992 3040 1045 Aurelian.
3085 1008 3146 1057 ll,
3176 1008 3289 1047 can.
3338 995 3395 1049 lG
3420 1014 3432 1049 :
3462 1017 3477 1048 ι
3521 998 3689 1073 Presliy.

2219 1087 2301 1132 ter
2331 1077 2413 1132 vel
2441 1079 2699 1134 diaconus
2726 1080 2843 1133 sine
2875 1078 3087 1143 litteris,
3133 1078 3212 1132 vel
3237 1080 3279 1133 si
3307 1081 3563 1151 baptizamﬁ
3584 1089 3687 1142 ordi-

2217 1183 2340 1223 nem
2388 1169 2612 1231 nesciat,
2656 1168 2962 1223 nullatenus
2996 1169 3281 1224 ordinetur.
3326 1190 3343 1222 ι
3374 1172 3488 1227 Vide
3523 1174 3690 1246 Regino-

2218 1275 2340 1314 ncm
2369 1260 2461 1315 lib.
2493 1260 2559 1315 de
2585 1260 2777 1313 cccles.
2808 1259 3134 1328 Disciplinis,
3174 1261 3397 1330 inquisit.
3422 1262 3497 1328 85,
3517 1274 3562 1318 et
3581 1274 3688 1322 notas

2220 1350 2476 1420 Stephani
2501 1350 2702 1405 Baluzii
2749 1351 2852 1405 viri
2889 1350 3254 1419 eruditissimi,
3309 1354 3690 1422 quideeademre

2219 1446 2349 1500 citat
2393 1443 2645 1500 Carolum
2682 1443 2905 1499 Calvum
2949 1445 3002 1498 in
3044 1444 3264 1514 epistola
3296 1444 3357 1498 ad
3384 1445 3605 1501 Nicolaum
3630 1462 3689 1519 pa-

2218 1550 2359 1604 pam,
2385 1534 2670 1589 Concilium
2702 1533 3062 1599 Valentinum,
3110 1543 3163 1589 et
3206 1534 3515 1591 Hincmarum
3544 1539 3586 1592 in
3606 1554 3689 1611 cap.

2219 1625 2287 1679 56
2313 1624 2627 1697 posterioris
2656 1626 2836 1696 Operis
2866 1626 3126 1681 adversus
3152 1625 3539 1683 Gothescalcum.

2293 1738 2593 1803 Sacerdotis
2612 1740 2702 1811 qui
2724 1738 2989 1795 lectiones.
3020 1739 3080 1794 In
3110 1738 3407 1808 quihusdam
3428 1740 3619 1798 ecclesiis
3637 1759 3695 1798 sa-

2221 1829 2469 1885 cerdotes
2499 1838 2715 1889 sanctas
2755 1826 3065 1899 Scripturas
3099 1826 3352 1901 legebant.
3378 1830 3443 1885 De
3461 1846 3548 1899 quo
3574 1830 3693 1886 Soro-

2221 1934 2431 1983 menus,
2473 1918 2567 1972 lib.
2616 1934 2690 1973 vii
2732 1917 2926 1974 eccles.
2971 1918 3201 1985 llistor.,
3241 1934 3352 1989 cap.
3382 1920 3453 1982 l9,
3484 1919 3615 1976 refert
3632 1937 3697 1975 va-

2223 2009 2357 2063 riam
2394 2007 2749 2078 disciplinam,
2791 2022 2983 2078 nempe
3027 2006 3170 2076 apud
3211 2008 3552 2064 Alexandrinos
3576 2011 3697 2065 solum

2221 2099 2659 2169 archidiaconum
2699 2114 2914 2154 sacrum
2960 2099 3202 2154 codicem
3246 2098 3430 2171 legere,
3475 2101 3578 2156 alibi
3610 2117 3698 2156 vero

2221 2189 2516 2249 diaconos:
2550 2188 2605 2243 in
2645 2189 2828 2244 multis
2868 2196 3047 2244 autem
3088 2189 3323 2245 ecclesiis
3357 2190 3480 2245 solos
3512 2190 3699 2245 duntaxat

2221 2279 2567 2350 presbyteros
2591 2296 2604 2332 :
2637 2277 2833 2341 alicubi
2861 2277 2915 2332 in
2942 2278 3230 2349 praecipuis
3268 2276 3591 2334 festivitatibus
3617 2278 3696 2347 epi-

2222 2384 2413 2439 scopos
2434 2369 2631 2440 legere,
2660 2378 2719 2424 ut
2745 2367 3213 2439 Constantinopoli
3252 2368 3412 2440 primo
3433 2369 3505 2423 die
3536 2367 3700 2422 Pascha-

2225 2460 2294 2515 tis
2329 2459 2674 2530 Evangelium
2722 2460 2990 2531 praecipue
3036 2458 3303 2531 legebant.
3353 2460 3420 2514 De
3454 2458 3700 2529 presbyteris

2222 2556 2408 2618 postea
2434 2547 2668 2603 dicitur:
2709 2566 2727 2598 ι
2766 2546 3061 2619 Presbyter
3094 2547 3141 2603 si
3165 2549 3475 2618 responsoria
3499 2556 3639 2605 cantat
3665 2547 3701 2599 in

2224 2638 2389 2694 missa
2418 2637 2504 2694 vel
2541 2654 2894 2710 quaecunque,
2939 2655 3168 2711 cappam
3195 2656 3339 2695 suam
3362 2656 3456 2695 non
3484 2638 3620 2705 tollat,
3637 2636 3701 2692 sed

2223 2730 2576 2801 Evangelium
2596 2730 2781 2802 legens
2817 2746 2981 2800 super
3007 2732 3264 2787 humeros
3285 2740 3448 2802 ponat.
3476 2749 3495 2787 ι

2295 2816 2527 2889 ϐαρραηι
2558 2835 2731 2873 suam.
2755 2817 2997 2875 Clericos
3018 2821 3099 2875 uti
3126 2835 3290 2891 cappa
3312 2820 3496 2874 diversa
3513 2833 3538 2871 a
3555 2814 3704 2871 ceteris

2227 2910 2617 2966 monachorum
2632 2916 2688 2963 ct
2699 2908 2929 2979 aliorum
2948 2909 3192 2967 declarat
3205 2919 3476 2967 conventus
3490 2907 3705 2976 Aquisgra-

2225 2996 2428 3061 nensis,
2451 3012 2569 3067 cap.
2599 2995 2791 3063 12-61;
2822 2998 3018 3053 concil.
3049 2999 3455 3067 Vaurensecan.
3477 2996 3552 3061 46,
3574 2996 3614 3048 in
3632 3007 3704 3061 quo

2224 3088 2541 3161 prohibetur
2564 3103 2632 3143 ne
2654 3103 2835 3161 cappze
2854 3088 3105 3145 ecclesiae
3129 3104 3226 3161 per
3244 3089 3400 3146 laicos
3422 3089 3469 3142 in
3486 3085 3605 3141 festis
3620 3098 3708 3138 conc

2227 3175 2626 3249 fraternitatum
2643 3177 2975 3233 deferantur.
2995 3179 3263 3252 Tempore
3281 3179 3589 3243 Theodori,et
3601 3177 3708 3241 longe

2225 3266 2377 3338 prius
2394 3266 2694 3336 peculiares
2730 3276 2888 3322 erant
2907 3268 3233 3325 clericorum
3260 3279 3425 3326 vestes
3447 3269 3493 3324 in
3511 3266 3710 3339 plerisque

2226 3354 2488 3437 ecclesiis,
2508 3347 2646 3413 sicut
2670 3359 2905 3430 probant
2933 3361 3247 3427 testimonia
3266 3360 3485 3432 Gregorii
3505 3358 3709 3413 Turonen-

2227 3447 2326 3513 sis,
2347 3436 2440 3501 lib.
2464 3463 2496 3501 v
2513 3446 2652 3502 Hist.
2680 3464 2799 3521 cap.
2828 3436 2925 3515 ιιξ
2956 3466 3118 3527 conc.
3146 3467 3207 3507 ιιι
3235 3450 3707 3522 Carthaginens.,can.

2226 3538 2288 3593 41
2303 3578 2318 3603 ,
2345 3547 2438 3593 aut
2466 3537 2644 3609 potius
2664 3538 2754 3604 60,
2788 3539 2942 3615 juxta
2971 3542 3220 3596 ordinem
3242 3541 3431 3597 codicis
3451 3539 3708 3608 antiquorum

2227 3627 2482 3684 Ecclesize
2505 3622 2864 3697 statutorum;
2888 3627 3207 3703 Hieronym.
3234 3632 3286 3688 in
3310 3626 3631 3689 Commentarii
3645 3623 3708 3679 lib.

2227 3735 2324 3774 xm
2354 3720 2407 3774 in
2438 3720 2685 3777 Ezechiel
2710 3736 2828 3793 cap.
2855 3708 2999 3786 xuv,
3026 3730 3086 3776 et
3116 3738 3270 3778 conc.
3296 3721 3512 3785 Laodic.,
3532 3733 3625 3773 can.
3649 3716 3708 3767 tt.

2229 3810 2335 3866 Sed
2357 3820 2482 3866 ante
2504 3811 2606 3866 hoc
2625 3820 2834 3884 tempus
2858 3812 2911 3868 id
2925 3812 3118 3869 nullibi
3135 3829 3386 3886 apparere
3399 3804 3709 3867 indicatllcnri-

2227 3917 2324 3957 cus
2338 3900 2582 3965 Valesius
2598 3902 2680 3956 vir
2700 3903 3043 3959 doctissimus
3068 3906 3125 3959 in
3139 3904 3395 3960 suisnotis
3404 3901 3463 3956 ad
3475 3916 3572 3970 cap.
3585 3897 3633 3952 l9
3650 3895 3708 3948 lib.

2226 4007 2279 4046 vi
2302 3990 2503 4049 Histor.
2534 3993 2727 4049 eccles.
2762 3992 2980 4063 Eusebii
3010 4013 3021 4045 :
3057 4013 3077 4044 ι
3113 3993 3364 4065 Apparet,
3387 3990 3554 4062 inquit,
3569 3983 3708 4041 nullum

2208 4080 2388 4159 etiam
2418 4068 2529 4135 tum
2574 4082 2898 4152 peculiarem
2927 4081 3099 4138 fuisse
3137 4084 3383 4137 vestitum
3408 4079 3710 4135 clericorum!

2227 4171 2665 4245 Quandoquidem
2696 4174 2951 4229 Heraclas
2976 4173 3356 4229 Alexandrina:
3398 4168 3609 4225 Ecclesia:
3630 4175 3711 4237 pte-

2226 4263 2443 4334 sbytcr,
2473 4270 2526 4317 et
2555 4263 2646 4333 qui
2686 4272 2872 4334 postea
2919 4265 3165 4336 ejusdem
3217 4265 3316 4320 loci
3357 4263 3599 4336 episcopus
3631 4253 3712 4314 fuit.

2188 4346 2191 4349 ’
2226 4368 2439 4424 semper
2458 4355 2698 4408 retinuit.
2724 4354 2953 4411 Sanctus
2974 4355 3229 4410 Clemens
3250 4351 3600 4409 Alexandrinus
3614 4357 3713 4401 com-

547 4469 729 4516 vetera
758 4430 1105 4515 reconciliare
1133 4470 1293 4529 atque
1325 4430 1560 4514 firmare.
1589 4460 1685 4513 Est
1711 4460 1856 4514 enim
1882 4473 1913 4512 a
1941 4430 2124 4512 multis
2152 4474 2200 4533 ο
2228 4443 2445 4533 mtuum
2467 4442 2944 4533 VestechandidaS:
2973 4445 3070 4500 sed
3108 4436 3321 4514 (idibus:
3356 4451 3411 4498 ιιι
3443 4451 3548 4512 90’"e
3567 4430 3714 4533 Si‘f'l’u'

546 4550 979 4606 antecessoribus
1026 4550 1228 4605 nostris
1271 4549 1601 4620 synodaliter
1650 4549 1926 4603 decretum
1965 4554 2128 4617 atque

546 4642 841 4707 ﬁrmatum,
867 4650 927 4696 ut
942 4654 1070 4696 oves
1092 4655 1212 4709 quae
1236 4640 1439 4710 pastori
1463 4654 1561 4694 suo
1580 4638 1883 4693 commissae
1904 4636 2121 4699 fuerint,

546 4747 669 4785 eum
699 4748 797 4787 nec
824 4732 1233 4803 reprehendere,
1271 4730 1373 4784 nisi
1414 4746 1444 4784 a
1487 4738 1635 4785 recta
1666 4729 1769 4784 fide
1793 4727 2128 4782 exorbitave-

550 4820 642 4885 rit,
656 4831 1002 4890 prazsumant.
1029 4843 1046 4873 ι
1067 4821 1215 4877 Licet
1235 4837 1446 4891 quoque
1460 4835 1559 4891 pro
1574 4835 1670 4876 sua
1685 4817 1972 4888 injustitia,
1988 4818 2127 4872 sicut

548 4911 785 4982 synodus
813 4913 1159 4981 prosequitur
1182 4913 1265 4966 his
1293 4912 1470 4968 verbis
1497 4926 1513 4966 :
1547 4930 1566 4963 ι
1603 4910 1712 4967 Nec
1741 4910 2006 4964 ullatenus
2028 4923 2126 4979 pro

549 5013 872 5068 quacunque
894 5013 955 5054 rc
992 5000 1117 5066 alia,
1140 5002 1244 5056 nisi
1271 5015 1371 5071 pro
1395 5016 1492 5057 sua
1541 5000 1823 5073 injustitia,
1869 5011 2126 5054 accusare

551 5089 802 5155 audeant,
834 5095 941 5145 etc.
981 5108 1000 5140 ι
1048 5088 1236 5144 Patres
1277 5091 1490 5146 concilii
1531 5090 1863 5161 Epaonensis
1901 5087 2126 5158 amplio-

553 5194 666 5235 rem
711 5180 874 5234 etiam
903 5178 1052 5235 laicis
1098 5180 1397 5236 concedunt
1433 5188 1790 5252 potestatem,
1841 5195 1962 5235 can.
2006 5177 2119 5233 Ωιτ

555 5290 575 5322 ‹
607 5271 782 5326 Laicis
831 5278 1019 5325 contra
1055 5269 1343 5338 cujuslibet
1384 5271 1583 5340 gradus
1608 5271 1886 5335 clericum,
1918 5269 1962 5325 si
1995 5269 2124 5339 quid

549 5361 829 5415 criminale
850 5369 1044 5431 parant
1062 5359 1315 5429 objicere,
1344 5360 1631 5418 dummodo
1657 5377 1784 5417 vera
1807 5370 2120 5434 suggerant,

548 5451 877 5521 proponendi
901 5452 1264 5521 permittimus
1303 5460 1646 5524 potestatem.
1681 5473 1701 5506 ι
1731 5451 1931 5508 Verum
1953 5469 2123 5523 quan-

549 5549 663 5592 tum
685 5539 877 5596 delicta
905 5542 1277 5612 episcopon
1308 5543 1416 5615 tegi
1445 5541 1696 5611 debeant,
1728 5544 2121 5615 sapientissime

550 5628 706 5682 docet
729 5629 1112 5688 Constantinus
1152 5634 1460 5704 imperator,
1500 5632 1653 5703 cujus
1680 5634 1841 5690 verba
1872 5635 2119 5693 Theodo-

554 5725 699 5773 rctus
726 5720 890 5777 refert
922 5722 1014 5778 lib.
1044 5741 1060 5780 ι
1093 5725 1230 5782 Hist.
1259 5728 1476 5793 eccles.,
1504 5744 1622 5800 cap.
1648 5727 1730 5784 10.

2214 4532 2398 4596 cibus,
2419 4546 2607 4587 omnes
2625 4530 2994 4600 Christianos;
3014 4542 3070 4588 et
3092 4543 3151 4588 ut
3169 4535 3281 4605 ipse
3301 4533 3375 4587 ait
3392 4531 3477 4584 lib.
3501 4544 3532 4581 ιι
3547 4521 3712 4596 pedatu

2224 4636 2343 4690 cap.
2379 4620 2463 4684 10,
2493 4636 2586 4676 eos
2613 4621 2827 4690 quidem
2846 4661 2862 4689 ,
2888 4622 2980 4692 qui
3008 4632 3137 4676 sunt
3166 4620 3395 4685 candidi,
3425 4626 3475 4674 et
3512 4629 3596 4670 non
3619 4611 3714 4664 intus

2225 4711 2534 4777 adulterini,
2578 4711 2823 4766 candidis
2866 4718 2921 4765 et
2960 4712 3186 4766 minime
3216 4709 3434 4767 curiosis
3459 4720 3514 4760 ac
3542 4696 3714 4772 operosi!

2223 4804 2463 4858 vestibus
2505 4804 2585 4858 uti
2611 4803 3182 4859 convenientissimum
3230 4810 3329 4857 est.
3370 4787 3714 4869 Hegesippuslo'

2223 4893 2409 4963 quitur
2430 4894 2495 4948 de
2517 4893 2660 4948 linea
2686 4901 2836 4948 veste
2862 4890 3049 4948 Jacobi
3079 4892 3225 4963 apud
3250 4889 3518 4946 Eusebium
3541 4897 3631 4951 cap.
3652 4875 3711 4929 εδ.

2222 4982 2535 5055 Polycrates
2564 4985 2628 5040 de
2655 4981 2880 5040 Joannis
2908 4983 3137 5038 Lamina
3169 4983 3310 5054 apud
3333 4978 3587 5036 Eusebium
3607 4968 3673 5024 lib.
3692 4978 3713 5016 ν

2222 5075 2385 5142 Hist.,
2412 5090 2530 5146 cap.
2559 5074 2650 5129 23.
2700 5074 2845 5130 Idem
2888 5074 3056 5130 refert
3098 5084 3322 5130 sanctus
3366 5063 3642 5142 Epiphanius
3670 5055 3713 5107 de

2220 5162 2420 5218 Iacobo
2448 5164 2642 5219 haeres.
2688 5179 2883 5229 xxviii,
2914 5172 2970 5220 et
3001 5164 3198 5219 haeres.
3245 5175 3458 5219 Lxxvin.
3495 5156 3553 5209 At
3579 5146 3714 5220 quibus

2219 5241 2552 5311 ornamentis
2588 5255 2949 5327 peculiaribus
3002 5270 3112 5309 non
3165 5254 3335 5310 solum
3373 5268 3401 5306 a
3426 5247 3573 5307 laicis,
3601 5236 3668 5294 sed
3691 5247 3712 5287 ³

2220 5345 2430 5400 ceteris
2458 5346 2708 5401 omnibus
2728 5345 2982 5401 Ecclesiae
3005 5343 3380 5400 sacerdotibus
3403 5329 3713 5405 distingueban-

2218 5445 2328 5492 tur.
2359 5436 2511 5493 Unde
2538 5435 2721 5493 forsan
2747 5438 2831 5493 his
2858 5446 3033 5492 motus
3083 5451 3268 5492 rerum
3318 5425 3710 5490 ecclesiastiwum

2217 5526 2580 5599 peritissimus
2614 5525 2849 5582 Joannes
2882 5526 3065 5582 Beleth
3090 5525 3198 5581 ista
3222 5523 3350 5581 dicit
3382 5522 3432 5578 in
3456 5533 3555 5589 cap.
3575 5513 3624 5566 de
3643 5503 3710 5561 Sa.

2218 5617 2423 5673 criticio
2451 5617 2632 5673 missa:
2664 5636 2677 5672 :
2714 5636 2732 5670 ι
2764 5618 2833 5673 Et
2868 5627 2994 5674 nota
3036 5617 3186 5677 quod
3212 5612 3457 5687 apostolis
3480 5603 3598 5663 etab
3625 5607 3711 5665 θυο-

2219 5709 2422 5768 stolicis
2444 5710 2576 5766 viris
2602 5711 2655 5767 in
2695 5710 2968 5783 primitiva
2993 5708 3236 5766 Ecclesia
3282 5701 3573 5762 sacriﬁcium
3601 5687 3714 5745 Ml“
