3968 6180
237 300 374 355 1121

1381 286 1969 346 OBSERVATIONES
2011 288 2100 343 ET
2141 284 2388 342 ΝΟΤᾹΞ..

3375 295 3512 348 lli-‘2

236 414 288 467 in
318 409 469 466 vasis
490 407 684 478 ligneis
714 415 769 460 et
794 404 1037 459 vestibus
1065 401 1461 458 communibus.
1496 399 1649 456 Tune
1683 400 1828 454 enim

1940 408 2068 466 tum,
2100 398 2348 474 ἐμφανῶς,
2382 404 2647 475 παρούσης
2673 411 2763 463 τῆς
2785 412 2999 478 γραδνῆς,
3115 411 3198 461 οὐκ
3225 412 3403 465 οἰκίον
3431 418 3516 467 καὶ

237 503 401 575 lignei
427 499 646 565 calices,
675 506 731 574 et
752 497 900 551 aurei
925 493 1255 550 sacerdotes.
1291 512 1308 544 ι
1335 491 1475 548 Olim
1502 490 1718 547 fuerunt
1740 492 1831 561 qui

237 593 532 664 quemdam
572 589 900 660 peculiarem
947 587 1180 641 vestium
1220 583 1634 641 sacerdotalium
1663 593 1833 638 ‘usum

238 677 389 739 velut
443 681 879 751 antiquissimum
926 694 992 732 ex
1044 679 1288 747 ipsismet
1330 677 1511 730 verbis
1560 675 1834 746 Evangelii

241 775 443 830 vellent
478 772 859 840 comprobare,
887 783 1023 837 quos
1051 767 1264 838 egregie
1295 765 1487 820 refellit
1512 763 1836 819 C(elestinus

242 879 384 936 papa
408 865 465 918 in
491 862 651 932 epist.
700 859 767 914 ad
807 859 1087 928 episcopos
1122 855 1410 924 provinciae
1442 855 1762 910 Viennensis
1782 857 1837 908 et

245 954 637 1019 Narbonensis,
670 967 788 1020 cap.
816 951 840 1003 l
872 967 890 1021 ¹ε
932 968 948 999 ι
986 948 1225 1003 Dicimus
1255 948 1420 1009 enim,
1448 947 1644 1016 inquit,
1674 961 1834 1017 quos-

242 1049 371 1101 dam
421 1044 635 1100 Domini
679 1042 990 1098 sacerdotes
1033 1039 1408 1109 superstitioso
1450 1038 1632 1106 potius
1669 1037 1835 1092 cultui

243 1134 534 1196 inservire,
573 1146 736 1201 quam
767 1129 966 1184 mentis
993 1129 1078 1182 vel
1127 1127 1251 1182 ﬁdei
1300 1127 1542 1197 puritati.
1590 1126 1698 1182 Sed
1725 1142 1835 1180 non

243 1229 468 1291 mirum,
494 1226 541 1281 si
569 1233 757 1280 contra
791 1221 1218 1277 ecclesiasticum
1247 1235 1455 1274 morem
1482 1218 1710 1284 faciunt,
1741 1217 1836 1288 qui

243 1320 303 1373 in
330 1316 560 1372 ecclesia
585 1330 690 1368 non
734 1319 1042 1377 creverunt,
1068 1311 1161 1365 sed
1183 1311 1289 1364 alio
1314 1311 1592 1365 venientes
1620 1311 1835 1374 itinere,

243 1421 432 1462 secum
461 1406 578 1460 haec
617 1405 672 1458 in
707 1401 1027 1464 Ecclesiam,
1061 1414 1182 1469 qua:
1212 1400 1266 1454 in
1295 1398 1399 1452 alia
1427 1400 1836 1454 conversatione

244 1497 568 1558 habuerant,
599 1492 915 1546 intulerunt.
947 1489 1145 1544 Amieti
1173 1488 1352 1557 pallio,
1385 1497 1441 1542 et
1459 1488 1670 1542 lumbos
1695 1503 1834 1558 prte-

243 1587 436 1649 cincti,
484 1585 714 1640 credunt
762 1598 820 1638 se
847 1582 1144 1651 Scriptum
1169 1597 1277 1636 non
1312 1596 1410 1651 per
1443 1582 1714 1651 spiritum,
1740 1580 1835 1635 sed

242 1693 341 1748 per
361 1677 604 1732 litteram
633 1674 1014 1745 completuros.
1057 1672 1190 1726 Nam
1241 1673 1286 1727 si
1330 1673 1398 1726 ad
1441 1673 1545 1726 hoc
1574 1672 1674 1727 ista
1697 1686 1836 1740 pra:-

1931 497 2134 565 γνήσιον
2158 490 2296 568 ὕδωρ
2325 494 2638 563 λογιζομένη.
2684 494 3048 551 Tertullianus
3084 497 3179 552 lib.
3213 501 3278 554 de
3308 499 3520 557 Pudici-

1937 585 2031 650 tia,
2048 599 2166 652 cap.
2185 584 2246 636 21
2261 623 2273 635 .
2297 583 2576 652 Origenes,
2596 585 2649 638 in
2665 585 3080 642 Commentariis
3107 589 3158 642 in
3179 589 3516 653 Matthzeum.

1933 679 1994 730 Εἰ
2024 674 2076 730 δὲ
2121 685 2318 752 σειραῖς
2349 683 2447 730 τῶν
2475 675 2857 750 ἁμαρτημάτων
2885 679 3047 732 αὑτοῦ
3087 681 3312 751 ἐσφίκτα,
3353 685 3519 752 μάτην

1933 773 2016 824 καὶ
2043 768 2220 842 δεσμεῖ
2243 772 2327 822 καὶ
2353 767 2481 823 λύει.
2509 769 2583 822 De
2621 781 2728 835 quo
2759 782 2810 820 v.
2842 768 2911 821 cl.
2941 769 3135 824 Petrus
3164 770 3352 826 Daniel
3379 773 3520 826 Huc-

1933 857 2041 911 tius
2067 858 2180 911 haec
2216 858 2596 912 animadvertit
2625 858 2678 911 in
2724 857 2846 912 libr.
2886 875 2925 912 ll
2954 859 3426 928 Origenianorum,
3460 879 3514 932 p.

1936 944 2058 1000 176.
2088 948 2145 1000 ln
2170 948 2314 1001 hunc
2340 947 2541 1011 locum,
2570 948 2765 1016 inquit,
2795 948 3020 1002 adnotat
3049 948 3233 1004 Sixtus
3261 950 3521 1006 Senensis

1935 1035 2176 1090 alludere
2216 1034 2502 1106 Origenem
2535 1037 2601 1090 ad
2638 1053 2878 1091 errorem
2926 1039 2993 1091 ab
3019 1037 3254 1094 Hussitis
3284 1049 3522 1109 postmo-

1936 1123 2062 1178 dum
2085 1131 2503 1192 propngnatum,
2521 1125 2610 1193 qui
2640 1139 2792 1194 papa:
2807 1133 2860 1179 et
2885 1127 3262 1196 episcoporum
3280 1139 3522 1199 potesta—

1937 1223 2046 1270 tem
2081 1229 2147 1268 ex
2189 1229 2400 1269 morum
2429 1215 2716 1270 sanctitate
2761 1219 2995 1285 pendere
3019 1219 3291 1286 volebant,
3323 1230 3427 1277 etc.
3458 1223 3525 1278 Et

1936 1307 2096 1376 paulo
2121 1317 2240 1377 post
2265 1325 2278 1359 :
2309 1325 2328 1357 ι
2361 1307 2645 1362 Assentior
2671 1307 2845 1372 Sixto,
2870 1318 2924 1363 et
2962 1327 3189 1381 peccare
3217 1314 3302 1368 aio
3331 1313 3522 1383 Orige-

1936 1411 2080 1460 nem,
2115 1405 2276 1466 atque
2325 1395 2466 1452 hanc
2505 1397 2676 1451 videri
2723 1397 2974 1467 amplecti
3019 1401 3290 1466 lueresim,
3322 1403 3376 1455 in
3418 1418 3525 1472 qua

1935 1487 2128 1542 deinde
2165 1487 2367 1541 versati
2417 1497 2544 1542 sunt
2595 1488 2908 1554 Donatistze,
2941 1503 3065 1542 eum
3102 1506 3132 1544 a
3171 1492 3517 1546 sacerdotum

1937 1581 2226 1634 sanctitate
2256 1579 2512 1634 Ecclesia:
2541 1588 2864 1650 potestatem
2886 1584 3304 1651 suspenderunt.
3339 1605 3356 1636 ι
3392 1586 3524 1639 Ter-

1938 1671 2144 1726 tulliani
2186 1686 2249 1726 ae
2303 1670 2553 1742 Origenis
2607 1674 2852 1727 eamdem
2904 1678 3232 1729 sententiam
3293 1677 3528 1746 amplexi

244 1745 400 1839 cepta
425 1775 572 1833 sunt,
598 1775 656 1820 ut
679 1765 858 1820 taliter
877 1771 1257 1827 servarentur;
1285 1777 1382 1816 cur
1399 1777 1507 1816 non
1528 1760 1669 1814 ﬁunt
1692 1760 1838 1829 pari-
1871 1745 1914 1806 Β
1941 1773 2066 1818 sunt
2089 1764 2125 1818 ii
2165 1764 2233 1818 de
2259 1763 2454 1833 quibus
2479 1771 2712 1818 testatur
2733 1765 3022 1836 Dionysius
3048 1745 3449 1824 Alexandrinus
3470 1769 3529 1824 in

247 1867 331 1912 ter
360 1873 482 1928 quae
506 1863 825 1926 sequuntur,
863 1863 928 1909 ut
951 1854 1186 1909 lucernae
1209 1853 1463 1907 ardentes
1503 1851 1560 1905 in
1587 1851 1839 1905 manibus

243 1966 353 2005 una
378 1964 504 2006 cum
528 1949 720 2004 baculo
747 1947 1066 2003 teneantur?
1095 1945 1492 2000 Habentsuum
1508 1943 1615 1998 ista
1639 1951 1841 2016 myste-

248 2044 411 2107 rium,
455 2049 512 2095 et
538 2038 962 2109 intelligentibus
991 2037 1066 2091 ita
1101 2036 1254 2092 clara
1297 2042 1446 2100 sunt,
1479 2043 1632 2089 utea
1665 2034 1840 2105 magis

245 2149 352 2205 qua
383 2135 542 2189 decet
585 2129 983 2202 significatione
1014 2137 1301 2184 serventur
1332 2141 1348 2181 :
1380 2141 1506 2181 nam
1545 2127 1598 2180 in
1626 2125 1841 2180 lumbo-

247 2237 370 2277 rum
398 2221 782 2292 praecinctione
806 2219 1051 2284 castitas,
1083 2219 1135 2272 in
1166 2217 1358 2272 baculo
1385 2217 1625 2287 regimen
1652 2223 1836 2286 pasto-

245 2314 383 2376 rale,
411 2314 466 2367 in
494 2312 732 2368 lucernis
779 2309 1095 2365 ardentibus
1150 2309 1276 2364 boni
1317 2307 1492 2378 fulgor
1541 2309 1739 2377 operis,
1771 2308 1841 2362 de

241 2419 356 2476 quo
377 2406 619 2459 dicitur:
650 2401 827 2474 Opera
858 2411 1039 2456 vestra
1077 2401 1313 2466 luceant,
1361 2400 1688 2455 indicantur.
1730 2399 1838 2455 Ha-

245 2495 411 2549 beam
441 2502 621 2549 tamen
653 2494 817 2548 istum
853 2491 1084 2546 forsitan
1133 2491 1355 2554 cultum,
1408 2504 1613 2544 morem
1661 2490 1839 2560 potius

247 2601 415 2656 quam
442 2586 706 2640 rationem
736 2593 1044 2654 sequentes,
1074 2583 1168 2652 qui
1197 2583 1253 2636 in
1280 2580 1661 2637 remotioribus
1688 2580 1841 2638 habi-

249 2684 368 2730 tant
399 2675 555 2740 locis,
585 2683 640 2728 et
681 2673 871 2744 procul
904 2689 935 2727 a
961 2671 1174 2728 caeteris
1202 2673 1422 2742 degunt.
1452 2671 1606 2727 Unde
1633 2671 1724 2726 hic
1743 2671 1841 2725 ha-

248 2764 400 2817 bitus
428 2764 484 2817 in
512 2762 769 2817 Ecclesiis
795 2762 1108 2827 Gallicanis,
1150 2771 1210 2816 ut
1239 2769 1318 2816 tot
1357 2775 1622 2816 annorum
1659 2768 1840 2816 tanto-

246 2868 486 2923 rumque
514 2852 852 2922 pontiﬁcnm,
885 2853 937 2906 in
970 2852 1201 2906 alterum
1233 2851 1476 2906 habitum
1506 2852 1840 2907 consuetudo

244 2943 535 2997 vertatur?
562 2943 912 2997 Discernendi
935 2957 966 2992 a
991 2942 1150 3009 plebe
1173 2941 1257 2997 vel
1279 2943 1492 2996 caeteris
1525 2958 1716 2997 sumus
1743 2943 1838 2998 do-

245 3033 446 3094 ctrina,
475 3048 585 3086 non
612 3041 794 3098 veste;
833 3032 1266 3096 conversatione,
1297 3047 1402 3086 non
1441 3032 1656 3097 habitu;
1689 3046 1837 3086 men-

245 3124 317 3178 tis
353 3123 618 3193 puritate,
661 3139 772 3178 non
796 3124 971 3178 cultu.
1015 3122 1151 3176 Nam
1188 3123 1234 3178 si
1265 3122 1485 3177 studere
1513 3121 1835 3190 incipiamus

246 3214 497 3278 novitati,
526 3215 781 3268 traditum
807 3215 962 3269 nobis
985 3229 1016 3267 a
1045 3213 1297 3268 Patribus
1334 3213 1579 3266 ordinem
1606 3211 1836 3266 calcabi-

246 3324 394 3374 mus,
416 3317 478 3361 ut
492 3308 666 3363 locum
688 3307 1038 3376 supervacuis
1057 3304 1528 3376 superstitionibus
1550 3302 1832 3358 faciamus.

246 3399 435 3454 Rudes
461 3411 593 3468 ergo
646 3397 882 3452 ﬁdelium
929 3404 1138 3452 mentes
1177 3394 1244 3448 ad
1274 3393 1404 3447 talia
1430 3407 1538 3447 non
1579 3393 1838 3447 debemus

251 3487 534 3541 inducere.
569 3486 806 3541 Docendi
837 3486 980 3540 enim
1009 3485 1188 3553 potius
1212 3495 1341 3538 sunt
1364 3498 1529 3552 quam
1557 3481 1833 3536 illudendi.

247 3578 363 3634 Nec
397 3579 780 3647 imponendum
823 3586 908 3633 est
949 3591 1137 3633 eorum
1187 3576 1383 3635 oculis.
1432 3576 1526 3630 sed
1563 3573 1838 3628 mentibus

250 3667 582 3724 infundenda
613 3677 882 3739 praecepta
910 3677 1060 3723 sunt.
1089 3669 1166 3721 En
1193 3668 1462 3737 quomodo
1486 3665 1670 3720 clerici
1693 3679 1837 3734 pne-

250 3762 442 3818 sertim
486 3761 826 3817 discernendi
874 3769 1001 3816 sunt
1047 3776 1076 3814 a
1109 3760 1283 3829 plebe.
1315 3759 1380 3813 Et
1429 3758 1556 3812 illud
1583 3766 1670 3812 cst
1693 3753 1835 3825 quod

251 3854 574 3924 Apostolum
599 3855 921 3924 praecepisse
961 3854 1040 3906 ait
1085 3861 1306 3906 sanctus
1334 3849 1565 3904 Basilius
1612 3849 1666 3902 in
1700 3847 1839 3902 libro

254 3943 582 4014 Regularum
619 3942 789 3997 fusius
833 3943 1250 4012 dispalatam,
1305 3954 1448 4007 resp.
1499 3938 1566 3993 ad
1599 3937 1837 3994 interro-

251 4043 371 4106 gat.
404 4033 496 4087 2‘3.
533 4050 555 4086 ι
595 4033 662 4088 Et
701 4032 840 4087 infra
873 4051 886 4087 :
924 4051 943 4083 ι
973 4031 1072 4086 llic
1120 4045 1292 4085 canon
1342 4036 1604 4100 perpetuo
1652 4036 1838 4083 tenore

251 4131 524 4179 servetur.
548 4143 568 4175 ι
589 4122 723 4178 Vide
748 4123 1067 4191 Gregorium
1093 4122 1491 4177 Nazianzenum
1519 4121 1573 4175 in
1593 4119 1840 4176 oratione

255 4217 360 4281 l9;
390 4214 654 4270 [siderum
695 4215 1018 4270 Pelusiotae]
1063 4215 1156 4270 lib.
1183 4231 1225 4278 ι,
1251 4229 1336 4284 ep.
1371 4213 1470 4278 45;
1500 4212 1700 4268 librum
1743 4209 1841 4266 Sa-

255 4316 659 4362 cramentorum
688 4306 860 4361 sancti
889 4305 1156 4376 Gregorii,
1189 4306 1241 4358 in
1266 4305 1508 4358 oratione
1537 4305 1608 4357 de
1631 4302 1838 4357 Conse—

1938 1854 2266 1924 epistola'ad
2293 1853 2661 1908 Philemonem
2691 1855 2951 1911 Ecclesiae
2999 1856 3259 1912 Romana:
3303 1861 3523 1930 scripta,

1939 1944 2092 2014 cujus
2109 1944 2407 2015 fragmenta
2424 1945 2838 2014 prmelarissima
2860 1946 3124 2003 Eusebius
3141 1949 3308 2004 refert
3328 1950 3423 2007 lib.
3453 1967 3524 2005 vit

1939 2038 2134 2093 eceles.
2192 2037 2462 2105 Historia,
2511 2053 2630 2108 cap.
2675 2040 2735 2104 7;
2766 2040 2860 2094 sed
2904 2042 3160 2110 praecipui
3203 2044 3530 2098 exstiterunt

1940 2130 2081 2184 inter
2109 2128 2244 2183 alios
2268 2128 2581 2184 defensores
2602 2136 2825 2183 sanctus
2853 2127 3157 2200 Cyprianus
3185 2131 3238 2185 in
3271 2133 3429 2202 epist.
3460 2133 3527 2187 ad

1941 2219 2192 2290 Magnum
2223 2219 2290 2275 de
2316 2220 2658 2290 baptizandis
2683 2219 3018 2287 Novatianis,
3047 2222 3100 2276 in
3119 2223 3280 2294 epist.
3312 2223 3401 2290 74,
3435 2224 3524 2279 76.

1940 2310 2030 2375 78,
2060 2318 2114 2364 et
2142 2317 2361 2366 sanctus
2389 2310 2738 2365 Firmilianus
2766 2311 2818 2366 in
2847 2313 3006 2382 epist.
3047 2313 3116 2367 ad
3149 2323 3395 2369 sanctum
3421 2315 3528 2384 Cy-

1938 2400 2214 2471 prianum;
2247 2402 2314 2456 de
2352 2400 2548 2471 quibus
2575 2402 2656 2457 sic
2683 2401 2920 2472 loquitur
2947 2412 3168 2458 sanctus
3209 2404 3441 2460 Basilius
3470 2406 3524 2458 in

1937 2493 2096 2564 epist.
2127 2493 2390 2549 canonica
2419 2493 2486 2548 ad
2526 2493 2983 2565 Amphilochium,
3011 2511 3134 2550 can.
3165 2497 3191 2550 l
3222 2515 3234 2551 :
3273 2515 3291 2547 ι
3320 2495 3526 2552 Verum

1937 2585 2088 2640 enim
2115 2599 2254 2641 .vcro
2278 2584 2516 2655 antiquis
2545 2585 2724 2640 visum
2754 2594 2856 2650 cst,
2887 2585 3159 2657 Cypriane
3187 2587 3332 2654 dico,
3360 2598 3414 2644 et
3437 2603 3510 2642 no

1937 2683 2054 2731 atro
2065 2674 2404 2740 Firmiliano,
2424 2688 2520 2730 eos
2539 2689 2729 2730 omnes
2758 2676 2850 2729 uni
2871 2676 3079 2731 calculo
3092 2677 3379 2747 subjicere,
3396 2688 3526 2742 etc.,

1937 2775 1999 2822 ut
2012 2766 2104 2836 qui
2120 2782 2228 2821 non
2251 2765 2464 2837 possint
2478 2766 2709 2837 amplius
2726 2765 2963 2836 Spiritus
2976 2768 3152 2824 sancti
3163 2768 3394 2839 gratiam
3411 2768 3531 2824 ﬂiis

1937 2872 2153 2928 quoque
2173 2858 2435 2928 praebere,
2463 2874 2496 2912 a
2531 2873 2636 2927 qua
2673 2857 2776 2928 ipsi
2801 2859 3138 2914 exciderunt.
3172 2879 3190 2912 ι
3221 2860 3398 2931 Atque
3429 2861 3528 2916 bo-

1938 2963 2126 3003 rumce
2139 2949 2452 3018 dogmatum
2471 2949 2738 3002 rationem
2750 2949 2985 3018 explicat
2995 2949 3342 3005 doctissimus
3354 2949 3533 3020 Rigal-

1939 3039 2046 3093 tius
2061 3039 2114 3092 in
2136 3041 2250 3093 suis
2266 3039 2408 3093 notis
2429 3038 2496 3091 ad
2521 3037 3075 3109 Cypriani‘epistolam
3097 3039 3186 3105 64,
3204 3041 3290 3095 his
3311 3041 3522 3095 verbis:

1945 3127 2269 3184 «Sententia:
2281 3127 2534 3198 Cypriani
2550 3127 2820 3185 Pamelius
2840 3132 3064 3200 opponit
3081 3133 3526 3186 sententiamAn-

1936 3221 2135 3291 gustini
2163 3219 2471 3282 statuentis,
2494 3229 2836 3274 sacramenta
2859 3222 2926 3276 ab
2957 3221 3137 3290 impiis
3166 3229 3221 3274 et
3248 3221 3527 3276 sceleratis

1936 3311 2202 3381 episcopis
2227 3311 2342 3366 sive
2366 3313 2697 3382 presbyteris
2719 3311 3026 3366 ministrata
3050 3311 3249 3366 valere.
3283 3311 3414 3379 Qua:
3437 3326 3526 3367 res

1935 3403 2140 3474 indiget
2164 3403 2511 3459 distinctione
2542 3404 2666 3459 facti
2695 3405 2749 3458 in
2781 3404 3204 3458 controversiam
3230 3404 3466 3458 deducti.
3501 3424 3520 3455 ι

1936 3492 2000 3546 Ει
2025 3492 2185 3560 paulo
2209 3500 2334 3561 post
2361 3511 2373 3546 :
2411 3511 2429 3544 ‹
2465 3493 2616 3547 Talia
2644 3494 2916 3562 dogmata,
2934 3507 3050 3547 τενο
3078 3497 3402 3561 potestatem
3422 3505 3526 3546 sa)-

1937 3581 2202 3637 cularium
2229 3583 2604 3638 vexationibus
2643 3591 2699 3637 ct
2728 3580 3099 3636 ministrorum
3143 3581 3401 3638 Ecclesiae
3445 3580 3526 3637 fa-

1937 3671 2207 3725 ctionibus
2254 3671 2637 3737 alllictissimo,
2687 3661 2930 3727 stabilire
2983 3685 3048 3726 ae
3092 3673 3304 3727 sancire
3351 3671 3526 3726 visum

1937 3760 2228 3831 Cypriane,
2283 3764 2600 3833 casterisque
2652 3778 2752 3832 per
2795 3762 3056 3828 Africam,
3112 3761 3418 3817 Numidiam
3464 3779 3530 3818 ac

1937 3851 2338 3917 Mauritaniam,
2368 3841 2482 3922 quo
2509 3854 2610 3908 sibi
2647 3853 2902 3923 populum
2931 3853 3173 3909 facerent
3211 3854 3333 3908 ﬁdei
3363 3853 3527 3909 Chri-

1934 3943 2128 3997 stiana:
2163 3951 2431 4008 tenacem,
2459 3944 2845 4015 ministrosque
2875 3945 3134 4000 haberent
3155 3945 3304 4014 pacis
3324 3953 3378 3999 et
3406 3945 3527 3998 uni-

1939 4035 2067 4088 tatis
2099 4033 2479 4089 ecclesiasticae
2523 4036 2696 4106 magis
2742 4047 3004 4090 amantes.
3037 4056 3058 4088 ›
3097 4036 3188 4090 Sic
3224 4036 3523 4091 doctissimi

1938 4124 2042 4178 viri
2070 4125 2310 4180 sentitmt
2335 4125 2402 4180 de
2446 4127 2548 4180 bac
2575 4125 2827 4194 opinione
2873 4125 3229 4194 quorumdam
3279 4124 3530 4188 Patrum,

1939 4234 2103 4288 quam
2135 4219 2447 4274 Theodorus
2481 4228 2696 4272 secutus
2725 4225 2808 4272 est
2834 4233 2957 4272 cum
2986 4225 3207 4272 auctore
3245 4217 3344 4274 lib.
3365 4219 3431 4272 de
3457 4219 3533 4273 iis

1939 4309 2031 4378 qui
2061 4310 2334 4379 mysteriis
2363 4309 2666 4371 initiantur,
2695 4308 2834 4377 apud
2877 4316 3125 4362 sanetum
3153 4307 3524 4375 Ambrosium,

253 4396 505 4451 cratione
525 4396 790 4466 episcopi;
819 4396 1190 4460 Fortunatam,
1213 4395 1307 4448 lib.
1333 4410 1393 4458 ιι,
1420 4396 1680 4465 epigram.
1699 4390 1838 4458 x,de
1867 4432 1915 4491 Β
1943 4415 2065 4470 cap.
2093 4399 2128 4452 4
2158 4417 2170 4452 :
2203 4417 2224 4449 ι.
2255 4397 2372 4452 Non
2410 4407 2586 4459 sanat,
2618 4398 2812 4466 inquit,
2847 4397 3151 4465 baptismus‘
3171 4395 3529 4466 perﬁdo-rum,

257 4494 452 4540 sancto
478 4484 748 4540 Germano
776 4483 1105 4538 Parisiorum
1129 4484 1403 4553 episcopo.

382 4595 478 4646 Ille
501 4603 666 4644 tamen
685 4599 867 4645 sensim
893 4595 1096 4655 incedit,
1120 4595 1257 4644 velut
1275 4594 1403 4644 alter
1429 4593 1587 4644 Aaron
1603 4631 1618 4655 ,

447 4656 556 4704 Non
574 4657 640 4704 de
661 4667 801 4706 Veste
826 4662 1009 4714 nitens,
1030 4658 1117 4706 sed
1145 4658 1331 4716 pietate
1355 4655 1569 4713 placens.

386 4717 496 4782 N09
516 4716 728 4782 lapides,
752 4731 945 4776 coccus,
969 4715 1172 4782 clarum
1191 4729 1379 4782 annnn,
1412 4728 1642 4782 purpura,
1664 4717 1841 4777 liyssu:

446 4777 694 4827 Exornant
718 4780 973 4840 humeros,
1000 4780 1088 4825 sed
1114 4780 1256 4826 micat
1272 4777 1395 4824 alma
1415 4777 1560 4825 lides.

327 4880 511 4948 Quare
540 4890 730 4935 auctor
758 4880 894 4934 Vita:
925 4879 1096 4934 sancti
1141 4877 1408 4947 Fulgentii
1449 4879 1566 4933 llaec
1612 4878 1677 4932 de
1725 4877 1842 4946 ipso

258 4978 497 5027 testatur
527 4987 541 5023 :
578 4988 598 5022 ς
631 4969 687 5024 In
716 4984 820 5040 qua
854 4971 1035 5025 tunica
1063 4968 1386 5033 dormiebat,
1419 4969 1470 5022 in
1502 4970 1614 5038 ipsa
1637 4967 1844 5023 sacriﬁ-

260 5064 454 5126 cabat;
497 5069 553 5115 et
599 5069 842 5132 tempore
885 5061 1158 5124 sacriﬁcii,
1205 5061 1464 5114 mutanda
1513 5076 1630 5115 esse
1681 5059 1844 5114 corda

259 5156 446 5225 potius
473 5168 635 5225 quam
662 5155 984 5210 vestimenta
1017 5156 1251 5211 dicebat.
1287 5175 1304 5205 ι

332 5244 540 5299 Iterum
574 5245 902 5317 baptizentur
938 5245 1017 5298 illi
1045 5261 1172 5316 quos
1220 5244 1516 5314 baptizavit.
1561 5239 1847 5310 Presbyter

263 5337 560 5402 femicans,
600 5338 646 5394 si
694 5348 978 5410 postquam
1025 5348 1356 5409 compertum
1409 5337 1570 5392 fuerit
1620 5338 1844 5401 crimen,

264 5429 643 5499 baptizaverit.
693 5429 884 5484 Mirum
936 5432 1079 5500 quod
1131 5431 1260 5499 quid
1319 5430 1423 5484 tale
1476 5430 1682 5500 legatur
1728 5437 1850 5498 post

266 5521 619 5588 qnmstionem
637 5537 665 5575 a
687 5521 941 5577 Patribus
962 5523 1219 5576 adversus
1241 5521 1551 5575 Donatistas
1567 5528 1850 5588 tantopere

267 5613 591 5667 discussam.
632 5613 805 5668 Antea
829 5613 1046 5683 quidam
1076 5611 1266 5667 Patres
1296 5612 1518 5667 liberius
1556 5611 1849 5680 loqueban-

270 5711 382 5769 llll‘,
406 5710 632 5758 sanctus
676 5702 927 5760 Clemens
953 5703 1346 5759 Alexandrinus
1370 5702 1463 5758 lib.
1496 5718 1571 5755 vn
1599 5702 1848 5755 Struma-

1942 4505 2051 4544 non
2093 4490 2342 4552 mundat,
2382 4489 2475 4543 sed
2499 4488 2706 4558 polluit.
2747 4509 2766 4541 ›
2796 4488 3100 4543 Notandum
3132 4489 3280 4558 quod
3305 4488 3533 4552 dicitur,

1939 4589 2221 4651 postquam
2245 4590 2580 4650 compertum
2603 4579 2768 4635 fuerit
2789 4581 2994 4636 crimen
3023 4599 3036 4633 :
3066 4580 3225 4650 longo
3246 4586 3368 4650 post
3390 4587 3532 4634 tem-

1939 4687 2073 4743 pore
2100 4674 2304 4744 pariter
2327 4673 2570 4728 distinxit
2589 4672 2850 4743 Magister
2886 4671 3156 4727 Robertus
3183 4671 3250 4726 de
3274 4670 3532 4737 Choreon

1941 4769 1996 4822 in
2021 4784 2116 4822 sua
2152 4768 2405 4828 Summa,
2433 4767 2611 4835 quoad
2641 4772 2966 4835 potestatem
3011 4763 3251 4819 solvendi
3279 4771 3530 4834 peccata.

1945 4881 2149 4938 Selecta
2175 4896 2240 4935 ex
2269 4879 2489 4937 Summa
2520 4895 2618 4932 ma.
2647 4877 2856 4932 Roberti
2881 4879 2944 4932 de
2970 4875 3235 4944 Chorpon.
3256 4887 3444 4948 quast.
3469 4877 3534 4942 3,

2630 4988 2749 5041 cap.
2780 4971 2834 5026 5.
3519 5033 3524 5035 ἓ

2017 5063 2286 5132 ρυωι-ῖῑω·
2311 5070 2492 5116 utrum
2533 5062 2789 5116 sacerdos
2817 5062 2907 5130 qui
2937 5069 3023 5117 est
3061 5063 3118 5116 in
3156 5060 3372 5117 mortali
3403 5075 3537 5129 pee-v

1948 5165 2072 5210 cato
2098 5155 2292 5209 habeat
2318 5153 2604 5223 praadietas
2643 5152 2846 5213 claves,
2885 5152 3082 5222 quibus
3117 5158 3210 5203 aut
3248 5150 3396 5219 liget,
3434 5157 3531 5201 aut

1949 5243 2143 5297 solvat.
2199 5241 2424 5297 Videtur
2471 5241 2618 5310 quod
2672 5257 2805 5306 non,
2857 5251 2961 5294 etc.
3014 5238 3303 5306 Gregorius
3356 5236 3533 5290 dicit:

1957 5352 1974 5384 ι
2014 5333 2116 5399 Qui
2153 5333 2265 5386 suis
2294 5331 2584 5400 premitur,
2621 5331 2794 5385 aliena
2835 5346 2938 5384 non
2969 5328 3140 5383 diluit.
3184 5347 3202 5378 ι
3257 5327 3399 5394 Ergo
3427 5327 3536 5380 im-r

1950 5426 2181 5479 mundus
2203 5423 2376 5478 aliena
2404 5438 2510 5476 non
2539 5423 2713 5476 diluit.
2747 5423 2874 5475 Item
2897 5418 3190 5488 Gregorius
3211 5415 3338 5470 alibi
3365 5417 3533 5472 dicit:

1958 5535 1976 5567 ι
2016 5515 2093 5569 Illi
2124 5515 2222 5569 soli
2253 5516 2308 5569 in
2340 5514 2442 5569 hac
2472 5527 2636 5567 carne
2662 5510 2822 5580 positi
2861 5515 3185 5578 potestatem
3212 5507 3415 5562 habent
3458 5506 3530 5561 li-

1953 5607 2110 5679 gandi
2137 5617 2193 5661 et
2216 5606 2474 5668 solvendi,
2507 5605 2599 5674 qui
2627 5602 2926 5658 doctrinam
2956 5599 3320 5670 apostolorum
3346 5608 3534 5656 tenent

1951 5706 2005 5753 et
2029 5696 2218 5749 vitam.
2268 5693 2411 5764 Ergo
2456 5707 2577 5748 cum
2633 5689 2939 5745 immundus
2972 5689 3226 5744 sacerdos
3269 5690 3385 5745 haec
3422 5706 3532 5745 non
