3968 6180
465 255 602 314 H25

1560 249 1650 302 AD
1691 242 2232 303 POENITENTIALE
2273 240 2620 297 THEODORI

3583 238 3730 296 “Si

462 371 675 432 habeat,
719 381 892 436 neque
926 365 1078 436 ligat,
1117 378 1293 432 neque
1321 361 1500 426 solvit,
1536 369 1643 415 etc.
1680 380 1698 413 ι
1741 359 1879 426 Quid
1904 373 2032 428 ergo
2063 357 2111 418 Α
2137 361 2191 408 et
2237 352 2472 424 Spiritus
2521 353 2714 408 sancti.
2786 351 2864 406 Ex
2908 351 3200 423 Spicilegio
3249 352 3494 410 Romano
3538 355 3729 412 domui

461 475 626 532 super
653 461 738 516 his
766 456 1088 514 dicendum?
1125 454 1292 510 Nobis
1327 441 1540 508 videtur
1581 453 1633 506 in
1662 453 1744 507 his
1776 464 1898 506 esse
1926 451 2034 504 dis-

465 551 844 622 tinguendum;
885 555 978 602 aut
1007 546 1152 602 enim
1201 545 1445 600 notorius
1484 551 1568 598 est
1617 543 1899 604 sacerdos,
1942 547 2035 594 aut

461 643 722 697 occultus.
802 639 860 695 Si
895 638 1141 693 notorius
1181 643 1293 698 est,
1333 650 1508 704 neque
1550 635 1616 687 de
1657 635 1782 688 vitae
1817 633 2032 696 merito,

462 748 636 802 neque
669 732 737 786 de
765 729 940 786 cilicio
971 729 1139 800 ligare
1171 727 1331 781 debet
1355 725 1437 779 vel
1467 725 1700 788 solvere,
1723 724 1832 777 imo
1861 721 2034 777 arceri

460 823 620 876 debet
658 820 876 874 omnino
911 818 980 872 ab
1008 816 1354 871 exsecutione
1395 813 1648 876 clavium,
1682 810 1927 865 similiter
1956 810 2036 863 di-

459 910 655 974 cimus,
705 909 849 977 quod
905 906 1028 962 talis
1074 905 1339 959 arcendus
1385 913 1467 956 est
1505 903 1574 957 ab
1609 900 1782 956 oﬂicio
1807 900 2036 970 publica!

458 999 765 1071 legationis,
795 1007 850 1053 et
887 995 1307 1067 przedicationis,
1339 1005 1392 1048 et
1427 993 1805 1046 celebrationis
1843 990 2036 1045 missa-

461 1104 599 1142 rum.
641 1089 707 1142 Et
741 1089 793 1142 in
824 1087 916 1141 tali
943 1101 1071 1140 casu
1112 1084 1409 1153 loquuntur
1432 1081 1702 1151 praedictae
1737 1080 2034 1134 auctorita-

460 1188 562 1234 tes.
609 1179 666 1234 Si
693 1192 823 1233 vero
847 1177 1092 1232 occultus
1120 1184 1223 1239 est,
1265 1173 1484 1228 tolerari
1521 1179 1723 1241 potest,
1751 1180 1805 1226 et
1834 1170 1878 1224 si
1907 1170 2037 1238 ligat

460 1271 542 1326 vel
570 1271 751 1337 solvit,
784 1277 931 1326 tenet
960 1270 1078 1340 ejus
1123 1268 1308 1338 ligatio
1341 1266 1424 1320 vel
1471 1264 1758 1318 absolutio.
1809 1261 1963 1316 Sicut
1988 1255 2033 1316 si

463 1365 640 1420 malus
695 1364 929 1426 conficit,
994 1361 1299 1416 confectum
1354 1366 1456 1415 est.
1518 1355 1575 1411 Si
1628 1356 1885 1426 baptizat,
1935 1354 2032 1408 ba-

459 1458 722 1526 ptizatum
751 1464 854 1511 est.
889 1453 995 1508 Sed
1023 1452 1289 1507 absolutio
1312 1459 1368 1505 et
1386 1449 1570 1521 ligatio
1603 1447 1726 1501 talis
1755 1444 1814 1499 fit
1835 1446 1887 1499 in
1919 1445 2036 1515 ejus

461 1548 783 1618 perniciem,
829 1543 920 1614 qui
960 1543 1091 1612 ligat
1126 1541 1210 1597 vel
1249 1540 1428 1595 solvit.
1472 1537 1589 1592 Non
1618 1536 1762 1592 enim
1807 1535 1935 1603 ligat
1969 1533 2036 1588 de

463 1640 586 1694 vitae
618 1638 832 1704 merito,
857 1637 951 1691 sed
981 1638 1046 1690 de
1075 1632 1249 1688 oﬂicio
1279 1639 1460 1686 tamen
1485 1629 1587 1684 sibi
1614 1627 1925 1684 commisso.

2133 447 2292 502 Luca:
2318 447 2554 509 Acherii,
2593 454 2724 500 tom.
2772 444 2863 499 ιχ.
2921 443 3176 515 Magister
3202 445 3474 503 Robertus
3505 448 3571 503 de
3595 447 3727 504 Fla-

2134 540 2383 593 mesbure
2412 539 2465 592 in
2508 554 2605 592 suo
2633 528 2999 592 Poenitentiali
3032 546 3188 607 putat
3215 538 3460 610 Dionysii
3487 540 3728 596 Alexan—

2134 630 2274 684 drini
2323 629 2647 684 sententiam
2700 643 2808 681 non
2845 643 2967 682 esse
3005 629 3388 694 damnandam,
3425 631 3528 685 etsi
3576 645 3729 687 com-

2135 719 2352 774 munius
2378 719 2610 773 aliorum
2627 717 2892 786 judicium
2919 719 3087 774 tutius
3111 719 3403 776 existimet.

2135 831 2341 888 Selecta
2355 849 2420 887 ea:
2434 831 2788 886 Pwnitentiali
2803 849 2901 886 ms.
2922 831 3134 888 Roberti
3150 831 3513 900 Flameabttre,
3531 835 3624 890 lib.
3641 851 3723 894 nl.

2158 923 2515 992 .Baptismus
2589 930 2671 977 est
2729 923 2895 976 etiam
2953 924 3018 977 de
3087 924 3390 979 substantia
3443 928 3659 983 ordinis
3708 945 3724 981 :

2133 1014 2260 1082 quia
2308 1015 2609 1083 baptismus
2653 1020 2737 1067 est
2777 1013 2946 1083 janua
2991 1022 3048 1068 et
3091 1012 3504 1071 fundamentum
3533 1058 3548 1081 ,
3616 1033 3723 1072 non

2134 1103 2308 1158 solum
2331 1104 2610 1168 ordinum,
2642 1101 2737 1158 sed
2762 1103 2929 1158 etiam
2953 1104 3194 1160 omnium
3233 1117 3722 1163 sacramentorum.

2135 1197 2290 1253 Unde
2335 1197 2609 1266 baptismo
2659 1213 2766 1252 non
2817 1199 3034 1264 habito,
3083 1200 3263 1256 nullus
3303 1203 3469 1266 ordo,
3516 1202 3724 1260 nullum

2135 1296 2532 1342 sacramentum
2564 1289 2878 1358 suscipitur.
2918 1288 3062 1345 Dicit
3091 1300 3271 1346 tamen
3302 1295 3539 1348 domnus
3564 1293 3725 1350 Inno—

2133 1380 2348 1434 centius
2379 1396 2391 1432 :
2421 1380 2563 1449 quod
2602 1380 2648 1436 si
2692 1380 2815 1450 quis
2849 1381 3013 1436 habet
3054 1382 3234 1448 fidem,
3274 1384 3404 1440 licet
3441 1401 3545 1442 nec
3584 1403 3725 1458 aqua

2134 1470 2445 1538 baptizatus
2500 1469 2686 1536 fuerit,
2734 1487 2836 1525 nec
2883 1473 3147 1542 sanguine
3189 1477 3431 1546 proprio,
3471 1486 3534 1531 ut
3576 1477 3640 1532 fit
3671 1479 3724 1532 in

2135 1560 2420 1630 martyrio,
2450 1560 2698 1616 ordinem
2727 1561 2970 1631 suscipit.
2999 1561 3317 1633 Baptizatur
3341 1566 3490 1620 enim
3515 1569 3640 1636 quis
3672 1569 3726 1622 in

2138 1650 2333 1720 spiritu
2365 1667 2378 1703 :
2407 1658 2464 1705 et
2491 1665 2558 1704 ex
2592 1665 2703 1720 quo
2730 1650 2895 1706 habet
2928 1651 3112 1718 fidem,
3142 1641 3309 1708 habet
3336 1663 3394 1710 et
3413 1654 3724 1712 Christum:

528 1747 875 1820 Deprehendit
894 1763 950 1800 se
976 1763 1080 1800 non
1103 1759 1212 1798 me
1235 1744 1576 1813 baptizatum.
1607 1743 1684 1796 De
1707 1739 1893 1795 eadem
1921 1736 2036 1792 fere
2067 1736 2112 1762 ¹’
2138 1751 2196 1798 et
2224 1743 2298 1798 ita
2339 1743 2394 1797 in
2422 1742 2642 1799 Christo
2668 1744 2975 1814 baptizatus
3019 1753 3126 1809 est,
3155 1746 3248 1814 qui
3285 1756 3370 1802 est
3403 1746 3730 1804 fundamen-

457 1839 755 1909 quazstioue
795 1838 1160 1907 interrogatus
1195 1834 1482 1904 Dionysius
1514 1829 1914 1886 Alexandrinus
1957 1828 2037 1882 sic

457 1929 733 1998 respondit
767 1928 821 1982 in
862 1942 948 1996 ep.
985 1928 1054 1980 ad
1087 1926 1303 1980 Xistum
1339 1918 1606 1978 Romanm’
1635 1921 1787 1976 urbis
1827 1922 2038 1990 episco-

456 2032 609 2088 pum,
650 2031 812 2086 quam
854 2013 1120 2069 Eusebius
1156 2013 1318 2068 refert
1365 2011 1458 2067 lib.
1490 2026 1563 2065 vu
1603 2009 1770 2075 Hist.,
1811 2024 1932 2078 cap.
1964 2009 2031 2064 9:

465 2123 485 2156 ι
522 2105 657 2160 Nam
685 2105 778 2175 qui
808 2103 1105 2174 gratiarum
1137 2102 1406 2156 actionem
1438 2099 1752 2171 frequenter
1779 2099 2034 2162 audierit,

456 2205 510 2251 et
549 2196 640 2266 qui
676 2195 889 2251 caeteris
935 2193 1275 2263 responderit
1314 2192 1519 2256 Amen;
1567 2190 1659 2260 qui
1709 2191 1779 2244 ad
1821 2204 2034 2245 sacram

457 2304 697 2346 mensam
723 2288 978 2354 astiterit,
1000 2297 1058 2343 et
1078 2302 1270 2342 manus
1293 2286 1360 2340 ad
1387 2284 1788 2354 suscipiendum
1819 2297 2034 2338 sacrum

453 2380 636 2438 cibum
676 2382 1002 2452 porrexerit,
1045 2380 1136 2450 qui
1176 2379 1326 2433 illum
1369 2377 1661 2446 exceperit,
1694 2383 1750 2432 et
1791 2374 2036 2445 corporis

453 2489 522 2529 ac
569 2474 847 2545 sanguinis
897 2471 1110 2527 Domini
1165 2470 1336 2525 nostri
1383 2468 1513 2524 Jesu
1540 2467 1743 2524 Christi
1766 2466 2036 2538 particeps

455 2565 621 2623 fuerit
654 2565 979 2630 diutissime,
1009 2578 1132 2618 eum
1161 2578 1260 2634 ego
1293 2564 1359 2617 de
1395 2562 1608 2631 integro
1638 2573 1898 2617 renovare
1927 2574 2033 2616 non

453 2656 653 2712 ausim.
706 2656 876 2712 Porro
919 2664 978 2710 ut
1025 2657 1167 2711 bono
1211 2657 1393 2710 animo
1437 2664 1600 2718 esset,
1633 2663 1689 2709 et
1723 2671 1844 2711 cum
1879 2654 2034 2710 firma

457 2747 562 2804 ﬁde
590 2747 743 2802 bonae
775 2747 887 2816 spei
918 2747 1112 2816 plenus
1146 2747 1213 2800 ad
1247 2745 1511 2800 Doutinici
1541 2745 1784 2814 corporis
1813 2744 2034 2815 partici-

456 2837 727 2908 pationem
772 2836 1077 2899 accederet,
1103 2835 1260 2904 jussi.
1297 2854 1314 2886 ι
1361 2834 1468 2888 Sed
1495 2843 1681 2904 postea
1722 2833 1880 2888 aliter
1903 2831 2035 2888 dell-

457 2929 631 2986 nitum
684 2937 768 2984 est
825 2944 855 2982 a
899 2926 1152 2982 Patribus
1212 2924 1428 2982 concilii
1483 2923 1926 2995 Carthaginensis
1976 2938 2030 2987 v,

457 3035 652 3090 nempe
689 3019 805 3075 siue
841 3018 930 3074 illa
964 3017 1305 3072 cunctatione
1343 3017 1540 3072 debere
1573 3013 1856 3086 baptizari.
1898 3013 2032 3112 V_ide
2056 3050 2102 3112 ϐ

457 3127 579 3166 can.
611 3111 644 3166 6
673 3111 764 3182 qui
797 3111 1028 3166 refertur
1067 3111 1119 3164 in
1159 3111 1370 3180 integro
1405 3110 1592 3164 codice
1627 3121 1896 3163 canonum
1925 3104 2029 3162 Ec-

457 3201 636 3256 clesiae
664 3201 956 3264 Africanae,
988 3216 1038 3256 c.
1071 3199 1157 3254 72.
1204 3199 1419 3254 Statuta
1449 3199 1645 3255 conci].
1671 3198 2032 3270 Hipponensis

455 3292 699 3348 breviata
746 3309 864 3363 cap.
896 3293 985 3348 40.
1038 3292 1156 3348 Non
1196 3292 1354 3347 aliter
1389 3301 1610 3348 sanctus
1645 3291 1754 3347 Leo
1789 3292 1842 3345 in
1871 3291 2027 3361 epist.

454 3386 525 3440 ad
553 3385 784 3440 Leonem
813 3385 1179 3439 Ravennatem
1219 3387 1552 3454 episcopum,
1596 3391 1650 3437 et
1694 3383 1748 3436 in
1787 3382 1899 3438 suis
1941 3397 2028 3436 re-

456 3477 838 3546 sponsionibus
876 3476 943 3530 ad
981 3475 1360 3544 inquisitiones
1399 3472 1606 3528 Rustici
1642 3472 2027 3536 Narbonensis,

459 3582 603 3635 resp.
630 3567 714 3620 16.
750 3585 770 3617 r
810 3565 869 3620 Si
905 3566 1086 3630 nulla,
1138 3566 1340 3635 inquit,
1372 3572 1590 3618 exstant
1641 3563 1837 3619 indicia
1891 3563 2032 3617 inter

457 3657 787 3726 propinquos
824 3663 917 3708 aut
956 3655 1268 3718 familiares,
1309 3654 1455 3708 nulla
1496 3654 1642 3707 inter
1676 3653 1903 3708 clericos
1937 3661 2032 3707 aut

458 3747 688 3810 vicinos,
738 3747 934 3814 quibus
973 3747 1050 3809 hi,
1097 3747 1164 3800 de
1209 3745 1404 3814 quibus
1445 3744 1726 3815 quaeritur,
1773 3745 2030 3814 baptizati

458 3836 628 3892 fuisse
665 3839 978 3901 doceantur,
1011 3837 1275 3906 agendum
1312 3846 1394 3892 est
1433 3845 1493 3891 ut
1531 3845 1886 3892 renascantur
1919 3855 1933 3890 ε
1962 3851 2033 3892 ne

458 3927 742 3983 manifeste
784 3936 1028 3998 pereant,
1076 3927 1129 3980 in
1173 3927 1368 3996 quibus
1407 3929 1548 3996 quod
1586 3942 1693 3982 non
1730 3927 2033 3983 ostenditur

456 4027 687 4090 gestum,
721 4020 861 4074 sicut
888 4019 1027 4074 ratio
1054 4034 1160 4074 non
1185 4019 1312 4074 sinit
1339 4027 1399 4073 ut
1425 4020 1672 4074 videatur
1701 4019 1974 4074 iteratum.
2006 4039 2024 4072 ι

455 4107 659 4164 Eadem
707 4108 1039 4178 respondens
1085 4106 1350 4177 Trojanus
1400 4108 1683 4178 episcopus
1728 4108 1797 4163 ad
1836 4108 2032 4164 Eume-

453 4201 596 4258 rium
619 4201 927 4272 episcopum
961 4199 1248 4269 profitetur
1274 4215 1333 4254 se
1357 4200 1499 4269 quod
1534 4215 1565 4254 a
1592 4198 1889 4269 majoribus
1919 4208 2030 4254 sta-

454 4297 633 4346 tutum
673 4299 776 4354 est,
815 4291 1182 4345 indubitanter
1209 4288 1474 4358 judicare,
1503 4305 1671 4361 quare
1712 4291 1785 4346 ita
1815 4291 2031 4347 conclu-

2137 1842 2253 1888 tum
2289 1834 2533 1888 omnium
2560 1835 2848 1889 bonorum.
2891 1833 3244 1892 Sacerdotem
3274 1845 3455 1892 tamen
3496 1854 3606 1893 non
3637 1840 3731 1893 bas

2135 1924 2398 1993 ptizatum
2451 1923 2582 1979 fecit
2642 1923 2908 1994 baptizari
2959 1933 3016 1980 et
3067 1926 3410 1990 reordinari,
3467 1928 3599 1997 quia
3651 1929 3734 1982 sic

2136 2023 2426 2072 senserunt
2446 2015 2874 2086 praedecessor“
2901 2013 3018 2084 ejus
3041 2033 3054 2070 :
3080 2025 3137 2070 et
3162 2017 3266 2072 hoc
3291 2018 3461 2073 tutius
3479 2027 3587 2072 est.

2209 2108 2280 2163 Et
2307 2124 2486 2164 omnes
2507 2125 2636 2180 quos
2667 2109 2815 2180 prius
2846 2107 3147 2178 baptizavit.
3191 2108 3485 2180 Presbyter
3511 2110 3607 2179 qui
3638 2111 3733 2164 de-

2136 2200 2427 2270 prehendit
2456 2214 2516 2264 se
2562 2214 2671 2252 non
2699 2213 2820 2254 esse
2847 2199 3204 2268 baptizatum.
3260 2199 3326 2253 Et
3351 2199 3573 2268 quidem
3613 2199 3730 2255 fne—

2137 2298 2263 2344 runt
2314 2290 2407 2361 qui
2450 2290 2714 2345 rebantur
2761 2304 2857 2344 eos
2898 2289 2991 2359 qui
3035 2289 3160 2344 laici
3201 2287 3381 2344 effecti
3425 2297 3578 2352 sunt,
3627 2304 3730 2345 nec

2135 2380 2446 2452 baptizandi
2488 2380 2690 2435 habere
2729 2387 3086 2450 potestatem,
3126 2389 3186 2434 ut
3229 2388 3452 2436 sanctus
3493 2379 3729 2435 Basilius

2137 2479 2371 2527 testatur
2411 2471 2466 2525 in
2503 2470 2664 2540 epist.
2697 2470 2959 2526 canonica
2988 2471 3055 2525 ad
3080 2469 3542 2539 Amphilochium,
3574 2485 3624 2525 c.
3657 2471 3678 2524 l
3707 2488 3722 2524 :

2142 2582 2161 2615 ι
2197 2563 2300 2630 Qui
2344 2570 2528 2616 autem
2567 2562 2783 2630 abrupti
2823 2569 2972 2626 sunt,
3019 2561 3143 2616 laici
3188 2561 3364 2617 effecti
3406 2576 3512 2616 nec
3552 2562 3726 2631 bapti-

2135 2653 2294 2708 zandi
2320 2668 2421 2708 nec
2441 2652 2728 2707 ordinandi
2755 2651 2955 2707 habent
2977 2661 3320 2723 potestatem,
3351 2662 3457 2710 etc.
3493 2674 3512 2706 ι
3544 2654 3724 2720 Quare

2133 2761 2230 2802 eos
2257 2746 2350 2816 qui
2391 2745 2462 2800 ab
2504 2745 2634 2814 ipsis
2673 2745 2932 2814 baptizati
2972 2754 3150 2808 erant,
3191 2754 3447 2815 tanquam
3498 2761 3528 2798 a
3569 2747 3720 2800 laicis

2133 2835 2466 2905 baptizatos,
2506 2836 2787 2906 jusserunt
2832 2835 2899 2890 ad
2945 2835 3228 2890 ecclesiam
3257 2829 3552 2890 venientes
3596 2852 3724 2891 vero

2136 2927 2393 2983 Ecclesia
2449 2927 2723 2996 baptismo
2753 2929 3063 2996 expurgaii.
3094 2926 3264 2982 Porro
3314 2929 3548 2997 quaestio
3575 2936 3722 2982 tanta

2133 3026 2239 3083 est,
2263 3026 2446 3072 utrum
2472 3026 2528 3072 et
2555 3017 2624 3071 ab
2649 3017 2715 3071 iis
2736 3017 2828 3086 qui
2856 3031 3132 3085 nunquam
3160 3016 3380 3072 fuerunt
3397 3017 3722 3081 Christiani,

2135 3110 2306 3179 possit
2345 3109 2646 3178 baptismus
2682 3108 2823 3171 dari,
2860 3115 2920 3161 ut
2950 3117 3170 3162 sanctus
3196 3108 3537 3180 Augustinus
3563 3111 3629 3164 de
3655 3126 3722 3164 ea

2133 3200 2270 3256 nihil
2297 3200 2495 3254 audeat
2527 3198 2798 3254 atIirmare
2826 3197 2968 3256 libro
2996 3217 3033 3254 ιι
3063 3209 3251 3256 contra
3278 3202 3570 3271 epistolam
3592 3202 3726 3258 Para-

2134 3291 2392 3355 meniani,
2443 3305 2564 3361 cap.
2597 3289 2684 3343 η.
2737 3307 2755 3340 ι
2800 3289 2868 3344 Et
2918 3290 3031 3345 btec
3078 3291 3320 3358 quidem,
3373 3293 3570 3362 inquit,
3618 3293 3723 3347 alia

2131 3381 2361 3450 quaestio
2397 3387 2502 3446 est,
2544 3389 2726 3435 utrum
2754 3390 2808 3436 et
2847 3381 2916 3436 ab
2949 3381 3016 3436 iis
3056 3382 3148 3452 qui
3185 3398 3467 3452 nunquam
3501 3384 3723 3440 fuerunt

2131 3471 2450 3537 Christiani,
2484 3473 2656 3543 possit
2693 3473 2995 3543 baptismus
3037 3473 3150 3528 dari
3187 3490 3200 3526 :
3239 3489 3342 3529 nec
3383 3474 3592 3546 aliquid
3635 3487 3720 3530 te-

2132 3577 2282 3617 mere
2331 3563 2455 3618 inde
2501 3562 2873 3618 allirmandum
2923 3571 3011 3618 est
3063 3565 3181 3619 sine
3225 3565 3554 3620 auctoritate
3582 3575 3721 3619 tant.

2133 3653 2370 3718 concilii,
2393 3661 2655 3724 quantum
2679 3662 2842 3709 tanta:
2865 3655 2942 3710 rei
2966 3653 3179 3711 suﬂicit.
3211 3675 3230 3707 ι
3256 3655 3372 3710 Non
3399 3656 3572 3713 multo
3600 3669 3725 3727 post

2131 3745 2323 3803 Patres
2366 3747 2579 3803 concilii
2608 3748 3049 3818 Compendiensis
3085 3749 3438 3818 quaestionem
3496 3749 3719 3805 deﬁnie-

2135 3843 2281 3901 runt,
2316 3850 2437 3890 can.
2469 3837 2544 3892 9:
2586 3855 2605 3888 ι
2643 3836 2701 3891 Si
2739 3839 2862 3906 quis
2890 3837 3194 3908 baptizatus
3235 3847 3318 3894 est
3345 3854 3376 3893 a
3401 3842 3722 3912 presbytero

2132 3943 2240 3982 non
2279 3926 2568 3996 baptizato,
2612 3937 2667 3981 et
2711 3935 2898 3983 sancta
2925 3928 3166 3985 Trin-itas
3203 3929 3256 3982 in
3297 3925 3416 3998 ipso
3445 3930 3719 4000 baptismo

2133 4017 2381 4072 invocata
2419 4015 2606 4082 fuerit,
2667 4018 2972 4087 baptizatus
3009 4028 3127 4083 est,
3157 4020 3297 4074 sicut
3326 4019 3553 4091 Sergius
3581 4036 3720 4092 papa

2131 4108 2288 4162 dixit.
2326 4127 2345 4160 ι
2419 4107 2571 4162 Unde
2609 4109 2866 4178 magister
2912 4108 3181 4165 Robertus
3214 4111 3280 4165 de
3319 4111 3572 4178 Chorcon
3607 4129 3716 4168 non

2130 4197 2344 4252 dubitat
2387 4212 2633 4253 asserere
2675 4199 3002 4267 baptismum
3045 4202 3113 4255 ab
3144 4200 3345 4255 infideli
3367 4217 3495 4258 vere
3522 4203 3712 4258 datum

2130 4296 2251 4343 esse
2281 4307 2294 4341 :
2327 4289 2374 4343 si
2412 4288 2656 4344 intendat
2698 4289 3021 4362 immergere
3044 4333 3060 4356 ,
3101 4309 3167 4348 eo
3205 4295 3366 4350 modo
3403 4311 3513 4366 quo
3555 4297 3718 4351 docet

454 4379 570 4434 dit:
606 4396 625 4429 ε
659 4377 931 4433 Statutum
959 4379 1173 4434 noveris
1205 4387 1265 4433 ut
1291 4381 1597 4451 quicunque
1621 4382 2028 4451 sebaptizatum
2057 4393 2107 4452 ι)
2132 4378 2395 4442 Ecclesia,
2442 4380 2691 4448 quamvis
2739 4395 2845 4434 non
2892 4380 3031 4436 ferat
3076 4384 3316 4438 animum
3361 4385 3433 4440 ad
3479 4385 3715 4442 fructum

454 4473 623 4530 fuisse
667 4489 773 4528 non
823 4473 1030 4537 recolit,
1075 4488 1176 4529 nec
1220 4474 1288 4528 ab
1337 4472 1441 4527 alia
1467 4487 1696 4542 persona
1744 4473 1797 4528 id
1826 4473 2027 4528 factum

456 4562 621 4618 fuisse
662 4563 948 4632 probatur,
996 4562 1324 4632 baptismum
1377 4563 1579 4631 absque
1621 4562 1730 4616 ulla
1776 4563 2030 4619 dilatione

453 4656 737 4726 percipiat,
782 4671 850 4710 ne
889 4670 920 4709 a
965 4654 1120 4710 nobis
1169 4654 1315 4709 illius
1361 4654 1542 4707 anima
1589 4653 1633 4708 si
1674 4669 1704 4707 a
1745 4654 2029 4724 baptizatis

453 4753 702 4816 separata
746 4744 928 4810 fuerit,
978 4745 1302 4815 requiratur.
1349 4764 1366 4796 ι
1420 4745 1552 4798 Vide
1591 4743 1913 4814 Gregorium
1961 4742 2027 4810 Il,

451 4838 612 4907 epist.
638 4837 723 4900 15,
755 4853 802 4892 c.
836 4837 902 4902 9;
961 4837 1351 4907 Excerptiones
1397 4835 1614 4907 Egberli
1647 4835 2025 4899 Eboracensis,

455 4943 504 4984 c.
543 4926 644 4993 M;
700 4927 1018 4998 Gregorium
1064 4928 1153 4991 lll,
1199 4928 1356 4996 epist.
1386 4928 1439 4993 l,
1489 4943 1537 4981 c.
1569 4926 1622 4980 5.
1671 4926 1820 4981 Tunc
1865 4926 2029 4997 igitur

455 5016 714 5088 temporis
741 5016 884 5071 nulla
925 5016 1369 5086 interponebatur
1402 5017 1656 5072 conditio.
1687 5017 1854 5071 Actus
1882 5017 2026 5070 enim

451 5109 714 5182 legitimi,
776 5115 837 5162 ut
887 5107 1179 5178 loquuntur
1219 5106 1554 5178 jurisperiti,
1605 5123 1710 5163 non
1763 5109 2029 5178 recipiunt

448 5202 836 5259 conditionem.
907 5198 965 5254 Si
1019 5209 1198 5253 tamen
1244 5214 1629 5269 nonnunquam
1685 5199 1849 5254 tacite
1888 5198 2028 5254 reci-

447 5295 635 5362 piant:
667 5307 788 5362 qute
821 5299 1006 5361 aperte
1031 5290 1424 5358 comprehensa
1452 5291 1643 5344 vitium
1684 5287 1880 5343 adfert.
1923 5287 2024 5343 At-

451 5392 630 5438 tamen
667 5389 868 5445 statuta
905 5380 1077 5437 sancti
1106 5378 1365 5434 Bonifacii
1395 5378 1686 5451 Moguntini
1716 5379 1816 5433 sub
1841 5379 2027 5434 condi—

449 5475 594 5530 tione
635 5475 1013 5544 baptizandum
1064 5472 1346 5538 sanciunt,
1398 5487 1519 5540 cap.
1558 5471 1648 5528 28.
1699 5471 1795 5526 His
1844 5474 2022 5526 tanien

447 5563 628 5617 verbis
655 5565 947 5632 prtemissis
979 5582 992 5616 :
1023 5562 1140 5618 Non
1170 5573 1222 5619 te
1256 5562 1557 5632 rebaptizo,
1589 5563 1684 5616 sed
1714 5562 1758 5616 si
1787 5563 2022 5616 nondum

447 5667 508 5707 es
530 5654 849 5723 baptizatus,
887 5658 1103 5727 baptizo
1132 5666 1183 5712 te
1229 5657 1281 5712 in
1310 5655 1527 5712 nomine
1557 5653 1758 5724 Patris,
1791 5663 1843 5711 et
1873 5653 2019 5722 Filii,

2128 4469 2404 4541 baptismi,
2429 4479 2484 4524 et
2509 4471 2658 4525 illum
2691 4487 2791 4542 pro
2822 4473 3046 4528 ridiculo
3076 4476 3291 4530 habeat.

2129 4582 2333 4638 Selecta
2352 4599 2416 4637 ex
2434 4581 2654 4638 Summa
2668 4600 2768 4638 ms.
2793 4582 3005 4656 Rebar-ti
3031 4587 3268 4656 magistri
3287 4587 3355 4642 de
3375 4585 3620 4654 Cleom
3657 4590 3715 4644 in

2619 4663 2804 4724 quirat.
2834 4655 2903 4710 38
2924 4693 2939 4719 ,
2972 4671 3088 4725 cap.
3123 4655 3210 4710 10.

2200 4742 2294 4796 llle
2329 4737 2421 4812 qui
2446 4743 2740 4813 immergit,
2780 4739 2825 4797 si
2849 4743 3080 4802 intendit
3104 4745 3158 4802 id
3194 4748 3338 4816 quod
3365 4745 3496 4804 facit
3525 4749 3713 4804 Eccle—

2127 4835 2208 4891 sia
2233 4833 2437 4900 facere,
2469 4842 2525 4889 et
2549 4850 2614 4888 eo
2637 4833 2742 4889 fine
2767 4849 2872 4902 quo
2895 4833 3026 4890 facit
3050 4836 3292 4893 Ecclesia
3313 4879 3327 4903 ,
3361 4854 3470 4894 non
3499 4848 3586 4895 est
3609 4843 3712 4894 du-

2125 4926 2272 4981 bium
2303 4927 2433 4996 quin
2459 4927 2717 4998 baptizet.
2758 4925 2865 4981 Sed
2895 4927 2986 4996 qui
3021 4927 3254 4983 intendit
3281 4929 3607 5003 immergere
3640 4947 3710 4986 eo

2127 5017 2287 5071 modo
2316 5031 2422 5086 quo
2463 5012 2706 5072 Ecclesia
2735 5016 2893 5071 docet
2913 5057 2928 5082 ,
2976 5018 3071 5073 sed
3098 5026 3277 5074 tamen
3314 5035 3424 5074 non
3454 5021 3706 5082 intendit,

2125 5107 2373 5162 conferre
2413 5107 2651 5162 fructum
2691 5107 2982 5177 baptismi,
3033 5109 3195 5165 alicui
3234 5120 3414 5180 potest
3453 5127 3574 5168 esse
3605 5112 3710 5166 du-

2125 5197 2294 5264 bium,
2327 5199 2458 5270 quin
2495 5197 2771 5269 baptizet:
2800 5209 2928 5269 puta
2976 5201 3173 5271 aliquis
3216 5201 3390 5258 ﬁdelis
3431 5203 3711 5259 commisit

2124 5289 2408 5359 parvulum
2457 5304 2615 5343 suum
2638 5288 2842 5344 infideli
2883 5305 3004 5344 cum
3047 5305 3276 5362 peregre
3298 5291 3576 5362 profectus
3595 5303 3705 5355 est,

2127 5379 2220 5434 tali
2252 5379 2463 5449 adjecta
2491 5379 2828 5446 conditione,
2862 5384 3005 5450 quod
3031 5383 3075 5436 si
3107 5382 3306 5437 viderit
3327 5385 3610 5454 parvulum
3647 5387 3704 5438 iu

2125 5470 2384 5524 extremis
2412 5469 2749 5524 laborantem
2770 5509 2786 5533 ,
2816 5485 2938 5525 eum
2965 5472 3107 5526 trina
3130 5471 3368 5543 baptizet
3397 5475 3705 5528 immersio-

2125 5578 2214 5627 ne,
2243 5561 2344 5617 sub
2368 5561 2623 5631 praedicta
2659 5561 2829 5616 forma
2864 5565 3150 5618 verborum
3172 5605 3187 5630 ,
3235 5580 3399 5634 quam
3441 5567 3531 5620 ille
3556 5565 3711 5633 adje-

2125 5654 2214 5709 cit.
2256 5651 2313 5706 ln
2344 5651 2435 5706 tali
2468 5667 2597 5708 casu
2625 5652 2857 5709 dicimus
2885 5654 3026 5722 quod
3056 5654 3166 5722 ille,
3208 5671 3270 5711 ex
3303 5671 3410 5725 quo
3439 5656 3583 5710 serio
3611 5655 3712 5711 ina
