3968 6180
431 273 566 330 1127

1526 263 1616 322 AD
1656 262 2197 355 PtlSNlTENTlALE
2235 264 2582 321 TllEODOftl

3545 262 3689 322 U28

430 381 755 438 omnimodis
778 379 1057 451 presbyter
1082 392 1181 448 per
1195 377 1537 449 semetipsum
1560 378 1831 432 inﬁrmum
1857 391 2004 431 com—
2033 378 2079 434 Α
2181 374 2455 445 Presbyter
2480 385 2645 446 potest
2677 374 2994 431 abbatissam
3044 392 3368 433 consecrare.
3419 371 3529 433 Sed
3576 393 3690 432 non

432 471 687 526 municet.
731 468 883 536 Quod
914 467 959 520 si
994 466 1153 521 aliter
1181 464 1390 531 fecerit,
1426 468 1625 538 gradus
1651 468 1733 522 sui
1763 466 2002 539 periculo

430 559 746 630 subiacebit.
781 578 800 610 ι

501 649 749 705 Hwtaclti
776 659 823 702 et
852 646 1028 701 clerici
1055 656 1268 716 possunt
1292 647 1589 701 benedicere
1609 648 1800 701 cibum.
1825 646 2003 700 Etiam

428 738 671 811 virgines
702 738 1097 793 benedicebant
1127 745 1263 792 teste
1291 746 1510 792 auctore
1529 736 1652 792 libri
1674 737 1739 792 de
1764 735 1995 808 Virgini-

429 835 561 893 tate,
585 828 675 899 qui
703 827 896 896 legitur
912 827 1053 880 inter
1079 826 1255 895 Opera
1276 826 1448 881 sancti
1470 826 1783 880 Athanasii:
1819 843 1836 875 ι
1859 823 2005 895 quod

428 918 499 983 si,
530 918 731 988 inquit,
770 916 1041 972 adfuerint
1066 916 1161 971 tibi
1188 924 1297 971 tres
1322 915 1588 985 virgines,
1626 916 1808 969 dicant
1835 914 2002 969 bene—

430 1010 720 1065 dictionem
765 1022 928 1077 super
951 1022 1163 1076 panem,
1204 1022 1311 1061 una
1350 1015 1527 1061 tecum
1559 1013 1747 1069 orent,
1775 1014 1880 1060 etc.
1922 1002 2000 1058 Tu

427 1097 573 1152 enim
600 1104 786 1152 sancta
828 1110 886 1150 es
909 1096 1162 1155 Domino,
1215 1104 1269 1149 ct
1289 1094 1439 1149 cibus
1468 1101 1593 1148 tuus
1618 1102 1675 1147 et
1695 1101 1855 1162 potus
1880 1101 2004 1147 tuus

428 1187 798 1242 sanctificatus
823 1194 925 1240 est.
963 1184 1067 1239 Per
1088 1198 1278 1256 preces
1301 1183 1447 1237 enim
1472 1192 1526 1237 et
1558 1182 1856 1237 sacratiora
1883 1196 2005 1236 ver-

426 1282 493 1336 ba
520 1278 905 1335 sanctificatur.
935 1297 953 1329 ι
999 1275 1230 1331 Sanctus
1254 1273 1489 1334 Joannes
1513 1274 1931 1345 Chrysostomus
1948 1273 2002 1327 in

429 1372 650 1428 bomilia
678 1371 749 1426 32
772 1370 825 1424 in
847 1384 966 1440 cap.
1005 1383 1101 1423 xxx
1122 1367 1333 1431 Matth.,
1358 1364 1592 1420 ostendit
1621 1377 1650 1417 a
1679 1362 1823 1418 nullo
1850 1362 2005 1417 Chri-

428 1465 605 1519 stiano
641 1454 793 1517 escas
815 1458 953 1515 sumi
984 1459 1203 1523 debere,
1235 1457 1336 1511 nisi
1356 1455 1667 1511 benedictas
1693 1460 1747 1507 et
1765 1451 2006 1507 sanctiﬁ-

427 1561 579 1606 catas
621 1551 869 1605 oratione
918 1563 982 1602 ac
1026 1547 1321 1617 gratiarum
1364 1543 1688 1599 actionibus.
1744 1541 1802 1596 Si
1835 1530 2001 1605 enim,

428 1640 524 1704 ait,
572 1638 665 1708 qui
712 1652 868 1693 escas
912 1650 1039 1690 suas
1076 1650 1173 1704 per
1213 1633 1513 1688 orationem
1542 1647 1651 1686 non
1682 1629 1842 1685 offert
1870 1629 2000 1694 Deo,

2106 464 2411 519 inconsulto
2439 466 2692 535 episcopo
2722 466 3081 534 prtescribunt
3096 465 3288 521 Patres
3316 466 3531 521 concilii
3554 465 3692 521 Car-

2108 554 2440 620 thaginensis
2482 571 2576 619 ιιι,
2607 569 2655 608 c.
2701 554 2771 609 36
2821 571 2834 607 :
2895 572 2913 605 ‹
2946 554 3016 609 Ut
3048 555 3335 625 presbyter
3381 554 3693 610 inconsulto

2103 645 2355 715 episcopo
2376 644 2614 715 virgines
2638 659 2745 699 non
2770 653 3072 711 consecret,
3103 644 3342 700 chrisma
3388 662 3519 702 vero
3546 661 3693 700 nun-

2104 749 2265 804 quam
2290 735 2561 790 conticiat.
2594 755 2613 788 ι

2174 823 2389 880 Sanctae
2417 824 2675 879 moniales
2703 841 2824 879 vero
2865 823 3096 879 'asilicas
3118 841 3322 893 semper
3341 825 3524 879 debent
3562 843 3692 880 con-

2103 932 2308 969 secrare
2345 914 2616 969 continuis
2667 929 2891 983 precum
2942 924 2999 969 et
3052 916 3354 984 gratiarum
3409 917 3689 970 actionum

2104 1006 2404 1061 sacrificiis.
2469 1004 2621 1061 Unde
2656 1006 2852 1076 saepius
2904 1020 2936 1060 a
2992 1005 3244 1062 Patribus
3275 1015 3539 1063 vocantur
3578 1023 3691 1062 arte

2104 1095 2200 1149 Dei
2231 1095 2463 1159 mundae,
2491 1103 2546 1149 et
2571 1095 2782 1149 altaria.
2815 1093 3043 1150 Tertull.
3066 1093 3190 1151 libr.
3231 1111 3248 1150 ι
3293 1097 3363 1151 ad
3412 1113 3641 1153 uxorem
3670 1139 3687 1161 ,

2103 1200 2223 1255 cap.
2255 1185 2287 1237 7
2331 1203 2343 1238 :
2390 1204 2408 1236 ι
2432 1184 2595 1240 Aram
2617 1186 2759 1241 enim
2786 1186 2880 1242 Dei
2902 1187 3161 1243 mundam
3187 1188 3416 1256 proponi
3442 1197 3686 1258 oportet;

2105 1283 2216 1330 tom
2246 1274 2331 1329 illa
2355 1273 2610 1330 Ecclesia:
2640 1276 2868 1331 candida
2897 1277 2962 1331 de
2993 1276 3285 1331 sanctitate
3321 1279 3690 1332 conscribitur

2103 1365 2468 1421 sacerdotium
2510 1365 2821 1429 viduitatis,
2850 1373 2907 1419 et
2939 1365 3291 1420 ctelibatium.
3323 1384 3343 1419 ι
3389 1364 3600 1421 Concil.
3630 1380 3685 1419 tv

2106 1442 2444 1524 Carthagin.,
2512 1470 2561 1509 c.
2617 1454 2739 1509 105.
2792 1453 2957 1510 Vetus
3000 1464 3189 1510 auctor
3228 1454 3687 1512 Constitutionum

2104 1545 2526 1615 apostoliearum
2574 1544 2701 1602 libr.
2729 1561 2791 1611 ιι,
2822 1560 2940 1617 cap.
2968 1545 3037 1600 26
3067 1565 3079 1599 :
3116 1564 3134 1596 ι
3159 1545 3368 1602 Habete
3396 1548 3566 1605 etiam
3594 1547 3690 1603 bo-

2105 1651 2291 1691 norem
2343 1635 2659 1706 virginibus,
2710 1646 2769 1689 ut
2822 1637 3159 1693 thuribulum
3187 1647 3243 1693 et
3270 1638 3570 1709 thymiama
3607 1654 3691 1694 rei»

428 1730 807 1799 coinquinatus
840 1742 933 1784 eas
968 1727 1290 1790 manducat,
1318 1723 1611 1780 secundum
1638 1723 1780 1795 quod
1801 1721 1868 1778 de
1892 1719 2002 1777 illis
2032 1721 2078 1780 Β
2106 1724 2575 1796 prmsentantibus.
2634 1744 2654 1775 ι
2717 1723 2849 1780 Vide
2898 1722 2993 1779 lib.
3025 1741 3108 1791 ιιι,
3161 1740 3278 1796 cap.
3334 1727 3408 1791 6;
3458 1725 3556 1780 lib.
3612 1743 3687 1791 tv,

426 1821 504 1875 ait
532 1818 856 1890 Apostolus:
890 1806 1157 1887 quoniam
1205 1816 1383 1871 omnis
1430 1824 1677 1870 creatura
1714 1813 1809 1868 Dei
1836 1814 2000 1875 bona,

428 1917 487 1965 et
534 1908 668 1964 nihil
714 1907 1061 1976 rejiciendum
1111 1905 1253 1975 quod
1297 1920 1421 1959 cum
1463 1903 1760 1974 gratiarum
1789 1900 2002 1956 actione

425 2000 726 2072 percipitur
761 2015 776 2052 :
820 1996 1191 2053 sanctificatur
1236 1994 1380 2049 enim
1424 2007 1524 2064 per
1562 1993 1787 2047 verbum
1812 1990 1910 2046 Dei
1947 2000 2002 2045 et

424 2089 751 2150 orationem,
777 2082 1011 2140 ostendit
1041 2083 1165 2152 quia
1188 2082 1458 2137 maculata
1484 2086 1599 2145 est,
1627 2078 1732 2134 nisi
1757 2092 1856 2150 per
1878 2092 2004 2133 ora-

426 2179 627 2232 tionem
675 2173 839 2230 fuerit
880 2173 1057 2229 omnis
1099 2187 1223 2227 esca
1272 2172 1531 2226 mundata
1554 2177 1610 2225 et
1633 2169 1997 2245 sanctificata.

423 2266 504 2322 Ad
552 2266 973 2322 benedicendum
1018 2279 1212 2337 panem
1256 2280 1285 2318 a
1325 2262 1649 2318 Christianis
1695 2261 2004 2332 consignari

425 2358 621 2413 indicat
652 2358 893 2413 incertus
930 2365 1120 2411 auctor
1149 2355 1535 2411 Commentarii
1567 2355 1622 2409 in
1654 2351 2004 2425 Evangelium

427 2448 700 2514 Matthcei,
745 2450 889 2519 inter
928 2447 1107 2517 Opera
1153 2440 1379 2503 Joannis
1406 2445 1780 2517 Cbrysostomi
1815 2442 2001 2499 homil.

427 2541 494 2595 18
519 2559 531 2594 :
579 2559 597 2593 ι
623 2540 695 2595 Ut
716 2547 845 2610 puta
873 2540 1056 2610 signas
1083 2552 1278 2610 panem
1292 2526 1477 2603 'tuum,
1502 2551 1664 2607 quem
1685 2535 2004 2598 manducas,

428 2630 570 2686 sicut
599 2630 675 2683 ait
703 2626 900 2685 Paulus
924 2649 937 2684 :
970 2628 1351 2683 Sanctiﬁcatur
1376 2628 1519 2682 enim
1540 2640 1641 2697 per
1661 2625 1884 2680 verbum
1908 2622 2005 2678 Dei

430 2727 489 2774 et
512 2719 833 2775 orationem.
876 2738 894 2771 ι
955 2719 1091 2773 Vide
1138 2716 1459 2787 Gregorium
1496 2715 1907 2770 Nazianzenum
1949 2712 2006 2769 in

428 2809 676 2863 oratione
715 2809 799 2873 19,
829 2808 920 2877 qui
945 2807 1017 2862 ibi
1051 2805 1219 2867 refert
1256 2806 1486 2876 panibus
1513 2804 1816 2862 benedictis
1841 2812 2006 2875 atque

432 2913 595 2953 cruce
642 2898 972 2967 consignatis
1019 2912 1173 2953 suam
1222 2907 1449 2954 matrem
1493 2906 1752 2967 mgrotam
1788 2896 2005 2963 aluisse,

434 2990 619 3060 sicque
642 2989 979 3045 convaluisse
1016 3003 1081 3045 ac
1108 2989 1251 3045 vires
1278 2989 1578 3061 collegisse.

1053 3120 1279 3179 CAPUT
1313 3119 1400 3176 Ill.

809 3234 888 3289 De
922 3234 1256 3290 ordinatione
1277 3234 1625 3289 diversorum.

502 3346 709 3417 Septem
740 3346 849 3401 dies
875 3345 1002 3401 velet
1028 3354 1184 3417 caput
1210 3362 1363 3400 suum
1391 3345 1600 3400 cuculla
1620 3361 1736 3400 sua.
1765 3344 2011 3403 Conven-

430 3449 521 3493 tus
564 3438 1016 3508 Aquisgranensis
1042 3478 1056 3503 ,
1109 3452 1228 3507 cap.
1260 3435 1362 3493 ‘55:
1408 3454 1427 3488 ‹
1464 3432 1541 3492 Ut
1559 3438 1856 3493 monachus
1886 3450 2011 3509 pro-

433 3528 669 3584 fessione
715 3528 856 3584 facta
898 3528 1083 3601 tribus.
1117 3529 1306 3584 diebus
1333 3528 1541 3583 cuculla
1571 3537 1884 3600 coopertum
1913 3530 2011 3585 ba-

432 3618 557 3672 beat
587 3627 768 3687 caput.
800 3638 819 3670 ι

507 3707 806 3762 Secundum
831 3708 1086 3779 baptisma
1117 3718 1163 3762 et
1181 3709 1340 3779 juxta
1360 3710 1626 3779 judicium
1657 3709 1905 3778 Patrum,
1930 3715 2013 3768 ni-

435 3797 632 3852 mirum
676 3807 900 3868 prapter
944 3799 1341 3868 ptenitentiam,
1386 3816 1550 3871 quam
1585 3804 1878 3873 saepissime
1905 3804 2012 3860 Pa-

439 3893 553 3942 tres
575 3894 771 3942 voeant
792 3888 1119 3957 baptismum
1142 3890 1471 3959 asperiorem
1500 3902 1554 3948 et
1582 3893 2008 3953 laboriosiorem.

442 3978 678 4036 Sanctus
704 3979 999 4052 Gregorius
1024 3980 1283 4037 Nazianz.
1309 3983 1362 4037 in
1390 3986 1633 4041 oratione
1654 3989 1724 4043 59
1749 4003 1763 4042 :
1801 4008 1819 4040 ι
1849 3990 2014 4057 Quin-

441 4079 553 4126 tum
598 4071 774 4126 locum
815 4070 1175 4143 lacryma‘rum
1234 4073 1532 4143 baptismus
1576 4084 1740 4132 tenet.
1815 4078 2016 4134 Verum

444 4162 688 4232 asperior
714 4168 769 4217 et
788 4161 1145 4227 laboriosior;
1178 4177 1287 4233 quo
1324 4164 1540 4233 quidem
1568 4164 1657 4220 ille
1683 4167 1925 4238 tingitur,
1956 4176 2017 4223 ut

437 4253 529 4323 qui
551 4267 651 4323 per
680 4253 921 4323 singulas
960 4262 1143 4309 noctes
1170 4254 1367 4309 lectum
1404 4270 1560 4311 suum
1588 4273 1652 4313 ac
1679 4267 1906 4314 stratum
1941 4259 2020 4314 la-

439 4345 639 4416 crymis
668 4345 835 4411 lavat,
858 4345 942 4401 cui
968 4346 1098 4416 ipsa:
1126 4361 1345 4416 quoque
1370 4347 1488 4402 vitii
1514 4348 1797 4406 cicatrices
1824 4352 2013 4419 fetent,

440 4436 534 4505 qui
561 4436 751 4508 lugens
787 4446 844 4493 et
886 4438 1235 4493 contristatus
1264 4439 1580 4511 ingreditur,
1628 4443 1720 4513 qui
1752 4442 2013 4501 Manassis

354 4556 361 4559 -
441 4525 890 4597 resipiscentiam,
920 4541 984 4582 ac
1004 4524 1363 4582 Ninivitarum
1388 4528 1770 4597 humilitatem,
1799 4534 1887 4588 cui
1909 4534 2014 4588 mi-

435 4617 732 4672 sericordia
760 4617 1035 4686 impertita
1060 4624 1145 4673 est
1165 4658 1180 4683 ,
1210 4618 1474 4686 imitatur,
1501 4629 1606 4676 etc.
1634 4642 1653 4674 ι
1686 4622 1753 4677 Et
1781 4621 2019 4681 Joannes

440 4702 717 4760 Climacus
751 4706 896 4760 hunc
918 4705 1244 4776 baptismum
1284 4709 1422 4763 tanti
1457 4704 1619 4776 facit,
1658 4719 1720 4766 ut
1747 4726 1869 4768 eum
1892 4714 2016 4784 qui-

439 4793 564 4848 dem
591 4795 841 4850 videatur
865 4796 1123 4867 praeferre
1164 4798 1436 4867 baptismo
1463 4814 1615 4870 aquae
1653 4819 1666 4855 :
1710 4814 1734 4853 ι
1764 4800 1895 4857 Post
1922 4805 2020 4859 ba-

441 4887 665 4957 ptisma,
689 4886 885 4957 inquit,
917 4890 971 4943 in
1000 4889 1167 4960 gradu
1204 4905 1333 4956 VIII,
1371 4894 1642 4962 potentior
1674 4893 2019 4964 baptismate,

440 4974 491 5031 Il
541 4974 618 5029 ita
647 4973 730 5029 fas
772 4975 955 5045 loqui,
1007 4976 1128 5031 fons
1177 4986 1263 5033 est
1312 4979 1691 5051 lacrymarum.
1749 4982 2023 5053 Baptisma

442 5064 644 5135 quippe
672 5071 881 5119 tantum
911 5067 1213 5135 pneteritas
1242 5078 1587 5138 peccatorum
1619 5073 1808 5128 sordes
1835 5088 2023 5144 repur-

446 5164 558 5228 gat,
592 5156 767 5212 luctus
792 5164 971 5211 autem
1019 5172 1190 5212 noxas
1205 5167 1328 5228 post
1350 5160 1679 5230 baptismum
1717 5172 2026 5221 contractas

441 5249 617 5307 diluit.
659 5250 932 5321 Baptisma
975 5265 1084 5320 quo
1124 5249 1361 5308 infantes
1389 5254 1541 5309 tincti
1576 5270 1797 5321 sumus,
1836 5271 2025 5313 omnes

440 5352 629 5415 postea
653 5344 1087 5415 inquinavimus;
1108 5360 1209 5416 per
1229 5343 1430 5401 fontem
1459 5358 1639 5403 autem
1660 5349 2025 5421 lacrymarum

444 5432 611 5488 etiam
650 5434 976 5505 baptismum
1006 5449 1107 5491 suo
1155 5434 1320 5490 nitori
1359 5437 1724 5504 restituimus;
1767 5454 1929 5508 quem
1978 5441 2027 5497 si

446 5521 868 5593 benignissimus
907 5526 1051 5582 Deus
1076 5526 1280 5581 homini
1311 5527 1538 5599 largitus
1559 5543 1667 5583 non
1694 5536 1869 5597 esset,
1916 5532 2027 5588 rari

448 5611 737 5668 admodum
767 5622 858 5668 aut
883 5616 1137 5684 perpauci
1163 5615 1391 5671 salutem
1408 5626 1890 5685 consequerentur.

2103 1829 2223 1883 cap.
2258 1812 2313 1867 2.

2173 1903 2346 1959 (ἔνωεὶ
2370 1903 2527 1958 simul
2571 1903 2882 1961 benedicunt
2932 1905 3143 1959 viduam
3166 1915 3217 1959 et
3244 1904 3522 1977 virginem.
3557 1906 3693 1962 Vide

2100 1994 2292 2050 concil.
2321 2010 2375 2049 ιν
2402 1992 2693 2065 Carthag.,
2737 2010 2787 2049 c.
2825 1994 2889 2048 12
2914 2003 2969 2050 et
3000 1995 3088 2068 15,
3120 2004 3214 2048 ειμι
3260 1995 3444 2065 potius
3476 1996 3693 2052 Statuta

2101 2086 2356 2143 Ecclesia:
2374 2088 2617 2157 antiqua,
2642 2103 2691 2141 c.
2721 2087 2789 2142 99
2822 2106 2833 2139 :
2873 2106 2891 2139 ι
2930 2086 3368 2142 Sauctimonialis
3388 2087 3545 2155 virgo
3565 2103 3689 2142 cum

2104 2176 2172 2231 ad
2199 2176 2686 2240 consecrationem,
2719 2183 2850 2241 etc.;
2872 2194 2903 2245 ι,
2933 2182 2989 2228 et
3016 2189 3136 2229 can.
3166 2172 3308 2227 l00:
3343 2193 3361 2223 ι
3392 2172 3586 2229 Vidua:
3610 2174 3692 2229 vel

2104 2264 2556 2339 sanctimoniales.
2580 2279 2699 2333 qua:
2724 2263 2792 2317 ad
2824 2264 3205 2327 ministerium,
3236 2270 3341 2317 etc.
3378 2280 3397 2313 ι

2178 2354 2404 2410 Romani
2428 2372 2530 2409 non
2553 2340 2719 2410 celant
2750 2354 2979 2409 viduam.
3012 2352 3164 2421 Quod
3190 2353 3331 2409 idem
3361 2351 3692 2408 confirmant

2106 2444 2298 2503 Patres
2353 2442 2569 2501 concilii
2619 2442 2974 2513 Turonensis,
3026 2458 3147 2498 can.
3187 2441 3277 2507 20,
3331 2441 3415 2496 bis
3459 2442 3642 2495 verbis
3674 2454 3715 2495 :.

2114 2557 2133 2590 ι
2171 2537 2306 2594 Illud
2343 2550 2472 2592 vero
2496 2535 2639 2606 quod
2691 2533 2859 2606 aliqui
2899 2534 3107 2600 dicunt,
3135 2529 3295 2586 vidua
3325 2547 3447 2600 quae
3471 2528 3695 2585 benedi-

2107 2637 2197 2682 ω
2224 2642 2331 2682 non
2384 2624 2509 2692 fuit,
2539 2640 2711 2697 quare
2740 2639 2847 2679 non
2888 2624 3047 2679 debet
3099 2623 3354 2679 maritum
3396 2619 3693 2692 acciperet

2109 2732 2234 2773 cum
2263 2731 2452 2771 omnes
2503 2716 2678 2770 sciant
2706 2715 2851 2786 quod
2903 2729 3177 2785 nunquam
3215 2713 3270 2768 in
3318 2711 3602 2768 canonicis
3628 2709 3693 2766 li-

2113 2806 2229 2862 bris
2256 2805 2451 2877 legitur
2477 2803 2782 2860 benedictio
2812 2803 3079 2858 vidualis:
3117 2800 3245 2873 quia
3282 2800 3461 2858 solum
3492 2812 3691 2871 propo-

2111 2896 2281 2954 situm
2310 2892 2386 2948 illi
2422 2889 2667 2949 sufﬁcere
2705 2892 2883 2958 debet,
2920 2892 3061 2947 sicut
3084 2892 3139 2945 in
3171 2889 3583 2961 Epaoneusibus
3602 2904 3697 2944 ca-

2112 2984 2345 3041 nonibus
2371 3000 2400 3037 a
2428 2997 2565 3053 papa
2594 2982 2753 3037 Avito
2770 2981 2856 3037 vel
2878 2980 3128 3037 omnibus
3153 2981 3422 3051 episcopis
3447 2978 3695 3036 censeri-

2033 3061 2082 3126 C
2110 3083 2265 3151 ptum
2323 3082 2452 3131 est:
2490 3093 2507 3125 ε
2551 3073 2847 3129 Viduamm
2892 3071 3375 3135 consecrationem,
3417 3084 3558 3140 quas
3582 3068 3697 3127 dia-

2111 3182 2280 3223 conas
2304 3174 2520 3232 vocant,
2553 3164 2621 3219 ab
2642 3164 2790 3220 omni
2818 3162 3038 3234 regione
3064 3170 3245 3218 nostra
3282 3161 3503 3231 penitus
3538 3161 3697 3216 abro-

2112 3272 2323 3328 gamus,
2352 3265 2483 3321 etc.;
2517 3273 2535 3307 ι
2571 3261 2626 3309 et
2652 3268 2807 3310 conc.
2851 3251 3167 3307 Triburens.
3198 3267 3248 3307 c.
3278 3251 3350 3304 22
3381 3268 3395 3304 :
3438 3267 3459 3301 ι
3496 3249 3700 3305 Viduas

2112 3360 2295 3406 autem
2322 3349 2504 3405 velare
2529 3347 2844 3418 pontificum
2872 3346 3051 3402 nullus
3081 3352 3329 3409 attentet,
3382 3350 3548 3413 prout
3570 3355 3699 3395 con-

2113 3441 2363 3496 stitutum
2391 3447 2475 3496 est
2503 3438 2557 3493 in
2585 3437 2817 3493 decretis
2849 3451 3003 3508 papae
3026 3434 3226 3490 Gelasii
3250 3448 3371 3503 cap.
3406 3432 3477 3486 15
3506 3449 3522 3496 ;
3555 3430 3698 3500 quod

2112 3546 2214 3587 nec
2238 3531 2533 3586 auctoritas
2581 3529 2786 3595 divina,
2833 3543 2935 3583 nec
2962 3540 3231 3583 canonum
3264 3522 3443 3579 forma
3490 3521 3697 3594 praesti-

2115 3628 2239 3682 tuit.
2282 3646 2300 3679 ι
2334 3625 2468 3680 Vide
2506 3623 2648 3678 infra
2679 3631 2841 3694 caput
2869 3623 2922 3677 7.

2186 3715 2487 3771 Secundum
2520 3710 2729 3768 Graecos
2758 3712 3051 3782 presbytero
3089 3710 3208 3763 licet
3251 3707 3505 3778 virginem
3547 3718 3694 3758 sacro

2114 3803 2367 3859 velamine
2397 3819 2717 3869 consecrare,
2764 3801 3102 3855 reconciliare
3148 3799 3476 3870 pauitantem
3520 3795 3575 3847 in
3599 3808 3692 3863 pu-

2116 3895 2251 3949 blica
2283 3896 2465 3959 missa,
2500 3894 2674 3965 facere
2708 3891 2878 3947 oleum
2932 3892 3307 3954 exercitatum,
3354 3887 3591 3955 denique
3615 3882 3693 3939 fa-

2116 4002 2242 4043 cere
2294 3986 2516 4041 absente
2569 3984 2822 4055 episcopo
2876 3981 3137 4051 quidquid
3182 3991 3423 4050 praesens
3458 3975 3691 4031 fecisset.

2117 4080 2221 4150 Qui
2250 4095 2367 4135 mos
2420 4078 2646 4133 multum
2704 4075 3021 4132 servabatur
3049 4073 3104 4126 in
3156 4068 3485 4125 Alexandria
3522 4074 3579 4122 et
3606 4081 3694 4135 per

2119 4181 2289 4226 totam
2308 4167 2621 4241 Egyptunt,
2647 4167 2786 4221 sicut
2810 4165 2993 4235 plures
3015 4161 3303 4217 afﬁrmant.
3321 4159 3528 4214 Auctor
3547 4156 3695 4212 Com-

2117 4258 2369 4314 mentarii
2420 4258 2476 4311 in
2530 4255 2824 4325 Epistolam
2855 4252 3004 4307 Pauli
3051 4251 3118 4306 ad
3147 4249 3435 4321 Ephesios,
3464 4262 3585 4316 cap.
3613 4259 3693 4308 tu,

2121 4350 2263 4421 apud
2312 4340 2678 4402 Ambrosium.
2730 4363 2748 4395 ι
2782 4343 3024 4414 Denique
3052 4340 3190 4410 apud
3221 4337 3523 4410 Egyptum
3551 4349 3695 4406 pres-

2122 4441 2299 4514 byteri
2348 4440 2683 4509 consignant,
2716 4437 2761 4491 si
2806 4450 3042 4507 praesens
3094 4448 3198 4487 non
3238 4431 3309 4485 sit
3335 4430 3637 4499 episcopus.
3670 4447 3688 4479 ι

2124 4530 2327 4585 Auctor
2373 4526 2739 4595 Quaastionum
2794 4526 3007 4581 Veteris
3041 4523 3277 4603 et‘Novi
3342 4517 3691 4580 Testamenti,

2126 4622 2267 4692 apud
2300 4627 2547 4675 sanctum
2606 4618 2962 4688 Augustinum
2994 4633 3007 4668 :
3044 4633 3063 4665 ι
3099 4612 3233 4669 Nam
3264 4604 3319 4669 i'n
3345 4609 3690 4672 Alexandria,

2124 4723 2178 4769 et
2204 4728 2302 4783 per
2329 4720 2495 4768 totam
2542 4708 2858 4782 Egyptum,
2910 4710 2956 4764 si
2978 4709 3116 4764 desit
3150 4706 3468 4779 episcopus,
3513 4717 3694 4759 conse-

2125 4812 2242 4860 crat
2260 4802 2560 4874 prcsbyter.
2598 4821 2617 4853 ι
2652 4800 2783 4854 Vide
2807 4798 3187 4868 Hieronymum
3218 4796 3269 4849 iu
3296 4796 3457 4864 epist.
3482 4793 3552 4847 ad
3576 4793 3693 4847 Eva-

2125 4896 2330 4969 grium;
2368 4894 2649 4949 liabanum
2680 4899 2734 4946 in
2772 4891 2929 4961 epist.
2959 4890 3027 4942 ad
3048 4886 3479 4957 Regimbaldum.
3513 4882 3693 4953 Hujus-

2125 5003 2186 5043 ce
2214 4986 2291 5042 rei
2323 4986 2459 5039 ratio
2482 5000 2643 5057 quam
2704 4981 2862 5036 iidem
2906 4988 3237 5050 proponunt,
3288 4992 3351 5031 ea
3378 4986 3486 5041 est,
3542 4988 3692 5045 quam

2127 5079 2313 5152 paucis
2340 5076 2507 5132 refert
2548 5075 2783 5130 Ililarius
2831 5073 3108 5137 diaconus,
3162 5072 3302 5144 apud
3356 5071 3694 5127 Ambrosium

2130 5169 2185 5223 in
2214 5167 2235 5222 Ι
2260 5182 2347 5238 ep.
2380 5166 2447 5220 ad
2474 5164 2815 5219 Timotheum
2847 5182 2860 5217 :
2914 5180 2933 5213 ι
2969 5162 3127 5231 Quia,
3155 5161 3352 5233 inquit,
3385 5162 3624 5233 episcopi
3646 5166 3695 5214 et

2129 5256 2433 5329 presbyteri
2469 5270 2576 5310 una
2609 5254 2879 5310 ordinatio
2924 5263 3028 5309 est.
3062 5252 3302 5324 Uterque
3352 5255 3498 5309 enim
3528 5267 3694 5309 sacer-

2132 5349 2231 5405 dos
2263 5357 2365 5415 est,
2394 5347 2487 5403 sed
2522 5346 2808 5418 episc0pus
2840 5346 3045 5418 primus
3088 5355 3191 5402 est.
3240 5366 3258 5398 ι
3300 5345 3435 5402 Vide
3460 5345 3693 5415 eumdem

2134 5440 2191 5495 in
2217 5438 2617 5507 Quaestionibus
2660 5435 2875 5493 Veteris
2905 5444 2960 5491 et
2988 5434 3124 5493 Novi
3179 5434 3535 5499 Testamenti,
3571 5431 3695 5507 apud

2134 5528 2506 5602 Aug.,quaast.
2538 5525 2671 5594 ibi;
2699 5525 3083 5598 Hieronymum
3113 5526 3168 5582 iu
3193 5525 3421 5597 epistola
3451 5523 3518 5581 ad
3545 5523 3695 5580 Ocea-

2137 5634 2287 5685 num,
2319 5617 2373 5673 iu
2418 5614 2577 5688 epist.
2620 5616 2690 5672 ad
2718 5616 3027 5688 Evagrium,
3056 5614 3422 5672 Commentar.
3454 5614 3507 5671 in
3536 5630 3644 5685 cap.
3677 5628 3693 5665 ι
