3968 6180
274 297 416 353 H29

1452 297 2028 355 OBSERVATIONES
2067 290 2153 353 ET
2196 297 2420 353 NOTAE.

3417 299 3548 353 “30

270 417 445 486 Epist.
488 413 556 468 ad
605 412 807 480 Titum,
849 413 940 468 ubi
978 413 1215 484 loquitur
1255 413 1395 468 sicut
1421 413 1782 476 Tertullianus
1805 416 1871 469 de
1897 419 1946 476 Α
1974 416 2289 485 byterorum
2330 411 2557 474 coasilio
2604 410 2857 466 Ecclesia:
2905 409 3361 482 gubernabantur.
3395 412 3554 474 Post-

269 509 664 565 Exhortatione
714 507 1004 574 castitatis,
1044 521 1162 575 cap.
1193 507 1269 571 7;
1311 514 1554 562 sanctum
1612 505 1864 575 Augusti-

269 615 425 661 num,
461 599 513 652 in
534 598 761 668 epistola
805 598 872 651 ad
920 597 1324 667 Hieronymum.
1367 597 1474 652 Sed
1521 612 1588 651 ne
1619 597 1863 660 omittam

268 688 492 746 Graecos
527 688 740 752 Patres,
773 687 993 742 cons-ale
1043 685 1310 748 Joannem
1339 685 1624 756 Qhrysost.
1657 685 1709 738 in
1741 699 1860 754 cap.

269 797 289 838 ι
317 782 479 850 epist.
517 779 668 834 Pauli
694 779 759 833 ad
792 778 1203 850 Philippenses;
1231 778 1628 832 Theodoretum
1659 777 1713 830 in
1740 792 1860 846 cap.

269 887 331 927 tn
365 872 537 943 Epist.
567 872 585 925 l
613 871 761 936 Pauli
792 870 860 924 ad
893 869 1255 936 Timotheum,
1293 881 1348 924 et
1377 869 1428 923 in
1459 884 1578 938 cap.
1617 885 1634 922 1
1662 869 1761 938 Ep.
1796 868 1864 922 ad

271 964 459 1019 Titum

347 1051 585 1120 Inﬁrmis
613 1051 840 1118 chrisma
869 1052 1133 1106 sineccsse
1161 1059 1256 1104 est.
1298 1050 1605 1105 Secundum
1647 1049 1864 1119 Grzncos
1905 1096 1912 1102 .

271 1153 325 1195 et
358 1140 548 1194 Patres
579 1140 791 1195 concilii
821 1140 1091 1205 Toletani,
1119 1155 1241 1194 can.
1276 1141 1365 1204 ΞΟ,
1405 1148 1460 1194 ει
1501 1156 1655 1208 conc.
1689 1141 1865 1194 Arau-

271 1232 467 1292 sjcani.
517 1233 693 1285 can.l
733 1249 746 1286 :
800 1249 819 1282 ι
859 1230 1154 1298 llaereticos
1210 1233 1263 1286 in
1317 1233 1512 1288 mortis
1550 1231 1864 1300 discriminc

270 1326 504 1396 positos,
542 1324 584 1377 si
623 1322 874 1382 catholici
909 1337 1030 1377 esse
1055 1323 1382 1390 desiderant,
1424 1325 1466 1377 si
1497 1323 1865 1392 desitepisco—

267 1430 393 1484 pus,
432 1428 462 1466 a
491 1411 823 1482 presbyteris
870 1426 992 1465 cum
1047 1411 1341 1480 chrismate
1375 1420 1429 1466 et
1484 1411 1862 1483 hepedictionc

271 1503 585 1573 consignari
637 1501 864 1570 placuit.
899 1521 921 1554 ›
950 1501 1150 1555 Eadem
1185 1501 1424 1570 reperies
1453 1503 1505 1556 in
1536 1517 1688 1556 conc.
1723 1500 1862 1560 Arc-
1897 1519 1913 1531 ι

271 1595 466 1663 latensi
493 1611 558 1660 λιι,
587 1609 634 1648 c.
672 1594 742 1647 26
773 1611 787 1658 ;
828 1609 980 1648 conc.
1017 1594 1318 1663 Epaonens.
1340 1633 1354 1658 ,
1387 1608 1435 1646 c.
1472 1592 1556 1646 16.

344 1682 648 1739 Secundum
677 1682 940 1736 Romanos
965 1693 1139 1737 autem
1170 1700 1273 1737 non
1301 1683 1440 1748 licet,
1473 1682 1574 1736 nisi
1620 1683 1858 1752 episcopo

269 1775 390 1830 soli.
425 1773 644 1828 Scilicet
699 1773 962 1843 virginem
998 1789 1156 1828 sacro
1210 1774 1477 1827 velamine
1519 1787 1859 1838 consecrare,

269 1865 626 1931 reconciliare
672 1865 1024 1934 poenitentem
1079 1865 1132 1918 in
1181 1863 1396 1934 publica
1441 1865 1629 1930 missa,
1683 1864 1861 1918 facere

270 1957 452 2024 oleum
509 1955 900 2008 cxorcizatum.
967 1953 1058 2009 Sic
1121 1961 1366 2018 statuunt
1418 1954 1609 2010 Patres
1647 1953 1861 2009 concilii

272 2046 721 2118 Carthaginensis
770 2061 833 2111 ιι,
871 2061 993 2099 can.
1021 2045 1077 2109 5,
1135 2046 1227 2116 qui
1283 2045 1519 2100 refertur
1562 2045 1618 2099 in
1653 2045 1862 2114 integro

271 2140 460 2199 codice
488 2151 757 2192 canonum
789 2136 1042 2192 Ecclesiae
1068 2135 1358 2204 Africana,
1393 2152 1442 2191 c.
1467 2136 1578 2201 56;
1613 2135 1862 2194 Gelasius

272 2247 425 2302 papa
451 2230 503 2284 in
552 2230 712 2298 epist.
756 2229 821 2282 ad
874 2228 1154 2298 episcopos
1207 2227 1480 2297 Lucaniae,
1519 2243 1638 2296 cap.
1668 2225 1733 2296 6;
1764 2226 1863 2285 Pa.-

270 2332 386 2377 tres
411 2321 625 2376 concilii
653 2319 997 2390 Agathensis,
1030 2333 1151 2386 can.
1181 2319 1283 2383 64;
1314 2318 1505 2378 Patres
1519 2318 1737 2374 .concilii
1771 2317 1861 2374 Ili.-

276 2412 550 2484 Spalensis
581 2427 641 2476 ιι,
683 2427 803 2466 can.
843 2411 897 2474 7,
949 2411 1034 2466 his
1085 2409 1302 2465 verbis:
1350 2428 1368 2462 ι
1436 2410 1574 2464 Nam
1615 2409 1863 2480 quamvis

269 2520 394 2559 eum
422 2503 692 2573 episcopis
719 2501 954 2574 plurima
981 2501 1088 2569 illis
1135 2501 1521 2574 mysteriorum
1559 2499 1862 2556 communis

271 2595 341 2649 sit
369 2593 720 2663 dispensatio,
761 2591 1003 2661 quaedam
1030 2591 1256 2655 novellis
1280 2600 1334 2646 ct
1369 2591 1754 2647 ecclesiasticis
1779 2606 1864 2649 ree

270 2686 414 2757 gulis
450 2683 554 2738 sibi
584 2682 856 2752 prohibita
904 2681 1172 2736 noverint.
1210 2681 1363 2737 Sicut
1400 2684 1858 2754 presbyterorum,

269 2785 326 2830 et
363 2777 716 2832 diaconorum
748 2787 812 2832 ac
837 2771 1107 2842 virginum
1157 2774 1497 2838 consecratio
1524 2789 1538 2838 ;
1573 2773 1716 2829 sicut
1738 2789 1864 2828 con-

270 2865 485 2932 stitutio
540 2863 751 2927 altaris,
817 2861 1142 2928 benedictio,
1174 2863 1259 2918 vel
1309 2865 1536 2919 unctio:
1594 2863 1861 2934 siquidem

270 2972 373 3016 nec
401 2957 566 3011 licere
595 2957 675 3009 eis
703 2954 996 3010 ecclesiam
1029 2954 1114 3010 vel
1159 2955 1350 3010 altaria
1389 2973 1729 3021 consecrare,
1764 2972 1863 3014 nec

265 3063 370 3120 per
427 3046 826 3119 impositionem
881 3060 1074 3100 manus
1130 3046 1375 3102 lidclibus
1421 3047 1729 3116 baptizatis,
1775 3047 1861 3102 vel

1967 521 2128 575 quam
2159 519 2289 558 vero
2315 504 2681 574 unusquisque
2713 519 2808 558 eos
2835 519 2970 574 quos
3006 505 3397 574 baptizaverat,
3423 525 3552 568 suos

1964 594 2190 662 putabat
2220 607 2359 656 esse,
2392 608 2496 646 non
2521 592 2745 664 Christi,
2784 593 2836 646 in
2869 601 2978 664 toto
3003 595 3133 660 orhc
3165 595 3440 667 decretum
3466 608 3551 656 est

1966 691 2027 737 ut
2053 698 2192 738 unus
2220 683 2286 737 de
2336 683 2667 754 presbyteris
2707 683 2912 754 electus
2967 695 3445 756 superponeretur,
3482 691 3553 748 ad

1965 788 2126 842 quem
2154 773 2330 829 omnis
2359 772 2613 841 Ecclesia:
2663 787 2792 830 cura
2823 774 3144 842 pertineret,
3201 786 3264 845 et,
3283 778 3551 832 schisma-

1964 873 2080 920 tum
2129 866 2337 930 semina
2396 865 2731 937 tollerentur,
2796 875 2900 921 etc.
2966 867 3090 922 llaec
3148 879 3458 939 propterea,
3491 879 3548 924 ut

1965 959 2379 1027 ostenderemus
2407 957 2548 1026 apud
2571 965 2783 1020 veteres
2835 957 3055 1027 eosdem
3085 957 3248 1030 fuisse
3273 960 3552 1032 presbyte:

1965 1063 2055 1102 ros
2082 1063 2218 1116 quos
2241 1055 2296 1112 et
2329 1047 2606 1118 episcopos
2633 1065 2644 1100 :
2694 1047 2951 1117 paulatim
2998 1064 3127 1119 vero
3156 1057 3213 1103 ut
3251 1051 3549 1123 dissensio-

1965 1152 2092 1198 num
2107 1135 2372 1207 plantaria
2387 1135 2768 1204 evcllcrentur,
2786 1137 2852 1192 ad
2865 1154 3030 1210 unum
3058 1155 3271 1194 omnem
3292 1141 3552 1203 sollicitu-

1964 1227 2144 1280 dinem
2173 1240 2294 1280 esse
2315 1226 2566 1280 delatam.
2610 1245 2627 1277 ι
2657 1227 2894 1296 Denique
2916 1237 3136 1297 propter
3163 1229 3419 1300 Ecclesiae
3447 1232 3547 1302 110-,

1964 1330 2173 1379 norem,
2206 1331 2311 1389 quo
2335 1315 2485 1370 salvo
2513 1315 2660 1370 salva
2689 1332 2792 1386 pax
2820 1327 2925 1381 est,
2960 1320 3133 1388 inquit
3165 1321 3547 1398 Tertullianus,

1963 1404 2104 1458 libro
2147 1405 2211 1475 de
2243 1405 2538 1475 Baptismo,
2577 1421 2697 1476 cap.
2758 1408 2842 1472 l7,
2897 1417 2951 1462 et
3000 1425 3156 1479 quem
3192 1423 3411 1468 sanctus
3449 1415 3550 1486 Cye

1962 1493 2185 1565 prianus
2213 1496 2410 1575 saepius
2446 1499 2787 1568 commendat
2825 1499 2878 1551 in
2907 1501 3020 1560 suis
3059 1503 3320 1577 epistolis,
3349 1507 3552 1576 constie

1963 1590 2184 1637 tuerunt
2217 1583 2306 1653 illa
2345 1585 2521 1639 omnia
2580 1587 2838 1663 praedicta
2889 1589 2957 1641 ad
2991 1587 3082 1662 jus
3121 1591 3285 1663 solius
3312 1593 3552 1666 episcopi

1962 1676 2256 1745 pertinere,
2285 1686 2448 1747 atque
2475 1677 2588 1732 lucc
2618 1679 2796 1732 omnia
2833 1678 3021 1733 illicita
3044 1695 3166 1734 esse
3192 1682 3549 1757 presbyteris,

1892 1762 1940 1822 B
1971 1767 2122 1836 quia,
2155 1775 2214 1821 ut
2241 1768 2390 1822 aiunt
2410 1767 2600 1822 Patres
2624 1768 2840 1822 concilii
2881 1769 3215 1839 Hispalensis
3246 1788 3305 1837 ιι,
3335 1789 3456 1826 can.
3487 1775 3550 1832 7:

1969 1876 1988 1908 ‹
2033 1858 2384 1914 Pontilicatus
2406 1860 2614 1930 apicem
2638 1875 2744 1915 non
2773 1860 2992 1926 habent,
3018 1877 3178 1932 quem
3205 1865 3331 1917 solis
3354 1866 3551 1938 debere

1963 1952 2228 2024 episcopis
2281 1952 2604 2007 auctoritate
2647 1968 2916 2008 canonum
2971 1956 3321 2025 praecipitur:
3362 1965 3420 2010 ut
3453 1974 3553 2032 per

1965 2045 2068 2098 hoc
2125 2052 2179 2099 et
2233 2044 2488 2109 discretio
2539 2046 2804 2118 graduum
2862 2055 2916 2101 et
2947 2049 3226 2121 dignitatis
3275 2049 3547 2126 fastigium

1963 2134 2158 2196 summi
2182 2134 2455 2211 pontiﬁcis
2483 2134 2906 2205 demonstretur.
2945 2159 2961 2208 ι

2579 2264 2806 2321 CAPUT
2845 2267 2932 2322 IV.

2322 2375 2399 2430 De
2421 2377 2745 2448 baptismatis
2771 2379 3184 2457 conﬁrmatione,

2035 2489 2101 2560 In
2125 2491 2437 2564 baptismate
2456 2493 2794 2549 dimittuntur
2815 2512 2916 2550 non
2942 2499 3354 2568 conjunctioncs.
3378 2500 3540 2579 Quia,

1961 2591 2022 2637 ut
2049 2583 2286 2652 subjicit,
2323 2585 2588 2654 baptisma
2618 2603 2722 2641 non
2758 2587 2976 2650 bonum,
3009 2589 3100 2644 sed
3138 2590 3338 2645 malum
3367 2592 3544 2665 diluit,

1965 2674 2197 2730 Sanctus
2255 2675 2549 2746 Gregorius
2608 2677 2981 2734 Nazianzenus
3027 2680 3081 2734 in
3139 2683 3387 2754 oratione
3438 2684 3545 2759 8_0_:

1969 2789 1989 2836 ᾳ
2020 2768 2136 2825 Νοιι
2165 2770 2333 2834 enim,
2362 2771 2817 2840 quemadmodum
2843 2771 3120 2842 lavacrum
3147 2774 3288 2845 hanc
3313 2776 3422 2830 vim
3453 2778 3550 2848 ha:

1961 2861 2055 2917 bet
2076 2903 2090 2928 ,
2116 2870 2175 2917 ut
2201 2871 2422 2936 peccata
2451 2862 2648 2936 deleat,
2683 2862 2756 2916 ita
2790 2863 2954 2936 etiam
2982 2873 3129 2936 recte
3175 2865 3319 2937 l‘acta
3347 2868 3552 2940 exstiti;

1963 2955 2096 3023 guit.
2123 2972 2141 3004 ι
2740 3020 2753 3034 ⁸

2035 3044 2150 3107 Hoc
2176 3044 2513 3118 Innocentius
2536 3063 2692 3115 papa.
2722 3045 2834 3101 Hoc
2858 3055 3178 3118 argumento
3210 3049 3552 3119 innocentius

271 3139 554 3194 conversis
584 3154 650 3192 ex
687 3136 883 3199 lizeresi
919 3136 1260 3200 Paracletum
1308 3138 1569 3208 Spiritum
1626 3137 1857 3202 tradere,
1889 3113 1933 3176 Ο
1966 3150 2096 3200 usus
2142 3144 2228 3191 est
2269 3136 2323 3190 in
2360 3136 2473 3190 suis
2516 3136 2780 3205 epistolis,
2813 3137 3070 3207 nimirum
3113 3139 3168 3192 in
3213 3139 3438 3209 epistola
3485 3139 3551 3210 ad

271 3243 376 3295 nec
398 3227 635 3294 chrisma
659 3226 951 3294 conficere,
989 3243 1088 3282 nec
1137 3227 1431 3282 chrismate
1462 3228 1860 3298 baptizatorum

277 3319 513 3373 l'rontcm
547 3318 784 3388 signare,
838 3317 932 3384 sed
981 3334 1081 3374 nec
1122 3318 1336 3388 publice
1373 3319 1586 3388 quidem
1613 3319 1668 3373 in
1699 3318 1860 3383 missa

273 3424 604 3479 quemquam
635 3409 1012 3479 pmnitentium
1064 3409 1435 3477 reconciliare,
1469 3425 1569 3465 nec
1605 3408 1863 3475 formatas

274 3497 501 3553 cuilibet
541 3497 802 3566 epistolas
857 3499 1092 3565 mittere.
1133 3517 1150 3548 ›
1183 3498 1288 3552 Ista
1341 3499 1525 3568 praxis
1585 3498 1862 3553 Romano-

283 3605 405 3643 rum
427 3587 643 3642 diversa
666 3604 696 3642 a
722 3587 1034 3644 Graecorum
1072 3589 1262 3655 ritibus
1302 3604 1428 3643 suas
1453 3605 1666 3659 quoque
1701 3590 1865 3657 habet

274 3681 538 3746 rationes,
563 3696 696 3750 quas
725 3682 903 3737 varias
928 3681 1118 3735 Patres
1168 3680 1240 3734 ita
1288 3689 1586 3750 exponunt.
1618 3682 1725 3746 Alii
1750 3682 1863 3749 esi-

276 3771 507 3824 stimant
531 3769 659 3823 illud
696 3771 835 3834 ﬁeri,
858 3771 986 3839 quia
1035 3771 1086 3824 in
1143 3771 1396 3840 episcopo
1430 3786 1619 3839 omnes
1647 3772 1864 3830 ordines

275 3869 423 3925 sunt,
459 3871 514 3914 ct
571 3875 636 3914 nc
683 3861 922 3931 vulgaris
978 3870 1035 3915 et
1067 3861 1326 3924 vilissima
1386 3878 1472 3918 res
1518 3863 1793 3928 videretur
1818 3863 1863 3922 si

277 3967 473 4020 omnes
525 3953 711 4019 eadem
762 3961 1001 4021 possent.
1058 3952 1298 4006 Ililarius
1328 3953 1585 4008 diaconus
1623 3953 1676 4007 in
1707 3953 1866 4008 Com—

275 4051 446 4099 ment.
483 4043 537 4096 in
567 4041 736 4111 Epist.
769 4043 836 4096 ad
863 4042 1124 4111 Ephesios
1160 4057 1277 4112 cap.
1328 4059 1376 4096 IV
1405 4063 1417 4096 :
1460 4061 1478 4094 ι
1509 4042 1644 4097 Nam
1673 4043 1726 4098 in
1758 4045 1866 4114 epi-

277 4147 445 4202 scopo
473 4147 662 4186 omnes
685 4131 903 4186 ordines
926 4140 1067 4195 sunt,
1097 4133 1224 4202 quia
1248 4135 1453 4203 primus
1479 4136 1733 4191 sacerdos
1758 4145 1862 4204 est,

277 4225 381 4278 hoc
408 4231 513 4288 est,
564 4223 815 4292 princeps
851 4232 934 4279 est
981 4225 1340 4290 sacerdotum,
1393 4235 1447 4280 et
1506 4228 1864 4297 propheta,et

279 4316 631 4386 evangelista,
661 4326 716 4370 et
767 4326 963 4372 caetera
1021 4318 1362 4387 adimplenda
1411 4319 1584 4374 ollicia
1612 4321 1866 4382 Ecclesiae

282 4407 336 4460 in
360 4407 665 4462 ministerio
693 4407 954 4477 ﬁdelium,
988 4418 1092 4463 etc.
1130 4429 1148 4464 ι
1192 4411 1259 4476 Et
1286 4409 1423 4464 infra
1456 4429 1467 4464 :
1505 4429 1523 4462 ‹
1566 4412 1633 4466 Ut
1658 4427 1866 4467 cresce-

279 4508 366 4554 ret
408 4499 564 4568 plcbs
615 4508 669 4554 et
723 4499 1192 4571 multiplicaretur,
1247 4503 1500 4560 omnibus
1548 4505 1689 4559 inter
1715 4506 1865 4562 initia

279 4601 600 4643 concessum
624 4597 726 4658 est,
749 4597 853 4643 etc.
889 4608 907 4640 ι
939 4589 1008 4642 At
1036 4591 1126 4644 ubi
1172 4600 1352 4646 autem
1397 4592 1577 4656 omnia
1609 4593 1724 4651 loca
1758 4595 1866 4652 cir-

279 4675 568 4746 cumplexa
598 4684 684 4731 est
712 4676 974 4744 Ecclesia,
1001 4678 1372 4746 conventicula
1401 4680 1692 4735 constituta
1719 4690 1866 4748 sunt,

277 4775 338 4822 et
376 4775 643 4831 rectores,
677 4774 733 4821 et
775 4775 972 4822 czetera
1004 4767 1180 4826 ollicia
1207 4769 1260 4823 in
1285 4769 1543 4826 Ecclesiis
1574 4781 1698 4826 sunt
1726 4773 1870 4829 ordi-

277 4869 432 4923 nata,
462 4868 567 4914 etc.
621 4859 925 4930 Cmpitalio
952 4862 1141 4930 ordine
1192 4868 1246 4916 et
1291 4864 1626 4932 providentia
1675 4869 1871 4935 guber-

278 4950 403 5005 nari
433 4949 676 5004 Ecclesia
702 4968 714 5002 :
746 4951 874 5019 quia
903 4951 948 5005 si
989 4967 1179 5006 omnes
1235 4953 1424 5008 eadem
1451 4963 1696 5023 possent,
1734 4957 1869 5011 irra—

279 5038 541 5094 tionabilc
593 5047 758 5104 esset,
794 5048 850 5094 et
877 5040 1115 5112 vulgaris
1157 5057 1245 5096 res
1275 5050 1330 5095 et
1373 5041 1633 5097 vilissima
1662 5045 1870 5102 videre-

278 5138 392 5185 tur.
427 5129 566 5185 llinc
600 5145 728 5202 ergo
758 5139 842 5185 est
871 5133 1012 5186 unde
1061 5148 1204 5188 nunc
1259 5149 1451 5203 neque,
1482 5141 1587 5190 etc.
1637 5135 1741 5191 Alii
1768 5137 1871 5191 hoc

279 5222 566 5277 decretum
627 5239 747 5278 esse
809 5224 1014 5289 dicunt,
1075 5232 1137 5277 ut
1193 5226 1484 5281 schismata
1533 5226 1865 5282 tollerentur.

283 5309 522 5370 Sanctus
559 5311 942 5384 .Hieronymus
995 5315 1047 5367 in
1084 5314 1450 5371 Commentar.
1506 5319 1560 5372 in
1600 5317 1771 5388 Epist.
1800 5320 1868 5374 ad

284 5400 470 5456 Titum
517 5418 635 5473 cap.
673 5420 689 5458 ι
722 5420 736 5458 :
777 5422 794 5454 ‹
832 5403 975 5458 Idem
999 5414 1079 5460 est
1116 5421 1244 5476 ergo
1270 5410 1550 5481 presbyter
1578 5411 1722 5480 quod
1757 5412 1870 5481 epi-

283 5509 487 5565 mopus
513 5510 526 5549 :
567 5504 620 5550 et
641 5505 931 5566 antequam
959 5499 1158 5551 diaboli
1189 5498 1471 5565 instinctu,
1503 5503 1680 5558 studia
1705 5503 1759 5557 in
1785 5519 1869 5558 re-

284 5585 488 5658 ligione
541 5586 755 5658 ﬁerent,
796 5596 853 5641 et
901 5588 1145 5643 dicerent
1197 5589 1249 5642 in
1307 5591 1559 5660 populis:
1614 5593 1724 5664 Ego
1751 5611 1867 5648 sum

289 5671 472 5744 Pauli,
496 5693 588 5746 ego
612 5675 818 5746 Apollo,
851 5695 943 5747 ego
974 5688 1146 5732 autem
1175 5677 1379 5749 Cephea,
1423 5684 1694 5737 communi
1718 5700 1870 5752 pres-

611 5771 882 5832 ΡΑτιιοι..
931 5769 1159 5832 XCIX.

1965 3227 2282 3290 Yictricium
2317 3227 2628 3298 episcopum
2667 3228 3185 3298 Rothomagensem,
3217 3245 3337 3300 cap.
3365 3230 3427 3296 6;
3461 3245 3548 3299 ep,

1963 3317 2029 3390 ad
2080 3317 2358 3388 episcOpos
2389 3317 2737 3386 Macedoniae,
2780 3333 2898 3386 cap.
2941 3319 3003 3383 2;
3036 3334 3120 3388 ep.
3173 3320 3242 3374 ad
3285 3320 3550 3392 synodum

1963 3405 2016 3460 in
2067 3407 2324 3472 Toletana
2368 3407 2587 3478 civitate
2633 3408 3013 3472 constitutam,
3056 3424 3106 3464 c.
3133 3408 3194 3474 6;
3246 3425 3332 3480 ep.
3374 3410 3444 3466 25
3483 3411 3552 3473 ad

1963 3499 2244 3572 episcopos
2288 3499 2477 3569 synodi
2525 3499 2818 3566 Toletanae.
2851 3497 3244 3570 Argumentum
3283 3499 3426 3570 quod
3466 3498 3553 3553 ln-

1964 3591 2248 3646 nocentius
2287 3592 2448 3646 toties
2493 3592 2716 3662 repetit,
2748 3605 2856 3662 quo
2903 3592 3094 3662 probet
3139 3591 3384 3662 bigamos
3430 3605 3554 3646 esse

1964 3681 2127 3736 etiam
2174 3697 2269 3748 eos
2311 3681 2402 3752 qui
2431 3681 2658 3750 alteram
2701 3691 2823 3752 post
2851 3682 3151 3750 lavacrum,
3187 3684 3372 3752 priore
3410 3698 3556 3739 mor-

1968 3782 2079 3840 tua,
2125 3775 2394 3845 duxerunt
2460 3791 2718 3846 uxorem,
2768 3777 2842 3831 ita
2896 3777 3223 3850 Hieronymo
3278 3775 3551 3847 objectum

1965 3878 2052 3925 est
2075 3886 2107 3938 a
2143 3871 2262 3930 viro
2291 3871 2751 3940 eloquentissimo,
2789 3873 2928 3936 sicut
2974 3875 3202 3944 ipsemet
3239 3882 3470 3929 testatur
3497 3874 3552 3930 in

1967 3962 2126 4031 epist.
2157 3963 2226 4018 ad
2269 3961 2559 4029 Oceanum,
2587 3973 2646 4018 ut
2675 3965 2814 4019 inter
2839 3964 2944 4018 alia
2991 3965 3138 4018 dicat
3182 3965 3342 4020 unius
3367 3966 3554 4021 uxoris

1967 4069 2086 4110 esse
2112 4055 2309 4119 virum,
2339 4055 2429 4126 qui
2460 4055 2698 4125 singulas
2736 4071 2845 4110 uno
2878 4063 3116 4125 tempore
3142 4055 3392 4110 habuerit
3417 4071 3551 4117 uxo:

1968 4160 2075 4200 res.
2109 4163 2126 4194 ε
2156 4144 2270 4199 lloc
2306 4145 2450 4212 quod
2493 4145 2624 4213 dicit
2666 4145 2820 4207 unius
2861 4144 3042 4198 uxoris
3071 4144 3258 4206 virum,
3291 4152 3468 4213 potest
3495 4153 3554 4200 et

1968 4235 2126 4288 aliter
2173 4235 2386 4302 disseri.
2451 4235 2530 4292 Ex
2580 4232 2778 4294 Iudaeis
2837 4241 2956 4287 erat
3011 4233 3304 4302 apostolus.
3369 4233 3552 4289 Prima

1969 4323 2170 4392 Christi
2209 4323 2449 4388 Ecclesia
2493 4324 2558 4377 de
2597 4323 2762 4386 Israel
2806 4323 3047 4392 reliquiis
3099 4323 3547 4395 congregabatur.

1973 4411 2190 4482 Sciebat
2217 4412 2332 4484 lege
2361 4427 2700 4478 concessum,
2725 4421 2780 4468 et
2823 4415 3070 4484 exemplo
3116 4415 3549 4486 patriarcharum

1972 4517 2037 4570 ac
2072 4501 2238 4572 Moysi
2271 4502 2522 4558 familiari
2564 4504 2759 4574 populo
2788 4515 3015 4560 noverat
3044 4506 3100 4561 in
3130 4506 3315 4562 multis
3359 4509 3548 4570 uxori,-

1972 4597 2075 4662 bus
2101 4596 2300 4652 liberos
2323 4611 2615 4668 spargere:
2644 4598 2774 4666 ipsis
2803 4613 3018 4668 quoque
3046 4598 3423 4663 sacerdotibus
3449 4599 3551 4662 hu,-

1967 4684 2058 4764 jus
2102 4686 2334 4742 licentiae
2370 4689 2591 4756 patebat
2643 4689 2949 4743 arbitrium.
2994 4689 3261 4760 Prazcepit
3305 4705 3434 4761 ergo
3481 4706 3550 4750 ne

1975 4777 2218 4832 eamdem
2245 4777 2517 4833 licentiam
2555 4779 2808 4835 Ecclesia:
2846 4779 2947 4835 sibi
2986 4780 3262 4848 vindicent
3297 4783 3552 4845 sacerdo-

1976 4877 2094 4923 tes:
2127 4884 2194 4924 ne
2239 4869 2364 4925 bina
2407 4871 2612 4938 pariter
2645 4880 2700 4926 et
2747 4873 2886 4935 trina
2935 4871 3181 4944 coniugia
3229 4875 3548 4938 sortiantur,

1973 4961 2067 5015 sed
2097 4971 2156 5014 ut
2197 4961 2434 5032 singulas
2460 4978 2568 5018 uno
2617 4973 2856 5034 tempore
2896 4981 3096 5023 uxores
3137 4968 3390 5023 habeant.
3421 4989 3440 5021 ι
3469 4968 3550 5024 Ah

1973 5049 2060 5104 illa
2106 5051 2550 5120 interpretatione
2595 5053 2778 5123 procul
2823 5055 2987 5110 dubio
3029 5072 3135 5112 non
3182 5057 3550 5112 abhorrebant

1971 5142 2230 5212 episcopi,
2260 5159 2395 5213 quos
2439 5145 2684 5214 asperius
2707 5148 2977 5218 vituperat
3012 5149 3374 5203 Tertullianus
3409 5147 3547 5202 libro

1973 5234 2040 5289 de
2069 5234 2424 5306 Monogamia,
2459 5252 2576 5307 cap.
2608 5238 2676 5308 l2
2697 5280 2711 5304 ,
2753 5240 2838 5295 his
2882 5240 3095 5293 verbis:
3131 5257 3148 5288 ι
3178 5237 3545 5306 Prospiciebat

1975 5323 2211 5394 Spiritus
2256 5335 2475 5382 sanctus
2522 5329 2762 5384 dicturos
2807 5330 3065 5398 quosdam
3095 5347 3106 5380 :
3135 5328 3328 5382 Omnia
3377 5328 3544 5384 licent

1973 5415 2270 5484 episc0pis;
2312 5415 2452 5471 sicut
2488 5417 2576 5472 ille
2597 5428 2776 5472 vester
2799 5417 3070 5472 Utinensis
3095 5432 3193 5471 nec
3221 5418 3544 5474 scantiniam

1975 5503 2175 5558 timuit.
2219 5505 2371 5570 Quod
2412 5506 2554 5561 enim
2595 5516 2649 5561 et
2686 5507 2880 5577 digami
2924 5507 3216 5575 praesident
3256 5509 3396 5579 apud
3425 5525 3546 5580 vos,

1974 5592 2295 5649 insultantes
2319 5597 2502 5666 utique
2530 5596 2805 5666 Apostolo,
2836 5606 2983 5652 certo
3011 5614 3117 5653 non
3142 5583 3550 5674 erubescentes,

1974 5702 2096 5741 cum
2133 5688 2248 5743 hare
2285 5691 2383 5744 sub
2409 5689 2514 5744 illis
2543 5689 2810 5758 leguntur.
2834 5710 2855 5741 ι
2891 5689 3252 5746 Nihilominus
3272 5708 3436 5763 supra
3467 5695 3548 5773 di-

2992 5783 3070 5862 3G
