3942 6182
439 321 565 381 “Si

1527 331 1616 386 AD
1658 329 2196 387 PGZNITENTIALE
2236 332 2581 391 THEODORI

3555 341 3690 399 1ίῖιῆ

432 446 583 494 terat
604 436 742 494 libro
769 453 786 493 ι
809 436 878 495 ad
908 436 1165 506 Uxorem,
1195 454 1316 511 cap.
1341 441 1371 494 7
1399 456 1463 494 τι
1493 441 1763 508 Quantum
1791 442 2002 496 obstre-
2028 444 2073 500 Α
2104 455 2274 511 sanus
2316 443 2573 499 habuerit
2606 442 2866 513 alteram,
2903 446 3261 504 ordinandum
3300 463 3420 504 esse
3461 465 3686 508 censue.

436 535 557 601 pant
580 525 853 583 sanctitati
875 530 1073 600 nuptiae
1095 531 1360 595 secundm,
1377 529 1658 600 disciplina
1681 529 1931 585 Ecclesiaa
1948 538 2002 585 et

383 673 396 685 κ
430 615 765 686 prmscriptio
788 616 1029 687 Apostoli
1048 618 1304 683 declarat,
1329 634 1451 674 cum
1476 620 1717 689 digamos
1743 634 1849 674 non
1876 619 2005 674 sinit

433 703 738 772 praesidere.
762 725 780 758 ι
818 706 885 760 Et
913 706 967 760 in
1006 706 1147 762 libro
1187 708 1254 762 de
1288 707 1674 763 Exhortatione
1713 709 2000 773 castitatis,

432 794 487 848 in
550 810 657 865 quo
723 796 1042 852 dehortatur
1086 813 1118 852 a
1169 799 1422 853 secundis
1483 800 1719 869 nuptiis,
1760 799 2007 854 meminit

431 886 694 956 quosdam
719 888 962 960 digamos
984 906 1014 944 a
1040 890 1158 945 loco
1185 887 1440 958 deiectos.
1469 890 1575 945 Sed
1602 892 1731 946 illud
1758 890 1924 946 refert
1946 898 2005 945 ut

430 978 559 1047 quid
591 981 813 1035 omnino
855 981 1171 1036 insolitum:
1206 1000 1225 1032 ι
1254 982 1431 1053 thue
1474 983 1627 1045 adeo,
1662 983 1844 1052 inquit
1880 997 2001 1051 cap.

428 1070 482 1133 7,
510 1073 771 1141 quosdam
799 1075 1020 1129 memini
1045 1075 1288 1146 digamos
1325 1076 1444 1130 loco
1481 1074 1737 1143 dejectos.
1771 1076 1839 1130 Et
1864 1076 2007 1131 veri-

430 1158 604 1214 simile
633 1169 715 1216 est
755 1162 936 1232 plures
964 1162 1018 1216 in
1061 1163 1304 1218 Ecclesia
1338 1164 1685 1232 praesedisse;
1713 1179 1835 1218 cum
1882 1179 2008 1219 sau-

428 1258 549 1305 ctus
593 1251 951 1324 Hieronymus
978 1262 1253 1309 asseveret
1277 1262 1448 1309 totum
1497 1255 1757 1313 mundum
1787 1255 2006 1325 plenum

428 1356 549 1396 esse
578 1342 664 1397 his
700 1344 1146 1408 ordinationibus,
1176 1355 1339 1415 atque
1362 1354 1423 1400 ut
1451 1347 1528 1400 ait
1550 1347 1601 1401 in
1629 1361 1714 1417 ep.
1746 1349 1814 1402 ad
1839 1348 2007 1404 Ocea-

430 1453 589 1502 num,
626 1457 643 1488 ι
675 1437 789 1491 Non
837 1438 959 1492 dico
984 1439 1051 1492 de
1097 1440 1446 1510 presbyteris,
1488 1455 1595 1494 non
1647 1440 1713 1495 de
1760 1440 2005 1497 inferiori

428 1529 619 1597 gradu,
648 1529 715 1583 ad
742 1528 1022 1598 episcopos
1053 1530 1225 1591 venio,
1257 1546 1394 1600 quos
1419 1532 1462 1585 si
1488 1530 1759 1601 sigillatlm
1788 1533 2007 1588 voluero

430 1620 728 1683 nominare,
755 1627 937 1673 tantus
967 1634 1222 1675 numerus
1263 1621 1697 1692 congregabilur,
1727 1630 1787 1676 ut
1810 1620 2007 1679 Arimi-

430 1710 612 1763 nensis
641 1710 829 1780 synodi
858 1710 1140 1765 multitudo
1165 1721 1468 1782 superetur.
1493 1712 1601 1768 Sed
1644 1714 1902 1769 indecens
1924 1722 2007 1769 est

2104 541 2249 586 runt.
2280 531 2356 586 De
2395 541 2741 590 sacramento
2770 535 2915 591 enim
2944 538 3141 608 agitur,
3184 553 3290 593 non
3335 538 3404 593 de
3446 550 3685 609 peccato.

2104 617 2239 674 Nam
2277 620 2332 676 in
2354 622 2622 691 baptismo
2648 632 2871 693 peccata
2900 627 3082 681 omnia
3113 628 3480 683 dimittuntur.
3506 650 3526 683 ι
3561 633 3693 689 Vide

2103 712 2337 768 Leonem
2384 714 2626 784 papaml
2670 716 2724 769 in
2763 730 2850 786 ep.
2897 717 2965 771 ad
2995 717 3342 774 Anastasium
3374 721 3687 791 episcopum

2106 806 2662 873 Thessalonicensem,
2692 824 2811 878 cap.
2839 811 2907 876 5;
2937 811 2990 865 in
3029 827 3116 883 ep.
3143 813 3210 866 ad
3243 814 3531 885 episcopos
3573 831 3694 883 pro-

2107 896 2293 951 vincia:
2320 896 2661 962 Viennensis,
2692 914 2813 968 cap.
2840 901 2903 965 l;
2936 917 3090 956 conc.
3122 901 3469 968 Arausican.,
3503 920 3555 958 c.
3584 904 3687 968 25;

2104 988 2297 1043 concil.
2321 989 2728 1062 Andegavense,
2757 1010 2876 1049 can.
2922 997 3017 1062 il;
3070 997 3355 1052 concilium
3385 997 3691 1056 Romanum

2107 1079 2207 1132 sub
2236 1078 2421 1135 llilaro
2446 1097 2605 1153 papa,
2638 1098 2759 1138 can.
2788 1084 2854 1151 2;
2887 1086 3173 1141 concilium
3203 1087 3538 1155 Agathense,
3565 1104 3687 1145 can.

2109 1167 2160 1233 l,
2189 1174 2244 1222 et
2272 1172 2562 1227 concilium
2586 1173 2899 1231 Arelatense
2924 1193 2996 1242 tv,
3024 1192 3147 1232 can.
3172 1180 3225 1233 5.

2178 1257 2399 1315 Nullum
2446 1264 2733 1333 perfectum
2777 1267 3036 1322 credimus
3084 1269 3138 1322 in
3178 1266 3459 1340 baptisnio.
3488 1273 3693 1345 Nempe

2106 1348 2198 1417 qui
2225 1364 2329 1403 non
2357 1352 2657 1421 completur
2681 1356 2890 1410 caeteris
2920 1360 3295 1414 sacramentis.
3328 1360 3427 1416 Hic
3468 1379 3696 1432 praeser-

2108 1439 2201 1495 tim
2244 1455 2366 1494 cum
2405 1440 2654 1498 Patrihus
2681 1445 2891 1502 Latinis
2921 1447 3237 1503 Theodorus
3263 1449 3526 1520 loquitur.
3558 1454 3694 1509 Ter-

2105 1529 2381 1596 tullianus,
2411 1533 2551 1589 libro
2583 1535 2651 1591 de
2680 1536 2974 1606 Baptismo,
3007 1555 3127 1610 cap.
3154 1540 3189 1594 6
3213 1555 3229 1595 :
3267 1559 3285 1592 ι
3315 1540 3433 1597 Non
3462 1544 3610 1613 quod
3639 1547 3692 1603 in

2105 1620 2261 1689 aquis
2298 1619 2560 1690 Spiritum
2602 1633 2850 1683 sanctum
2877 1642 3290 1697 consequamur,
3318 1632 3412 1685 sel
3448 1632 3506 1686 in
3555 1649 3696 1703 aqua

2108 1710 2369 1774 mundati,
2402 1713 2502 1766 sub
2528 1714 2717 1785 angelo
2765 1714 2988 1784 Spiritui
3032 1726 3224 1773 saneto
3254 1736 3643 1790 prazparamur.
3671 1745 3690 1775 ι

430 1799 507 1851 sic
534 1814 698 1851 unum
727 1799 887 1860 tueri,
909 1807 968 1853 ut
989 1799 1170 1868 plures
1194 1816 1452 1857 accusare
1476 1803 1740 1869 videaris;
1769 1810 1824 1858 et
1845 1818 2007 1873 quem
2042 1794 2083 1852 Β
2109 1794 2391 1853 Cornelius
2434 1800 2490 1858 in
2520 1816 2604 1870 ep.
2633 1803 2705 1859 ad
2736 1804 2964 1861 Fabium
2992 1807 3057 1862 de
3086 1806 3317 1874 Novato,
3347 1812 3491 1880 apud
3532 1812 3697 1867 Euse-

429 1887 638 1942 ratione
666 1903 770 1942 non
804 1889 997 1958 possis,
1025 1890 1285 1946 societate
1319 1892 1660 1962 peccantium
1690 1890 2001 1948 defendas.»

431 1980 565 2048 Quis
608 1981 799 2037 credat
849 1981 1205 2054 Hieronymo,
1246 1983 1291 2039 si
1338 1983 1551 2054 legatur
1587 1983 1731 2054 quod
1787 1991 2010 2039 sanctus

433 2072 767 2143 Epiphanius
792 2080 915 2144 post
955 2071 1241 2145 Origenem
1276 2074 1410 2129 dicit
1433 2075 1625 2130 haeres.
1653 2090 1742 2130 nx
1778 2090 1886 2130 non
1924 2089 2011 2130 su-

432 2164 640 2234 scipere
664 2172 905 2217 sanetam
938 2163 1033 2221 Dei
1056 2162 1492 2233 praedicationem
1522 2171 1645 2233 post
1671 2163 1870 2219 Christi
1910 2163 2008 2217 ad¢

430 2260 651 2307 ventum
690 2267 784 2308 eos
827 2252 949 2323 qui,
996 2261 1205 2310 mortua
1250 2254 1490 2324 ipsorum
1532 2268 1717 2318 uxore,
1760 2253 2009 2309 secundis

431 2343 633 2412 nuptiis
667 2341 938 2413 conjuncti
983 2352 1139 2410 sunt,
1179 2354 1402 2416 propter
1440 2345 1793 2401 excellentem
1830 2360 2011 2402 sacer-

430 2433 560 2488 dotii
603 2434 862 2489 honorem
905 2449 970 2489 ac
1005 2435 1358 2506 dignitatem:
1389 2436 1492 2491 nisi
1539 2436 1790 2491 observet
1819 2436 2009 2491 Hiero-

432 2526 578 2596 nymi
621 2525 907 2581 sententiae
945 2524 1128 2580 favere
1171 2527 1479 2582 testimonia
1528 2526 1758 2581 aliorum
1788 2524 2009 2581 Patrum

434 2614 747 2671 Graecorum
780 2633 795 2669 :
828 2616 1002 2671 sancti
1029 2614 1079 2670 .l.
1107 2615 1410 2688 Chrysost.,
1440 2616 1626 2671 homil.
1658 2616 1725 2672 10
1754 2617 1808 2671 in
1836 2618 2008 2688 Epist.

434 2705 584 2760 Pauli
614 2705 682 2759 ad
703 2705 939 2761 Timoth.
965 2705 1005 2769 Ι,
1036 2721 1156 2776 cap.
1184 2723 1270 2774 ιιι,
1293 2714 1350 2762 et
1373 2706 1720 2762 Theodoreti.
1747 2706 1846 2761 Hic
1865 2709 2008 2764 enim

436 2794 601 2852 refert
640 2797 693 2851 in
721 2810 840 2866 cap.
876 2812 938 2851 ιιι
979 2797 1135 2866 epist.
1158 2798 1181 2852 Ι
1206 2799 1276 2853 ad
1310 2799 1651 2856 Timotheum
1689 2802 2010 2857 sententiam

432 2901 621 2943 eorum
650 2887 743 2956 qui
784 2887 1049 2942 sentirent
1090 2902 1214 2942 eum
1258 2890 1351 2960 qui
1400 2906 1522 2946 cum
1550 2907 1658 2946 una
1697 2890 1813 2947 sola
1842 2907 2012 2949 uxore

432 2977 625 3049 pudice
647 2977 948 3042 cohabitat,
987 2978 1204 3049 dignum
1231 2995 1350 3036 esse
1376 2981 1470 3052 qui
1505 2983 1786 3039 ordinetur
1805 2985 2014 3054 episco-

427 3081 536 3138 pus
568 3080 593 3121 ι
641 3082 744 3123 nec
791 3067 1056 3123 secundas
1115 3068 1429 3140 Apostolum
1479 3073 1731 3145 rejecisse
1773 3076 2004 3147 nuptias.

430 3156 637 3213 Deinde
678 3172 797 3214 eam
827 3159 1149 3214 auctoritate
1163 3138 1291 3215 idivi
1338 3162 1489 3218 Pauli
1522 3138 2008 3223 conﬁrmare-com
2035 3138 2079 3198 Ο

436 3247 625 3313 tendit,
655 3262 720 3303 ac
745 3248 976 3319 denique
1010 3249 1159 3304 illam
1196 3253 1425 3307 cazteris'
1448 3261 1774 3325 anteponere
1801 3271 1859 3312 se
1884 3272 2010 3328 pro-

434 3332 617 3389 litetur
644 3335 729 3391 bis
755 3337 937 3392 verbis
962 3356 974 3391 :
1004 3345 1179 3395 Ταῦτα
1208 3345 1288 3396 καὶ
1312 3344 1380 3398 τά
1408 3351 1625 3400 τοιαῦτα
1652 3349 2006 3421 σκοπούμενος,

431 3424 756 3498 ἀποδέχομαι
793 3435 891 3482 τῶν
918 3428 1050 3484 οὕτω
1087 3433 1382 3489 νινοηκότων
1416 3440 1506 3495 τήν
1542 3436 1827 3514 ἕρμηνεὶαν.
1855 3438 2009 3506 Quod

432 3530 562 3570 vero
606 3516 792 3573 Patres
834 3518 1012 3575 Latini
1056 3522 1146 3591 qui
1189 3522 1572 3596 Hieronymum
1618 3539 2012 3599 przecesserunt

435 3607 534 3676 ipsi
567 3616 830 3663 testantur
853 3612 1050 3666 multos
1072 3613 1376 3682 huiusmodi
1403 3617 1647 3688 digamos
1675 3620 1840 3678 fuisse
1866 3625 2012 3680 ordi-

434 3700 612 3762 natos,
636 3711 962 3773 quapropter
976 3703 1234 3760 Patribus
1256 3708 1471 3763 concilii
1494 3710 1761 3767 Valentini
1788 3715 2005 3784 placuit,

428 3802 557 3842 can.
590 3790 639 3854 l,
684 3788 753 3842 de
778 3804 967 3847 eorum
1014 3801 1160 3848 statu
1193 3797 1285 3865 qui
1327 3799 1479 3869 prius
1521 3801 1755 3859 ordinati
1798 3803 2013 3861 fuerant

436 3878 568 3933 nihil
597 3879 816 3935 revolvi.
849 3881 916 3936 Et
952 3892 1172 3940 sanctus
1194 3884 1512 3945 Ambrosius
1541 3891 1671 3948 dicit
1704 3893 1844 3950 libro
1871 3911 1890 3950 ι
1919 3894 2012 3952 Of-

420 3967 701 4036 viiciorum,
728 3986 847 4042 cap.
875 3972 968 4039 50,
996 3974 1270 4047 plerisque
1312 3980 1508 4035 mirum
1532 3982 1706 4039 videri
1746 4001 1845 4041 cur
1885 3993 2012 4044 ante

434 4061 760 4131 baptismum
788 4064 983 4120 iterato
1014 4065 1283 4138 coniugio,
1319 4071 1387 4125 ad
1422 4071 1741 4128 electionem
1769 4077 2010 4134 muneris

435 4160 487 4206 et
512 4153 865 4210 ordinationis
898 4159 1308 4228 prmrogativam
1338 4160 1720 4231 impedimenta
1750 4179 2011 4235 generen-

434 4252 541 4310 tur,
572 4260 695 4300 cum
724 4246 888 4301 etiam
912 4247 1320 4307 delicta'obesse
1345 4267 1450 4306 non
1480 4254 1707 4320 soleant,
1736 4256 1781 4311 si
1808 4258 2009 4314 lavacri

436 4337 662 4391 remissa
689 4335 890 4392 fuerint
924 4349 1282 4396 sacramento.
1316 4342 1421 4397 Sed
1462 4352 1642 4401 tamen
1682 4349 2009 4404 contrariam

436 4426 776 4497 amplectitur
808 4431 1169 4491 sententiam:
1207 4449 1227 4483 ι
1258 4432 1577 4505 intelligere,
1628 4436 1823 4506 inquit,
1851 4438 2011 4494 debe-

433 4522 645 4589 bemus,
687 4523 813 4592 quia
852 4523 907 4577 in
944 4524 1212 4595 baptismo
1240 4525 1396 4597 culpa
1438 4528 1635 4584 dimitti
1681 4538 1879 4601 potest,
1922 4531 2007 4588 lex

435 4615 636 4671 aboleri
682 4630 787 4670 non
816 4623 1013 4687 potest.
1053 4617 1109 4671 ιιι
1144 4616 1398 4690 conjugio
1428 4636 1535 4675 non
1582 4621 1759 4692 culpa,
1793 4624 1885 4680 sed
1922 4623 2008 4680 lex

432 4713 546 4769 est;
578 4706 721 4774 quod
745 4705 917 4781 culpae
940 4718 1024 4763 est
1050 4708 1236 4778 igitur,
1265 4709 1317 4763 in
1350 4710 1673 4779 baptismate
1696 4712 2003 4781 relaxatur;

434 4794 577 4862 quod
602 4794 735 4864 legis
756 4803 862 4861 est,
890 4798 942 4859 in
965 4797 1215 4870 coningio
1230 4814 1335 4853 non
1358 4800 1605 4856 solvitur.
1621 4820 1639 4854 ι
1669 4801 1863 4858 Postea
1892 4819 2008 4859 om-

434 4897 531 4937 nes
555 4882 669 4937 fere
704 4883 794 4940 alii
827 4887 1016 4942 eodem
1055 4889 1216 4943 modo
1240 4888 1404 4944 locuti
1435 4894 1576 4945 sunt.
1607 4890 1833 4946 Siricius
1868 4906 2005 4962 papa

432 4970 488 5027 in
529 4972 689 5043 epist.
717 4972 784 5027 ad
815 4971 1112 5030 Himerlum
1149 4975 1628 5043 Tarraconensem,
1670 4994 1790 5048 cap.
1819 4979 1876 5046 9,
1907 4981 2003 5045 10;

428 5059 774 5117 [innocentius
808 5059 850 5125 ι,
880 5060 935 5114 in
961 5062 1213 5118 omnibus
1236 5064 1370 5121 locis
1395 5081 1555 5135 supra
1584 5066 1796 5134 citatis;
1825 5068 2008 5123 concit-

428 5152 558 5207 lium
580 5151 1005 5222 Carthaginense
1028 5152 1244 5208 nomine
1264 5170 1339 5222 tv,
1370 5170 1420 5213 c.
1446 5154 1547 5221 69;
1579 5152 1801 5213 sanctus
1826 5156 2008 5230 Augu»

426 5243 605 5298 stinus
641 5242 708 5297 de
735 5240 884 5297 Bono
912 5240 1212 5313 coniugali,
1239 5257 1356 5317 cap.
1403 5243 1672 5314 l8,‘cuj‘us
1705 5246 1868 5303 verba
1910 5261 2008 5301 ιιοι-

427 5331 588 5387 tanda
632 5338 795 5386 sunt:
836 5348 854 5382 ι
887 5330 1178 5402 Propterea
1234 5342 1634 5391 sacramentum
1698 5338 2005 5407 nuptiarum

427 5421 684 5491 temporis
711 5421 885 5476 nostri
910 5421 990 5477 sic
1020 5420 1089 5480 ad
1114 5434 1280 5482 unum
1308 5422 1562 5479 maritum
1588 5433 1643 5480 et
1685 5441 1849 5483 unam
1872 5442 2008 5483 uxo-

428 5523 542 5563 rem
580 5508 855 5562 redactum
901 5515 1015 5574 est,
1049 5515 1110 5563 ut
1134 5506 1564 5579 dispensatorem
1609 5513 1853 5572 ecclesias
1895 5529 2002 5569 non

426 5596 585 5651 liceat
603 5597 873 5663 ordinare,
898 5598 1001 5653 nisi
1022 5598 1180 5655 unius
1199 5600 1384 5659 uxoris
1404 5599 1600 5656 virum.
1619 5601 1773 5670 Quod
1792 5604 2002 5664 acutius

427 5684 803 5743 hitellexeruut
827 5689 918 5759 qui
955 5703 1054 5747 nec
1084 5705 1207 5746 eum
1237 5691 1330 5761 qui
1353 5691 1775 5751 catechumenos
1801 5694 1885 5748 vel
1907 5710 2002 5764 pa-

2107 1887 2254 1944 bium
2293 1891 2387 1947 lib.
2414 1908 2501 1959 v1,
2533 1910 2649 1965 cap.
2683 1896 2788 1952 63:
2825 1917 2844 1949 ι
2871 1898 2929 1955 In
2972 1899 3088 1970 ipso
3118 1901 3173 1956 in
3217 1919 3325 1972 quo
3350 1902 3573 1972 jaeebat
3623 1908 3698 1963 le-

2106 1980 2252 2036 ctulo
2280 1983 2549 2053 perfusus,
2596 1988 2924 2058 baptismum
2966 1995 3232 2065 suscepit;
3262 1997 3307 2051 si
3356 2007 3539 2054 tamen
3588 2002 3698 2057 hu-v

2099 2067 2401 2139 juscemodi
2430 2075 2755 2146 baptismum
2802 2083 3104 2151 suscepisse
3150 2086 3407 2151 dicendus
3443 2098 3547 2145 est.
3583 2092 3691 2149 Sed

2108 2174 2283 2229 neque
2308 2172 2592 2234 postquam
2623 2167 2884 2225 liberatus
2908 2180 2994 2227 est
3021 2175 3229 2240 morbo,
3261 2177 3467 2247 reliqua
3506 2196 3695 2250 perce-

2108 2248 2189 2318 pit
2229 2265 2350 2319 qua:
2384 2253 2538 2320 juxta
2582 2256 3007 2315 ecclesiasticam
3053 2262 3292 2332 regulam
3345 2248 3552 2339 percipi
3601 2272 3693 2325 de.

2106 2337 2274 2392 bent:
2308 2354 2483 2411 neque
2522 2343 2590 2398 ab
2624 2345 2879 2420 episcopo
2918 2350 3270 2422 consignatus
3299 2363 3401 2409 est.
3437 2337 3552 2411 Hoc
3595 2374 3693 2413 an-

2109 2433 2220 2483 tem
2257 2428 2534 2499 signaculo
2568 2433 2789 2491 minime
2812 2448 3089 2511 percepto,
3116 2458 3225 2513 quo
3271 2446 3489 2502 tandem
3533 2452 3697 2505 modo

2111 2523 2375 2616 Spiritum
2426 2537 2675 2586 sanctum
2723 2535 2899 2604 potuit
2947 2538 3214 2608 accipere.
3241 2558 3262 2593 ι
3310 2539 3546 2598 Sanctus
3586 2544 3690 2616 Cy-

2107 2615 2330 2686 prianus
2359 2617 2415 2672 in
2446 2633 2532 2689 ep.
2564 2620 2632 2674 74
2659 2622 2725 2676 ad
2754 2621 3088 2696 Pompeium.
3116 2628 3285 2685 Vetus
3315 2640 3507 2688 auctor
3530 2615 3692 2705 quem

2111 2720 2216 2761 una
2260 2721 2384 2761 cum
2426 2707 2696 2779 Cypriane
2737 2713 2905 2769 edidit
2931 2716 3016 2770 vir
3072 2718 3142 2772 cl.
3172 2718 3236 2774 N.
3275 2720 3547 2792 Rigaltius
3572 2735 3694 2794 post

2109 2798 2396 2867 epistolam
2438 2802 2684 2859 citatam.
2715 2803 2833 2861 Non
2864 2819 3064 2879 negant
3093 2816 3272 2868 tamen
3303 2813 3610 2887 Cyprianus
3634 2829 3687 2879 et

2110 2886 2488 2961 Hieronymus,
2511 2905 2735 2965 cogente
2759 2902 3105 2968 necessitate,
3139 2912 3312 2960 totum
3334 2886 3589 2966 conferre
3614 2912 3693 2967 div

2108 2979 2231 3034 vina
2256 2983 2594 3053 compendia.
2626 2986 2741 3043 Hoc
2766 2990 2895 3046 dicit
2927 3002 3147 3050 sanctus
3187 2996 3495 3068 Cyprianus
3526 3004 3689 3058 etiam

2112 3067 2180 3123 de
2208 3069 2418 3127 clinicis
2458 3073 2513 3128 in
2547 3075 2705 3147 epist.
2736 3077 2804 3133 ad
2832 3078 3081 3151 Magnum
3111 3085 3178 3139 de
3215 3067 3564 3158 baptizandis
3592 3092 3691 3147 No-

2111 3161 2368 3228 vatianis;
2398 3171 2454 3219 et
2484 3165 2553 3221 de
2590 3167 2660 3224 iis
2692 3170 2784 3239 qui
2816 3171 2871 3226 in
2900 3173 3041 3230 lecto
3070 3178 3295 3247 gratiam
3344 3196 3687 3254 consequun-

2110 3254 2217 3305 tur.
2241 3269 2261 3302 ι
2288 3252 2345 3307 ln
2373 3260 2749 3324 sacramentis,
2775 3259 2968 3331 inquit,
2984 3264 3335 3333 salutaribus,
3368 3252 3689 3330 necessitate

2109 3350 2335 3411 cogente
2362 3352 2416 3399 et
2444 3347 2556 3401 Deo
2608 3347 2995 3421 indulgentiam
3022 3371 3175 3412 suam
3201 3358 3491 3430 largiente,
3517 3374 3688 3423 totum

2109 3436 2454 3493 credentibus
2477 3438 2763 3499 conferunt
2786 3442 2967 3500 divina
2989 3449 3327 3518 compendia.
3353 3471 3374 3505 ι
3407 3452 3564 3521 Quod
3598 3456 3692 3527 Cy-

2107 3524 2329 3593 prianus
2358 3527 2487 3582 dicit
2514 3528 2581 3584 de
2615 3530 2844 3597 clinicis,
2888 3534 2942 3587 id
2968 3533 3203 3592 allirmat
3231 3538 3602 3613 Hieronymus
3626 3524 3690 3601 de

2108 3614 2176 3670 iis
2205 3616 2296 3686 qui
2331 3618 2401 3673 ob
2434 3614 2727 3676 mmotiora
2756 3621 2870 3678 loca
2900 3641 2932 3680 a
2962 3628 3295 3699 presbyteris
3320 3631 3406 3686 vel
3448 3634 3689 3690 diaconi:

2107 3707 2366 3776 baptizati
2396 3711 2593 3765 mortui
2626 3721 2802 3780 erant,
2836 3716 3149 3786 priusquam
3178 3721 3247 3775 ab
3276 3722 3533 3794 episeopo
3566 3740 3688 3779 con.

2108 3795 2469 3852 ﬁrmarentur.
2503 3798 2595 3855 Sic
2618 3804 2830 3874 egregie
2855 3815 3078 3863 sanctus
3106 3806 3479 3881 Hieronymus
3497 3813 3685 3869 adver—

2109 3902 2203 3942 sus
2256 3887 2746 3948 Luciferanianos;
2785 3913 2804 3945 ι
2834 3893 2988 3962 Quod
3035 3898 3080 3953 si
3120 3898 3223 3955 hoc
3268 3900 3389 3957 loco
3443 3905 3686 3974 quaeris:

2108 3990 2277 4048 quare
2328 3982 2383 4036 in
2418 3981 2659 4039 Ecclesia
2694 3986 3021 4058 baptizatus,
3060 3991 3166 4046 nisi
3206 4008 3306 4063 per
3339 4010 3535 4052 manus
3572 4000 3686 4070 epi-

2109 4071 2276 4140 scopi,
2312 4087 2419 4127 non
2442 4074 2673 4145 accipiat
2700 4076 2959 4147 Spiritum
2985 4091 3252 4150 sanctum,
3281 4100 3445 4154 quem
3470 4104 3571 4144 nos
3598 4106 3683 4144 as-

2108 4162 2340 4218 serimus
2375 4165 2429 4219 in
2468 4180 2599 4222 vero
2639 4167 2962 4238 baptismate
2991 4174 3192 4229 tribui:
3226 4177 3374 4232 disce
3407 4179 3551 4236 hanc
3593 4184 3686 4237 ob—

2107 4252 2464 4308 servationem
2493 4269 2561 4309 ex
2584 4271 2646 4310 ea
2669 4259 2989 4315 auctoritate
3021 4261 3371 4331 descendere,
3399 4271 3543 4337 quod
3567 4280 3687 4340 post

2108 4355 2392 4396 ascensura
2423 4345 2637 4400 Domini
2675 4345 2911 4417 Spiritus
2944 4361 3164 4408 sanctus
3188 4355 3256 4409 ad
3284 4359 3557 4426 apostolos
3593 4362 3684 4416 de~

2035 4471 2086 4529 D
2113 4433 2360 4487 scendit:
2388 4442 2445 4490 et
2486 4437 2668 4493 multis
2697 4439 2749 4494 in
2782 4440 2916 4497 locis
2946 4429 3105 4500 idem‘
3135 4445 3439 4507 factitatum
3485 4456 3686 4526 reperi-

2111 4534 2233 4575 mus
2262 4520 2329 4575 ad
2378 4523 2638 4579 honorem
2667 4528 2847 4596 potius
2891 4534 3199 4603 sacerdotii,
3231 4553 3394 4607 quam
3440 4543 3510 4597 ad
3543 4520 3686 4613 legis

2110 4610 2509 4666 necessitatem.
2555 4614 2770 4686 Alioqui
2806 4619 2851 4674 si
2882 4622 2949 4675 ad
2980 4624 3217 4697 episcopi
3247 4636 3460 4685 tantum
3491 4610 3687 4704 impre-

2107 4700 2373 4755 cationem
2403 4701 2638 4773 Spiritus
2679 4716 2899 4765 sanctus
2926 4712 3130 4782 deﬂuit,
3174 4717 3390 4790 lugendi
3438 4700 3685 4795 sunt-qui

2106 4788 2162 4845 in
2188 4790 2436 4858 vinculis,
2465 4802 2557 4848 aut
2586 4795 2641 4852 in
2664 4799 2922 4866 castellis,
2945 4813 3039 4858 aut
3068 4804 3121 4861 in
3144 4788 3527 4870 remotioribus
3555 4788 3686 4871 locis

2100 4893 2204 4948 per
2230 4884 2571 4953 presbyteros
2594 4893 2653 4942 et
2684 4887 2941 4947 diaconos
2978 4894 3239 4966 baptizati
3282 4910 3411 4959 ante
3452 4907 3684 4962 donnie—

2104 4979 2262 5037 runt,
2290 4990 2451 5044 quam
2478 4978 2547 5032 ab
2571 4980 2835 5051 episcopis
2874 4984 3253 5045 invisercntur.
3280 4991 3466 5060 Quare
3511 5000 3686 5056 Theo-

2098 5060 2272 5117 dorus
2318 5064 2449 5119 dicit
2492 5069 2728 5136 capitulo
2753 5075 2825 5129 4:
2861 5091 2880 5124 ι
2910 5073 3124 5131 Nullum
3166 5079 3465 5149 perfectum
3511 5090 3687 5144 credi-

2100 5162 2231 5207 mus
2263 5153 2379 5208 sine
2406 5156 2813 5215 confirmatione
2839 5162 3075 5235 episcopi
3104 5186 3118 5221 :
3152 5176 3331 5228 tamen
3359 5190 3469 5230 non
3496 5176 3686 5246 despue.

2104 5253 2311 5299 ramus.
2339 5260 2357 5293 ι

2177 5326 2636 5400 Conﬁrmationem
2684 5339 2911 5411 episcopi
2958 5359 3063 5400 non
3112 5348 3466 5421 disputamus.
3526 5356 3682 5414 Nunc

2107 5418 2424 5477 Theodorus
2450 5425 2669 5483 natione
2695 5428 2916 5489 Graecus
2950 5436 3165 5494 videtur
3190 5418 3434 5502 indicare
3456 5449 3680 5506 Patrum

2104 5510 2417 5572 Graecorum
2461 5524 2785 5579 sententiam
2815 5567 2830 5591 ,
2862 5529 2954 5598 qui
2986 5533 3174 5600 dicunt
3215 5538 3548 5611 baptismum
3573 5548 3678 5601 tria

2104 5606 2456 5677 signiﬁcare:
2503 5612 2838 5702 tinctionem,
2892 5620 3166 5681 hominem
3212 5606 3319 5687 fide
3365 5634 3677 5702 imbutum;

2104 5696 2447 5766 mersionem,
2493 5700 2733 5761 ablutum
2763 5707 3012 5768 sordibus
3039 5723 3094 5769 et
3118 5719 3344 5775 maculis
3368 5744 3382 5785 :
3413 5696 3677 5783 emersit);
