3968 6180
341 345 488 413 Ηΰῦ

1478 339 2050 402 οΒεΕιιγΑτιοΝΕε
2088 339 2176 394 ΕΤ
2215 338 2449 395 NOTAE.

3457 348 3590 429 ιιειτ

342 478 495 526 ιιειιι,
527 467 933 532 resurgentem;
958 472 1021 514 ac
1037 458 1265 529 proinde
1294 458 1362 514 ab
1387 456 1494 513 illis
1517 458 1698 513 vocari
1729 456 1926 512 illumi-
1953 459 2001 519 Α
2026 450 2346 506 Arausicani
2365 467 2470 506 non
2491 452 2681 521 repeti.
2709 451 2860 508 Unde
2885 453 3119 510 fortasse
3141 455 3361 525 quidam
3387 464 3439 533 ct
3466 471 3591 529 auc:

341 553 638 623 nationem,
666 550 962 614 lavacrum,
984 547 1302 619 perfectum,
1334 556 1388 603 et
1409 548 1706 618 perfectum
1729 546 1816 600 cui
1845 545 1924 598 ni-

344 643 421 700 hil
447 643 617 696 deest.
635 640 764 698 Post
793 648 1038 695 sanctum
1061 638 1324 694 Iustinum
1356 641 1408 693 in
1436 638 1538 693 line
1562 637 1832 708 Apologia:
1860 651 1921 698 ll,

340 731 398 802 in
421 730 602 795 editis,
618 731 712 785 sed
733 744 851 798 qua:
866 729 1036 799 prima
1051 738 1134 783 est
1155 729 1310 798 juxta
1333 729 1651 793 Eusebium;
1677 735 1921 798 sanctum

337 821 698 891 Theophilum
713 819 1103 874 Antiochenam
1124 819 1192 873 ad
1206 818 1508 873 Autolicum
1529 818 1624 892 lib.
1653 833 1714 881 ιι,
1735 824 1921 884 contra

339 906 664 965 Christianae
707 907 982 977 religionis
1042 906 1489 972 calumniatores;
1533 915 1779 977 sanctum
1811 905 1921 976 Ire:-

335 1014 521 1062 nzeum
549 999 671 1053 libr.
703 1015 741 1052 ιι
780 998 1042 1052 adversus
1076 998 1309 1052 haereses
1338 1012 1458 1066 cap.
1491 997 1574 1058 19,
1609 997 1711 1050 ista
1745 995 1920 1049 mani-

340 1093 635 1148 festissime
684 1091 926 1145 declarat
974 1098 1196 1155 sanctus
1232 1088 1480 1145 Clemens
1531 1087 1919 1141 Alexandrinus

335 1184 467 1247 libr.
520 1200 536 1238 ι
572 1183 808 1252 Pmdag.,
830 1198 950 1254 cap.
979 1181 1030 1249 6,
1056 1182 1142 1244 his
1164 1182 1382 1237 verbis:
1415 1201 1432 1233 ι
1469 1181 1578 1248 [loc
1619 1181 1794 1258 ipsum
1819 1195 1916 1233 no-

341 1277 430 1331 bis
466 1291 681 1346 quoque
703 1277 901 1341 evenit,
929 1289 1159 1344 quorum
1202 1273 1478 1348 exemplar
1505 1261 1912 1347 fuit-Dominus.

330 1367 537 1431 Tincti,
569 1366 964 1429 illuminamur;
996 1364 1299 1428 illuminati,
1322 1364 1373 1416 in
1400 1363 1537 1418 filios
1564 1362 1913 1432 adoptamur;

326 1454 604 1527 adeptati,
627 1453 969 1523 perfieimur;
993 1451 1240 1522 perfecti,
1269 1452 1600 1512 immortales
1616 1452 1912 1529 reddimnr.

338 1541 524 1609 Multis
562 1550 742 1596 autem
770 1541 943 1596 modis
986 1549 1211 1594 vocatur
1241 1542 1345 1595 hoc
1367 1556 1524 1610 opus,
1575 1541 1770 1609 gratia,
1800 1541 1915 1600 illue

331 1633 582 1698 minatio,
599 1630 919 1702 perfectum,
943 1640 998 1686 et
1017 1631 1312 1692 lavacrum.
1338 1630 1640 1686 Lavacrum
1669 1630 1908 1709 quidem,

329 1741 435 1799 per
461 1726 605 1797 quod
647 1734 874 1795 peccata
920 1725 1315 1801 abstergimus;
1347 1725 1520 1795 gratia
1566 1733 1768 1787 autem,
1802 1737 1908 1793 qua

2023 545 2244 600 toritate
2266 545 2436 599 sancti
2465 543 2706 615 Gregorii
2737 545 2950 615 impulsi
2980 548 3231 602 dixerunt
3266 550 3320 603 in
3343 564 3472 604 casu
3500 567 3592 605 ne-

2021 634 2314 704 cessitatis,
2343 644 2398 688 et
2424 636 2476 687 in
2503 635 2821 705 quibusdam
2849 637 2981 693 locis
3001 628 3335 710 presbyteris
3369 656 3592 696 conces-

2021 739 2136 793 sam
2160 724 2322 780 fuisse
2343 725 2697 802 confirmandi
2723 736 3046 796 potestatem
3209 711 3214 720 '

2021 831 2224 912 Selecta
2255 850 2324 912 es
2343 833 2474 912 [illm
2496 851 2621 912 _ms.
2657 836 3128 912 _dc_Sacra_mentis
3172 843 3408 912 magistri
3441 842 3590 899 Petri

2108 901 2351 956 Cantoris
2379 904 2695 980 Parisiensis
2721 907 2784 960 de
2811 909 3230 975 conﬁrmatione,
3259 901 3377 982 ἓαρ.
3407 912 3498 967 50.

2089 988 2218 1048 Post
2249 989 2596 1074 baptismum,
2637 995 2728 1070 qui
2775 1005 2934 1071 porta
2969 1006 3053 1052 est
3100 1011 3583 1070 sacramentorum,

2019 1081 2266 1151 sequitur
2293 1077 2652 1140 conﬁrmatio.
2685 1088 2762 1164 De
2805 1088 2908 1142 hac
2955 1091 3216 1159 quaeritur
3239 1092 3434 1161 primo,
3467 1077 3589 1164 eum

2018 1173 2087 1226 ad
2136 1173 2427 1243 discipulos
2471 1175 2614 1230 solos
2668 1161 3006 1246 pertinuerit,
3035 1190 3090 1236 et
3117 1190 3240 1251 post
3284 1183 3351 1238 ad
3397 1161 3586 1240 eorum

2018 1279 2359 1343 successores
2401 1261 2708 1346 specialiter
2739 1285 2752 1333 ;
2800 1271 2940 1325 unde
2969 1280 3023 1326 et
3061 1272 3203 1327 inter
3249 1259 3589 1346 sacramenta

2017 1353 2292 1428 dignitatis
2342 1342 2690 1421 numeratur;
2741 1359 3013 1432 quomodo
3059 1359 3349 1432 Gregorius
3378 1376 3404 1402 α
3456 1342 3588 1423 illud

2015 1442 2294 1517 celebrare
2331 1446 2581 1515 permisit
2607 1431 2940 1517 simplicibus
2969 1431 3341 1506 sacerdotibus
3369 1445 3590 1522 propter

2013 1537 2394 1606 necessitatem
2450 1549 2733 1611 urgentem
2795 1558 2861 1597 ex
2905 1545 3131 1613 penuria
3189 1547 3584 1617 episcoporum.

2013 1628 2198 1700 Neque
2219 1631 2363 1693 enim
2415 1633 2469 1687 in
2498 1633 2618 1701 aliis
2647 1640 3002 1714 sacramentis
3031 1640 3335 1714 audivimus
3361 1635 3454 1696 aut
3476 1623 3593 1698 cre-

2013 1721 2212 1788 dimus,
2237 1723 2378 1793 quod
2397 1733 2639 1797 potestas
2659 1741 2723 1780 ea
2743 1713 3047 1785 celebrandi
3073 1729 3370 1799 secundum
3392 1740 3589 1812 statum

331 1803 681 1885 remittuntur
703 1829 873 1887 pmna:
901 1830 1020 1884 quae
1043 1815 1281 1886 peccatis
1328 1813 1624 1878 debentur;
1652 1813 1914 1886 illumina-
1945 1804 1988 1868 Β
2014 1819 2069 1866 ει
2091 1810 2458 1887 conditionem
2481 1830 2836 1884 personarum
2867 1817 3266 1876 conferentium
3303 1822 3475 1890 possit
3501 1803 3580 1891 di-Q

329 1907 412 1967 lio
449 1916 630 1960 autem
659 1947 674 1972 ,
706 1922 802 1975 per
831 1921 992 1974 quam
1036 1915 1282 1960 sanctam
1331 1905 1477 1958 illam
1520 1913 1575 1959 et
1620 1905 1911 1980 salutarem

328 1994 512 2050 lucem
527 1996 820 2060 intuemur,
850 1996 953 2057 hoc
975 2002 1077 2060 εει,
1107 2009 1203 2066 per
1232 2009 1394 2063 quam
1418 1994 1470 2048 id
1499 1994 1639 2062 quod
1669 2001 1752 2048 est
1778 1992 1913 2065 divi-

333 2100 464 2138 num
485 2085 839 2156 perspicimus
865 2076 1390 2154 ;perfectumautem
1415 2083 1664 2152 dicimus,
1679 2083 1763 2145 cui
1779 2081 1914 2137 nihil

332 2173 507 2228 deest.
541 2193 560 2225 ι
589 2169 792 2242 Quibus
806 2173 989 2244 plures
1005 2173 1298 2248 aliil’atres
1323 2172 1495 2228 Graeci
1521 2174 1906 2228 assentiuntur.

325 2260 598 2329 Origenes
636 2262 1002 2316 Commentar.
1057 2263 1111 2317 in
1160 2261 1454 2327 Joannem,
1503 2270 1636 2317 tom.
1688 2261 1730 2336 ll
1778 2263 1906 2320 edit.

324 2349 522 2426 ‘Huetq
564 2367 688 2422 pag.
731 2352 872 2428 ιει;
922 2361 1142 2424 sanctus
1168 2353 1518 2421 Athanasius,
1569 2353 1622 2407 in
1665 2354 1910 2408 oratione

323 2451 523 2510 contra
567 2442 798 2516 Arianos
849 2444 904 2498 in
951 2445 1067 2500 hinc
1091 2444 1466 2498 verbazDeus
1518 2454 1593 2498 est
1645 2443 1908 2511 Verbum;

332 2541 554 2587 sanctus
583 2533 811 2587 Basilius
838 2534 891 2587 in
917 2533 1136 2588 homilia
1169 2533 1235 2588 de
1256 2533 1604 2604 Baptismate,
1629 2545 1685 2589 et
1708 2551 1911 2592 sermo-

328 2638 406 2693 με
428 2623 482 2690 2,
525 2639 644 2693 cap.
677 2625 736 2689 l;
792 2631 1008 2679 sanctus
1054 2623 1349 2694 Gregorius
1384 2623 1757 2699 Nazianzenus
1791 2665 1806 2694 ,
1853 2625 1910 2681 in

328 2720 478 2778 erat.
506 2712 559 2766 in
585 2721 829 2767 sanctum
858 2713 1148 2789 baptisma,
1173 2721 1278 2786 etc.
1306 2712 1602 2785 Fatendum
1629 2722 1806 2784 tamen
1828 2720 1912 2767 est

331 2801 530 2857 Patres
557 2804 771 2862 concilii
801 2803 1084 2861 Laudiceni
1112 2804 1284 2871 videri
1313 2803 1473 2857 aliter
1509 2802 1655 2872 loqui
1679 2818 1796 2858 can.
1816 2803 1907 2859 48.

411 2893 606 2961 Tamen
631 2895 686 2946 in
709 2893 929 2960 Nicwna
947 2895 1146 2964 synodo
1168 2894 1267 2963 fuit
1292 2893 1518 2946 chrisma
1542 2879 1901 2945 constitutum.

333 2981 483 3038 Istud
498 2997 604 3038 non
621 2983 889 3052 reperitur
904 2984 1046 3038 inter
1069 2985 1286 3039 decreta
1300 2968 1527 3038 Nicamae
1549 2984 1759 3053 synodi.
1776 2983 1906 3036 Por-

329 3088 402 3150 ro
423 3074 670 3142 qucedam
691 3083 818 3148 sunt
856 3091 975 3144 qua:
997 3076 1137 3129 inter
1157 3075 1226 3152 20
1247 3090 1482 3147 canones
1503 3090 1608 3129 non
1630 3074 1904 3150 leguntur,

2015 1901 2174 1972 latari
2200 1903 2284 1958 vel
2311 1905 2553 1960 coerceri
2579 1923 2591 1957 :
2624 1907 2892 1975 quomodo
2921 1922 3050 1977 ergo
3071 1909 3124 1962 in
3153 1909 3258 1967 hoc
3286 1925 3592 1984 saeramen:

2013 1999 2067 2047 to
2094 1993 2435 2069 singulariter
2477 1994 2651 2063 potuit
2699 2004 2853 2050 extra
2893 1996 3180 2066 przedictos
3220 1985 3419 2055 limites
3441 2001 3586 2069 posig

2014 2089 2098 2137 tos
2127 2082 2245 2138 fieri
2273 2083 2536 2148 dilatatio,
2566 2095 2620 2138 et
2648 2071 2835 2163 postea
2875 2086 2926 2139 in
2952 2069 3187 2163 primum
3210 2095 3408 2142 statum
3436 2072 3589 2160 revoj-

2008 2173 2190 2240 eatio?
2218 2172 2457 2253 Rursum
2487 2175 2588 2228 hoc
2608 2160 2991 2232 attendendum
3011 2179 3152 2253 quod
3180 2191 3302 2231 cum
3328 2193 3436 2232 una
3467 2195 3584 2248 mu:

2009 2263 2144 2341 tatio
2162 2261 2305 2318 facta
2333 2271 2437 2328 εει,
2470 2278 2536 2336 ex
2563 2279 2727 2331 causa
2765 2264 3001 2340 evidenti
3028 2252 3091 2320 ²ει
3124 2272 3274 2320 certa
3307 2265 3450 2322 facta
3477 2276 3582 2324 est.

2013 2350 2119 2412 Sed
2151 2353 2329 2420 posito
2353 2355 2499 2423 quod
2544 2355 2702 2433 hodie
2742 2355 3044 2426 presbyteri
3094 2355 3321 2426 alicujus
3349 2358 3586 2433 regionis

2008 2442 2092 2496 vel
2107 2444 2396 2512 provincia:
2417 2459 2522 2500 non
2537 2445 2796 2518 habentes
2819 2445 3029 2512 copiam
3045 2445 3304 2515 episcopi,
3329 2441 3438 2500 tale
3452 2448 3582 2517 quid

2015 2533 2236 2611 exigant
2271 2548 2528 2588 asummo
2559 2534 2810 2604 pontifice
2840 2541 2893 2590 et
2919 2534 3230 2589 obtineant:
3259 2536 3350 2610 alii
3394 2521 3582 2606 parem

2008 2612 2387 2682 necessitatem
2415 2632 2472 2678 et
2505 2623 2666 2694 paulo
2697 2611 2956 2692 majorem
2989 2625 3225 2695 allegent
3263 2634 3320 2680 et
3358 2641 3466 2681 non
3492 2629 3588 2698 ob:

2007 2713 2238 2787 tineam.
2271 2712 2464 2789 Quaero
2485 2708 2613 2784 ergo
2640 2728 2709 2768 an
2737 2714 3034 2792 prmvalere
3059 2715 3254 2797 debeat
3273 2715 3357 2770 vel
3384 2719 3587 2802 attendi

2009 2801 2066 2856 in
2089 2802 2193 2858 hoc
2216 2801 2583 2872 dispensantis
2601 2798 2916 2877 auctoritas,
2941 2821 3010 2858 an
3033 2821 3198 2861 causa
3228 2798 3584 2882 dispensatio-3

2009 2893 2116 2960 nis,
2141 2908 2210 2950 an
2241 2894 2331 2948 illa
2359 2895 2466 2948 duo
2486 2896 2718 2968 pariter;
2820 2881 2822 2883 i

2010 3003 2215 3080 Selecta
2243 3020 2307 3058 ea:
2333 3002 2689 3081 Paenitentiali
2722 3021 2820 3081 ms.
2858 3005 3097 3075 magistri
3116 3005 3336 3081 _Roberti
3358 3008 3422 3062 dc
3457 3007 3584 3081 Fla;

2100 3073 2106 3080 ’
2399 3077 2404 3081 ’
2457 3075 2712 3154 mesbure,
2734 3072 2824 3128 lib;
2854 3072 3079 3145 nlfcap.
3108 3077 3159 3129 1.
3294 3083 3298 3088 ’

419 3165 692 3233 decretum
716 3145 779 3220 de
793 3142 930 3221 festo
943 3142 1338 3241 Paschae,apud
1358 3142 1914 3228 Eusebium,etAtba-
1934 3142 1984 3205 C
2083 3161 2442 3239 instituuntur
2466 3171 2643 3216 autem
2673 3152 2902 3218 ministri
2929 3142 3184 3220 Ecclesiae
3218 3183 3321 3221 non
3355 3183 3385 3222 a
3416 3169 3587 3243 quell,-

331 3257 728 3326 pasium,ctc.;
755 3257 1027 3311 decretum
1047 3256 1117 3328 de
1140 3257 1483 3326 actisprioris
1507 3256 1762 3331 synodiin
1778 3256 1911 3310 alte—
2010 3252 2123 3318 bet,
2155 3253 2250 3306 sed
2281 3253 2349 3307 ab
2400 3253 2650 3323 episeopo
2706 3270 2822 3336 suo,
2855 3255 2940 3308 vel
2989 3257 3309 3323 sacerdote;
3356 3267 3413 3312 ut
3450 3260 3582 3338 ordo

337 3365 402 3420 ra
429 3350 633 3422 synodo
677 3348 1048 3402 examinandis
1081 3366 1093 3400 :
1123 3347 1274 3415 cujus
1302 3347 1549 3400 meminit
1573 3344 1747 3400 Julius
1772 3361 1910 3416 papa
2010 3342 2323 3422 psalmistae,
2356 3344 2468 3398 sive
2497 3343 2584 3397 ille
2625 3345 2716 3413 qui
2757 3333 2956 3400 dicitur
2998 3361 3200 3401 corona
3224 3349 3364 3418 apud
3410 3333 3584 3418 nos,a

331 3439 396 3496 in
425 3440 648 3511 epistola
682 3455 844 3509 quam
866 3446 1084 3492 sanctus
1120 3437 1448 3492 Athanasius
1483 3437 1666 3490 retulit
1686 3437 1740 3490 in
1778 3451 1908 3506 apo-
2009 3435 2329 3491 Lomhardis
2363 3435 2580 3493 clerico.
2629 3435 2770 3505 Olim
2823 3453 2854 3491 a
2915 3437 3147 3510 simplici
3205 3425 3588 3497 cnnferebatur

336 3527 476 3600 logia
509 3545 570 3585 ιι.
601 3517 728 3592 [late
751 3529 966 3592 decreta
989 3543 1107 3596 qua:
1132 3543 1161 3581 a
1187 3528 1436 3601 Patribus
1461 3528 1913 3598 commendantur
2012 3527 2315 3605 sacerdote,
2345 3535 2400 3580 et
2428 3526 2605 3580 adhuc
2643 3527 2802 3581 hodie
2842 3527 2896 3581 in
2923 3527 3242 3608 Alemannia
3287 3530 3584 3588 confertur.

338 3619 433 3689 qui
470 3619 675 3689 synodo
701 3618 1081 3698 interfuerunt,
1107 3627 1201 3672 aut
1239 3620 1330 3688 qui
1364 3618 1476 3673 fere
1502 3619 1745 3689 ejusdem
1787 3629 1914 3673 tem-

334 3711 508 3791 poris,
541 3710 787 3764 maxima:
809 3718 934 3780 sunt
979 3710 1319 3777 auctoritatis
1346 3728 1358 3763 :
1386 3711 1612 3765 minoris
1639 3724 1787 3788 vero,
1821 3717 1914 3778 aut

333 3817 507 3882 prope
521 3801 741 3878 nullius,
757 3816 877 3871 qua:
890 3801 1249 3882 posteriorum
1265 3801 1572 3877 testimonio
1585 3801 1909 3877 fnleiuntur;

2013 3615 2417 3690 Gonfirmabant
2452 3615 2616 3669 etiam
2648 3615 2776 3690 olim
2809 3617 3080 3696 simplices
3109 3618 3436 3673 sacerdotes.

2083 3705 2296 3775 Singuli
2341 3705 2649 3784 suscipiunt.
2704 3704 2806 3785 Qui
2859 3707 3160 3777 suscipiunt
3207 3708 3259 3762 in
3313 3709 3582 3786 baptismo

2011 3813 2285 3871 sponsores
2310 3805 2466 3869 vocat
2491 3796 2851 3873 Tertullianus
2894 3797 3019 3852 libr.
3045 3799 3110 3853 de
3133 3798 3428 3869 Baptismo,
3462 3816 3583 3876 cap.

333 3877 517 3962 qualia
542 3893 650 3962 sint
674 3877 897 3967 decreta
911 3907 1028 3963 qua:
1054 3891 1303 3966 leguntur
1318 3891 1456 3960 apud
1473 3889 1792 3959 Gregorium
1808 3891 1912 3944 Tu-
2014 3888 2114 3941 l7:
2153 3905 2170 3937 ι
2206 3887 2344 3958 Quid
2368 3887 2512 3965 enim
2543 3901 2766 3956 necesse
2809 3896 2891 3942 est
2917 3904 3206 3958 sponsores
3236 3880 3420 3968 etiam
3444 3877 3586 3962 peri-

333 3998 647 4060 ronensem,
667 3991 720 4058 et
736 3982 860 4054 alia,
879 3982 1027 4038 verbi
1047 3983 1222 4052 gratia
1236 3983 1301 4036 de
1323 3981 1464 4035 notis
1487 3981 1787 4053 litterarum
1804 3981 1913 4035 for-
2012 3977 2134 4044 culo
2158 3977 2367 4050 ingeri?
2404 3995 2422 4028 ι
2451 3977 2567 4043 Qua
2595 3979 2917 4034 auctoritate
2951 3979 3356 4059 demonstratur
3383 3979 3589 4060 in'bap7-

339 4055 612 4149 maturum
642 4055 1100 4148 .a'recentioﬂribus
1126 4071 1315 4126 relata.
1427 4071 1623 4141 quibus
1649 4072 1793 4125 enim
1822 4071 1911 4136 illa
2012 4069 2173 4122 tismo
2203 4081 2490 4136 sponsores
2512 4068 2786 4132 adhibere,
2829 4067 2932 4121 hoc
2953 4073 3073 4121 esSe
3095 4067 3150 4120 in
3175 4055 3423 4150 Ecclesia
3443 4065 3585 4129 anti-

337 4168 665 4243 aceeperint,
693 4166 848 4221 valde
871 4166 1135 4240 incertum
1158 4173 1260 4238 est.
1292 4163 1398 4220 Sed
1427 4163 1493 4218 ad
1521 4162 1798 4232 cujusnam
1824 4179 1914 4238 ge—
2012 4156 2351 4231 quissimum.
2397 4155 2676 4221 Quodnam
2723 4169 2853 4227 vero
2879 4168 3197 4235 sponsorum
3233 4155 3305 4225 sit
3328 4155 3582 4221 cilicium,

339 4258 489 4332 peris
514 4258 729 4312 decreta
756 4255 1096 4312 referendum
1136 4255 1208 4310 sit
1236 4256 1339 4322 hoc
1369 4256 1743 4331 constitutum,
1773 4253 1911 4327 ditii-
2013 4245 2543 4325 doeeturaPatribus
2555 4244 2765 4299 concilii
2783 4242 3174 4326 Calchuteusis,
3192 4246 3380 4308 cau.2,
3400 4254 3591 4318 etconf

337 4348 444 4420 cile
467 4355 553 4403 est
574 4345 857 4401 afﬁrmare.
888 4346 1166 4413 Quomodo
1185 4347 1330 4423 enim
1363 4347 1418 4402 in
1462 4345 1680 4401 Nicatna
1708 4345 1913 4420 synodo
2013 4340 2121 4396 cilii
2144 4340 2467 4394 Parisiensis
2502 4355 2579 4415 vi,
2609 4355 2732 4394 can.
2757 4338 2824 4395 7;
2863 4357 2882 4406 ι
2926 4337 3171 4406 Qualiter
3191 4347 3374 4394 autem
3405 4340 3459 4393 hi
3491 4354 3584 4410 qut

339 4439 580 4495 chrisma
605 4437 976 4510 constitutum,
1006 4437 1072 4491 de
1097 4452 1204 4506 quo
1217 4436 1428 4510 locutus
1444 4443 1529 4491 est
1549 4435 1914 4509 Tertullianus
1945 4492 1992 4510 ἢ
2015 4433 2081 4488 de
2129 4447 2283 4487 sacro
2331 4431 2477 4486 fonte
2506 4431 2640 4486 alios
2669 4431 2968 4502 suscipiunt
3016 4432 3284 4486 instruere
3331 4430 3584 4493 debeant,

341 4525 751 4597 antiquissimus
775 4508 989 4580 inllibro
1017 4525 1083 4594 de
1103 4508 1394 4601 Baptismo,
1420 4539 1539 4596 cap.
1563 4524 1594 4578 7
1614 4533 1670 4580 et
1694 4508 1813 4578 aliis
1832 4523 1913 4578 lo-

341 4618 442 4673 cis.
473 4615 592 4671 Non
616 4615 770 4690 video
796 4614 960 4687 igitur
1002 4615 1132 4689 quid
1152 4610 1254 4669 hoc
1284 4615 1403 4670 loco
1429 4615 1628 4670 sentiat
1663 4613 1912 4668 Theodo-

340 4719 461 4782 rus,
495 4706 600 4781 nisi
639 4705 824 4774 forsan
848 4700 1117 4776 intelligat
1137 4703 1192 4758 id
1217 4704 1359 4773 quod
1401 4719 1431 4757 a
1462 4702 1739 4776 Sylvestro
1772 4719 1912 4774 papa

339 4799 492 4869 circa
541 4805 787 4870 tempora
809 4794 1040 4870 Nicaeum
1089 4795 1277 4870 synodi
1326 4801 1581 4849 statutum
1607 4795 1687 4849 sic
1715 4795 1914 4855 dicitur

341 4890 399 4966 in
415 4887 594 4964 Gestis
605 4873 919 4963 pontificum
937 4906 950 4942 :
976 4907 993 4938 ‹
1005 4885 1175 4965 ilicet
1189 4886 1292 4940 hoc
1306 4883 1588 4940 constituit
1600 4894 1660 4940 ut
1673 4885 1916 4962 baptiza-

343 4986 462 5048 tum
475 4971 630 5044 linia't
649 4977 934 5059 presbyter
944 4979 1236 5033 chrismate
1256 4976 1489 5046 levatum
1511 4974 1578 5031 de
1597 4989 1736 5050 aqua
1757 4989 1918 5067 prop-

344 5076 434 5124 ter
458 5066 758 5144 periculum
771 5068 984 5122 mortis.
999 5086 1017 5119 ι
1039 5065 1219 5134 Quare
1247 5067 1334 5120 ille
1361 5066 1502 5120 foret
1523 5078 1713 5124 sensus
1737 5082 1749 5117 :
1778 5063 1919 5141 Gon-

321 5153 711 5232 ﬁrmationem
736 5154 972 5226 episcopi
1001 5169 1109 5210 non
1131 5154 1490 5225 disputamus,
1516 5161 1697 5231 tamen
1727 5167 1759 5206 a
1803 5151 1923 5224 Syl-

346 5255 532 5304 westro
569 5263 706 5319 papa
731 5248 1086 5305 constitutum
1115 5253 1221 5312 εει,
1272 5259 1374 5300 nec
1395 5258 1425 5299 a
1465 5241 1684 5321 Nicatna
1719 5243 1924 5314 synodo

347 5336 714 5407 reprobatum,
743 5345 806 5392 ut
830 5335 1133 5409 presbyteri
1176 5333 1481 5412 baptizatos
1509 5331 1731 5404 linirent
1777 5331 1924 5386 chri-

348 5431 539 5487 smatis
589 5432 841 5488 unctione
872 5471 886 5497 ,
937 5445 1099 5508 quam
1145 5429 1346 5508 placuit
1407 5428 1660 5484 Patribus
1711 5426 1925 5483 concilii

421 5588 766 5658 'Gregorius
791 5590 834 5654 l,
885 5589 980 5646 lib.
1010 5605 1091 5658 ιιι,
1138 5589 1300 5658 epist.
1349 5586 1441 5650 26,
1492 5584 1559 5658 ad
1608 5582 1926 5658 Ianuarium

349 5655 666 5729 episcOpum
689 5655 1096 5722 Caralitanum“;
1135 5679 1153 5710 ι
1173 5655 1291 5714 ’ὃεᾱ
1319 5657 1366 5713 si
1381 5655 1611 5729 omnino
1637 5656 1740 5710 hac
1773 5656 1852 5729 de_
1871 5670 1930 5710 re

350 5726 520 5810 gliqui
541 5726 958 5814 contristantur,
986 5729 1333 5808 ubi'episcopi
1363 5728 1578 5789 desunt,
1629 5732 1690 5779 ut
1713 5726 1929 5796 presby-

2017 4525 2208 4579 heatus
2240 4522 2570 4592 Augustinus
2615 4521 2670 4576 in
2707 4536 2956 4577 sermone
3006 4522 3191 4577 habito
3222 4522 3289 4576 ad
3329 4521 3583 4591 populum

2017 4613 2390 4689 demonstrat,
2420 4613 2642 4672 dicens:
2675 4611 2990 4682 Quicunque
3027 4613 3194 4683 igitur
3242 4613 3343 4667 viri
3377 4653 3392 4677 ,
3433 4599 3583 4693 quiet:-

2019 4721 2233 4786 cunque
2267 4705 2523 4785 mulieres
2565 4705 2632 4761 de
2661 4719 2820 4760 sacro
2861 4703 3008 4759 fonte
3059 4704 3199 4758 filios
3235 4702 3590 4787 spiritualiter

2019 4811 2391 4876 susceperunt,
2415 4808 2747 4872 cognoscant
2768 4814 2825 4854 se
2846 4814 2944 4870 pro
2965 4797 3044 4853 eis
3066 4795 3407 4876 fideiussores
3427 4796 3591 4876 exsti-

2022 4891 2154 4954 tisse
2174 4890 2315 4959 apud
2343 4889 2532 4944 Deum.
2558 4889 2627 4944 Et
2651 4889 2704 4942 in
2726 4903 2791 4943 eo
2815 4902 3036 4942 necesse
3057 4894 3140 4962 est
3171 4895 3231 4941 ut
3253 4901 3467 4956 semper
3492 4884 3596 4940 illis

2021 4962 2434 5033 sollicitudinem
2484 4992 2628 5033 verte
2680 4977 2963 5033 charitatis
3015 4976 3348 5053 impendant,
3402 4975 3590 5053 admot—

2020 5076 2203 5133 neant,
2224 5075 2280 5123 et
2305 5069 2594 5139 castigent,
2627 5075 2788 5139 atque
2816 5052 3122 5138 corripiant.
3147 5083 3161 5132 ;
3184 5075 3243 5120 ut
3284 5052 3592 5146 castitatem

2023 5159 2350 5224 custodiant,
2389 5158 2754 5229 virginitatem
2782 5147 2974 5229 usque'
3001 5157 3068 5212 ad
3099 5145 3312 5234 nuptias
3352 5145 3590 5234 εει-νειμ,

2023 5261 2078 5306 ει
2108 5251 2323 5306 caeteris
2359 5250 2518 5306 bonis
2558 5250 2812 5333 operibus
2842 5245 3004 5304 dediti
3064 5247 3190 5300 sint.
3222 5244 3280 5298 In
3315 5244 3418 5297 hoc
3440 5235 3592 5312 quip-

2025 5341 2281 5412 pefacto,
2319 5342 2384 5396 de
2413 5357 2521 5410 quo
2547 5341 2747 5412 agitur,
2781 5345 3040 5410 quantum
3067 5350 3095 5389 a
3139 5333 3401 5403 religione
3439 5332 3593 5406 Chri—_

2027 5436 2204 5490 stiana
2228 5413 2526 5514 discessum
2557 5415 2657 5509 sit,
2689 5421 2922 5504 ignorari
2956 5426 3037 5482 fas
3057 5440 3165 5481 non
3191 5432 3292 5479 εει.
3329 5443 3349 5477 ι

2031 5591 2131 5650 teri
2166 5590 2329 5643 etiam
2366 5589 2419 5642 in
2451 5586 2715 5658 frontibus
2743 5582 3046 5654 baptizatos
3083 5579 3379 5636 chrismate
3412 5584 3596 5658 tange?

2034 5675 2091 5714 re
2129 5660 2357 5714 debeant
2411 5655 2778 5716 concedimus.
2810 5673 2828 5705 ι
