3968 6180
432 346 457 403 Ι
471 344 571 401 135

1031 477 1266 534 CAPUT
1310 478 1370 533 V.

872 588 948 643 De
970 591 1128 643 missa
1159 590 1546 659 defunctorum.

498 702 799 761 Secundum
828 702 1118 757 Romanam
1161 701 1472 757 Ecclesiam.
1502 702 1579 758 Ne
1598 705 1708 758 'sim
1734 702 1996 774 prolixior

423 798 476 851 in
522 796 869 854 recensendis
914 793 1109 848 ritibus
1158 792 1410 848 Ecclesiae
1447 793 1704 848 Romanae
1733 793 1880 847 circa
1904 806 1993 847 se-

418 887 688 957 pulturas,
711 893 765 941 et
793 883 1083 948 Africanae,
1131 897 1251 952 qua:
1276 882 1578 938 Ecclesium
1602 883 1907 937 Romanam
1939 882 1994 936 in

412 980 696 1051 plerisque
722 986 908 1035 secuta
927 984 1032 1041 est,
1050 975 1173 1030 vide
1202 975 1593 1030 Tertullianum
1617 976 1671 1029 in
1685 974 1991 1045 Apologet.,

418 1086 540 1141 cap.
572 1069 677 1137 40;
698 1068 837 1124 libro
876 1067 940 1122 de
968 1064 1299 1130 ldololatria,
1326 1080 1376 1119 c.
1404 1064 1465 1118 11
1496 1080 1512 1129 ;
1557 1064 1837 1133 epistolam
1865 1063 1996 1119 cieri

420 1162 653 1218 Romani
700 1162 770 1217 ad
799 1160 1002 1215 clerum
1043 1156 1529 1227 Carthaginensem
1556 1155 1623 1209 de
1650 1169 1861 1210 secessu
1894 1152 1996 1224 Cy-

417 1255 617 1324 priani,
647 1268 767 1324 quae
802 1260 885 1307 est
912 1252 1053 1305 inter
1100 1248 1269 1319 ipsius
1309 1245 1564 1317 epistolas
1610 1245 1682 1310 2;
1711 1244 1995 1315 epistolam

420 1346 677 1418 Cypriani
693 1344 785 1410 57,
808 1345 937 1399 edit.
965 1340 1166 1411 Rigalt.
1195 1355 1210 1405 ;
1241 1345 1396 1393 actus
1420 1336 1690 1407 passionis
1713 1335 1993 1406 Cypriani,

418 1438 575 1509 cujus
593 1435 821 1491 Pontius
844 1432 1127 1497 meminit;
1159 1438 1407 1487 sanctum
1440 1427 1786 1483 Ambrosium
1807 1426 1863 1481 in
1887 1425 1995 1483 line

418 1531 544 1586 libri
570 1530 637 1585 de
662 1527 872 1593 Viduis,
903 1524 1187 1595 epistolam
1210 1521 1304 1588 85,
1352 1520 1422 1576 ad
1450 1534 1693 1577 sororem
1720 1533 1876 1574 suam
1902 1557 1918 1584 ,
1939 1526 1996 1573 et

418 1622 541 1678 libri
570 1621 636 1678 de
666 1620 855 1684 Tobia,
885 1633 1006 1687 cap.
1033 1618 1058 1671 1
1089 1633 1105 1683 ;
1131 1622 1375 1672 sanctum
1395 1613 1784 1684 Hieronymum
1806 1611 1861 1666 in
1887 1610 1994 1666 fine

418 1713 679 1786 epitaphii
731 1710 910 1767 Paula:
958 1708 1149 1765 matris
1199 1708 1270 1763 ad
1303 1706 1659 1762 Eustochium
1687 1704 1989 1775 virginem;

1492 341 1581 399 AD
1622 342 2158 400 ΡΟΕΝΙΤΕΝΤΙᾹΠΞ
2202 344 2549 402 TllEODORI

2023 467 2069 521 Α
2100 459 2345 527 diacono,
2369 462 2454 515 cui
2476 478 2579 516 non
2609 461 2748 526 licet,
2774 464 2848 515 vel
2876 461 2964 532 qui
2995 478 3095 516 non
3124 460 3228 517 vult
3256 463 3679 522 communionem

3536 350 3677 409 1156

2094 551 2348 620 accipere.
2407 550 2537 605 Can.
2580 551 2614 605 8
2662 549 2941 604 Canonum
2992 553 3094 607 sub
3147 554 3364 609 nomine
3406 555 3680 625 apostolo—

2078 655 2215 696 rum
2245 660 2258 695 :
2286 660 2314 692 ιι
2351 641 2407 697 Si
2436 643 2558 712 quis
2591 643 2876 713 episcopus
2908 683 2922 707 ,
2950 643 3232 715 presbyter
3253 686 3268 710 ,
3292 646 3674 714 veldiaconus,

2092 730 2177 785 vel
2199 746 2268 786 ex
2295 732 2614 788 sacerdotali
2640 733 2903 802 catalogo,
2933 732 3077 787 facta
3097 733 3370 789 oblatione
3392 751 3499 790 non
3518 752 3675 791 com-

2093 822 2468 888 municaverit,
2527 838 2746 879 causam
2777 824 2963 889 dicat,
3009 833 3116 879 etc.
3153 845 3172 877 ι
3208 825 3361 882 Tunc
3414 830 3677 899 temporis

2094 928 2203 968 non
2229 913 2401 969 solum
2432 915 2750 985 presbytero
2778 929 2885 968 non
2913 914 3108 969 licebat
3132 916 3326 972 missas
3372 918 3671 982 celebrare,

2094 1005 2189 1060 sed
2216 1020 2317 1061 nec
2360 1007 2525 1060 etiam
2573 1007 2789 1061 caeteris
2829 1005 3077 1062 fidelibus
3102 1008 3291 1065 adesse
3316 1009 3515 1067 divinis
3555 1030 3676 1085 my-

2092 1094 2296 1160 steriis,
2343 1095 2448 1149 nisi
2497 1094 2697 1149 vellent
2741 1095 3174 1150 communionem
3222 1097 3488 1166 accipere.
3544 1100 3675 1154 Vide

2094 1195 2341 1241 sanctum
2366 1186 2692 1258 Cyprianum
2722 1186 2790 1241 de
2827 1186 3085 1243 Oratione
3129 1187 3442 1254 Dominica;
3486 1206 3609 1245 can.
3637 1192 3674 1246 9

2093 1278 2373 1333 Canonum
2390 1277 2488 1331 sub
2506 1281 2720 1331 nomine
2733 1276 3098 1346 apostolorum
3124 1295 3138 1343 ;
3165 1278 3358 1333 concil.
3389 1279 3674 1336 Antioche-

2093 1384 2244 1432 num,
2297 1382 2417 1421 can.
2448 1367 2522 1434 2;
2552 1366 2745 1422 concil.
2790 1367 3060 1433 Toletan.,
3108 1383 3230 1422 can.
3267 1368 3373 1421 l3:
3410 1390 3427 1418 ι
3468 1370 3543 1424 De
3591 1370 3672 1426 bis

2094 1459 2186 1529 qui
2226 1458 2432 1512 intrant
2479 1457 2530 1511 in
2580 1458 2867 1513 ecclesiam
2913 1465 2968 1512 et
3012 1458 3479 1529 deprehenduntur
3537 1476 3672 1514 nun-

2093 1562 2255 1619 quam
2294 1547 2696 1601 communicare
2729 1587 2743 1611 ,
2772 1548 3186 1610 admoneamur,
3234 1555 3294 1601 ut
3326 1547 3372 1601 si
3400 1564 3504 1602 non
3527 1564 3674 1602 com-

2093 1642 2371 1697 municant
2399 1683 2414 1707 ,
2452 1642 2518 1696 ad
2548 1643 2919 1710 pmnitentiam
2945 1642 3208 1696 accedant
3238 1659 3253 1707 ;
3295 1643 3340 1697 si
3376 1645 3675 1699 communi-

2094 1739 2238 1797 cant,
2265 1746 2375 1785 non
2398 1732 2934 1801 superabstineantur
2960 1748 2974 1797 ;
3004 1733 3049 1787 si
3078 1747 3182 1786 non
3214 1731 3477 1797 fecerint,
3512 1735 3674 1788 absti-

416 1805 473 1860 ί¹¹
508 1805 612 1859 “ne
649 1803 887 1874 epitaph
936 1800 1170 1856 [rabidae
1214 1799 1284 1893 #9
1311 1800 1632 1893 θαῗῗηξυηῆ
1670 1804 1727 1851 ⁸⁸
1774 1795 1830 1849 in
1870 1794 1990 1893 ,ηπ
2020 1807 2069 1868 Β
2095 1794 2348 1878 neantur.
2372 1842 2390 1875 ι
2418 1794 2648 1889 Quidam
2678 1823 2779 1877 hos
2805 1794 3041 1877 canones
3066 1794 3497 1893 interpretantur
3521 1825 3587 1879 de
3610 1825 3675 1878 iis

418 1897 555 1953 Vitae
586 1894 736 1949 Pauli
765 1892 1018 1948 Eremita:
1045 1908 1061 1958 ;
1086 1890 1377 1947 concilium
1408 1888 1749 1946 Valentinum
1778 1901 1829 1941 c.
1856 1884 1913 1951 4,
1937 1892 1995 1940 et

410 1990 704 2048 concilium
733 1986 1122 2043 Aurelianense
1145 2002 1208 2051 ιι,
1231 2000 1280 2039 c.
1315 1984 1366 2039 6.

486 2101 628 2155 Licet
645 2099 925 2170 Dionysius
949 2096 1264 2168 Areopagita
1286 2093 1447 2147 dicat.
1480 2089 1685 2146 Sensus
1699 2086 1991 2143 verborum

420 2190 690 2260 colligitur
723 2204 791 2243 ex
846 2203 963 2257 cap.
996 2187 1027 2239 7
1063 2184 1268 2240 Eccles.
1301 2181 1650 2236 Hierarchiae.
1682 2178 1834 2246 Quod
1866 2176 1993 2231 licet

416 2279 735 2334 Theodorus
765 2277 897 2332 citet
945 2276 1044 2330 sub
1070 2272 1288 2328 nomine
1338 2269 1579 2341 Dionysii
1630 2267 1988 2338 AreOpagitze,

414 2375 596 2421 utrum
626 2365 793 2436 ipsius
827 2380 946 2419 esse
976 2360 1269 2425 censuerit,
1300 2359 1496 2414 merito
1523 2358 1646 2428 quis
1671 2356 1947 2411 dubitaret
1971 2370 1985 2419 ;

415 2459 611 2532 quippe
630 2473 756 2514 cum
777 2457 930 2512 istius
959 2453 1197 2509 auctoris
1225 2450 1461 2523 Opinioni
1490 2446 1746 2520 praeferat
1771 2454 1992 2501 senten-

414 2553 548 2607 tiam
574 2550 745 2606 sancti
761 2547 1073 2618 'Augustini.
1117 2544 1388 2614 Quidquid
1416 2543 1505 2608 sit,
1552 2542 1608 2596 hi
1632 2541 1757 2595 libri
1800 2540 1988 2595 statim

416 2649 578 2711 atque
626 2638 981 2710 prodierunt,
1033 2634 1310 2690 catholicis
1356 2649 1386 2688 a
1439 2631 1749 2687 Severianis
1791 2630 1989 2701 objecti

415 2739 561 2796 sunt,
592 2737 647 2783 et
665 2744 695 2783 a
717 2726 997 2783 catholicis
1024 2733 1084 2779 ut
1106 2724 1203 2779 toti
1232 2720 1538 2791 antiquitati
1571 2734 1793 2789 prorsus
1819 2717 1989 2787 ignoti

415 2825 622 2896 pariter
635 2832 758 2878 sunt
774 2819 958 2892 rejecti
992 2835 1004 2872 :
1040 2819 1180 2872 sicut
1204 2823 1427 2886 patctex
1445 2811 1731 2868 collatione
1755 2808 1988 2866 catholi-

416 2930 602 2971 corum
619 2927 741 2968 cum
767 2907 1074 2966 Severianis
1100 2906 1282 2961 habita
1302 2900 1765 2971 Constantinopoli
1785 2908 1990 2970 tempe-
2052 2973 2056 2977 ἢ

410 2999 769 3059 relustiniani
793 2996 1164 3068 imperatoris:
1197 3013 1215 3047 ‹
1232 2994 1343 3049 illa
1360 2991 1688 3056 testimonia,
1710 2989 1984 3059 inquiunt,

416 3108 536 3165 quae
560 3105 656 3145 vos
683 3087 925 3158 Dionysii
973 3083 1312 3155 Areopagitze
1352 3081 1551 3146 dicitis,
1592 3080 1733 3135 unde
1760 3078 1990 3148 potestis

410 3179 702 3238 ostendere
731 3191 858 3232 vera
882 3189 1022 3241 esse,
1044 3174 1186 3229 sicut
1208 3169 1558 3241 suspicamini
1589 3186 1602 3221 :
1630 3167 1674 3223 si
1697 3167 1842 3221 enim
1866 3165 1985 3237 ejus

412 3281 591 3339 erant,
613 3264 719 3327 non
734 3269 1050 3340 potuissent
1070 3267 1255 3321 latere
1279 3264 1496 3319 beatum
1529 3260 1810 3333 Cyrillum.
1843 3258 1983 3325 Quid

411 3374 594 3422 autem
629 3363 694 3417 de
713 3362 872 3417 beato
899 3358 1098 3431 Cyrillo
1124 3357 1278 3412 dico?
1303 3354 1527 3427 quando
1543 3363 1597 3408 et
1616 3354 1807 3407 beatus
1826 3349 1988 3403 Atha—

413 3456 597 3512 nasius
622 3454 667 3510 si
692 3468 791 3524 pro
814 3458 965 3507 certo
987 3449 1180 3505 scisset
1205 3445 1323 3515 ejus
1351 3444 1538 3507 fuisse,
1572 3449 1697 3496 ante
1717 3439 1901 3495 omnia
1931 3439 1986 3492 in

411 3546 628 3604 Nicmno
653 3542 882 3600 concilio
904 3540 969 3596 de
1014 3534 1457 3595 consubstantiali
1501 3532 1768 3587 Trinitate
1795 3529 1986 3585 eadem

412 3636 721 3696 testimonia
767 3631 1081 3703 protulisset
1119 3629 1379 3683 adversus
1421 3623 1535 3678 Arii
1583 3624 1810 3695 diversae
1854 3618 1985 3677 sub-

411 3730 627 3788 stantiae
651 3723 1032 3793 blasphemias.
1058 3719 1117 3775 Si
1145 3729 1325 3774 autem
1344 3716 1523 3772 nullus
1545 3732 1610 3771 ex
1643 3714 1879 3785 antiquis
1899 3730 1987 3770 re-

411 3819 672 3878 cordatus
712 3823 796 3873 est
829 3830 913 3880 ea,
961 3813 1103 3869 unde
1132 3829 1275 3868 nunc
1298 3813 1524 3884 potestis
1549 3810 1835 3867 ostendere
1859 3809 1986 3879 quia

413 3908 558 3968 illius
590 3907 721 3975 sint,
767 3906 972 3961 nescio.
1008 3924 1025 3957 ι
1064 3903 1198 3960 Vide
1242 3903 1439 3958 librum
1487 3901 1711 3957 Joannis
1736 3901 1985 3968 Launoii,

413 4001 650 4063 doctoris
672 3998 995 4056 Parisiensis
1018 3996 1339 4062 doctissimi,
1364 3996 1429 4051 de
1458 3994 1664 4049 duobus
1690 3993 1983 4065 Dionysiis.

408 4088 417 4093 ’
482 4101 806 4173 Augustinus
849 4107 1024 4160 tamen
1069 4096 1195 4165 dicit
1236 4112 1333 4171 pro
1385 4094 1621 4149 omnibus
1649 4093 1982 4152 Christianis.

412 4192 577 4250 Libro
597 4192 663 4248 de
684 4189 823 4247 Cura
838 4204 936 4261 pro
953 4186 1180 4243 mortuis
1201 4185 1456 4258 gerenda,
1474 4201 1592 4255 cap.
1616 4184 1650 4237 4
1678 4200 1691 4238 :
1730 4202 1747 4235 ι
1786 4184 1987 4243 Verum

413 4286 518 4343 etsi
547 4284 724 4353 aliqua
751 4282 1047 4337 necessitas
1077 4280 1160 4335 vel
1205 4278 1416 4336 humari
1445 4292 1688 4348 corpora,
1715 4276 1799 4331 vel
1824 4274 1878 4335 in
1909 4284 1989 4330 ta-

415 4376 555 4436 libus
592 4373 725 4429 locis
764 4371 996 4435 humari,
1037 4369 1181 4424 nulla
1224 4369 1351 4423 data
1380 4367 1654 4433 facultate,
1684 4366 1983 4436 permittat,

2093 1914 2187 1985 qui
2220 1922 2370 1969 certa
2390 1913 2456 1968 de
2487 1927 2671 1977 causa,
2700 1913 2957 1967 nimirum
2977 1913 3047 1968 ob
3075 1911 3311 1983 aliquam
3337 1914 3676 1983 superstitio-

2091 2016 2217 2058 nem
2241 2009 2334 2057 aut
2357 2015 2578 2071 pravam
2628 2000 2942 2071 opinionem
2973 2040 2988 2066 ,
3017 2009 3480 2055 sacramentorum
3528 2016 3674 2055 com-

2093 2095 2404 2151 munionem
2434 2093 2843 2149 aversabantur.
2871 2093 2977 2148 Sed
3005 2094 3182 2149 omnis
3208 2103 3263 2148 et
3284 2095 3504 2165 quidem
3562 2095 3675 2151 dis-

2094 2186 2375 2242 tinctionis
2402 2185 2595 2239 umbra
2641 2184 2944 2255 dispellitur
2978 2201 3007 2239 a
3028 2182 3235 2240 Joanne
3263 2187 3673 2257 Chrysostomo,

2092 2276 2186 2346 qui
2213 2276 2290 2329 ita
2313 2275 2552 2345 loquitur
2572 2275 2626 2329 in
2654 2274 2874 2329 homilia
2891 2277 2925 2331 5
2952 2275 3204 2345 Epistolm
3231 2276 3380 2330 Pauli
3409 2278 3477 2332 ad
3498 2278 3673 2347 Ephe-

2090 2365 2201 2419 sios
2227 2379 2347 2437 cap.
2379 2381 2418 2419 ιι
2447 2382 2460 2418 :
2497 2383 2516 2416 ‹
2551 2361 2668 2419 Non
2698 2380 2757 2420 es
2778 2365 2972 2436 dignus
2992 2366 3260 2421 sacrificio
3284 2408 3299 2432 ,
3337 2383 3512 2436 neque
3548 2384 3671 2438 par-

2090 2455 2404 2525 ticipatione
2424 2455 2447 2509 ?
2471 2454 2612 2527 Ergo
2646 2470 2746 2510 nec
2785 2469 2963 2526 prece.
2990 2456 3160 2511 Audis
3185 2472 3490 2527 praeconem
3515 2466 3668 2513 stan-

2088 2554 2201 2600 tem
2230 2553 2287 2600 et
2321 2546 2588 2601 dicentem
2618 2564 2631 2600 :
2660 2544 2977 2615 Quicunque
3024 2546 3157 2601 estis
3183 2547 3236 2600 in
3285 2548 3611 2623 paenitentia
3637 2589 3653 2611 ,

2088 2635 2251 2691 abite.
2279 2635 2478 2692 Omnes
2511 2636 2601 2706 qui
2630 2652 2737 2691 non
2776 2637 3123 2707 participant,
3148 2647 3274 2691 sunt
3312 2637 3364 2691 in
3394 2637 3663 2707 paeniten-

2088 2726 2186 2781 tia.
2212 2725 2346 2781 Nam
2376 2727 2466 2790 qui
2497 2743 2603 2783 non
2632 2729 2938 2799 participat,
2967 2729 3125 2783 estin
3159 2729 3497 2798 poenitentia.
3537 2749 3556 2781 ι

2721 2863 2947 2921 CAPUT
2976 2866 3063 2921 V'l.

2302 2976 2380 3031 De
2407 2977 2700 3044 abbatibus,
2726 2979 2997 3033 monachis
3029 2978 3104 3033 vel
3128 2981 3480 3035 monasteriis.

2162 3088 2504 3161 Congrcgatio
2530 3090 2676 3146 debet
2708 3092 2808 3146 sibi
2847 3092 3033 3163 eligere
3075 3093 3333 3147 abbatem.
3377 3093 3672 3164 Gregorius

2093 3181 2143 3245 Ι,
2174 3181 2312 3236 libro
2334 3197 2419 3247 IV,
2441 3182 2599 3251 epist.
2628 3182 2734 3238 43:
2768 3182 3058 3239 «Abbatem
3095 3198 3225 3237 vero
3265 3185 3439 3239 eidem
3480 3201 3669 3240 mona-

2090 3272 2274 3335 sterio,
2305 3287 2413 3325 non
2442 3272 2637 3337 alium,
2669 3272 2763 3327 sed
2791 3287 2949 3340 quem
2979 3271 3199 3343 dignum
3239 3273 3480 3327 moribus
3508 3282 3671 3342 atque

2086 3363 2296 3418 actibus
2308 3364 2617 3418 monasticae
2641 3362 2934 3434 disciplina:
2945 3364 3215 3418 communi
3244 3378 3513 3418 consensu
3535 3379 3668 3418 con-

2085 3454 2322 3526 gregatio
2363 3462 2471 3509 tota
2510 3453 2833 3524 poposcerit,
2873 3462 2923 3507 te
2966 3453 3212 3511 volumus
3251 3454 3530 3509 ordinare.
3554 3474 3573 3507 ι
3606 3454 3671 3511 Et

2085 3544 2179 3599 lib.
2199 3561 2296 3610 vn,
2319 3545 2558 3615 epistJS
2586 3563 2596 3597 :
2627 3562 2644 3595 (
2669 3542 2932 3599 Defuncto
2970 3559 3099 3599 vero
3145 3544 3340 3603 abbate
3383 3544 3671 3615 cujuscun-

2085 3651 2190 3705 que
2218 3635 2797 3707 congregationis,non
2841 3642 3150 3699 extraneas,
3202 3636 3305 3691 nisi
3356 3636 3424 3690 de
3476 3636 3666 3690 eadem

2086 3727 2512 3789 conversatione,
2543 3739 2703 3795 quem
2733 3724 2836 3778 sibi
2873 3724 3091 3793 propria
3123 3723 3399 3779 voluntate
3442 3738 3671 3779 concors

2085 3818 2314 3873 fratrum
2340 3817 2568 3873 societas
2596 3816 2843 3887 elegerit,
2876 3824 2931 3870 et
2960 3816 3051 3886 qui
3085 3815 3291 3871 electus
3327 3814 3515 3879 fuerit,
3556 3816 3671 3870 sine

2078 3908 2210 3964 ‘dolo
2234 3908 2321 3962 vel
2345 3907 2635 3962 venalitate
2674 3906 2851 3976 aliqua
2887 3906 3171 3960 ordinetur
3198 3921 3212 3971 ;
3243 3905 3386 3974 quod
3418 3906 3463 3959 si
3486 3914 3667 3974 aptam

2087 3999 2230 4055 inter
2255 4014 2312 4055 se
2340 4014 2625 4070 personam
2651 3998 2892 4052 invenire
2932 3997 3294 4067 nequiverint,
3332 3996 3567 4051 solerter
3605 3995 3672 4050 de

2085 4090 2202 4144 aliis
2225 4088 2568 4145 monasteriis
2593 4087 2696 4143 sibi
2719 4087 2968 4143 similiter
2989 4087 3185 4156 eligant
3228 4085 3616 4140 ordinandum.
3645 4103 3664 4136 ι

2084 4181 2218 4237 Vide
2252 4188 2495 4235 convent.
2523 4178 2847 4249 Aquisgran.
2881 4192 2930 4233 c.
2965 4176 3054 4232 32.
3096 4176 3249 4244 Quod
3287 4176 3429 4230 idem
3470 4190 3672 4245 prtere-

2087 4274 2231 4344 pisse
2259 4271 2591 4328 Ludovicum
2618 4271 2770 4326 Pium
2795 4270 3037 4325 referunt
3070 4268 3331 4325 chartula:
3355 4267 3670 4323 monasterii
3769 4258 3774 4262 ’

2083 4363 2459 4431 Piscariensis,
2506 4363 2622 4434 sive
2662 4364 2894 4418 abbatiae
2929 4362 2985 4418 S.
3018 4361 3334 4424 Clementis,
3363 4377 3484 4431 qua:
3532 4374 3673 4415 nunc

416 4485 524 4524 non
565 4475 693 4522 sunt
742 4463 1218 4538 prtetermittenda:
1270 4461 1694 4539 supplicationes
1724 4474 1829 4530 pro
1878 4457 1985 4527 spi-
2015 4464 2372 4560 l)servantur
2418 4455 2475 4508 in
2519 4453 2848 4511 bibliotheca
2896 4454 3100 4524 Regia:
3139 4452 3482 4524 «Imperator
3543 4450 3675 4507 fecit

418 4560 617 4615 ritibus
643 4567 995 4615 mortuorum
1029 4575 1041 4610 :
1075 4571 1207 4626 quas
1263 4553 1537 4615 faciendas
1590 4569 1690 4624 pro
1738 4551 1986 4606 omnibus

414 4652 471 4711 in
496 4651 802 4708 Christiana
830 4659 884 4705 et
908 4648 1176 4706 catholica
1217 4649 1474 4705 societate
1512 4644 1802 4710 defunctis,
1825 4645 1989 4699 etiam

415 4743 593 4799 tacitis
622 4742 950 4806 nominibus,
980 4754 1421 4814 quorumcunqne
1447 4739 1548 4793 sub
1582 4734 1817 4808 generali
1844 4748 1990 4787 eom-

415 4834 804 4891 memoratione
867 4831 1102 4903 suscepit
1164 4831 1424 4887 Ecclesia.
1489 4829 1653 4899 Cujus
1718 4827 1793 4881 rei
1854 4826 1991 4880 ratio

416 4928 533 4984 erui
574 4934 751 4997 potest
798 4941 862 4981 ex
911 4941 976 4980 eo
1002 4925 1143 4994 Quod
1197 4924 1324 4983 alibi
1358 4924 1489 4979 dicit
1532 4929 1751 4976 sanctus
1811 4918 1991 4989 Augu-

416 5019 591 5074 stinus
614 5018 667 5075 in
696 5016 832 5070 libro
856 5015 921 5071 de
956 5013 1188 5069 Civitate
1239 5014 1333 5069 Dei
1361 5013 1427 5067 ad
1476 5009 1847 5066 Marcellinum
1875 5023 1989 5069 xxi,

415 5124 535 5181 cap.
568 5108 636 5167 27
664 5126 675 5162 :
713 5126 731 5159 ι
767 5105 921 5173 Quis,
948 5105 1142 5176 inquit,
1180 5103 1281 5160 iste
1310 5103 1613 5167 sitmotlus,
1640 5110 1695 5155 et
1722 5114 1841 5168 qua:
1884 5099 1992 5151 sint

415 5202 528 5272 ipsa
585 5207 807 5273 peccata
857 5212 977 5268 qua:
1003 5196 1078 5251 ita
1131 5193 1427 5265 impediunt
1473 5190 1882 5265 pervcntionem
1920 5187 1987 5240 ad

415 5304 643 5360 regnum
671 5287 790 5354 Dei,
824 5296 883 5343 ut
905 5294 1083 5343 tamen
1122 5291 1432 5339 sanctorum
1454 5282 1751 5336 amicorum
1782 5277 1991 5331 meritis

416 5383 707 5453 impetrent
757 5377 1147 5449 indulgentiam
1173 5415 1189 5442 ,
1220 5373 1590 5431 difﬁcillimum
1615 5378 1697 5425 est
1727 5369 1988 5432 invenire,

416 5470 929 5539 periculosissimum
959 5465 1205 5523 definire.
1260 5465 1371 5535 Ego
1401 5470 1548 5519 certe
1588 5475 1757 5530 usque
1782 5459 1848 5513 ad
1890 5459 1991 5513 hoc

418 5568 632 5633 tempus
667 5577 789 5618 cum
854 5562 976 5616 inde
1009 5568 1332 5629 satagercm,
1355 5554 1423 5610 ad
1461 5569 1648 5609 eorum
1687 5550 1990 5621 indaginem

424 5650 704 5718 pervenire
730 5665 835 5703 non
864 5650 1034 5718 potui.
1073 5670 1091 5701 ι

493 5740 561 5794 Et
578 5756 679 5794 non
699 5749 773 5794 est
800 5742 996 5794 licitum
1026 5738 1213 5796 missas
1260 5740 1519 5794 celebrare
1542 5736 1865 5810 presbytero,
1914 5736 1991 5791 vel

2091 4553 2421 4619 praeceptum
2451 4559 2612 4615 super
2633 4544 2844 4600 abbatis
2883 4544 3166 4608 electione,
3203 4552 3264 4598 ut
3298 4560 3406 4599 non
3443 4543 3675 4612 eligatur

2092 4638 2158 4691 de
2195 4644 2451 4697 extranea
2492 4634 2944 4705 congregatione:
2985 4634 3077 4689 sed
3114 4634 3545 4704 quotiescunque
3580 4632 3673 4703 qui

2090 4718 2286 4799 prmcst
2312 4727 2475 4781 abbas
2492 4723 3451 4791 obierit,habeantfratreslicentiam
3480 4736 3546 4777 ex
3574 4738 3671 4777 sua

2091 4819 2308 4888 pmpria
2360 4817 2771 4888 congregatione
2804 4814 3036 4884 eligendi
3088 4815 3360 4869 abbatem.
3385 4813 3541 4880 Quod
3580 4816 3674 4882 qui

2092 4918 2463 4979 transgressus
2481 4907 2658 4971 fuerit,
2680 4908 2811 4960 sciat
2837 4922 2893 4961 sc
2922 4921 3025 4960 non
3053 4913 3344 4974 pastorem,
3371 4905 3469 4959 sed
3489 4905 3674 4975 lupum

2093 5014 2310 5070 ponere,
2343 5006 2396 5052 et
2434 4999 2486 5052 in
2513 5007 2754 5057 extremo
2789 4997 2994 5067 judicio
3042 5013 3257 5067 poenam
3307 5009 3674 5069 purpuratam

2092 5091 2310 5146 habere.

2166 5177 2451 5232 A’on‘licct
2489 5178 2665 5239 abbati
2711 5195 2873 5251 neque
2924 5180 3162 5250 episcopo
3209 5187 3406 5232 terram
3443 5178 3678 5233 ecclesirz

2091 5284 2398 5327 convertere.
2423 5270 2535 5324 Nisi
2560 5285 2681 5325 cum
2710 5270 2935 5325 consilio
2966 5269 3217 5334 fratrum,
3246 5278 3308 5323 ut
3336 5268 3478 5325 infra
3504 5269 3673 5326 addit.

2090 5367 2242 5434 Quod
2269 5366 2404 5419 idem
2434 5363 2499 5421 de
2518 5364 2672 5421 bonis
2705 5364 2954 5419 Ecclesia:
2977 5364 3343 5433 praescribitur
3366 5363 3423 5418 in
3446 5362 3677 5418 concilio

2089 5456 2495 5527 Carthaginiensi
2534 5471 2607 5521 iv,
2641 5464 2733 5509 aut
2771 5455 2948 5524 potius
2985 5454 3201 5509 statutis
3238 5454 3499 5509 Ecclesiae
3531 5454 3672 5508 anti-

2090 5548 2232 5617 quis.
2262 5547 2366 5601 llic
2395 5546 2538 5601 enim
2576 5554 2659 5600 est
2690 5543 2877 5599 titulus
2905 5559 3065 5613 quem
3087 5543 3672 5614 przrscferuntcodiees

2089 5637 2495 5694 Gemblacensis
2547 5636 2799 5700 cmnobii,
2835 5634 2895 5697 S._
2929 5635 3158 5690 Bavonis
3194 5635 3247 5688 in
3290 5634 3568 5699 Gamlavo,
3618 5638 3671 5687 et

2090 5731 2243 5801 plura
2290 5729 2651 5799 manuscripta
2691 5728 2907 5797 optima:
2950 5734 3109 5782 noue.
3160 5726 3251 5780 Sic
3273 5734 3456 5781 autem
3507 5724 3670 5780 habet
