3968 6180
360 325 505 381 1137

1509 308 2083 370 OBSERVATIONES
2120 314 2204 370 ET
2245 311 2475 370 ΝΟΤιΕ.

3502 313 3527 367 ’1
3539 313 3643 369 £38

355 450 480 489 ean.
508 430 615 486 5‘2:
647 426 841 482 «Inita
889 424 1109 480 donatio
1153 421 1549 493 episcoporum,
1584 422 1671 479 vel
1692 421 1952 490 venditio,
1980 436 2034 497 Α
2056 439 2359 492 consensu;
2390 432 2445 479 et
2471 422 2703 480 fortasse
2734 439 2923 479 servus
2950 424 3066 480 sine
3106 439 3377 481 consensu
3423 425 3508 482 sui
3543 428 3641 482 do-

355 522 445 579 vel
464 516 817 576 commutatio
855 515 933 569 rei
965 513 1344 569 ecclesiasticae
1378 512 1584 581 absque
1616 511 1962 567 conniventia

356 623 414 669 et
448 607 846 678 subscriptione
863 604 1204 659 clericorum.
1237 621 1255 653 ι
1276 602 1409 657 Vide
1419 600 1707 671 epistolam
1731 601 1766 656 8
1791 599 1961 662 Hilari

354 698 595 773 papaead
630 697 913 767 episcopos
948 694 1284 749 diversarum
1320 692 1723 763 provinciarum
1750 690 1955 757 Gallias,

348 808 484 861 cap.
513 789 578 856 5;
604 802 759 845 conc.
789 785 1122 855 Agathense,
1141 798 1263 837 can.
1281 781 1372 848 43,
1391 791 1447 836 et
1468 779 1962 837 concil.llerutfor-

357 881 550 938 diense
561 880 616 935 in
628 893 735 948 quo
747 876 1070 947 praesidebat
1081 871 1750 942 Theodorus,can.3,apud
1761 870 1960 927 Bedam

352 970 459 1028 lib.
490 985 566 1034 tv,
597 984 718 1039 cap.
743 971 796 1024 5.
824 967 955 1034 Quae
996 965 1262 1021 definiunt
1298 972 1498 1019 statuta
1527 963 1786 1021 Ecclesiae
1822 963 1962 1017 anti-

359 1082 473 1137 qua
501 1066 569 1120 de
595 1064 755 1120 bonis
781 1060 1059 1127 Ecclesiae,
1081 1059 1276 1115 eadem
1323 1058 1391 1114 de
1429 1057 1664 1113 caneris.
1708 1055 1846 1111 Nam
1881 1055 1962 1110 si—

364 1167 464 1214 cut
483 1157 664 1213 clerus
687 1153 821 1209 nihil
846 1152 1143 1223 quidquam
1169 1151 1329 1206 debet
1357 1165 1518 1220 agere
1546 1149 1663 1204 sine
1683 1148 1956 1218 episcopo,

361 1250 444 1305 ita
481 1249 766 1320 episcopus
806 1244 940 1300 nihil
978 1244 1172 1315 agebat
1198 1243 1314 1298 sine
1345 1242 1510 1307 clero,
1541 1242 1676 1296 adeo
1710 1248 1770 1295 ut
1802 1240 1962 1294 irrita

360 1346 513 1397 esset
554 1338 822 1394 sententia
857 1334 1112 1405 episcopi,
1159 1332 1262 1387 nisi
1312 1332 1631 1390 clericorum
1675 1330 1964 1400 pr:esentia

361 1431 801 1492 confirmaretur,
851 1426 1010 1497 juxta
1051 1425 1242 1481 eadem
1286 1431 1489 1479 statuta
1527 1421 1784 1478 Ecclesite
1821 1420 1964 1475 anti-

322 1511 327 1516 ’
361 1538 493 1592 qua,
533 1538 655 1578 can.
692 1519 783 1574 14.

442 1614 567 1667 Non
601 1613 719 1666 licet
748 1611 871 1666 viris
900 1608 1122 1678 feminas
1142 1607 1332 1662 habere
1352 1605 1658 1660 monachus.
1683 1601 1838 1670 Quod
1859 1602 1963 1659 fre-

362 1705 725 1775 quentissime
764 1701 1159 1774 prohibuerunt
1200 1701 1390 1755 Patres
1430 1698 1544 1753 sive
1577 1697 1633 1751 in
1668 1695 1782 1752 suis
1821 1695 1963 1750 scri-

2062 515 2217 583 mini,
2244 530 2346 572 nec
2376 523 2554 586 potest
2583 514 2786 584 aliquid
2814 529 3010 569 vovere
3049 514 3103 569 in
3135 515 3507 585 prajudicium
3544 517 3646 572 do-

2060 609 2193 664 mini
2205 609 2307 665 sui.
2324 610 2528 665 Tamen
2553 607 2807 679 quadibet
2831 608 2954 663 talis
2980 624 3211 678 persona
3235 608 3456 681 aliquod
3478 626 3648 668 mem:

2058 701 2218 755 brum
2246 700 2408 754 habet
2443 700 2743 770 proprium,
2768 700 2914 769 quod
2951 700 3071 755 sine
3111 699 3343 755 aliorum
3378 707 3653 758 consensu“

2058 798 2239 861 potest
2260 795 2495 846 vovere:
2544 799 2604 845 ut
2643 790 2837 846 mulier
2883 799 3065 860 potest
3102 806 3301 848 vovere
3348 793 3494 862 quod
3540 807 3648 847 non

2060 878 2241 949 exiget
2259 896 2290 934 a
2316 880 2433 935 viro
2461 894 2562 936 suo
2591 879 2866 945 debitum;
2894 881 2940 936 si
2962 888 3145 937 autem
3179 882 3435 953 quaelibet
3469 881 3646 939 dicta—

2063 986 2183 1025 rum
2206 985 2563 1040 personarum
2592 973 2677 1028 vel
2705 973 2966 1029 similium
3001 976 3067 1030 de
3090 989 3359 1031 consensu
3386 976 3471 1031 sui
3492 991 3651 1047 supe-

2061 1060 2226 1118 rioris
2254 1060 2456 1132 aliquid
2482 1063 2711 1129 voverit,
2755 1063 2846 1118 ille
2880 1065 3130 1135 superior
3168 1066 3378 1122 ratione
3407 1067 3651 1138 inspecta

2064 1149 2196 1207 illud
2233 1160 2417 1206 votum
2451 1160 2631 1224 potest
2667 1169 2962 1223 revocare;
2992 1164 3053 1211 ut
3080 1157 3125 1213 si
3148 1157 3217 1213 de
3238 1173 3504 1215 consensu
3547 1159 3652 1224 viri

2063 1243 2211 1297 vovit
2238 1242 2443 1313 aliquid
2477 1244 2691 1309 mulier,
2721 1246 2806 1299 vir
2825 1255 3003 1316 potest
3023 1248 3235 1305 ratione
3259 1249 3501 1320 inspecta
3521 1249 3654 1305 illud

2064 1341 2245 1389 votum
2276 1350 2555 1402 revocare,
2578 1344 2634 1391 et
2662 1336 2754 1391 illa
2782 1344 2995 1393 tenetur
3020 1340 3261 1397 obedire.
3295 1340 3444 1396 Idem
3472 1349 3557 1397 est
3586 1340 3644 1396 in

2063 1424 2331 1480 monacho
2358 1431 2414 1479 et
2436 1424 2630 1481 abbate
2659 1440 2778 1494 suo,
2811 1427 2879 1482 de
2904 1428 3024 1483 aliis
3048 1443 3156 1485 non
3182 1431 3258 1485 ita
3287 1438 3518 1487 constat.

2134 1513 2202 1568 In
2228 1514 2467 1570 libertate
2485 1530 2691 1587 quoque
2709 1519 3019 1573 monasterii
3044 1527 3119 1574 est
3140 1518 3353 1575 lavandi
3378 1520 3530 1591 pedes
3558 1519 3658 1575 lai—

2067 1621 2283 1671 corum;
2316 1606 2418 1661 nisi
2442 1606 2496 1660 in
2521 1604 2680 1661 Cana
2709 1607 2925 1663 Domini
2956 1626 3061 1665 non
3087 1618 3361 1681 coguntur.
3391 1610 3460 1665 Et
3485 1610 3655 1666 infra:

2065 1694 2402 1753 Consuetudo
2432 1698 2790 1756 Romanorum
2830 1720 2935 1757 non
2963 1712 3038 1758 est
3067 1703 3179 1758 haec
3207 1702 3403 1758 lavatio
3443 1706 3656 1777 pedum.

363 1797 500 1865 ptis,
524 1795 639 1848 sive
660 1795 715 1848 in
740 1793 976 1848 decretis
989 1791 1364 1847 conciliorum.
1383 1788 1563 1856 Quare
1578 1785 1969 1843 dicuntPatres
2002 1791 2047 1850 Β
2076 1789 2310 1845 Sanctus
2336 1789 2670 1862 Augustinus
2705 1793 2928 1863 exponit
2957 1809 3054 1849 cur
3082 1793 3172 1849 alii
3202 1793 3343 1851 hanc
3374 1806 3663 1854 consuetu-

364 1883 588 1938 concilii
612 1880 945 1952 llispalensis
966 1895 1028 1946 ιι,
1055 1896 1176 1935 can.
1204 1879 1265 1933 ll
1297 1896 1311 1933 ;
1340 1896 1359 1929 ι
1384 1876 1544 1932 Absit
1561 1884 1621 1931 ut
1650 1875 1966 1939 monachos,

365 1980 514 2052 quod
535 1980 698 2034 etiam
720 1979 864 2034 dictu
893 1977 1046 2033 nefas
1074 1973 1391 2041 est,Christi
1405 1971 1705 2042 virginibus
1735 1968 1971 2023 lamilia-

363 2084 459 2126 res
486 2085 607 2125 esse
660 2069 885 2123 velimus
910 2085 923 2121 :
950 2067 1043 2122 sed
1063 2065 1216 2134 juxta
1266 2064 1411 2134 quod
1449 2060 1604 2131 jussa
1642 2059 1956 2131 regularum

369 2158 462 2215 vel
484 2173 752 2214 canonum
774 2156 1087 2219 admonent,
1116 2153 1273 2223 longe
1298 2152 1563 2207 discretos
1591 2157 1753 2219 atque
1777 2148 1960 2218 sejun-

370 2260 511 2317 ctos,
529 2266 715 2306 eorum
740 2254 947 2303 tantum
973 2247 1188 2302 easdem
1212 2242 1593 2316 gubernaculis
1613 2242 1965 2310 deputamus;

367 2345 766 2402 constituentes
814 2350 873 2396 ut
922 2356 1061 2395 unus
1108 2337 1497 2393 monachorum
1547 2332 1967 2403 probatissimus

372 2435 629 2507 eligatur,
660 2432 812 2501 cujus
830 2447 974 2487 cura:
992 2431 1085 2495 sit,
1108 2438 1247 2484 etc.»
1278 2428 1347 2481 Et
1372 2426 1636 2495 Egbertus
1660 2424 1971 2478 Eboracen-

368 2526 452 2581 sis
465 2524 903 2593 archiepiscopus
920 2541 932 2574 :
962 2541 979 2572 ι
1006 2519 1137 2583 Hoc,
1154 2519 1349 2587 inquit,
1367 2516 1540 2571 sancti
1554 2515 1744 2569 Patres
1759 2513 1970 2584 Augus-

374 2617 540 2681 tinus,
584 2614 965 2685 Hieronymus,
1008 2610 1260 2673 Basilius,
1313 2607 1628 2679 Gregorius,
1683 2612 1739 2660 et
1785 2601 1970 2659 cmteri

377 2722 542 2777 quam
566 2705 719 2760 multi
743 2703 932 2760 edictis
961 2704 1073 2760 suis
1096 2701 1509 2772 prohibuerunt.
1543 2719 1561 2751 ι

456 2798 652 2851 Tamen
682 2813 785 2850 non
827 2796 1158 2851 destruamus
1191 2792 1323 2846 illud
1367 2790 1505 2861 quod
1535 2787 1858 2843 consuetudo
1891 2796 1967 2841 est

378 2890 435 2943 in
464 2888 563 2942 hac
600 2896 760 2942 terra.
803 2885 1082 2954 Quomodo
1115 2899 1179 2937 ea
1220 2881 1500 2937 tractanda
1544 2888 1671 2935 sunt
1708 2884 1831 2949 quae
1870 2893 1972 2933 nec

375 2979 551 3049 recipi
588 2985 816 3049 possunt
847 2978 917 3032 ob
955 2975 1211 3031 Ecclesiae
1238 2973 1602 3035 sanctitatem,
1645 2985 1747 3025 nec
1789 2978 1970 3024 tamen

382 3077 663 3140 usurpatae
721 3067 1126 3124 consuetudinis
1175 3081 1338 3120 causa
1396 3062 1665 3127 damnari,
1723 3060 1971 3131 pluribus

2071 1879 2253 1935 dinem
2284 1897 2390 1936 non
2420 1882 2746 1952 receperint,
2774 1892 2830 1938 et
2856 1883 2947 1938 alii
2966 1882 3307 1940 abstulerint.
3336 1885 3427 1943 Sic
3453 1904 3583 1945 vero
3603 1890 3660 1947 in

2072 1969 2300 2040 epistola
2328 1970 2459 2035 119,
2509 1985 2631 2040 cap.
2663 1972 2768 2028 18:
2808 1991 2827 2024 ‹
2860 1972 2938 2029 De
2972 1973 3215 2031 lavandis
3256 1989 3386 2032 vero
3411 1978 3661 2049 pedibus,

2076 2075 2203 2115 cum
2228 2061 2487 2117 Dominus
2517 2063 2621 2118 hoc
2647 2072 2872 2136 propter
2899 2064 3130 2122 formam
3158 2067 3505 2136 humilitatis,
3538 2088 3665 2143 pro-

2072 2159 2196 2222 pter
2222 2167 2383 2222 quam
2410 2152 2707 2209 docendam
2732 2164 2980 2223 venerat,
3010 2158 3491 2226 commendaverit,
3521 2162 3663 2219 sicut

2074 2243 2189 2312 ipse
2227 2252 2619 2314 consequenter
2646 2247 2928 2317 exposuit:
2970 2248 3258 2318 quaesitum
3298 2258 3382 2305 est
3420 2266 3659 2322 quonam

2073 2342 2318 2403 tempore
2340 2336 2680 2405 potissimum
2704 2352 2793 2393 res
2819 2346 2967 2393 tanta
2994 2340 3156 2394 etiam
3181 2338 3325 2396 facto
3350 2342 3660 2411 doceretur,

2072 2431 2128 2477 et
2155 2423 2285 2491 illud
2335 2432 2544 2495 tempus
2571 2437 2916 2494 occurreret,
2961 2444 3072 2500 quo
3115 2430 3236 2502 ipsa
3263 2433 3665 2492 commendatio

2074 2513 2379 2584 religiosius
2409 2515 2718 2573 inhaereret.
2749 2518 2856 2573 Sed
2875 2535 2945 2575 ne
2965 2520 3033 2576 ad
3059 2521 3236 2593 ipsum
3265 2533 3667 2582 sacramentum

2071 2605 2329 2677 baptismi
2350 2607 2626 2663 videretur
2652 2610 2947 2680 pertinere,
2981 2612 3133 2668 multi
3164 2614 3268 2670 hoc
3299 2615 3353 2670 in
3384 2624 3670 2673 consuetu-

2074 2696 2257 2754 dinem
2284 2700 2528 2771 recipere
2550 2701 2861 2758 noluerunt.
2886 2703 3136 2761 Nonnulli
3162 2708 3327 2763 etiam
3351 2709 3418 2765 de
3439 2724 3668 2766 consue-

2076 2789 2261 2847 tudine
2291 2791 2503 2848 auferre
2524 2809 2631 2848 non
2654 2794 3055 2852 dubitaverunt.
3086 2818 3105 2851 ι
3135 2798 3202 2854 Ει
3227 2800 3280 2855 in
3312 2803 3664 2872 EXpositione

2074 2881 2131 2937 in
2161 2882 2513 2956 Evangelium
2543 2885 2785 2955 Joannis,
2815 2896 3049 2944 tractatu
3078 2906 3209 2947 Lvut
3239 2911 3251 2946 :
3299 2912 3317 2944 ‹
3350 2893 3508 2968 Apud
3536 2910 3667 2952 san-

2075 2980 2193 3029 ctos
2222 2975 2529 3046 ubicunque
2553 2978 2668 3033 haec
2699 2981 3030 3036 consuetudo
3056 2995 3163 3036 non
3187 2990 3272 3038 est
3290 3023 3303 3049 ,
3337 2985 3481 3055 quod
3502 3001 3667 3041 manu

2076 3079 2183 3120 non
2216 3065 2435 3132 faciunt,
2477 3069 2640 3123 corde
2676 3068 2902 3125 faciunt.
2940 3091 2959 3124 ›
2997 3072 3165 3130 Vetus
3199 3084 3391 3131 auctor
3418 3077 3540 3134 libri
3568 3077 3671 3135 Sa-

379 3137 648 3228 exemplis
683 3157 920 3213 declarat
941 3156 1229 3212 concilium
1253 3152 1617 3209 Valentinum.
1642 3170 1662 3203 ι
1684 3151 1971 3219 Quocirca,
1999 3137 2046 3199 C
2077 3162 2511 3223 cramentorum,
2540 3157 2679 3226 apud
2720 3157 3068 3216 Ambrosium
3107 3162 3247 3219 libro
3288 3181 3383 3230 Ill,
3430 3182 3550 3237 cap.
3595 3169 3677 3233 1,,
3746 3180 3753 3190 ‘

382 3256 446 3302 ut
482 3248 636 3302 aiunt
686 3247 877 3302 Patres
907 3247 958 3301 in
990 3245 1218 3315 epistola
1260 3243 1527 3314 synodica
1579 3241 1647 3296 ad
1694 3241 1977 3295 universos

379 3344 670 3413 episcopos
695 3340 1013 3402 Galliarum,
1055 3338 1250 3394 librato
1289 3336 1377 3391 diu
1421 3334 1805 3403 moderatoque
1844 3347 1977 3388 con-

384 3432 535 3501 silio,
563 3449 628 3489 ea
662 3432 887 3490 cautelae
921 3431 1060 3486 ratio
1099 3436 1312 3485 servata
1349 3436 1434 3482 est
1472 3441 1593 3496 qua:
1629 3434 1686 3481 et
1721 3423 1975 3480 scandala

387 3527 756 3590 submoveret,
779 3534 833 3581 et
855 3524 1198 3579 sanctitatem
1231 3521 1489 3576 Ecclesiae
1515 3518 1836 3575 custodiret.
1876 3538 1894 3570 δ

464 3617 724 3672 Monacho
747 3634 846 3671 non
869 3615 986 3670 licet
1009 3624 1179 3668 votum
1210 3630 1389 3668 vovere
1411 3614 1521 3666 sine
1544 3626 1796 3665 consensu
1818 3609 1980 3663 abba-

2076 3244 2221 3299 hunc
2246 3243 2457 3300 lavandi
2485 3260 2690 3300 morem
2718 3260 2881 3317 quam
2909 3248 3200 3320 plurimum
3240 3250 3453 3321 laudat,
3480 3259 3537 3309 et
3563 3256 3667 3311 ob-

2071 3332 2192 3403 jicit
2230 3332 2485 3389 Ecclesiae
2521 3332 2812 3404 Romanae,
2857 3339 3000 3408 quod
3040 3339 3187 3395 illam
3225 3344 3671 3401 consuetudinem

2079 3439 2185 3478 non
2208 3424 2425 3480 habeat.
2461 3444 2481 3478 ι
2516 3425 2635 3482 Non
2656 3429 2991 3500 ignoramus,
3018 3432 3216 3503 inquit,
3254 3435 3396 3505 quod
3424 3435 3669 3493 Ecclesia

2078 3513 2321 3571 Romana
2356 3517 2498 3573 hanc
2531 3521 2974 3577 consuetudinem
3004 3539 3110 3578 non
3144 3524 3365 3592 habeat,
3399 3524 3554 3595 cujus
3581 3536 3668 3600 ty-

2077 3620 2206 3676 pum
2236 3606 2291 3661 in
2320 3608 2572 3665 omnibus
2613 3611 2893 3681 sequimur
2918 3620 2972 3668 et
2999 3611 3249 3669 formam.
3292 3614 3445 3671 Hanc
3486 3625 3671 3673 tamen

377 3706 490 3770 tis;
515 3706 597 3759 sin
620 3705 793 3758 minim
820 3702 1167 3774 frangendum
1192 3711 1287 3755 est.
1309 3701 1543 3756 Sanctus
1560 3699 1792 3755 Basilius
1820 3699 1982 3754 ratio-
2080 3699 2521 3756 consuetudinem
2558 3717 2665 3756 non
2695 3702 2878 3771 habet,
2907 3713 2970 3760 ut
2995 3706 3159 3776 pedes
3186 3706 3350 3763 lavet.
3381 3708 3672 3780 Videorgo

387 3816 513 3854 nem
546 3797 753 3868 profert
780 3798 833 3851 in
860 3793 1352 3850 Constitutionibus
1380 3792 1718 3857 monasticis,
1739 3806 1856 3861 cap.
1886 3790 1979 3858 27,

380 3891 476 3944 bis
511 3890 723 3944 verbis:
753 3886 1124 3942 «Potestatem
1151 3899 1281 3939 vero
1309 3883 1392 3938 sui
1422 3883 1592 3953 ipsius
1630 3897 1699 3937 ne
1728 3881 1797 3936 ad
1839 3895 1979 3951 pun-

2079 3803 2149 3843 ne
2176 3788 2317 3845 forte
2343 3800 2566 3862 propter
2589 3793 2991 3851 multitudinem
3004 3796 3331 3853 declinavit.
3368 3817 3387 3851 ι
3421 3798 3489 3853 Et
3513 3798 3673 3869 paulo

2080 3888 2238 3949 post:
2281 3899 2300 3933 ι
2334 3881 2417 3938 Ad
2442 3884 2542 3939 hoc
2565 3884 2808 3942 Ecclesia
2840 3885 3084 3944 Romana
3111 3890 3240 3960 quid
3276 3892 3621 3961 respondet?
3643 3914 3664 3948 ι

379 3990 536 4036 etum
556 3980 780 4050 quidem
825 3976 1083 4047 temporis
1120 3976 1323 4031 habere
1356 3973 1654 4029 monachus
1690 3972 1983 4041 debet,per
2083 3967 2189 4025 Sed
2232 3979 2483 4041 prompta
2509 3982 2592 4028 est
2626 3975 2882 4031 Ecclesiae
2910 3977 3169 4032 Romanae
3199 3981 3501 4049 responsio.
3533 3980 3669 4037 Nam

379 4086 553 4142 quam
578 4071 633 4125 in
669 4069 896 4140 privatis
921 4069 1037 4138 ipse
1076 4066 1306 4139 negotiis
1333 4065 1447 4121 suis
1473 4072 1741 4120 versetur.
1781 4062 1982 4130 Quem-

380 4161 677 4217 admodum
725 4161 871 4216 enim
924 4162 1148 4215 absente
1192 4158 1403 4214 artiﬁce
1432 4157 1851 4212 instrumentum
1885 4159 1982 4209 sua

391 4260 586 4323 :ponte
614 4254 790 4323 ipsum
831 4269 938 4307 non
978 4260 1307 4317 moveretur,
1337 4266 1515 4322 neque
1555 4251 1858 4305 membrum
1896 4247 1980 4302 vel

391 4345 461 4398 ad
478 4343 855 4398 brevissimum
880 4343 948 4397 ab
970 4343 1152 4411 aliquo
1176 4356 1403 4412 corpore
1423 4341 1687 4412 separari,
1702 4338 1976 4394 moverive

388 4444 575 4505 posset
605 4435 724 4490 sine
753 4433 871 4504 ejus
897 4434 990 4504 qui
1027 4435 1171 4489 intus
1201 4441 1282 4489 est
1310 4432 1541 4501 opiﬁcis,
1570 4447 1636 4487 ac
1665 4431 1832 4486 totius
1853 4445 1980 4486 cor-

388 4525 542 4595 poris
564 4526 924 4581 moderatoris
944 4527 1218 4581 voluntate
1244 4541 1259 4578 :
1300 4523 1551 4578 similiter
1571 4536 1787 4593 quoque
1805 4537 1980 4591 neque

386 4620 667 4690 religionis
705 4620 1015 4675 observanti
1073 4617 1272 4687 aliquid
1322 4630 1500 4685 agere,
1539 4614 1827 4684 exseqnive
1861 4614 1981 4668 sine

386 4710 651 4764 antistitis
679 4710 761 4764 sui
790 4711 1056 4764 sententia
1085 4709 1231 4763 licet.
1270 4726 1300 4758 ι·
1324 4704 1478 4757 Nulla
1510 4713 1637 4759 sunt
1675 4705 1838 4774 igitur
1875 4705 1977 4759 ista

385 4810 512 4855 vota
541 4801 812 4866 monachi,
838 4817 957 4871 quae
986 4816 1091 4854 non
1114 4805 1240 4854 sunt
1262 4795 1431 4864 ipsius
1447 4793 1607 4862 juris,
1632 4802 1687 4850 et
1712 4811 1775 4849 ev
1800 4803 1981 4863 potes-

389 4900 501 4945 tate
532 4891 743 4945 abbatis
770 4892 1020 4961 pendent.
1052 4890 1252 4944 Eodcm
1294 4884 1455 4940 modo
1486 4884 1768 4955 judicabat
1805 4886 1975 4957 magi-

386 4991 501 5037 ster
529 4981 798 5036 Robertus
824 4981 889 5036 de
914 4980 1262 5035 Flamesbure
1287 4977 1340 5031 in
1368 4991 1466 5031 suo
1486 4975 1868 5030 Pmnitentiali.

390 5091 593 5148 Selecta
606 5107 671 5146 ea:
687 5091 1040 5164 Paenitentiali
1056 5110 1154 5164 ms.
1175 5091 1419 5164 Magistri
1435 5087 1647 5164 Boberti
1658 5087 1722 5141 de
1733 5084 1977 5143 Flames-

894 5162 1038 5228 bure,
1071 5162 1162 5216 lib.
1186 5180 1246 5229 ιι,
1270 5161 1389 5234 cap.
1422 5161 1475 5215 4.

467 5254 672 5311 Vovere
694 5262 872 5325 potest
900 5254 1152 5323 quzelibet
1179 5268 1408 5323 persona
1431 5266 1555 5322 qu:e
1581 5249 1663 5304 sui
1689 5246 1831 5318 juris
1863 5255 1975 5303 est:

389 5350 451 5398 et
485 5345 689 5412 statim,
718 5355 775 5400 ut
800 5353 951 5414 puto,
978 5343 1194 5414 quando
1237 5344 1342 5398 doli
1381 5357 1553 5412 capax
1594 5347 1696 5395 est.
1738 5338 1976 5394 Persona

388 5448 518 5507 qua:
554 5436 646 5490 alii
674 5436 914 5506 subjecta
944 5443 1044 5499 est,
1069 5436 1185 5489 sine
1214 5433 1331 5504 ejus
1356 5447 1623 5490 consensu
1659 5445 1765 5484 non
1801 5436 1975 5499 potest

387 5543 612 5595 YOverc,
634 5540 695 5586 ut
722 5532 1015 5587 monachus
1044 5544 1240 5585 vovere
1268 5544 1373 5584 non
1401 5535 1578 5598 potest
1603 5525 1719 5581 sine
1750 5539 1975 5579 cotisen-

389 5634 457 5676 su
483 5622 566 5677 sui
609 5622 961 5689 abbatis,nec
1010 5621 1203 5676 mulier
1249 5620 1366 5674 sine
1413 5632 1677 5674 consensu
1727 5615 1809 5671 sui
1848 5614 1972 5679 viri,

388 5725 492 5768 nec
513 5713 621 5768 lilia
640 5715 876 5777 quandiu
901 5723 981 5771 est
1018 5714 1066 5767 in
1084 5720 1353 5781 potestate
1383 5712 1460 5768 sui
1486 5712 1672 5781 patris,
1707 5711 1822 5767 sine
1858 5707 1972 5775 ejus

2083 4062 2327 4133 quisquis
2351 4064 2422 4119 sit
2450 4066 2553 4121 iste
2582 4076 2805 4133 auctor,
2842 4070 3115 4125 recenseri
3155 4070 3316 4127 debet
3356 4072 3500 4128 inter
3541 4076 3672 4130 sim-

2083 4152 2250 4223 plices
2292 4162 2347 4208 ct
2388 4155 2707 4211 rusticiores
2739 4157 2829 4226 qui
2860 4156 3057 4212 litterae
3086 4159 3249 4214 nimis
3277 4160 3563 4227 inhaerent,
3603 4164 3673 4219 de

2078 4241 2278 4309 quibus
2305 4242 2379 4296 ita
2405 4242 2644 4312 loquitur
2683 4245 2943 4317 Origenes
2974 4246 3028 4300 in
3057 4245 3361 4303 Comment.
3404 4250 3457 4304 in
3499 4250 3667 4306 Joan-

2082 4349 2228 4399 nem,
2260 4341 2301 4388 t.
2336 4333 2382 4388 II
2408 4334 2537 4389 edit.
2570 4334 2760 4399 Πυθίη
2806 4352 2862 4407 p.
2895 4337 2995 4393 331
3030 4356 3042 4392 :
3082 4356 3101 4388 ι
3137 4337 3299 4394 Adeo
3332 4347 3391 4394 ut
3430 4340 3571 4396 hanc
3596 4342 3668 4397 ob

2082 4437 2303 4477 causam
2341 4423 2600 4487 Dominus
2638 4439 2853 4496 quoque
2899 4428 3083 4483 veniat
3115 4429 3181 4483 ad
3226 4428 3483 4485 lavandos
3525 4431 3670 4485 servi

2005 4488 2056 4550 Ῑ)
2083 4514 2356 4570 credentis
2375 4513 2559 4586 pedes,
2587 4523 2693 4570 etc.
2723 4488 2826 4582 Qui
2848 4532 2966 4574 mos
2990 4533 3134 4574 nunc
3159 4534 3265 4573 non
3294 4520 3375 4584 lit,
3404 4519 3505 4574 nisi
3528 4521 3670 4590 apud

2085 4607 2372 4662 admodum
2401 4607 2672 4678 simplices
2702 4608 3145 4680 rusticioresque.
3182 4631 3202 4664 ι
3241 4610 3310 4666 Ει
3352 4611 3407 4666 in
3448 4610 3670 4668 homilia

2083 4698 2116 4753 6
2142 4698 2197 4752 in
2224 4698 2458 4754 Isaiam:
2495 4716 2513 4749 ‹
2546 4697 2716 4755 Nemo
2749 4700 3162 4771 quibuscunque
3199 4701 3542 4758 venientibus
3581 4715 3669 4759 as-

2083 4802 2301 4842 sumens
2344 4786 2591 4853 lihteum,
2622 4787 2899 4853 diaconus,
2930 4789 3017 4845 vel
3055 4790 3371 4862 presbyter,
3400 4790 3513 4847 sive
3555 4791 3669 4863 epi-

2082 4895 2295 4950 scopus,
2325 4879 2470 4934 lavat
2496 4880 2679 4949 pedes.
2721 4896 2740 4931 c
2776 4877 2972 4935 Postea
3014 4887 3195 4935 tamen
3240 4880 3428 4937 Patres
3453 4880 3667 4938 concilii

2083 4971 2326 5027 Toletani
2383 4987 2495 5025 xvu
2556 4970 2862 5041 exemplum
2910 4970 3112 5027 Christi
3155 4972 3304 5028 velut
3354 4974 3663 5028 mandatum

2079 5061 2354 5133 Evangelii
2387 5062 2718 5132 prmeipuum
2753 5062 2890 5117 adeo
2925 5063 3322 5119 observandum
3345 5062 3659 5126 decernunt,

2081 5160 2141 5207 ut
2167 5172 2188 5202 ι
2223 5153 2289 5219 si,
2322 5153 2570 5222 inquiunt
2608 5168 2730 5208 can.
2759 5154 2821 5217 5,
2853 5152 3142 5223 quisquam
3181 5151 3520 5206 sacerdotum
3558 5150 3662 5206 hoc

2080 5254 2325 5300 nostrum
2347 5244 2620 5300 distulerit
2633 5243 2927 5315 adimplere
2944 5243 3241 5307 decretum,
3262 5241 3492 5296 duorum
3509 5253 3661 5295 men-

2081 5335 2220 5389 sium
2247 5336 2422 5407 spatio
2451 5350 2571 5392 sese
2599 5336 2810 5392 noverit
2833 5350 2866 5390 a
2895 5340 3097 5389 sanctae
3124 5331 3516 5388 communionis
3534 5346 3660 5403 per—

2081 5426 2327 5495 ceptione
2355 5426 2693 5482 frustratum.
2735 5446 2754 5479 ι
2794 5425 2863 5479 Et
2889 5437 3051 5493 supra
3089 5421 3143 5476 in
3188 5421 3379 5477 eodem
3411 5436 3655 5479 canone:

2087 5538 2105 5569 ι
2144 5520 2381 5588 Denique
2417 5528 2736 5576 coruscantc
2781 5524 2979 5573 sancta:
3015 5516 3348 5587 operationis
3388 5517 3656 5588 exemplo,

2079 5613 2279 5681 partim
2306 5613 2527 5677 desidia,
2559 5610 2753 5681 partim
2800 5609 3217 5675 consuetudine,
3252 5608 3307 5664 in
3337 5608 3660 5679 quibusdam

2077 5706 2321 5760 ccclesiis
2350 5707 2399 5759 in
2429 5704 2589 5758 Coma
2622 5702 2832 5757 Domini
2864 5700 3135 5759 ablutione
3167 5704 3333 5774 pedes
3363 5703 3592 5760 fratrum
3623 5716 3657 5757 ι
