3942 6182
391 269 523 353 i139

1452 265 1547 343 An
1582 259 2120 343 murmurum
2157 253 2509 338 insanos?

3488 256 3626 331 tuo

379 399 753 470 ‘sacerddtibus
776 420 882 463 non
908 408 1176 461 lavantur.
1204 392 1347 458 Nihil
1391 400 1536 456 aliud
1571 398 1945 462 obtendentes,
1974 400 2024 460 Α
2050 395 2104 449 in
2133 394 2375 450 oratione
2400 406 2507 463 qua
2538 391 2916 460 imperatorem
2954 358 3313 442 'l‘beodosiuiil
3336 386 3628 460 Obiurgat,

380 493 487 560 bisi
530 502 698 560 solam
740 497 1043 555 traditionis
1069 492 1541 556 consuetudiném‘,
1584 497 1707 545 cum
1739 488 1955 545 Veritas

379 588 674 665 ‘objurgans
701 590 883 645 dicat:
930 573 1108 654 Quare
1133 598 1230 638 vos
1264 577 1699 652 transgrediminl
1732 577 1954 664 manda-

381 662 498 740 tum
539 662 635 737 Dei
670 688 882 751 propter
932 668 1275 733 traditionem
1306 680 1561 727 vestram.
1595 688 1616 722 ι
1650 662 1783 724 Vide
1824 664 1955 723 con-

382 761 600 855 ientum
627 772 1136 855 Aquisgranensem,
1162 759 1282 820 etin.
1313 762 1403 818 23.

454 843 510 918 Ii
511 880 567 917 ec
592 862 802 915 libertas
822 843 1127 913 monasterii
1149 864 1223 909 est
1244 851 1595 924 paenitentiam
1612 844 1952 927 swcirlaribus

380 938 638 1019 iudicare;
676 949 799 1022 quia
822 944 1029 1019 proprie
1071 941 1373 999 Eleri‘coru'm
1404 948 1498 994 est.
1528 938 1716 1022 Patres
1741 934 1954 991 concilii

379 1020 828 1099 Chalcedonensis
872 1026 1060 1092 vetant
1103 1033 1396 1089 monachos
1439 1020 1818 1085 ecclesiasticis
1868 1025 1952 1081 vel

379 1122 727 1188 ambularibus
753 1118 979 1199 negotiis
1006 1141 1063 1181 se
1093 1125 1357 1194 ingerere.
1385 1120 1591 1199 Canon.
1614 1117 1680 1172 ιε
1715 1135 1734 1168 ι
1772 1115 1953 1170 Mona-

378 1213 516 1278 cltos
540 1227 720 1276 autem
749 1198 841 1287 qui
874 1223 1001 1271 sunt
1027 1215 1081 1268 in
1115 1215 1432 1279 unaquaque
1463 1198 1680 1275 iegione
1722 1212 1776 1258 et
1813 1199 1949 1260 civi-

379 1301 493 1375 iate
521 1308 772 1380 episcopo
797 1306 1065 1376 subjectos
1084 1316 1221 1364 esse,
1251 1308 1306 1354 et
1332 1299 1567 1368 quietem
1596 1293 1864 1364 amplecti,
1895 1299 1952 1346 ct

378 1401 476 1472 soli
498 1398 703 1469 jejunio
720 1404 774 1451 et
792 1393 1023 1450 orationi
1046 1404 1256 1451 vacare,
1280 1389 1333 1442 in
1361 1386 1554 1456 quibus
1573 1383 1803 1438 ordinati
1826 1384 1952 1437 aunt

377 1486 515 1549 locis
558 1491 768 1546 fertiter
808 1490 1230 1558 perseverantes,
1253 1495 1352 1534 nee
1394 1475 1804 1539 ecclesiasticis,
1850 1488 1951 1528 nec

377 1578 725 1640 saecularibus
749 1577 975 1650 negotiis
1002 1591 1059 1631 se
1084 1574 1329 1643 ingerere
1347 1612 1362 1636 ,
1408 1578 1512 1624 etc.
1555 1567 1720 1623 Cone.
1750 1565 1950 1619 Tarra-

375 1668 524 1740 ‘cou.,
554 1687 675 1728 can.
706 1670 804 1723 it:
858 1684 877 1719 ‹
921 1664 1165 1721 Monachi
1203 1678 1234 1716 a
1265 1658 1593 1716 monasterio
1618 1657 1764 1711 foras
1796 1669 1949 1726 egre-

2054 486 2224 541 relata
2250 499 2281 539 a
2307 483 2641 539 Theodoreto
2663 480 2756 536 lib.
2775 495 2808 534 v
2834 479 2971 534 Hist.
2988 479 3352 550 Eecles.,cap.
3380 480 3466 534 17.
3491 482 3633 539 Vide

2053 588 2266 649 quoque
2291 578 2459 644 supra“
2477 580 2634 627 notas
2658 572 2724 626 ad
2754 578 2917 640 caput
2932 571 2986 624 5.

2124 661 2320 722 Mulier
2339 673 2505 736 potest
2528 663 2813 718 “oblationes
2855 662 3028 732 facere
3062 659 3348 715 Secundum
3380 660 3596 719 Gnaeos
3611 684 3641 730 ,ο

2053 773 2158 812 non
2188 750 2476 811 secundani
2506 749 2786 807 Romanos.
2818 751 2933 807 Hoc
2959 767 3066 822 non
3102 751 3505 823 intelligendum
3544 766 3637 812 est

2051 843 2120 914 de
2137 843 2500 898 oblationibus
2520 840 2758 896 omnium
2782 826 3040 905 haetiam,
3055 841 3111 896 id
3132 851 3233 906 est,
3249 841 3629 913 eleemosynis’,

2054 932 2197 988 l'ntér
2213 918 2347 1004 quas
2369 928 2526 987 erant
2552 924 2720 1003 sine;
2739 946 2838 1001 per
2860 924 3252 986 EuchariStiam
3279 934 3549 995 sacrandi,
3571 926 3637 989 ut

2053 1018 2431 1080 animadvertit
2452 1008 2555 1079 vir.
2582 1016 2651 1079 δι.
2682 1022 2748 1077 Ν.
2778 1004 2956 1093 Rigalt
2983 1018 3037 1078 in
3065 1022 3158 1079 lib.
3177 1020 3349 1079 sincti
3373 1020 3633 1095 Cypriani

2051 1113 2119 1169 de
2147 1109 2322 1185 opere
2353 1122 2408 1169 et
2429 1106 2830 1184 Eleemosynis:
2865 1114 3008 1183 quod
3037 1109 3178 1168 idem
3208 1120 3423 1168 constat
3449 1130 3515 1170 ex
3538 1131 3630 1185 ep.

2052 1204 2225 1262 sancti
2264 1204 2547 1276 Augustini
2591 1203 2725 1267 122,
2754 1203 2847 1258 sed
2887 1195 3028 1258 sicut
3065 1202 3307 1259 declarat
3348 1205 3540 1259 titulus
3562 1205 3633 1260 de

2052 1288 2284 1367 quodam
2314 1289 2610 1349 miniaterio
2635 1292 2899 1357 ecclesiae,
2921 1278 2989 1346 ad
3011 1292 3156 1361 quod
3173 1289 3349 1346 Graeci
3372 1292 3635 1349 mulieres

2053 1382 2429 1447 admittebant,
2458 1390 2513 1439 et
2536 1399 2567 1437 a
2592 1398 2699 1453 quo
2740 1390 2866 1437 tunc
2893 1381 3152 1451 temporis
3182 1381 3409 1436 Romani
3438 1383 3633 1437 exclu-

2052 1475 2266 1529 debant.
2298 1473 2500 1529 Concil.
2534 1472 2873 1535 Aurasican.,
2905 1487 3024 1526 can.
3054 1470 3157 1525 26:
3184 1490 3204 1522 ι
3236 1471 3490 1526 Diaconte
3514 1487 3632 1526 om-

2051 1564 2285 1620 nimodis
2312 1579 2419 1619 non
2447 1562 2758 1618 ordinanda:
2792 1580 2805 1615 :
2846 1561 2892 1616 si
2925 1564 3046 1631 qua:
3084 1559 3198 1631 jam
3223 1570 3369 1625 sunt,
3400 1562 3629 1617 benedié

2052 1652 2220 1708 ctioni
2247 1667 2366 1721 quae
2391 1650 2587 1722 populo
2623 1646 2976 1721 impenditur,
3020 1648 3199 1719 capita
3226 1646 3566 1705 submittant.
3605 1672 3625 1704 ι

377 1737 605 1829 dientes,
639 1777 706 1816 ne
744 1759 957 1830 aliquod
987 1754 1342 1811 ministerium
1367 1748 1793 1806 ecclesiasticum
1812 1759 1949 1815 pm—
1979 1737 2021 1798 Β
2050 1743 2212 1799 Cone.
2245 1741 2578 1812 Epaon'ense,
2605 1756 2724 1797 can.
2751 1741 2814 1794 21
2840 1754 2854 1793 :
2885 1758 2904 1792 ‹
2945 1739 3238 1793 Viduamm
3266 1741 3631 1795 consecratio-

375 1849 593 1908 iumant
617 1864 808 1921 agere,
839 1846 1218 1918 prohibemus,
1257 1841 1362 1896 nisi
1404 1838 1542 1893 forte
1585 1851 1707 1893 cum
1737 1833 1948 1890 abbatis

325 2012 331 2017 ὓ
375 1936 625 2015 imperio.
666 1960 684 1993 ι

972 2022 1197 2081 CAPUT
1236 2018 1346 2077 VII.

533 2154 611 2218 De
637 2164 743 2217 ritu
770 2160 1047 2215 mulierum
1071 2152 1128 2212 in
1152 2154 1369 2211 ecclesia
1397 2152 1472 2208 vel
1497 2152 1804 2207 ministerio.

450 2297 695 2355 Mulieres
722 2313 823 2352 non
845 2294 1005 2351 velent
1029 2290 1215 2355 altare,
1241 2297 1347 2346 etc.
1373 2288 1603 2344 Sanctus
1622 2285 1951 2357 Epiphanius

374 2380 567 2450 Eantra
594 2381 1003 2460 Collyridianos,
1029 2381 1218 2438 haeres.
1250 2388 1451 2437 txxrx:
1491 2395 1511 2429 ι
1545 2375 1602 2432 Si
1632 2367 1951 2431 mulieribus

372 2477 699 2556 prceceptum
726 2488 870 2537 esset
897 2477 1201 2534 sacriﬁcare
1230 2476 1369 2540 Deo,
1396 2479 1490 2527 aut
1523 2468 1770 2542 regulare
1797 2468 1952 2538 quid-

372 2576 536 2641 quam
581 2565 792 2639 operari
840 2568 894 2621 in
939 2564 1211 2641 Ecclesia,
1245 2562 1528 2633 oportebat
1572 2558 1742 2629 magis
1776 2557 1949 2626 ipsam

374 2638 960 2715 lilariamisacrilicium
996 2638 1258 2725 perlicere
1290 2652 1345 2706 in
1386 2650 1534 2705 Novo
1572 2648 1950 2711 Testamento,

372 2742 497 2822 quae
527 2750 684 2819 digna
713 2747 852 2802 facta
878 2750 961 2800 est
1000 2743 1271 2813 suscipere
1304 2742 1357 2796 in
1382 2739 1619 2810 propriis
1652 2736 1951 2792 viSceribu‘s

372 2829 751 2893 liniversorum
797 2848 977 2906 regem
1020 2832 1217 2899 Deum,
1266 2826 1542 2888 caelestem
1578 2827 1772 2883 Filium
1812 2827 1945 2882 Dei:

370 2925 530 2997 hujus
556 2935 745 2982 uterus
769 2924 1024 2994 templum
1052 2921 1253 2977 factum
1278 2918 1471 2977 eSt‘ac
1513 2917 1839 2974 domicilium
1879 2915 1949 2971 ad

372 3017 586 3073 Domini
615 3016 669 3070 in
711 3028 875 3070 carne
903 3010 1355 3083 dispensationem
1394 3023 1493 3079 per
1518 3007 1615 3063 Dei
1638 3003 1946 3078 benignita-

373 3120 508 3175 tem,
540 3116 595 3164 et
624 3106 994 3162 admirandum
1025 3102 1340 3174 mysterium
1385 3094 1718 3171 praeparatus
1745 3104 1847 3153 est.
1876 3096 1949 3152 At

372 3196 483 3257 non
508 3199 833 3271 complacuit
858 3216 870 3252 :
911 3196 1004 3252 sed
1027 3209 1201 3265 neque
1224 3193 1488 3264 baptisma
1517 3193 1648 3247 dare
1670 3185 1951 3247 concredi-

372 3280 490 3350 tum
516 3303 620 3350 est.
643 3290 855 3361 Alioqui
881 3289 1145 3360 potuisset
1167 3286 1415 3341 Christus
1439 3285 1507 3340 ab
1538 3284 1651 3356 ipsa
1685 3283 1949 3354 baptizari

372 3382 553 3464 potius
596 3404 758 3461 quam
781 3403 816 3464 pa
845 3385 1070 3462 Joanne.
1106 3403 1125 3435 ι
1159 3381 1331 3437 Simili
1368 3376 1685 3452 argumento
1717 3393 1845 3434 usus
1868 3386 1953 3431 est

375 3484 531 3539 ictus
564 3474 753 3536 auctO'r
777 3464 1256 3539 Constitutionum,
1286 3471 1381 3526 lib.
1406 3487 1484 3535 tn,
1516 3486 1634 3541 cap.
1664 3470 1718 3524 4.

448 3590 695 3645 Mulieres
721 3594 935 3658 possunt
958 3582 1053 3638 sub
1075 3582 1222 3653 nigro
1255 3580 1504 3636 velamine
1524 3578 1843 3647 sacriﬁcium
1863 3593 1952 3631 ac-

373 3676 567 3751 “cipere.
591 3679 731 3747 Ergo
759 3691 864 3730 non
886 3676 965 3729 eis
993 3673 1191 3727 licebat
1211 3670 1352 3724 nuda
1375 3682 1535 3724 manu
1551 3668 1950 3751 :Eucharistiam

378 3750 656 3837 accipere,
693 3779 760 3820 ne
788 3764 1003 3835 quidem
1033 3759 1099 3815 ad
1134 3759 1330 3829 pallam
1360 3750 1691 3812 Dominicam
1731 3768 1950 3811 manum

378 3847 613 3912 mittere.
651 3853 814 3909 Cone.
845 3848 1304 3912 Antisiodorense‘,
1332 3861 1452 3901 can.
1480 3844 1549 3899 '56
1574 3862 1587 3897 :
1628 3862 1648 3896 ε
1683 3843 1797 3899 Non
1826 3844 1952 3900 licet

375 3938 591 4004 tnulieri
615 3944 755 3998 nuda
784 3942 946 3996 manu
974 3936 1366 3994 Eucharistiam
1390 3935 1653 4004 accipere.
1687 3954 1705 3987 ι
1732 3934 1801 3988 Εῑ
1826 3948 1950 3990 can;

371 4040 447 4095 37
473 4055 485 4093 :
524 4056 543 4089 ι
580 4035 694 4091 Non
720 4034 847 4089 licet
876 4029 1085 4086 mulieri
1116 4040 1335 4082 manum
1362 4039 1515 4080 suam
1543 4025 1611 4080 ad
1633 4024 1828 4095 pallam
1849 4025 1954 4079 Do-

377 4132 631 4189 minicam
657 4129 891 4184 mittere.
928 4142 946 4176 ι
982 4123 1155 4177 Etiam
1185 4128 1343 4176 antea
1364 4117 1555 4174 Patres
1580 4115 1790 4173 concilii
1817 4116 1953 4171 Lao-

368 4222 551 4281 diceni
575 4223 898 4283 statuerant“,
928 4228 1048 4270 can.
1079 4212 1167 4277 19,
1193 4209 1323 4265 solis
1349 4208 1515 4264 licere
1534 4206 1758 4262 sacratis
1784 4205 1854 4260 ad
1875 4205 1952 4260 al-

341 4320 497 4371 .‘t'are
538 4310 800 4367 accedere
844 4304 898 4361 et
923 4301 1344 4359 communicare.
1387 4296 1638 4358 Attamen
1681 4294 1952 4364 plerisque

378 4407 437 4463 in
463 4405 597 4459 locis
622 4401 781 4470 vulgo
810 4398 950 4453 nuda
983 4401 1143 4450 manu
1180 4389 1576 4447 Eucharistiam
1605 4386 1769 4443 fuisse
1797 4402 1949 4442 rece-

377 4504 526 4568 ptam
554 4485 785 4566 probant
827 4475 1131 4543 testimonia
1158 4483 1383 4539 Patrum
1411 4482 1607 4550 quibus
1635 4479 1822 4535 ﬁdeles
1851 4492 1951 4534 sa:-

381 4589 500 4658 pius
528 4586 835 4646 admenent,
860 4587 920 4634 ut
947 4576 1379 4632 animadvertant
1407 4573 1674 4637 dextram,
1696 4586 1815 4640 qua:
1836 4574 1953 4626 ‘cor-

376 4656 500 4746 pori
530 4674 733 4731 Christi
776 4673 1118 4732 admovetur,
1151 4670 1519 4722 consecratam
1548 4676 1694 4723 esse,
1738 4661 1877 4715 sicut
1900 4656 1957 4713 et

376 4766 619 4834 linguam
647 4772 701 4818 et
726 4777 839 4816 cor.
856 4761 986 4817 Vide
1014 4759 1341 4814 Clementem
1358 4751 1910 4816 AlexandnnumJib.
1935 4766 1953 4804 ι

388 4855 754 4915 Strdmatum;
793 4847 1197 4909 Tertullianum,
1232 4845 1325 4901 lib.
1354 4844 1422 4899 de
1463 4842 1800 4907 idololatria,
1832 4855 1951 4910 cap.

387 4945 449 5010 7;
486 4947 728 4998 sanctum
748 4936 1071 5006 cyprianum
1093 4936 1145 4989 in
1167 4936 1324 5005 epist.
1348 4934 1436 5001 56,
1464 4933 1532 4987 ad
1554 4931 1951 4994 Thibaritanos,

377 5022 452 5091 ile
475 5027 854 5088 Exhortatione
888 5025 1150 5095 martyrii,
1183 5034 1238 5079 et
1275 5024 1368 5079 lib.
1392 5026 1458 5079 de
1485 5024 1633 5078 Bono
1655 5021 1949 5092 patientiae.

380 5125 767 5197 Fragmentum
794 5113 1112 5188 prmclarum
1137 5114 1375 5183 epistolae
1399 5114 1432 5168 5'
1461 5113 1697 5183 Dionysii
1724 5111 1955 5166 Alexan-

373 5212 521 5275 'drini
550 5216 620 5272 ad
646 5213 860 5270 Xis‘tum
885 5208 1146 5263 Romanae
1174 5205 1324 5261 urbis
1366 5207 1673 5276 episeopum
1703 5205 1917 5274 scripta:
1937 5244 1953 5270 ,

374 5310 525 5383 apud
544 5307 833 5366 Eusebium
852 5304 950 5359 lib.
967 5317 1041 5356 vn
1064 5296 1270 5354 Eccles.
1295 5297 1455 5362 Hisu,
1477 5313 1595 5368 cap.
1618 5298 1680 5364 9;
1707 5305 1952 5352 sanctum

385 5401 642 5473 Cyrillum
688 5392 1231 5464 llierosolymitanum
1289 5388 1342 5444 in
1397 5386 1657 5453 Catech.;
1707 5395 1954 5442 sanctum

374 5492 703 5564 ‘Gregorium
730 5490 1130 5546 Nazianzenum
1171 5483 1235 5538 in
1278 5480 1523 5538 oratione
1566 5478 1626 5531 11
1662 5478 1715 5532 in
1741 5477 1953 5532 laudem

374 5580 709 5653 ‘Gorgonite;
747 5589 993 5639 sanctum
1020 5576 1279 5633 Joannem
1309 5573 1753 5645 Chrysostomum
1781 5568 1835 5624 in
1859 5569 1954 5651 hoe

384 5648 533 5728 milia
562 5672 652 5736 21,
684 5672 749 5725 ad
768 5668 1025 5742 populum
1070 5666 1488 5729 Antiochenum;
1517 5670 1571 5717 et
1612 5648 1953 5716 Ambrosium

2049 1847 2195 1897 nem,
2223 1836 2360 1901 quas
2385 1830 2638 1886 diaconas
2657 1829 2917 1893 vocitant,
2941 1827 3011 1882 ab
3029 1828 3178 1883 omni
3202 1827 3421 1898 regione
3443 1830 3634 1883 nostra

2049 1922 2261 1991 penitus
2293 1912 2633 1990 abrogamu’s.
2684 1938 2703 1971 ι
2755 1917 2982 1984 Quidam
3027 1917 3243 1972 codices
3287 1916 3509 1987 legunt:
3562 1916 3630 1970 αι

2051 2010 2192 2064 omni
2234 2007 2503 2079 religione.
2542 2007 2747 2062 Concil.
2796 2005 3183 2060 Aurelianense
3228 2020 3300 2071 ιι,
3348 2021 3471 2059 can.
3520 2006 3630 2061 l8:

2058 2119 2077 2152 ι
2117 2099 2324 2155 Placuit
2349 2099 2514 2154 etiam
2541 2105 2602 2152 ut
2644 2097 2773 2152 nulli
2802 2090 3145 2167 postmodum
3172 2094 3385 2151 femina:
3405 2135 3420 2159 ,
3448 2095 3635 2151 dieeo:-

2048 2188 2190 2245 nalis
2216 2188 2521 2245 benedictio
2546 2202 2646 2259 pro
2676 2188 3001 2243 conditionis
3018 2183 3180 2256 huius
3199 2186 3494 2257 fragilitate
3514 2202 3612 2242 ere

2051 2279 2231 2335 datur.
2270 2297 2289 2333 ›
2322 2278 2467 2334 idem
2515 2280 2712 2348 probat
2739 2277 2932 2333 concil.
2966 2276 3311 2340 Turonense,
3352 2292 3478 2332 can.
3524 2277 3633 2342 20,

2050 2368 2375 2424 auctoritate
2399 2356 2620 2423 Patrum
2652 2366 3043 2439 Epaonensium
3060 2366 3177 2437 jam
3212 2367 3405 2421 relata.
3432 2366 3636 2421 Primis

2052 2466 2235 2517 tamen
2257 2461 2466 2516 seculis
2492 2460 2773 2529 disciplina
2802 2459 2967 2515 totius
3009 2458 3264 2514 Ecclesiae
3297 2460 3353 2514 in
3386 2458 3634 2514 ordinem

2051 2572 2144 2613 eas
2163 2556 2412 2626 eligebat,
2428 2562 2565 2609 teste
2585 2552 2916 2607 Tertulliano
2933 2551 3024 2605 lib.
3044 2568 3062 2606 ι
3080 2551 3147 2606 ad
3160 2550 3415 2615 Uxorem,
3430 2566 3552 2620 cap.
3568 2550 3631 2604 7:

2058 2666 2077 2698 ι
2110 2646 2399 2716 Disciplina
2423 2644 2677 2700 Ecclesia:
2714 2651 2770 2698 et
2792 2642 3127 2713 praescriptio
3167 2642 3412 2713 Apostoli
3451 2641 3634 2698 deela-

2006 2774 2015 2783 κ
2051 2748 2159 2806 rat;
2188 2756 2311 2795 cum
2340 2739 2584 2810 digamos
2610 2753 2718 2792 non
2752 2737 2880 2793 sinit
2917 2736 3224 2806 praesidere,
3266 2751 3390 2791 cum
3415 2734 3633 2790 viduam

2050 2833 2222 2903 adlegi
2266 2828 2321 2887 in
2361 2827 2640 2896 ordinem;
2676 2829 2781 2883 nisi
2816 2827 3115 2893 univiram,
3154 2838 3262 2881 non
3305 2825 3575 2881 concedit.
3608 2832 3627 2878 δ

2051 2924 2187 2981 Vide
2214 2938 2426 2994 quoque
2453 2938 2607 2978 conc.
2638 2921 2890 2990 Carthag.
2918 2935 3004 2983 tv,
3042 2912 3165 2974 can.
3207 2918 3308 2985 12,
3338 2927 3436 2973 aut
3457 2918 3638 2988 potius

2053 3022 2253 3071 statuta
2281 3013 2537 3069 Ecclesiae
2559 3013 2800 3082 antiqua,
2815 3024 2938 3065 can.
2961 3009 3081 3064 100.
3104 3009 3276 3064 Porro
3301 3008 3525 3078 quinam
3550 3022 3639 3062 es-

2053 3113 2137 3162 set
2162 3102 2295 3161 ordo
2337 3114 2392 3161 et
2419 3106 2595 3161 honor
2631 3096 3033 3159 ecclesiasticus
3062 3100 3131 3154 ad
3165 3106 3332 3169 ‘quem
3381 3098 3638 3153 mulieres

2051 3195 2395 3267 eligerentur,
2441 3193 2633 3248 Patres
2678 3199 2989 3264 exponunt:
3026 3190 3274 3247 Clemens
3316 3187 3638 3244 Alexandri;

2052 3303 2175 3352 nus,
2206 3286 2299 3341 lib.
2330 3300 2390 3340 In
2417 3284 2781 3350 Stromatum;
2810 3283 3072 3354 Origenes
3098 3282 3153 3337 in
3180 3276 3467 3345 Joannem,
3502 3290 3541 3335 t.
3568 3280 3633 3344 ΙΙ,

2049 3369 2106 3447 'p.
2145 3375 2228 3439 90,
2259 3376 2389 3431 edit.
2418 3376 2557 3430 lluet
2582 3391 2598 3440 ;
2627 3371 2794 3430 Cone.
2817 3364 3111 3436 Nicar'num,
3142 3388 3263 3428 can.
3297 3374 3389 3438 19,
3414 3373 3507 3428 ubi
3530 3371 3639 3428 Ga-

2052 3467 2188 3523 briel
2211 3466 2614 3536 Albaspinteus,
2645 3461 3039 3521 illustrissimus
3071 3464 3360 3534 episcopus
3391 3462 3638 3519 Aurelia—

2052 3556 2258 3621 nens‘is,
2287 3556 2483 3625 probat
2515 3562 2703 3611 contra
2740 3553 3033 3609 Baronium
3057 3552 3162 3608 rite
3196 3560 3252 3607 et
3286 3553 3485 3607 ordine
3507 3568 3637 3608 eon—

2053 3657 2294 3704 secratas
2319 3646 2505 3703 fuisse.
2540 3662 2559 3698 ‹
2604 3646 2737 3702 Nam
2769 3662 2891 3702 cum
2912 3686 2929 3712 ,
2959 3645 3166 3716 inquit,
3206 3644 3452 3716 synodus
3480 3660 3638 3715 quas-

2052 3736 2208 3803 dam,
2240 3752 2360 3808 quae
2404 3737 2585 3791 minus
2624 3744 2773 3791 recte
2806 3742 2869 3791 et
2906 3742 3066 3790 extra
3092 3734 3345 3790 ordinem
3374 3734 3637 3789 institutae

2051 3840 2254 3898 essent,
2284 3832 2427 3887 inter
2452 3832 2621 3887 laicas
2644 3829 2984 3901 deputandas
3020 3825 3141 3885 esse
3187 3836 3414 3884 censet:
3450 3830 3635 3885 subin-

2052 3922 2402 3993 telligendum
2445 3921 2692 3994 profecto
2720 3920 2979 3990 relinquit
3005 3919 3266 3991 quasdam
3303 3918 3479 3975 fuisse
3517 3934 3635 3989 qua

2055 4015 2161 4070 rite
2186 4020 2243 4068 et
2266 4006 2456 4069 ordine
2483 4018 2810 4068 consecrata:
2835 4018 3037 4083 essent.
3086 4029 3104 4062 ι
3138 4008 3373 4065 Sanctus
3403 4009 3634 4065 Basilius

2054 4105 2111 4160 in
2137 4103 2363 4174 epistola
2387 4104 2646 4159 canonica
2673 4102 2743 4157 ad
2760 4099 3215 4172 Amphilochium,
3239 4116 3363 4155 can.
3385 4100 3491 4166 44;
3515 4116 3634 4156 san-

2054 4204 2173 4252 ctus
2197 4195 2490 4267 Gregorius
2536 4194 2809 4266 Nyssenus
2847 4193 2912 4248 de
2944 4193 3064 4248 Vita
3107 4200 3310 4247 sancta:
3360 4191 3628 4247 Macrinam

2054 4288 2292 4355 Quorum
2311 4286 2589 4343 sententiae
2610 4296 2715 4340 non
2739 4276 3043 4355 refragatur
3062 4290 3281 4339 sanctus
3299 4282 3631 4353 Epiphanius

2054 4388 2212 4435 antea
2236 4380 2453 4443 citatus,
2483 4378 2593 4432 imo
2615 4377 2669 4432 in
2699 4376 2886 4432 eadem
2916 4375 3035 4431 leco
3066 4390 3188 4429 eam
3220 4383 3413 4443 aperte
3438 4374 3626 4429 asserit

2051 4470 2178 4525 eum
2209 4469 2378 4525 dicit:
2416 4474 2435 4518 ξ
2471 4475 2528 4522 et
2552 4462 2977 4522 dia‘conisSarum
3001 4465 3139 4521 ordo
3171 4473 3257 4519 est
3282 4481 3340 4519 tn
3369 4464 3624 4525 Ecclesia,

2053 4570 2157 4617 etc.
2194 4582 2213 4614 ι
2244 4563 2387 4617 idem
2417 4561 2581 4616 sentit
2614 4568 2769 4615 vetus
2798 4552 2988 4614 au‘ctor
3016 4557 3477 4613 Constitutionum
3504 4560 3627 4627 apo;

2055 4652 2384 4715 stolicarum,
2412 4650 2506 4705 lib.
2539 4665 2654 4715 vni,
2680 4664 2806 4719 cap.
2840 4650 2938 4713 l9,
2967 4649 3023 4703 in
3062 4664 3170 4718 quo
3196 4648 3438 4703 declarat
3461 4648 3624 4718 impo-

2056 4742 2249 4796 sitione
2277 4757 2532 4796 manuum
2568 4741 2803 4810 episcopi
2833 4739 3070 4794 ordinari
3101 4739 3482 4810 presbyteros,
3514 4738 3625 4793 dia-

2054 4846 2223 4888 conos
2263 4840 2320 4887 et
2354 4831 2709 4887 diaconissas.
2738 4830 2872 4886 Vide
2916 4828 3112 4885 concil.
3159 4828 3621 4889 Chalcedonense,

2058 4939 2179 4978 can.
2228 4921 2312 4986 l5,
2341 4921 2584 4994 δεξαμένη
2612 4918 2702 4981 ita
2745 4920 3111 4995 χειροθεσίανς
3152 4918 3446 4973 concilium
3478 4914 3623 4970 Trul-

2058 5015 2238 5068 lanum
2269 5013 2385 5068 sive
2424 5013 2820 5083 quinisextum,
2864 5026 2986 5065 can.
3027 5010 3133 5076 40;
3174 5014 3230 5063 et
3282 5007 3533 5063 Sedulius
3573 5006 3621 5059 in

2056 5122 2174 5176 cap.
2210 5120 2298 5159 xvr
2322 5103 2491 5173 Epist.
2517 5103 2586 5157 ad
2612 5102 2904 5165 Romanos,
2931 5108 3121 5155 auctor
3140 5098 3285 5153 circa
3310 5113 3512 5151 nouum
3532 5110 3623 5150 sae-

2056 5197 2254 5260 culIIm,
2284 5203 2522 5251 testatur
2551 5194 2606 5248 in
2641 5192 3006 5249 Orientalibus
3032 5191 3165 5247 locis
3194 5197 3405 5247 tantum
3443 5189 3617 5244 disco.

2056 5291 2233 5344 niSsas
2256 5289 2612 5343 ministrasse.
2643 5285 2721 5340 Ex
2749 5301 2854 5357 quo
2889 5283 3279 5355 dignoscantur
3303 5281 3444 5335 varii
3471 5280 3619 5342 ritus,

2055 5394 2191 5449 quos
2214 5387 2362 5434 recte
2385 5378 2586 5449 ubique
2614 5375 2782 5432 refert
2807 5373 3143 5430 Theodorus.

2634 5465 2858 5525 CAPUT
2901 5464 3032 5521 V’lll.

2273 5562 2351 5617 De
2378 5561 2607 5616 moribus
2633 5560 2935 5616 Gnecorum
2963 5564 3012 5612 et
3041 5555 3411 5612 Romanorum.

2128 5654 2195 5709 Et
2224 5654 2461 5708 laborant
2494 5653 2598 5706 sive
2627 5649 2895 5704 Dominiro
2924 5647 3026 5711 die.
3059 5648 3155 5703 Die
3176 5646 3456 5703 Dominico
3478 5640 3618 5699 labis
