3968 6180
334 304 479 367 illi

1476 281 2054 353 OBSERVATIONES
2090 282 2179 345 ET
2218 282 2448 347 NOTAE}.

3461 277 3599 333 H43

336 418 559 481 rubent,
581 423 640 471 et
658 413 875 485 quidem
892 410 1176 477 moniales,
1203 414 1339 464 teste
1365 404 1696 478 Hieronymo
1719 402 1788 460 ad
1813 401 1920 458 Eu-
1951 403 1993 462 A
2021 409 2234 473 oportet
2256 401 2399 472 quod
2420 412 2706 480 perperam
2732 394 2913 459 ﬁebat,
2953 394 3038 450 vel
3071 392 3281 448 institui
3309 391 3450 462 quod
3484 406 3592 447 uou

336 507 613 566 stochium
635 504 901 577 virginem
929 503 996 565 de
1021 498 1295 571 epitaphio
1322 496 1503 552 Paula:
1524 494 1747 550 matris:
1776 510 1795 544 ι
1826 491 1923 547 Die

341 605 556 655 tantum
575 594 856 651 Domiuieo
877 592 945 647 ad
962 590 1249 647 ecclesiam
1266 585 1653 657 procedebant,
1675 598 1743 638 ex
1771 579 1924 650 cujus

336 686 665 746 habitabant
702 682 904 745 latere,
936 688 992 737 et
1024 677 1443 747 unumquodque
1475 688 1667 745 agmen
1696 680 1926 727 matrem

338 776 621 849 propriam
665 773 1027 841 sequebatur;
1067 776 1229 839 atque
1258 765 1383 822 inde
1414 765 1619 834 pariter
1647 770 1926 818 reverten-

342 874 447 927 tes,
468 860 917 929 instabaut'operi
943 857 1264 920 distributo;
1287 862 1337 909 et
1371 852 1453 907 vel
1476 851 1599 915 sibi,
1617 849 1702 904 vel
1721 848 1928 905 caeteris

341 953 663 1008 indumenta
690 950 981 1006 faciebant.
1018 966 1037 1000 ι
1071 945 1270 1011 Labor,
1297 943 1389 1013 qui
1434 958 1465 996 a
1503 940 1756 1011 precibus
1798 947 1855 992 et
1897 954 1928 992 a

345 1044 496 1100 cultu
528 1043 624 1098 Dei
670 1039 962 1103 avocabat,
995 1037 1314 1092 interdictus
1357 1033 1459 1088 fuit
1494 1048 1524 1087 a
1553 1029 1926 1093 Constantino,

345 1136 442 1206 qui
467 1135 675 1205 primus
702 1131 960 1202 praecepit
986 1129 1190 1192 feriari,
1240 1136 1302 1182 ut
1346 1125 1515 1181 refert
1548 1122 1813 1178 Eusebius
1832 1120 1926 1175 lib.

343 1242 404 1281 tv
427 1225 639 1281 de'Vita
666 1221 1026 1285 Constantini,
1049 1234 1168 1289 cap.
1200 1218 1289 1282 i8,
1310 1216 1453 1287 quod
1472 1222 1659 1284 postea
1688 1212 1931 1282 pluribus

343 1318 675 1388 synodorum
702 1314 935 1371 decretis
957 1312 1225 1366 firmatum
1247 1308 1368 1372 fuit,
1393 1308 1467 1361 ita
1488 1315 1671 1361 tamen
1695 1312 1754 1358 ut
1773 1302 1930 1358 Chri-

344 1407 515 1463 stiani
545 1420 651 1460 non
692 1403 1058 1475 judaizarent,
1095 1400 1234 1455 sicut
1271 1399 1564 1452 admouent
1590 1393 1779 1448 Patres
1805 1405 1934 1446 οοιι·

345 1499 463 1554 cilii
494 1495 898 1553 Aurelianensis
919 1509 1004 1558 ιιι,
1031 1508 1156 1548 eam
1189 1490 1280 1556 28;
1311 1509 1329 1540 ι
1358 1488 1486 1558 quia
1508 1499 1826 1558 persuasum
1849 1488 1933 1538 est

344 1588 563 1660 populis
590 1587 679 1642 die
704 1584 984 1640 Donninico
1004 1582 1099 1653 agi
1129 1596 1251 1636 cum
1283 1578 1540 1642 caballis,
1588 1583 1683 1630 aut
1721 1574 1930 1637 bubus,

347 1688 443 1734 aut
472 1676 751 1751 vehiculis
770 1674 975 1728 itinera
1005 1687 1112 1726 non
1159 1669 1391 1734 debere,
1427 1680 1601 1736 neque
1620 1663 1789 1719 ullam
1816 1675 1932 1717 rem

2024 492 2204 548 ﬂebat.
2260 494 2379 564 Ipsa
2430 492 2627 563 quippe
2680 487 2909 545 mutatio
2952 484 3380 549 consuetudinis,
3434 482 3599 536 etiam

2024 599 2144 655 qua:
2176 582 2395 653 adjuvat
2431 581 2683 647 utilitate,
2730 579 2968 634 novitate
3009 577 3310 648 perturbat.
3349 572 3596 644 Quapro-

2024 680 2144 743 pter
2187 687 2307 742 quse
2339 671 2487 727 utilis
2522 685 2632 725 non
2672 675 2772 734 est,
2823 665 3229 739 perturbatione
3266 660 3602 718 infructuosa

2026 771 2417 833 consequenter
2440 761 2601 817 noxia
2629 767 2731 816 est.
2770 778 2789 812 ι

2637 891 2865 949 CAPUT
2892 890 2986 947 IX.

2035 1034 2107 1089 De
2150 1031 2618 1087 communicatione
2653 1028 2927 1083 Scotorum
2966 1035 3013 1080 et
3059 1023 3366 1088 Britonum,
3414 1021 3507 1094 qui
3553 1022 3605 1077 in

2276 1100 2483 1155 Pascha
2510 1110 2557 1153 et
2587 1109 2803 1153 tonsura
2831 1094 3075 1151 catholici
3102 1110 3202 1147 non
3226 1102 3367 1147 sunt.

2104 1216 2209 1283 Qui
2234 1216 2289 1269 in
2315 1211 2523 1268 Pascha
2550 1210 2630 1266 vel
2655 1220 2869 1265 tonsura
2896 1207 3167 1263 catholicae
3194 1223 3297 1261 non
3319 1211 3441 1261 runt
3463 1202 3605 1261 adu-

2034 1306 2145 1361 nati
2192 1302 2463 1359 Ecclesia.
2509 1302 2651 1357 Beda
2699 1299 2858 1369 hujus
2903 1298 3211 1354 schismatis
3253 1295 3518 1368 originem
3554 1303 3645 1351 et

2033 1410 2254 1452 causam
2279 1393 2384 1453 late
2410 1392 2668 1448 describit
2699 1391 2791 1446 lib.
2816 1407 2860 1444 Vn
2887 1388 3053 1455 Hist.,
3097 1404 3216 1459 cap.
3255 1386 3347 1454 23,
3387 1402 3455 1442 ex
3490 1386 3612 1456 qui-

2033 1488 2136 1542 bus
2162 1486 2345 1541 multis
2373 1485 2487 1540 haec
2516 1496 2727 1554 pauca:
2762 1499 2782 1533 ι
2811 1480 3098 1548 Finitoque
3136 1477 3403 1539 conﬂictu,
3435 1491 3499 1530 ac
3526 1490 3614 1529 so-

2035 1576 2145 1632 luta
2176 1577 2460 1642 concione,
2490 1573 2803 1645 Agilbertus
2836 1572 3055 1627 domum
3079 1567 3257 1623 rediit.
3289 1565 3615 1622 Colmaunus

2034 1667 2225 1724 videns
2268 1674 2507 1738 spretam
2554 1678 2708 1719 suam
2756 1661 3084 1726 doctrinam,
3131 1666 3443 1727 sectamque
3496 1668 3618 1710 esse

345 1769 423 1824 ad
449 1769 649 1824 victum
687 1750 1013 1837 praeparare,
1036 1761 1121 1817 vel
1153 1761 1220 1815 ad
1248 1760 1479 1814 nitorem
1509 1757 1701 1813 domus
1720 1753 1805 1808 νει
1833 1753 1930 1808 llo—
1955 1736 2006 1800 Β
2034 1736 2367 1829 despectant,
2395 1754 2686 1825 assumptis
2709 1752 2795 1810 bis
2817 1751 2910 1822 qui
2939 1765 2997 1805 se
3036 1749 3189 1820 sequi
3212 1747 3532 1812 voluerunt,
3565 1746 3618 1801 id

346 1857 519 1915 minis
544 1855 904 1927 pertinentem
944 1851 1210 1906 ullatenus
1246 1862 1504 1903 exercere
1548 1846 1690 1917 (quae
1732 1858 1821 1898 res
1866 1841 1934 1897 ad

346 1943 634 2003 Iudaicam
660 1944 829 2014 magis
858 1957 1022 2012 quam
1046 1940 1114 1995 ad
1134 1938 1504 1994 Christianam
1535 1933 1935 1989 observantiam

344 2037 630 2110 pertinere
668 2030 974 2104 probatur),
1021 2031 1077 2085 id
1119 2016 1406 2085 statuimus
1449 2034 1509 2080 ut
1544 2025 1632 2081 die
1656 2021 1937 2079 Dominico

341 2124 500 2196 quod
526 2131 653 2179 ante
694 2121 812 2177 ﬁeri
836 2121 1008 2186 licuit,
1038 2118 1219 2183 liceat,
1248 2126 1355 2172 etc.
1395 2136 1414 2169 ι
1442 2114 1650 2169 Eadem
1686 2112 1938 2182 leguntur

348 2218 414 2276 in
442 2216 673 2273 concilio
698 2212 983 2277 Vernensi,
1007 2226 1140 2267 cam
1172 2209 1260 2263 14.
1285 2208 1392 2275 Qui
1429 2221 1558 2261 vero
1584 2205 1724 2260 hanc
1751 2202 1938 2258 obser-

348 2307 596 2363 vantiam
622 2302 900 2359 Iudaicam
925 2302 1236 2364 tuebantur,
1260 2298 1395 2352 adeo
1422 2293 1791 2351 refelluntura
1813 2306 1937 2347 sano

349 2405 448 2453 cto
468 2395 734 2466 Gregorio
763 2393 955 2463 Magno
982 2398 1041 2446 ut
1071 2404 1167 2445 eos
1205 2387 1361 2458 quasi
1400 2383 1721 2439 Antichristi
1744 2381 1939 2452 praedi-

344 2495 573 2543 catores
602 2490 876 2555 oppugnet
911 2481 1006 2536 lib.
1036 2496 1113 2546 ιι,
1143 2494 1230 2550 ep.
1258 2479 1330 2533 3:
1370 2495 1389 2528 ‹
1420 2474 1678 2531 Pervenit
1705 2472 1775 2528 ad
1816 2486 1903 2528 me
1922 2513 1937 2539 ,

348 2576 553 2648 inquit,
581 2575 842 2647 quosdam
865 2571 1109 2644 perversi
1129 2571 1351 2641 spiritus
1377 2567 1647 2631 homines,
1667 2579 1832 2635 prava
1865 2565 1942 2619 iu-

340 2676 443 2725 .ter
469 2683 567 2723 vos
588 2666 765 2735 aliqua
792 2673 849 2721 et
878 2672 1080 2720 sanctae
1109 2661 1233 2717 ﬁdei
1263 2660 1490 2716 adversa
1515 2658 1832 2721 seminasse,
1865 2654 1940 2710 ita

347 2766 419 2814 ut
437 2755 527 2811 die
555 2754 761 2810 sabbati
792 2753 995 2822 aliquid
1017 2750 1232 2821 operari
1253 2748 1622 2820 prohiberent.
1649 2744 1795 2812 Quos
1811 2744 1940 2814 quid

346 2847 531 2914 aliud,
561 2846 665 2901 nisi
689 2843 1007 2900 Antichristi
1027 2840 1408 2912 praedicatores
1431 2836 1704 2892 dixerim?
1731 2835 1824 2904 qui
1853 2848 1944 2888 ve-

232 2992 249 2997 -
347 2940 517 2996 sticus
539 2938 682 2992 diem
707 2936 990 2992 sabbatum
1032 2942 1195 3001 atque
1219 2928 1558 2984 Dominicum
1588 2927 1656 2981 ab
1681 2925 1829 2981 omni
1863 2923 1945 2980 fa-

2034 1849 2231 1919 estqui
2256 1847 2463 1904 Pascha
2488 1845 2813 1902 catholicum
2851 1850 2907 1898 et
2929 1850 3208 1898 tonsuram
3235 1855 3449 1898 coronae
3470 1839 3616 1911 (nam

2036 1946 2092 1993 et
2127 1939 2194 1993 de
2226 1940 2331 1994 hoc
2372 1937 2602 2009 quaestio
2631 1950 2739 1991 non
2781 1933 3005 1989 minima
3028 1929 3166 2003 erat)
3195 1931 3437 1995 recipere
3470 1928 3621 1984 nole-

2037 2029 2190 2094 bant,
2231 2027 2469 2083 Scotiam
2500 2040 2781 2098 regressus
2818 2030 2922 2090 est,
2970 2030 3299 2077 tractaturus
3338 2035 3458 2076 cum
3504 2020 3616 2075 suis

2038 2119 2168 2190 quid
2210 2118 2277 2172 de
2318 2117 2404 2173 his
2431 2117 2611 2173 facere
2652 2116 2892 2182 deberet,
2924 2124 3030 2170 etc.
3066 2133 3085 2166 ι
3117 2113 3286 2168 Facta
3324 2120 3408 2167 est
3435 2118 3614 2168 autem

2038 2211 2156 2266 haec
2179 2209 2405 2281 quaestio
2429 2224 2571 2264 anno
2599 2207 2895 2264 Dominica:
2922 2204 3312 2262 incarnationis
3337 2210 3618 2259 sexcente-

2038 2302 2177 2358 simo
2204 2303 2537 2373 sexagesimo
2561 2308 2775 2371 quarto,
2812 2299 2905 2373 qui
2933 2297 3037 2360 fuit
3081 2312 3255 2353 annus
3282 2295 3507 2353 Osuvini
3529 2309 3618 2350 re-

2040 2392 2122 2463 gis
2168 2392 2460 2447 vicesimus
2488 2370 2797 2446 sectmdus:
2834 2370 3174 2460 episcopatus
3213 2393 3393 2441 autem
3434 2382 3624 2440 Scoto-

2041 2500 2181 2547 rum,
2209 2498 2371 2554 quem
2401 2489 2689 2554 gesserunt
2709 2481 2765 2535 in
2790 2479 3068 2551 provincia
3092 2477 3410 2549 Anglorum,
3447 2489 3624 2531 annus

2044 2577 2368 2632 tricesimus.
2407 2573 2639 2630 Consule
2673 2586 2890 2644 quoque
2925 2570 3172 2640 Capitula
3211 2570 3408 2625 selecta
3426 2584 3499 2623 ex
3530 2583 3621 2622 an-

2042 2670 2193 2740 tiqua
2216 2666 2545 2724 Collectione
2570 2678 2835 2721 canonum
2862 2661 3303 2726 Hibernensium,
3332 2659 3476 2715 edita
3500 2673 3530 2711 a
3552 2656 3618 2729 Il.

2044 2763 2107 2817 1).
2145 2760 2293 2816 Luca
2324 2759 2561 2815 Acberio
2597 2757 2653 2812 in
2692 2765 2840 2810 tomo
2872 2752 2943 2808 IX
2989 2750 3299 2823 Spicilegii,
3337 2750 3391 2804 in
3435 2748 3630 2819 quibus

2044 2852 2147 2906 ista
2186 2851 2578 2920 depromuntur
2611 2860 2678 2901 ex
2727 2844 2820 2899 lib.
2853 2859 2893 2906 ι,
2947 2855 3067 2911 cap.
3096 2839 3129 2894 6
3174 2856 3189 2893 ;
3227 2857 3245 2891 ι
3283 2838 3358 2892 De
3407 2843 3630 2891 tonsura

2042 2943 2324 2998 Britonum
2347 2939 2532 2995 Gildas
2553 2937 2631 2992 ait
2657 2950 2671 2990 :
2694 2935 2943 2990 Britones
2970 2938 3083 3009 toto
3111 2927 3311 2984 mundo
3339 2922 3625 2991 contrarii,

350 3031 467 3086 det
489 3043 653 3099 opere
678 3024 957 3090 ευειοάίτί·
999 3043 1018 3078 ⁵
1056 3022 1191 3080 “de
1216 3020 1310 3075 in"
1343 3036 1360 3074 ¹
1387 3017 1646 3087 δθΡίωῙη
1671 3032 1720 3071 θ’
1762 3015 1824 3069 ⁷1
1847 3055 1863 3082 ν
1887 3021 1944 3071 εί
1981 3093 2016 3099 _
2047 3034 2291 3089 moribus
2326 3030 2587 3087 Romanis
2618 3026 2844 3093 inimici,
2886 3038 2995 3079 non
3020 3021 3193 3078 salum
3225 3020 3279 3074 in
3306 3018 3493 3083 missa,
3534 3014 3629 3072 sed

352 3119 716 3190 Beginonem,
738 3117 833 3171 lib.
876 3115 989 3170 Ide
1019 3109 1418 3169 Ecclesiasticis
1446 3106 1789 3177 Disciplinis,
1822 3120 1942 3175 cap.
1968 3093 2019 3157 G
2048 3124 2231 3181 etiam
2264 3123 2324 3179 in
2362 3131 2589 3177 tonsum
2640 3133 2763 3174 cum
2817 3113 3022 3172 Judmis
3075 3112 3281 3166 umbra,
3328 3108 3630 3164 [υωτοωω

352 3206 498 3277 372,
547 3226 617 3266 ex
661 3208 792 3279 Cap.
824 3206 1005 3264 Caroli
1041 3224 1054 3260 :
1097 3224 1116 3256 ι
1154 3204 1280 3260 Tria
1317 3201 1561 3257 carraria
1606 3213 1770 3269 opera
1815 3197 1944 3253 licet

354 3303 480 3361 ﬁeri
521 3301 802 3359 Dominica
829 3298 939 3364 die,
970 3298 1023 3353 id
1060 3304 1164 3362 est,
1211 3294 1424 3350 hostilia
1452 3306 1630 3358 carra,
1663 3289 1938 3353 victualia,

353 3394 449 3451 vel
477 3393 720 3464 angaria,
751 3398 805 3446 et
828 3391 874 3446 si
901 3388 1041 3444 forte
1069 3402 1293 3443 necesse
1316 3385 1402 3449 sit,
1434 3397 1628 3454 corpus
1655 3381 1944 3451 cujuslibet

360 3484 487 3541 duci
513 3483 582 3538 ad
610 3481 934 3551 sepulcrum.
970 3473 1185 3533 (Unde
1231 3475 1401 3545 liquet
1446 3473 1647 3528 rectius
1680 3471 1809 3543 legi,
1836 3472 1943 3525 sive

354 3573 639 3629 Dominico
663 3571 770 3636 die,
794 3584 976 3640 quam,
1008 3575 1220 3637 excepto
1248 3564 1520 3619 Dominico
1541 3563 1645 3616 die.

438 3659 745 3716 ercomm
790 3657 1033 3713 monachi
1077 3671 1250 3710 servos
1296 3670 1399 3708 non
1446 3652 1657 3717 habent,
1705 3650 1945 3705 monachi

358 3751 727 3807 Romanorum
764 3749 973 3803 habent.
1003 3746 1082 3802 De
1124 3743 1409 3814 mancipiis
1436 3742 1802 3795 Romanorum
1831 3754 1945 3794 mo-

357 3845 668 3900 meliorum
690 3841 814 3896 vide
833 3838 1027 3896 concil.
1049 3836 1379 3908 Agathense,
1401 3848 1452 3888 c.
1474 3831 1575 3898 56;
1602 3845 1754 3887 conc.
1777 3829 1947 3901 Epao-

361 3951 561 4001 nense,
592 3949 712 3989 can.
746 3933 800 3988 8.

440 4065 769 4122 Manducant
826 4060 1047 4117 Romani
1090 4071 1109 4111 :
1160 4054 1334 4113 (ἕνωοὶ
1382 4068 1500 4108 vero
1553 4050 1696 4105 dicta
1741 4064 1951 4120 vespere

366 4157 531 4212 missa
578 4161 803 4209 caenam.
843 4151 921 4205 De
967 4148 1061 4203 tali
1109 4145 1259 4200 varia
1306 4140 1693 4198 consuetudine
1731 4138 1952 4195 omnino

366 4246 596 4317 insignis
620 4252 703 4300 est
741 4241 922 4312 regula
959 4253 1121 4309 quam
1156 4242 1375 4330 sanctus
1410 4230 1743 4301 Augustinus
1786 4230 1951 4284 inter-

369 4350 591 4410 rogatus
640 4336 860 4390 exhibet
904 4333 958 4387 in
1001 4347 1086 4401 ep.
1139 4329 1263 4393 “8,
1290 4320 1427 4395 ‘cap,
1475 4323 1530 4389 5,
1581 4323 1686 4377 hoc
1724 4320 1887 4376 modo
1928 4336 1942 4373 :

376 4448 397 4482 ι
434 4429 516 4486 Ad
553 4430 669 4484 haec
696 4428 878 4495 itaque
919 4424 993 4478 ita
1030 4419 1344 4491 respondeo,
1390 4424 1451 4471 ut
1495 4413 1626 4484 quid
1664 4412 1857 4466 borum
1882 4412 1954 4464 sit
1980 4432 2028 4490 θ

371 4517 699 4581 faciendum,
738 4515 785 4570 si
822 4513 1016 4569 divinae
1053 4510 1348 4578 Scriptura:
1384 4501 1691 4575 praescribit
1715 4499 1952 4555 auctori-

368 4621 459 4666 tas
481 4649 496 4677 ,
532 4625 641 4675 non
678 4607 751 4662 sit
788 4602 1145 4661 dubitandum
1180 4597 1316 4669 quin
1354 4596 1428 4649 ita
1450 4593 1635 4647 facere
1661 4590 1956 4645 debeamus

366 4711 435 4758 ut
460 4702 720 4771 legimus;
768 4703 830 4751 ut
850 4694 963 4765 jam
1013 4707 1122 4748 non
1155 4685 1424 4758 quomodo
1474 4680 1815 4743 faciendum,
1861 4676 1957 4733 sed

373 4769 646 4865 quomodo
681 4793 1082 4845 sacramentum
1126 4774 1535 4847 intelligendum
1572 4770 1673 4831 sit,
1718 4769 1955 4838 dispute-

370 4902 517 4943 mus.
564 4881 823 4939 Similiter
867 4877 1031 4931 etiam
1072 4872 1119 4927 si
1157 4869 1287 4940 quid
1340 4867 1536 4920 borum
1580 4868 1693 4915 tota
1743 4874 1839 4928 per
1867 4872 1957 4911 or-

374 4977 497 5031 bcm
510 4971 825 5041 frequentat
851 4962 1108 5021 Ecclesia.
1126 4959 1262 5015 Nam
1282 4958 1387 5012 hoc
1406 4952 1534 5022 quin
1551 4951 1625 5005 ita
1648 4948 1955 5003 faciendum

374 5068 471 5131 sit,
498 5065 774 5134 disputare
803 5054 1239 5115 insolentissimcc
1266 5047 1612 5143 insaniaeiest.
1653 5041 1759 5096 Sed
1782 5054 1956 5109 neque

377 5157 481 5213 hoc
510 5131 686 5224 neque
711 5151 842 5208 illud
867 5150 1012 5204 inest
1056 5146 1110 5200 in
1149 5158 1215 5198 eo
1236 5140 1377 5211 quod
1420 5131 1731 5205 tu'quzcris.
1765 5131 1957 5185 Restat

380 5248 546 5319 igitur
579 5254 641 5302 ut
677 5246 743 5301 de
775 5242 867 5298 illo
903 5240 1063 5297 tertio
1103 5251 1299 5308 genere
1328 5233 1399 5288 sit
1437 5228 1578 5300 quod
1605 5241 1702 5297 per
1729 5226 1846 5279 loca
1870 5238 1958 5278 re-

376 5315 676 5412 gionesque
699 5334 959 5390 variatur.
996 5328 1185 5384 Faciat
1206 5340 1343 5398 ergo
1370 5322 1598 5393 quisque
1624 5315 1769 5388 quod
1802 5315 1855 5369 in
1892 5328 1956 5369 ea

378 5407 622 5490 Ecclesia
659 5428 715 5483 in
743 5439 907 5496 quam
942 5422 1105 5483 venit,
1138 5416 1420 5474 invenerit.
1461 5411 1577 5467 Non
1616 5409 1760 5465 enim
1800 5407 1958 5478 quid-

379 5539 544 5596 quam
588 5533 775 5577 eorum
824 5522 1010 5572 contra
1056 5511 1213 5566 (idem
1258 5506 1359 5572 ﬁt,
1404 5511 1498 5560 aut
1542 5510 1730 5557 contra
1781 5512 1959 5554 mores

377 5591 510 5671 hinc
548 5612 634 5668 vel
659 5610 782 5666 inde
808 5607 1078 5664 meliores.
1107 5601 1202 5656 llis
1226 5597 1371 5654 enim
1405 5593 1604 5655 causis,
1646 5591 1699 5646 id
1729 5597 1833 5654 est,
1866 5596 1959 5643 aut

375 5712 604 5777 propter
649 5700 829 5764 ﬁdem,
888 5701 981 5751 aut
1020 5698 1241 5763 propter
1302 5698 1502 5749 mores,
1546 5681 1628 5739 vel
1682 5678 1955 5736 emendari

2044 3218 2341 3275 servientes
2368 3213 2547 3285 potius
2584 3225 2748 3280 quam
2799 3204 3036 3269 veritati,
3076 3212 3135 3257 ut
3165 3198 3394 3256 Romani
3421 3198 3629 3263 dicunt,

2043 3322 2270 3379 quorum
2323 3314 2547 3361 tonsura
2583 3303 2714 3355 aure
2760 3297 2830 3353 ad
2887 3307 3074 3350 aurem
3116 3297 3321 3346 tantum
3355 3286 3633 3357 continge-

2043 3374 2158 3465 bat,
2184 3413 2285 3470 pro
2304 3391 2622 3451 excellentia
2648 3390 2764 3459 ipsa
2782 3399 3071 3457 magorum
3098 3390 3341 3444 tonsura,
3383 3391 3490 3447 qua
3512 3374 3629 3431 sola

2043 3493 2194 3549 frons
2222 3486 2463 3543 anterior
2487 3483 2595 3553 tegi
2635 3479 2864 3543 solebat,
2888 3475 3153 3546 priorum.
3179 3470 3469 3524 Auctorem
3497 3478 3637 3520 vero

2046 3585 2205 3656 hujus
2250 3590 2486 3636 tonsura:
2529 3576 2583 3630 in
2613 3570 2871 3628 Hibernia
2898 3565 3195 3624 Subulcum
3224 3560 3365 3630 regis
3394 3556 3629 3628 Loigairi

2045 3674 2162 3739 ﬁlii,
2194 3670 2301 3728 illis
2325 3666 2602 3724 exstitisse
2630 3659 2853 3718 Patrieii
2904 3670 3083 3712 sermo
3108 3659 3363 3715 testatur,
3404 3663 3474 3702 ex
3518 3661 3629 3716 quo

2048 3765 2408 3821 Hibernenses
2425 3771 2564 3829 pene
2581 3767 2770 3810 omnes
2811 3751 2952 3805 hanc
2976 3754 3251 3800 tonsuram
3265 3743 3630 3808 sumpserunt.

2049 3856 2158 3913 Sed
2181 3853 2344 3917 Beda,
2359 3826 2456 3905 lib.
2473 3864 2527 3914 v,
2548 3860 2667 3917 cap.
2680 3843 2773 3909 si,
2790 3839 2956 3897 refert
2976 3834 3259 3908 epistolam
3274 3827 3527 3887 Ceolfridi
3542 3826 3636 3880 ab-

2047 3946 2191 4004 batis
2214 3944 2283 3999 ad
2310 3942 2598 3997 Naitanum
2625 3936 2718 4008 qui
2746 3935 2824 3991 sic
2846 3931 3055 4004 judicat
3091 3927 3157 3982 de
3186 3922 3487 3994 quaestione
3511 3924 3633 4008 tou-

2050 4049 2193 4092 sura‘.
2219 4050 2232 4087 :
2267 4050 2290 4084 ί
2324 4031 2523 4087 Verum
2551 4027 2599 4083 si
2627 4006 2871 4096 proﬁteri
2899 4018 3053 4074 nobis
3080 4015 3316 4068 liberum
3345 4018 3450 4075 est,
3500 4006 3628 4076 quia

2052 4135 2288 4182 tonsura:
2307 4121 2598 4179 discrimen
2625 4130 2732 4171 non
2763 4116 2975 4173 noceat,
3000 4104 3193 4176 quibus
3216 4114 3353 4173 pura
3377 4098 3432 4152 in
3456 4095 3628 4151 Deum

2053 4214 2187 4270 ﬁdes
2217 4221 2276 4268 et
2300 4210 2539 4267 charitas
2566 4205 2622 4259 in
2668 4200 2975 4275 proximum
3007 4195 3218 4250 sincera
3261 4197 3364 4253 est,
3396 4185 3627 4240 maxime

2053 4320 2178 4359 cum
2208 4314 2484 4369 nunquam
2507 4274 2764 4352 Patribus
2811 4284 3093 4345 catholicis
3129 4281 3267 4335 sicut
3296 4277 3364 4332 de
3404 4274 3628 4329 Pascha:

2054 4395 2139 4451 vel
2166 4391 2288 4447 lidei
2322 4387 2632 4444 diversitate
2658 4380 2963 4443 conﬂictus,
2993 4377 3071 4431 ita
3109 4372 3278 4428 etiam
3304 4369 3371 4424 de
3396 4374 3630 4422 tonsura:

2053 4484 2357 4543 dill‘erentia
2381 4481 2588 4550 legatur
2612 4475 2789 4544 aliqua
2818 4471 2986 4526 fuisse
3015 4460 3403 4522 controversia.
3440 4476 3458 4511 ι
3484 4457 3629 4512 Idem

2051 4580 2155 4635 fuit
2180 4577 2308 4631 olim
2340 4575 2407 4630 de
2437 4546 2732 4628 'Pascbatis
2774 4562 3074 4636 quatstione
3108 4556 3454 4624 antiquorum
3493 4546 3634 4604 mul-

2052 4681 2234 4727 torum
2267 4668 2491 4723 Patrum
2525 4659 2812 4731 judicium,
2864 4652 3008 4724 quod
3047 4650 3179 4706 satis
3228 4656 3495 4714 superque
3540 4640 3635 4696 de-

2052 4762 2262 4818 clarant
2285 4770 2472 4813 eorum
2501 4753 2725 4815 litterae,
2742 4762 2806 4801 ac
2832 4742 3132 4816 praesertim
3161 4735 3369 4800 lreuzei,
3399 4747 3520 4804 qua:
3538 4746 3635 4787 ex-

2060 4860 2208 4910 stant
2249 4850 2389 4921 apud
2410 4842 2702 4902 Eusebium
2732 4839 2826 4893 lib.
2855 4852 2913 4900 v,
2951 4849 3071 4904 cap.
3107 4830 3197 4895 24,
3227 4837 3389 4898 atque
3408 4821 3635 4921 epistola

2061 4912 2361 5000 Firmiliani
2412 4938 2480 4992 ad
2518 4942 2766 4990 sanctum
2815 4927 3141 4998 Cyprianum
3195 4921 3338 4976 inter
3377 4912 3634 4988 epistolas

2061 5036 2234 5094 sancti
2267 5029 2521 5105 Cypriani
2556 5025 2721 5082 edita.
2764 5020 2873 5078 Sed
2912 5018 3132 5074 deﬁnita
3170 5021 3252 5070 est
3285 5012 3374 5067 illa
3407 5006 3637 5080 quaestio

2060 5128 2280 5183 decreto
2323 5118 2538 5178 concilii
2573 5113 2799 5179 Nicmni,
2848 5111 2993 5182 quod
3020 5109 3271 5175 deinceps
3303 5114 3491 5156 omnes
3530 5110 3633 5150 ca-

2063 5215 2246 5273 tholici
2274 5209 2517 5268 unanimi
2548 5220 2812 5263 consensu
2848 5199 3079 5270 amplexi
3107 5201 3251 5250 sunt.
3298 5188 3432 5245 Vide
3464 5186 3637 5242 Euse-

2056 5311 2229 5373 bium,
2264 5306 2357 5361 lib.
2390 5318 2450 5357 ιιι
2482 5301 2546 5356 de
2569 5299 2688 5356 Vita
2711 5290 3066 5353 Constantini,
3095 5298 3213 5352 cap.
3242 5280 3339 5345 l9;
3380 5285 3634 5333 sanctum

2057 5397 2415 5457 Athanasium
2457 5393 2524 5447 de
2564 5387 2817 5463 Synodis,
2852 5389 2908 5437 et
2947 5380 3011 5434 ad
3054 5374 3336 5437 Africam;
3385 5373 3636 5424 sanctum

2060 5494 2352 5565 Epiphan.,
2367 5489 2562 5545 haeres.
2585 5498 2689 5539 Lxx
2711 5497 2725 5547 ;
2744 5482 2989 5534 sanctum
3005 5468 3054 5525 J.
3080 5467 3476 5565 Chrj'sostomq
3492 5462 3635 5518 orat.

2057 5556 2307 5655 Eii'tom.
2338 5583 2416 5650 V;
2450 5574 2796 5636 Tbeodoret.,
2836 5565 2929 5620 lib.
2960 5579 2999 5629 ι,
3034 5574 3150 5630 cap.
3183 5556 3235 5614 8.
