3942 6182
396 257 434 335 ’1
452 256 555 334 ΗΒ

1021 373 1257 448 CAPUT.
1288 393 1351 448 Χ.

830 575 837 582 .
878 500 952 558 De
985 506 1180 558 vexatis
1208 524 1240 559 a
1269 504 1497 559 diabolo.

478 584 548 651 Et
576 592 679 650 non
721 591 839 649 ἀιιεὶ
869 602 1048 649 sumus
1104 598 1255 650 orare
1304 596 1398 667 pro
1442 595 1555 650 illo.
1587 594 1753 652 Cone.
1799 596 1976 651 Aure-

403 666 644 742 lianense
668 702 730 751 ιι,
756 681 875 740 cari.
906 683 1012 739 15:
1048 682 1065 737 i
1102 666 1413 741 Oblaliones
1449 680 1843 747 defunctorum,
1887 685 1978 754 qui

404 760 460 833 in
500 777 681 848 aliquo
720 776 947 830 crimine
993 774 1195 831 fuerint
1233 775 1541 845 interempti
1590 772 1756 845 recipi
1780 775 1978 830 debere

405 874 709 931 censemus,
747 867 792 921 si
821 875 1000 921 tamen
1035 872 1145 921 nbn
1188 867 1289 936 ipsi
1331 866 1432 920 sibi
1474 875 1704 921 mortem
1744 865 1979 934 proben-

404 956 495 1015 tur
527 956 758 1030 propriis
811 957 1059 1040 manibus
1114 956 1377 1012 intulisse.
1418 977 1437 1009 ι
1495 956 1698 1011 Concil.
1748 955 1979 1035 Bracha-

405 1046 561 1106 rense
591 1066 650 1116 ιι,
675 1044 795 1104 ean.
821 1035 889 1103 l6
918 1066 931 1102 :
962 1067 980 1099 ι
1016 1038 1148 1102 Item
1186 1046 1386 1117 placuit
1410 1055 1467 1099 ut
1492 1046 1579 1127 his
1615 1044 1706 1114 qui
1733 1043 1833 1100 sibi
1850 1043 1979 1114 ipsis

403 1151 497 1198 aut
519 1156 617 1211 per
644 1140 870 1205 ferrum,
896 1146 991 1193 aut
1025 1152 1124 1208 per
1145 1152 1433 1204 venenum,
1472 1144 1565 1190 aut
1610 1150 1707 1206 per
1733 1134 1979 1203 principi-

404 1213 560 1308 tium,
589 1239 681 1288 aut
707 1230 1077 1302 suspendium,
1112 1230 1197 1285 vel
1226 1229 1465 1299 quolibet
1490 1229 1650 1284 modo
1682 1222 1979 1308 viclentam

402 1304 643 1380 inferunt
684 1332 935 1386 mortem,
989 1308 1133 1377 nulla
1163 1336 1260 1390 pro
1304 1320 1412 1376 illis
1440 1319 1495 1375 in
1533 1304 1806 1394 ablatione
1832 1334 1979 1374 com-

402 1412 724 1473 memoratio
748 1412 863 1480 tiat,
901 1410 1075 1481 neque
1114 1412 1237 1466 cum
1279 1409 1503 1481 psalmis
1548 1409 1617 1464 ad
1648 1408 1978 1479 sepulturam

402 1510 592 1563 ‘eorum
616 1506 880 1560 cadavera
906 1502 1255 1557 deducantur.
1282 1498 1432 1555 Multi
1460 1496 1605 1555 enim
1633 1499 1735 1554 sibi
1761 1499 1863 1554 hoc
1882 1513 1981 1570 per

316 1624 319 1625 ν
403 1575 764 1668 ignorantiam
786 1591 1201 1660 uSurpaverunt.
1232 1608 1251 1642 ι
1282 1588 1495 1644 Concil:
1516 1585 1977 1653 Antisiodorense,

401 1682 526 1745 'can.
556 1689 621 1743 l7
649 1706 662 1741 :
691 1705 708 1738 ι
738 1680 1361 1754 Quicunquesepropria
1380 1679 1659 1735 veluntate
1703 1678 1757 1734 in
1780 1693 1975 1748 aquam

397 1758 706 1852 iactaverii,
735 1781 830 1830 aut
867 1772 1062 1849 collum
1090 1763 1355 1842 ligaverit,
1383 1776 1474 1824 aut
1495 1770 1561 1825 de
1610 1768 1805 1823 arbore
1838 1782 1976 1838 prae-

404 1868 724 1941 cipitaverit,
773 1872 865 1921 aut
901 1863 1045 1918 ferro
1072 1861 1425 1941 percusserit,
1479 1868 1572 1914 aut
1607 1858 1847 1929 qualibet
1882 1862 1976 1913 oc”-

402 1961 619 2017 easione
639 1956 957 2013 voluntaria:
977 1969 1035 2011 se
1057 1953 1220 2008 morti
1247 1943 1549 2017 tradiderit,
1575 1945 1799 2006 istorum
1827 1949 1977 2004 obla-

401 2029 480 2104 iio
533 2064 639 2104 non
680 2047 989 2117 recipiatur.
1028 2065 1047 2099 ι
1098 2044 1300 2100 Eadem
1365 2042 1633 2098 sententia
1677 2039 1874 2111 leg’imr
1918 2038 1976 2093 in

396 2120 623 2197 iudiciis
668 2138 917 2209 Gregorii
963 2136 1047 2203 ιιι,
1095 2151 1143 2191 c.
1172 2136 1274 2202 52;
1306 2136 1360 2190 in
1405 2133 1699 2205 Capitular.
1747 2132 1842 2187 lib.
1876 2128 1975 2198 vix,

400 2229 450 2285 'c.
487 2212 611 2284 3547.
643 2229 777 2285 Vide
802 2227 1089 2298 Halitgar.,
1133 2225 1230 2292 lib,
1263 2241 1337 2290 ιν,
1371 2238 1420 2279 c.
1459 2224 1528 2289 6;
1561 2221 1777 2292 Βάτεια,
1816 2221 1910 2277 lib.
1935 2232 1975 2276 ιι

401 2304 468 2376 de‘
492 2302 863 2377 ECclesiasicis
891 2314 1219 2386 niaiptiuis,
1269 2329 1319 2369 c.
1350 2313 1438 2370 92.
1469 2311 1636 2368 Paulo
1665 2318 1788 2382 post
1828 2308 1978 2366 addit

395 2391 759 2463 ibeodo’r’us':
815 2425 833 2457 ι
868 2405 970 2473 Qui
1016 2410 1074 2460 se
1111 2403 1371 2459 occiderit
1414 2401 1634 2472 propria
1678 2400 1976 2466 voluntate,

396 2495 594 2554 missas
618 2500 717 2568 pro
744 2504 809 2552 eo
834 2494 1013 2551 facere
1044 2509 1151 2549 non
1181 2493 1329 2558 licet,
1359 2492 1455 2547 sed
1483 2500 1690 2546 tantum
1721 2503 1882 2546 orare
1924 2498 1980 2545 et

398 2590 770 2662 cleemosynas
819 2589 1024 2659 largiri.
1061 2606 1080 2640 ι
1131 2577 1308 2653 Quam
1347 2584 1687 2640 sententiam
1734 2582 1980 2652 sequitur

398 2680 655 2753 magister
703 2677 973 2737 Robertus
1022 2679 1087 2734 dc
1134 2676 1483 2733 FlameSbu'ré
1526 2666 1582 2731 in
1652 2686 1755 2731 suo‘
1797 2673 1978 2730 Pumi-

404 2768 633 2832 tentiali.
1313 2761 1320 2767 ’
1901 2836 1909 2847 ,

398 2856 604 2924 Selecta
628 2882 693 2922 ex
732 2860 1088 2920 Potnitentiali
1116 2877 1213 2915 ms.
1250 2857 1488 2931 magistri
1515 2856 1724 2913 Roberti
1747 2852 1812 2910 de
1840 2851 1977 2911 Fla'-

902 2932 1137 2987 mesbure
1150 2971 1165 2997 ,
1215 2930 1304 2985 lib.
1344 2930 1419 2984 iv.

1477 280 1570 336 ιιι)
1607 259 2146 336 Mummium
2185 262 2532 333 THEODOR‘I

1964 403 1976 412 ο
2007 391 2047 448 Α
2079 387 2303 458 pietatis
2319 396 2445 444 sunt
2467 378 2814 445 conferenda.
2838 407 2861 442 ι
2881 382 2977 446 Vir
2990 390 3062 446 cl.
3086 390 3135 445 J.
3153 386 3470 448 Sirmon'dus
3482 394 3656 452 anim;

3516 278 3653 337 il“

2080 477 2313 535 advertit
2361 478 2690 534 oblationem
2716 494 2818 549 pro
2861 494 2928 535 eo
2958 479 3051 551 qui
3098 481 3201 536 sibi
3231 496 3329 552 per
3362 485 3655 540 amentiam

2078 575 2310 621 mortem
2337 567 2683 633 consciverit,
2711 566 2831 623 ﬁeri
2852 583 3034 638 posse,
3053 578 3111 625 et
3129 569 3416 626 conﬁrmat
3430 587 3657 644 respon-

2079 654 2232 710 sione
2247 654 2515 710 Timothei
2540 655 2891 711 Alexandrini
2917 673 3038 712 can.
3069 659 3155 714 15.
3179 658 3316 714 Cum
3336 660 3442 717 hoc
3463 662 3516 716 in
3534 663 3655 721 loco

2079 745 2309 812 quaestio
2333 744 2405 798 sit
2433 744 2501 799 de
2524 751 2746 814 peccato
2775 744 2987 811 furiosi,
3015 762 3124 801 non
3145 748 3253 803 erit
3275 748 3511 806 alienum
3531 767 3654 822 pro-

2078 846 2279 901 ponere
2296 832 2620 887 sententiam
2645 834 2888 905 magistri
2910 834 3245 906 Prazpositivi
3269 839 3374 893 viri
3398 855 3498 896 suo
3516 850 3651 898 tem-

2076 924 2209 994 pore
2254 924 2398 979 inter
2441 925 2795 982 sebolasticds
2824 929 3040 993 summi,
3068 931 3157 999 qui
3189 931 3244 987 in
3286 948 3383 988 sua
3426 934 3649 991 Summa

2076 1027 2289 1068 omnem
2319 1012 2481 1068 solvit
2509 1012 2879 1070 dilll‘cultatem
2907 1012 3232 1075 auctoritate
3257 1019 3507 1092 Gregorii
3535 1024 3578 1078 l.

2080 1103 2284 1158 Selecta
2312 1119 2376 1158 ea:
2403 1102 2621 1159 Summa
2650 1120 2750 1160 ms.
2769 1103 3100 1177 Pra’positivi
3130 1109 3195 1163 de
3208 1121 3421 1180 peccato
3446 1113 3650 1181 furiosi.

2156 1210 2175 1244 ι
2211 1191 2365 1248 Sicut
2393 1194 2655 1263 quzeritur
2683 1196 2749 1251 de
2777 1196 3009 1264 delictis,
3048 1197 3121 1252 ita
3148 1192 3215 1253 de
3255 1201 3342 1256 his
3369 1205 3493 1271 qua:
3527 1203 3655 1258 ﬁunt

2078 1290 2259 1339 mente
2278 1284 2526 1349 alienata,
2547 1286 2630 1340 vel
2656 1301 2756 1356 per
2794 1295 3121 1344 nocturnum
3147 1292 3439 1360 somnium,
3477 1303 3651 1350 utrum

2079 1373 2188 1428 sint
2215 1373 2547 1443 imputanda.
2581 1375 2650 1429 Et
2678 1376 2890 1432 videtur
2911 1379 3055 1448 quod
3083 1387 3212 1448 ndn,
3244 1379 3371 1452 quia
3401 1384 3653 1455 Augusti-

2079 1477 2184 1521 nus
2220 1466 2351 1521 dicit
2379 1482 2392 1519 :
2425 1464 2652 1536 Aliquos
2682 1470 2885 1523 scimus
2911 1470 3093 1525 subito
3125 1468 3407 1528 dementes
3454 1473 3652 1541 factos,

2082 1554 2247 1620 ferro,
2288 1554 2450 1620 fuste,
2495 1563 2553 1609 et
2579 1553 2849 1625 lapidibus
2874 1558 3075 1615 multos
3098 1558 3369 1627 ohrulsse,
3398 1566 3656 1632 quosdam

2081 1646 2347 1702 occidisse
2405 1661 2419 1699 :
2474 1656 2662 1715 captos
2708 1661 2838 1701 vero
2879 1656 2935 1702 et
2974 1648 3143 1717 iudici
3183 1651 3394 1707 oblatos
3441 1654 3656 1708 minime

2008 1716 2051 1777 Β
2080 1742 2203 1792 reos
2239 1734 2431 1802 factos,
2481 1736 2609 1806 quia
2637 1752 2744 1792 non
2771 1716 3074 1804 voluntate,
3113 1741 3209 1796 sed
3233 1743 3422 1798 nescio
3459 1758 3565 1813 qua
3606 1746 3656 1800 vi

2075 1825 2384 1897 impellente
2428 1826 2534 1882 hoc
2584 1826 2850 1883 fecerunt.
2901 1828 3034 1884 Item
3084 1829 3416 1902 Augustinus
3462 1847 3479 1888 :
3534 1833 3657 1901 Quis

2074 1926 2266 1988 peccat
2305 1918 2362 1973 in
2390 1932 2456 1973 eo
2482 1918 2626 1989 quod
2655 1933 2847 1974 cavere
2895 1932 3004 1975 non
3032 1923 3250 1990 potest?
3298 1924 3455 1993 quasi
3488 1925 3654 1991 dicat,

2075 2006 2275 2062 nullus.
2326 2007 2460 2062 Item
2505 2024 2519 2062 :
2560 2026 2578 2058 ι
2616 2007 2674 2063 Si
2718 2010 3152 2078 concupiscentia
3195 2028 3315 2082 quae
3346 2014 3415 2068 ad
3457 2014 3563 2070 hoc
3608 2016 3657 2070 in

2077 2097 2339 2153 membris
2386 2094 2727 2153 moribundis
2775 2098 3003 2164 habitat,
3033 2100 3240 2170 absque
3281 2100 3437 2170 culpa
3482 2111 3569 2157 est
3608 2104 3658 2157 in

2077 2194 2258 2242 mente
2304 2186 2417 2242 sive
2459 2187 2517 2242 in
2564 2201 2791 2258 corpore
2839 2190 3160 2246 dorrhienti's
3206 2202 3458 2262 :quanto
3495 2197 3659 2266 magis

2077 2276 2284 2349 absque
2309 2278 2466 2349 culpa
2496 2288 2581 2335 est
2611 2280 2668 2335 in
2698 2296 2923 2352 corpore
2946 2298 3053 2338 non
3075 2286 3496 2343 consentientis.
3527 2288 3659 2360 Ergo

2076 2369 2191 2425 sive
2217 2368 2380 2425 fuerit
2406 2375 2586 2426 urente
2612 2362 2863 2439 alienata;
2909 2375 3021 2430 sive
3064 2390 3160 2445 per
3205 2378 3516 2443 somnium,
3547 2394 3647 2434 non

2079 2459 2391 2529 imputatur.
2423 2459 2530 2516 Sed
2557 2462 2624 2517 ad
2652 2463 2756 2519 hoc
2789 2464 3147 2534 respdndetur
3181 2474 3239 2521 et
3289 2468 3497 2524 dicitur
3522 2471 3656 2539 quod

2078 2550 2196 2606 haec
2237 2551 2584 2623 intelligenda
2621 2562 2769 2621 sunt,
2813 2569 2937 2610 eum
2963 2557 3085 2626 quis
3117 2557 3273 2627 culpa
3300 2575 3399 2614 sua
3442 2562 3504 2615 in
3530 2563 3659 2617 hanc

2074 2640 2457 2696 necessitatem
2482 2656 2590 2697 non
2619 2645 2786 2699 venit.
2827 2663 2846 2696 ι
2873 2645 3125 2700 Etinfra:
3156 2665 3174 2699 ι
3198 2648 3523 2706 Communis
3550 2666 3661 2707 sen-

2079 2729 2247 2785 tentia
2267 2731 2652 2800 magistrorum
2673 2742 2756 2787 est
2775 2770 2790 2799 ,
2824 2736 2968 2804 quod
2990 2735 3078 2789 illa
3094 2737 3453 2807 imputantur,
3474 2741 3529 2795 in
3551 2741 3658 2811 qui-

2078 2820 2179 2874 bus
2202 2820 2325 2890 quis
2344 2822 2493 2875 venit
2517 2822 2670 2893 culpa
2693 2838 2809 2887 sua,
2843 2832 2899 2879 et
2919 2826 3021 2881 hoc
3048 2826 3309 2896 probatur
3338 2832 3659 2886 auctoritate

2078 2911 2223 2967 beati
2261 2912 2507 2983 Gregorii
2534 2913 2622 2983 qui
2660 2912 2959 2970 illusionem
2990 2926 3311 2973 nocturnam
3338 2920 3656 2992 distinguit,

468 3029 548 3082 De
579 3038 639 3082 eo
679 3027 770 3099 qui
808 3024 1139 3094 semetipsum
1170 3021 1376 3087 occidit,
1409 3029 1501 3075 aut
1538 3018 1723 3090 laqueo
1766 3034 1821 3073 se
1860 3033 1974 3072 sus-

2080 2998 2223 3071 quod
2252 2998 2300 3057 si
2322 3018 2390 3058 ex
2416 3011 2625 3059 natura:
2669 3003 3037 3074 superﬂuitate
3078 3006 3161 3063 vel
3200 3008 3526 3068 infirmitate
3566 3012 3658 3067 tibi

398 3080 1098 3192 inbrlitdCdnsiderandum
1141 3121 1247 3179 est,
1287 3080 1421 3167 ut'si
1455 3111 1580 3181 quis
1603 3080 1808 3180 parens
1844 3107 1976 3164 velit
2003 3080 2050 3146 ε
2081 3093 2311 3192 ν-θηθτίίὶ
2347 3094 2583 3192 timenda
2614 3106 2721 3150 ηοῐι
2749 3105 2867 3152 es“
2901 3099 2946 3153 Si
2993 3114 3064 3192 θεν
3106 3100 3285 3169 ουιρθν
3315 3117 3345 3155 θ
3373 3114 3655 3159 consectt-

393 3207 797 3282 eleemosynam
828 3206 975 3273 dare,
1005 3206 1207 3262 tribuat
1226 3222 1256 3277 _:
1280 3213 1336 3260 et
1367 3203 1642 3259 orationes
1668 3201 1723 3255 in
1742 3198 1978 3271 psalmo-

398 3291 504 3359 diis
554 3299 718 3357 faciat
755 3315 769 3354 :
814 3297 1179 3355 oblationibus
1226 3298 1405 3351 tanien
1440 3301 1496 3349 et
1540 3293 1723 3348 missis
1770 3298 1975 3347 careat.

402 3396 425 3445 ’ἆ
453 3382 771 3462 Quicunque
800 3405 859 3446 se
879 3385 1398 3460 propriavoluntate
1435 3392 1529 3439 aut
1556 3385 1612 3438 in
1652 3398 1790 3453 aqua
1809 3380 1980 3450 jacta-

400 3485 558 3550 verit,
590 3486 683 3538 aut
716 3482 912 3538 collum
946 3480 1211 3553 ligaverit,
1241 3485 1336 3534 aut
1358 3478 1425 3533 de
1451 3477 1647 3533 arbore
1674 3475 1981 3546 praccipita-

398 3570 559 3639 ‘verit,
601 3581 696 3628 aut
733 3572 936 3629 furiose
986 3568 1331 3640 percusserit,
1390 3577 1487 3622 aut
1542 3566 1783 3637 qualibet
1821 3580 1981 3621 occa—

394 3664 553 3721 ‘sio'ne'
582 3671 773 3734 sponte
815 3677 908 3717 sua
941 3672 999 3715 se
1024 3659 1186 3714 morti
1211 3657 1521 3722 tradiderit,
1549 3657 1779 3710 istorum
1798 3653 1978 3711 oblata

398 3756 510 3813 'noh
534 3756 886 3825 recipiantur.
919 3749 1000 3806 Tu
1031 3749 1239 3816 dixisti,
1279 3749 1498 3819 Laqueo
1528 3747 1758 3802 traditor
1793 3745 1975 3818 periit,

398 3844 655 3918 laqueum
684 3843 879 3899 talibus
908 3840 1215 3911 dereliquit,
1259 3841 1363 3896 hoc
1389 3840 1458 3895 ad
1483 3855 1583 3896 nos
1610 3838 1832 3895 omnino
1870 3853 1978 3895 non

398 3933 635 4009 pertinet
682 3954 694 3989 :
737 3950 843 3990 non
872 3933 1018 3988 enim
1062 3945 1384 3986 veneramur
1421 3931 1639 3985 nomine
1679 3938 1978 4001 martyrum

398 4029 495 4085 eos
524 4027 617 4100 qu'i
644 4025 748 4083 sibi
786 4024 982 4080 collum
1011 4022 1317 4094 ligaverint.
1341 4021 1552 4075 Placuit
1580 4028 1639 4075 ut
1666 4021 1734 4076 iis
1755 4061 1770 4080 .
1810 4028 1915 4075 etc.
1952 4039 1971 4072 ι

399 4118 480 4174 Ex
511 4118 718 4174 canone
745 4115 811 4170 16
849 4114 1065 4170 concilii
1091 4112 1475 4168 Bracharensis
1502 4128 1564 4168 ιι.

472 4210 529 4267 Si
556 4212 673 4282 quis
717 4206 887 4263 subita
927 4205 1211 4261 tentatione
1240 4213 1410 4259 mente
1442 4218 1540 4257 sua
1583 4204 1866 4271 exciderit,
1899 4204 1977 4259 vel

398 4299 491 4373 per
512 4296 773 4355 insaniam
798 4298 1020 4368 seipsum
1051 4294 1317 4359 occiderit,
1355 4294 1570 4366 quidam
1600 4312 1695 4365 pro
1742 4311 1802 4350 eo
1843 4297 1974 4350 mis-

2084 3185 2228 3240 tione
2255 3187 2585 3242 sacramenti
2611 3196 2831 3244 arcetur
2878 3191 3156 3256 sacerdos,
3187 3192 3291 3247 etsi
3325 3208 3435 3248 non
3477 3211 3511 3248 a
3547 3196 3661 3264 perL

2079 3277 2344 3346 ceptione,
2378 3278 2482 3332 nisi
2525 3277 2617 3333 ubi
2644 3279 2939 3336 necessitas
2966 3282 3209 3352 exegerit
3234 3291 3294 3338 ut
3322 3284 3513 3340 divina
3535 3284 3658 3341 celeL

2076 3366 2304 3421 brentur
2332 3367 2400 3422 ab
2423 3381 2508 3423 eo.

2681 3482 2907 3541 CAPUT
2944 3466 3034 3541 iu.

2398 3577 2476 3647 De
2529 3581 2901 3664 quaestionibus
2947 3597 3333 3670 catgingibrum.

2152 3679 2256 3746 Qui
2296 3681 2352 3735 in
2401 3684 2735 3737 matrimonio
2778 3696 2921 3750 sunt,
2954 3696 3058 3740 tres
3118 3698 3293 3743 noctes
3343 3691 3653 3747 abstineant.

2080 3768 2312 3826 Sanctus
2337 3770 2691 3843 Augustinus,
2720 3774 2858 3830 libro
2882 3793 2918 3830 ιι
2949 3786 3138 3832 contra
3187 3777 3467 3835 Iulianum
3516 3781 3655 3849 Pcla:

2073 3861 2297 3927 gianum
2327 3874 2393 3914 ex
2421 3860 2559 3915 libro
2586 3861 2652 3916 de
2696 3862 3040 3934 Philosophia
3092 3869 3264 3922 sancti
3316 3868 3594 3926 Ambrosii
3636 3890 3651 3925 :

2085 3967 2105 4000 α
2140 3949 2311 4004 Mater
2336 3957 2514 4004 autem
2538 3950 2791 4006 vitiorum
2819 3955 3059 4009 omnium
3094 3956 3514 4027 incontinentia,
3543 3976 3655 4032 qua

2080 4040 2247 4094 etiam
2272 4039 2419 4095 licita
2443 4049 2619 4096 vertat
2644 4042 2698 4096 in
2721 4043 2934 4098 vitium.
2965 4045 3197 4116 Ideoque
3223 4047 3520 4119 Apostolus
3551 4067 3652 4108 non

2078 4128 2252 4184 solum
2283 4147 2313 4185 a
2351 4128 2709 4186 fornicatione
2739 4147 2838 4188 nos
2882 4134 3143 4200 retrahit,
3175 4151 3366 4192 verum
3415 4140 3475 4194 in
3523 4141 3650 4212 ipsis

2079 4221 2343 4292 coniugiis
2372 4221 2587 4277 modum
2614 4224 2897 4293 quemdam
2921 4225 3099 4290 docet,-
3125 4235 3181 4281 et
3226 4238 3479 4300 tempora
3526 4247 3653 4303 prae-

2078 4314 2266 4369 scribit
2290 4314 2499 4369 orandi.
2554 4313 2931 4384 Intemperans
2954 4318 3099 4372 enim
3134 4320 3197 4373 in
3226 4323 3504 4393 coniugio,
3531 4323 3651 4394 quid

399 4408 486 4447 δαδ
512 4390 733 4460 ludum-
759 4385 1088 4484 Τίλθθβδίίιιξ
1107 4384 1505 4484 θίθιθηάτίίξυε
1527 4385 1582 4438 in
1609 4384 1722 4440 θυῖε
1750 4399 1977 4484 resimi:
2008 4422 2053 4482 ι)
2081 4404 2224 4460 aliud
2249 4406 2351 4460 nisi
2378 4404 2595 4475 quidam
2622 4407 2832 4463 adulter
2859 4408 3046 4465 utor-is
3070 4418 3173 4465 est.
3214 4431 3232 4464 ι
3268 4384 3650 4484 Ειιςέφιίδιιθς

395 4482 647 4540 'sionibus
693 4479 970 4535 canonicis
1012 4477 1080 4532 ad
1121 4477 1608 4547 interrogationem
1658 4492 1751 4532 xlv
1795 4494 1808 4532 :
1849 4497 1869 4531 ‹
1917 4478 1975 4534 Si

400 4574 541 4646 ιἰιιῖε,
573 4574 696 4630 cum
725 4573 809 4629 s'ui
837 4586 1057 4642 compos
1086 4584 1193 4625 non
1221 4579 1387 4635 esset,
1427 4569 1532 4625 sibi
1578 4585 1798 4626 manum
1829 4580 1975 4628 attu-

397 4651 543 4729 lerit,
575 4664 660 4720 vel
702 4662 866 4718 etiam
898 4669 956 4717 Sc
987 4661 1430 4731 praecipitaverit,
1477 4660 1607 4716 fitne
1636 4662 1860 4731 oblatio,
1906 4682 1973 4720 an

404 4755 543 4809 non?
572 4753 879 4826 Responsio.
912 4752 1026 4807 Hoc
1060 4752 1221 4807 debet
1245 4751 1478 4807 clericus
1517 4753 1861 4819 discernere,
1904 4771 1973 4810 an

402 4844 589 4900 revera
617 4846 720 4899 hoc
749 4843 960 4909 fecerit,
999 4858 1123 4898 cum
1164 4851 1309 4899 esset
1331 4850 1530 4898 emota:
1571 4845 1786 4900 mentis.
1818 4844 1973 4917 Saepe

405 4934 552 4994 enim
578 4937 615 4990 ii
643 4935 735 5006 qui
778 4936 844 4989 ad
875 4943 997 4990 eum
1025 4937 1110 4990 cui
1152 4938 1257 4993 hoc
1283 4939 1481 4994 accidit
1507 4939 1755 5005 attinent,
1789 4941 1974 4997 volen-

403 5023 484 5089 tes
533 5031 789 5102 consequi
837 5030 1165 5087 oblationem
1217 5044 1272 5088 et
1325 5036 1626 5092 oratiunem
1678 5050 1778 5108 pro
1825 5036 1971 5108 ipso,

402 5125 758 5189 mentiuntur,
804 5130 859 5178 et
906 5119 1090 5178 dicunt
1138 5134 1261 5179 eum
1297 5126 1402 5181 non
1451 5126 1624 5183 fuisse
1664 5130 1804 5199 apud
1853 5145 1911 5185 se
1958 5149 1970 5184 :

402 5214 784 5285 I'ionnunquam
807 5208 986 5269 autem
1003 5210 1226 5285 propter
1247 5214 1650 5273 insultationem
1668 5218 1970 5285 hominum,

401 5292 485 5363 vel
512 5307 692 5378 aliquo
737 5305 841 5361 alio
872 5305 1030 5360 modo
1058 5314 1154 5376 per
1199 5304 1579 5378 negligentiam
1618 5310 1724 5365 hoc
1753 5308 1968 5366 fecisse.

399 5381 553 5451 Tunc
580 5406 759 5452 autem
812 5412 918 5452 non
970 5395 1055 5452 est
1088 5392 1251 5467 super
1291 5412 1416 5453 eum
1448 5398 1694 5456 facienda
1733 5402 1969 5468 oblatio,

401 5486 651 5540 cst’enim
679 5487 759 5541 sui
792 5485 1081 5541 homicida.
1115 5485 1339 5556 Oportet
1365 5494 1495 5558 ergo
1524 5488 1780 5545 clericum
1813 5506 1974 5546 accu-

402 5587 522 5649 rate
568 5578 850 5642 sciscitari,
905 5580 973 5633 nc
1022 5580 1075 5633 in
1119 5578 1380 5647 judicium
1435 5581 1655 5637 incidat.
1690 5604 1708 5634 ι
1762 5582 1968 5637 Concil.

402 5660 827 5733 Arausicanum,
880 5683 997 5722 ean.
1041 5668 1102 5722 l3
1142 5687 1213 5735 ει
1269 5669 1585 5727 Amentibus
1641 5687 1973 5744 qurecunque

2080 4495 2298 4567 Egberti
2325 4496 2683 4553 Eboracensis
2706 4500 3123 4571 archiepiscopi,
3151 4518 3275 4557 can.
3311 4504 3417 4559 110
3447 4524 3460 4559 :
3501 4525 3519 4558 ι
3554 4505 3649 4572 Qui

2078 4588 2131 4641 in
2161 4587 2505 4642 matrimonio
2534 4596 2678 4653 sunt,
2711 4589 3021 4645 abstineant
3050 4606 3109 4647 se
3139 4601 3250 4648 tres
3279 4603 3470 4650 noctes
3508 4603 3650 4649 ante-

2079 4694 2240 4748 quam
2264 4678 2681 4746 communicent,
2707 4687 2762 4734 et
2784 4696 2946 4736 unam
2971 4690 3257 4751 postquam
3286 4685 3648 4741 communica-

2075 4768 2270 4822 verint.
2297 4767 2424 4824 lude
2448 4769 2523 4823 ait
2551 4769 2841 4839 Apdstolus
2870 4788 2884 4824 :
2921 4771 3099 4826 Nolite
3121 4772 3381 4841 fraudare
3413 4775 3644 4840 invicem,

2077 4862 2178 4915 nisi
2220 4877 2285 4916 ea:
2328 4878 2613 4929 consensu,
2654 4872 2711 4917 ut
2758 4866 2948 4919 vacetis
2991 4868 3217 4921 orationi
3252 4869 3324 4921 ad
3358 4877 3580 4939 ternpus.
3623 4884 3642 4920 ι

2074 4951 2219 5008 Beda
2251 4954 2317 5010 de
2353 4954 2627 5010 Remediis
2664 4957 3046 5025 peccatorum,
3073 4975 3194 5029 cap.
3227 4960 3296 5015 10
3328 4978 3343 4992 ·
3382 4978 3403 5012 ι
3451 4962 3555 5028 Qui
3596 4961 3647 5013 in

2075 5044 2421 5100 matrimonio
2448 5047 2573 5101 sunt
2600 5047 2907 5102 abstineant
2933 5063 2993 5103 se
3038 5059 3151 5104 tres
3186 5051 3643 5122 quadragesimas,

2074 5141 2131 5188 et
2157 5133 2211 5187 in
2235 5133 2514 5190 DominiCa
2543 5142 2723 5202 nocte,
2748 5146 2803 5193 et
2830 5138 2884 5192 in
2912 5137 3166 5201 Sabbato,
3192 5149 3246 5195 et
3273 5139 3412 5196 feria
3436 5148 3643 5212 quarta,

2074 5228 2128 5275 et
2157 5221 2313 5275 tertia
2340 5222 2433 5292 qui
2464 5222 2700 5291 legitime
2730 5236 2877 5291 sunt,
2905 5236 2960 5281 et
2989 5235 3102 5282 tres
3128 5236 3314 5283 noctes
3344 5229 3646 5284 abstineant

2079 5325 2139 5366 se
2166 5319 2453 5381 antequam
2481 5315 2895 5370 communicent.
2929 5335 2947 5368 ι
2976 5316 3111 5372 Vide
3133 5317 3488 5387 Reginonem,
3513 5317 3642 5374 lib.t

2079 5400 2148 5456 de
2175 5400 2569 5458 Ecclesiasticis
2594 5403 2921 5474 Disciplinis,
2949 5421 3067 5475 cap.
3100 5407 3235 5470 551,
3263 5424 3332 5463 ex
3375 5408 3641 5465 Paeniten-

2079 5492 2212 5547 tiali.
2242 5492 2376 5549 Vide
2404 5506 2617 5563 quoque
2645 5496 2895 5566 antiquos
2924 5496 3334 5554 Poenitentiales
3358 5500 3560 5566 libros,
3585 5510 3643 5553 at:

2077 5583 2344 5654 praecipue
2371 5582 2810 5653 Andegavensem
2840 5604 2877 5642 ιι
2916 5596 2971 5642 et
3000 5604 3097 5652 ιιι,
3127 5589 3180 5643 in
3211 5591 3507 5660 appendice
3550 5588 3638 5643 lib.

2078 5674 2144 5730 de
2172 5673 2491 5730 Pmniteatia
2522 5676 2621 5732 viri
2653 5678 2947 5735 doctissimi
2973 5678 3020 5734 l.
3056 5679 3266 5737 Morini.
3302 5682 3506 5749 Quibus
3550 5680 3637 5749 ad-
