3968 6180
253 254 396 330 ωε

1395 266 1969 343 ΟΒΒΕΒΫΑΤΙΟΝΕε
2008 287 2096 342 er
2134 272 2363 345 item.

3373 306 3506 363 1146

149 368 155 373 ’
241 382 475 456 jungam
501 398 624 455 quae
643 384 809 457 selegi
837 402 902 447 ex
932 390 1098 445 veteri
1124 392 1308 449 codice
1352 410 1454 450 ms.
1502 398 1604 452 viri
1644 398 1830 455 claris-
1857 406 1903 462 Α
1935 415 2031 464 sex
2071 400 2272 458 solidos
2309 404 2514 460 reddat.
2558 423 2577 459 ι
2617 407 2896 466 Theodulli
2934 411 3340 471 Aurelianensis
3367 423 3511 490 rapi»

248 474 378 531 simi
405 474 618 530 Wionis
645 476 848 532 domini
879 477 1207 536 Herouvallii
1226 523 1241 548 ,
1267 483 1335 537 de
1360 486 1536 552 pomis
1566 503 1665 557 pro
1706 504 1834 558 pec-

1936 489 2107 544 tulare
2147 491 2249 547 H5
2289 509 2303 546 :
2351 512 2369 544 ‹
2410 492 2801 553 Abstinendum
2841 512 2925 556 est
2954 503 3097 558 enim
3137 506 3189 559 in
3221 506 3306 562 his
3330 489 3511 565 saeia—

250 570 393 650 catis
429 568 806 641 injungendis,
835 582 890 628 et
917 590 986 629 ex
1027 573 1393 633 Paenitentiali
1441 593 1544 635 ms.
1588 582 1833 652 magistri
1932 581 2157 639 tissimis
2185 584 2374 641 diebus
2399 602 2429 640 a
2452 589 2806 661 conjugibus,
2829 603 2882 648 et
2911 604 3058 653 caste
3097 607 3152 653 ct
3199 600 3287 669 pie
3331 603 3512 659 viven-

258 640 489 714 itobeni
515 640 977 718 deFlamesbure.

254 769 463 827 Sﬂecta
508 774 575 827 ea?
608 774 769 829 veteri
810 776 986 830 c’odice
1018 793 1115 833 ms.
1158 780 1254 833 viri
1305 780 1583 837 clarissimi
1625 783 1830 839 Wionis

1932 672 2084 740 dum,
2111 682 2170 729 ut
2196 678 2531 735 sanctiﬁcato
2560 686 2722 738 corde
2742 693 2796 739 et
2820 701 3049 757 corpore
3074 691 3165 745 isti
3193 694 3363 748 sancti
3396 696 3511 752 dies

1932 760 2329 833 transigantur,
2370 774 2426 821 et
2474 768 2551 822 sic
2589 773 2939 840 perveniatur
2977 779 3044 832 ad
3089 779 3231 834 diem
3258 793 3506 841 sanctum

321 841 526 939 ἀσπείρί
556 842 911 907 Ηεηηιυαιιὶἱ,
946 846 1010 901 de
1046 850 1210 918 pinnis
1251 866 1346 919 pro
1382 855 1606 921 peccatis
1646 854 1829 925 injun-
1928 847 2151 906 Pascha:
2181 870 2196 906 :
2237 854 2363 922 quia
2392 871 2529 925 pene
2554 844 2689 914 nihil
2719 862 2859 917 valet
2881 862 3143 932 jejunium
3190 872 3330 939 quod
3375 888 3507 928 con-

320 912 527 981 gendis.

1923 943 2092 1013 jugali
2134 960 2296 1016 opere
2326 946 2604 1016 polluitur,
2627 960 2684 1007 et
2723 954 2865 1021 quod
2911 960 3206 1026 orationes,
3233 962 3425 1034 vigilia:
3455 966 3511 1020 et

330 1039 351 1070 ‹
386 1020 492 1088 Qui
522 1037 721 1079 uxores
748 1022 971 1091 habent,
992 1028 1305 1085 contineant
1331 1046 1393 1087 se
1414 1033 1482 1086 ab
1507 1032 1588 1086 eis
1614 1033 1685 1087 to
1713 1034 1831 1090 dies
1927 1032 2281 1111 eleemosynae
2308 1052 2415 1091 non
2438 1020 2837 1098 commendant.
2871 1065 2888 1095 ι
2926 1045 3077 1102 Unde
3102 1020 3359 1119 magister
3395 1052 3507 1108 Ro—

244 1117 376 1165 ante
403 1110 634 1176 Pascha,
664 1119 721 1167 et
747 1108 939 1171 Natale
979 1116 1213 1183 Domini,
1245 1126 1302 1174 et
1343 1121 1490 1176 omni
1527 1123 1825 1188 Dominica,

241 1209 300 1254 ct
318 1202 482 1256 tertia
502 1208 559 1257 et
576 1210 733 1257 sexta
758 1203 914 1275 feria.
936 1204 1038 1272 Qui
1056 1207 1333 1264 Dominica
1361 1226 1467 1265 non
1490 1226 1548 1266 se
1567 1213 1824 1281 continet,

243 1299 456 1360 septem
482 1293 601 1348 dies
621 1295 899 1364 pmniteat.
940 1316 958 1350 ι

1926 1122 2114 1178 bertus
2139 1125 2205 1181 de
2235 1124 2584 1211 Flameshure
2612 1131 2744 1187 dicit
2769 1135 2823 1188 in
2860 1153 2957 1192 suo
2992 1137 3375 1208 Ptenitcntiali,
3402 1161 3506 1199 I.Cll

1926 1210 2091 1268 licere
2111 1214 2166 1269 in
2186 1214 2433 1272 Adventu
2467 1227 2521 1275 et
2557 1210 2612 1274 in
2651 1220 3075 1295 Quadragesima
3101 1230 3505 1286 matrimonium

1927 1305 2274 1361 contrahere.

242 1401 456 1458 Selecta
477 1419 544 1458 ex
568 1394 925 1492 Ptenitentiali
954 1425 1051 1492 nis.
1081 1413 1321 1482 magistri
1348 1412 1559 1492 [ioberti
1593 1416 1658 1471 de
1693 1395 1811 1472 Flaé

1926 1406 2130 1466 Selecta
2156 1429 2221 1468 ea:
2254 1414 2736 1492 Pmtitentiatims.
2764 1423 3002 1492 magistri
3032 1424 3239 1483 Roberti
3268 1431 3332 1485 de
3374 1431 3502 1488 Fla-

673 1477 910 1532 mesbure
928 1519 943 1543 ,
968 1479 1061 1534 lib.
1087 1497 1138 1534 tv
1155 1477 1188 1547 ,⁷
1199 1497 1318 1552 cap.
1342 1483 1394 1537 6.

318 1581 339 1615 ι
374 1562 438 1619 Si
464 1580 630 1620 causa
655 1568 1010 1625 creandorum
1040 1570 1269 1629 ﬁliorum
1291 1575 1510 1631 ducitur
1540 1593 1699 1646 uxor,
1716 1596 1821 1636 non

239 1654 474 1710 multum
491 1657 751 1726 temporis
763 1657 978 1714 videtur
997 1675 1315 1719 concessum
1338 1668 1405 1720 ad
1427 1666 1603 1737 ipsum
1626 1685 1781 1725 usum
1804 1689 1817 1725 :

2263 1487 2529 1569 mesbnre,
2560 1488 2651 1545 lib.
2684 1507 2722 1545 ll
2745 1532 2758 1558 ,
2790 1487 2905 1563 cap.
2937 1493 2971 1547 4
2994 1504 3043 1548 et
3073 1498 3157 1553 15.

1996 1568 2227 1643 Tempus
2256 1568 2514 1632 feriarum
2557 1587 2613 1635 et
2650 1582 2998 1639 interdictum
3046 1588 3289 1644 ecclesiae
3339 1592 3507 1660 impe—

1924 1661 2078 1717 diunt
2102 1664 2540 1737 matrimonium;
2571 1660 2697 1741 quia
2723 1673 2773 1728 in
2806 1675 3077 1743 Adventu,
3110 1680 3164 1734 in
3197 1680 3507 1755 Quadi-age-

2527 1732 2535 1737 .
2587 1732 2603 1741 .
3065 1732 3077 1743 ι
3207 1732 3367 1747 ..ηνπν-
3397 1732 3475 1755 -υν

239 1743 369 1812 quia
388 1744 508 1799 dies
531 1744 655 1801 festi
683 1756 739 1802 ει
758 1747 875 1804 dies
903 1753 1267 1820 processjonjs
1292 1763 1348 1810 ει
1376 1732 1491 1826 ἱρέα
1520 1759 1658 1816 ratio
1698 1777 1819 1830 par-
1856 1732 1897 1790 B
1924 1741 2083 1820 sima,
2112 1763 2168 1810 et
2201 1747 2489 1815 interdicto
2519 1762 2762 1818 CCCICSlt‘O
2788 1781 2894 1820 non
2922 1769 3269 1837 contrahunt,
3300 1772 3351 1827 id
3395 1778 3503 1842 CSl;

237 1842 326 1888 tus
347 1841 406 1888 et
432 1845 728 1907 conceptus
741 1835 899 1906 juxta
928 1840 1098 1912 legem
1133 1860 1350 1902 cessare
1379 1852 1711 1920 temporibus
1752 1854 1820 1911 iis

237 1923 442 1980 debere
481 1926 878 1983 demonstrant.
915 1949 934 1982 ι
970 1931 1038 1985 Ει
1067 1932 1206 1988 infra
1241 1954 1253 1987 :
1288 1945 1309 1988 ι
1360 1937 1584 1996 Maritus
1617 1957 1685 1998 ne
1710 1945 1819 1999 vim

239 2000 411 2068 faciat
433 2016 611 2079 uxori,
637 2026 836 2087 putans
858 2022 1004 2075 omni
1034 2030 1277 2094 tempore
1302 2029 1536 2101 coniugii
1574 2033 1821 2090 volunta-

238 2111 349 2159 tem
384 2104 566 2160 licere.
596 2105 913 2179 Quicunque
940 2113 1097 2167 uxori
1123 2115 1363 2172 debitum
1392 2120 1601 2186 reddit,
1624 2138 1819 2181 vacare

235 2207 348 2248 non
375 2203 559 2264 potest
576 2197 825 2266 orationi,
848 2216 949 2257 nec
982 2202 1050 2258 de
1075 2206 1328 2263 carnibus
1348 2208 1484 2277 Agni
1509 2215 1814 2271 comedere.

233 2281 372 2337 Item
403 2285 447 2339 si
477 2300 648 2355 panes
675 2291 1060 2359 propositionis
1087 2295 1156 2351 ab
1189 2296 1274 2351 his
1310 2298 1399 2367 qui
1450 2316 1650 2357 uxores
1694 2318 1819 2360 suas

235 2373 549 2443 tetigerant,
575 2379 785 2434 comedi
808 2396 913 2436 non
939 2392 1208 2452 poterant,
1240 2396 1443 2456 quanto
1469 2393 1638 2462 magis
1663 2396 1818 2462 panis

232 2463 328 2520 ille
374 2466 469 2535 qui
520 2468 588 2523 de
636 2471 776 2526 caelo
819 2473 1116 2542 descendit,
1144 2493 1249 2533 non
1274 2488 1452 2550 potest
1482 2480 1551 2538 ab
1597 2486 1682 2541 bis
1724 2488 1814 2556 qui

233 2560 616 2632 conjugalihus
638 2566 797 2635 paulo
840 2576 967 2623 ante
1014 2571 1219 2628 haesere
1248 2575 1604 2646 amplexibus,
1628 2579 1815 2636 violari

228 2657 402 2721 atque
422 2656 684 2727 contingi.
715 2656 832 2714 Non
853 2660 998 2729 quod
1023 2663 1240 2732 nuptias
1255 2666 1696 2734 condemnemus,
1721 2674 1815 2726 scl

230 2743 380 2811 quod
434 2758 503 2800 eo
552 2756 814 2819 tempore,
859 2765 968 2819 quo
1023 2767 1217 2810 carnes
1260 2755 1397 2827 Ag'ni
1439 2760 1816 2816 manducaturi

231 2848 444 2897 sanius,
473 2852 670 2894 vacare
718 2856 747 2894 a
791 2841 1046 2898 carnibus
1079 2843 1389 2902 debeamus.
1446 2848 1814 2921 Quadraginta

226 2924 342 2979 dies
371 2936 497 2981 ante
531 2926 760 2985 Pascha.
790 2931 1024 2989 Joannes
1047 2933 1332 3004 Jejunator
1356 2938 1810 3013 Constantinopo-

226 3012 434 3072 litanns
469 3018 753 3091 episcOpus
782 3022 835 3077 in
865 3024 1047 3081 libello
1083 3025 1451 3084 Poenitentiali
1486 3033 1628 3102 apud
1655 3012 1807 3088 Gum-

227 3121 327 3163 cos
362 3108 739 3176 celeberrimo,
771 3128 933 3183 quem
971 3112 1022 3169 J.
1060 3116 1302 3174 Morinus
1341 3120 1423 3175 vir
1465 3120 1810 3178 doctissimus

225 3196 400 3252 edidit
422 3199 476 3252 in
505 3200 800 3269 appendice
828 3200 921 3258 lib.
951 3205 1015 3260 de
1042 3204 1367 3265 Pmnitentia
1396 3224 1411 3263 :
1443 3228 1460 3261 ι
1495 3209 1629 3266 Cum
1655 3227 1806 3277 vero,

225 3276 425 3357 inquit,
448 3291 687 3346 nonnulli
720 3302 847 3348 sunt
888 3296 980 3366 qui
1021 3312 1133 3367 prae
1179 3299 1511 3357 habitudinis
1552 3276 1807 3359 violentia

226 3392 286 3464 se
322 3377 472 3447 ipsos
495 3395 526 3435 a
554 3383 793 3451 peccatis
822 3400 889 3440 ne
916 3385 971 3440 in
1010 3386 1125 3459 ipsa
1162 3389 1378 3458 quidem
1426 3408 1621 3463 magna
1670 3409 1807 3464 qua-

225 3451 532 3537 dragesima
577 3472 851 3529 continere
896 3486 1144 3545 possunt,
1176 3479 1475 3547 cujusmodi
1506 3494 1633 3539 sunt
1664 3502 1807 3556 saepe

224 3556 391 3611 etiam
431 3558 466 3612 ii
493 3561 585 3630 qui
614 3578 812 3619 uxores
846 3566 1069 3635 habent,
1090 3578 1302 3639 Oportet
1351 3581 1407 3627 et
1449 3574 1595 3643 ipsos
1638 3578 1808 3645 pinni-

225 3649 419 3704 tentiis
446 3652 747 3723 completis,
777 3656 821 3709 si
865 3664 1146 3714 transeant
1189 3662 1315 3715 anni
1350 3663 1523 3727 multi,
1565 3680 1665 3720 nec
1713 3666 1808 3721 ha-

224 3738 394 3794 beant
431 3756 535 3811 qua
564 3743 771 3800 ratione
809 3748 1228 3815 communicent,
1253 3764 1316 3805 eo
1341 3755 1483 3821 quod
1512 3769 1725 3825 semper
1752 3757 1807 3811 in

222 3835 449 3896 peccata
479 3829 738 3898 incidant,
767 3835 1043 3892 continere
1065 3841 1127 3893 ’se.
1158 3854 1187 3892 a
1222 3845 1478 3909 peccato,
1504 3841 1694 3899 saltem
1729 3852 1808 3900 to—

226 3928 338 3973 tam
370 3930 616 3977 sanctam
646 3927 1132 3998 quadragesimam,
1162 3941 1218 3987 et
1246 3950 1367 3988 cum
1398 3932 1591 3993 timore
1622 3947 1677 3993 et
1701 3944 1806 3996 tre—

223 4025 381 4067 more
428 4014 603 4069 tribus
649 4014 931 4074 Paschatis
978 4021 1166 4077 diebus
1219 4027 1641 4085 communicare.
1693 4022 1807 4087 Hoc

223 4111 411 4157 autem
439 4105 753 4164 haesitanter
786 4109 1031 4175 dicimus,
1067 4128 1131 4169 eo
1159 4116 1300 4185 quod
1331 4133 1361 4172 a
1384 4119 1661 4189 spurcitiis
1689 4139 1809 4178 car—

224 4192 444 4248 nalibus
483 4196 756 4253 abstinere
805 4215 911 4255 non
950 4215 1194 4272 possunt,
1228 4224 1335 4263 non
1378 4213 1521 4279 quod
1573 4214 1677 4270 hoc
1716 4208 1810 4269 ﬁat

222 4285 525 4339 secundum
549 4286 706 4342 aliam
735 4294 1131 4351 communionis
1167 4297 1546 4356 diﬂ'erentiam.
1592 4301 1649 4357 Si
1678 4318 1807 4361 vero

220 4376 280 4431 in
301 4392 499 4447 magna
525 4379 933 4452 quadragesima
964 4386 1056 4454 qui
1090 4386 1222 4442 tales
1246 4397 1374 4443 sunt
1416 4390 1476 4446 in
1520 4392 1803 4449 mollitiem
1831 4422 1881 4482 ο

220 4468 535 4535 inciderint,
555 4487 728 4542 neque
754 4474 835 4530 sic
855 4479 1274 4535 communicent.
1303 4480 1361 4536 Si
1385 4483 1530 4538 enim
1545 4500 1583 4539 a
1604 4486 1806 4541 sanctis

218 4558 481 4614 Pati-ibus
512 4561 788 4619 decretum
811 4567 884 4620 sit
912 4582 1007 4623 eos
1036 4556 1126 4640 qui
1165 4570 1221 4625 in
1247 4572 1614 4629 miserandum
1656 4576 1805 4631 illum

224 4656 397 4710 animi
448 4659 695 4713 morbum
729 4669 786 4715 et
830 4664 1291 4731 perturbationem
1341 4667 1593 4723 omnibus
1635 4670 1808 4725 domi-

221 4756 673 4818 nantem-,quam
716 4753 938 4808 omnino
981 4755 1354 4826 derelinquere
1395 4757 1799 4823 diliicillimum,

228 4839 599 4911 quadraginta
629 4850 837 4898 tantum
861 4843 1052 4901 diebus
1083 4861 1113 4899 a
1143 4848 1522 4905 communione
1546 4850 1806 4905 arcendos

219 4945 369 4997 esse,
397 4947 525 4986 num
551 4932 718 4986 multo
742 4935 915 5006 magis
934 4936 1038 4990 erit
1066 4937 1121 4992 in
1151 4937 1573 5010 Quadragesima
1613 4940 1801 4994 obser-

219 5026 497 5087 vandum,
530 5041 651 5081 cum
688 5028 743 5083 id
786 5030 851 5083 de
898 5032 1108 5087 cmleris
1155 5040 1209 5087 et
1256 5032 1630 5088 communibus
1677 5034 1804 5088 anni

223 5116 421 5169 diebus
441 5116 787 5173 deﬁnierint?
820 5139 838 5171 ι
865 5120 1009 5174 Beda
1040 5122 1107 5176 de
1134 5123 1406 5177 Remediis
1438 5130 1801 5193 peccatorum,

224 5220 350 5276 cap.
379 5207 457 5261 ἓξ
496 5226 515 5258 ι
559 5208 830 5265 Uxoratus
873 5211 1146 5289 contineat
1190 5227 1249 5267 se
1305 5211 1656 5283 quadraginta
1690 5213 1807 5269 dies

223 5295 358 5351 anni
411 5305 537 5352 ante
592 5297 799 5354 Pascha
848 5309 902 5354 et
948 5299 1136 5355 Natale
1177 5301 1421 5369 Domini,
1454 5309 1510 5357 ct
1537 5303 1682 5358 omni
1717 5303 1806 5360 die

224 5384 655 5455 Dominico,etc.
689 5412 706 5443 ι
734 5391 802 5446 Et
821 5406 941 5461 cap.
970 5390 1036 5445 10
1076 5409 1087 5445 :
1134 5409 1152 5441 ‹
1190 5391 1289 5459 Qui
1315 5393 1367 5447 in
1392 5394 1804 5465 quadragesima

226 5484 357 5532 ante
386 5477 594 5534 Pascha
625 5483 875 5553 cognovit
896 5500 1118 5539 uxorem
1148 5500 1299 5539 suam
1337 5494 1392 5540 ct
1428 5485 1599 5540 noluit
1640 5487 1808 5541 absti-

228 5580 380 5629 nere,
408 5585 573 5625 unum
602 5588 799 5625 annum
839 5574 1117 5642 pmnitcat,
1145 5574 1228 5629 vel
1249 5590 1403 5629 suum
1433 5577 1661 5646 pretium
1688 5579 1805 5632 red-

224 5654 324 5711 dat
353 5659 422 5713 aii
456 5661 764 5727 ecclesiam,
790 5663 871 5717 \‘cl
903 5664 1226 5734 pauperibus
1258 5664 1478 5731 dividat,
1505 5666 1587 5720 vel
1617 5666 1806 5737 ‘viginti

1922 1858 2030 1897 non
2054 1844 2251 1901 debent
2286 1852 2552 1906 contrahi.
2602 1853 2945 1926 Qtuccunque
2996 1867 3173 1915 tamen
3223 1868 3503 1922 contracta

1922 1932 2142 1998 fuerint.
2178 1941 2417 1996 staLunt.
2458 1963 2477 1995 ι
2525 1943 2591 1998 Et
2632 1963 2752 2017 cap.
2788 1951 2890 2005 15:
2926 1970 2944 2000 ι
2974 1950 3076 2019 Qui
3105 1954 3157 2007 in
3188 1954 3501 2030 Quadrage-

1919 2024 2054 2079 sima
2083 2031 2397 2099 cognoverit
2424 2049 2649 2089 uxorem
2682 2053 2854 2104 suam,
2889 2050 2943 2095 et
2976 2042 3207 2099 noluerit
3235 2047 3505 2107 abstinere

1918 2115 1986 2170 ab
2013 2132 2095 2182 ea,
2124 2135 2288 2174 unum
2327 2138 2526 2177 annum
2555 2127 2836 2195 pmniteat,
2862 2141 2953 2185 aut
2980 2134 3214 2202 pretium
3256 2138 3506 2194 videlicet

1917 2206 2108 2276 viginti
2136 2212 2372 2282 quinque
2400 2213 2692 2271 solidorum
2724 2218 2792 2273 ad
2831 2222 3119 2278 ecclesiam
3160 2227 3381 2293 tribuat,
3409 2239 3501 2283 aut

1917 2301 2244 2369 pauperibus
2267 2303 2571 2359 distribuat.
2600 2305 2658 2361 Si
2685 2324 2783 2379 per
2803 2311 3119 2369 ebrietatem
3147 2326 3203 2370 ct
3231 2318 3347 2372 sine
3372 2335 3500 2374 con-

1917 2390 2200 2446 suetudine
2223 2394 2501 2462 acciderit,
2528 2401 2884 2475 quadraginta
2911 2403 3025 2459 dies
3046 2407 3326 2475 ptﬁniteat.
3363 2419 3381 2461 ἱ

1988 2477 2121 2533 Inde
2153 2482 2224 2534 ait
2248 2482 2526 2553 Apostolus
2548 2494 2606 2540 ut
2643 2474 2845 2546 vaCetis
2874 2474 3129 2549 orationi.
3182 2496 3293 2551 Hoc
3339 2498 3492 2554 Pauli

1916 2570 2225 2626 testimonio
2268 2570 2424 2629 multi
2471 2575 2666 2633 Patres
2707 2579 3026 2649 probarunt,
3054 2585 3369 2657 conjugatos
3406 2595 3503 2657 per

1916 2660 2186 2729 quoddam
2218 2671 2430 2733 tempus
2467 2666 2742 2724 abstinere
2784 2672 2982 2728 debere
3022 2688 3053 2728 a
3097 2676 3500 2746 conjunctione,

1915 2761 2207 2822 antequam
2261 2758 2663 2815 communicent
2717 2764 3057 2820 orationibus
3108 2767 3404 2835 Ecclesiaz,
3444 2771 3498 2824 et

1913 2844 2289 2913 Eucharistite,
2316 2857 2409 2903 aut
2436 2849 2558 2905 aliis
2588 2857 2962 2912 sacramentis.
2993 2858 3356 2915 Tertullianus
3399 2862 3493 2916 lib.

1912 2935 1977 2990 dc
2009 2935 2267 2998 Oratione
2297 2954 2417 3008 cap.
2464 2940 2564 3008 M;
2610 2931 2892 3013 Origenes,
2923 2948 2979 3001 in
3026 2942 3335 3005 Matthmum
3383 2960 3497 3007 tra-

1914 3033 2067 3080 ctatu
2094 3042 2177 3091 vt;
2228 3027 2422 3084 Petrus
2457 3031 2854 3089 Alexandrinus
2876 3036 2930 3089 in
2952 3038 3178 3107 cpistola
3203 3043 3494 3109 canenica,

1913 3114 2206 3185 Grcgorius
2251 3118 2527 3190 Nyssenus
2557 3122 2611 3176 in
2637 3125 2883 3180 oratione
2922 3126 2945 3180 1
3000 3126 3067 3181 de
3091 3127 3349 3186 Oratione
3390 3131 3497 3187 Do-

1908 3204 2140 3270 minica;
2181 3205 2421 3263 llilarius
2446 3210 2724 3277 diaconus,
2752 3215 2808 3268 in
2833 3214 3236 3272 Commentario
3265 3220 3431 3290 Epist.
3472 3222 3495 3276 ι

1907 3296 1975 3351 ad
2026 3295 2309 3363 Corinth.,
2341 3314 2460 3369 cap.
2506 3317 2603 3368 vn,
2647 3302 2790 3357 inter
2837 3304 3011 3374 Opera
3068 3307 3131 3360 D.
3186 3308 3488 3374 Ambrosii;

1907 3386 2233 3442 D.Joanncs
2280 3388 2699 3460 Chrysostomus
2740 3392 2792 3446 in
2848 3410 2966 3465 cap.
3018 3395 3254 3451 Matthaci
3300 3399 3495 3463 \‘t,l.0'—

1907 3477 2020 3531 mil.
2052 3478 2116 3532 i9
2136 3518 2151 3544 ,
2175 3488 2227 3533 et
2256 3479 2310 3533 in
2342 3496 2458 3550 cap.
2496 3496 2559 3535 xv
2588 3482 2774 3537 homil.
2818 3483 2890 3538 42
2935 3495 2989 3541 et
3036 3487 3123 3543 57.
3163 3487 3494 3559 Theophilus

1904 3569 2304 3625 Aiexandrinus
2340 3572 2394 3626 in
2430 3571 2893 3644 Responsionibus
2940 3579 3245 3645 canonicis,
3269 3581 3491 3634 interro-

1905 3674 2014 3735 gat.
2043 3665 2075 3720 5
2106 3684 2119 3719 :
2156 3684 2175 3718 ι
2203 3664 2262 3723 Si
2290 3682 2428 3723 uxor
2454 3685 2577 3725 cum
2607 3685 2707 3726 suo
2728 3666 2928 3728 marito
2956 3683 3116 3730 noctu
3143 3676 3490 3743 cohatitarft,

1905 3754 1989 3808 vel
2036 3756 2262 3811 maritus
2292 3763 2415 3813 eum
2453 3772 2641 3825 uxore,
2669 3760 2939 3831 simulque
2970 3763 3241 3820 coierint:
3268 3765 3492 3820 debent-

1904 3861 1973 3901 nc
2003 3838 2435 3915 communicare,
2467 3866 2536 3905 an
2580 3855 2726 3907 non?
2772 3886 2843 3895 —
2897 3844 3052 3926 Resp.
3110 3857 3226 3912 Non
3275 3858 3490 3925 debent,

1903 3956 2029 3995 cum
2051 3941 2251 3998 clamet
2269 3943 2558 4014 Apostolus
2594 3963 2606 3998 :
2643 3932 2825 4002 Noiite
2849 3938 3103 4017 fraudare
3131 3948 3372 4013 invicem,
3389 3949 3491 4003 nisi

1905 4033 2041 4101 forte
2065 4050 2131 4087 ea:
2156 4051 2411 4090 consensu
2458 4037 2527 4090 ad
2573 4047 2791 4108 tempus,
2835 4047 2891 4091 ut
2938 4037 3126 4091 vacetis
3176 4037 3424 4092 orationi.
3463 4058 3482 4090 ι

1906 4123 2086 4189 Quare
2117 4124 2274 4193 paulo
2316 4134 2439 4196 post
2487 4126 2563 4183 sic
2613 4128 2902 4196 respondet
2947 4127 3353 4196 interrogationi
3400 4127 3485 4192 i5,

1907 4229 2026 4283 qua:
2057 4215 2130 4268 ita
2162 4217 2497 4285 proponitur.
2530 4216 2795 4286 Interrog.
2827 4217 2893 4270 15
2923 4234 2934 4270 :
2985 4235 3003 4267 ι
3046 4216 3116 4272 lis
3165 4219 3258 4287 qui
3300 4219 3485 4271 matri-

1907 4306 2075 4359 monii
2104 4306 2364 4360 societate
2388 4306 2717 4375 junguntur,
2741 4306 2794 4359 in
2828 4306 3148 4376 quibusnam
3176 4307 3490 4377 septimana:

1908 4395 2098 4450 diebus
2143 4409 2444 4464 proponere
2487 4404 2735 4464 oporteat
2775 4412 2805 4451 a
2850 4406 3039 4453 mutuo
3081 4413 3369 4467 congressu
3399 4400 3489 4452 3|)-

1907 4486 2180 4540 stineant?
2230 4484 2295 4539 Et
2346 4486 2666 4554 quibusdam
2706 4496 3033 4556 potestatem
3067 4488 3336 4542 habeant?
3365 4488 3489 4543 Res-

1904 4593 2053 4648 pons.
2079 4575 2231 4642 Quod
2255 4584 2378 4630 ante
2399 4576 2530 4641 dixi,
2556 4592 2699 4631 nunc
2723 4593 2940 4648 quoque
2964 4578 3105 4633 dico.
3154 4579 3294 4633 Dicit
3334 4579 3480 4648 Apa-

1905 4666 2113 4722 stolus:
2153 4665 2331 4720 Nolite
2368 4666 2654 4735 fraudare,
2693 4668 2794 4722 nisi
2832 4668 2969 4736 forte
3009 4684 3073 4723 ea:
3114 4686 3367 4723 consensu
3415 4671 3485 4723 ad

1905 4769 2128 4830 tempus,
2159 4768 2211 4811 ut
2240 4758 2427 4812 vacetis
2459 4760 2708 4824 orationi,
2738 4768 2785 4813 et
2825 4759 3010 4813 iterum
3061 4759 3376 4815 revertimini
3426 4761 3485 4815 in

1907 4849 2156 4919 idipsum,
2182 4863 2244 4901 ne
2267 4864 2353 4902 vos
2382 4856 2539 4927 tentet
2567 4848 2798 4903 Satanas
2817 4858 3027 4918 propter
3052 4849 3481 4906 incontinentiam

1906 4947 2149 4993 vestram.
2172 4937 2490 4992 Necessario
2518 4945 2700 4993 autem
2718 4979 2732 5004 ,
2760 4939 2984 4993 sabbato
3006 4948 3061 4994 et
3087 4940 3174 4995 die
3204 4941 3484 4997 Dominico

1906 5029 2179 5083 abstinere
2213 5035 2447 5097 Oportet,
2486 5029 2629 5097 quod
2681 5028 2923 5097 spiritale
2960 5030 3285 5085 sacriﬁcium
3317 5031 3370 5085 in
3405 5031 3485 5086 eis

1906 5119 2133 5174 Domino
2169 5118 2445 5174 ol‘l‘cratur.
2478 5139 2496 5171 ›
2528 5119 2729 5174 Eadem
2772 5123 3012 5193 reperies
3064 5122 3202 5191 apud
3238 5128 3483 5174 sanctum

1904 5210 2248 5265 Ambrosium
2277 5210 2329 5264 in
2373 5209 2632 5282 Apologia
2669 5212 2870 5279 David,
2904 5229 3021 5284 cap.
3074 5213 3169 5276 ll;
3224 5211 3481 5265 Sit-icium

1903 5316 1994 5371 pp.
2029 5302 2080 5356 in
2109 5301 2265 5371 epist.
2303 5301 2370 5355 ad
2402 5301 2599 5357 fratres
2624 5312 2678 5358 et
2705 5304 3048 5374 coepisc0pos
3080 5316 3177 5370 per
3206 5299 3476 5365 Africam;

1905 5400 2152 5446 sanctum
2175 5391 2562 5463 Hieronymum
2592 5394 2645 5448 in
2674 5394 2830 5464 epist.
2854 5391 2921 5446 ad
2961 5390 3366 5445 Pammachium
3411 5389 3477 5445 de

1905 5482 2161 5554 Apologia
2195 5498 2294 5553 pro
2322 5482 2474 5538 libris
2500 5484 2755 5539 adversus
2779 5481 3206 5545 Jovinianum,et
3231 5489 3474 5535 sanctum

1904 5575 2261 5647 Augustinum
2293 5575 2388 5629 lib.
2422 5576 2485 5630 de
2512 5574 2641 5629 Fide
2662 5582 2717 5627 ct
2738 5572 3021 5643 Operibus,
3050 5587 3167 5642 cap.
3197 5571 3246 5625 ϐ.
3274 5571 3475 5625 Eadem

1905 5675 1987 5722 est
2018 5668 2285 5724 sententia
2320 5668 2512 5724 Verani
2544 5664 2780 5737 episcopi
2826 5663 3073 5720 Cabcllizc
3126 5663 3177 5719 in
3241 5662 3472 5733 quadam
