3942 6182
464 339 597 393 ΗΠ

1568 320 1651 376 AD
1686 310 2230 375 PleTENTlALE
2269 310 2592 369 THEODOR

3589 294 3721 371 1148

463 450 668 524 synodo
695 447 837 503 circa
882 458 1008 498 ann.
1048 439 1168 496 l85.
1218 436 1423 493 Tamen
1468 432 1762 524 Gregorius
1811 428 2037 524 Magnus
2064 427 2114 485 A
2136 421 2426 524 formantis
2446 423 2820 524 advena-Ille.
2842 431 3115 524 apol-ator,
3145 428 3201 477 et
3224 429 3281 524 tu
3309 420 3463 524 sacri.
3474 422 3724 524 ateriae:

460 520 742 598 existimat
753 534 801 590 ei
816 533 979 588 licere
994 533 1334 585 sacramenta
1351 523 1615 593 accipere,
1633 521 1724 591 qui
1741 522 1795 575 in
1809 520 1930 591 igne
1945 532 2041 588 po-

464 631 605 689 situs
632 627 804 683 nescit
831 623 1043 679 ardere.
1061 620 1305 690 Oportet,
1330 617 1507 686 inquit
1528 615 1583 670 in
1604 613 1955 684 responsione
1974 609 2042 665 ad

467 717 944 790 interrogationem
968 712 1033 768 10
1055 707 1338 782 Augustini
1354 706 1621 776 ,legitima
1638 701 1824 758 carnis
1854 699 2041 772 capula

468 821 531 869 ut
561 826 723 867 causa
757 807 926 879 prolis
954 804 1055 869 sit,
1080 818 1186 857 non
1222 797 1541 868 voluptatis;
1593 803 1647 849 et
1676 792 1859 849 carnis
1896 805 2044 846 com-

471 902 684 965 mistio,
713 895 1068 954 creandorum
1095 892 1389 947 liberorum
1410 887 1480 942 sit
1501 886 1695 957 gratia,
1735 897 1844 938 non
1886 881 2046 937 satis-

472 993 639 1049 factio
669 992 941 1048 vitiorum.
972 985 1031 1041 Si
1055 986 1177 1057 quis
1205 998 1334 1053 ergo
1359 988 1454 1037 sua
1492 980 1717 1050 conjuge
1747 992 1853 1032 non
1892 976 2045 1046 cupi-

475 1084 600 1140 dine
632 1079 922 1149 voluptatis
974 1084 1186 1146 captus,
1228 1072 1324 1127 sed
1368 1069 1702 1125 solummodo
1752 1067 2046 1122 liberorum

473 1172 828 1228 creandorum
857 1169 1029 1240 gratia
1061 1166 1232 1220 utitur
1253 1203 1267 1227 ,
1300 1163 1403 1217 iste
1430 1159 1671 1230 profecto
1711 1158 1825 1214 sive
1860 1158 1925 1212 de
1963 1156 2048 1211 in-

473 1280 663 1335 gressu
686 1263 949 1329 ecclesiae,
975 1276 1069 1315 seu
1093 1259 1160 1313 de
1183 1253 1444 1310 sumendo
1490 1251 1731 1322 corporis
1780 1242 2047 1306 Dominici

473 1356 860 1428 sanguinisque
888 1350 1164 1425 mysterio,
1183 1364 1280 1404 suo
1301 1351 1385 1401 est
1404 1344 1784 1412 relinquendus
1806 1341 2044 1411 judicio;

475 1450 602 1519 quia
630 1464 659 1502 a
688 1448 844 1503 nobis
873 1445 1149 1516 prohiberi
1185 1459 1291 1498 non
1322 1443 1500 1507 debet,
1525 1438 1617 1510 qui
1654 1438 1709 1492 in
1745 1436 1865 1506 igne
1894 1434 2048 1503 posi-

474 1546 566 1592 tus
602 1537 775 1591 nescit
809 1537 1017 1589 ardere.
1071 1533 1139 1587 Et
1180 1533 1323 1588 inter
1362 1530 1581 1587 Graecos
1606 1527 1797 1582 Patres
1829 1531 2049 1578 sanctus

475 1628 723 1684 Clemens
761 1626 1159 1682 Alexandrinus
1194 1614 1288 1679 lib.
1323 1636 1397 1679 vii
1438 1621 1767 1678 Stromatum
1802 1634 1814 1670 :
1847 1627 1930 1703 ᾼιο
1968 1619 2050 1669 καὶ

473 1720 673 1783 iudicas,
699 1722 778 1773 καί
807 1719 985 1784 πίνων,
1014 1720 1097 1772 καὶ
1122 1723 1319 1791 γᾳμῶν,
1347 1717 1431 1769 ἐὰν
1460 1714 1645 1786 ὁλόογος
1675 1710 1790 1786 ἔρῃ,
1822 1708 1947 1763 ἀλλὰ
1966 1709 2051 1761 και

478 1811 699 1885 ὀνείρους
725 1809 944 1884 βλέπων,
976 1811 1038 1864 τὰ
1064 1808 1187 1882 ἄγιά
1208 1815 1361 1873 πονεῖ,
1394 1811 1476 1860 καὶ
1496 1810 1610 1859 νοεῖ.
1646 1807 1807 1868 Totum
1834 1799 2051 1873 καταρὸς

477 1901 552 1960 εἰς
580 1901 744 1968 εὐχήν
772 1899 1009 1953 πάντοτε.
1042 1897 1159 1951 Non
1195 1897 1351 1952 aliter
1379 1895 1545 1951 sentit
1574 1892 1828 1962 magister
1850 1890 2055 1945 ltober-

478 1996 566 2044 tus
585 1988 648 2043 de
666 1988 1010 2043 Flamesbure
1038 1988 1089 2042 in
1115 2003 1212 2042 suo
1242 1980 1603 2043 Pmuitentiali
1627 1990 1848 2054 propter
1863 1988 2051 2036 auclo-

479 2083 692 2137 ritatem
724 2080 895 2136 sancti
941 2079 1207 2152 Gregorii.

482 2193 686 2250 Selecta
713 2209 779 2247 ex
804 2190 1154 2246 Panitentiali
1183 2203 1280 2244 ms.
1312 2188 1553 2260 magistri
1584 2185 1797 2260 [iobem’
1831 2187 1896 2240 de
1919 2180 2057 2242 Fla-

902 2262 1155 2326 mesbure,
1190 2260 1280 2315 [ibt
1319 2257 1547 2329 ινίεαρ.
1575 2257 1626 2312 6.

550 2353 775 2424 Oportet
799 2350 1094 2422 legitimam
1131 2351 1312 2406 carnis
1340 2348 1606 2418 copulam,
1642 2354 1704 2401 ut
1734 2352 1902 2401 ’causa
1932 2356 2059 2416 pro-

482 2446 547 2501 lis
575 2445 666 2510 sit,
693 2452 824 2507 etc.,
847 2449 909 2496 ut
934 2457 1115 2513 supra.
1157 2441 1221 2496 Et
1256 2439 1416 2510 paulo
1449 2446 1571 2509 post
1596 2457 1609 2492 :
1637 2437 1769 2492 ltem
1807 2445 1936 2492 tunc
1967 2438 2061 2509 ubi

481 2536 572 2607 qui
609 2543 728 2606 post
771 2532 1201 2589 commistionem
1233 2530 1472 2600 conjugis
1519 2529 1661 2582 lotus
1698 2542 1840 2596 aqua
1876 2526 2063 2607 fuerit,

481 2630 644 2685 etiam
674 2641 844 2681 sacrm
870 2623 1263 2680 communionis
1287 2621 1599 2691 mysterium
1622 2617 1766 2675 valet
1794 2615 2061 2687 accipere,

482 2732 603 2773 cum
630 2717 679 2769 ci
699 2716 851 2786 juxta
878 2712 1198 2782 praeﬁnitam
1239 2711 1559 2766 sententiam
1585 2709 1747 2764 etiam
1775 2706 2059 2763 ecclesiam

482 2805 694 2860 licuerit
723 2804 948 2856 intrare.

553 2895 685 2949 Ante
717 2905 926 2965 partum
964 2900 1013 2945 et
1052 2900 1165 2963 post
1204 2896 1402 2962 tempus
1433 2889 1776 2962 purgarionis.
1825 2879 2061 2944 Sanctus

482 2986 731 3041 Clemens
768 2980 1184 3045 Alexandrinus,
1229 2979 1326 3035 lib.
1375 2996 1413 3034 ιι
1456 2978 1789 3034 Stromatum
1824 2996 1837 3032 :
1878 2997 1895 3029 ι
1927 2977 2063 3032 Fru-

2143 521 2353 569 cretum
2401 513 2637 569 incestas
2673 513 2915 569 libidine.
2964 513 3063 569 Vel
3099 510 3337 585 pecudes
3372 510 3610 578 imitare,
3644 515 3722 569 vel

2143 601 2314 658 Deum
2343 617 2554 659 verere.
2595 603 2665 659 Et
2695 604 2829 676 quid
2856 604 2924 660 de
2954 603 3249 674 pecudibus
3284 599 3479 671 loquar
3499 600 3526 655 i
3561 601 3724 659 Terra

2144 691 2259 763 ipsa
2288 707 2321 746 a
2350 694 2645 762 generandi
2671 709 2835 764 opere
2863 708 3004 765 saepe
3030 694 3323 765 requiescit
3344 710 3361 749 :
3382 699 3440 748 et
3474 694 3523 751 si
3561 694 3726 764 impa-

2145 785 2302 840 tienti
2341 785 2623 841 hominum
2661 787 2842 843 studio
2871 785 3035 855 iactis
3070 786 3384 858 frequenter
3428 789 3726 845 seminibus

2145 886 2456 947 occupatur,
2488 878 2875 949 impudentiam
2901 878 3095 933 multat
3124 880 3392 949 agricola,
3411 889 3469 934 et
3486 878 3726 936 fecundi-

2146 974 2311 1022 tatem
2339 969 2622 1025 sterilitate
2650 978 2966 1025 commutat.
3008 969 3084 1025 lta
3121 968 3338 1039 quidem
3366 970 3424 1024 in
3460 970 3594 1040 ipsis
3626 969 3725 1028 ele-

2146 1060 2343 1116 mentis
2366 1077 2432 1117 ac
2453 1062 2750 1133 pecudibus
2778 1062 2847 1116 ab
2880 1076 2981 1118 usu
3014 1077 3123 1117 non
3161 1076 3377 1117 cessare
3410 1063 3722 1131 generandi,

2146 1158 2354 1206 naturai
2376 1153 2550 1222 pudor
2580 1160 2683 1208 est.
2712 1171 2731 1205 ι
2776 1152 3009 1208 Sanctus
3044 1151 3339 1222 Gregorius
3376 1152 3604 1221 Hagnus
3638 1152 3722 1207 lib.

2147 1257 2246 1307 xu,
2276 1243 2502 1312 epistola
2531 1244 2622 1310 30,
2651 1245 2708 1298 in
2738 1258 2986 1314 respons.
3026 1244 3095 1299 ad
3128 1244 3396 1307 decimam
3431 1246 3727 1316 interrog»

2148 1330 2348 1385 tionem
2394 1331 2676 1403 Augustini
2706 1349 2720 1386 :
2750 1350 2768 1383 ι
2793 1332 2876 1386 Ad
2916 1331 3032 1402 ejus
3077 1343 3208 1387 vero
3257 1335 3608 1388 concubitum
3651 1335 3726 1388 vir

2148 1419 2264 1490 ejus
2292 1421 2550 1476 accedere
2573 1436 2682 1476 non
2702 1421 2879 1487 debet,
2903 1436 3183 1491 quousque
3202 1422 3297 1492 qui
3318 1422 3561 1492 gignitur
3590 1423 3724 1478 abla-

2150 1519 2347 1566 ctetur.
2406 1510 2578 1567 Pr‘ava
2624 1521 2803 1567 autem
2848 1514 3283 1567 consuetudo'in
3323 1513 3725 1585 coniugatorum

2150 1601 2391 1656 moribus
2416 1602 2674 1667 surrexit,
2700 1601 3034 1658 utmulieres
3058 1602 3197 1657 ﬁlios
3222 1618 3358 1672 quos
3384 1605 3621 1674 gignunt
3642 1621 3728 1658 nu-

2151 1691 2285 1745 trire
2308 1697 2670 1754 contemnant,
2704 1704 2905 1758 eosque
2927 1690 3048 1744 aliis
3069 1690 3386 1747 mulieribus
3408 1693 3478 1747 ad
3500 1693 3731 1748 nutrien-

2081 1763 2127 1824 Β
2154 1782 2278 1836 dum
2311 1781 2547 1836 tradant.
2583 1779 2738 1847 Quod
2768 1780 3021 1836 videlicet
3049 1796 3115 1836 ex
3160 1781 3274 1837 sola
3308 1798 3474 1838 causa
3508 1783 3736 1839 inconti-

2153 1872 2351 1927 nentiae
2370 1872 2584 1927 videtur
2610 1872 2915 1937 inventum;
2945 1872 3073 1942 quia
3097 1872 3222 1926 dum
3258 1887 3317 1928 se
3343 1874 3632 1929 continere
3648 1889 3737 1929 nos

2152 1963 2301 2027 lunt,
2352 1963 2657 2034 despiciunt
2696 1963 2900 2019 lactare
2943 1978 3080 2033 quos
3123 1964 3368 2035 gignunt.
3412 1964 3509 2019 Ha:
3560 1966 3737 2034 itaque

2153 2068 2274 2122 qum
2301 2052 2441 2108 ﬁlios
2474 2067 2600 2108 suos
2632 2068 2700 2107 ex
2740 2068 2905 2123 prava
2935 2053 3325 2108 consuetudine
3368 2053 3493 2108 aliis
3538 2053 3614 2107 ad
3646 2069 3738 2108 nu-

2154 2144 2425 2200 triendum
2447 2145 2687 2210 tradunt,
2717 2145 2823 2200 nisi
2845 2145 3182 2216 purgationis
3204 2154 3415 2216 tempus
3441 2145 3737 2209 transierit.

2155 2236 2290 2291 viris
2316 2237 2427 2292 suis
2451 2250 2559 2292 non
2588 2237 2783 2292 debent
2810 2237 3118 2293 admisceri.
3149 2256 3168 2289 ι
3210 2237 3353 2308 Ergo
3374 2236 3537 2313 juxta
3572 2239 3735 2295 tradi-

2158 2327 2357 2383 tionem
2384 2325 2608 2381 Patrum
2638 2327 2953 2383 Theodorus
2976 2329 3189 2383 censuit
3216 2329 3605 2384 abstinendum
3630 2344 3740 2385 esse

2157 2420 2226 2475 ab
2251 2419 2587 2490 amplexibus
2613 2429 2738 2476 ante
2764 2428 2979 2491 partum
3009 2428 3065 2476 et
3092 2429 3215 2491 post
3244 2429 3453 2491 tempus
3469 2424 3742 2494 purgatio-

2158 2509 2264 2564 nis.
2308 2508 2461 2565 Unde
2489 2516 2672 2578 postea
2697 2508 2993 2580 Gregorius
3018 2509 3085 2564 Ill
3110 2509 3323 2564 deﬁniit
3358 2512 3414 2565 in
3446 2512 3565 2566 suis
3592 2510 3737 2565 Judi-

2160 2599 2278 2663 ciis,
2303 2614 2354 2653 c.
2383 2598 2454 2653 25
2480 2618 2495 2653 :
2523 2616 2543 2650 ι
2565 2599 2719 2666 Quod
2748 2600 2794 2654 si
2828 2600 2952 2670 quis
2975 2598 3188 2665 fecerit,
3227 2601 3596 2671 quadraginta
3636 2603 3743 2656 diu

2155 2693 2444 2763 paenitere.
2475 2712 2495 2747 ι
2548 2693 2680 2748 Vide
2716 2693 2893 2749 libros
2936 2694 3341 2749 Ptenitentiales
3388 2694 3653 2762 antiquos
3690 2691 3743 2746 in

2159 2782 2456 2854 appendice
2478 2782 2601 2838 libri
2630 2783 2966 2839 Pmnitentize
2987 2785 3089 2839 viri
3113 2786 3413 2841 doctissimi
3441 2784 3494 2839 J.
3527 2783 3743 2851 Herm.

2161 2886 2227 2928 ac
2249 2873 2519 2945 prtecipue
2549 2873 2770 2929 Librum
2805 2873 3235 2930 Pmnitentialem
3267 2874 3493 2931 Joannis
3528 2874 3746 2948 Jejun-

2161 2962 2298 3018 toris
2323 2965 2559 3035 episcopi
2583 2964 3183 3036 Constantinopolitani,
3206 2976 3260 3021 et
3285 2967 3518 3023 alterum
3546 2969 3750 3042 Egber-

483 3076 649 3130 menti
673 3082 728 3129 et
754 3073 965 3139 hordei,
989 3079 1050 3127 ut
1071 3072 1328 3137 arbitror,
1359 3070 1676 3137 seminibus,
1713 3086 1833 3141 qua:
1863 3084 2058 3127 conve-

2163 3051 2203 3105 ti
2233 3052 2588 3108 Eboracensis
2615 3054 3027 3125 archiepiscopi.
3065 3054 3273 3122 Quibus
3297 3057 3495 3112 addam
3516 3073 3744 3128 quaso

482 3166 754 3222 nientibus
782 3162 1104 3232 dejiciuntur
1129 3161 1478 3233 temporibus,
1508 3162 1850 3231 praestantior
1881 3168 1966 3215 est
1996 3175 2061 3215 ac

481 3255 769 3327 pretiosior
794 3255 976 3318 homo,
1003 3251 1093 3323 qui
1125 3253 1441 3317 seminatur,
1479 3251 1565 3306 cui
1594 3251 1776 3304 omnia
1805 3265 1835 3304 a
1867 3257 2062 3304 natura

483 3344 871 3415 producuntur.
912 3342 1087 3412 Atque
1115 3341 1205 3395 illa
1230 3342 1447 3412 quidem
1473 3341 1680 3397 semina
1702 3340 1949 3411 agricolae
1977 3355 2063 3395 so-

478 3432 588 3492 brii
614 3434 890 3505 dejiciunt.
933 3431 990 3488 Si
1019 3432 1161 3503 quod
1191 3431 1251 3487 ﬁt
1274 3447 1403 3502 ergo
1425 3431 1700 3486 sordidum
1728 3439 1782 3485 et
1809 3444 2061 3500 spurcum

477 3526 743 3590 ‘studium,
774 3525 826 3579 id
851 3531 955 3589 est,
985 3538 1015 3576 a
1042 3522 1387 3577 matrimonio
1411 3521 1843 3593 expurgandum;
1871 3535 1938 3575 ne
1962 3535 2063 3575 no-

483 3618 568 3673 bis
596 3617 792 3685 probro
825 3615 942 3669 dari
980 3615 1180 3684 possit,
1216 3612 1360 3683 quod
1390 3613 1673 3669 brutorum
1712 3613 2064 3667 animantium

478 3721 806 3776 congressus
859 3707 1030 3777 magis
1068 3712 1275 3759 naturae
1304 3704 1594 3758 conveniat
1631 3718 1792 3773 quam
1830 3704 2065 3758 humana

480 3797 794 3866 'conjunctio
821 3798 876 3852 in
905 3797 1023 3868 ipso
1051 3796 1229 3852 calore
1256 3795 1501 3850 Veneris.
1523 3815 1542 3849 ι
1578 3794 1645 3850 Et
1677 3794 1773 3850 lib.
1819 3811 1879 3850 ιιι
1916 3794 2068 3851 Stro-

487 3894 694 3940 matum
721 3903 733 3938 :
763 3903 782 3936 (
813 3884 967 3941 Unde
1004 3882 1207 3938 nullum
1248 3899 1314 3939 ex
1354 3883 1628 3939 veteribus
1671 3896 1738 3938 ex
1782 3881 2067 3954 Scriptura

479 3975 808 4042 ostenderis,
851 3975 943 4045 qui
988 3990 1110 4030 cum
1147 3983 1456 4045 praegnante
1496 3990 1612 4030 rem
1650 3975 1918 4030 habuerit.
1960 3974 2068 4031 Sed

482 4075 772 4138 postquam
809 4067 1042 4137 gestavit
1070 4073 1303 4132 uterum,
1340 4074 1394 4121 et
1432 4074 1717 4137 postquam
1752 4068 1953 4123 editum
1991 4066 2070 4122 fc-

482 4169 603 4214 tum
631 4173 661 4212 a
687 4158 823 4213 lacte
866 4158 1099 4228 depulit,
1143 4172 1331 4212 rursus
1373 4173 1403 4211 a
1443 4157 1576 4213 viris
1619 4157 1860 4228 cognitas
1905 4155 2069 4212 fuisse

483 4260 704 4307 uxores.
755 4248 873 4304 Iam
922 4250 1066 4304 hunc
1110 4263 1334 4319 scopum
1374 4255 1431 4303 et
1472 4248 1779 4303 institutum
1830 4248 2071 4304 invenies

485 4349 794 4397 servantem
822 4340 1021 4411 Moysis
1040 4346 1411 4411 patrem,cum
1437 4340 1728 4394 triennium
1753 4348 1877 4410 post
1903 4339 2073 4396 Aaro-

486 4447 615 4487 nem
641 4432 844 4487 editum
871 4430 1276 4496 intermisisset,
1310 4429 1560 4500 genuisse
1588 4429 1840 4502 Moysem,
1875 4439 1930 4486 et
1957 4447 2071 4487 rur-
2090 4432 2140 4497 1)

481 4530 582 4580 ’sus
606 4524 843 4580 Levitica
869 4523 1042 4579 tribus
1067 4537 1288 4579 servans
1319 4523 1458 4578 hanc
1485 4529 1690 4578 natura:
1710 4523 1883 4592 legem
1903 4540 1934 4578 a
1954 4523 2066 4580 Deo

484 4618 763 4683 traditam,
789 4617 909 4672 aliis
936 4630 1162 4672 numero
1197 4615 1375 4670 minor
1401 4615 1641 4686 ingressa
1670 4622 1755 4670 est
1781 4615 1836 4668 in
1865 4622 2068 4669 terram

484 4708 882 4776 promissionis.
909 4727 927 4760 ι
969 4706 1201 4763 Sanctus
1229 4701 1545 4763 Ambrosius
1578 4705 1673 4761 lib.
1707 4722 1724 4760 ι
1758 4705 1967 4760 Comm.
2013 4705 2068 4758 in

489 4796 646 4861 Luc.,
680 4812 799 4867 cap.
828 4813 846 4851 ι
877 4812 892 4852 :
925 4815 946 4848 ι
972 4798 1040 4852 Et
1073 4797 1202 4869 quid
1228 4798 1423 4852 mirum
1453 4798 1518 4853 de
1548 4796 1874 4861 hominibus,
1905 4797 1950 4851 si
1977 4811 2071 4865 pe-

495 4886 659 4942 cudes
691 4901 904 4956 quoque
935 4895 1083 4943 muto
1108 4888 1342 4958 quodam
1383 4896 1544 4957 opere
1581 4887 1875 4956 loquuntur
1911 4899 2071 4957 gene-

496 4975 651 5030 randi
691 4973 793 5030 sibi
831 4975 1088 5042 studium,
1133 4988 1243 5031 non
1284 4977 1609 5033 desiderium
1643 4989 1762 5032 esse
1805 4977 2072 5032 coeundi?

498 5064 772 5135 Siquidem
793 5064 884 5119 ubi
913 5065 1076 5119 semel
1109 5081 1325 5135 gravem
1355 5065 1532 5120 alvum
1565 5067 1666 5123 sibi
1697 5067 1979 5128 senserint,
2018 5074 2073 5121 et

497 5157 716 5231 genitali
741 5157 860 5212 alvo
887 5171 1070 5211 semen
1102 5166 1397 5227 receptum,
1425 5155 1536 5224 jam
1562 5173 1662 5213 nec
1692 5157 1977 5212 concubitu
2000 5158 2073 5211 in-

498 5248 736 5320 dulgent,
771 5262 872 5303 nec
899 5247 1174 5302 lasciviam
1205 5248 1455 5313 amantis,-
1484 5249 1579 5303 scd
1616 5264 1800 5303 curam
1833 5250 2074 5318 parentis

426 5334 435 5339 ’
497 5346 797 5393 assumunt.
833 5337 903 5390 At
923 5352 1053 5393 vero
1081 5336 1330 5392 homines
1364 5353 1465 5392 nec
1497 5339 1792 5407 conceptis,
1823 5355 1923 5396 nec
1962 5340 2073 5394 Deo

496 5435 750 5496 parcunt:
778 5427 896 5483 illos
916 5427 1299 5493 contaminant,
1324 5429 1468 5482 hunc
1486 5438 1824 5499 exasperant.
1851 5448 1869 5481 ‹
1892 5429 2074 5484 Prius-

487 5532 652 5585 quam
672 5527 743 5584 te,
766 5518 959 5588 inquit,
985 5517 1266 5588 formarem
1286 5518 1339 5572 in
1366 5518 1672 5583 utero,‘hovi
1697 5530 1746 5573 te
1769 5533 1787 5571 .'
1807 5527 1862 5575 et
1882 5520 1937 5575 in
1957 5521 2074 5574 vul-

494 5608 566 5657 Va
588 5607 776 5662 matris
793 5609 1114 5679 sanctiﬁcavi
1133 5619 1200 5665 te.
1242 5608 1323 5664 Ad
1342 5609 1696 5664 cohibendam
1723 5609 2071 5681 petulantiam

495 5700 669 5760 tuan),
702 5711 890 5753 manus
910 5700 1164 5769 quasdam
1190 5702 1264 5755 tui
1289 5688 1525 5757 auctoris
1548 5699 1602 5755 in
1624 5708 1778 5756 utero
1794 5694 2069 5758 hominem

2161 3143 2265 3215 legi
2292 3159 2361 3198 ex
2386 3145 2555 3199 veteri
2584 3145 2769 3200 codice
2796 3147 2861 3201 de
2883 3147 3057 3216 poenis
3082 3162 3181 3216 pro
3204 3149 3445 3219 peccatis
3465 3149 3751 3221 iniungu-

2161 3232 2264 3298 dis,
2309 3241 2364 3287 et
2410 3248 2479 3288 ex
2528 3231 2892 3291 Pmnitentiali
2942 3238 3191 3305 magistri
3238 3236 3464 3293 Roberti
3508 3238 3586 3292 de
3631 3237 3752 3293 Fla-

2162 3323 2432 3378 mesbure.

2166 3452 2369 3509 Selecta
2408 3472 2473 3509 ea:
2514 3458 2669 3510 ueteri
2709 3457 2885 3512 codice
2925 3476 3025 3513 ms.
3075 3459 3173 3513 viri
3214 3458 3497 3513 clarissimi
3548 3457 3751 3514 ῑνὶοπῑι

2232 3524 2434 3664 (ἔᾘᾶῃὶ
2479 3525 2821 3594 Herouvalli,
2870 3527 2935 3582 de
2958 3530 3123 3599 poenis
3172 3544 3269 3600 pro
3307 3530 3538 3599 peccatis
3568 3530 3751 3599 inju-

2374 3612 2439 3650 is.

2233 3727 2280 3782 A
2307 3729 2657 3800 conceptione
2685 3729 3030 3787 manifestata
3062 3745 3232 3803 usque
3269 3738 3394 3802 post
3431 3739 3629 3787 natam
3666 3744 3754 3787 so-

2164 3818 2341 3876 bolem
2377 3819 2460 3874 vir
2488 3821 2763 3876 contineat
2789 3837 2848 3877 se
2885 3823 2952 3878 ab
2980 3837 3170 3888 uxore,
3198 3823 3251 3877 id
3270 3830 3355 3877 est
3376 3834 3489 3877 tres
3513 3833 3749 3877 menses.

2168 3907 2317 3965 Uxor
2345 3918 2468 3979 post
2499 3918 2681 3965 natam
2723 3911 2959 3967 sobolem
2998 3912 3266 3967 abstineat
3301 3927 3360 3968 se
3392 3913 3463 3967 ab
3497 3912 3751 3976 ecclesia.

2169 3999 2216 4054 si
2242 4000 2383 4056 ﬁlius
2411 4008 2513 4067 est,
2546 4001 2662 4057 dies
2697 4001 2783 4067 30,
2827 4003 2874 4058 si
2916 4002 3047 4068 ﬁlia,
3094 4001 3183 4056 40.
3221 4001 3359 4056 Nam
3405 4002 3463 4058 in
3510 4011 3753 4072 tempore

2168 4093 2432 4147 menstrui
2460 4093 2755 4164 sanguinis,
2781 4094 2872 4165 qui
2899 4101 3026 4149 tunc
3050 4094 3312 4164 nupserit,
3335 4093 3408 4149 30
3434 4094 3563 4149 dies
3587 4093 3751 4165 peniv

2167 4187 2300 4235 teat.

2173 4314 2379 4372 Seleeta
2410 4332 2474 4372 ea:
2504 4316 2858 4389 Paenitentiali
2878 4335 2979 4373 ms.
3006 4319 3245 4389 magistri
3273 4317 3506 4373 Roberti.
3530 4319 3604 4374 de
3636 4316 3759 4372 Fla-

2529 4388 2783 4454 mesbure,
2811 4387 2903 4443 lib.
2932 4405 3006 4453 1v,
3031 4387 3147 4459 cap.
3171 4390 3205 4444 6
3232 4399 3279 4442 et
3311 4389 3394 4443 14.

2235 4524 2341 4581 Per
2369 4526 2606 4597 singulos
2632 4543 2846 4583 menses
2874 4528 3056 4598 gravia
3082 4536 3243 4599 atque
3267 4530 3545 4598 torpentia
3574 4529 3761 4583 mulio

2167 4634 2288 4673 rum
2311 4634 2538 4689 corpora
2563 4620 2823 4674 immundi
2846 4620 3121 4690 sanguinis
3140 4619 3402 4674 effusione
3422 4620 3755 4675 relevantur.

2168 4712 2285 4780 Quo
2308 4722 2549 4783 tempore
2570 4714 2615 4768 si
2635 4714 2721 4768 vir
2739 4715 2931 4773 coierit
2957 4729 3079 4768 cum
3102 4713 3349 4777 muliere,
3365 4714 3636 4767 dicuntur
3654 4726 3763 4766 eor»

2169 4804 2312 4873 rupti
2342 4820 2525 4859 secum
2555 4804 2771 4859 trahere
2797 4805 2986 4858 vitium
3011 4803 3253 4868 seminis,
3276 4804 3351 4857 ita
3379 4813 3443 4857 ut
3471 4803 3681 4873 leprosi
3708 4808 3760 4855 et

2169 4895 2492 4965 elephantici
2514 4909 2579 4950 ex
2610 4896 2711 4951 hac
2737 4895 3085 4965 conceptione
3104 4903 3431 4957 nascantur;
3458 4906 3515 4949 et
3539 4894 3686 4949 feda
3704 4894 3757 4947 in

2169 4992 2400 5054 utroque
2432 4998 2657 5054 corpore
2693 4984 2961 5051 pravitate
3004 4983 3091 5039 vel
3126 4985 3451 5039 enormitate
3474 4984 3754 5038 membroo

2170 5090 2290 5130 rum
2326 5076 2531 5131 sanitas
2567 5082 2821 5144 corrupta
2847 5075 3157 5145 degeneret.
3198 5073 3527 5143 Prmeipitur
3550 5088 3686 5143 ergo
3708 5080 3762 5124 ut

2171 5183 2278 5221 non
2306 5167 2477 5221 solum
2506 5168 2559 5222 in
2590 5166 2779 5221 alienis
2815 5167 3149 5232 mulieribus,
3186 5165 3279 5220 sed
3301 5166 3355 5219 in
3383 5167 3499 5219 suis
3520 5179 3759 5235 quoque.

2172 5259 2366 5328 quibus
2397 5259 2643 5313 videntur
2690 5255 2964 5328 conjungi,
3009 5265 3157 5311 certa
3203 5255 3531 5311 concubitus
3584 5255 3763 5309 norint

2172 5359 2439 5420 tempora,
2468 5349 2684 5420 quando
2708 5349 3004 5403 coeundum
3033 5348 3124 5413 sit,
3151 5347 3367 5415 quando
3396 5348 3467 5400 ab
3492 5346 3761 5400 uxoribus

2172 5443 2241 5498 sit
2266 5441 2661 5497 abstinendum.
2692 5460 2711 5494 ι
2762 5441 2828 5495 Et
2851 5456 2971 5509 cap.
3006 5441 3072 5494 14
3098 5458 3113 5495 :
3142 5457 3160 5491 ι
3186 5438 3246 5493 Si
3276 5438 3368 5507 qui
3401 5438 3605 5493 coierit
3640 5450 3759 5492 cum

2172 5532 2396 5588 muliere
2422 5535 2474 5588 in
2509 5534 2814 5605 puerperio,
2852 5532 3037 5588 decem
3067 5532 3181 5588 dies
3216 5530 3479 5600 pmniteat
3523 5531 3586 5585 in
3626 5541 3761 5600 pane

2172 5632 2225 5678 et
2252 5639 2411 5693 aqua.
2448 5643 2466 5676 ι
