3942 6182
222 270 359 348 ωδ

1356 258 1928 342 οὴδΕΜΑῒιοΝὲε
1966 263 2054 335 si
2093 258 2324 335 sont;
2364 314 2373 343 η

3339 274 3475 335 1150

217 395 282 465 8i
309 406 462 477 cujus
495 399 631 458 ων
654 382 916 477 fornicata
945 396 1125 477 fuerit,
1160 401 1277 455 licet
1301 401 1559 455 dimittere
1602 412 1716 452 eant
1743 405 1792 449 et
1820 394 1870 454 Α
1897 401 1980 448 ira
2007 393 2059 448 id
2083 393 2225 463 quod
2246 395 2502 463 scriptum
2529 402 2632 460 est,
2664 375 2718 448 in
2741 390 2848 462 tilio
2873 394 2950 449 sic
2980 394 3208 463 habetur
3239 412 3252 448 :
3285 393 3477 453 Mulier

784 470 946 526 aliam
975 471 1225 541 accipere.

288 588 521 645 Omnino
549 585 800 641 standum
827 591 910 639 est
933 582 1229 651 disciplina:
1261 598 1291 637 a
1316 581 1566 636 Patribus
1584 577 1800 636 concilii

219 666 517 734 Tridentini
541 674 886 745 praescriptas,
919 684 1080 742 quam
1104 672 1319 755 ‘Optime
1339 671 1641 739 espdsitam
1677 682 1801 724 esse

218 764 288 824 il)
312 766 745 822 eminentissimo
782 762 1043 819 cardinali
1078 759 1409 816 Pallavieino
1442 758 1683 816 ostendit
1716 757 1800 812 vir

219 856 552 914 clarissimus
580 836 816 909 ioannes
839 839 1116 908 isaunbius
1146 853 1202 907 in
1231 848 1446 921 egmgio
1465 850 1602 906 libro
1622 850 1689 905 de
1711 863 1799 903 re-

218 950 305 1021 gia
336 948 394 1002 in
422 942 829 1001 matrimonium
853 951 1140 1014 potestate.
1180 941 1353 1008 Quam
1379 955 1542 1011 porro
1567 938 1801 1009 discipli-

219 1040 345 1096 nam
374 1038 566 1093 Patres
591 1036 972 1105 antiquissimi,
992 1035 1030 1089 ii
1056 1033 1354 1104 praesertim
1379 1030 1470 1102 qui
1499 1046 1568 1087 ne
1593 1029 1797 1085 nubere

217 1129 437 1201 quidem
460 1135 582 1199 post
602 1119 830 1182 mortem
855 1121 1259 1196 permittebant;
1283 1123 1472 1194 procul
1492 1122 1655 1177 dubio
1673 1127 1797 1191 post

217 1219 509 1275 divortium
547 1218 733 1272 stricte
776 1215 1171 1271 observandam
1215 1216 1562 1278 censuerunt,
1609 1219 1672 1265 ut
1697 1211 1795 1265 iis-

151 1312 163 1379 ἕ
214 1313 339 1367 dem
367 1311 501 1366 locis
537 1319 721 1379 aperte
749 1303 1044 1364 declarant.
1094 1308 1467 1374 Athenagoras
1494 1305 1549 1359 in
1570 1303 1797 1374 legatio-

152 1377 162 1433 }
218 1419 288 1459 ne
312 1419 413 1473 pro
444 1377 802 1458 Christianis!
838 1420 857 1453 ‹
882 1401 1062 1469 Quare
1096 1400 1184 1455 vel
1217 1407 1278 1454 ut
1313 1390 1472 1453 natus
1508 1405 1593 1452 est
1632 1409 1797 1449 unus-

214 1494 446 1565 quisque
473 1502 715 1548 nostrum
748 1501 979 1558 maneat,
1021 1490 1104 1547 vel
1128 1492 1330 1561 nuptiis
1361 1478 1646 1559 copuletur
1676 1487 1797 1543 uni-

213 1584 339 1641 ‘cis:
366 1584 616 1638 secunda:
655 1581 799 1638 enim
849 1584 1108 1638 decorum
1151 1582 1419 1652 quoddam
1470 1575 1791 1635 adulterium

216 1680 363 1729 sunt.
407 1673 506 1739 Qui
530 1656 672 1727 enim
702 1686 925 1727 uxorem
955 1672 1243 1737 dimiserit,
1270 1670 1327 1726 et
1360 1669 1588 1725 alteram
1621 1669 1791 1724 duxe-

1898 485 2113 556 alligata
2139 493 2223 540 est
2247 492 2452 555 quanto
2479 492 2718 554 tempore
2747 486 2831 540 vir
2856 483 2972 555 ejus
2996 485 3160 550 vivit;
3200 494 3256 540 et
3286 494 3474 543 contra

1898 574 2065 631 illud:
2093 558 2502 645 lgiturvivente
2528 575 2650 630 viro
2677 575 2873 629 mulier
2902 577 3185 631 vocabitur
3205 575 3475 644 adultera,

1897 665 1943 720 si
1972 664 2136 720 fuerit
2177 680 2301 720 cum
2325 664 2432 720 alio
2452 665 2603 731 viro;
2638 666 2746 720 non
2774 664 2997 720 omnino
3024 672 3204 720 tamen
3234 665 3352 721 sine
3384 681 3473 721 ra-

1897 756 2044 812 tibnie
2070 774 2084 810 :
2109 757 2225 811 haec
2250 756 2393 810 enim
2424 755 2612 811 eontra
2649 740 2822 826 legem
2850 756 3005 810 initio
3048 755 3212 811 latam
3249 764 3303 812 et
3336 757 3474 813 scri—

1895 844 2068 915 Plam,
2099 845 2168 900 ad
2201 843 2419 899 Vitanda
2469 829 2652 914 pejora
2684 844 2861 899 alieno
2896 845 3123 901 arbitrio
3149 861 3352 900 morem
3383 862 3471 918 ge-

1896 932 2098 1000 rentes,
2127 949 2222 990 eos
2246 932 2557 1004 permisisse
2584 935 2878 991 verisimile
2900 945 3002 991 est.
3028 955 3046 988 ι
3091 935 3180 991 Sic
3205 936 3333 993 olim
3355 938 3474 1007 qui-

1896 1024 2020 1078 dam
2065 1025 2301 1095 episcopi
2347 1027 2713 1095 permiserunt
2758 1027 2826 1082 ob
2868 1026 3050 1096 pejora
3091 1029 3309 1085 vitanda
3352 1037 3473 1099 post

1896 1113 2184 1168 divortium
2210 1115 2434 1170 nubere.
2474 1112 2609 1170 Vide
2649 1115 2847 1170 concil.
2892 1116 3301 1183 Eliberitanum,
3344 1134 3467 1173 can.

1896 1205 1962 1268 9;
1995 1205 2282 1261 concilium
2307 1204 2624 1260 Arelatense
2644 1212 2686 1271 ἰ,
2712 1222 2833 1261 can.
2865 1208 2947 1270 10,
2977 1216 3138 1276 prout
3177 1208 3371 1279 legitur
3417 1209 3473 1263 in

1895 1294 2209 1351 collectione
2237 1296 2612 1366 antiquissima
2635 1296 2836 1352 codicis
2859 1296 3217 1351 llerovalliani
3240 1316 3253 1364 ;
3277 1298 3468 1353 concil.

1893 1382 2137 1450 Laodic.,
2166 1401 2215 1441 c.
2260 1387 2311 1452 1,
2365 1385 2740 1453 Lactantium,
2779 1388 2872 1443 lib.
2917 1404 2968 1441 vi
3020 1388 3085 1443 dc
3117 1404 3246 1444 vero
3291 1389 3469 1453 Cultu.

1893 1491 2011 1545 cap.
2035 1474 2135 1539 23;
2160 1484 2404 1530 sanctum
2433 1476 2694 1531 Hilarium
2716 1479 3029 1548 episcopum
3054 1477 3468 1544 Pictaviensem,

1893 1564 2195 1620 Comment.
2243 1565 2456 1632 Matth.,
2505 1582 2625 1637 cap.
2672 1584 2759 1633 v1;
2811 1577 3061 1624 sanctum
3114 1568 3372 1624 Basilium
3417 1572 3470 1625 in

1892 1655 2051 1725 epist.
2090 1657 2350 1711 canonica
2376 1657 2439 1710 ad
2463 1657 2920 1727 Amphilochium,
2961 1675 3084 1715 can.
3124 1662 3189 1726 9;
3227 1671 3469 1716 sanctum

217 1763 308 1827 rit,
336 1738 688 1828 a'lulteratur,
720 1763 893 1832 inquit
916 1752 1174 1817 Dominus
1202 1760 1386 1817 noster
1405 1757 1423 1815 ξ
1444 1772 1619 1830 neque
1643 1758 1787 1813 illam

1893 1746 2272 1817 Epiphaniam,
2299 1747 2491 1802 haeres.
2522 1765 2613 1804 ιιι
2642 1766 2656 1803 :
2692 1767 2711 1800 ι
2738 1749 2845 1805 Sed
2872 1751 3060 1807 suil'ert
3084 1761 3302 1822 propter
3325 1754 3474 1808 debi—

217 1851 489 1907 dimittere
528 1852 856 1916 concedens,
905 1852 1061 1921 cujus
1104 1850 1338 1907 delibata
1390 1858 1471 1906 est
1511 1848 1788 1919 pudicitia,

213 1940 395 2009 neque
417 1940 640 1993 alteram
675 1940 890 1995 ducere.
936 1939 1071 1994 Nam
1116 1941 1208 2009 qui
1253 1941 1427 2010 prima
1460 1952 1629 1993 uxore
1669 1937 1796 1993 licet

212 2030 469 2088 defuncta
498 2026 731 2100 seipsum
756 2031 954 2100 privat,
982 2030 1192 2088 adulter
1215 2041 1319 2098 est,
1344 2046 1656 2102 quanquam
1682 2030 1796 2086 dis-

213 2119 556 2184 simulanter,
579 2128 634 2174 et
662 2127 881 2175 manum
906 2122 1002 2177 Dei
1028 2123 1459 2192 transgreditur:
1481 2122 1733 2192 quoniam
1759 2136 1791 2176 a

208 2202 479 2280 principio
501 2210 641 2266 Deus
664 2212 838 2265 virum
866 2208 1034 2267 unum
1063 2220 1117 2268 et
1141 2213 1421 2269 mulierem
1446 2228 1609 2269 unam
1630 2227 1789 2269 crea-

206 2296 309 2366 vit,
339 2311 397 2356 et
424 2317 646 2356 carnem
669 2318 699 2358 a
729 2318 911 2369 carne,
936 2311 991 2359 et
1018 2305 1274 2360 unionem
1304 2306 1560 2362 miscendi
1591 2307 1791 2361 utrius-

204 2392 318 2461 'que
350 2406 514 2447 sexus
549 2400 782 2462 separat.
816 2411 835 2445 ι
873 2392 1123 2449 Clemens
1153 2393 1568 2460 Alexandrinus,
1591 2394 1685 2451 lib.
1729 2410 1790 2449 ιη

204 2471 590 2536 ’δινοῐηιιιηηιε
628 2500 646 2531 ι
676 2480 779 2547 Qui
821 2492 987 2553 potest
1031 2500 1240 2555 capere,
1290 2486 1482 2555 capiat.
1534 2484 1793 2541 Nesciunt

204 2570 339 2638 quid
380 2577 668 2639 postquam
699 2572 764 2625 de
800 2571 1032 2628 divortio
1072 2581 1217 2629 esset
1256 2574 1489 2638 locutus,
1519 2590 1643 2630 cum
1670 2574 1793 2645 qni-

211 2660 337 2713 dam
383 2668 666 2729 rogassent
708 2661 753 2715 si
784 2658 868 2717 sic
905 2662 976 2717 sit
996 2664 1164 2717 causa
1189 2664 1398 2730 uxoris,
1427 2663 1544 2719 Non
1572 2664 1790 2735 expedit

202 2749 415 2804 homini
452 2765 680 2805 uxorem
720 2753 957 2808 ducere:
990 2762 1118 2810 tunc
1154 2755 1293 2809 dixit
1332 2746 1614 2824 Dominus,
1664 2758 1789 2813 Non

200 2845 384 2894 omnes
411 2843 623 2911 capiunt
650 2844 865 2899 verbum
884 2845 1001 2913 hoc,
1023 2846 1114 2900 sed
1137 2847 1322 2917 quibus
1342 2848 1523 2904 datum
1548 2858 1644 2904 est.
1675 2850 1789 2907 Hoc

205 2938 389 2985 autem
417 2933 510 3003 qni
539 2935 824 3004 rogabant,
854 2936 1105 2992 volebant
1124 2938 1263 2993 scire
1290 2954 1360 2992 an
1381 2954 1549 2995 uxore
1568 2940 1788 2995 damna-

204 3036 261 3083 ta
288 3038 346 3082 et
372 3027 545 3096 ejecta
593 3038 815 3107 propter
850 3030 1278 3098 fornicationem,
1322 3034 1581 3089 conoedat
1625 3033 1785 3089 aliam

1890 1837 2097 1892 litatem
2130 1856 2144 1892 :
2177 1835 2306 1893 Οὐδέ
2334 1840 2434 1893 ἀπὸ
2467 1850 2556 1900 τῆς
2576 1840 2872 1921 Ἐκκλησίας
2898 1847 2986 1899 καὶ
3012 1852 3104 1904 τῆς
3125 1854 3252 1910 ζωῆς
3279 1847 3472 1905 utram-

1889 1932 2093 2005 ptiri‘tt,
2121 1930 2243 1987 ἀλλὰ
2267 1930 2601 1997 imiimi-sica
2626 1931 2712 1989 διὰ
2738 1935 2797 1990 τὸ
2826 1937 3015 1992 aecus.
3039 1952 3054 2003 ;
3095 1936 3467 1993 [innocentium

1887 2013 1989 2076 lin
2020 2022 2177 2092 epist.
2204 2022 2258 2087 9,
2290 2024 2359 2077 ad
2384 2022 2647 2101 Probum;
2689 2026 2955 2096 synodum
3001 2028 3173 2083 sancti
3225 2028 3468 2094 Patricii,

1889 2126 2011 2166 can.
2035 2111 2137 2179 26;
2170 2114 2456 2169 concilium
2480 2115 2816 2183 Veneticum,
2838 2131 2962 2173 can.
2985 2118 3043 2173 2.
3074 2119 3251 2187 Quare
3278 2122 3467 2177 eodem

1888 2202 2050 2258 modo
2092 2203 2314 2275 intelligi
2358 2204 2556 2260 debent
2592 2214 2786 2262 caetera
2829 2225 2949 2277 quae
2993 2220 3291 2279 sequuntur
3329 2212 3469 2282 apud

1890 2293 2231 2348 Theodorum
2259 2295 2326 2349 de
2355 2296 2738 2364 qumstionibus
2760 2299 3151 2370 coniugiorum,
3183 2316 3303 2357 cum
3336 2320 3470 2374 pau-

1889 2383 1940 2438 ιο
1968 2392 2090 2452 post
2112 2383 2275 2450 dicat,
2306 2386 2498 2441 melius
2524 2396 2607 2441 est
2636 2387 2716 2441 sic
2743 2386 2923 2445 facere
2950 2407 3112 2460 quam
3142 2391 3418 2447 fornicari.
3443 2406 3463 2445 ο

1961 2473 2022 2529 Si
2036 2476 2117 2529 vir
2129 2475 2384 2530 dimiserit
2399 2482 2613 2532 uxorem
2638 2496 2788 2532 suam
2809 2490 3021 2550 propter
3043 2481 3465 2550 fornicationem.

1889 2570 1957 2625 Et
1986 2570 2126 2626 infra
2149 2587 2164 2625 :
2185 2571 2412 2627 Maritus
2435 2574 2482 2627 si
2496 2574 2671 2644 ipsese
2686 2575 2857 2645 ipsum
2883 2577 2939 2630 in
2960 2577 3229 2646 furto,aut
3245 2576 3472 2647 fornica—

1890 2667 2032 2721 tione
2055 2678 2265 2722 servum
2286 2667 2435 2737 facit,
2468 2668 2545 2745 rel
2570 2670 2878 2740 quocunque
2905 2680 3137 2750 peccato,
3193 2671 3384 2726 mulier
3423 2672 3472 2726 si

1886 2756 2036 2827 prius
2065 2773 2172 2811 non
2194 2757 2375 2811 habuit
2392 2757 2718 2829 coniugium,
2742 2760 2894 2814 habet
2909 2770 3215 2831 potestatem
3241 2770 3356 2832 post
3371 2780 3470 2817 an-

1890 2860 2017 2898 num
2042 2845 2263 2900 alterum
2292 2848 2525 2917 accipere
2550 2848 2740 2903 virum.
2770 2849 2997 2916 Quidam
3027 2851 3221 2908 Patres
3250 2852 3360 2908 late
3376 2869 3474 2909 vo-

1890 2933 2139 3009 cabulum
2161 2933 2525 3003 fornicationis
2542 2944 2890 3008 acceperunt,
2912 2940 2986 2993 ita
3014 2948 3074 2995 ut
3097 2942 3474 2999 existimarent

1886 3024 2208 3095 gravissima
2239 3027 2470 3083 crimina
2514 3042 2636 3083 esse
2663 3044 2886 3111 causam
2911 3031 3127 3087 divortii
3151 3033 3469 3104 legitimam.

207 3120 431 3195 ducere.
461 3141 480 3173 ι
524 3120 724 3176 Sancto
743 3102 1003 3177 Clementi
1028 3122 1391 3180 Alexandrino
1412 3124 1699 3195 adiungam
1723 3125 1785 3179 Β.

1893 3113 2229 3184 Quapropter
2252 3114 2314 3168 Β.
2347 3115 2579 3172 Hermas
2604 3118 2660 3172 in
2680 3117 2820 3174 libro
2841 3104 3084 3176 Pastorts
3114 3137 3174 3187 ιι,
3207 3101 3471 3178 mandato

205 3187 470 3273 ilerman,
500 3208 654 3278 cujus
680 3207 819 3266 liber
844 3210 1084 3267 Pastoris
1112 3213 1180 3267 ab
1208 3210 1326 3283 ipso
1354 3187 1636 3283 tantopere
1672 3213 1788 3268 lau-

210 3298 373 3353 datus
400 3306 503 3363 est,
530 3306 591 3353 ut
626 3301 1019 3369 quodammodo
1044 3317 1200 3357 suum
1229 3301 1424 3358 fecisse
1452 3303 1645 3358 merito
1678 3304 1787 3359 dici

200 3386 404 3462 possit.
457 3391 546 3446 Sic
585 3408 712 3447 vero
739 3392 864 3449 huic
891 3394 1173 3463 qumstioni
1202 3413 1215 3449 :
1248 3381 1385 3461 Quid
1413 3410 1562 3467 ergo,
1589 3395 1634 3451 si
1661 3411 1789 3465 per-

210 3484 474 3538 manserit
504 3484 556 3537 in
578 3485 706 3538 vitio
732 3501 829 3541 suo
848 3486 1075 3540 mulier?
1096 3485 1355 3557 Angelum
1376 3486 1787 3555 respondentem

205 3573 431 3629 exhibet
469 3573 607 3628 libro
635 3590 696 3640 ιι,
727 3576 906 3630 mand.
937 3575 991 3641 4,
1022 3583 1077 3630 et
1104 3576 1275 3631 dixit:
1305 3594 1324 3627 s
1353 3563 1599 3632 Dimittat
1639 3576 1788 3632 illam

203 3660 317 3726 'vir,
346 3670 401 3717 et
424 3663 507 3717 vir
530 3664 629 3735 per
652 3672 712 3719 ‘se
740 3667 975 3721 maneat.
1018 3650 1171 3731 Quod
1205 3666 1251 3721 si
1289 3658 1556 3722 dimiserit
1589 3666 1786 3722 mulio:-

206 3769 327 3807 rem
374 3769 546 3819 suam,
586 3763 642 3809 et
670 3756 829 3810 aliam
874 3755 1107 3820 duxerit,
1155 3764 1211 3809 et
1253 3755 1369 3825 ipse
1409 3758 1728 3812 moechatur.
1756 3764 1781 3810 δ

206 3843 593 3908 Tertullianns,
617 3845 710 3899 lib.
742 3846 809 3900 de
835 3844 1191 3915 Monogamia,
1214 3858 1332 3913 cap.
1365 3844 1398 3899 9
1419 3846 1440 3897 ξ
1474 3860 1496 3895 ι
1519 3843 1684 3900 Nobis
1702 3854 1786 3899 et:-

206 3930 651 4010 sirepndiemus,
684 3945 753 3985 ne
779 3931 981 3986 nubere
1008 3930 1224 4000 quidem
1250 3928 1453 3984 licebit.
1486 3929 1653 3984 Video
1672 3930 1788 4000 jam

207 4021 341 4075 hinc
379 4021 445 4075 ad
484 4021 796 4091 Apostolum
834 4038 933 4078 nos
967 4023 1268 4093 provocari,
1298 4022 1366 4077 ad
1388 4021 1543 4091 cujus
1570 4028 1787 4079 sensum

198 4094 426 4165 facilius
454 4113 908 4182 perspiciendum,
947 4121 1096 4168 tanto
1124 4105 1415 4170 instantius
1450 4115 1787 4182 prmculcan-

205 4204 342 4258 dum
366 4213 448 4257 est
473 4202 751 4258 mulierem
777 4204 946 4274 magis
966 4203 1220 4259 defuncto
1246 4204 1438 4260 merito
1459 4206 1631 4261 teneri
1658 4222 1791 4276 quo-

205 4293 396 4347 minus
419 4293 584 4347 alium
604 4288 777 4347 viru‘m
804 4292 1072 4348 admittat.
1093 4304 1117 4345 ἰ
1146 4287 1297 4349 Unde
1322 4293 1386 4348 N.
1417 4292 1679 4365 Rigaltius
1706 4297 1790 4350 vir

193 4386 285 4438 ‘ct.
315 4382 370 4436 in
392 4383 537 4438 hunc
564 4383 738 4437 locum
770 4384 871 4437 ista
901 4380 1308 4438 animadvertit:
1338 4402 1358 4435 α
1381 4384 1563 4448 Nobis,
1588 4385 1787 4454 intluit,

194 4474 568 4544 paracleticis.
624 4474 757 4529 Nam
789 4475 929 4545 apud
956 4476 1239 4546 psychicos
1267 4466 1402 4531 alias
1429 4477 1646 4546 nuptias
1671 4485 1793 4547 post

201 4567 502 4622 divortium
532 4566 699 4621 fuisse
740 4566 1031 4638 permissas
1068 4568 1242 4622 innuit
1276 4568 1543 4638 principio
1581 4568 1710 4623 libri
1750 4584 1789 4624 ιι

203 4659 283 4713 a:l
309 4657 564 4719 Uxorem,
611 4657 698 4711 his
739 4658 948 4712 scilicet
974 4657 1153 4712 verbis
1182 4675 1195 4711 :
1224 4664 1249 4707 ἰ
1276 4656 1431 4712 Nunc
1457 4658 1525 4712 ad
1553 4658 1786 4714 secunda

196 4756 227 4799 λι
264 4748 490 4803 consilia
517 4755 915 4814 convertemur,
947 4744 1191 4815 respectu
1216 4748 1467 4801 humana:
1505 4745 1789 4803 infirmita-

198 4858 227 4892 -ι
265 4841 358 4905 tis,
398 4841 753 4909 quarumdam
781 4840 1042 4908 exemplis
1076 4840 1508 4905 admonentibus,
1554 4857 1674 4911 quae
1712 4841 1792 4898 di-

202 4946 230 4984 u
265 4932 464 4995 vortio,
487 4917 571 4986 vel
598 4915 777 4985 mariti
805 4941 1054 4996 cXcessu,
1094 4931 1275 4987 oblata
1317 4934 1662 4988 continentiae
1698 4949 1791 4989 oc-

204 5039 227 5072 s
262 5021 500 5085 casione,
526 5035 633 5074 non
664 5021 822 5074 medo
852 5017 1164 5087 abiecerunt
1191 5022 1644 5090 opportunitatem
1673 5031 1791 5076 tan-

192 5120 227 5164 ἰ
258 5113 304 5166 ti
331 5113 476 5177 boni,
504 5115 596 5168 sed
624 5126 692 5168 ne
738 5114 793 5167 in
834 5114 1082 5167 nubendo
1111 5113 1326 5182 quidem
1356 5112 1651 5181 disciplima
1677 5128 1792 5167 me-

202 5221 229 5253 α
259 5201 485 5257 minisse
510 5203 814 5268 voluerunt,
844 5208 907 5256 ut
924 5202 986 5256 in
1012 5202 1238 5256 Domino
1261 5201 1602 5271 potissimum
1622 5204 1793 5258 nube-

198 5309 228 5343 s
265 5300 412 5346 rent.
443 5311 463 5344 ι
500 5292 572 5346 At
598 5293 860 5362 quosdam
913 5300 1153 5347 rectores
1184 5291 1437 5347 Ecclesia:
1482 5301 1670 5348 contra
1715 5293 1784 5347 le-

197 5392 335 5449 gem
379 5380 692 5453 Scriptum,
731 5381 859 5437 illud
886 5381 1198 5452 permisisse
1223 5381 1417 5436 asserit
1442 5379 1702 5453 Origenes
1729 5383 1785 5439 in

196 5470 517 5526 Comment.
550 5469 763 5535 Matth,
793 5486 847 5541 p.
875 5469 1002 5535 565,
1035 5468 1167 5524 edit.
1213 5468 1373 5524 liuet.
1400 5483 1414 5523 :
1447 5488 1464 5519 ε
1486 5468 1604 5525 iam
1636 5486 1783 5535 vero,

198 5561 409 5631 inquit,
441 5560 734 5632 Scriptura:
759 5560 931 5630 legem
959 5558 1169 5614 mulieri
1203 5558 1414 5613 vivente
1442 5560 1559 5615 viro
1586 5562 1789 5617 nubere

195 5651 432 5722 quidam
458 5650 711 5707 Ecclesia:
739 5657 978 5706 rectores
1007 5647 1387 5718 permiserunt,
1418 5657 1636 5719 agentes
1661 5666 1789 5706 con-

1886 3203 1940 3268 4,
1964 3202 2171 3271 judicat
2198 3212 2419 3275 prepter
2470 3200 2829 3262 idololatriam
2885 3224 3108 3264 uxorem
3141 3225 3261 3266 esse
3287 3212 3471 3266 dimit-

1888 3296 2139 3350 tendam:
2177 3313 2196 3347 ι
2232 3294 2349 3350 Non
2379 3296 2576 3361 solum,
2627 3297 2824 3366 inquit,
2866 3300 3158 3355 moechatio
3218 3309 3303 3356 est
3359 3301 3470 3357 illis

1890 3386 1981 3456 qui
2019 3401 2242 3442 carnem
2270 3396 2425 3442 suam
2451 3389 2822 3458 coinquinant,
2855 3391 2952 3445 sed
2976 3400 3032 3445 et
3058 3392 3104 3447 is
3126 3394 3218 3463 qui
3245 3394 3467 3451 simula-5

1886 3490 2038 3530 crum
2067 3475 2215 3542 facit,
2247 3477 2572 3532 moechatur.
2625 3478 2778 3546 Quod
2800 3480 2844 3535 si
2868 3480 2923 3535 in
2958 3481 3044 3536 his
3096 3482 3254 3539 factis
3282 3500 3470 3555 persei-

1888 3573 2060 3631 verat,
2090 3574 2146 3621 et
2172 3567 2551 3636 potnitentiam
2570 3585 2678 3624 non
2699 3571 2832 3641 agit,
2854 3572 3048 3628 recede
3073 3574 3336 3640 abilla,et
3358 3577 3469 3632 noli

1879 3659 2177 3735 ’convivere
2202 3664 2327 3715 cum
2362 3660 2495 3728 illa;
2528 3661 2769 3732 alioquin
2792 3702 2807 3727 ,
2849 3670 2905 3717 et
2930 3669 2991 3717 tu
3033 3666 3321 3735 particeps
3353 3667 3464 3722 eris

1882 3749 2093 3818 peccati
2146 3734 2283 3820 ejus.
2316 3760 2338 3803 δ
2386 3751 2444 3806 In
2493 3752 2685 3808 eodem
2734 3758 2898 3811 sensu
2944 3766 3169 3812 sanctus
3212 3755 3477 3831 Clemens.

1885 3838 2284 3897 Alexandrinus
2335 3843 2549 3899 videtur
2594 3846 2799 3902 dixisse
2828 3848 2968 3905 libro
2991 3866 3058 3905 ιιι
3112 3848 3469 3915 Stromatum,

1887 3928 2300 3987 fornicationem
2352 3934 2527 3990 tribus
2556 3937 2730 3992 modis
2770 3940 2907 3994 sumi
2933 3939 3074 4010 apud
3130 3938 3468 4009 Apostolum.

1887 4019 1964 4074 De
1990 4021 2176 4076 eadem
2206 4024 2503 4092 qmestione
2530 4035 2792 4095 tanquam
2819 4029 2886 4083 de
2915 4029 3150 4084 maxima
3180 4028 3466 4086 diilicultaa

1890 4115 1942 4164 te
1966 4108 2143 4166 fusius
2171 4111 2409 4181 disputat
2432 4115 2756 4187 Origenesin
2782 4116 3085 4172 Comment.
3117 4118 3333 4186 Matth.,
3360 4119 3463 4188 μιν

1884 4204 1944 4266 p.
1976 4199 2100 4265 565,
2134 4201 2387 4256 editionis
2413 4203 2571 4258 liuet.
2625 4204 2859 4260 Sanctus
2904 4214 3089 4262 tamen
3133 4206 3468 4276 Epiphanius

1881 4291 2104 4346 nihilde
2128 4292 2229 4346 hac
2244 4293 2470 4359 dubitat,
2494 4295 2687 4351 haeres.
2734 4312 2845 4352 ux.
2869 4316 2889 4350 ι
2914 4296 3254 4369 Autpropter
3278 4299 3462 4366 aliam,

1891 4379 2085 4450 inquit,
2116 4396 2357 4436 causam.
2396 4403 2414 4434 ι
2444 4383 2549 4440 Sed
2585 4396 2804 4443 sanctus
2827 4388 3191 4460 Augustinus,
3219 4391 3470 4445 omnibus

1895 4470 2182 4540 utrobique
2207 4473 2589 4541 consideratis,
2620 4475 2823 4533 fatetur
2850 4479 2886 4532 l.
2917 4493 2934 4534 ι
2974 4477 3465 4543 Retractationum,

1894 4575 2019 4632 cap.
2068 4562 2151 4627 l9,
2203 4563 2345 4619 hanc
2395 4568 2747 4635 quzestionem
2791 4585 2914 4626 esse
2957 4571 3461 4626 latebrosissimam.

1894 4666 1920 4705 ι
1966 4654 2093 4719 Sed,
2114 4669 2279 4725 quam
2303 4656 2450 4724 velit,
2479 4658 2676 4728 inquit,
2702 4662 2962 4718 Dominus
2985 4661 3212 4733 intelligi
3236 4661 3471 4717 fornicaa-

1894 4743 2095 4799 tionem
2155 4750 2375 4815 propter
2439 4763 2604 4817 quam
2676 4750 2836 4805 liceat
2884 4753 3155 4807 dimittere
3200 4767 3466 4819 uxorem,

1894 4834 2076 4887 utrum
2097 4849 2219 4888 eam
2250 4849 2368 4904 quae
2397 4835 2685 4893 damnatur
2732 4838 2787 4892 in
2833 4842 3054 4912 stupris,
3086 4858 3155 4898 an
3205 4844 3354 4900 illam
3402 4847 3470 4902 de

1896 4940 2003 4994 qua
2048 4924 2243 4978 dicitur
2273 4946 2286 4978 :
2319 4924 2607 4981 Perdidisti
2640 4942 2856 4986 omnem
2894 4933 2989 5002 qui
3036 4932 3336 4991 fornicatur
3371 4937 3470 4992 abs

1894 5025 1967 5071 te.
2008 5037 2026 5069 ι
2059 5016 2126 5070 Et
2169 5018 2330 5086 paulo
2380 5026 2541 5088 pnst:
2576 5039 2594 5072 ι
2642 5020 2749 5077 Sed
2796 5034 3068 5092 quatenus
3120 5026 3467 5098 intelligenda

1894 5118 2056 5178 atque
2084 5108 2411 5164 eliminanda
2438 5111 2509 5166 sit
2539 5112 2654 5169 lucc
2679 5113 2988 5184 fornicatio,
3018 5126 3074 5173 et
3100 5126 3280 5174 utrum
3301 5119 3467 5172 etiam

1888 5205 2110 5268 propter
2159 5198 2298 5254 hanc
2348 5199 2509 5256 liceat
2553 5192 2825 5261 dimittere
2851 5221 3096 5271 uxorem,
3149 5207 3464 5260 latebrosis-

1889 5288 2026 5343 sima
2055 5289 2281 5357 qumstio
2304 5288 2409 5345 est.
2448 5310 2467 5344 ι
2506 5292 2712 5350 Tamen
2743 5295 2932 5350 Patres
2971 5295 3188 5350 concilii
3240 5294 3463 5350 Verme-

1891 5376 2109 5443 riensis,
2137 5391 2188 5432 c.
2222 5376 2277 5442 5,
2305 5378 2438 5434 dant
2467 5381 2586 5435 viro
2618 5383 2891 5439 licentiam
2915 5382 3132 5452 penitus
3163 5381 3465 5439 dimittendi

1893 5482 2114 5522 uxorem
2141 5477 2364 5539 propter
2412 5472 2697 5530 consilium
2747 5471 3048 5537 homicidii,
3097 5471 3242 5541 quod
3295 5472 3461 5528 dedit.
3521 5498 3537 5516 υ

1861 5600 1869 5607 .
1899 5576 1918 5608 ι
1958 5557 2013 5613 Si
2040 5574 2144 5628 qua
2170 5561 2364 5617 mulier
2390 5571 2622 5618 mortem
2645 5561 2744 5615 viri
2764 5561 2844 5617 sui
2870 5577 2992 5616 cum
3013 5561 3137 5617 aliis
3158 5561 3466 5619 hominibus

1892 5650 2215 5716 oonsiliavit,
2272 5661 2325 5708 et
2363 5653 2474 5721 ipse
2524 5652 2606 5708 vir
2647 5651 2816 5721 ipsius
2864 5651 3138 5707 hominem
3171 5668 3231 5710 se
3271 5651 3465 5710 defen-
