3968 6180
517 298 643 365 im

1603 310 1694 363 AD
1728 309 1918 365 POENI
1927 310 2173 365 ΤΕΝΤΙΛ
2184 311 2266 364 LE
2306 309 2651 368 THEODORI

3624 306 3759 366 1159

511 416 688 483 dendo
709 426 984 491 occiderit,
1017 434 1072 481 et
1099 426 1202 480 hoc
1228 424 1459 494 probare
1486 430 1683 493 potest,
1743 423 1830 478 ille
1854 422 1935 477 vir
1980 438 2075 493 po-

2180 424 2301 497 τὲρᾳ
2321 426 2528 495 γυναικὶ,
2558 423 2586 483 ἦ
2613 428 2741 496 γυνὴ
2761 422 2969 498 δευτέρᾳ
2997 421 3163 499 ἀνδρί’
3199 425 3289 478 οὒκ
3304 427 3543 479 αἰτιᾶται
3567 422 3594 477 ὃ
3619 426 3762 488 Osis:

512 526 618 574 test
659 518 828 587 ipsam
856 530 1080 571 uxorem
1120 514 1423 582 dimittere;
1454 522 1511 569 et
1545 513 1592 568 si
1621 513 1878 579 voluerit,
1915 514 2077 567 aliam

513 607 759 676 accipiat.
1706 612 1719 622 °

580 696 687 750 Illa
716 711 855 761 vero,
885 697 929 749 si
973 694 1189 751 voluerit
1218 694 1484 765 pmnitere,
1515 692 1680 747 alium
1727 692 1951 762 accipiat
2001 691 2080 744 υἰ-

509 803 646 839 rum.
671 784 968 840 Concilium
985 783 1349 848 Triburiense,
1373 797 1494 839 can.
1517 782 1579 835 41
1617 796 1631 835 :
1669 799 1688 831 ‹
1712 780 1769 836 Si
1794 781 1915 850 quis
1944 779 2078 849 legi-

510 874 696 930 timam
725 875 938 929 duxerit
982 889 1230 940 uxorem,
1278 883 1334 928 et
1381 873 1708 942 impediente
1757 885 2080 941 quacunque

509 968 804 1023 domestica
850 968 1164 1023 inﬁrmitate
1190 1008 1204 1034 ,
1244 967 1500 1023 uxorium
1546 981 1681 1036 opus
1730 979 1836 1019 non
1894 963 2081 1018 valens

510 1059 735 1128 implere
759 1073 880 1118 cum
904 1058 992 1112 illa
1024 1072 1040 1112 :
1070 1056 1237 1112 frater
1252 1072 1381 1112 vero
1401 1055 1539 1125 eius,
1555 1056 1815 1110 suadente
1842 1054 2077 1117 diabolo,

510 1150 793 1204 adamatus
823 1150 889 1203 ab
920 1148 1055 1218 ipsa,
1085 1147 1389 1202 clanculum
1437 1160 1557 1199 eam
1584 1143 1972 1208 humiliaverit,
2025 1153 2082 1199 et

513 1239 765 1294 violatam
819 1238 1114 1293 reddiderit
1156 1235 1506 1292 :omnimodo
1552 1243 1894 1305 separentur,
1942 1241 1998 1289 et
2050 1251 2081 1290 a

510 1335 704 1384 neutro
741 1328 971 1384 ulterius
1014 1327 1201 1382 eadem
1251 1326 1447 1380 mulier
1496 1325 1859 1395 contingatur.
1914 1322 2082 1393 Igitur

507 1418 835 1490 “coniugium,
857 1417 999 1490 quod
1013 1425 1131 1473 erat
1142 1416 1459 1488 legitimum,
1477 1414 1714 1470 fraterna
1730 1413 2085 1470 commacula-

510 1511 656 1563 tione
681 1517 765 1564 est
809 1508 1068 1577 pollutum
1109 1526 1121 1561 :
1172 1516 1229 1561 et
1253 1505 1395 1576 quod
1427 1514 1547 1561 erat
1571 1506 1798 1568 licitum,
1839 1503 2080 1558 illicitum

511 1609 597 1654 est
627 1598 826 1653 factum
854 1615 867 1652 :
891 1605 946 1652 et
972 1605 1031 1650 ut
1054 1595 1415 1667 Hieronymus
1432 1596 1507 1650 ait
1536 1613 1548 1649 :
1588 1613 1606 1646 ι
1641 1595 1831 1649 Mulier
1852 1594 2081 1649 duorum

520 1712 538 1742 ι
564 1692 787 1747 fratrum
819 1706 924 1745 non
953 1691 1208 1746 ascendat
1253 1699 1428 1744 torum
1462 1708 1473 1743 :
1527 1690 1572 1744 si
1601 1696 1777 1743 autem
1815 1689 2076 1754 ascendit,

2179 516 2342 584 16-,og.
2378 513 2609 568 Sanctus
2654 513 3014 582 Hieronymus
3053 512 3107 566 in
3155 511 3442 583 Epitaphfo
3472 511 3748 575 Fabiolae:

2186 625 2204 654 ι
2239 604 2510 674 Quidquid
2533 603 2667 658 viris
2686 601 2928 671 iubetur,
2944 605 3048 657 hoc
3071 610 3469 673 consequenter
3491 603 3762 659 redundat

2180 695 2236 749 in
2273 695 2524 749 feminas.
2555 693 2739 763 Neque
2768 694 2914 749 enim
2952 693 3197 748 adultera
3241 709 3379 748 uxor
3428 693 3760 749 dimittenda

2180 794 2282 850 est,
2335 794 2391 839 et
2419 786 2505 839 vir
2551 786 2797 840 mmehus
2846 785 3130 839 tenendus.
3161 823 3176 838 .
3217 824 3230 837 .
3259 784 3392 839 Alia:
3439 793 3571 838 sunt
3613 784 3762 855 leges

2180 874 2477 940 Caesarum,
2507 874 2625 929 alia:
2645 874 2873 940 Christi;
2906 874 3049 930 aliud
3071 875 3422 944 Papinianus,
3448 874 3598 929 aliud
3621 874 3762 929 Pau-

2180 965 2265 1019 lus
2308 972 2495 1019 noster
2545 964 2808 1034 praecipit.
2854 962 3011 1033 Apud
3056 965 3175 1018 illos
3222 964 3355 1017 viris
3408 964 3762 1033 impudicitia

2180 1054 2333 1110 frena
2362 1054 2632 1108 laxantur.
2663 1095 2677 1107 .
2710 1093 2724 1107 .
2756 1053 2911 1124 Apud
2923 1068 3041 1120 nos,
3071 1051 3216 1123 quod
3233 1068 3340 1106 non
3368 1053 3493 1108 licet
3518 1053 3759 1119 feminis,

2180 1162 2333 1216 aeque
2358 1161 2464 1215 non
2486 1146 2611 1201 licet
2632 1146 2784 1212 viris,
2815 1154 2871 1200 et
2894 1146 3086 1201 eadem
3126 1147 3363 1202 servitus
3397 1148 3516 1216 pari
3562 1148 3755 1201 condi-

2183 1237 2331 1291 tione
2351 1244 2622 1291 censetur.
2660 1256 2679 1288 s
2721 1235 2790 1290 Et
2834 1244 3054 1291 sanctus
3091 1236 3423 1307 Augustinus
3466 1245 3757 1307 postquam

2179 1325 2322 1381 hanc
2342 1326 2694 1395 qumstionem
2724 1325 2832 1381 late
2861 1324 3086 1395 inseque
3120 1328 3397 1391 tractavit,
3432 1327 3516 1381 sic
3536 1327 3758 1383 conclu-

2181 1416 2260 1472 dit
2293 1417 2349 1471 in
2380 1416 2520 1471 libro
2559 1431 2597 1471 ll
2646 1416 2715 1471 de
2759 1415 3077 1472 adulterinis
3127 1415 3420 1486 Coniugiis,
3476 1433 3600 1488 cap.
3642 1418 3751 1473 20:

2185 1522 2205 1555 ι
2244 1505 2369 1560 Haec
2398 1514 2578 1561 autem
2605 1522 2692 1561 me
2716 1508 2782 1562 de
2816 1516 3047 1578 utroque
3062 1522 3192 1563 sexu
3211 1510 3531 1565 memineris
3553 1512 3755 1575 dicere,

2179 1595 2276 1651 sed
2301 1596 2532 1651 maxime
2560 1605 2781 1667 propter
2808 1597 2954 1653 viros
2983 1616 2997 1651 τ
3031 1599 3121 1667 qui
3141 1607 3425 1668 propterea
3451 1616 3513 1655 se
3542 1599 3759 1657 feminis

2180 1686 2488 1755 superiores
2517 1701 2640 1741 esse
2665 1687 3027 1753 arbitrantur,
3058 1704 3126 1744 ne
3153 1689 3412 1758 pudicitia
3441 1705 3608 1759 pares
3636 1704 3762 1747 esse

517 1803 534 1835 ι
559 1784 877 1839 adulterium
926 1781 1279 1852 perpetrabit.
1345 1780 1480 1848 Quia
1527 1795 1657 1834 vero
1694 1780 1929 1834 humana
1976 1777 2084 1834 fra-
2114 1772 2160 1833 Β
2185 1776 2493 1847 dignentur,
2525 1777 2577 1830 in
2598 1791 2707 1846 qua
2733 1777 2898 1832 etiam
2938 1779 3131 1848 praeire
3176 1778 3502 1845 debuerunt,
3554 1791 3616 1835 ut
3661 1794 3760 1836 eos

517 1894 535 1925 ε
560 1875 737 1945 gilitas
766 1873 1019 1944 proclivis
1063 1881 1150 1927 est
1196 1872 1265 1927 ad
1307 1872 1592 1927 labendum
1623 1913 1637 1937 ,
1687 1871 1869 1941 aliquo
1924 1870 2084 1926 modo

514 1984 533 2015 ε
562 1965 831 2018 muniatur
882 1965 951 2019 ad
1003 1964 1275 2020 standum.
1331 1963 1542 2019 Idcirco
1602 1962 1905 2034 episcopus,
1951 1978 2084 2017 con-

517 2077 534 2108 s
562 2056 798 2111 siderata
823 2056 1022 2111 mentis
1043 2071 1231 2111 eorum
1261 2054 1646 2121 imbecillitate,
1674 2063 1799 2125 post
1816 2055 2083 2125 paeniten-

514 2164 532 2198 ‹
561 2149 688 2201 tiam
713 2162 811 2202 sna
838 2147 1177 2203 institutione
1198 2155 1494 2216 peractam,
1512 2145 1559 2201 si
1587 2147 1646 2200 se
1670 2146 1951 2201 continere
1975 2161 2080 2201 non

517 2260 534 2291 ι
559 2239 787 2310 possint,
818 2237 1058 2309 legitimo
1084 2236 1432 2292 consolentur
1455 2235 1831 2291 matrimonio:
1850 2251 1937 2300 ne,
1957 2236 2083 2290 dum

520 2349 537 2381 α
558 2336 847 2400 sperantur
872 2329 940 2383 ad
962 2327 1070 2383 alta
1100 2327 1390 2393 sublevari,
1418 2335 1676 2382 corruant
1699 2327 1753 2381 in
1780 2341 2017 2381 cmnum.
2059 2346 2077 2378 ι

511 2419 605 2473 Sic
626 2433 753 2473 vero
774 2416 1118 2471 Burchardus
1161 2431 1227 2471 ex
1258 2416 1487 2471 concilio
1535 2415 1897 2481 Triburiensi,
1948 2416 2083 2471 libro

509 2526 585 2575 tv,
609 2525 729 2565 can.
768 2510 875 2563 ὣς
914 2527 933 2559 ‹
986 2508 1081 2563 Vir
1104 2507 1150 2562 si
1178 2508 1392 2563 duxerit
1437 2523 1661 2562 uxorem
1713 2507 2084 2562 concumbere

509 2614 633 2652 cum
659 2613 722 2652 ea
746 2613 853 2653 non
881 2598 1090 2660 valens,
1124 2604 1177 2652 et
1210 2597 1378 2652 frater
1424 2598 1541 2668 ejus
1567 2597 1813 2652 clanculo
1859 2612 1980 2652 eam
2006 2598 2085 2652 vi-

513 2689 745 2754 tiaverit,
774 2696 831 2742 et
857 2688 1133 2759 gravidam
1165 2688 1480 2755 reddiderit,
1512 2698 1853 2760 separentur.
1896 2689 2085 2746 Consi-

513 2782 701 2837 derata
728 2789 907 2835 autem
936 2781 1325 2847 imbecillitate,
1358 2782 1733 2836 misericordia
1758 2783 1838 2837 eis
1884 2784 2085 2853 impar-

516 2873 681 2927 tiatur
712 2872 778 2927 ad
821 2870 1128 2943 coniugium
1183 2880 1391 2926 tantum
1441 2872 1495 2925 in
1546 2874 1788 2928 Domino.
1829 2892 1849 2926 ι
1905 2874 1972 2927 Εῑ
2017 2886 2082 2927 ex

512 2958 877 3016 Poenitentiali
906 2962 1148 3015 Romano
1190 2961 1558 3026 Burchardus,
1590 2962 1681 3017 lib.
1713 2979 1825 3029 xxx,
1856 2979 1973 3034 cap.
2008 2964 2038 3018 4
2065 2982 2077 3017 :

518 3072 536 3104 ι
574 3052 632 3108 Si
661 3061 841 3108 autem
870 3069 1005 3108 uxor
1028 3062 1118 3108 tua
1148 3054 1251 3109 hoc
1278 3054 1509 3124 probare
1558 3054 1774 3124 poterit,
1800 3055 1942 3125 quod
1989 3063 2080 3110 tua

511 3144 668 3215 culpa
698 3153 754 3199 et
782 3153 873 3199 tuo
894 3142 1068 3212 jussu,
1098 3159 1157 3200 se
1186 3153 1445 3200 renuente
1472 3152 1527 3202 et
1568 3146 1899 3212 reluctante,
1925 3147 2079 3201 adul-

511 3241 683 3289 terata
730 3235 828 3298 sit;
850 3234 895 3290 si
926 3250 984 3289 se
1010 3235 1290 3289 continere
1312 3249 1418 3289 non
1448 3243 1646 3305 potest,
1677 3237 1846 3290 nubat
1874 3237 1965 3306 qui
1995 3248 2083 3292 vo-

508 3322 687 3389 luerit,
720 3320 934 3378 tantum
962 3323 1016 3377 in
1060 3323 1308 3378 Domino.
1350 3343 1369 3376 ι
1410 3323 1564 3390 Quod
1610 3339 1799 3380 omnes
1830 3324 1944 3379 fere
1989 3326 2081 3380 alii

513 3419 730 3481 negant,
790 3419 843 3465 et
899 3411 1115 3481 quidem
1156 3408 1348 3466 Patres
1375 3411 1587 3468 concilii
1639 3410 2082 3483 Compendiensis

513 3517 634 3554 can.
666 3502 699 3555 8
729 3519 741 3553 :
782 3522 800 3552 ι
832 3499 888 3555 Si
928 3501 1050 3571 quis
1077 3502 1240 3556 homo
1267 3501 1429 3555 habet
1454 3500 1733 3555 mulierem
1763 3501 2075 3571 legitimam,

511 3602 567 3644 et
595 3591 762 3645 frater
788 3592 905 3661 eius
942 3591 1263 3645 adulteravit
1308 3607 1430 3645 cum
1481 3606 1565 3655 ea,
1608 3592 1698 3647 ille
1753 3593 1939 3656 frater,
1993 3593 2079 3648 vel

509 3679 599 3733 illa
631 3680 853 3744 femina,
887 3681 979 3749 qui
1014 3680 1333 3733 adulterium
1362 3690 1829 3750 perpetraverunt,
1859 3683 2076 3738 interim

470 3782 617 3839 Mque
650 3769 834 3822 vivunt
861 3785 1135 3838 nunquam
1158 3770 1392 3824 habeant
1430 3770 1756 3841 coniugium.
1784 3772 1877 3827 Ille
1923 3772 2078 3843 cuius

511 3876 648 3916 uxor
671 3860 789 3926 fuit,
810 3861 854 3915 si
881 3860 1007 3923 vult,
1034 3869 1351 3931 potestatem
1379 3862 1543 3918 habet
1569 3864 1815 3933 accipere
1835 3866 2016 3920 aliam.
2049 3884 2068 3919 ι

582 3950 797 4006 Mulieri
825 3968 926 4005 non
956 3950 1073 4005 licet
1097 3951 1263 4005 virum
1295 3953 1572 4019 dimittere,
1603 3955 1719 4010 licet
1747 3957 1814 4011 sit
1838 3958 2074 4027 fornica-

508 4053 609 4099 tor.
639 4040 873 4097 Basilius
896 4043 991 4096 hoc
1016 4042 1297 4112 judicavit.
1333 4043 1389 4096 ln
1426 4044 1649 4114 epistola
1691 4046 1757 4100 ad
1800 4046 2077 4118 Amphilo-

510 4135 713 4199 chium,
741 4148 863 4188 can.
896 4133 930 4189 9
964 4150 976 4186 :
1016 4151 1035 4184 ί
1069 4133 1164 4187 Sin
1191 4142 1373 4188 autem
1399 4135 1541 4204 quod
1577 4136 1691 4205 ipse
1712 4138 1857 4191 vivat
1886 4140 1940 4193 in
1968 4138 2077 4194 for-

508 4226 800 4290 nicatione,
829 4240 937 4279 non
964 4225 1228 4280 habemus
1263 4226 1403 4281 hanc
1439 4228 1879 4285 consuetudinem
1910 4230 1962 4283 in
1990 4244 2079 4285 ec-

508 4312 807 4371 clesiastica
864 4315 1267 4378 constitutione,
1316 4317 1413 4371 sed
1468 4318 1633 4372 etiam
1691 4318 1926 4375 intilelis
1974 4320 2074 4374 viri

500 4404 654 4474 jussa
678 4413 762 4459 est
787 4404 979 4459 mulier
1001 4419 1107 4459 non
1140 4407 1400 4474 separari,
1419 4408 1512 4461 sed
1542 4422 1828 4463 remanere
1854 4417 2075 4479 propter

506 4494 943 4551 incertitudinem
968 4504 1213 4549 eventus.
1248 4494 1387 4561 Quid
1413 4497 1557 4551 enim
1593 4498 1720 4561 scis,
1750 4499 1965 4563 mulier,
2002 4515 2068 4555 an

500 4586 679 4640 virum
709 4600 815 4639 non
860 4584 937 4639 sis
965 4587 1281 4639 servatura?
1305 4587 1482 4653 Quare
1516 4603 1637 4657 quae
1686 4588 1942 4658 relinquit
1986 4599 2070 4645 est

502 4677 774 4740 adultera,
796 4676 841 4731 si
874 4677 940 4731 ad
976 4676 1137 4730 alium
1169 4678 1343 4731 virum
1383 4680 1692 4734 accesserit.
1734 4679 1838 4747 Qui
1887 4690 2068 4735 autem

502 4766 857 4836 relinquitur,
908 4776 991 4820 est
1047 4767 1238 4837 dignus
1290 4768 1464 4834 venia,
1514 4776 1569 4822 et
1604 4783 1725 4838 quae
1755 4770 1805 4824 ei
1848 4771 2070 4825 cohabi-

500 4864 601 4921 tat,
632 4871 741 4909 non
773 4856 893 4910 ideo
933 4857 1338 4912 condemnatur.
1394 4877 1412 4910 ›
1460 4859 1604 4913 Idem
1649 4869 1835 4915 censet
1878 4870 2069 4916 auctor

503 4950 646 5020 apud
694 4948 1041 5003 Ambrosium
1089 4949 1474 5005 Commentarii
1526 4952 1580 5005 in
1635 4952 1807 5022 Epist.
1847 4955 1915 5007 ad
1970 4952 2069 5007 Co-

504 5040 673 5095 rinth.
705 5051 824 5107 cap.
852 5053 947 5090 vn.
982 5037 1152 5103 Quam
1182 5038 1600 5108 inaequalitatem
1629 5041 1956 5097 damnarunt
1975 5041 2065 5096 alii

500 5132 714 5195 Patres,
769 5137 830 5186 ut
882 5128 1173 5198 Gregorius
1228 5129 1600 5187 Nazianzenus
1654 5132 1710 5187 in
1761 5142 1902 5188 orat.
1946 5134 2009 5189 51
2050 5152 2063 5188 :

507 5243 525 5276 ι
553 5222 698 5291 Quid
716 5236 895 5280 causae
926 5219 1050 5285 fuit,
1087 5235 1182 5275 cur
1226 5221 1504 5275 mulierem
1552 5231 1850 5290 coerceret,
1900 5226 2067 5280 mari-

497 5324 554 5370 to
569 5323 747 5371 autem
764 5312 1081 5380 indulgeret,
1096 5323 1327 5379 eumque
1346 5308 1572 5365 liberum
1588 5312 2061 5382 relinqueret,’etc.

496 5404 649 5461 Hane
674 5404 847 5475 legem
886 5401 1302 5471 haudquaquam
1332 5401 1519 5470 probo,
1543 5401 1683 5456 hanc
1714 5402 2063 5457 consuetudi-

498 5508 621 5546 nem
671 5494 894 5549 minime
948 5492 1111 5548 laudo
1147 5507 1162 5546 :
1192 5492 1293 5546 viri
1347 5500 1503 5547 erant
1558 5493 1649 5561 qui
1704 5493 1842 5547 hanc
1892 5493 2064 5563 legem

498 5591 809 5635 sanxerunt.
867 5600 887 5632 ι
923 5581 1075 5635 Unde
1116 5589 1337 5635 sanctus
1363 5578 1694 5649 Epiphanius
1722 5579 1920 5632 nullam
1969 5580 2062 5633 ad-

497 5668 667 5721 mittit.
691 5670 1107 5740 discrepantiam
1140 5673 1192 5726 in
1224 5671 1412 5727 haeresi
1452 5687 1538 5726 th
1569 5689 1578 5723 :
1612 5671 1916 5742 Συνανροέντα
1948 5669 2087 5741 ξεν-η

2182 1866 2288 1921 illa:
2317 1875 2576 1938 tanquam
2603 1882 2699 1922 sua
2723 1868 2899 1938 capita
2927 1879 3304 1939 sequerentur.
3338 1890 3357 1920 s

2256 1976 2275 2009 ί
2304 1957 2618 2029 Legitimum
2634 1959 2936 2029 conjugium
2960 1976 3061 2013 non
3085 1960 3204 2014 licet
3219 1977 3468 2027 separare
3498 1965 3620 2017 sine
3639 1980 3763 2019 col-

2180 2067 2336 2105 sensu
2364 2052 2654 2106 amborum.
2685 2052 2916 2108 Sanctus
2928 2054 3159 2109 Basilius
3177 2055 3314 2109 libro
3328 2055 3665 2126 Regularum
3678 2057 3759 2111 fu-

2182 2143 2295 2198 sius
2308 2143 2460 2213 dispu
2467 2151 2506 2198 t.
2523 2143 2681 2199 aliter
2696 2146 2983 2215 respondet
3000 2146 3408 2215 interrogationi
3420 2162 3545 2216 quae
3559 2149 3765 2220 sicpro-

2180 2235 2402 2306 ponitur
2427 2252 2440 2289 :
2465 2236 2744 2303 Quomodo
2788 2238 2954 2306 recipi
3004 2237 3238 2292 debeant
3273 2238 3365 2306 qui
3408 2238 3760 2293 matrimonio

2175 2325 2348 2396 iuncti
2398 2330 2557 2382 sunt?
2593 2327 2921 2398 Responsio:
2964 2329 3141 2399 Atque
3180 2330 3215 2384 ii
3246 2330 3408 2383 etiam
3439 2331 3536 2399 qui
3570 2332 3760 2385 matri-

2182 2420 2362 2474 monio
2390 2417 2687 2487 conjuncti,
2722 2420 2788 2473 ad
2812 2418 3123 2488 huiusmodi
3151 2420 3276 2474 vitae
3294 2435 3469 2489 genus
3494 2422 3761 2475 accedunt

2180 2508 2530 2576 percontandi
2586 2517 2712 2562 sunt
2775 2524 2903 2563 num
2963 2508 3330 2563 consentiente
3375 2509 3547 2563 altera
3596 2518 3750 2579 parte

2183 2598 2285 2651 hoc
2313 2597 2536 2660 faciant,
2563 2611 2626 2650 ex
2658 2605 2926 2667 praecepto
2950 2596 3211 2667 Apostoli.
3263 2595 3354 2650 Vir
3380 2598 3552 2661 enim,
3586 2599 3760 2667 inquit

2184 2686 2293 2750 ille,
2327 2688 2410 2740 sui
2433 2687 2667 2757 corporis
2690 2695 2992 2756 potestatem
3024 2704 3127 2740 non
3165 2687 3338 2741 habet.
3386 2688 3501 2742 Etsi
3527 2689 3633 2743 hoc
3682 2690 3755 2743 ita

2181 2777 2250 2830 ab
2280 2777 2409 2847 ipsis
2431 2777 2548 2831 fieri
2570 2785 2909 2848 compertum
2929 2778 3031 2842 sit;
3061 2786 3172 2832 tum
3188 2778 3375 2834 multis
3396 2780 3658 2836 adhibitis
3676 2789 3757 2836 te.

2183 2865 2358 2920 stibus
2378 2866 2591 2920 admitti
2618 2866 2796 2931 debet,
2822 2867 2916 2936 qui
2940 2867 3170 2921 accedit.
3203 2867 3484 2937 Siquidem
3512 2870 3646 2924 nihil
3675 2878 3762 2926 est

2184 2955 2328 3025 quod
2352 2955 2445 3010 Dei
2474 2955 2642 3025 jussis
2671 2956 2853 3025 potius
2880 2956 3069 3011 haberi
3097 2958 3311 3013 debeat.
3342 2959 3399 3013 Si
3449 2973 3581 3017 vero
3605 2961 3762 3017 dissi-

2186 3042 2320 3098 dens
2338 3044 2508 3100 altera
2537 3060 2683 3115 pars,
2704 3053 2761 3101 et
2792 3047 3008 3102 assidue
3033 3062 3205 3116 usque
3237 3064 3302 3104 ex
3356 3051 3590 3106 adverso
3628 3067 3756 3107 cum

2187 3133 2359 3188 altera
2389 3136 2701 3201 contendat,
2730 3138 2872 3206 quod
2903 3137 3154 3193 videlicet
3184 3140 3363 3194 minus
3408 3141 3640 3196 sollicita
3689 3145 3760 3198 sit

2181 3226 2449 3295 quomodo
2471 3227 2685 3295 placeat
2714 3227 2865 3293 Deo;
2899 3229 2989 3284 hic
3029 3244 3094 3284 ea
3134 3233 3385 3287 convenit
3439 3235 3757 3291 meminisse

2182 3334 2302 3389 qua:
2325 3318 2469 3374 dicta
2499 3328 2627 3375 sunt
2653 3321 2721 3376 ab
2748 3321 3011 3392 Apostolo
3037 3340 3051 3376 :
3082 3323 3150 3377 In
3170 3341 3300 3394 pace
3328 3335 3508 3380 autem
3544 3328 3762 3383 vocarit

2183 3424 2276 3462 nos
2304 3407 2464 3462 Deus.
2497 3409 2564 3463 Et
2619 3410 2698 3466 sic
2740 3412 3037 3480 parendum
3088 3424 3356 3485 przecepto
3407 3415 3620 3472 Domini
3667 3421 3761 3488 qui

2182 3496 2318 3550 dixit
2341 3515 2353 3551 :
2380 3496 2438 3551 Si
2465 3500 2582 3568 quis
2605 3501 2737 3554 venit
2770 3501 2840 3555 ad
2870 3519 2979 3567 me,
3009 3512 3056 3557 et
3085 3521 3187 3559 non
3213 3506 3321 3558 odit
3351 3516 3556 3576 patrem
3581 3524 3761 3575 suum,

2181 3597 2232 3642 ct
2256 3597 2494 3655 matrem,
2525 3599 2572 3643 et
2595 3606 2834 3658 uxorem,
2865 3603 2913 3647 et
2958 3593 3099 3663 ﬁlios
3127 3605 3175 3651 et
3201 3596 3413 3665 fratres,
3448 3616 3554 3654 non
3592 3610 3763 3669 potest

2183 3695 2292 3734 esse
2315 3697 2458 3735 meus
2488 3682 2799 3753 discipulus.
2826 3684 3011 3756 Neque
3054 3689 3201 3743 enim
3243 3697 3328 3744 est
3370 3691 3515 3760 quod
3568 3692 3761 3749 haberi

2182 3771 2457 3842 antiquius
2486 3773 2680 3830 debeat
2704 3792 2867 3845 quam
2890 3786 2949 3831 ut
2971 3778 3066 3833 Dei
3085 3779 3255 3850 jussis
3282 3790 3564 3849 pareatur.
3595 3803 3614 3835 ι
3646 3782 3763 3839 Sed

2181 3859 2509 3916 dissentiunt
2530 3863 2621 3918 alii
2645 3864 2857 3933 Patres,
2886 3876 2939 3921 et
2974 3883 3098 3922 cum
3135 3870 3216 3924 eis
3244 3870 3568 3927 Theodoms
3592 3875 3766 3928 sentit

2180 3951 2478 4023 legitimum
2506 3956 2817 4027 coniugium
2862 3960 3103 4029 separari
3131 3977 3237 4016 non
3265 3978 3427 4033 posse
3477 3966 3599 4020 sine
3623 3981 3767 4041 eon-

2181 4056 2343 4097 sensu
2371 4044 2673 4099 amborum.
2707 4045 2940 4102 Sanctus
2973 4048 3307 4119 Augustinus
3348 4053 3402 4105 in
3435 4054 3600 4122 epist.
3634 4055 3711 4109 46
3744 4069 3761 4109 :

2185 4150 2203 4182 ς
2242 4133 2492 4189 Vovenda
2522 4135 2648 4190 talia
2676 4153 2781 4192 non
2806 4147 2929 4192 sunt
2955 4155 2985 4192 a
3008 4139 3329 4211 coniugatis,
3357 4130 3463 4198 nisi
3506 4158 3577 4197 ex
3621 4161 3763 4200 eon-

2178 4238 2339 4279 sensu
2355 4234 2409 4280 et
2435 4226 2708 4283 voluntate
2731 4233 3019 4285 communi.
3042 4232 3154 4287 Etsi
3183 4249 3529 4304 prmpropere
3548 4236 3765 4293 factum

2174 4317 2362 4386 fuerit,
2394 4322 2566 4391 magis
2587 4330 2672 4376 est
2694 4323 3013 4392 corrigenda
3046 4325 3344 4390 temeritas,
3366 4329 3768 4397 quampersol-

2178 4409 2351 4463 venda
2387 4410 2691 4480 promissio.
2717 4411 2900 4481 Neque
2928 4413 3074 4467 enim
3107 4415 3249 4470 Deus
3300 4417 3490 4487 exigit,
3538 4419 3587 4471 si
3627 4420 3765 4488 quis

2174 4513 2243 4551 ex
2263 4498 2440 4554 alieno
2463 4499 2667 4569 aliquid
2696 4503 2928 4568 voverit,
2959 4505 3052 4559 sed
3084 4506 3263 4575 potius
3311 4522 3579 4577 usurpare
3599 4518 3768 4565 vetat

2171 4588 2427 4644 alienum.
2459 4591 2692 4648 Sanctus
2709 4592 3002 4665 Gregorius
3027 4596 3250 4667 Magnus
3274 4597 3366 4653 lib.
3396 4615 3451 4653 rx
3471 4640 3486 4664 ,
3513 4614 3604 4670 ep.
3634 4600 3713 4655 39
3745 4622 3759 4656 :

2174 4696 2195 4729 ι
2242 4677 2301 4733 Si
2340 4681 2481 4735 enim
2524 4682 2711 4736 dicunt
2747 4683 3019 4754 religionis
3058 4701 3220 4741 causa
3255 4686 3505 4757 coniugia
3553 4690 3767 4746 debere

2169 4767 2407 4834 dissolvi,
2438 4771 2711 4826 sciendum
2737 4777 2821 4825 est
2836 4772 2963 4841 quia
2984 4773 3086 4826 etsi
3114 4772 3201 4827 lex
3229 4773 3465 4828 humana
3492 4775 3598 4830 hoc
3621 4792 3765 4832 con-

2167 4859 2353 4925 cessit,
2398 4864 2486 4915 lex
2529 4859 2711 4915 divina
2754 4869 2933 4916 tamen
2960 4861 3251 4931 prohibuit.
3285 4863 3419 4919 Vide
3454 4865 3760 4936 Egbertum

2168 4946 2562 5003 Eboracensem
2586 4947 2639 5002 in
2664 4948 2943 5020 Excerpt.,
2972 4964 3023 5003 c.
3050 4949 3180 5015 H9;
3209 4951 3495 5007 concilium
3527 4954 3764 5012 Ver-me-

2168 5037 2504 5102 riense,can.
2535 5036 2598 5103 4;
2622 5038 2824 5094 Coneil.
2854 5038 3301 5109 Compendiense,
3323 5056 3446 5096 can.
3480 5042 3555 5097 ὗε
3591 5062 3611 5094 ι
3644 5044 3763 5099 lle-

2165 5125 2267 5180 lier
2295 5127 2340 5181 si
2366 5126 2483 5182 sine
2507 5135 2810 5182 commeatu
2833 5127 2937 5182 viri
2977 5128 3062 5183 sui
3088 5128 3267 5184 velum
3312 5131 3366 5185 in
3397 5143 3563 5202 caput
3586 5134 3764 5190 mise-

2166 5217 2256 5282 rit,
2284 5218 2330 5272 si
2356 5216 2473 5272 viro
2506 5217 2784 5287 placuerit,
2814 5218 3041 5289 recipiat
3073 5234 3195 5275 eam
3230 5221 3428 5276 iterum
3466 5222 3538 5277 ad
3562 5223 3764 5292 conin-

2165 5305 2331 5377 gium.
2370 5326 2390 5359 ι
2438 5306 2568 5375 Quze
2611 5308 2937 5363 conveniunt
2968 5324 3093 5364 cum
3121 5324 3188 5366 eo
3235 5312 3379 5381 quod
3426 5311 3759 5369 Theodoms

2164 5399 2298 5453 dicit
2321 5413 2437 5469 cap.
2468 5398 2535 5455 18
2559 5415 2573 5451 :
2597 5416 2616 5449 ι
2638 5397 2775 5454 Vota
2800 5414 2919 5468 qua;
2942 5400 3171 5455 maritus
3189 5400 3321 5455 facit
3340 5401 3452 5456 Deo
3472 5402 3590 5456 sine
3612 5418 3759 5459 eon-

2164 5503 2327 5544 sensu
2365 5489 2567 5553 uxoris,
2599 5488 2760 5544 stulta
2792 5503 2911 5545 esse
2945 5497 3001 5545 et
3035 5490 3416 5561 importabilia,
3452 5508 3573 5563 qua:
3598 5492 3757 5550 fran-

2165 5580 2333 5648 genda
2364 5588 2506 5633 sunt.
2544 5599 2562 5631 ι

2237 5670 2411 5725 Potest
2435 5679 2605 5727 tamen
2627 5670 2758 5726 alter
2781 5670 2929 5726 alteri
2961 5670 3221 5727 licentiam
3252 5671 3376 5725 dare
3403 5673 3652 5728 accedere
3675 5675 3751 5728 ad
