  <div class='ocr_page' id='page_1' title='image "/cluster/home/n/w/nwhite01/storage/ocr_20150623/99/hvd.32044023429921/582.png"; bbox 0 0 3942 6182; ppageno 0'>
   <div class='ocr_carea' id='block_1_1' title="bbox 189 309 341 369">
    <p class='ocr_par' dir='ltr' id='par_1_1' title="bbox 189 309 341 369">
     <span class='ocr_line' id='line_1_1' title="bbox 189 309 341 369; baseline -0.02 0"><span class='ocrx_word' id='word_1_1' title='bbox 189 309 341 369; x_wconf 74' lang='grc'>1165</span> 
     </span>
    </p>
   </div>
   <div class='ocr_carea' id='block_1_2' title="bbox 1341 298 2316 369">
    <p class='ocr_par' dir='ltr' id='par_1_2' title="bbox 1341 298 2316 369">
     <span class='ocr_line' id='line_1_2' title="bbox 1341 298 2316 369; baseline 0 -8"><span class='ocrx_word' id='word_1_2' title='bbox 1341 298 1917 361; x_wconf 75' lang='lat' dir='ltr'><strong>OBSERVATIONES</strong></span> <span class='ocrx_word' id='word_1_3' title='bbox 1957 304 2045 361; x_wconf 86' lang='lat' dir='ltr'><strong>ET</strong></span> <span class='ocrx_word' id='word_1_4' title='bbox 2083 305 2316 369; x_wconf 67' lang='grc' dir='ltr'><strong>ΝΟΤίΕ.</strong></span> 
     </span>
    </p>
   </div>
   <div class='ocr_carea' id='block_1_3' title="bbox 3326 308 3465 364">
    <p class='ocr_par' dir='ltr' id='par_1_3' title="bbox 3326 308 3465 364">
     <span class='ocr_line' id='line_1_3' title="bbox 3326 308 3465 364; baseline 0.029 -4"><span class='ocrx_word' id='word_1_5' title='bbox 3326 308 3465 364; x_wconf 68' lang='grc'>1154</span> 
     </span>
    </p>
   </div>
   <div class='ocr_carea' id='block_1_4' title="bbox 187 415 3462 489">
    <p class='ocr_par' dir='ltr' id='par_1_4' title="bbox 187 415 3462 489">
     <span class='ocr_line' id='line_1_4' title="bbox 187 415 3462 489; baseline -0.001 -8"><span class='ocrx_word' id='word_1_6' title='bbox 187 422 501 481; x_wconf 68' lang='lat' dir='ltr'><strong>seruitutem</strong></span> <span class='ocrx_word' id='word_1_7' title='bbox 520 418 614 473; x_wconf 81' lang='lat' dir='ltr'><strong>Dei</strong></span> <span class='ocrx_word' id='word_1_8' title='bbox 636 418 689 472; x_wconf 82' lang='lat' dir='ltr'><strong>in</strong></span> <span class='ocrx_word' id='word_1_9' title='bbox 708 418 1020 471; x_wconf 81' lang='lat' dir='ltr'><strong>monasterio</strong></span> <span class='ocrx_word' id='word_1_10' title='bbox 1039 425 1086 471; x_wconf 84' lang='lat' dir='ltr'><strong>et</strong></span> <span class='ocrx_word' id='word_1_11' title='bbox 1108 415 1205 470; x_wconf 77' lang='lat' dir='ltr'><strong>sibi</strong></span> <span class='ocrx_word' id='word_1_12' title='bbox 1226 416 1435 472; x_wconf 84' lang='lat' dir='ltr'><strong>nubere.</strong></span> <span class='ocrx_word' id='word_1_13' title='bbox 1456 418 1589 472; x_wconf 83' lang='lat' dir='ltr'><strong>Vide</strong></span> <span class='ocrx_word' id='word_1_14' title='bbox 1606 417 1786 471; x_wconf 90' lang='lat' dir='ltr'><strong>varias</strong></span> <span class='ocrx_word' id='word_1_15' title='bbox 1812 418 1857 478; x_wconf 77' lang='grc' dir='ltr'>Α</span> <span class='ocrx_word' id='word_1_16' title='bbox 1887 417 1999 486; x_wconf 89' lang='lat' dir='ltr'><strong>piat</strong></span> <span class='ocrx_word' id='word_1_17' title='bbox 2025 420 2233 485; x_wconf 89' lang='lat' dir='ltr'><strong>virum,</strong></span> <span class='ocrx_word' id='word_1_18' title='bbox 2254 421 2376 489; x_wconf 79' lang='lat' dir='ltr'><strong>ipsa</strong></span> <span class='ocrx_word' id='word_1_19' title='bbox 2407 418 2604 473; x_wconf 82' lang='lat' dir='ltr'><strong>femina</strong></span> <span class='ocrx_word' id='word_1_20' title='bbox 2623 459 2636 484; x_wconf 93' lang='lat'><strong>,</strong></span> <span class='ocrx_word' id='word_1_21' title='bbox 2665 418 2709 473; x_wconf 88' lang='lat' dir='ltr'><strong>si</strong></span> <span class='ocrx_word' id='word_1_22' title='bbox 2742 418 2888 484; x_wconf 93' lang='lat' dir='ltr'><strong>vult,</strong></span> <span class='ocrx_word' id='word_1_23' title='bbox 2920 419 3184 489; x_wconf 86' lang='lat' dir='ltr'><strong>accipiat:</strong></span> <span class='ocrx_word' id='word_1_24' title='bbox 3216 419 3462 477; x_wconf 80' lang='lat' dir='ltr'><strong>similiter</strong></span> 
     </span>
    </p>
   </div>
   <div class='ocr_carea' id='block_1_5' title="bbox 191 505 1789 577">
    <p class='ocr_par' dir='ltr' id='par_1_5' title="bbox 191 505 1789 577">
     <span class='ocr_line' id='line_1_5' title="bbox 191 505 1789 577; baseline -0.004 -9"><span class='ocrx_word' id='word_1_25' title='bbox 191 511 486 572; x_wconf 70' lang='lat' dir='ltr'><strong>lectiones,</strong></span> <span class='ocrx_word' id='word_1_26' title='bbox 523 508 576 562; x_wconf 92' lang='lat' dir='ltr'><strong>in</strong></span> <span class='ocrx_word' id='word_1_27' title='bbox 608 506 803 577; x_wconf 84' lang='lat' dir='ltr'><strong>quibus</strong></span> <span class='ocrx_word' id='word_1_28' title='bbox 845 506 934 560; x_wconf 89' lang='lat' dir='ltr'><strong>hic</strong></span> <span class='ocrx_word' id='word_1_29' title='bbox 956 505 1105 560; x_wconf 89' lang='lat' dir='ltr'><strong>locus</strong></span> <span class='ocrx_word' id='word_1_30' title='bbox 1134 505 1364 561; x_wconf 86' lang='lat' dir='ltr'><strong>refertur</strong></span> <span class='ocrx_word' id='word_1_31' title='bbox 1392 508 1591 561; x_wconf 86' lang='lat' dir='ltr'><strong>citatus</strong></span> <span class='ocrx_word' id='word_1_32' title='bbox 1616 516 1667 561; x_wconf 91' lang='lat' dir='ltr'><strong>et</strong></span> <span class='ocrx_word' id='word_1_33' title='bbox 1690 522 1789 562; x_wconf 78' lang='lat' dir='ltr'><strong>cx-</strong></span> 
     </span>
    </p>
   </div>
   <div class='ocr_carea' id='block_1_6' title="bbox 192 597 1793 674">
    <p class='ocr_par' dir='ltr' id='par_1_6' title="bbox 192 597 1793 674">
     <span class='ocr_line' id='line_1_6' title="bbox 192 597 1793 674; baseline -0.001 -17"><span class='ocrx_word' id='word_1_34' title='bbox 192 604 412 674; x_wconf 86' lang='lat' dir='ltr'><strong>positus</strong></span> <span class='ocrx_word' id='word_1_35' title='bbox 453 601 524 655; x_wconf 92' lang='lat' dir='ltr'><strong>ab</strong></span> <span class='ocrx_word' id='word_1_36' title='bbox 558 599 794 669; x_wconf 84' lang='lat' dir='ltr'><strong>Egberto</strong></span> <span class='ocrx_word' id='word_1_37' title='bbox 822 607 877 652; x_wconf 92' lang='lat' dir='ltr'><strong>et</strong></span> <span class='ocrx_word' id='word_1_38' title='bbox 904 597 1199 667; x_wconf 85' lang='lat' dir='ltr'><strong>Reginone.</strong></span> <span class='ocrx_word' id='word_1_39' title='bbox 1242 597 1524 669; x_wconf 82' lang='lat' dir='ltr'><strong>Subjungit</strong></span> <span class='ocrx_word' id='word_1_40' title='bbox 1548 600 1793 655; x_wconf 84' lang='lat' dir='ltr'><strong>Theodo-</strong></span> 
     </span>
    </p>
   </div>
   <div class='ocr_carea' id='block_1_7' title="bbox 195 690 1791 757">
    <p class='ocr_par' dir='ltr' id='par_1_7' title="bbox 195 690 1791 757">
     <span class='ocr_line' id='line_1_7' title="bbox 195 690 1791 757; baseline -0.001 -9"><span class='ocrx_word' id='word_1_41' title='bbox 195 710 319 757; x_wconf 76' lang='lat' dir='ltr'><strong>tus,</strong></span> <span class='ocrx_word' id='word_1_42' title='bbox 351 701 406 746; x_wconf 90' lang='lat' dir='ltr'><strong>et</strong></span> <span class='ocrx_word' id='word_1_43' title='bbox 445 701 625 745; x_wconf 86' lang='lat' dir='ltr'><strong>tamen</strong></span> <span class='ocrx_word' id='word_1_44' title='bbox 652 706 760 744; x_wconf 90' lang='lat' dir='ltr'><strong>non</strong></span> <span class='ocrx_word' id='word_1_45' title='bbox 792 698 876 744; x_wconf 91' lang='lat' dir='ltr'><strong>est</strong></span> <span class='ocrx_word' id='word_1_46' title='bbox 913 690 1253 744; x_wconf 90' lang='lat' dir='ltr'><strong>canonicum.</strong></span> <span class='ocrx_word' id='word_1_47' title='bbox 1286 690 1438 757; x_wconf 87' lang='lat' dir='ltr'><strong>Quod</strong></span> <span class='ocrx_word' id='word_1_48' title='bbox 1469 699 1646 746; x_wconf 89' lang='lat' dir='ltr'><strong>tamen</strong></span> <span class='ocrx_word' id='word_1_49' title='bbox 1684 709 1791 748; x_wconf 92' lang='lat' dir='ltr'><strong>non</strong></span> 
     </span>
    </p>
   </div>
   <div class='ocr_carea' id='block_1_8' title="bbox 196 780 1793 854">
    <p class='ocr_par' dir='ltr' id='par_1_8' title="bbox 196 780 1793 854">
     <span class='ocr_line' id='line_1_8' title="bbox 196 780 1793 854; baseline 0 -17"><span class='ocrx_word' id='word_1_50' title='bbox 196 783 363 854; x_wconf 83' lang='lat' dir='ltr'><strong>longo</strong></span> <span class='ocrx_word' id='word_1_51' title='bbox 384 789 508 851; x_wconf 91' lang='lat' dir='ltr'><strong>post</strong></span> <span class='ocrx_word' id='word_1_52' title='bbox 536 788 776 849; x_wconf 88' lang='lat' dir='ltr'><strong>tempore</strong></span> <span class='ocrx_word' id='word_1_53' title='bbox 805 780 1175 850; x_wconf 89' lang='lat' dir='ltr'><strong>comprobavit</strong></span> <span class='ocrx_word' id='word_1_54' title='bbox 1205 780 1493 836; x_wconf 89' lang='lat' dir='ltr'><strong>concilium</strong></span> <span class='ocrx_word' id='word_1_55' title='bbox 1525 781 1793 852; x_wconf 89' lang='lat' dir='ltr'><strong>Compen-</strong></span> 
     </span>
    </p>
   </div>
   <div class='ocr_carea' id='block_1_9' title="bbox 197 872 1788 940">
    <p class='ocr_par' dir='ltr' id='par_1_9' title="bbox 197 872 1788 940">
     <span class='ocr_line' id='line_1_9' title="bbox 197 872 1788 940; baseline -0.001 -10"><span class='ocrx_word' id='word_1_56' title='bbox 197 874 412 938; x_wconf 84' lang='lat' dir='ltr'><strong>diense,</strong></span> <span class='ocrx_word' id='word_1_57' title='bbox 432 873 656 927; x_wconf 80' lang='lat' dir='ltr'><strong>can.l5:</strong></span> <span class='ocrx_word' id='word_1_58' title='bbox 679 891 696 924; x_wconf 84' lang='grc' dir='ltr'><strong>ι</strong></span> <span class='ocrx_word' id='word_1_59' title='bbox 719 872 775 926; x_wconf 90' lang='lat' dir='ltr'><strong>Si</strong></span> <span class='ocrx_word' id='word_1_60' title='bbox 793 872 915 940; x_wconf 84' lang='lat' dir='ltr'><strong>quis</strong></span> <span class='ocrx_word' id='word_1_61' title='bbox 929 872 1011 925; x_wconf 89' lang='lat' dir='ltr'><strong>vir</strong></span> <span class='ocrx_word' id='word_1_62' title='bbox 1030 872 1310 926; x_wconf 90' lang='lat' dir='ltr'><strong>mulierem</strong></span> <span class='ocrx_word' id='word_1_63' title='bbox 1331 888 1483 927; x_wconf 88' lang='lat' dir='ltr'><strong>suam</strong></span> <span class='ocrx_word' id='word_1_64' title='bbox 1501 873 1788 939; x_wconf 76' lang='lat' dir='ltr'><strong>dimiserit,</strong></span> 
     </span>
    </p>
   </div>
   <div class='ocr_carea' id='block_1_10' title="bbox 197 963 1790 1033">
    <p class='ocr_par' dir='ltr' id='par_1_10' title="bbox 197 963 1790 1033">
     <span class='ocr_line' id='line_1_10' title="bbox 197 963 1790 1033; baseline 0 -14"><span class='ocrx_word' id='word_1_65' title='bbox 197 973 256 1025; x_wconf 84' lang='lat' dir='ltr'><strong>et</strong></span> <span class='ocrx_word' id='word_1_66' title='bbox 301 965 520 1020; x_wconf 84' lang='lat' dir='ltr'><strong>dederit</strong></span> <span class='ocrx_word' id='word_1_67' title='bbox 563 971 925 1019; x_wconf 85' lang='lat' dir='ltr'><strong>commeatum</strong></span> <span class='ocrx_word' id='word_1_68' title='bbox 969 978 1070 1031; x_wconf 90' lang='lat' dir='ltr'><strong>pro</strong></span> <span class='ocrx_word' id='word_1_69' title='bbox 1119 963 1392 1033; x_wconf 78' lang='lat' dir='ltr'><strong>religionis</strong></span> <span class='ocrx_word' id='word_1_70' title='bbox 1440 979 1601 1019; x_wconf 90' lang='lat' dir='ltr'><strong>causa</strong></span> <span class='ocrx_word' id='word_1_71' title='bbox 1647 964 1790 1019; x_wconf 87' lang='lat' dir='ltr'><strong>intra</strong></span> 
     </span>
    </p>
   </div>
   <div class='ocr_carea' id='block_1_11' title="bbox 195 1054 1791 1119">
    <p class='ocr_par' dir='ltr' id='par_1_11' title="bbox 195 1054 1791 1119">
     <span class='ocr_line' id='line_1_11' title="bbox 195 1054 1791 1119; baseline -0.001 -5"><span class='ocrx_word' id='word_1_72' title='bbox 195 1056 597 1114; x_wconf 78' lang='lat' dir='ltr'><strong>monasterium</strong></span> <span class='ocrx_word' id='word_1_73' title='bbox 639 1056 931 1119; x_wconf 82' lang='lat' dir='ltr'><strong>deservire,</strong></span> <span class='ocrx_word' id='word_1_74' title='bbox 970 1064 1064 1110; x_wconf 91' lang='lat' dir='ltr'><strong>aut</strong></span> <span class='ocrx_word' id='word_1_75' title='bbox 1108 1054 1253 1111; x_wconf 89' lang='lat' dir='ltr'><strong>foras</strong></span> <span class='ocrx_word' id='word_1_76' title='bbox 1282 1056 1666 1115; x_wconf 83' lang='lat' dir='ltr'><strong>monasterium</strong></span> <span class='ocrx_word' id='word_1_77' title='bbox 1696 1056 1791 1112; x_wconf 89' lang='lat' dir='ltr'><strong>de—</strong></span> 
     </span>
    </p>
   </div>
   <div class='ocr_carea' id='block_1_12' title="bbox 197 1146 1785 1218">
    <p class='ocr_par' dir='ltr' id='par_1_12' title="bbox 197 1146 1785 1218">
     <span class='ocr_line' id='line_1_12' title="bbox 197 1146 1785 1218; baseline 0 -15"><span class='ocrx_word' id='word_1_78' title='bbox 197 1149 344 1203; x_wconf 92' lang='lat' dir='ltr'><strong>derit</strong></span> <span class='ocrx_word' id='word_1_79' title='bbox 373 1148 645 1201; x_wconf 82' lang='lat' dir='ltr'><strong>licentiam</strong></span> <span class='ocrx_word' id='word_1_80' title='bbox 675 1146 874 1210; x_wconf 86' lang='lat' dir='ltr'><strong>velare,</strong></span> <span class='ocrx_word' id='word_1_81' title='bbox 909 1147 1051 1201; x_wconf 89' lang='lat' dir='ltr'><strong>sicut</strong></span> <span class='ocrx_word' id='word_1_82' title='bbox 1079 1147 1335 1213; x_wconf 79' lang='lat' dir='ltr'><strong>diximus,</strong></span> <span class='ocrx_word' id='word_1_83' title='bbox 1356 1158 1576 1218; x_wconf 86' lang='lat' dir='ltr'><strong>propter</strong></span> <span class='ocrx_word' id='word_1_84' title='bbox 1595 1147 1785 1214; x_wconf 89' lang='lat' dir='ltr'><strong>Deum,</strong></span> 
     </span>
    </p>
   </div>
   <div class='ocr_carea' id='block_1_13' title="bbox 195 1234 1790 1309">
    <p class='ocr_par' dir='ltr' id='par_1_13' title="bbox 195 1234 1790 1309">
     <span class='ocr_line' id='line_1_13' title="bbox 195 1234 1790 1309; baseline 0.001 -18"><span class='ocrx_word' id='word_1_85' title='bbox 195 1237 288 1291; x_wconf 82' lang='lat' dir='ltr'><strong>vir</strong></span> <span class='ocrx_word' id='word_1_86' title='bbox 314 1238 457 1292; x_wconf 90' lang='lat' dir='ltr'><strong>illius</strong></span> <span class='ocrx_word' id='word_1_87' title='bbox 486 1236 714 1305; x_wconf 87' lang='lat' dir='ltr'><strong>accipiat</strong></span> <span class='ocrx_word' id='word_1_88' title='bbox 743 1235 1026 1290; x_wconf 89' lang='lat' dir='ltr'><strong>mulierem</strong></span> <span class='ocrx_word' id='word_1_89' title='bbox 1061 1234 1351 1305; x_wconf 78' lang='lat' dir='ltr'><strong>legitimam</strong></span> <span class='ocrx_word' id='word_1_90' title='bbox 1382 1257 1397 1293; x_wconf 87' lang='lat'><strong>;</strong></span> <span class='ocrx_word' id='word_1_91' title='bbox 1445 1236 1695 1292; x_wconf 83' lang='lat' dir='ltr'><strong>similiter</strong></span> <span class='ocrx_word' id='word_1_92' title='bbox 1730 1243 1790 1309; x_wconf 73' lang='lat' dir='ltr'><strong>et</strong></span> 
     </span>
    </p>
   </div>
   <div class='ocr_carea' id='block_1_14' title="bbox 196 1327 1296 1397">
    <p class='ocr_par' dir='ltr' id='par_1_14' title="bbox 196 1327 1296 1397">
     <span class='ocr_line' id='line_1_14' title="bbox 196 1327 1296 1397; baseline -0.004 -14"><span class='ocrx_word' id='word_1_93' title='bbox 196 1329 400 1384; x_wconf 88' lang='lat' dir='ltr'><strong>mulier</strong></span> <span class='ocrx_word' id='word_1_94' title='bbox 429 1328 592 1383; x_wconf 87' lang='lat' dir='ltr'><strong>faciat</strong></span> <span class='ocrx_word' id='word_1_95' title='bbox 622 1346 634 1382; x_wconf 90' lang='lat'><strong>:</strong></span> <span class='ocrx_word' id='word_1_96' title='bbox 662 1327 926 1397; x_wconf 77' lang='lat' dir='ltr'><strong>Georgius</strong></span> <span class='ocrx_word' id='word_1_97' title='bbox 950 1327 1243 1381; x_wconf 89' lang='lat' dir='ltr'><strong>consensit.</strong></span> <span class='ocrx_word' id='word_1_98' title='bbox 1278 1345 1296 1379; x_wconf 77' lang='grc' dir='ltr'><strong>ι</strong></span> 
     </span>
    </p>
   </div>
   <div class='ocr_carea' id='block_1_15' title="bbox 273 1417 1835 1475">
    <p class='ocr_par' dir='ltr' id='par_1_15' title="bbox 273 1417 1835 1475">
     <span class='ocr_line' id='line_1_15' title="bbox 273 1417 1835 1475; baseline -0.001 0"><span class='ocrx_word' id='word_1_99' title='bbox 273 1421 501 1475; x_wconf 82' lang='lat' dir='ltr'><strong>Diaconi</strong></span> <span class='ocrx_word' id='word_1_100' title='bbox 527 1429 703 1474; x_wconf 83' lang='lat' dir='ltr'><strong>autem</strong></span> <span class='ocrx_word' id='word_1_101' title='bbox 729 1418 921 1474; x_wconf 71' lang='lat' dir='ltr'><strong>relicua</strong></span> <span class='ocrx_word' id='word_1_102' title='bbox 951 1435 1054 1473; x_wconf 84' lang='lat' dir='ltr'><strong>non</strong></span> <span class='ocrx_word' id='word_1_103' title='bbox 1078 1418 1213 1472; x_wconf 87' lang='lat' dir='ltr'><strong>licet.</strong></span> <span class='ocrx_word' id='word_1_104' title='bbox 1237 1417 1442 1473; x_wconf 89' lang='lat' dir='ltr'><strong>Concil.</strong></span> <span class='ocrx_word' id='word_1_105' title='bbox 1466 1418 1786 1474; x_wconf 85' lang='lat' dir='ltr'><strong>Toletanum</strong></span> <span class='ocrx_word' id='word_1_106' title='bbox 1832 1454 1835 1459; x_wconf 95' lang='lat'><strong><em>-</em></strong></span> 
     </span>
    </p>
   </div>
   <div class='ocr_carea' id='block_1_16' title="bbox 196 1513 1781 1586">
    <p class='ocr_par' dir='ltr' id='par_1_16' title="bbox 196 1513 1781 1586">
     <span class='ocr_line' id='line_1_16' title="bbox 196 1513 1781 1586; baseline -0.001 -15"><span class='ocrx_word' id='word_1_107' title='bbox 196 1532 242 1581; x_wconf 88' lang='grc' dir='ltr'>ι,</span> <span class='ocrx_word' id='word_1_108' title='bbox 275 1530 400 1586; x_wconf 91' lang='lat' dir='ltr'><strong>cap.</strong></span> <span class='ocrx_word' id='word_1_109' title='bbox 432 1515 497 1570; x_wconf 89' lang='grc'>18</span> <span class='ocrx_word' id='word_1_110' title='bbox 525 1532 538 1567; x_wconf 89' lang='lat'>:</span> <span class='ocrx_word' id='word_1_111' title='bbox 579 1532 598 1565; x_wconf 76' lang='grc' dir='ltr'><strong>ι</strong></span> <span class='ocrx_word' id='word_1_112' title='bbox 636 1513 693 1568; x_wconf 90' lang='lat' dir='ltr'><strong>Si</strong></span> <span class='ocrx_word' id='word_1_113' title='bbox 717 1529 823 1584; x_wconf 91' lang='lat' dir='ltr'><strong>qna</strong></span> <span class='ocrx_word' id='word_1_114' title='bbox 849 1514 1008 1569; x_wconf 89' lang='lat' dir='ltr'><strong>vidua</strong></span> <span class='ocrx_word' id='word_1_115' title='bbox 1033 1514 1292 1584; x_wconf 84' lang='lat' dir='ltr'><strong>episcopi,</strong></span> <span class='ocrx_word' id='word_1_116' title='bbox 1323 1514 1436 1568; x_wconf 91' lang='lat' dir='ltr'><strong>sive</strong></span> <span class='ocrx_word' id='word_1_117' title='bbox 1462 1515 1781 1584; x_wconf 80' lang='lat' dir='ltr'><strong>presbyteri,</strong></span> 
     </span>
    </p>
   </div>
   <div class='ocr_carea' id='block_1_17' title="bbox 198 1602 1785 1672">
    <p class='ocr_par' dir='ltr' id='par_1_17' title="bbox 198 1602 1785 1672">
     <span class='ocr_line' id='line_1_17' title="bbox 198 1602 1785 1672; baseline 0 -13"><span class='ocrx_word' id='word_1_118' title='bbox 198 1613 300 1659; x_wconf 84' lang='lat' dir='ltr'><strong>aut</strong></span> <span class='ocrx_word' id='word_1_119' title='bbox 323 1603 555 1667; x_wconf 89' lang='lat' dir='ltr'><strong>diaconi,</strong></span> <span class='ocrx_word' id='word_1_120' title='bbox 580 1602 834 1657; x_wconf 90' lang='lat' dir='ltr'><strong>maritum</strong></span> <span class='ocrx_word' id='word_1_121' title='bbox 855 1603 1140 1672; x_wconf 83' lang='lat' dir='ltr'><strong>acceperit,</strong></span> <span class='ocrx_word' id='word_1_122' title='bbox 1167 1602 1341 1658; x_wconf 93' lang='lat' dir='ltr'><strong>nullus</strong></span> <span class='ocrx_word' id='word_1_123' title='bbox 1365 1603 1612 1669; x_wconf 86' lang='lat' dir='ltr'><strong>clericus,</strong></span> <span class='ocrx_word' id='word_1_124' title='bbox 1640 1603 1785 1659; x_wconf 87' lang='lat' dir='ltr'><strong>nulla</strong></span> 
     </span>
    </p>
   </div>
   <div class='ocr_carea' id='block_1_18' title="bbox 198 1692 1785 1763">
    <p class='ocr_par' dir='ltr' id='par_1_18' title="bbox 198 1692 1785 1763">
     <span class='ocr_line' id='line_1_18' title="bbox 198 1692 1785 1763; baseline 0.002 -15"><span class='ocrx_word' id='word_1_125' title='bbox 198 1693 454 1763; x_wconf 83' lang='lat' dir='ltr'><strong>religiosa</strong></span> <span class='ocrx_word' id='word_1_126' title='bbox 479 1707 601 1747; x_wconf 91' lang='lat' dir='ltr'><strong>cum</strong></span> <span class='ocrx_word' id='word_1_127' title='bbox 635 1707 702 1745; x_wconf 88' lang='lat' dir='ltr'><strong>ea</strong></span> <span class='ocrx_word' id='word_1_128' title='bbox 730 1692 1037 1746; x_wconf 84' lang='lat' dir='ltr'><strong>convivium</strong></span> <span class='ocrx_word' id='word_1_129' title='bbox 1078 1701 1273 1757; x_wconf 85' lang='lat' dir='ltr'><strong>sumat,</strong></span> <span class='ocrx_word' id='word_1_130' title='bbox 1320 1708 1596 1763; x_wconf 83' lang='lat' dir='ltr'><strong>nunquam</strong></span> <span class='ocrx_word' id='word_1_131' title='bbox 1637 1710 1785 1750; x_wconf 87' lang='lat' dir='ltr'><strong>com-</strong></span> 
     </span>
    </p>
   </div>
   <div class='ocr_carea' id='block_1_19' title="bbox 1892 509 3475 581">
    <p class='ocr_par' dir='ltr' id='par_1_19' title="bbox 1892 509 3475 581">
     <span class='ocr_line' id='line_1_19' title="bbox 1892 509 3475 581; baseline 0.001 -19"><span class='ocrx_word' id='word_1_132' title='bbox 1892 517 1947 562; x_wconf 92' lang='lat' dir='ltr'><strong>et</strong></span> <span class='ocrx_word' id='word_1_133' title='bbox 1973 510 2075 564; x_wconf 89' lang='lat' dir='ltr'><strong>vir.</strong></span> <span class='ocrx_word' id='word_1_134' title='bbox 2104 530 2124 565; x_wconf 75' lang='grc'><strong>»</strong></span> <span class='ocrx_word' id='word_1_135' title='bbox 2156 509 2265 567; x_wconf 87' lang='lat' dir='ltr'><strong>Sed</strong></span> <span class='ocrx_word' id='word_1_136' title='bbox 2311 527 2433 566; x_wconf 91' lang='lat' dir='ltr'><strong>cum</strong></span> <span class='ocrx_word' id='word_1_137' title='bbox 2478 511 2780 581; x_wconf 76' lang='lat' dir='ltr'><strong>Augustino</strong></span> <span class='ocrx_word' id='word_1_138' title='bbox 2824 510 3067 581; x_wconf 80' lang='lat' dir='ltr'><strong>pluribus</strong></span> <span class='ocrx_word' id='word_1_139' title='bbox 3112 513 3166 566; x_wconf 93' lang='lat' dir='ltr'><strong>in</strong></span> <span class='ocrx_word' id='word_1_140' title='bbox 3208 511 3377 579; x_wconf 86' lang='lat' dir='ltr'><strong>locis,</strong></span> <span class='ocrx_word' id='word_1_141' title='bbox 3423 522 3475 565; x_wconf 88' lang='lat' dir='ltr'><strong>et</strong></span> 
     </span>
    </p>
   </div>
   <div class='ocr_carea' id='block_1_20' title="bbox 1892 599 3473 672">
    <p class='ocr_par' dir='ltr' id='par_1_20' title="bbox 1892 599 3473 672">
     <span class='ocr_line' id='line_1_20' title="bbox 1892 599 3473 672; baseline 0.004 -20"><span class='ocrx_word' id='word_1_142' title='bbox 1892 601 2128 657; x_wconf 80' lang='lat' dir='ltr'><strong>maxime</strong></span> <span class='ocrx_word' id='word_1_143' title='bbox 2157 602 2254 657; x_wconf 85' lang='lat' dir='ltr'><strong>lib.</strong></span> <span class='ocrx_word' id='word_1_144' title='bbox 2286 602 2352 656; x_wconf 92' lang='lat' dir='ltr'><strong>de</strong></span> <span class='ocrx_word' id='word_1_145' title='bbox 2380 602 2529 658; x_wconf 86' lang='lat' dir='ltr'><strong>Dono</strong></span> <span class='ocrx_word' id='word_1_146' title='bbox 2554 599 2821 672; x_wconf 73' lang='lat' dir='ltr'><strong>coniugali</strong></span> <span class='ocrx_word' id='word_1_147' title='bbox 2855 617 2977 671; x_wconf 90' lang='lat' dir='ltr'><strong>cap.</strong></span> <span class='ocrx_word' id='word_1_148' title='bbox 3017 602 3083 655; x_wconf 84' lang='grc'>15</span> <span class='ocrx_word' id='word_1_149' title='bbox 3122 611 3176 657; x_wconf 92' lang='lat' dir='ltr'><strong>et</strong></span> <span class='ocrx_word' id='word_1_150' title='bbox 3210 603 3302 657; x_wconf 85' lang='lat' dir='ltr'><strong>lib.</strong></span> <span class='ocrx_word' id='word_1_151' title='bbox 3330 619 3369 659; x_wconf 93' lang='grc' dir='ltr'><strong>ιι</strong></span> <span class='ocrx_word' id='word_1_152' title='bbox 3404 604 3473 659; x_wconf 82' lang='lat' dir='ltr'><strong>de</strong></span> 
     </span>
    </p>
   </div>
   <div class='ocr_carea' id='block_1_21' title="bbox 1892 691 3473 764">
    <p class='ocr_par' dir='ltr' id='par_1_21' title="bbox 1892 691 3473 764">
     <span class='ocr_line' id='line_1_21' title="bbox 1892 691 3473 764; baseline 0.003 -20"><span class='ocrx_word' id='word_1_153' title='bbox 1892 691 2211 748; x_wconf 85' lang='lat' dir='ltr'><strong>adulterinis</strong></span> <span class='ocrx_word' id='word_1_154' title='bbox 2236 692 2533 764; x_wconf 71' lang='lat' dir='ltr'><strong>Coniugiis,</strong></span> <span class='ocrx_word' id='word_1_155' title='bbox 2563 709 2684 763; x_wconf 85' lang='lat' dir='ltr'><strong>cap.</strong></span> <span class='ocrx_word' id='word_1_156' title='bbox 2728 694 2812 746; x_wconf 88' lang='grc'>11.</span> <span class='ocrx_word' id='word_1_157' title='bbox 2843 693 3035 755; x_wconf 87' lang='lat' dir='ltr'><strong>Patres</strong></span> <span class='ocrx_word' id='word_1_158' title='bbox 3059 694 3274 748; x_wconf 88' lang='lat' dir='ltr'><strong>concilii</strong></span> <span class='ocrx_word' id='word_1_159' title='bbox 3301 695 3473 749; x_wconf 78' lang='lat' dir='ltr'><strong>Aure-</strong></span> 
     </span>
    </p>
   </div>
   <div class='ocr_carea' id='block_1_22' title="bbox 1891 777 3470 852">
    <p class='ocr_par' dir='ltr' id='par_1_22' title="bbox 1891 777 3470 852">
     <span class='ocr_line' id='line_1_22' title="bbox 1891 777 3470 852; baseline 0.004 -21"><span class='ocrx_word' id='word_1_160' title='bbox 1891 777 2154 837; x_wconf 88' lang='lat' dir='ltr'><strong>lianensis</strong></span> <span class='ocrx_word' id='word_1_161' title='bbox 2199 798 2239 837; x_wconf 91' lang='grc' dir='ltr'><strong>ιι</strong></span> <span class='ocrx_word' id='word_1_162' title='bbox 2286 783 2507 837; x_wconf 90' lang='lat' dir='ltr'><strong>minime</strong></span> <span class='ocrx_word' id='word_1_163' title='bbox 2552 782 2848 852; x_wconf 81' lang='lat' dir='ltr'><strong>indulgent.</strong></span> <span class='ocrx_word' id='word_1_164' title='bbox 2902 782 2995 836; x_wconf 89' lang='lat' dir='ltr'><strong>Sic</strong></span> <span class='ocrx_word' id='word_1_165' title='bbox 3029 783 3173 836; x_wconf 91' lang='lat' dir='ltr'><strong>enim</strong></span> <span class='ocrx_word' id='word_1_166' title='bbox 3212 798 3330 836; x_wconf 86' lang='lat' dir='ltr'><strong>can.</strong></span> <span class='ocrx_word' id='word_1_167' title='bbox 3366 784 3470 837; x_wconf 82' lang='lat' dir='ltr'><strong>ll:</strong></span> 
     </span>
    </p>
   </div>
   <div class='ocr_carea' id='block_1_23' title="bbox 1897 868 3473 928">
    <p class='ocr_par' dir='ltr' id='par_1_23' title="bbox 1897 868 3473 928">
     <span class='ocr_line' id='line_1_23' title="bbox 1897 868 3473 928; baseline 0.004 -7"><span class='ocrx_word' id='word_1_168' title='bbox 1897 887 1917 920; x_wconf 82' lang='grc' dir='ltr'><strong>ι</strong></span> <span class='ocrx_word' id='word_1_169' title='bbox 1946 868 2240 926; x_wconf 89' lang='lat' dir='ltr'><strong>Contracta</strong></span> <span class='ocrx_word' id='word_1_170' title='bbox 2278 872 2622 926; x_wconf 90' lang='lat' dir='ltr'><strong>matrimonia</strong></span> <span class='ocrx_word' id='word_1_171' title='bbox 2657 873 2951 927; x_wconf 78' lang='lat' dir='ltr'><strong>accedente</strong></span> <span class='ocrx_word' id='word_1_172' title='bbox 2983 873 3296 927; x_wconf 83' lang='lat' dir='ltr'><strong>inﬁrmitate</strong></span> <span class='ocrx_word' id='word_1_173' title='bbox 3328 873 3473 928; x_wconf 88' lang='lat' dir='ltr'><strong>nulla</strong></span> 
     </span>
    </p>
   </div>
   <div class='ocr_carea' id='block_1_24' title="bbox 1890 961 3472 1037">
    <p class='ocr_par' dir='ltr' id='par_1_24' title="bbox 1890 961 3472 1037">
     <span class='ocr_line' id='line_1_24' title="bbox 1890 961 3472 1037; baseline 0.006 -24"><span class='ocrx_word' id='word_1_174' title='bbox 1890 961 2183 1017; x_wconf 86' lang='lat' dir='ltr'><strong>voluntatis</strong></span> <span class='ocrx_word' id='word_1_175' title='bbox 2230 964 2616 1019; x_wconf 88' lang='lat' dir='ltr'><strong>contrarietate</strong></span> <span class='ocrx_word' id='word_1_176' title='bbox 2662 964 2958 1019; x_wconf 87' lang='lat' dir='ltr'><strong>solvantur.</strong></span> <span class='ocrx_word' id='word_1_177' title='bbox 3009 966 3163 1033; x_wconf 83' lang='lat' dir='ltr'><strong>Quod</strong></span> <span class='ocrx_word' id='word_1_178' title='bbox 3196 967 3241 1020; x_wconf 91' lang='lat' dir='ltr'><strong>si</strong></span> <span class='ocrx_word' id='word_1_179' title='bbox 3279 971 3368 1037; x_wconf 89' lang='lat' dir='ltr'><strong>qui</strong></span> <span class='ocrx_word' id='word_1_180' title='bbox 3405 983 3472 1023; x_wconf 74' lang='lat' dir='ltr'><strong>ex</strong></span> 
     </span>
    </p>
   </div>
   <div class='ocr_carea' id='block_1_25' title="bbox 1889 1054 3478 1129">
    <p class='ocr_par' dir='ltr' id='par_1_25' title="bbox 1889 1054 3478 1129">
     <span class='ocr_line' id='line_1_25' title="bbox 1889 1054 3478 1129; baseline 0.003 -20"><span class='ocrx_word' id='word_1_181' title='bbox 1889 1054 2211 1125; x_wconf 86' lang='lat' dir='ltr'><strong>conjugibus</strong></span> <span class='ocrx_word' id='word_1_182' title='bbox 2254 1054 2509 1121; x_wconf 86' lang='lat' dir='ltr'><strong>fecerint,</strong></span> <span class='ocrx_word' id='word_1_183' title='bbox 2552 1058 2800 1115; x_wconf 86' lang='lat' dir='ltr'><strong>noverint</strong></span> <span class='ocrx_word' id='word_1_184' title='bbox 2845 1059 3222 1118; x_wconf 88' lang='lat' dir='ltr'><strong>communione</strong></span> <span class='ocrx_word' id='word_1_185' title='bbox 3264 1060 3478 1129; x_wconf 84' lang='lat' dir='ltr'><strong>privan-</strong></span> 
     </span>
    </p>
   </div>
   <div class='ocr_carea' id='block_1_26' title="bbox 1890 1145 2058 1201">
    <p class='ocr_par' dir='ltr' id='par_1_26' title="bbox 1890 1145 2058 1201">
     <span class='ocr_line' id='line_1_26' title="bbox 1890 1145 2058 1201; baseline -0.018 0"><span class='ocrx_word' id='word_1_186' title='bbox 1890 1145 2007 1201; x_wconf 92' lang='lat' dir='ltr'><strong>dos.</strong></span> <span class='ocrx_word' id='word_1_187' title='bbox 2039 1164 2058 1198; x_wconf 81' lang='grc' dir='ltr'><strong>ι</strong></span> 
     </span>
    </p>
   </div>
   <div class='ocr_carea' id='block_1_27' title="bbox 1961 1234 3472 1311">
    <p class='ocr_par' dir='ltr' id='par_1_27' title="bbox 1961 1234 3472 1311">
     <span class='ocr_line' id='line_1_27' title="bbox 1961 1234 3472 1311; baseline 0.005 -23"><span class='ocrx_word' id='word_1_188' title='bbox 1961 1234 2160 1288; x_wconf 75' lang='lat' dir='ltr'><strong>Mulier</strong></span> <span class='ocrx_word' id='word_1_189' title='bbox 2196 1252 2313 1305; x_wconf 74' lang='lat' dir='ltr'><strong>qua:</strong></span> <span class='ocrx_word' id='word_1_190' title='bbox 2352 1236 2485 1289; x_wconf 83' lang='lat' dir='ltr'><strong>rovit</strong></span> <span class='ocrx_word' id='word_1_191' title='bbox 2514 1245 2627 1307; x_wconf 81' lang='lat' dir='ltr'><strong>post</strong></span> <span class='ocrx_word' id='word_1_192' title='bbox 2656 1247 2871 1293; x_wconf 84' lang='lat' dir='ltr'><strong>mortem</strong></span> <span class='ocrx_word' id='word_1_193' title='bbox 2902 1239 2998 1292; x_wconf 79' lang='lat' dir='ltr'><strong>viri</strong></span> <span class='ocrx_word' id='word_1_194' title='bbox 3015 1280 3029 1303; x_wconf 92' lang='lat'><strong>,</strong></span> <span class='ocrx_word' id='word_1_195' title='bbox 3057 1240 3347 1311; x_wconf 81' lang='lat' dir='ltr'><strong>iterumque</strong></span> <span class='ocrx_word' id='word_1_196' title='bbox 3375 1260 3472 1296; x_wconf 82' lang='lat' dir='ltr'><strong>nu-</strong></span> 
     </span>
    </p>
   </div>
   <div class='ocr_carea' id='block_1_28' title="bbox 1888 1324 3475 1403">
    <p class='ocr_par' dir='ltr' id='par_1_28' title="bbox 1888 1324 3475 1403">
     <span class='ocr_line' id='line_1_28' title="bbox 1888 1324 3475 1403; baseline 0.007 -26"><span class='ocrx_word' id='word_1_197' title='bbox 1888 1333 1998 1395; x_wconf 89' lang='lat' dir='ltr'><strong>pta.</strong></span> <span class='ocrx_word' id='word_1_198' title='bbox 2035 1324 2267 1378; x_wconf 90' lang='lat' dir='ltr'><strong>Sanctus</strong></span> <span class='ocrx_word' id='word_1_199' title='bbox 2298 1325 2525 1380; x_wconf 84' lang='lat' dir='ltr'><strong>Basilius</strong></span> <span class='ocrx_word' id='word_1_200' title='bbox 2557 1335 2786 1381; x_wconf 90' lang='lat' dir='ltr'><strong>testatur</strong></span> <span class='ocrx_word' id='word_1_201' title='bbox 2814 1328 2866 1381; x_wconf 91' lang='lat' dir='ltr'><strong>in</strong></span> <span class='ocrx_word' id='word_1_202' title='bbox 2894 1329 3121 1397; x_wconf 88' lang='lat' dir='ltr'><strong>epistola</strong></span> <span class='ocrx_word' id='word_1_203' title='bbox 3154 1332 3222 1387; x_wconf 85' lang='lat' dir='ltr'><strong>ad</strong></span> <span class='ocrx_word' id='word_1_204' title='bbox 3248 1332 3475 1403; x_wconf 83' lang='lat' dir='ltr'><strong>Amphi-</strong></span> 
     </span>
    </p>
   </div>
   <div class='ocr_carea' id='block_1_29' title="bbox 1893 1411 3480 1491">
    <p class='ocr_par' dir='ltr' id='par_1_29' title="bbox 1893 1411 3480 1491">
     <span class='ocr_line' id='line_1_29' title="bbox 1893 1411 3480 1491; baseline 0.007 -26"><span class='ocrx_word' id='word_1_205' title='bbox 1893 1411 2127 1466; x_wconf 89' lang='lat' dir='ltr'><strong>lochium</strong></span> <span class='ocrx_word' id='word_1_206' title='bbox 2149 1452 2162 1477; x_wconf 90' lang='lat'><strong>,</strong></span> <span class='ocrx_word' id='word_1_207' title='bbox 2194 1428 2315 1467; x_wconf 89' lang='lat' dir='ltr'><strong>can.</strong></span> <span class='ocrx_word' id='word_1_208' title='bbox 2354 1416 2448 1479; x_wconf 83' lang='grc'><strong>18,</strong></span> <span class='ocrx_word' id='word_1_209' title='bbox 2480 1416 2669 1470; x_wconf 90' lang='lat' dir='ltr'><strong>Patres</strong></span> <span class='ocrx_word' id='word_1_210' title='bbox 2696 1432 2826 1485; x_wconf 87' lang='lat' dir='ltr'><strong>erga</strong></span> <span class='ocrx_word' id='word_1_211' title='bbox 2857 1417 3037 1486; x_wconf 89' lang='lat' dir='ltr'><strong>lapsas</strong></span> <span class='ocrx_word' id='word_1_212' title='bbox 3064 1420 3299 1489; x_wconf 79' lang='lat' dir='ltr'><strong>virgines</strong></span> <span class='ocrx_word' id='word_1_213' title='bbox 3319 1461 3332 1485; x_wconf 90' lang='lat'><strong>,</strong></span> <span class='ocrx_word' id='word_1_214' title='bbox 3360 1438 3480 1491; x_wconf 68' lang='lat' dir='ltr'><strong>quae</strong></span> 
     </span>
    </p>
   </div>
   <div class='ocr_carea' id='block_1_30' title="bbox 1887 1501 3481 1577">
    <p class='ocr_par' dir='ltr' id='par_1_30' title="bbox 1887 1501 3481 1577">
     <span class='ocr_line' id='line_1_30' title="bbox 1887 1501 3481 1577; baseline 0.008 -23"><span class='ocrx_word' id='word_1_215' title='bbox 1887 1501 2058 1555; x_wconf 80' lang='lat' dir='ltr'><strong>vitam</strong></span> <span class='ocrx_word' id='word_1_216' title='bbox 2091 1502 2144 1556; x_wconf 92' lang='lat' dir='ltr'><strong>in</strong></span> <span class='ocrx_word' id='word_1_217' title='bbox 2174 1502 2459 1559; x_wconf 85' lang='lat' dir='ltr'><strong>honestate</strong></span> <span class='ocrx_word' id='word_1_218' title='bbox 2490 1506 2719 1561; x_wconf 91' lang='lat' dir='ltr'><strong>Domino</strong></span> <span class='ocrx_word' id='word_1_219' title='bbox 2746 1509 3007 1577; x_wconf 71' lang='lat' dir='ltr'><strong>professa:</strong></span> <span class='ocrx_word' id='word_1_220' title='bbox 3033 1519 3220 1576; x_wconf 88' lang='lat' dir='ltr'><strong>erant,</strong></span> <span class='ocrx_word' id='word_1_221' title='bbox 3250 1512 3481 1567; x_wconf 88' lang='lat' dir='ltr'><strong>clemen-</strong></span> 
     </span>
    </p>
   </div>
   <div class='ocr_carea' id='block_1_31' title="bbox 1889 1597 3476 1673">
    <p class='ocr_par' dir='ltr' id='par_1_31' title="bbox 1889 1597 3476 1673">
     <span class='ocr_line' id='line_1_31' title="bbox 1889 1597 3476 1673; baseline 0.003 -20"><span class='ocrx_word' id='word_1_222' title='bbox 1889 1602 1974 1653; x_wconf 79' lang='lat' dir='ltr'><strong>ter</strong></span> <span class='ocrx_word' id='word_1_223' title='bbox 1998 1610 2059 1652; x_wconf 88' lang='lat' dir='ltr'><strong>se</strong></span> <span class='ocrx_word' id='word_1_224' title='bbox 2085 1597 2335 1666; x_wconf 76' lang='lat' dir='ltr'><strong>gessisse.</strong></span> <span class='ocrx_word' id='word_1_225' title='bbox 2372 1619 2389 1648; x_wconf 79' lang='grc' dir='ltr'><strong>ι</strong></span> <span class='ocrx_word' id='word_1_226' title='bbox 2421 1598 2495 1652; x_wconf 91' lang='lat' dir='ltr'><strong>De</strong></span> <span class='ocrx_word' id='word_1_227' title='bbox 2522 1598 2688 1667; x_wconf 88' lang='lat' dir='ltr'><strong>lapsis</strong></span> <span class='ocrx_word' id='word_1_228' title='bbox 2707 1639 2719 1662; x_wconf 91' lang='lat'><strong>,</strong></span> <span class='ocrx_word' id='word_1_229' title='bbox 2754 1600 2957 1669; x_wconf 88' lang='lat' dir='ltr'><strong>inquit,</strong></span> <span class='ocrx_word' id='word_1_230' title='bbox 2989 1601 3289 1672; x_wconf 82' lang='lat' dir='ltr'><strong>virginibus</strong></span> <span class='ocrx_word' id='word_1_231' title='bbox 3309 1644 3324 1669; x_wconf 91' lang='lat'><strong>,</strong></span> <span class='ocrx_word' id='word_1_232' title='bbox 3353 1619 3476 1673; x_wconf 72' lang='lat' dir='ltr'><strong>qua:</strong></span> 
     </span>
    </p>
   </div>
   <div class='ocr_carea' id='block_1_32' title="bbox 1886 1684 3481 1764">
    <p class='ocr_par' dir='ltr' id='par_1_32' title="bbox 1886 1684 3481 1764">
     <span class='ocr_line' id='line_1_32' title="bbox 1886 1684 3481 1764; baseline 0.007 -26"><span class='ocrx_word' id='word_1_233' title='bbox 1886 1684 2053 1740; x_wconf 86' lang='lat' dir='ltr'><strong>vitam</strong></span> <span class='ocrx_word' id='word_1_234' title='bbox 2081 1686 2136 1740; x_wconf 89' lang='lat' dir='ltr'><strong>in</strong></span> <span class='ocrx_word' id='word_1_235' title='bbox 2164 1687 2447 1742; x_wconf 87' lang='lat' dir='ltr'><strong>honestate</strong></span> <span class='ocrx_word' id='word_1_236' title='bbox 2473 1688 2699 1743; x_wconf 92' lang='lat' dir='ltr'><strong>Domino</strong></span> <span class='ocrx_word' id='word_1_237' title='bbox 2723 1690 2982 1758; x_wconf 63' lang='lat' dir='ltr'><strong>professae</strong></span> <span class='ocrx_word' id='word_1_238' title='bbox 3008 1702 3166 1759; x_wconf 90' lang='lat' dir='ltr'><strong>sunt,</strong></span> <span class='ocrx_word' id='word_1_239' title='bbox 3199 1710 3295 1751; x_wconf 89' lang='lat' dir='ltr'><strong>sua</strong></span> <span class='ocrx_word' id='word_1_240' title='bbox 3325 1703 3481 1764; x_wconf 88' lang='lat' dir='ltr'><strong>pacta</strong></span> 
     </span>
    </p>
   </div>
   <div class='ocr_carea' id='block_1_33' title="bbox 198 1774 1792 1851">
    <p class='ocr_par' dir='ltr' id='par_1_33' title="bbox 198 1783 1789 1849">
     <span class='ocr_line' id='line_1_33' title="bbox 198 1783 1789 1849; baseline -0.001 -8"><span class='ocrx_word' id='word_1_241' title='bbox 198 1784 463 1849; x_wconf 83' lang='lat' dir='ltr'><strong>munieet,</strong></span> <span class='ocrx_word' id='word_1_242' title='bbox 512 1783 763 1839; x_wconf 88' lang='lat' dir='ltr'><strong>morienti</strong></span> <span class='ocrx_word' id='word_1_243' title='bbox 810 1790 1020 1841; x_wconf 87' lang='lat' dir='ltr'><strong>tantum</strong></span> <span class='ocrx_word' id='word_1_244' title='bbox 1062 1783 1112 1838; x_wconf 91' lang='lat' dir='ltr'><strong>ei</strong></span> <span class='ocrx_word' id='word_1_245' title='bbox 1158 1793 1555 1839; x_wconf 87' lang='lat' dir='ltr'><strong>sacramentum</strong></span> <span class='ocrx_word' id='word_1_246' title='bbox 1597 1786 1789 1840; x_wconf 86' lang='lat' dir='ltr'><strong>subve-</strong></span> 
     </span>
    </p>
   </div>
   <div class='ocr_carea' id='block_1_34' title="bbox 1895 1774 3483 1851">
    <p class='ocr_par' dir='ltr' id='par_1_34' title="bbox 1895 1776 3483 1851">
     <span class='ocr_line' id='line_1_34' title="bbox 1895 1776 3483 1851; baseline 0.008 -23"><span class='ocrx_word' id='word_1_247' title='bbox 1895 1784 2152 1832; x_wconf 88' lang='lat' dir='ltr'><strong>conventa</strong></span> <span class='ocrx_word' id='word_1_248' title='bbox 2185 1776 2559 1841; x_wconf 83' lang='lat' dir='ltr'><strong>infirmarum,</strong></span> <span class='ocrx_word' id='word_1_249' title='bbox 2599 1778 2789 1835; x_wconf 89' lang='lat' dir='ltr'><strong>Patres</strong></span> <span class='ocrx_word' id='word_1_250' title='bbox 2829 1782 3047 1851; x_wconf 84' lang='lat' dir='ltr'><strong>quidem</strong></span> <span class='ocrx_word' id='word_1_251' title='bbox 3089 1783 3388 1840; x_wconf 86' lang='lat' dir='ltr'><strong>clementer</strong></span> <span class='ocrx_word' id='word_1_252' title='bbox 3427 1794 3483 1841; x_wconf 84' lang='lat' dir='ltr'><strong>et</strong></span> 
     </span>
    </p>
   </div>
   <div class='ocr_carea' id='block_1_35' title="bbox 201 1875 1794 1944">
    <p class='ocr_par' dir='ltr' id='par_1_35' title="bbox 201 1875 1794 1944">
     <span class='ocr_line' id='line_1_35' title="bbox 201 1875 1794 1944; baseline 0 -12"><span class='ocrx_word' id='word_1_253' title='bbox 201 1877 340 1932; x_wconf 89' lang='lat' dir='ltr'><strong>niat.</strong></span> <span class='ocrx_word' id='word_1_254' title='bbox 379 1896 400 1929; x_wconf 77' lang='grc' dir='ltr'><strong>ι</strong></span> <span class='ocrx_word' id='word_1_255' title='bbox 437 1876 640 1931; x_wconf 90' lang='lat' dir='ltr'><strong>Concil.</strong></span> <span class='ocrx_word' id='word_1_256' title='bbox 668 1875 1054 1933; x_wconf 80' lang='lat' dir='ltr'><strong>Aurelianense</strong></span> <span class='ocrx_word' id='word_1_257' title='bbox 1076 1891 1116 1939; x_wconf 87' lang='grc' dir='ltr'>ι,</span> <span class='ocrx_word' id='word_1_258' title='bbox 1154 1889 1272 1944; x_wconf 91' lang='lat' dir='ltr'><strong>cap.</strong></span> <span class='ocrx_word' id='word_1_259' title='bbox 1306 1876 1371 1930; x_wconf 79' lang='grc'>15</span> <span class='ocrx_word' id='word_1_260' title='bbox 1404 1890 1419 1929; x_wconf 90' lang='lat'><strong>:</strong></span> <span class='ocrx_word' id='word_1_261' title='bbox 1454 1894 1471 1926; x_wconf 75' lang='grc' dir='ltr'><strong>ι</strong></span> <span class='ocrx_word' id='word_1_262' title='bbox 1511 1875 1568 1931; x_wconf 91' lang='lat' dir='ltr'><strong>Si</strong></span> <span class='ocrx_word' id='word_1_263' title='bbox 1595 1891 1653 1931; x_wconf 88' lang='lat' dir='ltr'><strong>se</strong></span> <span class='ocrx_word' id='word_1_264' title='bbox 1678 1876 1794 1932; x_wconf 91' lang='lat' dir='ltr'><strong>cui-</strong></span> 
     </span>
    </p>
   </div>
   <div class='ocr_carea' id='block_1_36' title="bbox 200 1961 1795 2035">
    <p class='ocr_par' dir='ltr' id='par_1_36' title="bbox 200 1961 1795 2035">
     <span class='ocr_line' id='line_1_36' title="bbox 200 1961 1795 2035; baseline -0.002 -13"><span class='ocrx_word' id='word_1_265' title='bbox 200 1981 420 2035; x_wconf 87' lang='lat' dir='ltr'><strong>cunque</strong></span> <span class='ocrx_word' id='word_1_266' title='bbox 440 1964 631 2019; x_wconf 87' lang='lat' dir='ltr'><strong>mulier</strong></span> <span class='ocrx_word' id='word_1_267' title='bbox 655 1964 852 2034; x_wconf 89' lang='lat' dir='ltr'><strong>duplici</strong></span> <span class='ocrx_word' id='word_1_268' title='bbox 876 1961 1126 2034; x_wconf 83' lang='lat' dir='ltr'><strong>eonjugio</strong></span> <span class='ocrx_word' id='word_1_269' title='bbox 1151 1963 1449 2034; x_wconf 81' lang='lat' dir='ltr'><strong>presbyteri</strong></span> <span class='ocrx_word' id='word_1_270' title='bbox 1474 1964 1557 2019; x_wconf 85' lang='lat' dir='ltr'><strong>vel</strong></span> <span class='ocrx_word' id='word_1_271' title='bbox 1583 1964 1795 2020; x_wconf 90' lang='lat' dir='ltr'><strong>diaconi</strong></span> 
     </span>
    </p>
   </div>
   <div class='ocr_carea' id='block_1_37' title="bbox 203 2054 1797 2126">
    <p class='ocr_par' dir='ltr' id='par_1_37' title="bbox 203 2054 1797 2126">
     <span class='ocr_line' id='line_1_37' title="bbox 203 2054 1797 2126; baseline -0.003 -12"><span class='ocrx_word' id='word_1_272' title='bbox 203 2057 399 2114; x_wconf 86' lang='lat' dir='ltr'><strong>relicta</strong></span> <span class='ocrx_word' id='word_1_273' title='bbox 445 2055 803 2126; x_wconf 78' lang='lat' dir='ltr'><strong>conjunxerit,</strong></span> <span class='ocrx_word' id='word_1_274' title='bbox 856 2061 949 2107; x_wconf 88' lang='lat' dir='ltr'><strong>aut</strong></span> <span class='ocrx_word' id='word_1_275' title='bbox 996 2054 1242 2124; x_wconf 84' lang='lat' dir='ltr'><strong>castigati</strong></span> <span class='ocrx_word' id='word_1_276' title='bbox 1290 2062 1648 2124; x_wconf 84' lang='lat' dir='ltr'><strong>separentur,</strong></span> <span class='ocrx_word' id='word_1_277' title='bbox 1702 2062 1797 2109; x_wconf 88' lang='lat' dir='ltr'><strong>aut</strong></span> 
     </span>
    </p>
   </div>
   <div class='ocr_carea' id='block_1_38' title="bbox 202 2143 1796 2213">
    <p class='ocr_par' dir='ltr' id='par_1_38' title="bbox 202 2143 1796 2213">
     <span class='ocr_line' id='line_1_38' title="bbox 202 2143 1796 2213; baseline -0.003 -10"><span class='ocrx_word' id='word_1_278' title='bbox 202 2156 377 2211; x_wconf 86' lang='lat' dir='ltr'><strong>certe,</strong></span> <span class='ocrx_word' id='word_1_279' title='bbox 419 2146 465 2201; x_wconf 89' lang='lat' dir='ltr'><strong>si</strong></span> <span class='ocrx_word' id='word_1_280' title='bbox 495 2146 547 2200; x_wconf 90' lang='lat' dir='ltr'><strong>in</strong></span> <span class='ocrx_word' id='word_1_281' title='bbox 596 2146 884 2205; x_wconf 85' lang='lat' dir='ltr'><strong>criminum</strong></span> <span class='ocrx_word' id='word_1_282' title='bbox 926 2143 1226 2203; x_wconf 87' lang='lat' dir='ltr'><strong>intentione</strong></span> <span class='ocrx_word' id='word_1_283' title='bbox 1276 2144 1633 2213; x_wconf 87' lang='lat' dir='ltr'><strong>perstiterint,</strong></span> <span class='ocrx_word' id='word_1_284' title='bbox 1679 2144 1796 2213; x_wconf 90' lang='lat' dir='ltr'><strong>pari</strong></span> 
     </span>
    </p>
   </div>
   <div class='ocr_carea' id='block_1_39' title="bbox 201 2232 1792 2306">
    <p class='ocr_par' dir='ltr' id='par_1_39' title="bbox 201 2232 1792 2306">
     <span class='ocr_line' id='line_1_39' title="bbox 201 2232 1792 2306; baseline -0.003 -14"><span class='ocrx_word' id='word_1_285' title='bbox 201 2236 763 2293; x_wconf 78' lang='lat' dir='ltr'><strong>excommunicatione</strong></span> <span class='ocrx_word' id='word_1_286' title='bbox 797 2235 1118 2306; x_wconf 87' lang='lat' dir='ltr'><strong>plectantur.</strong></span> <span class='ocrx_word' id='word_1_287' title='bbox 1154 2252 1174 2285; x_wconf 82' lang='grc' dir='ltr'><strong>ι</strong></span> <span class='ocrx_word' id='word_1_288' title='bbox 1209 2232 1414 2291; x_wconf 87' lang='lat' dir='ltr'><strong>Concil.</strong></span> <span class='ocrx_word' id='word_1_289' title='bbox 1455 2233 1792 2302; x_wconf 87' lang='lat' dir='ltr'><strong>Epaonense,</strong></span> 
     </span>
    </p>
   </div>
   <div class='ocr_carea' id='block_1_40' title="bbox 202 2319 1794 2396">
    <p class='ocr_par' dir='ltr' id='par_1_40' title="bbox 202 2319 1794 2396">
     <span class='ocr_line' id='line_1_40' title="bbox 202 2319 1794 2396; baseline -0.004 -11"><span class='ocrx_word' id='word_1_290' title='bbox 202 2344 328 2385; x_wconf 89' lang='lat' dir='ltr'><strong>can.</strong></span> <span class='ocrx_word' id='word_1_291' title='bbox 366 2328 475 2383; x_wconf 71' lang='lat'><strong>52:</strong></span> <span class='ocrx_word' id='word_1_292' title='bbox 512 2319 714 2385; x_wconf 77' lang='lat' dir='ltr'><strong>Relicta</strong></span> <span class='ocrx_word' id='word_1_293' title='bbox 742 2325 1062 2396; x_wconf 87' lang='lat' dir='ltr'><strong>presbyteri,</strong></span> <span class='ocrx_word' id='word_1_294' title='bbox 1092 2325 1205 2379; x_wconf 85' lang='lat' dir='ltr'><strong>sive</strong></span> <span class='ocrx_word' id='word_1_295' title='bbox 1234 2324 1462 2385; x_wconf 84' lang='lat' dir='ltr'><strong>diaconi,</strong></span> <span class='ocrx_word' id='word_1_296' title='bbox 1496 2324 1540 2380; x_wconf 91' lang='lat' dir='ltr'><strong>si</strong></span> <span class='ocrx_word' id='word_1_297' title='bbox 1574 2325 1794 2381; x_wconf 91' lang='lat' dir='ltr'><strong>cuicun-</strong></span> 
     </span>
    </p>
   </div>
   <div class='ocr_carea' id='block_1_41' title="bbox 201 2415 1795 2489">
    <p class='ocr_par' dir='ltr' id='par_1_41' title="bbox 201 2415 1795 2489">
     <span class='ocr_line' id='line_1_41' title="bbox 201 2415 1795 2489; baseline 0 -16"><span class='ocrx_word' id='word_1_298' title='bbox 201 2434 311 2489; x_wconf 88' lang='lat' dir='ltr'><strong>que</strong></span> <span class='ocrx_word' id='word_1_299' title='bbox 338 2418 659 2488; x_wconf 90' lang='lat' dir='ltr'><strong>renupserit,</strong></span> <span class='ocrx_word' id='word_1_300' title='bbox 679 2425 903 2475; x_wconf 87' lang='lat' dir='ltr'><strong>eatenus</strong></span> <span class='ocrx_word' id='word_1_301' title='bbox 924 2417 992 2471; x_wconf 86' lang='lat' dir='ltr'><strong>ab</strong></span> <span class='ocrx_word' id='word_1_302' title='bbox 1016 2415 1255 2471; x_wconf 83' lang='lat' dir='ltr'><strong>Ecclesia</strong></span> <span class='ocrx_word' id='word_1_303' title='bbox 1276 2415 1593 2485; x_wconf 88' lang='lat' dir='ltr'><strong>depellatur,</strong></span> <span class='ocrx_word' id='word_1_304' title='bbox 1623 2417 1795 2473; x_wconf 68' lang='lat' dir='ltr'><strong>donec</strong></span> 
     </span>
    </p>
   </div>
   <div class='ocr_carea' id='block_1_42' title="bbox 200 2506 1795 2580">
    <p class='ocr_par' dir='ltr' id='par_1_42' title="bbox 200 2506 1795 2580">
     <span class='ocr_line' id='line_1_42' title="bbox 200 2506 1795 2580; baseline -0.003 -12"><span class='ocrx_word' id='word_1_305' title='bbox 200 2527 235 2568; x_wconf 81' lang='lat' dir='ltr'><strong>a</strong></span> <span class='ocrx_word' id='word_1_306' title='bbox 263 2510 642 2580; x_wconf 85' lang='lat' dir='ltr'><strong>conjunctione</strong></span> <span class='ocrx_word' id='word_1_307' title='bbox 665 2508 849 2563; x_wconf 88' lang='lat' dir='ltr'><strong>illicita</strong></span> <span class='ocrx_word' id='word_1_308' title='bbox 877 2516 1159 2577; x_wconf 85' lang='lat' dir='ltr'><strong>separetur</strong></span> <span class='ocrx_word' id='word_1_309' title='bbox 1183 2523 1198 2562; x_wconf 89' lang='lat'><strong>:</strong></span> <span class='ocrx_word' id='word_1_310' title='bbox 1228 2507 1423 2570; x_wconf 87' lang='lat' dir='ltr'><strong>marito</strong></span> <span class='ocrx_word' id='word_1_311' title='bbox 1447 2523 1657 2577; x_wconf 85' lang='lat' dir='ltr'><strong>quoque</strong></span> <span class='ocrx_word' id='word_1_312' title='bbox 1678 2506 1795 2576; x_wconf 67' lang='lat' dir='ltr'><strong>eius</strong></span> 
     </span>
    </p>
   </div>
   <div class='ocr_carea' id='block_1_43' title="bbox 202 2596 1786 2667">
    <p class='ocr_par' dir='ltr' id='par_1_43' title="bbox 202 2596 1786 2667">
     <span class='ocr_line' id='line_1_43' title="bbox 202 2596 1786 2667; baseline -0.003 -12"><span class='ocrx_word' id='word_1_313' title='bbox 202 2599 372 2655; x_wconf 82' lang='lat' dir='ltr'><strong>simili</strong></span> <span class='ocrx_word' id='word_1_314' title='bbox 392 2613 562 2667; x_wconf 90' lang='lat' dir='ltr'><strong>usque</strong></span> <span class='ocrx_word' id='word_1_315' title='bbox 582 2596 650 2657; x_wconf 88' lang='lat' dir='ltr'><strong>ad</strong></span> <span class='ocrx_word' id='word_1_316' title='bbox 676 2597 1062 2651; x_wconf 88' lang='lat' dir='ltr'><strong>correctionem</strong></span> <span class='ocrx_word' id='word_1_317' title='bbox 1084 2597 1424 2652; x_wconf 79' lang='lat' dir='ltr'><strong>severitatem</strong></span> <span class='ocrx_word' id='word_1_318' title='bbox 1441 2596 1745 2666; x_wconf 59' lang='lat' dir='ltr'><strong>plectenglo,</strong></span> <span class='ocrx_word' id='word_1_319' title='bbox 1768 2617 1786 2650; x_wconf 81' lang='grc' dir='ltr'><strong>ι</strong></span> 
     </span>
    </p>
   </div>
   <div class='ocr_carea' id='block_1_44' title="bbox 201 2687 1788 2753">
    <p class='ocr_par' dir='ltr' id='par_1_44' title="bbox 201 2687 1788 2753">
     <span class='ocr_line' id='line_1_44' title="bbox 201 2687 1788 2753; baseline -0.003 -7"><span class='ocrx_word' id='word_1_320' title='bbox 201 2690 355 2747; x_wconf 81' lang='lat' dir='ltr'><strong>idem</strong></span> <span class='ocrx_word' id='word_1_321' title='bbox 384 2689 546 2743; x_wconf 87' lang='lat' dir='ltr'><strong>habet</strong></span> <span class='ocrx_word' id='word_1_322' title='bbox 577 2688 864 2742; x_wconf 87' lang='lat' dir='ltr'><strong>concilium</strong></span> <span class='ocrx_word' id='word_1_323' title='bbox 895 2687 1358 2752; x_wconf 82' lang='lat' dir='ltr'><strong>Antisiodorcnse,</strong></span> <span class='ocrx_word' id='word_1_324' title='bbox 1380 2702 1440 2745; x_wconf 71' lang='lat' dir='ltr'><strong>,c.</strong></span> <span class='ocrx_word' id='word_1_325' title='bbox 1473 2687 1571 2753; x_wconf 72' lang='lat'><strong>22;</strong></span> <span class='ocrx_word' id='word_1_326' title='bbox 1595 2688 1788 2744; x_wconf 90' lang='lat' dir='ltr'><strong>concil.</strong></span> 
     </span>
    </p>
   </div>
   <div class='ocr_carea' id='block_1_45' title="bbox 202 2776 950 2843">
    <p class='ocr_par' dir='ltr' id='par_1_45' title="bbox 202 2776 950 2843">
     <span class='ocr_line' id='line_1_45' title="bbox 202 2776 950 2843; baseline -0.004 -9"><span class='ocrx_word' id='word_1_327' title='bbox 202 2778 602 2834; x_wconf 73' lang='lat' dir='ltr'><strong>Matisconense</strong></span> <span class='ocrx_word' id='word_1_328' title='bbox 622 2794 685 2843; x_wconf 87' lang='grc' dir='ltr'>ιι,</span> <span class='ocrx_word' id='word_1_329' title='bbox 700 2792 830 2831; x_wconf 89' lang='lat' dir='ltr'><strong>.can.</strong></span> <span class='ocrx_word' id='word_1_330' title='bbox 864 2776 950 2831; x_wconf 70' lang='grc'><strong>14.</strong></span> 
     </span>
    </p>
   </div>
   <div class='ocr_carea' id='block_1_46' title="bbox 280 2867 1791 2937">
    <p class='ocr_par' dir='ltr' id='par_1_46' title="bbox 280 2867 1791 2937">
     <span class='ocr_line' id='line_1_46' title="bbox 280 2867 1791 2937; baseline 0 -13"><span class='ocrx_word' id='word_1_331' title='bbox 280 2867 391 2924; x_wconf 80' lang='lat' dir='ltr'><strong>Sed</strong></span> <span class='ocrx_word' id='word_1_332' title='bbox 418 2868 506 2921; x_wconf 87' lang='lat' dir='ltr'><strong>ille</strong></span> <span class='ocrx_word' id='word_1_333' title='bbox 530 2868 861 2936; x_wconf 78' lang='lat' dir='ltr'><strong>inﬁrmatus,</strong></span> <span class='ocrx_word' id='word_1_334' title='bbox 889 2884 981 2921; x_wconf 80' lang='lat' dir='ltr'><strong>seu</strong></span> <span class='ocrx_word' id='word_1_335' title='bbox 1006 2867 1099 2921; x_wconf 85' lang='lat' dir='ltr'><strong>illa</strong></span> <span class='ocrx_word' id='word_1_336' title='bbox 1126 2868 1413 2937; x_wconf 81' lang='lat' dir='ltr'><strong>inﬁrmata.</strong></span> <span class='ocrx_word' id='word_1_337' title='bbox 1446 2868 1501 2923; x_wconf 91' lang='lat' dir='ltr'><strong>Si</strong></span> <span class='ocrx_word' id='word_1_338' title='bbox 1528 2884 1791 2924; x_wconf 84' lang='lat' dir='ltr'><strong>consensu</strong></span> 
     </span>
    </p>
   </div>
   <div class='ocr_carea' id='block_1_47' title="bbox 204 2959 1789 3029">
    <p class='ocr_par' dir='ltr' id='par_1_47' title="bbox 204 2959 1789 3029">
     <span class='ocr_line' id='line_1_47' title="bbox 204 2959 1789 3029; baseline 0 -15"><span class='ocrx_word' id='word_1_339' title='bbox 204 2960 495 3014; x_wconf 83' lang='lat' dir='ltr'><strong>amborum</strong></span> <span class='ocrx_word' id='word_1_340' title='bbox 530 2967 869 3029; x_wconf 85' lang='lat' dir='ltr'><strong>separentur,</strong></span> <span class='ocrx_word' id='word_1_341' title='bbox 905 2959 996 3028; x_wconf 89' lang='lat' dir='ltr'><strong>qui</strong></span> <span class='ocrx_word' id='word_1_342' title='bbox 1032 2975 1137 3012; x_wconf 84' lang='lat' dir='ltr'><strong>non</strong></span> <span class='ocrx_word' id='word_1_343' title='bbox 1173 2966 1347 3028; x_wconf 84' lang='lat' dir='ltr'><strong>potest</strong></span> <span class='ocrx_word' id='word_1_344' title='bbox 1382 2973 1440 3013; x_wconf 90' lang='lat' dir='ltr'><strong>se</strong></span> <span class='ocrx_word' id='word_1_345' title='bbox 1476 2961 1789 3025; x_wconf 88' lang='lat' dir='ltr'><strong>continere,</strong></span> 
     </span>
    </p>
   </div>
   <div class='ocr_carea' id='block_1_48' title="bbox 204 3049 1784 3121">
    <p class='ocr_par' dir='ltr' id='par_1_48' title="bbox 204 3049 1784 3121">
     <span class='ocr_line' id='line_1_48' title="bbox 204 3049 1784 3121; baseline -0.001 -17"><span class='ocrx_word' id='word_1_346' title='bbox 204 3050 339 3119; x_wconf 91' lang='lat' dir='ltr'><strong>quid</strong></span> <span class='ocrx_word' id='word_1_347' title='bbox 363 3049 415 3104; x_wconf 92' lang='lat' dir='ltr'><strong>ei</strong></span> <span class='ocrx_word' id='word_1_348' title='bbox 445 3049 750 3120; x_wconf 82' lang='lat' dir='ltr'><strong>agendum?</strong></span> <span class='ocrx_word' id='word_1_349' title='bbox 776 3049 867 3104; x_wconf 87' lang='lat' dir='ltr'><strong>Sic</strong></span> <span class='ocrx_word' id='word_1_350' title='bbox 896 3050 1178 3119; x_wconf 83' lang='lat' dir='ltr'><strong>respondet</strong></span> <span class='ocrx_word' id='word_1_351' title='bbox 1211 3049 1502 3121; x_wconf 79' lang='lat' dir='ltr'><strong>Gregorius</strong></span> <span class='ocrx_word' id='word_1_352' title='bbox 1530 3050 1601 3115; x_wconf 90' lang='lat' dir='ltr'><strong>ll,</strong></span> <span class='ocrx_word' id='word_1_353' title='bbox 1628 3052 1784 3119; x_wconf 89' lang='lat' dir='ltr'><strong>epist.</strong></span> 
     </span>
    </p>
   </div>
   <div class='ocr_carea' id='block_1_49' title="bbox 1895 1865 3480 1945">
    <p class='ocr_par' dir='ltr' id='par_1_49' title="bbox 1895 1865 3480 1945">
     <span class='ocr_line' id='line_1_49' title="bbox 1895 1865 3480 1945; baseline 0.006 -25"><span class='ocrx_word' id='word_1_354' title='bbox 1895 1865 2094 1923; x_wconf 90' lang='lat' dir='ltr'><strong>leniter</strong></span> <span class='ocrx_word' id='word_1_355' title='bbox 2123 1867 2178 1925; x_wconf 89' lang='lat' dir='ltr'><strong>in</strong></span> <span class='ocrx_word' id='word_1_356' title='bbox 2217 1883 2404 1923; x_wconf 87' lang='lat' dir='ltr'><strong>eorum</strong></span> <span class='ocrx_word' id='word_1_357' title='bbox 2438 1870 2530 1938; x_wconf 83' lang='lat' dir='ltr'><strong>qui</strong></span> <span class='ocrx_word' id='word_1_358' title='bbox 2567 1869 2823 1925; x_wconf 89' lang='lat' dir='ltr'><strong>labuntur</strong></span> <span class='ocrx_word' id='word_1_359' title='bbox 2859 1871 3264 1938; x_wconf 81' lang='lat' dir='ltr'><strong>infirmitatem,</strong></span> <span class='ocrx_word' id='word_1_360' title='bbox 3299 1889 3355 1937; x_wconf 86' lang='lat' dir='ltr'><strong>se</strong></span> <span class='ocrx_word' id='word_1_361' title='bbox 3385 1890 3480 1945; x_wconf 86' lang='lat' dir='ltr'><strong>ge-</strong></span> 
     </span>
    </p>
   </div>
   <div class='ocr_carea' id='block_1_50' title="bbox 1894 1958 3483 2033">
    <p class='ocr_par' dir='ltr' id='par_1_50' title="bbox 1894 1958 3483 2033">
     <span class='ocr_line' id='line_1_50' title="bbox 1894 1958 3483 2033; baseline 0.006 -22"><span class='ocrx_word' id='word_1_362' title='bbox 1894 1965 2099 2023; x_wconf 89' lang='lat' dir='ltr'><strong>rentes,</strong></span> <span class='ocrx_word' id='word_1_363' title='bbox 2121 1972 2246 2013; x_wconf 89' lang='lat' dir='ltr'><strong>esse</strong></span> <span class='ocrx_word' id='word_1_364' title='bbox 2271 1958 2634 2021; x_wconf 86' lang='lat' dir='ltr'><strong>admittendas</strong></span> <span class='ocrx_word' id='word_1_365' title='bbox 2654 1970 2982 2016; x_wconf 89' lang='lat' dir='ltr'><strong>censuerunt</strong></span> <span class='ocrx_word' id='word_1_366' title='bbox 3005 1974 3128 2033; x_wconf 89' lang='lat' dir='ltr'><strong>post</strong></span> <span class='ocrx_word' id='word_1_367' title='bbox 3153 1979 3351 2033; x_wconf 85' lang='lat' dir='ltr'><strong>annum</strong></span> <span class='ocrx_word' id='word_1_368' title='bbox 3374 2006 3388 2029; x_wconf 91' lang='lat'><strong>,</strong></span> <span class='ocrx_word' id='word_1_369' title='bbox 3416 1965 3483 2021; x_wconf 89' lang='lat' dir='ltr'><strong>ad</strong></span> 
     </span>
    </p>
   </div>
   <div class='ocr_carea' id='block_1_51' title="bbox 1894 2048 3482 2121">
    <p class='ocr_par' dir='ltr' id='par_1_51' title="bbox 1894 2048 3482 2121">
     <span class='ocr_line' id='line_1_51' title="bbox 1894 2048 3482 2121; baseline 0.005 -17"><span class='ocrx_word' id='word_1_370' title='bbox 1894 2048 2300 2105; x_wconf 88' lang='lat' dir='ltr'><strong>similitudinem</strong></span> <span class='ocrx_word' id='word_1_371' title='bbox 2339 2048 2679 2121; x_wconf 82' lang='lat' dir='ltr'><strong>digamorum</strong></span> <span class='ocrx_word' id='word_1_372' title='bbox 2713 2051 3089 2116; x_wconf 78' lang='lat' dir='ltr'><strong>decernentes.</strong></span> <span class='ocrx_word' id='word_1_373' title='bbox 3123 2075 3141 2108; x_wconf 82' lang='grc' dir='ltr'><strong>ι</strong></span> <span class='ocrx_word' id='word_1_374' title='bbox 3182 2054 3326 2114; x_wconf 83' lang='lat' dir='ltr'><strong>Inter</strong></span> <span class='ocrx_word' id='word_1_375' title='bbox 3360 2055 3482 2112; x_wconf 87' lang='lat' dir='ltr'><strong>illos</strong></span> 
     </span>
    </p>
   </div>
   <div class='ocr_carea' id='block_1_52' title="bbox 1894 2139 3475 2215">
    <p class='ocr_par' dir='ltr' id='par_1_52' title="bbox 1894 2139 3475 2215">
     <span class='ocr_line' id='line_1_52' title="bbox 1894 2139 3475 2215; baseline 0.005 -21"><span class='ocrx_word' id='word_1_376' title='bbox 1894 2139 2115 2205; x_wconf 87' lang='lat' dir='ltr'><strong>Patres,</strong></span> <span class='ocrx_word' id='word_1_377' title='bbox 2151 2140 2218 2194; x_wconf 90' lang='lat' dir='ltr'><strong>de</strong></span> <span class='ocrx_word' id='word_1_378' title='bbox 2249 2141 2445 2209; x_wconf 87' lang='lat' dir='ltr'><strong>quibus</strong></span> <span class='ocrx_word' id='word_1_379' title='bbox 2478 2149 2701 2198; x_wconf 89' lang='lat' dir='ltr'><strong>sanctus</strong></span> <span class='ocrx_word' id='word_1_380' title='bbox 2738 2143 2967 2204; x_wconf 86' lang='lat' dir='ltr'><strong>Basilius</strong></span> <span class='ocrx_word' id='word_1_381' title='bbox 3000 2144 3260 2215; x_wconf 90' lang='lat' dir='ltr'><strong>loquitur,</strong></span> <span class='ocrx_word' id='word_1_382' title='bbox 3299 2162 3475 2202; x_wconf 90' lang='lat' dir='ltr'><strong>annu-</strong></span> 
     </span>
    </p>
   </div>
   <div class='ocr_carea' id='block_1_53' title="bbox 1891 2230 3474 2308">
    <p class='ocr_par' dir='ltr' id='par_1_53' title="bbox 1891 2230 3474 2308">
     <span class='ocr_line' id='line_1_53' title="bbox 1891 2230 3474 2308; baseline 0.005 -22"><span class='ocrx_word' id='word_1_383' title='bbox 1891 2230 2183 2286; x_wconf 85' lang='lat' dir='ltr'><strong>merandus</strong></span> <span class='ocrx_word' id='word_1_384' title='bbox 2212 2239 2295 2286; x_wconf 88' lang='lat' dir='ltr'><strong>est</strong></span> <span class='ocrx_word' id='word_1_385' title='bbox 2323 2239 2544 2291; x_wconf 88' lang='lat' dir='ltr'><strong>sanctus</strong></span> <span class='ocrx_word' id='word_1_386' title='bbox 2575 2231 2899 2303; x_wconf 87' lang='lat' dir='ltr'><strong>Cyprianus,</strong></span> <span class='ocrx_word' id='word_1_387' title='bbox 2931 2236 3023 2305; x_wconf 90' lang='lat' dir='ltr'><strong>qui</strong></span> <span class='ocrx_word' id='word_1_388' title='bbox 3056 2237 3130 2293; x_wconf 87' lang='lat' dir='ltr'><strong>ita</strong></span> <span class='ocrx_word' id='word_1_389' title='bbox 3168 2238 3220 2297; x_wconf 90' lang='lat' dir='ltr'><strong>in</strong></span> <span class='ocrx_word' id='word_1_390' title='bbox 3245 2239 3474 2308; x_wconf 84' lang='lat' dir='ltr'><strong>epistola</strong></span> 
     </span>
    </p>
   </div>
   <div class='ocr_carea' id='block_1_54' title="bbox 1895 2321 3477 2392">
    <p class='ocr_par' dir='ltr' id='par_1_54' title="bbox 1895 2321 3477 2392">
     <span class='ocr_line' id='line_1_54' title="bbox 1895 2321 3477 2392; baseline 0.005 -17"><span class='ocrx_word' id='word_1_391' title='bbox 1895 2321 1983 2389; x_wconf 74' lang='lat'><strong>62,</strong></span> <span class='ocrx_word' id='word_1_392' title='bbox 2009 2322 2077 2376; x_wconf 90' lang='lat' dir='ltr'><strong>ad</strong></span> <span class='ocrx_word' id='word_1_393' title='bbox 2098 2321 2484 2392; x_wconf 86' lang='lat' dir='ltr'><strong>Pomponium:</strong></span> <span class='ocrx_word' id='word_1_394' title='bbox 2507 2341 2526 2374; x_wconf 77' lang='grc' dir='ltr'><strong>ι</strong></span> <span class='ocrx_word' id='word_1_395' title='bbox 2551 2322 2704 2391; x_wconf 85' lang='lat' dir='ltr'><strong>Quod</strong></span> <span class='ocrx_word' id='word_1_396' title='bbox 2723 2324 2770 2379; x_wconf 89' lang='lat' dir='ltr'><strong>si</strong></span> <span class='ocrx_word' id='word_1_397' title='bbox 2792 2339 2860 2379; x_wconf 79' lang='lat' dir='ltr'><strong>ex</strong></span> <span class='ocrx_word' id='word_1_398' title='bbox 2885 2325 2989 2381; x_wconf 81' lang='lat' dir='ltr'><strong>fide</strong></span> <span class='ocrx_word' id='word_1_399' title='bbox 3011 2342 3068 2385; x_wconf 85' lang='lat' dir='ltr'><strong>se</strong></span> <span class='ocrx_word' id='word_1_400' title='bbox 3087 2326 3305 2384; x_wconf 91' lang='lat' dir='ltr'><strong>Christo</strong></span> <span class='ocrx_word' id='word_1_401' title='bbox 3326 2329 3477 2383; x_wconf 86' lang='lat' dir='ltr'><strong>dica-</strong></span> 
     </span>
    </p>
   </div>
   <div class='ocr_carea' id='block_1_55' title="bbox 1893 2413 3482 2487">
    <p class='ocr_par' dir='ltr' id='par_1_55' title="bbox 1893 2413 3482 2487">
     <span class='ocr_line' id='line_1_55' title="bbox 1893 2413 3482 2487; baseline 0.003 -20"><span class='ocrx_word' id='word_1_402' title='bbox 1893 2421 2123 2479; x_wconf 84' lang='lat' dir='ltr'><strong>verunt,</strong></span> <span class='ocrx_word' id='word_1_403' title='bbox 2146 2413 2339 2484; x_wconf 89' lang='lat' dir='ltr'><strong>pudice</strong></span> <span class='ocrx_word' id='word_1_404' title='bbox 2365 2421 2420 2469; x_wconf 84' lang='lat' dir='ltr'><strong>et</strong></span> <span class='ocrx_word' id='word_1_405' title='bbox 2446 2423 2596 2470; x_wconf 88' lang='lat' dir='ltr'><strong>caste</strong></span> <span class='ocrx_word' id='word_1_406' title='bbox 2620 2415 2739 2471; x_wconf 88' lang='lat' dir='ltr'><strong>sine</strong></span> <span class='ocrx_word' id='word_1_407' title='bbox 2763 2415 2872 2479; x_wconf 84' lang='lat' dir='ltr'><strong>ulla</strong></span> <span class='ocrx_word' id='word_1_408' title='bbox 2902 2416 3081 2471; x_wconf 73' lang='lat' dir='ltr'><strong>faluda</strong></span> <span class='ocrx_word' id='word_1_409' title='bbox 3109 2427 3482 2487; x_wconf 80' lang='lat' dir='ltr'><strong>perseverent,</strong></span> 
     </span>
    </p>
   </div>
   <div class='ocr_carea' id='block_1_56' title="bbox 1886 2501 3485 2580">
    <p class='ocr_par' dir='ltr' id='par_1_56' title="bbox 1886 2501 3485 2580">
     <span class='ocr_line' id='line_1_56' title="bbox 1886 2501 3485 2580; baseline 0.004 -22"><span class='ocrx_word' id='word_1_410' title='bbox 1886 2501 1970 2558; x_wconf 87' lang='lat' dir='ltr'><strong>ita</strong></span> <span class='ocrx_word' id='word_1_411' title='bbox 2016 2502 2186 2558; x_wconf 85' lang='lat' dir='ltr'><strong>fortes</strong></span> <span class='ocrx_word' id='word_1_412' title='bbox 2230 2510 2286 2558; x_wconf 91' lang='lat' dir='ltr'><strong>et</strong></span> <span class='ocrx_word' id='word_1_413' title='bbox 2324 2503 2550 2559; x_wconf 87' lang='lat' dir='ltr'><strong>stabiles</strong></span> <span class='ocrx_word' id='word_1_414' title='bbox 2592 2505 2876 2574; x_wconf 67' lang='lat' dir='ltr'><strong>prmmium</strong></span> <span class='ocrx_word' id='word_1_415' title='bbox 2919 2506 3250 2578; x_wconf 81' lang='lat' dir='ltr'><strong>virginitatis</strong></span> <span class='ocrx_word' id='word_1_416' title='bbox 3291 2524 3485 2580; x_wconf 76' lang='lat' dir='ltr'><strong>exspe-</strong></span> 
     </span>
    </p>
   </div>
   <div class='ocr_carea' id='block_1_57' title="bbox 1894 2593 3487 2669">
    <p class='ocr_par' dir='ltr' id='par_1_57' title="bbox 1894 2593 3487 2669">
     <span class='ocr_line' id='line_1_57' title="bbox 1894 2593 3487 2669; baseline 0.006 -22"><span class='ocrx_word' id='word_1_417' title='bbox 1894 2602 2066 2648; x_wconf 88' lang='lat' dir='ltr'><strong>ctent.</strong></span> <span class='ocrx_word' id='word_1_418' title='bbox 2109 2593 2167 2649; x_wconf 91' lang='lat' dir='ltr'><strong>Si</strong></span> <span class='ocrx_word' id='word_1_419' title='bbox 2206 2601 2386 2648; x_wconf 90' lang='lat' dir='ltr'><strong>autem</strong></span> <span class='ocrx_word' id='word_1_420' title='bbox 2426 2609 2783 2665; x_wconf 88' lang='lat' dir='ltr'><strong>perseverare</strong></span> <span class='ocrx_word' id='word_1_421' title='bbox 2817 2597 3043 2664; x_wconf 89' lang='lat' dir='ltr'><strong>nolunt,</strong></span> <span class='ocrx_word' id='word_1_422' title='bbox 3076 2599 3160 2654; x_wconf 87' lang='lat' dir='ltr'><strong>vel</strong></span> <span class='ocrx_word' id='word_1_423' title='bbox 3208 2614 3314 2654; x_wconf 89' lang='lat' dir='ltr'><strong>non</strong></span> <span class='ocrx_word' id='word_1_424' title='bbox 3360 2615 3487 2669; x_wconf 87' lang='lat' dir='ltr'><strong>pos-</strong></span> 
     </span>
    </p>
   </div>
   <div class='ocr_carea' id='block_1_58' title="bbox 1894 2686 3486 2761">
    <p class='ocr_par' dir='ltr' id='par_1_58' title="bbox 1894 2686 3486 2761">
     <span class='ocr_line' id='line_1_58' title="bbox 1894 2686 3486 2761; baseline 0.004 -19"><span class='ocrx_word' id='word_1_425' title='bbox 1894 2694 2049 2749; x_wconf 89' lang='lat' dir='ltr'><strong>sunt,</strong></span> <span class='ocrx_word' id='word_1_426' title='bbox 2093 2686 2287 2742; x_wconf 90' lang='lat' dir='ltr'><strong>melius</strong></span> <span class='ocrx_word' id='word_1_427' title='bbox 2315 2694 2401 2741; x_wconf 85' lang='lat' dir='ltr'><strong>est</strong></span> <span class='ocrx_word' id='word_1_428' title='bbox 2437 2694 2497 2745; x_wconf 91' lang='lat' dir='ltr'><strong>ut</strong></span> <span class='ocrx_word' id='word_1_429' title='bbox 2534 2686 2741 2742; x_wconf 88' lang='lat' dir='ltr'><strong>nubant</strong></span> <span class='ocrx_word' id='word_1_430' title='bbox 2775 2704 2939 2759; x_wconf 88' lang='lat' dir='ltr'><strong>quam</strong></span> <span class='ocrx_word' id='word_1_431' title='bbox 2973 2690 3027 2743; x_wconf 91' lang='lat' dir='ltr'><strong>in</strong></span> <span class='ocrx_word' id='word_1_432' title='bbox 3064 2691 3240 2761; x_wconf 88' lang='lat' dir='ltr'><strong>ignem</strong></span> <span class='ocrx_word' id='word_1_433' title='bbox 3274 2691 3486 2747; x_wconf 81' lang='lat' dir='ltr'><strong>delictis</strong></span> 
     </span>
    </p>
   </div>
   <div class='ocr_carea' id='block_1_59' title="bbox 1893 2775 3483 2851">
    <p class='ocr_par' dir='ltr' id='par_1_59' title="bbox 1893 2775 3483 2851">
     <span class='ocr_line' id='line_1_59' title="bbox 1893 2775 3483 2851; baseline 0.003 -19"><span class='ocrx_word' id='word_1_434' title='bbox 1893 2776 2008 2832; x_wconf 88' lang='lat' dir='ltr'><strong>suis</strong></span> <span class='ocrx_word' id='word_1_435' title='bbox 2037 2777 2250 2831; x_wconf 86' lang='lat' dir='ltr'><strong>cadant.</strong></span> <span class='ocrx_word' id='word_1_436' title='bbox 2277 2797 2294 2829; x_wconf 79' lang='grc' dir='ltr'><strong>ι</strong></span> <span class='ocrx_word' id='word_1_437' title='bbox 2326 2775 2433 2831; x_wconf 88' lang='lat' dir='ltr'><strong>Sed</strong></span> <span class='ocrx_word' id='word_1_438' title='bbox 2465 2776 2518 2833; x_wconf 92' lang='lat' dir='ltr'><strong>in</strong></span> <span class='ocrx_word' id='word_1_439' title='bbox 2548 2778 2695 2833; x_wconf 89' lang='lat' dir='ltr'><strong>hunc</strong></span> <span class='ocrx_word' id='word_1_440' title='bbox 2723 2794 3010 2835; x_wconf 87' lang='lat' dir='ltr'><strong>numerum</strong></span> <span class='ocrx_word' id='word_1_441' title='bbox 3040 2781 3313 2836; x_wconf 87' lang='lat' dir='ltr'><strong>recenseri</strong></span> <span class='ocrx_word' id='word_1_442' title='bbox 3344 2796 3483 2851; x_wconf 70' lang='lat' dir='ltr'><strong>prte-</strong></span> 
     </span>
    </p>
   </div>
   <div class='ocr_carea' id='block_1_60' title="bbox 1891 2866 3479 2942">
    <p class='ocr_par' dir='ltr' id='par_1_60' title="bbox 1891 2866 3479 2942">
     <span class='ocr_line' id='line_1_60' title="bbox 1891 2866 3479 2942; baseline 0.003 -20"><span class='ocrx_word' id='word_1_443' title='bbox 1891 2868 2049 2938; x_wconf 86' lang='lat' dir='ltr'><strong>cipue</strong></span> <span class='ocrx_word' id='word_1_444' title='bbox 2082 2867 2280 2923; x_wconf 90' lang='lat' dir='ltr'><strong>debent</strong></span> <span class='ocrx_word' id='word_1_445' title='bbox 2312 2866 2502 2922; x_wconf 88' lang='lat' dir='ltr'><strong>Patres</strong></span> <span class='ocrx_word' id='word_1_446' title='bbox 2549 2869 2764 2924; x_wconf 86' lang='lat' dir='ltr'><strong>concilii</strong></span> <span class='ocrx_word' id='word_1_447' title='bbox 2800 2869 3102 2941; x_wconf 84' lang='lat' dir='ltr'><strong>Ancyrani,</strong></span> <span class='ocrx_word' id='word_1_448' title='bbox 3143 2870 3210 2925; x_wconf 90' lang='lat' dir='ltr'><strong>ad</strong></span> <span class='ocrx_word' id='word_1_449' title='bbox 3247 2886 3479 2942; x_wconf 89' lang='lat' dir='ltr'><strong>quorum</strong></span> 
     </span>
    </p>
   </div>
   <div class='ocr_carea' id='block_1_61' title="bbox 1892 2957 3482 3030">
    <p class='ocr_par' dir='ltr' id='par_1_61' title="bbox 1892 2957 3482 3030">
     <span class='ocr_line' id='line_1_61' title="bbox 1892 2957 3482 3030; baseline 0.002 -17"><span class='ocrx_word' id='word_1_450' title='bbox 1892 2960 2058 3013; x_wconf 89' lang='lat' dir='ltr'><strong>verba</strong></span> <span class='ocrx_word' id='word_1_451' title='bbox 2102 2966 2325 3013; x_wconf 89' lang='lat' dir='ltr'><strong>sanctus</strong></span> <span class='ocrx_word' id='word_1_452' title='bbox 2369 2957 2598 3013; x_wconf 84' lang='lat' dir='ltr'><strong>Basilius</strong></span> <span class='ocrx_word' id='word_1_453' title='bbox 2640 2960 2855 3016; x_wconf 90' lang='lat' dir='ltr'><strong>videtur</strong></span> <span class='ocrx_word' id='word_1_454' title='bbox 2890 2971 3183 3030; x_wconf 82' lang='lat' dir='ltr'><strong>spectasse.</strong></span> <span class='ocrx_word' id='word_1_455' title='bbox 3221 2961 3314 3021; x_wconf 86' lang='lat' dir='ltr'><strong>Sic</strong></span> <span class='ocrx_word' id='word_1_456' title='bbox 3348 2977 3482 3019; x_wconf 81' lang='lat' dir='ltr'><strong>vero</strong></span> 
     </span>
    </p>
   </div>
   <div class='ocr_carea' id='block_1_62' title="bbox 1892 3046 3480 3121">
    <p class='ocr_par' dir='ltr' id='par_1_62' title="bbox 1892 3046 3480 3121">
     <span class='ocr_line' id='line_1_62' title="bbox 1892 3046 3480 3121; baseline 0.001 -17"><span class='ocrx_word' id='word_1_457' title='bbox 1892 3063 2013 3104; x_wconf 87' lang='lat' dir='ltr'><strong>can.</strong></span> <span class='ocrx_word' id='word_1_458' title='bbox 2047 3048 2114 3102; x_wconf 89' lang='grc'>19</span> <span class='ocrx_word' id='word_1_459' title='bbox 2140 3065 2154 3101; x_wconf 89' lang='lat'><strong>:</strong></span> <span class='ocrx_word' id='word_1_460' title='bbox 2189 3065 2209 3099; x_wconf 76' lang='grc' dir='ltr'><strong>ι</strong></span> <span class='ocrx_word' id='word_1_461' title='bbox 2240 3046 2558 3116; x_wconf 90' lang='lat' dir='ltr'><strong>Quicunque</strong></span> <span class='ocrx_word' id='word_1_462' title='bbox 2585 3046 2948 3118; x_wconf 82' lang='lat' dir='ltr'><strong>virginitatem</strong></span> <span class='ocrx_word' id='word_1_463' title='bbox 2978 3049 3323 3118; x_wconf 80' lang='lat' dir='ltr'><strong>profitentes,</strong></span> <span class='ocrx_word' id='word_1_464' title='bbox 3352 3067 3480 3121; x_wconf 79' lang='lat' dir='ltr'><strong>pro-</strong></span> 
     </span>
    </p>
   </div>
   <div class='ocr_carea' id='block_1_63' title="bbox 208 3133 3483 3209">
    <p class='ocr_par' dir='ltr' id='par_1_63' title="bbox 208 3133 3483 3209">
     <span class='ocr_line' id='line_1_63' title="bbox 208 3133 3483 3209; baseline 0.001 -16"><span class='ocrx_word' id='word_1_465' title='bbox 208 3140 310 3202; x_wconf 77' lang='grc'><strong>15,</strong></span> <span class='ocrx_word' id='word_1_466' title='bbox 344 3138 413 3193; x_wconf 91' lang='lat' dir='ltr'><strong>ad</strong></span> <span class='ocrx_word' id='word_1_467' title='bbox 440 3138 771 3193; x_wconf 88' lang='lat' dir='ltr'><strong>Bonifacium</strong></span> <span class='ocrx_word' id='word_1_468' title='bbox 802 3138 1145 3208; x_wconf 88' lang='lat' dir='ltr'><strong>episcopum,</strong></span> <span class='ocrx_word' id='word_1_469' title='bbox 1177 3154 1298 3193; x_wconf 88' lang='lat' dir='ltr'><strong>can.</strong></span> <span class='ocrx_word' id='word_1_470' title='bbox 1333 3138 1405 3193; x_wconf 80' lang='lat'><strong>2:</strong></span> <span class='ocrx_word' id='word_1_471' title='bbox 1438 3157 1454 3190; x_wconf 85' lang='grc' dir='ltr'><strong>ι</strong></span> <span class='ocrx_word' id='word_1_472' title='bbox 1485 3139 1619 3193; x_wconf 82' lang='lat' dir='ltr'><strong>Nam</strong></span> <span class='ocrx_word' id='word_1_473' title='bbox 1646 3140 1790 3209; x_wconf 92' lang='lat' dir='ltr'><strong>quod</strong></span> <span class='ocrx_word' id='word_1_474' title='bbox 1819 3133 1864 3193; x_wconf 89' lang='lat' dir='ltr'><strong>C</strong></span> <span class='ocrx_word' id='word_1_475' title='bbox 1894 3136 2190 3192; x_wconf 84' lang='lat' dir='ltr'><strong>fessionem</strong></span> <span class='ocrx_word' id='word_1_476' title='bbox 2216 3150 2371 3191; x_wconf 89' lang='lat' dir='ltr'><strong>suam</strong></span> <span class='ocrx_word' id='word_1_477' title='bbox 2399 3136 2612 3191; x_wconf 87' lang='lat' dir='ltr'><strong>irritam</strong></span> <span class='ocrx_word' id='word_1_478' title='bbox 2650 3138 2910 3202; x_wconf 86' lang='lat' dir='ltr'><strong>reddunt,</strong></span> <span class='ocrx_word' id='word_1_479' title='bbox 2938 3139 2979 3195; x_wconf 85' lang='lat' dir='ltr'><strong>ii</strong></span> <span class='ocrx_word' id='word_1_480' title='bbox 3019 3138 3358 3207; x_wconf 82' lang='lat' dir='ltr'><strong>higamorum</strong></span> <span class='ocrx_word' id='word_1_481' title='bbox 3386 3141 3483 3196; x_wconf 86' lang='lat' dir='ltr'><strong>de-</strong></span> 
     </span>
    </p>
   </div>
   <div class='ocr_carea' id='block_1_64' title="bbox 205 3227 1795 3299">
    <p class='ocr_par' dir='ltr' id='par_1_64' title="bbox 205 3227 1795 3299">
     <span class='ocr_line' id='line_1_64' title="bbox 205 3227 1795 3299; baseline 0.002 -17"><span class='ocrx_word' id='word_1_482' title='bbox 205 3229 570 3299; x_wconf 77' lang='lat' dir='ltr'><strong>proposuisti,</strong></span> <span class='ocrx_word' id='word_1_483' title='bbox 605 3227 748 3299; x_wconf 91' lang='lat' dir='ltr'><strong>quod</strong></span> <span class='ocrx_word' id='word_1_484' title='bbox 777 3230 820 3284; x_wconf 90' lang='lat' dir='ltr'><strong>si</strong></span> <span class='ocrx_word' id='word_1_485' title='bbox 851 3228 1047 3289; x_wconf 77' lang='lat' dir='ltr'><strong>mulier</strong></span> <span class='ocrx_word' id='word_1_486' title='bbox 1074 3228 1389 3285; x_wconf 85' lang='lat' dir='ltr'><strong>inﬁrmitate</strong></span> <span class='ocrx_word' id='word_1_487' title='bbox 1416 3237 1661 3299; x_wconf 89' lang='lat' dir='ltr'><strong>correpta</strong></span> <span class='ocrx_word' id='word_1_488' title='bbox 1690 3246 1795 3285; x_wconf 92' lang='lat' dir='ltr'><strong>non</strong></span> 
     </span>
    </p>
   </div>
   <div class='ocr_carea' id='block_1_65' title="bbox 205 3320 1797 3395">
    <p class='ocr_par' dir='ltr' id='par_1_65' title="bbox 205 3320 1797 3395">
     <span class='ocr_line' id='line_1_65' title="bbox 205 3320 1797 3395; baseline 0.003 -21"><span class='ocrx_word' id='word_1_489' title='bbox 205 3320 446 3375; x_wconf 81' lang='lat' dir='ltr'><strong>valuerit</strong></span> <span class='ocrx_word' id='word_1_490' title='bbox 473 3321 712 3377; x_wconf 84' lang='lat' dir='ltr'><strong>debitum</strong></span> <span class='ocrx_word' id='word_1_491' title='bbox 742 3322 857 3380; x_wconf 83' lang='lat' dir='ltr'><strong>viro</strong></span> <span class='ocrx_word' id='word_1_492' title='bbox 887 3323 1143 3386; x_wconf 85' lang='lat' dir='ltr'><strong>reddere,</strong></span> <span class='ocrx_word' id='word_1_493' title='bbox 1176 3322 1304 3395; x_wconf 82' lang='lat' dir='ltr'><strong>quid</strong></span> <span class='ocrx_word' id='word_1_494' title='bbox 1331 3322 1448 3394; x_wconf 81' lang='lat' dir='ltr'><strong>ejus</strong></span> <span class='ocrx_word' id='word_1_495' title='bbox 1475 3322 1639 3383; x_wconf 82' lang='lat' dir='ltr'><strong>faciat</strong></span> <span class='ocrx_word' id='word_1_496' title='bbox 1666 3340 1797 3380; x_wconf 91' lang='lat' dir='ltr'><strong>eon-</strong></span> 
     </span>
    </p>
   </div>
   <div class='ocr_carea' id='block_1_66' title="bbox 203 3410 1796 3482">
    <p class='ocr_par' dir='ltr' id='par_1_66' title="bbox 203 3410 1796 3482">
     <span class='ocr_line' id='line_1_66' title="bbox 203 3410 1796 3482; baseline 0.003 -17"><span class='ocrx_word' id='word_1_497' title='bbox 203 3410 451 3482; x_wconf 80' lang='lat' dir='ltr'><strong>jugalis?</strong></span> <span class='ocrx_word' id='word_1_498' title='bbox 478 3410 681 3468; x_wconf 86' lang='lat' dir='ltr'><strong>Bonum</strong></span> <span class='ocrx_word' id='word_1_499' title='bbox 707 3419 850 3469; x_wconf 86' lang='lat' dir='ltr'><strong>esset</strong></span> <span class='ocrx_word' id='word_1_500' title='bbox 874 3411 920 3467; x_wconf 90' lang='lat' dir='ltr'><strong>si</strong></span> <span class='ocrx_word' id='word_1_501' title='bbox 948 3412 1029 3465; x_wconf 90' lang='lat' dir='ltr'><strong>sic</strong></span> <span class='ocrx_word' id='word_1_502' title='bbox 1054 3421 1413 3481; x_wconf 86' lang='lat' dir='ltr'><strong>permaneret,</strong></span> <span class='ocrx_word' id='word_1_503' title='bbox 1436 3422 1496 3468; x_wconf 93' lang='lat' dir='ltr'><strong>ut</strong></span> <span class='ocrx_word' id='word_1_504' title='bbox 1516 3416 1796 3471; x_wconf 88' lang='lat' dir='ltr'><strong>abstinen-</strong></span> 
     </span>
    </p>
   </div>
   <div class='ocr_carea' id='block_1_67' title="bbox 207 3500 1797 3575">
    <p class='ocr_par' dir='ltr' id='par_1_67' title="bbox 207 3500 1797 3575">
     <span class='ocr_line' id='line_1_67' title="bbox 207 3500 1797 3575; baseline 0.003 -18"><span class='ocrx_word' id='word_1_505' title='bbox 207 3501 304 3557; x_wconf 74' lang='lat' dir='ltr'><strong>tia:</strong></span> <span class='ocrx_word' id='word_1_506' title='bbox 330 3512 569 3558; x_wconf 87' lang='lat' dir='ltr'><strong>vacaret.</strong></span> <span class='ocrx_word' id='word_1_507' title='bbox 600 3500 707 3557; x_wconf 83' lang='lat' dir='ltr'><strong>Sed</strong></span> <span class='ocrx_word' id='word_1_508' title='bbox 734 3503 859 3571; x_wconf 89' lang='lat' dir='ltr'><strong>quia</strong></span> <span class='ocrx_word' id='word_1_509' title='bbox 889 3503 991 3557; x_wconf 89' lang='lat' dir='ltr'><strong>hoc</strong></span> <span class='ocrx_word' id='word_1_510' title='bbox 1020 3518 1336 3572; x_wconf 87' lang='lat' dir='ltr'><strong>magnorum</strong></span> <span class='ocrx_word' id='word_1_511' title='bbox 1366 3513 1475 3568; x_wconf 89' lang='lat' dir='ltr'><strong>est,</strong></span> <span class='ocrx_word' id='word_1_512' title='bbox 1504 3504 1594 3560; x_wconf 87' lang='lat' dir='ltr'><strong>ille</strong></span> <span class='ocrx_word' id='word_1_513' title='bbox 1610 3506 1709 3575; x_wconf 79' lang='lat' dir='ltr'><strong>qui</strong></span> <span class='ocrx_word' id='word_1_514' title='bbox 1738 3521 1797 3562; x_wconf 91' lang='lat' dir='ltr'><strong>se</strong></span> 
     </span>
    </p>
   </div>
   <div class='ocr_carea' id='block_1_68' title="bbox 212 3593 1795 3667">
    <p class='ocr_par' dir='ltr' id='par_1_68' title="bbox 212 3593 1795 3667">
     <span class='ocr_line' id='line_1_68' title="bbox 212 3593 1795 3667; baseline 0.003 -19"><span class='ocrx_word' id='word_1_515' title='bbox 212 3608 328 3649; x_wconf 86' lang='lat' dir='ltr'><strong>non</strong></span> <span class='ocrx_word' id='word_1_516' title='bbox 371 3594 571 3662; x_wconf 83' lang='lat' dir='ltr'><strong>poterit</strong></span> <span class='ocrx_word' id='word_1_517' title='bbox 615 3593 928 3659; x_wconf 81' lang='lat' dir='ltr'><strong>continere,</strong></span> <span class='ocrx_word' id='word_1_518' title='bbox 981 3595 1148 3649; x_wconf 90' lang='lat' dir='ltr'><strong>nubat</strong></span> <span class='ocrx_word' id='word_1_519' title='bbox 1194 3597 1403 3667; x_wconf 87' lang='lat' dir='ltr'><strong>magis:</strong></span> <span class='ocrx_word' id='word_1_520' title='bbox 1458 3612 1564 3654; x_wconf 85' lang='lat' dir='ltr'><strong>non</strong></span> <span class='ocrx_word' id='word_1_521' title='bbox 1615 3607 1795 3653; x_wconf 90' lang='lat' dir='ltr'><strong>tamen</strong></span> 
     </span>
    </p>
   </div>
   <div class='ocr_carea' id='block_1_69' title="bbox 211 3686 1796 3760">
    <p class='ocr_par' dir='ltr' id='par_1_69' title="bbox 211 3686 1796 3760">
     <span class='ocr_line' id='line_1_69' title="bbox 211 3686 1796 3760; baseline 0.003 -18"><span class='ocrx_word' id='word_1_522' title='bbox 211 3700 434 3745; x_wconf 89' lang='lat' dir='ltr'><strong>omnem</strong></span> <span class='ocrx_word' id='word_1_523' title='bbox 461 3686 682 3747; x_wconf 85' lang='lat' dir='ltr'><strong>subsidii</strong></span> <span class='ocrx_word' id='word_1_524' title='bbox 706 3701 869 3756; x_wconf 89' lang='lat' dir='ltr'><strong>opem</strong></span> <span class='ocrx_word' id='word_1_525' title='bbox 893 3687 1174 3743; x_wconf 85' lang='lat' dir='ltr'><strong>subtrahat</strong></span> <span class='ocrx_word' id='word_1_526' title='bbox 1203 3690 1271 3744; x_wconf 88' lang='lat' dir='ltr'><strong>ab</strong></span> <span class='ocrx_word' id='word_1_527' title='bbox 1300 3689 1420 3756; x_wconf 85' lang='lat' dir='ltr'><strong>illa,</strong></span> <span class='ocrx_word' id='word_1_528' title='bbox 1450 3705 1610 3760; x_wconf 89' lang='lat' dir='ltr'><strong>quam</strong></span> <span class='ocrx_word' id='word_1_529' title='bbox 1646 3691 1796 3747; x_wconf 84' lang='lat' dir='ltr'><strong>inﬁr-</strong></span> 
     </span>
    </p>
   </div>
   <div class='ocr_carea' id='block_1_70' title="bbox 209 3775 1787 3849">
    <p class='ocr_par' dir='ltr' id='par_1_70' title="bbox 209 3775 1787 3849">
     <span class='ocr_line' id='line_1_70' title="bbox 209 3775 1787 3849; baseline 0.003 -18"><span class='ocrx_word' id='word_1_530' title='bbox 209 3775 381 3832; x_wconf 87' lang='lat' dir='ltr'><strong>mitas</strong></span> <span class='ocrx_word' id='word_1_531' title='bbox 404 3776 663 3847; x_wconf 77' lang='lat' dir='ltr'><strong>pnepedit</strong></span> <span class='ocrx_word' id='word_1_532' title='bbox 684 3817 699 3841; x_wconf 94' lang='lat'><strong>,</strong></span> <span class='ocrx_word' id='word_1_533' title='bbox 721 3786 785 3835; x_wconf 85' lang='lat' dir='ltr'><strong>.et</strong></span> <span class='ocrx_word' id='word_1_534' title='bbox 814 3792 918 3832; x_wconf 90' lang='lat' dir='ltr'><strong>non</strong></span> <span class='ocrx_word' id='word_1_535' title='bbox 947 3778 1288 3834; x_wconf 85' lang='lat' dir='ltr'><strong>detestabilis</strong></span> <span class='ocrx_word' id='word_1_536' title='bbox 1306 3779 1463 3849; x_wconf 90' lang='lat' dir='ltr'><strong>culpa</strong></span> <span class='ocrx_word' id='word_1_537' title='bbox 1489 3781 1743 3837; x_wconf 83' lang='lat' dir='ltr'><strong>excludit.</strong></span> <span class='ocrx_word' id='word_1_538' title='bbox 1768 3802 1787 3835; x_wconf 76' lang='grc' dir='ltr'><strong>ι</strong></span> 
     </span>
    </p>
   </div>
   <div class='ocr_carea' id='block_1_71' title="bbox 207 3865 1794 3945">
    <p class='ocr_par' dir='ltr' id='par_1_71' title="bbox 207 3865 1794 3945">
     <span class='ocr_line' id='line_1_71' title="bbox 207 3865 1794 3945; baseline 0.005 -24"><span class='ocrx_word' id='word_1_539' title='bbox 207 3865 481 3936; x_wconf 84' lang='lat' dir='ltr'><strong>Egbertus</strong></span> <span class='ocrx_word' id='word_1_540' title='bbox 512 3867 868 3923; x_wconf 88' lang='lat' dir='ltr'><strong>Eboracensis</strong></span> <span class='ocrx_word' id='word_1_541' title='bbox 907 3869 961 3925; x_wconf 92' lang='lat' dir='ltr'><strong>in</strong></span> <span class='ocrx_word' id='word_1_542' title='bbox 1000 3872 1348 3939; x_wconf 82' lang='lat' dir='ltr'><strong>responsione</strong></span> <span class='ocrx_word' id='word_1_543' title='bbox 1389 3872 1458 3928; x_wconf 91' lang='lat' dir='ltr'><strong>ad</strong></span> <span class='ocrx_word' id='word_1_544' title='bbox 1495 3874 1794 3945; x_wconf 84' lang='lat' dir='ltr'><strong>interroga-</strong></span> 
     </span>
    </p>
   </div>
   <div class='ocr_carea' id='block_1_72' title="bbox 208 3957 1795 4033">
    <p class='ocr_par' dir='ltr' id='par_1_72' title="bbox 208 3957 1795 4033">
     <span class='ocr_line' id='line_1_72' title="bbox 208 3957 1795 4033; baseline 0.006 -21"><span class='ocrx_word' id='word_1_545' title='bbox 208 3957 415 4012; x_wconf 85' lang='lat' dir='ltr'><strong>tionem</strong></span> <span class='ocrx_word' id='word_1_546' title='bbox 456 3957 521 4019; x_wconf 78' lang='grc'>15</span> <span class='ocrx_word' id='word_1_547' title='bbox 546 3975 560 4011; x_wconf 90' lang='lat'><strong>:</strong></span> <span class='ocrx_word' id='word_1_548' title='bbox 588 3976 608 4011; x_wconf 82' lang='grc' dir='ltr'><strong>ι</strong></span> <span class='ocrx_word' id='word_1_549' title='bbox 637 3957 806 4015; x_wconf 87' lang='lat' dir='ltr'><strong>Nemo</strong></span> <span class='ocrx_word' id='word_1_550' title='bbox 834 3968 1023 4016; x_wconf 89' lang='lat' dir='ltr'><strong>contra</strong></span> <span class='ocrx_word' id='word_1_551' title='bbox 1051 3960 1395 4033; x_wconf 86' lang='lat' dir='ltr'><strong>Evangelium</strong></span> <span class='ocrx_word' id='word_1_552' title='bbox 1421 4003 1437 4028; x_wconf 95' lang='lat'><strong>,</strong></span> <span class='ocrx_word' id='word_1_553' title='bbox 1467 3978 1627 4018; x_wconf 90' lang='lat' dir='ltr'><strong>nemo</strong></span> <span class='ocrx_word' id='word_1_554' title='bbox 1665 3980 1795 4021; x_wconf 89' lang='lat' dir='ltr'><strong>con-</strong></span> 
     </span>
    </p>
   </div>
   <div class='ocr_carea' id='block_1_73' title="bbox 207 4045 1796 4117">
    <p class='ocr_par' dir='ltr' id='par_1_73' title="bbox 207 4045 1796 4117">
     <span class='ocr_line' id='line_1_73' title="bbox 207 4045 1796 4117; baseline 0.006 -16"><span class='ocrx_word' id='word_1_555' title='bbox 207 4055 303 4101; x_wconf 88' lang='lat' dir='ltr'><strong>tra</strong></span> <span class='ocrx_word' id='word_1_556' title='bbox 343 4045 660 4117; x_wconf 82' lang='lat' dir='ltr'><strong>Apostolum</strong></span> <span class='ocrx_word' id='word_1_557' title='bbox 697 4047 815 4103; x_wconf 89' lang='lat' dir='ltr'><strong>sine</strong></span> <span class='ocrx_word' id='word_1_558' title='bbox 853 4049 1089 4105; x_wconf 87' lang='lat' dir='ltr'><strong>vindicta</strong></span> <span class='ocrx_word' id='word_1_559' title='bbox 1132 4050 1304 4107; x_wconf 91' lang='lat' dir='ltr'><strong>facit:</strong></span> <span class='ocrx_word' id='word_1_560' title='bbox 1336 4052 1796 4110; x_wconf 83' lang='lat' dir='ltr'><strong>idcircoconson-</strong></span> 
     </span>
    </p>
   </div>
   <div class='ocr_carea' id='block_1_74' title="bbox 208 4136 1793 4215">
    <p class='ocr_par' dir='ltr' id='par_1_74' title="bbox 208 4136 1793 4215">
     <span class='ocr_line' id='line_1_74' title="bbox 208 4136 1793 4215; baseline 0.004 -22"><span class='ocrx_word' id='word_1_561' title='bbox 208 4150 336 4193; x_wconf 77' lang='lat' dir='ltr'><strong>sum</strong></span> <span class='ocrx_word' id='word_1_562' title='bbox 370 4136 591 4199; x_wconf 85' lang='lat' dir='ltr'><strong>minime</strong></span> <span class='ocrx_word' id='word_1_563' title='bbox 611 4138 922 4208; x_wconf 69' lang='lat' dir='ltr'><strong>praebemus</strong></span> <span class='ocrx_word' id='word_1_564' title='bbox 948 4139 1226 4196; x_wconf 90' lang='lat' dir='ltr'><strong>adulteris.</strong></span> <span class='ocrx_word' id='word_1_565' title='bbox 1258 4141 1437 4198; x_wconf 86' lang='lat' dir='ltr'><strong>Onera</strong></span> <span class='ocrx_word' id='word_1_566' title='bbox 1466 4151 1646 4199; x_wconf 86' lang='lat' dir='ltr'><strong>tamen</strong></span> <span class='ocrx_word' id='word_1_567' title='bbox 1674 4160 1793 4215; x_wconf 64' lang='lat' dir='ltr'><strong>quae</strong></span> 
     </span>
    </p>
   </div>
   <div class='ocr_carea' id='block_1_75' title="bbox 206 4225 1791 4304">
    <p class='ocr_par' dir='ltr' id='par_1_75' title="bbox 206 4225 1791 4304">
     <span class='ocr_line' id='line_1_75' title="bbox 206 4225 1791 4304; baseline 0.005 -23"><span class='ocrx_word' id='word_1_568' title='bbox 206 4226 331 4281; x_wconf 88' lang='lat' dir='ltr'><strong>sine</strong></span> <span class='ocrx_word' id='word_1_569' title='bbox 356 4225 599 4295; x_wconf 84' lang='lat' dir='ltr'><strong>periculo</strong></span> <span class='ocrx_word' id='word_1_570' title='bbox 626 4228 838 4297; x_wconf 87' lang='lat' dir='ltr'><strong>portari</strong></span> <span class='ocrx_word' id='word_1_571' title='bbox 873 4243 980 4283; x_wconf 93' lang='lat' dir='ltr'><strong>non</strong></span> <span class='ocrx_word' id='word_1_572' title='bbox 1027 4239 1280 4300; x_wconf 89' lang='lat' dir='ltr'><strong>possunt,</strong></span> <span class='ocrx_word' id='word_1_573' title='bbox 1318 4233 1519 4288; x_wconf 90' lang='lat' dir='ltr'><strong>nemini</strong></span> <span class='ocrx_word' id='word_1_574' title='bbox 1558 4233 1791 4304; x_wconf 87' lang='lat' dir='ltr'><strong>imponi-</strong></span> 
     </span>
    </p>
   </div>
   <div class='ocr_carea' id='block_1_76' title="bbox 206 4316 1793 4386">
    <p class='ocr_par' dir='ltr' id='par_1_76' title="bbox 206 4316 1793 4386">
     <span class='ocr_line' id='line_1_76' title="bbox 206 4316 1793 4386; baseline 0.004 -17"><span class='ocrx_word' id='word_1_575' title='bbox 206 4330 374 4379; x_wconf 88' lang='lat' dir='ltr'><strong>mus;</strong></span> <span class='ocrx_word' id='word_1_576' title='bbox 404 4331 467 4370; x_wconf 88' lang='lat' dir='ltr'><strong>ea</strong></span> <span class='ocrx_word' id='word_1_577' title='bbox 491 4331 622 4371; x_wconf 89' lang='lat' dir='ltr'><strong>vero</strong></span> <span class='ocrx_word' id='word_1_578' title='bbox 646 4331 767 4386; x_wconf 77' lang='lat' dir='ltr'><strong>qua:</strong></span> <span class='ocrx_word' id='word_1_579' title='bbox 794 4316 888 4372; x_wconf 89' lang='lat' dir='ltr'><strong>Dei</strong></span> <span class='ocrx_word' id='word_1_580' title='bbox 916 4326 1044 4372; x_wconf 89' lang='lat' dir='ltr'><strong>sunt</strong></span> <span class='ocrx_word' id='word_1_581' title='bbox 1068 4319 1324 4375; x_wconf 90' lang='lat' dir='ltr'><strong>mandata</strong></span> <span class='ocrx_word' id='word_1_582' title='bbox 1351 4319 1686 4376; x_wconf 85' lang='lat' dir='ltr'><strong>confidenter</strong></span> <span class='ocrx_word' id='word_1_583' title='bbox 1711 4322 1793 4376; x_wconf 87' lang='lat' dir='ltr'><strong>in-</strong></span> 
     </span>
    </p>
   </div>
   <div class='ocr_carea' id='block_1_77' title="bbox 204 4406 1787 4482">
    <p class='ocr_par' dir='ltr' id='par_1_77' title="bbox 204 4406 1787 4482">
     <span class='ocr_line' id='line_1_77' title="bbox 204 4406 1787 4482; baseline 0.002 -20"><span class='ocrx_word' id='word_1_584' title='bbox 204 4406 459 4467; x_wconf 80' lang='lat' dir='ltr'><strong>dicimus,</strong></span> <span class='ocrx_word' id='word_1_585' title='bbox 486 4406 657 4474; x_wconf 88' lang='lat' dir='ltr'><strong>Quem</strong></span> <span class='ocrx_word' id='word_1_586' title='bbox 684 4418 864 4472; x_wconf 81' lang='lat' dir='ltr'><strong>autem</strong></span> <span class='ocrx_word' id='word_1_587' title='bbox 894 4408 1183 4469; x_wconf 84' lang='lat' dir='ltr'><strong>infirmitas</strong></span> <span class='ocrx_word' id='word_1_588' title='bbox 1209 4410 1467 4481; x_wconf 89' lang='lat' dir='ltr'><strong>implendi</strong></span> <span class='ocrx_word' id='word_1_589' title='bbox 1497 4411 1787 4482; x_wconf 78' lang='lat' dir='ltr'><strong>przepedit,</strong></span> 
     </span>
    </p>
   </div>
   <div class='ocr_carea' id='block_1_78' title="bbox 1896 3227 3479 3298">
    <p class='ocr_par' dir='ltr' id='par_1_78' title="bbox 1896 3227 3479 3298">
     <span class='ocr_line' id='line_1_78' title="bbox 1896 3227 3479 3298; baseline 0.001 -12"><span class='ocrx_word' id='word_1_590' title='bbox 1896 3229 2198 3288; x_wconf 80' lang='lat' dir='ltr'><strong>ﬁnitionem</strong></span> <span class='ocrx_word' id='word_1_591' title='bbox 2228 3227 2504 3298; x_wconf 86' lang='lat' dir='ltr'><strong>impleant.</strong></span> <span class='ocrx_word' id='word_1_592' title='bbox 2529 3248 2546 3280; x_wconf 75' lang='grc' dir='ltr'><strong>ι</strong></span> <span class='ocrx_word' id='word_1_593' title='bbox 2564 3229 2635 3283; x_wconf 86' lang='lat' dir='ltr'><strong>At</strong></span> <span class='ocrx_word' id='word_1_594' title='bbox 2661 3236 2881 3284; x_wconf 90' lang='lat' dir='ltr'><strong>sanctus</strong></span> <span class='ocrx_word' id='word_1_595' title='bbox 2906 3229 3138 3293; x_wconf 82' lang='lat' dir='ltr'><strong>Basilius</strong></span> <span class='ocrx_word' id='word_1_596' title='bbox 3163 3231 3323 3298; x_wconf 89' lang='lat' dir='ltr'><strong>dicit,</strong></span> <span class='ocrx_word' id='word_1_597' title='bbox 3354 3248 3479 3287; x_wconf 91' lang='lat' dir='ltr'><strong>cum</strong></span> 
     </span>
    </p>
   </div>
   <div class='ocr_carea' id='block_1_79' title="bbox 1899 3317 3482 3390">
    <p class='ocr_par' dir='ltr' id='par_1_79' title="bbox 1899 3317 3482 3390">
     <span class='ocr_line' id='line_1_79' title="bbox 1899 3317 3482 3390; baseline 0.001 -16"><span class='ocrx_word' id='word_1_598' title='bbox 1899 3334 2160 3380; x_wconf 83' lang='lat' dir='ltr'><strong>numerus</strong></span> <span class='ocrx_word' id='word_1_599' title='bbox 2182 3318 2455 3388; x_wconf 86' lang='lat' dir='ltr'><strong>virginum</strong></span> <span class='ocrx_word' id='word_1_600' title='bbox 2497 3317 2608 3373; x_wconf 91' lang='lat' dir='ltr'><strong>Deo</strong></span> <span class='ocrx_word' id='word_1_601' title='bbox 2638 3318 2938 3373; x_wconf 88' lang='lat' dir='ltr'><strong>dicatarum</strong></span> <span class='ocrx_word' id='word_1_602' title='bbox 2970 3328 3277 3390; x_wconf 87' lang='lat' dir='ltr'><strong>augeretur,</strong></span> <span class='ocrx_word' id='word_1_603' title='bbox 3305 3330 3360 3375; x_wconf 84' lang='lat' dir='ltr'><strong>et</strong></span> <span class='ocrx_word' id='word_1_604' title='bbox 3386 3338 3482 3377; x_wconf 81' lang='lat' dir='ltr'><strong>vo-</strong></span> 
     </span>
    </p>
   </div>
   <div class='ocr_carea' id='block_1_80' title="bbox 1900 3409 3477 3482">
    <p class='ocr_par' dir='ltr' id='par_1_80' title="bbox 1900 3409 3477 3482">
     <span class='ocr_line' id='line_1_80' title="bbox 1900 3409 3477 3482; baseline 0.002 -16"><span class='ocrx_word' id='word_1_605' title='bbox 1900 3420 2010 3466; x_wconf 90' lang='lat' dir='ltr'><strong>tum</strong></span> <span class='ocrx_word' id='word_1_606' title='bbox 2034 3409 2148 3480; x_wconf 89' lang='lat' dir='ltr'><strong>jam</strong></span> <span class='ocrx_word' id='word_1_607' title='bbox 2189 3409 2431 3467; x_wconf 86' lang='lat' dir='ltr'><strong>solemne</strong></span> <span class='ocrx_word' id='word_1_608' title='bbox 2464 3418 2612 3465; x_wconf 89' lang='lat' dir='ltr'><strong>esset</strong></span> <span class='ocrx_word' id='word_1_609' title='bbox 2648 3419 2703 3465; x_wconf 87' lang='lat' dir='ltr'><strong>et</strong></span> <span class='ocrx_word' id='word_1_610' title='bbox 2739 3410 3046 3481; x_wconf 89' lang='lat' dir='ltr'><strong>publicum,</strong></span> <span class='ocrx_word' id='word_1_611' title='bbox 3074 3412 3215 3467; x_wconf 89' lang='lat' dir='ltr'><strong>hanc</strong></span> <span class='ocrx_word' id='word_1_612' title='bbox 3242 3414 3477 3482; x_wconf 89' lang='lat' dir='ltr'><strong>priorem</strong></span> 
     </span>
    </p>
   </div>
   <div class='ocr_carea' id='block_1_81' title="bbox 1897 3501 3477 3581">
    <p class='ocr_par' dir='ltr' id='par_1_81' title="bbox 1897 3501 3477 3581">
     <span class='ocr_line' id='line_1_81' title="bbox 1897 3501 3477 3581; baseline 0.002 -24"><span class='ocrx_word' id='word_1_613' title='bbox 1897 3502 2240 3573; x_wconf 85' lang='lat' dir='ltr'><strong>disciplinam</strong></span> <span class='ocrx_word' id='word_1_614' title='bbox 2265 3516 2389 3560; x_wconf 83' lang='lat' dir='ltr'><strong>esse</strong></span> <span class='ocrx_word' id='word_1_615' title='bbox 2418 3501 2826 3567; x_wconf 83' lang='lat' dir='ltr'><strong>immutandam.</strong></span> <span class='ocrx_word' id='word_1_616' title='bbox 2857 3502 3221 3581; x_wconf 80' lang='lat' dir='ltr'><strong>Quamobrem</strong></span> <span class='ocrx_word' id='word_1_617' title='bbox 3249 3504 3391 3563; x_wconf 88' lang='lat' dir='ltr'><strong>aliud</strong></span> <span class='ocrx_word' id='word_1_618' title='bbox 3418 3520 3477 3560; x_wconf 91' lang='lat' dir='ltr'><strong>se</strong></span> 
     </span>
    </p>
   </div>
   <div class='ocr_carea' id='block_1_82' title="bbox 1896 3592 3476 3665">
    <p class='ocr_par' dir='ltr' id='par_1_82' title="bbox 1896 3592 3476 3665">
     <span class='ocr_line' id='line_1_82' title="bbox 1896 3592 3476 3665; baseline 0.001 -16"><span class='ocrx_word' id='word_1_619' title='bbox 1896 3594 2133 3665; x_wconf 89' lang='lat' dir='ltr'><strong>primum</strong></span> <span class='ocrx_word' id='word_1_620' title='bbox 2165 3593 2424 3649; x_wconf 81' lang='lat' dir='ltr'><strong>statuisse</strong></span> <span class='ocrx_word' id='word_1_621' title='bbox 2462 3593 2536 3647; x_wconf 80' lang='lat' dir='ltr'><strong>ita</strong></span> <span class='ocrx_word' id='word_1_622' title='bbox 2574 3592 2811 3648; x_wconf 88' lang='lat' dir='ltr'><strong>declarat</strong></span> <span class='ocrx_word' id='word_1_623' title='bbox 2841 3608 2966 3648; x_wconf 90' lang='lat' dir='ltr'><strong>can.</strong></span> <span class='ocrx_word' id='word_1_624' title='bbox 3003 3594 3106 3648; x_wconf 70' lang='lat'><strong>18:</strong></span> <span class='ocrx_word' id='word_1_625' title='bbox 3137 3612 3156 3646; x_wconf 81' lang='grc' dir='ltr'><strong>ι</strong></span> <span class='ocrx_word' id='word_1_626' title='bbox 3197 3594 3357 3661; x_wconf 75' lang='lat' dir='ltr'><strong>Mihi,</strong></span> <span class='ocrx_word' id='word_1_627' title='bbox 3394 3597 3476 3651; x_wconf 90' lang='lat' dir='ltr'><strong>in-</strong></span> 
     </span>
    </p>
   </div>
   <div class='ocr_carea' id='block_1_83' title="bbox 1896 3682 3477 3754">
    <p class='ocr_par' dir='ltr' id='par_1_83' title="bbox 1896 3682 3477 3754">
     <span class='ocr_line' id='line_1_83' title="bbox 1896 3682 3477 3754; baseline 0.003 -18"><span class='ocrx_word' id='word_1_628' title='bbox 1896 3682 2047 3752; x_wconf 88' lang='lat' dir='ltr'><strong>quit,</strong></span> <span class='ocrx_word' id='word_1_629' title='bbox 2089 3682 2304 3738; x_wconf 87' lang='lat' dir='ltr'><strong>videtur</strong></span> <span class='ocrx_word' id='word_1_630' title='bbox 2342 3682 2486 3753; x_wconf 85' lang='lat' dir='ltr'><strong>quod</strong></span> <span class='ocrx_word' id='word_1_631' title='bbox 2530 3682 2787 3752; x_wconf 88' lang='lat' dir='ltr'><strong>quoniam</strong></span> <span class='ocrx_word' id='word_1_632' title='bbox 2831 3683 2925 3737; x_wconf 94' lang='lat' dir='ltr'><strong>Dci</strong></span> <span class='ocrx_word' id='word_1_633' title='bbox 2970 3685 3142 3752; x_wconf 89' lang='lat' dir='ltr'><strong>gratia</strong></span> <span class='ocrx_word' id='word_1_634' title='bbox 3176 3686 3477 3754; x_wconf 70' lang='lat' dir='ltr'><strong>procedens</strong></span> 
     </span>
    </p>
   </div>
   <div class='ocr_carea' id='block_1_84' title="bbox 1897 3773 3477 3847">
    <p class='ocr_par' dir='ltr' id='par_1_84' title="bbox 1897 3773 3477 3847">
     <span class='ocr_line' id='line_1_84' title="bbox 1897 3773 3477 3847; baseline 0.002 -18"><span class='ocrx_word' id='word_1_635' title='bbox 1897 3773 2139 3829; x_wconf 87' lang='lat' dir='ltr'><strong>Ecclesia</strong></span> <span class='ocrx_word' id='word_1_636' title='bbox 2162 3773 2222 3828; x_wconf 83' lang='lat' dir='ltr'><strong>fit</strong></span> <span class='ocrx_word' id='word_1_637' title='bbox 2246 3774 2457 3840; x_wconf 84' lang='lat' dir='ltr'><strong>fortior,</strong></span> <span class='ocrx_word' id='word_1_638' title='bbox 2482 3782 2539 3829; x_wconf 90' lang='lat' dir='ltr'><strong>et</strong></span> <span class='ocrx_word' id='word_1_639' title='bbox 2551 3773 2686 3829; x_wconf 85' lang='lat' dir='ltr'><strong>ordo</strong></span> <span class='ocrx_word' id='word_1_640' title='bbox 2701 3773 2967 3845; x_wconf 85' lang='lat' dir='ltr'><strong>virginum</strong></span> <span class='ocrx_word' id='word_1_641' title='bbox 2998 3784 3246 3847; x_wconf 86' lang='lat' dir='ltr'><strong>augetur,</strong></span> <span class='ocrx_word' id='word_1_642' title='bbox 3269 3786 3353 3832; x_wconf 87' lang='lat' dir='ltr'><strong>est</strong></span> <span class='ocrx_word' id='word_1_643' title='bbox 3379 3779 3477 3832; x_wconf 91' lang='lat' dir='ltr'><strong>ad-</strong></span> 
     </span>
    </p>
   </div>
   <div class='ocr_carea' id='block_1_85' title="bbox 1896 3864 3471 3936">
    <p class='ocr_par' dir='ltr' id='par_1_85' title="bbox 1896 3864 3471 3936">
     <span class='ocr_line' id='line_1_85' title="bbox 1896 3864 3471 3936; baseline 0.002 -16"><span class='ocrx_word' id='word_1_644' title='bbox 1896 3864 2164 3935; x_wconf 84' lang='lat' dir='ltr'><strong>hibendus</strong></span> <span class='ocrx_word' id='word_1_645' title='bbox 2185 3865 2399 3920; x_wconf 89' lang='lat' dir='ltr'><strong>animus</strong></span> <span class='ocrx_word' id='word_1_646' title='bbox 2421 3866 2500 3921; x_wconf 89' lang='lat' dir='ltr'><strong>rei</strong></span> <span class='ocrx_word' id='word_1_647' title='bbox 2521 3880 2640 3935; x_wconf 71' lang='lat' dir='ltr'><strong>quze</strong></span> <span class='ocrx_word' id='word_1_648' title='bbox 2659 3881 2758 3936; x_wconf 87' lang='lat' dir='ltr'><strong>per</strong></span> <span class='ocrx_word' id='word_1_649' title='bbox 2778 3866 3188 3936; x_wconf 82' lang='lat' dir='ltr'><strong>intelligentiam</strong></span> <span class='ocrx_word' id='word_1_650' title='bbox 3206 3870 3471 3930; x_wconf 85' lang='lat' dir='ltr'><strong>cernitur.</strong></span> 
     </span>
    </p>
   </div>
   <div class='ocr_carea' id='block_1_86' title="bbox 1896 3959 3478 4031">
    <p class='ocr_par' dir='ltr' id='par_1_86' title="bbox 1896 3959 3478 4031">
     <span class='ocr_line' id='line_1_86' title="bbox 1896 3959 3478 4031; baseline 0.001 -17"><span class='ocrx_word' id='word_1_651' title='bbox 1896 3967 1953 4014; x_wconf 91' lang='lat' dir='ltr'><strong>et</strong></span> <span class='ocrx_word' id='word_1_652' title='bbox 1984 3960 2266 4016; x_wconf 65' lang='lat' dir='ltr'><strong>sententia:</strong></span> <span class='ocrx_word' id='word_1_653' title='bbox 2292 3959 2585 4030; x_wconf 67' lang='lat' dir='ltr'><strong>Scriptura:</strong></span> <span class='ocrx_word' id='word_1_654' title='bbox 2604 4000 2620 4025; x_wconf 95' lang='lat'><strong>,</strong></span> <span class='ocrx_word' id='word_1_655' title='bbox 2642 3974 2765 4029; x_wconf 68' lang='lat' dir='ltr'><strong>qute</strong></span> <span class='ocrx_word' id='word_1_656' title='bbox 2793 3968 2971 4031; x_wconf 87' lang='lat' dir='ltr'><strong>potest</strong></span> <span class='ocrx_word' id='word_1_657' title='bbox 2998 3976 3066 4015; x_wconf 82' lang='lat' dir='ltr'><strong>ex</strong></span> <span class='ocrx_word' id='word_1_658' title='bbox 3091 3962 3478 4030; x_wconf 84' lang='lat' dir='ltr'><strong>consequentia</strong></span> 
     </span>
    </p>
   </div>
   <div class='ocr_carea' id='block_1_87' title="bbox 1895 4049 3475 4122">
    <p class='ocr_par' dir='ltr' id='par_1_87' title="bbox 1895 4049 3475 4122">
     <span class='ocr_line' id='line_1_87' title="bbox 1895 4049 3475 4122; baseline -0.004 -11"><span class='ocrx_word' id='word_1_659' title='bbox 1895 4051 2224 4111; x_wconf 86' lang='lat' dir='ltr'><strong>inveniri....</strong></span> <span class='ocrx_word' id='word_1_660' title='bbox 2247 4052 2413 4122; x_wconf 79' lang='lat' dir='ltr'><strong>Virgo</strong></span> <span class='ocrx_word' id='word_1_661' title='bbox 2439 4051 2696 4107; x_wconf 78' lang='lat' dir='ltr'><strong>adultera:</strong></span> <span class='ocrx_word' id='word_1_662' title='bbox 2716 4049 2920 4119; x_wconf 84' lang='lat' dir='ltr'><strong>judicio</strong></span> <span class='ocrx_word' id='word_1_663' title='bbox 2946 4049 3251 4118; x_wconf 85' lang='lat' dir='ltr'><strong>subjicitur,</strong></span> <span class='ocrx_word' id='word_1_664' title='bbox 3277 4049 3320 4104; x_wconf 89' lang='lat' dir='ltr'><strong>si</strong></span> <span class='ocrx_word' id='word_1_665' title='bbox 3352 4065 3475 4105; x_wconf 89' lang='lat' dir='ltr'><strong>cum</strong></span> 
     </span>
    </p>
   </div>
   <div class='ocr_carea' id='block_1_88' title="bbox 1893 4141 3477 4216">
    <p class='ocr_par' dir='ltr' id='par_1_88' title="bbox 1893 4141 3477 4216">
     <span class='ocr_line' id='line_1_88' title="bbox 1893 4141 3477 4216; baseline -0.003 -16"><span class='ocrx_word' id='word_1_666' title='bbox 1893 4144 1987 4216; x_wconf 91' lang='lat' dir='ltr'><strong>qui</strong></span> <span class='ocrx_word' id='word_1_667' title='bbox 2016 4160 2140 4201; x_wconf 91' lang='lat' dir='ltr'><strong>cum</strong></span> <span class='ocrx_word' id='word_1_668' title='bbox 2167 4143 2342 4209; x_wconf 83' lang='lat' dir='ltr'><strong>aliena</strong></span> <span class='ocrx_word' id='word_1_669' title='bbox 2369 4143 2596 4198; x_wconf 88' lang='lat' dir='ltr'><strong>muliere</strong></span> <span class='ocrx_word' id='word_1_670' title='bbox 2622 4142 2928 4207; x_wconf 83' lang='lat' dir='ltr'><strong>eobabitat,</strong></span> <span class='ocrx_word' id='word_1_671' title='bbox 2961 4141 3269 4198; x_wconf 85' lang='lat' dir='ltr'><strong>adulterum</strong></span> <span class='ocrx_word' id='word_1_672' title='bbox 3299 4142 3477 4196; x_wconf 90' lang='lat' dir='ltr'><strong>nomi-</strong></span> 
     </span>
    </p>
   </div>
   <div class='ocr_carea' id='block_1_89' title="bbox 1892 4230 3474 4303">
    <p class='ocr_par' dir='ltr' id='par_1_89' title="bbox 1892 4230 3474 4303">
     <span class='ocr_line' id='line_1_89' title="bbox 1892 4230 3474 4303; baseline -0.004 -12"><span class='ocrx_word' id='word_1_673' title='bbox 1892 4250 2121 4301; x_wconf 77' lang='lat' dir='ltr'><strong>namus,</strong></span> <span class='ocrx_word' id='word_1_674' title='bbox 2150 4249 2273 4290; x_wconf 91' lang='lat' dir='ltr'><strong>eum</strong></span> <span class='ocrx_word' id='word_1_675' title='bbox 2312 4248 2417 4287; x_wconf 90' lang='lat' dir='ltr'><strong>non</strong></span> <span class='ocrx_word' id='word_1_676' title='bbox 2446 4234 2598 4303; x_wconf 90' lang='lat' dir='ltr'><strong>prius</strong></span> <span class='ocrx_word' id='word_1_677' title='bbox 2621 4234 2688 4287; x_wconf 90' lang='lat' dir='ltr'><strong>ad</strong></span> <span class='ocrx_word' id='word_1_678' title='bbox 2714 4230 3151 4287; x_wconf 87' lang='lat' dir='ltr'><strong>communionem</strong></span> <span class='ocrx_word' id='word_1_679' title='bbox 3181 4230 3474 4286; x_wconf 88' lang='lat' dir='ltr'><strong>admitten-</strong></span> 
     </span>
    </p>
   </div>
   <div class='ocr_carea' id='block_1_90' title="bbox 1892 4321 3470 4395">
    <p class='ocr_par' dir='ltr' id='par_1_90' title="bbox 1892 4321 3470 4395">
     <span class='ocr_line' id='line_1_90' title="bbox 1892 4321 3470 4395; baseline -0.004 -14"><span class='ocrx_word' id='word_1_680' title='bbox 1892 4333 2002 4391; x_wconf 88' lang='lat' dir='ltr'><strong>tes,</strong></span> <span class='ocrx_word' id='word_1_681' title='bbox 2033 4339 2195 4395; x_wconf 89' lang='lat' dir='ltr'><strong>quam</strong></span> <span class='ocrx_word' id='word_1_682' title='bbox 2234 4339 2264 4377; x_wconf 91' lang='lat' dir='ltr'><strong>a</strong></span> <span class='ocrx_word' id='word_1_683' title='bbox 2303 4331 2527 4393; x_wconf 88' lang='lat' dir='ltr'><strong>peccato</strong></span> <span class='ocrx_word' id='word_1_684' title='bbox 2564 4322 2899 4383; x_wconf 80' lang='lat' dir='ltr'><strong>cessaverit:</strong></span> <span class='ocrx_word' id='word_1_685' title='bbox 2932 4322 3007 4377; x_wconf 90' lang='lat' dir='ltr'><strong>ita</strong></span> <span class='ocrx_word' id='word_1_686' title='bbox 3045 4321 3300 4384; x_wconf 80' lang='lat' dir='ltr'><strong>videlicet</strong></span> <span class='ocrx_word' id='word_1_687' title='bbox 3329 4329 3386 4375; x_wconf 90' lang='lat' dir='ltr'><strong>et</strong></span> <span class='ocrx_word' id='word_1_688' title='bbox 3415 4321 3470 4375; x_wconf 94' lang='lat' dir='ltr'><strong>in</strong></span> 
     </span>
    </p>
   </div>
   <div class='ocr_carea' id='block_1_91' title="bbox 1894 4414 3474 4487">
    <p class='ocr_par' dir='ltr' id='par_1_91' title="bbox 1894 4414 3474 4487">
     <span class='ocr_line' id='line_1_91' title="bbox 1894 4414 3474 4487; baseline -0.003 -13"><span class='ocrx_word' id='word_1_689' title='bbox 1894 4432 1961 4474; x_wconf 87' lang='lat' dir='ltr'><strong>eo</strong></span> <span class='ocrx_word' id='word_1_690' title='bbox 1984 4419 2078 4487; x_wconf 93' lang='lat' dir='ltr'><strong>qui</strong></span> <span class='ocrx_word' id='word_1_691' title='bbox 2106 4418 2369 4487; x_wconf 88' lang='lat' dir='ltr'><strong>virginem</strong></span> <span class='ocrx_word' id='word_1_692' title='bbox 2394 4417 2590 4481; x_wconf 88' lang='lat' dir='ltr'><strong>habet,</strong></span> <span class='ocrx_word' id='word_1_693' title='bbox 2614 4414 2963 4471; x_wconf 61' lang='lat' dir='ltr'><strong>aiiiciemur.»</strong></span> <span class='ocrx_word' id='word_1_694' title='bbox 2990 4417 3056 4471; x_wconf 86' lang='lat' dir='ltr'><strong>Et</strong></span> <span class='ocrx_word' id='word_1_695' title='bbox 3081 4415 3190 4486; x_wconf 81' lang='lat' dir='ltr'><strong>iam</strong></span> <span class='ocrx_word' id='word_1_696' title='bbox 3215 4425 3474 4471; x_wconf 77' lang='lat' dir='ltr'><strong>sanxerat</strong></span> 
     </span>
    </p>
   </div>
   <div class='ocr_carea' id='block_1_92' title="bbox 202 4497 3477 4576">
    <p class='ocr_par' dir='ltr' id='par_1_92' title="bbox 202 4497 3477 4576">
     <span class='ocr_line' id='line_1_92' title="bbox 202 4497 3477 4576; baseline 0.003 -24"><span class='ocrx_word' id='word_1_697' title='bbox 202 4512 317 4553; x_wconf 92' lang='lat' dir='ltr'><strong>uno</strong></span> <span class='ocrx_word' id='word_1_698' title='bbox 345 4497 585 4573; x_wconf 83' lang='lat' dir='ltr'><strong>profecto</strong></span> <span class='ocrx_word' id='word_1_699' title='bbox 612 4499 838 4555; x_wconf 91' lang='lat' dir='ltr'><strong>multum</strong></span> <span class='ocrx_word' id='word_1_700' title='bbox 868 4516 1210 4559; x_wconf 86' lang='lat' dir='ltr'><strong>reservamus</strong></span> <span class='ocrx_word' id='word_1_701' title='bbox 1238 4500 1443 4570; x_wconf 88' lang='lat' dir='ltr'><strong>judicio</strong></span> <span class='ocrx_word' id='word_1_702' title='bbox 1472 4503 1589 4558; x_wconf 91' lang='lat' dir='ltr'><strong>Dei.</strong></span> <span class='ocrx_word' id='word_1_703' title='bbox 1622 4503 1791 4574; x_wconf 85' lang='lat' dir='ltr'><strong>igitur</strong></span> <span class='ocrx_word' id='word_1_704' title='bbox 1815 4498 1871 4559; x_wconf 78' lang='lat' dir='ltr'><strong>D</strong></span> <span class='ocrx_word' id='word_1_705' title='bbox 1893 4524 2013 4564; x_wconf 91' lang='lat' dir='ltr'><strong>can.</strong></span> <span class='ocrx_word' id='word_1_706' title='bbox 2052 4507 2087 4563; x_wconf 89' lang='lat'><strong>6</strong></span> <span class='ocrx_word' id='word_1_707' title='bbox 2123 4506 2432 4576; x_wconf 88' lang='lat' dir='ltr'><strong>hujusmodi</strong></span> <span class='ocrx_word' id='word_1_708' title='bbox 2481 4505 2890 4574; x_wconf 85' lang='lat' dir='ltr'><strong>conjunctiones</strong></span> <span class='ocrx_word' id='word_1_709' title='bbox 2929 4522 3052 4562; x_wconf 90' lang='lat' dir='ltr'><strong>esse</strong></span> <span class='ocrx_word' id='word_1_710' title='bbox 3090 4505 3477 4560; x_wconf 81' lang='lat' dir='ltr'><strong>fornicationes</strong></span> 
     </span>
    </p>
   </div>
   <div class='ocr_carea' id='block_1_93' title="bbox 202 4586 1792 4658">
    <p class='ocr_par' dir='ltr' id='par_1_93' title="bbox 202 4586 1792 4658">
     <span class='ocr_line' id='line_1_93' title="bbox 202 4586 1792 4658; baseline 0.005 -15"><span class='ocrx_word' id='word_1_711' title='bbox 202 4603 278 4650; x_wconf 87' lang='lat' dir='ltr'><strong>ne</strong></span> <span class='ocrx_word' id='word_1_712' title='bbox 328 4586 469 4642; x_wconf 86' lang='lat' dir='ltr'><strong>forte</strong></span> <span class='ocrx_word' id='word_1_713' title='bbox 510 4588 791 4644; x_wconf 87' lang='lat' dir='ltr'><strong>videamur</strong></span> <span class='ocrx_word' id='word_1_714' title='bbox 842 4591 1056 4646; x_wconf 88' lang='lat' dir='ltr'><strong>silentio</strong></span> <span class='ocrx_word' id='word_1_715' title='bbox 1106 4592 1291 4648; x_wconf 87' lang='lat' dir='ltr'><strong>fovere</strong></span> <span class='ocrx_word' id='word_1_716' title='bbox 1336 4593 1645 4658; x_wconf 88' lang='lat' dir='ltr'><strong>adulteros,</strong></span> <span class='ocrx_word' id='word_1_717' title='bbox 1698 4604 1792 4651; x_wconf 92' lang='lat' dir='ltr'><strong>aut</strong></span> 
     </span>
    </p>
   </div>
   <div class='ocr_carea' id='block_1_94' title="bbox 203 4677 1785 4751">
    <p class='ocr_par' dir='ltr' id='par_1_94' title="bbox 203 4677 1785 4751">
     <span class='ocr_line' id='line_1_94' title="bbox 203 4677 1785 4751; baseline 0.007 -20"><span class='ocrx_word' id='word_1_718' title='bbox 203 4677 455 4738; x_wconf 83' lang='lat' dir='ltr'><strong>diabolus</strong></span> <span class='ocrx_word' id='word_1_719' title='bbox 486 4680 578 4749; x_wconf 91' lang='lat' dir='ltr'><strong>qui</strong></span> <span class='ocrx_word' id='word_1_720' title='bbox 616 4679 812 4749; x_wconf 84' lang='lat' dir='ltr'><strong>decipit</strong></span> <span class='ocrx_word' id='word_1_721' title='bbox 845 4680 1118 4736; x_wconf 88' lang='lat' dir='ltr'><strong>adulteros</strong></span> <span class='ocrx_word' id='word_1_722' title='bbox 1146 4683 1211 4738; x_wconf 92' lang='lat' dir='ltr'><strong>de</strong></span> <span class='ocrx_word' id='word_1_723' title='bbox 1239 4682 1497 4738; x_wconf 86' lang='lat' dir='ltr'><strong>adulteris</strong></span> <span class='ocrx_word' id='word_1_724' title='bbox 1526 4686 1785 4751; x_wconf 80' lang='lat' dir='ltr'><strong>exsultet,</strong></span> 
     </span>
    </p>
   </div>
   <div class='ocr_carea' id='block_1_95' title="bbox 202 4769 1792 4842">
    <p class='ocr_par' dir='ltr' id='par_1_95' title="bbox 202 4769 1792 4842">
     <span class='ocr_line' id='line_1_95' title="bbox 202 4769 1792 4842; baseline 0.005 -19"><span class='ocrx_word' id='word_1_725' title='bbox 202 4769 475 4825; x_wconf 85' lang='lat' dir='ltr'><strong>ultoribus</strong></span> <span class='ocrx_word' id='word_1_726' title='bbox 506 4770 630 4823; x_wconf 83' lang='lat' dir='ltr'><strong>andi</strong></span> <span class='ocrx_word' id='word_1_727' title='bbox 656 4787 670 4824; x_wconf 90' lang='lat'><strong>:</strong></span> <span class='ocrx_word' id='word_1_728' title='bbox 704 4769 860 4835; x_wconf 82' lang='lat' dir='ltr'><strong>Quod</strong></span> <span class='ocrx_word' id='word_1_729' title='bbox 886 4771 1027 4825; x_wconf 83' lang='lat' dir='ltr'><strong>Deus</strong></span> <span class='ocrx_word' id='word_1_730' title='bbox 1057 4774 1364 4842; x_wconf 54' lang='lat' dir='ltr'><strong>conjunxit,</strong></span> <span class='ocrx_word' id='word_1_731' title='bbox 1400 4775 1554 4829; x_wconf 86' lang='lat' dir='ltr'><strong>homo</strong></span> <span class='ocrx_word' id='word_1_732' title='bbox 1585 4793 1688 4830; x_wconf 80' lang='lat' dir='ltr'><strong>non</strong></span> <span class='ocrx_word' id='word_1_733' title='bbox 1710 4794 1792 4832; x_wconf 85' lang='lat' dir='ltr'><strong>se-</strong></span> 
     </span>
    </p>
   </div>
   <div class='ocr_carea' id='block_1_96' title="bbox 199 4859 1791 4936">
    <p class='ocr_par' dir='ltr' id='par_1_96' title="bbox 199 4859 1791 4936">
     <span class='ocr_line' id='line_1_96' title="bbox 199 4859 1791 4936; baseline 0.007 -25"><span class='ocrx_word' id='word_1_734' title='bbox 199 4868 393 4930; x_wconf 78' lang='lat' dir='ltr'><strong>paret,</strong></span> <span class='ocrx_word' id='word_1_735' title='bbox 419 4868 471 4914; x_wconf 87' lang='lat' dir='ltr'><strong>ct</strong></span> <span class='ocrx_word' id='word_1_736' title='bbox 503 4860 631 4913; x_wconf 87' lang='lat' dir='ltr'><strong>item</strong></span> <span class='ocrx_word' id='word_1_737' title='bbox 661 4878 673 4913; x_wconf 92' lang='lat'><strong>:</strong></span> <span class='ocrx_word' id='word_1_738' title='bbox 706 4859 809 4926; x_wconf 81' lang='lat' dir='ltr'><strong>Qui</strong></span> <span class='ocrx_word' id='word_1_739' title='bbox 840 4871 1003 4931; x_wconf 82' lang='lat' dir='ltr'><strong>potest</strong></span> <span class='ocrx_word' id='word_1_740' title='bbox 1032 4879 1215 4931; x_wconf 86' lang='lat' dir='ltr'><strong>capere</strong></span> <span class='ocrx_word' id='word_1_741' title='bbox 1240 4864 1434 4934; x_wconf 81' lang='lat' dir='ltr'><strong>capiat.</strong></span> <span class='ocrx_word' id='word_1_742' title='bbox 1464 4865 1615 4936; x_wconf 71' lang='lat' dir='ltr'><strong>Smpe</strong></span> <span class='ocrx_word' id='word_1_743' title='bbox 1640 4882 1791 4921; x_wconf 83' lang='lat' dir='ltr'><strong>nam-</strong></span> 
     </span>
    </p>
   </div>
   <div class='ocr_carea' id='block_1_97' title="bbox 201 4952 1790 5025">
    <p class='ocr_par' dir='ltr' id='par_1_97' title="bbox 201 4952 1790 5025">
     <span class='ocr_line' id='line_1_97' title="bbox 201 4952 1790 5025; baseline 0.008 -25"><span class='ocrx_word' id='word_1_744' title='bbox 201 4961 314 5016; x_wconf 79' lang='lat' dir='ltr'><strong>que</strong></span> <span class='ocrx_word' id='word_1_745' title='bbox 346 4955 646 5016; x_wconf 89' lang='lat' dir='ltr'><strong>temporum</strong></span> <span class='ocrx_word' id='word_1_746' title='bbox 676 4952 1071 5019; x_wconf 85' lang='lat' dir='ltr'><strong>permutatione</strong></span> <span class='ocrx_word' id='word_1_747' title='bbox 1122 4955 1421 5009; x_wconf 85' lang='lat' dir='ltr'><strong>necessitas</strong></span> <span class='ocrx_word' id='word_1_748' title='bbox 1448 4955 1617 5025; x_wconf 85' lang='lat' dir='ltr'><strong>legem</strong></span> <span class='ocrx_word' id='word_1_749' title='bbox 1644 4957 1790 5012; x_wconf 79' lang='lat' dir='ltr'><strong>fran-</strong></span> 
     </span>
    </p>
   </div>
   <div class='ocr_carea' id='block_1_98' title="bbox 200 5036 1791 5113">
    <p class='ocr_par' dir='ltr' id='par_1_98' title="bbox 200 5036 1791 5113">
     <span class='ocr_line' id='line_1_98' title="bbox 200 5036 1791 5113; baseline 0.008 -22"><span class='ocrx_word' id='word_1_750' title='bbox 200 5037 306 5106; x_wconf 83' lang='lat' dir='ltr'><strong>git.</strong></span> <span class='ocrx_word' id='word_1_751' title='bbox 331 5036 469 5104; x_wconf 88' lang='lat' dir='ltr'><strong>Quid</strong></span> <span class='ocrx_word' id='word_1_752' title='bbox 497 5039 643 5094; x_wconf 87' lang='lat' dir='ltr'><strong>enim</strong></span> <span class='ocrx_word' id='word_1_753' title='bbox 674 5039 800 5099; x_wconf 87' lang='lat' dir='ltr'><strong>fecit</strong></span> <span class='ocrx_word' id='word_1_754' title='bbox 827 5040 994 5096; x_wconf 82' lang='lat' dir='ltr'><strong>David</strong></span> <span class='ocrx_word' id='word_1_755' title='bbox 1019 5045 1233 5113; x_wconf 91' lang='lat' dir='ltr'><strong>quando</strong></span> <span class='ocrx_word' id='word_1_756' title='bbox 1262 5046 1491 5100; x_wconf 89' lang='lat' dir='ltr'><strong>esuriit?</strong></span> <span class='ocrx_word' id='word_1_757' title='bbox 1517 5047 1584 5101; x_wconf 85' lang='lat' dir='ltr'><strong>Et</strong></span> <span class='ocrx_word' id='word_1_758' title='bbox 1613 5056 1791 5103; x_wconf 90' lang='lat' dir='ltr'><strong>tamen</strong></span> 
     </span>
    </p>
   </div>
   <div class='ocr_carea' id='block_1_99' title="bbox 202 5126 1791 5205">
    <p class='ocr_par' dir='ltr' id='par_1_99' title="bbox 202 5126 1791 5205">
     <span class='ocr_line' id='line_1_99' title="bbox 202 5126 1791 5205; baseline 0.008 -24"><span class='ocrx_word' id='word_1_759' title='bbox 202 5126 327 5181; x_wconf 87' lang='lat' dir='ltr'><strong>sine</strong></span> <span class='ocrx_word' id='word_1_760' title='bbox 352 5137 578 5197; x_wconf 86' lang='lat' dir='ltr'><strong>peccato</strong></span> <span class='ocrx_word' id='word_1_761' title='bbox 606 5138 709 5184; x_wconf 89' lang='lat' dir='ltr'><strong>est.</strong></span> <span class='ocrx_word' id='word_1_762' title='bbox 751 5131 892 5202; x_wconf 85' lang='lat' dir='ltr'><strong>Ergo</strong></span> <span class='ocrx_word' id='word_1_763' title='bbox 921 5132 975 5185; x_wconf 92' lang='lat' dir='ltr'><strong>in</strong></span> <span class='ocrx_word' id='word_1_764' title='bbox 1010 5135 1276 5205; x_wconf 85' lang='lat' dir='ltr'><strong>ambiguis</strong></span> <span class='ocrx_word' id='word_1_765' title='bbox 1308 5151 1414 5190; x_wconf 91' lang='lat' dir='ltr'><strong>non</strong></span> <span class='ocrx_word' id='word_1_766' title='bbox 1450 5145 1535 5191; x_wconf 90' lang='lat' dir='ltr'><strong>est</strong></span> <span class='ocrx_word' id='word_1_767' title='bbox 1569 5137 1791 5194; x_wconf 82' lang='lat' dir='ltr'><strong>ferenda</strong></span> 
     </span>
    </p>
   </div>
   <div class='ocr_carea' id='block_1_100' title="bbox 202 5220 1792 5302">
    <p class='ocr_par' dir='ltr' id='par_1_100' title="bbox 202 5220 1792 5302">
     <span class='ocr_line' id='line_1_100' title="bbox 202 5220 1792 5302; baseline 0.011 -32"><span class='ocrx_word' id='word_1_768' title='bbox 202 5220 515 5285; x_wconf 90' lang='lat' dir='ltr'><strong>sententia,</strong></span> <span class='ocrx_word' id='word_1_769' title='bbox 563 5222 659 5277; x_wconf 86' lang='lat' dir='ltr'><strong>sed</strong></span> <span class='ocrx_word' id='word_1_770' title='bbox 701 5223 925 5279; x_wconf 87' lang='lat' dir='ltr'><strong>consilia</strong></span> <span class='ocrx_word' id='word_1_771' title='bbox 973 5240 1195 5282; x_wconf 89' lang='lat' dir='ltr'><strong>necesse</strong></span> <span class='ocrx_word' id='word_1_772' title='bbox 1233 5237 1317 5283; x_wconf 91' lang='lat' dir='ltr'><strong>est</strong></span> <span class='ocrx_word' id='word_1_773' title='bbox 1357 5230 1652 5299; x_wconf 89' lang='lat' dir='ltr'><strong>periclitari</strong></span> <span class='ocrx_word' id='word_1_774' title='bbox 1692 5247 1792 5302; x_wconf 88' lang='lat' dir='ltr'><strong>pro</strong></span> 
     </span>
    </p>
   </div>
   <div class='ocr_carea' id='block_1_101' title="bbox 202 5305 1791 5391">
    <p class='ocr_par' dir='ltr' id='par_1_101' title="bbox 202 5305 1791 5391">
     <span class='ocr_line' id='line_1_101' title="bbox 202 5305 1791 5391; baseline 0.009 -30"><span class='ocrx_word' id='word_1_775' title='bbox 202 5305 384 5361; x_wconf 88' lang='lat' dir='ltr'><strong>salute</strong></span> <span class='ocrx_word' id='word_1_776' title='bbox 408 5308 637 5364; x_wconf 89' lang='lat' dir='ltr'><strong>aliorum</strong></span> <span class='ocrx_word' id='word_1_777' title='bbox 662 5328 677 5378; x_wconf 86' lang='lat'><strong>;</strong></span> <span class='ocrx_word' id='word_1_778' title='bbox 704 5312 807 5366; x_wconf 88' lang='lat' dir='ltr'><strong>hac</strong></span> <span class='ocrx_word' id='word_1_779' title='bbox 832 5313 1140 5369; x_wconf 91' lang='lat' dir='ltr'><strong>conditione</strong></span> <span class='ocrx_word' id='word_1_780' title='bbox 1165 5316 1482 5387; x_wconf 87' lang='lat' dir='ltr'><strong>interposita</strong></span> <span class='ocrx_word' id='word_1_781' title='bbox 1503 5358 1518 5385; x_wconf 94' lang='lat'><strong>,</strong></span> <span class='ocrx_word' id='word_1_782' title='bbox 1545 5330 1604 5375; x_wconf 92' lang='lat' dir='ltr'><strong>ut</strong></span> <span class='ocrx_word' id='word_1_783' title='bbox 1629 5321 1675 5375; x_wconf 92' lang='lat' dir='ltr'><strong>ci</strong></span> <span class='ocrx_word' id='word_1_784' title='bbox 1699 5322 1791 5391; x_wconf 91' lang='lat' dir='ltr'><strong>qui</strong></span> 
     </span>
    </p>
   </div>
   <div class='ocr_carea' id='block_1_102' title="bbox 203 5407 1791 5474">
    <p class='ocr_par' dir='ltr' id='par_1_102' title="bbox 203 5407 1791 5474">
     <span class='ocr_line' id='line_1_102' title="bbox 203 5407 1791 5474; baseline 0.009 -17"><span class='ocrx_word' id='word_1_785' title='bbox 203 5418 271 5458; x_wconf 77' lang='lat' dir='ltr'><strong>se</strong></span> <span class='ocrx_word' id='word_1_786' title='bbox 304 5407 651 5462; x_wconf 67' lang='lat' dir='ltr'><strong>continentiae</strong></span> <span class='ocrx_word' id='word_1_787' title='bbox 687 5408 933 5474; x_wconf 89' lang='lat' dir='ltr'><strong>devovit,</strong></span> <span class='ocrx_word' id='word_1_788' title='bbox 970 5412 1117 5467; x_wconf 87' lang='lat' dir='ltr'><strong>nullo</strong></span> <span class='ocrx_word' id='word_1_789' title='bbox 1153 5414 1312 5469; x_wconf 88' lang='lat' dir='ltr'><strong>modo</strong></span> <span class='ocrx_word' id='word_1_790' title='bbox 1343 5416 1672 5472; x_wconf 91' lang='lat' dir='ltr'><strong>concedatur</strong></span> <span class='ocrx_word' id='word_1_791' title='bbox 1704 5431 1791 5471; x_wconf 86' lang='lat' dir='ltr'><strong>sc-</strong></span> 
     </span>
    </p>
   </div>
   <div class='ocr_carea' id='block_1_103' title="bbox 202 5498 1790 5575">
    <p class='ocr_par' dir='ltr' id='par_1_103' title="bbox 202 5498 1790 5575">
     <span class='ocr_line' id='line_1_103' title="bbox 202 5498 1790 5575; baseline 0.006 -22"><span class='ocrx_word' id='word_1_792' title='bbox 202 5498 419 5553; x_wconf 88' lang='lat' dir='ltr'><strong>cuudas</strong></span> <span class='ocrx_word' id='word_1_793' title='bbox 457 5498 594 5554; x_wconf 89' lang='lat' dir='ltr'><strong>inire</strong></span> <span class='ocrx_word' id='word_1_794' title='bbox 616 5503 857 5571; x_wconf 89' lang='lat' dir='ltr'><strong>nuptias,</strong></span> <span class='ocrx_word' id='word_1_795' title='bbox 878 5504 1096 5561; x_wconf 87' lang='lat' dir='ltr'><strong>vivente</strong></span> <span class='ocrx_word' id='word_1_796' title='bbox 1127 5506 1328 5575; x_wconf 87' lang='lat' dir='ltr'><strong>priore.</strong></span> <span class='ocrx_word' id='word_1_797' title='bbox 1358 5526 1376 5558; x_wconf 76' lang='grc' dir='ltr'><strong>ι</strong></span> <span class='ocrx_word' id='word_1_798' title='bbox 1400 5506 1604 5562; x_wconf 91' lang='lat' dir='ltr'><strong>Concil.</strong></span> <span class='ocrx_word' id='word_1_799' title='bbox 1632 5507 1790 5562; x_wconf 90' lang='lat' dir='ltr'><strong>Com-</strong></span> 
     </span>
    </p>
   </div>
   <div class='ocr_carea' id='block_1_104' title="bbox 202 5593 1790 5668">
    <p class='ocr_par' dir='ltr' id='par_1_104' title="bbox 202 5593 1790 5668">
     <span class='ocr_line' id='line_1_104' title="bbox 202 5593 1790 5668; baseline 0.006 -22"><span class='ocrx_word' id='word_1_800' title='bbox 202 5593 533 5663; x_wconf 87' lang='lat' dir='ltr'><strong>pendiense,</strong></span> <span class='ocrx_word' id='word_1_801' title='bbox 565 5610 687 5651; x_wconf 90' lang='lat' dir='ltr'><strong>can.</strong></span> <span class='ocrx_word' id='word_1_802' title='bbox 723 5596 825 5651; x_wconf 78' lang='lat' dir='ltr'><strong>i6:</strong></span> <span class='ocrx_word' id='word_1_803' title='bbox 859 5616 877 5649; x_wconf 78' lang='grc' dir='ltr'><strong>ι</strong></span> <span class='ocrx_word' id='word_1_804' title='bbox 913 5598 971 5653; x_wconf 89' lang='lat' dir='ltr'><strong>Si</strong></span> <span class='ocrx_word' id='word_1_805' title='bbox 997 5599 1082 5653; x_wconf 90' lang='lat' dir='ltr'><strong>vir</strong></span> <span class='ocrx_word' id='word_1_806' title='bbox 1109 5598 1355 5668; x_wconf 89' lang='lat' dir='ltr'><strong>leprosus</strong></span> <span class='ocrx_word' id='word_1_807' title='bbox 1382 5601 1661 5656; x_wconf 89' lang='lat' dir='ltr'><strong>mulierem</strong></span> <span class='ocrx_word' id='word_1_808' title='bbox 1689 5602 1790 5656; x_wconf 75' lang='lat' dir='ltr'><strong>lia-</strong></span> 
     </span>
    </p>
   </div>
   <div class='ocr_carea' id='block_1_105' title="bbox 205 5681 1809 5754">
    <p class='ocr_par' dir='ltr' id='par_1_105' title="bbox 205 5681 1809 5754">
     <span class='ocr_line' id='line_1_105' title="bbox 205 5681 1809 5754; baseline 0.005 -12"><span class='ocrx_word' id='word_1_809' title='bbox 205 5681 339 5742; x_wconf 78' lang='lat' dir='ltr'><strong>beat</strong></span> <span class='ocrx_word' id='word_1_810' title='bbox 365 5698 553 5743; x_wconf 81' lang='lat' dir='ltr'><strong>sanam</strong></span> <span class='ocrx_word' id='word_1_811' title='bbox 572 5726 588 5754; x_wconf 91' lang='lat'><strong>,</strong></span> <span class='ocrx_word' id='word_1_812' title='bbox 618 5687 663 5742; x_wconf 88' lang='lat' dir='ltr'><strong>si</strong></span> <span class='ocrx_word' id='word_1_813' title='bbox 694 5687 809 5744; x_wconf 87' lang='lat' dir='ltr'><strong>vult</strong></span> <span class='ocrx_word' id='word_1_814' title='bbox 840 5689 890 5744; x_wconf 90' lang='lat' dir='ltr'><strong>ei</strong></span> <span class='ocrx_word' id='word_1_815' title='bbox 925 5690 1128 5747; x_wconf 87' lang='lat' dir='ltr'><strong>donare</strong></span> <span class='ocrx_word' id='word_1_816' title='bbox 1162 5700 1521 5750; x_wconf 85' lang='lat' dir='ltr'><strong>commeatum</strong></span> <span class='ocrx_word' id='word_1_817' title='bbox 1554 5701 1612 5745; x_wconf 92' lang='lat' dir='ltr'><strong>ut</strong></span> <span class='ocrx_word' id='word_1_818' title='bbox 1646 5692 1809 5754; x_wconf 62' lang='lat' dir='ltr'><strong>QCCl&#39;,</strong></span> 
     </span>
    </p>
   </div>
   <div class='ocr_carea' id='block_1_106' title="bbox 1897 4597 3475 4668">
    <p class='ocr_par' dir='ltr' id='par_1_106' title="bbox 1897 4597 3475 4668">
     <span class='ocr_line' id='line_1_106' title="bbox 1897 4597 3475 4668; baseline -0.001 -16"><span class='ocrx_word' id='word_1_819' title='bbox 1897 4613 2018 4668; x_wconf 66' lang='lat' dir='ltr'><strong>quae</strong></span> <span class='ocrx_word' id='word_1_820' title='bbox 2038 4638 2052 4663; x_wconf 90' lang='lat'><strong>,</strong></span> <span class='ocrx_word' id='word_1_821' title='bbox 2083 4606 2144 4651; x_wconf 90' lang='lat' dir='ltr'><strong>ut</strong></span> <span class='ocrx_word' id='word_1_822' title='bbox 2172 4598 2275 4659; x_wconf 89' lang='lat' dir='ltr'><strong>ait,</strong></span> <span class='ocrx_word' id='word_1_823' title='bbox 2308 4612 2406 4667; x_wconf 89' lang='lat' dir='ltr'><strong>pro</strong></span> <span class='ocrx_word' id='word_1_824' title='bbox 2433 4597 2781 4652; x_wconf 84' lang='lat' dir='ltr'><strong>matrimonio</strong></span> <span class='ocrx_word' id='word_1_825' title='bbox 2810 4597 3049 4665; x_wconf 83' lang='lat' dir='ltr'><strong>reputari</strong></span> <span class='ocrx_word' id='word_1_826' title='bbox 3080 4610 3186 4650; x_wconf 94' lang='lat' dir='ltr'><strong>non</strong></span> <span class='ocrx_word' id='word_1_827' title='bbox 3211 4602 3475 4665; x_wconf 86' lang='lat' dir='ltr'><strong>possunt,</strong></span> 
     </span>
    </p>
   </div>
   <div class='ocr_carea' id='block_1_107' title="bbox 1896 4685 3479 4759">
    <p class='ocr_par' dir='ltr' id='par_1_107' title="bbox 1896 4685 3479 4759">
     <span class='ocr_line' id='line_1_107' title="bbox 1896 4685 3479 4759; baseline -0.003 -16"><span class='ocrx_word' id='word_1_828' title='bbox 1896 4698 2062 4759; x_wconf 84' lang='lat' dir='ltr'><strong>atque</strong></span> <span class='ocrx_word' id='word_1_829' title='bbox 2102 4704 2196 4743; x_wconf 90' lang='lat' dir='ltr'><strong>eas</strong></span> <span class='ocrx_word' id='word_1_830' title='bbox 2231 4689 2452 4743; x_wconf 88' lang='lat' dir='ltr'><strong>omnino</strong></span> <span class='ocrx_word' id='word_1_831' title='bbox 2493 4702 2614 4743; x_wconf 89' lang='lat' dir='ltr'><strong>esse</strong></span> <span class='ocrx_word' id='word_1_832' title='bbox 2657 4687 3011 4742; x_wconf 88' lang='lat' dir='ltr'><strong>divellendas.</strong></span> <span class='ocrx_word' id='word_1_833' title='bbox 3053 4685 3152 4741; x_wconf 90' lang='lat' dir='ltr'><strong>Cui</strong></span> <span class='ocrx_word' id='word_1_834' title='bbox 3196 4686 3479 4740; x_wconf 58' lang='lat' dir='ltr'><strong>sententia:</strong></span> 
     </span>
    </p>
   </div>
   <div class='ocr_carea' id='block_1_108' title="bbox 1897 4775 3481 4851">
    <p class='ocr_par' dir='ltr' id='par_1_108' title="bbox 1897 4775 3481 4851">
     <span class='ocr_line' id='line_1_108' title="bbox 1897 4775 3481 4851; baseline -0.006 -13"><span class='ocrx_word' id='word_1_835' title='bbox 1897 4780 2263 4851; x_wconf 81' lang='lat' dir='ltr'><strong>suffragantur</strong></span> <span class='ocrx_word' id='word_1_836' title='bbox 2286 4778 2475 4834; x_wconf 86' lang='lat' dir='ltr'><strong>Patres</strong></span> <span class='ocrx_word' id='word_1_837' title='bbox 2499 4777 2711 4834; x_wconf 91' lang='lat' dir='ltr'><strong>concilii</strong></span> <span class='ocrx_word' id='word_1_838' title='bbox 2739 4776 3006 4831; x_wconf 81' lang='lat' dir='ltr'><strong>Valentini</strong></span> <span class='ocrx_word' id='word_1_839' title='bbox 3036 4793 3084 4840; x_wconf 88' lang='grc' dir='ltr'>ι,</span> <span class='ocrx_word' id='word_1_840' title='bbox 3111 4791 3233 4831; x_wconf 92' lang='lat' dir='ltr'><strong>can.</strong></span> <span class='ocrx_word' id='word_1_841' title='bbox 3259 4775 3293 4829; x_wconf 72' lang='grc'><strong>2</strong></span> <span class='ocrx_word' id='word_1_842' title='bbox 3317 4792 3331 4841; x_wconf 92' lang='lat'><strong>;</strong></span> <span class='ocrx_word' id='word_1_843' title='bbox 3360 4775 3481 4829; x_wconf 78' lang='lat' dir='ltr'><strong>Sta-</strong></span> 
     </span>
    </p>
   </div>
   <div class='ocr_carea' id='block_1_109' title="bbox 1895 4863 3478 4944">
    <p class='ocr_par' dir='ltr' id='par_1_109' title="bbox 1895 4863 3478 4944">
     <span class='ocr_line' id='line_1_109' title="bbox 1895 4863 3478 4944; baseline -0.004 -17"><span class='ocrx_word' id='word_1_844' title='bbox 1895 4881 2011 4928; x_wconf 91' lang='lat' dir='ltr'><strong>tuta</strong></span> <span class='ocrx_word' id='word_1_845' title='bbox 2041 4870 2296 4926; x_wconf 73' lang='lat' dir='ltr'><strong>Ecclesia:</strong></span> <span class='ocrx_word' id='word_1_846' title='bbox 2322 4868 2539 4944; x_wconf 80' lang='lat' dir='ltr'><strong>antiqua</strong></span> <span class='ocrx_word' id='word_1_847' title='bbox 2558 4907 2573 4929; x_wconf 91' lang='lat'><strong>,</strong></span> <span class='ocrx_word' id='word_1_848' title='bbox 2599 4882 2720 4922; x_wconf 87' lang='lat' dir='ltr'><strong>can.</strong></span> <span class='ocrx_word' id='word_1_849' title='bbox 2755 4864 2856 4919; x_wconf 77' lang='grc'><strong>105</strong></span> <span class='ocrx_word' id='word_1_850' title='bbox 2880 4882 2892 4919; x_wconf 89' lang='lat'><strong>:</strong></span> <span class='ocrx_word' id='word_1_851' title='bbox 2929 4883 2947 4915; x_wconf 84' lang='grc' dir='ltr'><strong>ι</strong></span> <span class='ocrx_word' id='word_1_852' title='bbox 2979 4865 3117 4919; x_wconf 85' lang='lat' dir='ltr'><strong>Nam</strong></span> <span class='ocrx_word' id='word_1_853' title='bbox 3142 4865 3190 4920; x_wconf 86' lang='lat' dir='ltr'><strong>si</strong></span> <span class='ocrx_word' id='word_1_854' title='bbox 3219 4863 3478 4920; x_wconf 65' lang='lat' dir='ltr'><strong>adulterae</strong></span> 
     </span>
    </p>
   </div>
   <div class='ocr_carea' id='block_1_110' title="bbox 1897 4957 3479 5032">
    <p class='ocr_par' dir='ltr' id='par_1_110' title="bbox 1897 4957 3479 5032">
     <span class='ocr_line' id='line_1_110' title="bbox 1897 4957 3479 5032; baseline -0.004 -14"><span class='ocrx_word' id='word_1_855' title='bbox 1897 4963 2155 5032; x_wconf 87' lang='lat' dir='ltr'><strong>conjuges</strong></span> <span class='ocrx_word' id='word_1_856' title='bbox 2183 4969 2333 5015; x_wconf 88' lang='lat' dir='ltr'><strong>reatu</strong></span> <span class='ocrx_word' id='word_1_857' title='bbox 2364 4967 2491 5014; x_wconf 90' lang='lat' dir='ltr'><strong>sunt</strong></span> <span class='ocrx_word' id='word_1_858' title='bbox 2516 4958 2648 5013; x_wconf 90' lang='lat' dir='ltr'><strong>viris</strong></span> <span class='ocrx_word' id='word_1_859' title='bbox 2679 4957 2791 5012; x_wconf 89' lang='lat' dir='ltr'><strong>suis</strong></span> <span class='ocrx_word' id='word_1_860' title='bbox 2819 4957 3095 5021; x_wconf 73' lang='lat' dir='ltr'><strong>obnoxiae,</strong></span> <span class='ocrx_word' id='word_1_861' title='bbox 3127 4967 3333 5029; x_wconf 89' lang='lat' dir='ltr'><strong>quanto</strong></span> <span class='ocrx_word' id='word_1_862' title='bbox 3361 4972 3479 5011; x_wconf 88' lang='lat' dir='ltr'><strong>ma-</strong></span> 
     </span>
    </p>
   </div>
   <div class='ocr_carea' id='block_1_111' title="bbox 1897 5049 3477 5124">
    <p class='ocr_par' dir='ltr' id='par_1_111' title="bbox 1897 5049 3477 5124">
     <span class='ocr_line' id='line_1_111' title="bbox 1897 5049 3477 5124; baseline -0.004 -17"><span class='ocrx_word' id='word_1_863' title='bbox 1897 5055 1979 5124; x_wconf 89' lang='lat' dir='ltr'><strong>gis</strong></span> <span class='ocrx_word' id='word_1_864' title='bbox 2025 5054 2202 5107; x_wconf 81' lang='lat' dir='ltr'><strong>vidme</strong></span> <span class='ocrx_word' id='word_1_865' title='bbox 2236 5068 2355 5122; x_wconf 73' lang='lat' dir='ltr'><strong>qua:</strong></span> <span class='ocrx_word' id='word_1_866' title='bbox 2388 5051 2796 5119; x_wconf 84' lang='lat' dir='ltr'><strong>religiositatem</strong></span> <span class='ocrx_word' id='word_1_867' title='bbox 2831 5058 3209 5112; x_wconf 87' lang='lat' dir='ltr'><strong>mutaverunt,</strong></span> <span class='ocrx_word' id='word_1_868' title='bbox 3251 5049 3477 5103; x_wconf 89' lang='lat' dir='ltr'><strong>crimine</strong></span> 
     </span>
    </p>
   </div>
   <div class='ocr_carea' id='block_1_112' title="bbox 1897 5139 3477 5209">
    <p class='ocr_par' dir='ltr' id='par_1_112' title="bbox 1897 5139 3477 5209">
     <span class='ocr_line' id='line_1_112' title="bbox 1897 5139 3477 5209; baseline -0.004 -9"><span class='ocrx_word' id='word_1_869' title='bbox 1897 5144 2152 5200; x_wconf 89' lang='lat' dir='ltr'><strong>adulterii</strong></span> <span class='ocrx_word' id='word_1_870' title='bbox 2206 5144 2557 5207; x_wconf 88' lang='lat' dir='ltr'><strong>notabuntur,</strong></span> <span class='ocrx_word' id='word_1_871' title='bbox 2614 5143 2660 5197; x_wconf 92' lang='lat' dir='ltr'><strong>si</strong></span> <span class='ocrx_word' id='word_1_872' title='bbox 2715 5143 3096 5204; x_wconf 86' lang='lat' dir='ltr'><strong>devotionem,</strong></span> <span class='ocrx_word' id='word_1_873' title='bbox 3152 5155 3313 5209; x_wconf 87' lang='lat' dir='ltr'><strong>quam</strong></span> <span class='ocrx_word' id='word_1_874' title='bbox 3364 5139 3477 5194; x_wconf 87' lang='lat' dir='ltr'><strong>Deo</strong></span> 
     </span>
    </p>
   </div>
   <div class='ocr_carea' id='block_1_113' title="bbox 1897 5229 3475 5305">
    <p class='ocr_par' dir='ltr' id='par_1_113' title="bbox 1897 5229 3475 5305">
     <span class='ocr_line' id='line_1_113' title="bbox 1897 5229 3475 5305; baseline -0.004 -13"><span class='ocrx_word' id='word_1_875' title='bbox 1897 5243 2090 5305; x_wconf 90' lang='lat' dir='ltr'><strong>sponte</strong></span> <span class='ocrx_word' id='word_1_876' title='bbox 2117 5250 2225 5289; x_wconf 93' lang='lat' dir='ltr'><strong>non</strong></span> <span class='ocrx_word' id='word_1_877' title='bbox 2251 5241 2435 5288; x_wconf 85' lang='lat' dir='ltr'><strong>coacte</strong></span> <span class='ocrx_word' id='word_1_878' title='bbox 2458 5232 2805 5298; x_wconf 86' lang='lat' dir='ltr'><strong>obtulerunt,</strong></span> <span class='ocrx_word' id='word_1_879' title='bbox 2830 5235 3114 5289; x_wconf 88' lang='lat' dir='ltr'><strong>libidinosa</strong></span> <span class='ocrx_word' id='word_1_880' title='bbox 3135 5229 3475 5299; x_wconf 88' lang='lat' dir='ltr'><strong>corruperint</strong></span> 
     </span>
    </p>
   </div>
   <div class='ocr_carea' id='block_1_114' title="bbox 1896 5318 3473 5397">
    <p class='ocr_par' dir='ltr' id='par_1_114' title="bbox 1896 5318 3473 5397">
     <span class='ocr_line' id='line_1_114' title="bbox 1896 5318 3473 5397; baseline -0.005 -14"><span class='ocrx_word' id='word_1_881' title='bbox 1896 5327 2203 5397; x_wconf 87' lang='lat' dir='ltr'><strong>voluptate,</strong></span> <span class='ocrx_word' id='word_1_882' title='bbox 2240 5333 2401 5395; x_wconf 88' lang='lat' dir='ltr'><strong>atque</strong></span> <span class='ocrx_word' id='word_1_883' title='bbox 2428 5325 2496 5379; x_wconf 89' lang='lat' dir='ltr'><strong>ad</strong></span> <span class='ocrx_word' id='word_1_884' title='bbox 2528 5328 2793 5380; x_wconf 88' lang='lat' dir='ltr'><strong>secundas</strong></span> <span class='ocrx_word' id='word_1_885' title='bbox 2829 5322 3044 5392; x_wconf 87' lang='lat' dir='ltr'><strong>nuptias</strong></span> <span class='ocrx_word' id='word_1_886' title='bbox 3076 5321 3362 5375; x_wconf 88' lang='lat' dir='ltr'><strong>transitum</strong></span> <span class='ocrx_word' id='word_1_887' title='bbox 3392 5318 3473 5376; x_wconf 87' lang='lat' dir='ltr'><strong>fe-</strong></span> 
     </span>
    </p>
   </div>
   <div class='ocr_carea' id='block_1_115' title="bbox 1894 5410 3477 5476">
    <p class='ocr_par' dir='ltr' id='par_1_115' title="bbox 1894 5410 3477 5476">
     <span class='ocr_line' id='line_1_115' title="bbox 1894 5410 3477 5476; baseline -0.004 -1"><span class='ocrx_word' id='word_1_888' title='bbox 1894 5417 2103 5475; x_wconf 80' lang='lat' dir='ltr'><strong>cerint!</strong></span> <span class='ocrx_word' id='word_1_889' title='bbox 2139 5437 2158 5470; x_wconf 81' lang='grc' dir='ltr'><strong>ι</strong></span> <span class='ocrx_word' id='word_1_890' title='bbox 2186 5414 2488 5471; x_wconf 88' lang='lat' dir='ltr'><strong>Concilium</strong></span> <span class='ocrx_word' id='word_1_891' title='bbox 2531 5415 2846 5471; x_wconf 90' lang='lat' dir='ltr'><strong>Toletanum</strong></span> <span class='ocrx_word' id='word_1_892' title='bbox 2876 5430 2915 5476; x_wconf 87' lang='grc' dir='ltr'>ι,</span> <span class='ocrx_word' id='word_1_893' title='bbox 2950 5428 3072 5467; x_wconf 87' lang='lat' dir='ltr'><strong>can.</strong></span> <span class='ocrx_word' id='word_1_894' title='bbox 3111 5411 3217 5476; x_wconf 72' lang='lat'><strong>19;</strong></span> <span class='ocrx_word' id='word_1_895' title='bbox 3249 5410 3477 5468; x_wconf 87' lang='lat' dir='ltr'><strong>Siricius</strong></span> 
     </span>
    </p>
   </div>
   <div class='ocr_carea' id='block_1_116' title="bbox 1895 5501 3472 5578">
    <p class='ocr_par' dir='ltr' id='par_1_116' title="bbox 1895 5501 3472 5578">
     <span class='ocr_line' id='line_1_116' title="bbox 1895 5501 3472 5578; baseline -0.006 -14"><span class='ocrx_word' id='word_1_896' title='bbox 1895 5511 1951 5564; x_wconf 89' lang='lat' dir='ltr'><strong>in</strong></span> <span class='ocrx_word' id='word_1_897' title='bbox 1985 5507 2211 5578; x_wconf 87' lang='lat' dir='ltr'><strong>epistola</strong></span> <span class='ocrx_word' id='word_1_898' title='bbox 2247 5509 2315 5562; x_wconf 92' lang='lat' dir='ltr'><strong>ad</strong></span> <span class='ocrx_word' id='word_1_899' title='bbox 2352 5506 2647 5562; x_wconf 88' lang='lat' dir='ltr'><strong>llimerium</strong></span> <span class='ocrx_word' id='word_1_900' title='bbox 2682 5504 3143 5559; x_wconf 87' lang='lat' dir='ltr'><strong>Tarraconensem</strong></span> <span class='ocrx_word' id='word_1_901' title='bbox 3168 5541 3184 5567; x_wconf 94' lang='lat'><strong>,</strong></span> <span class='ocrx_word' id='word_1_902' title='bbox 3230 5516 3351 5556; x_wconf 87' lang='lat' dir='ltr'><strong>can.</strong></span> <span class='ocrx_word' id='word_1_903' title='bbox 3401 5501 3472 5568; x_wconf 88' lang='lat'><strong>6;</strong></span> 
     </span>
    </p>
   </div>
   <div class='ocr_carea' id='block_1_117' title="bbox 1896 5591 3478 5667">
    <p class='ocr_par' dir='ltr' id='par_1_117' title="bbox 1896 5591 3478 5667">
     <span class='ocr_line' id='line_1_117' title="bbox 1896 5591 3478 5667; baseline -0.003 -12"><span class='ocrx_word' id='word_1_904' title='bbox 1896 5608 2115 5655; x_wconf 80' lang='lat' dir='ltr'><strong>Sanctus</strong></span> <span class='ocrx_word' id='word_1_905' title='bbox 2147 5598 2386 5654; x_wconf 87' lang='lat' dir='ltr'><strong>Joannes</strong></span> <span class='ocrx_word' id='word_1_906' title='bbox 2414 5597 2831 5667; x_wconf 86' lang='lat' dir='ltr'><strong>Chrysostomus</strong></span> <span class='ocrx_word' id='word_1_907' title='bbox 2857 5594 2910 5648; x_wconf 92' lang='lat' dir='ltr'><strong>in</strong></span> <span class='ocrx_word' id='word_1_908' title='bbox 2944 5591 3036 5646; x_wconf 89' lang='lat' dir='ltr'><strong>lib.</strong></span> <span class='ocrx_word' id='word_1_909' title='bbox 3069 5608 3108 5647; x_wconf 90' lang='grc' dir='ltr'><strong>ιι</strong></span> <span class='ocrx_word' id='word_1_910' title='bbox 3137 5593 3204 5648; x_wconf 91' lang='lat' dir='ltr'><strong>ad</strong></span> <span class='ocrx_word' id='word_1_911' title='bbox 3230 5592 3478 5650; x_wconf 89' lang='lat' dir='ltr'><strong>Theodo-</strong></span> 
     </span>
    </p>
   </div>
   <div class='ocr_carea' id='block_1_118' title="bbox 1896 5681 3474 5760">
    <p class='ocr_par' dir='ltr' id='par_1_118' title="bbox 1896 5681 3474 5760">
     <span class='ocr_line' id='line_1_118' title="bbox 1896 5681 3474 5760; baseline -0.004 -14"><span class='ocrx_word' id='word_1_912' title='bbox 1896 5692 2087 5747; x_wconf 86' lang='lat' dir='ltr'><strong>dorum</strong></span> <span class='ocrx_word' id='word_1_913' title='bbox 2114 5691 2324 5760; x_wconf 81' lang='lat' dir='ltr'><strong>lapsum</strong></span> <span class='ocrx_word' id='word_1_914' title='bbox 2354 5702 2477 5743; x_wconf 89' lang='lat' dir='ltr'><strong>cum</strong></span> <span class='ocrx_word' id='word_1_915' title='bbox 2505 5686 2633 5742; x_wconf 89' lang='lat' dir='ltr'><strong>dicit</strong></span> <span class='ocrx_word' id='word_1_916' title='bbox 2659 5702 2674 5738; x_wconf 87' lang='lat'><strong>:</strong></span> <span class='ocrx_word' id='word_1_917' title='bbox 2705 5703 2722 5735; x_wconf 82' lang='grc' dir='ltr'><strong>ι</strong></span> <span class='ocrx_word' id='word_1_918' title='bbox 2750 5683 2855 5742; x_wconf 83' lang='lat' dir='ltr'><strong>Sed</strong></span> <span class='ocrx_word' id='word_1_919' title='bbox 2884 5684 2980 5741; x_wconf 88' lang='lat' dir='ltr'><strong>tibi</strong></span> <span class='ocrx_word' id='word_1_920' title='bbox 3005 5681 3115 5753; x_wconf 79' lang='lat' dir='ltr'><strong>jam</strong></span> <span class='ocrx_word' id='word_1_921' title='bbox 3147 5699 3250 5740; x_wconf 89' lang='lat' dir='ltr'><strong>non</strong></span> <span class='ocrx_word' id='word_1_922' title='bbox 3280 5693 3361 5739; x_wconf 81' lang='lat' dir='ltr'><strong>est</strong></span> <span class='ocrx_word' id='word_1_923' title='bbox 3389 5684 3474 5739; x_wconf 77' lang='lat' dir='ltr'><strong>in-</strong></span> 
     </span>
    </p>
   </div>
  </div>
