3942 6182
457 327 598 386 1155

1562 323 1654 377 AD
1693 319 2235 377 POENI'I'ENTIALE
2277 319 2625 379 THEODORI

3586 325 3736 385 H56

456 458 666 517 tcgrum
685 442 807 514 jura
837 439 1092 496 connubii
1133 453 1350 493 servare
1372 479 1385 502 ,
1417 437 1626 492 caelesti
1661 438 1802 492 enim
1839 450 2040 506 sponso
2067 437 2110 493 A
2143 437 2281 491 votis
2307 452 2434 491 vero
2455 437 2634 491 noxiis
2661 436 2734 489 ita
2758 443 2976 490 sanctus
2998 433 3317 490 Ambrosius
3338 435 3437 491 lib.
3472 452 3488 488 ι
3515 435 3738 491 Olli-cio-

459 535 623 594 semel
645 533 891 603 iunctum
914 571 928 596 ,
959 529 1109 585 illum
1148 529 1484 597 relinquere,
1516 536 1572 583 et
1611 528 1796 582 uxoris
1833 525 2041 595 laqueis

460 623 762 695 implicari,
823 620 1076 675 adulterii
1115 620 1318 673 crimen
1361 619 1639 672 incurrere
1674 625 1758 672 est
1793 635 1805 671 :
1848 632 2041 685 quam-

461 719 544 772 vis
569 715 766 770 millies
804 715 906 768 hoc
947 713 1122 782 ipsum
1160 711 1377 779 nuptias
1416 717 1605 773 vocet,
1637 723 1736 777 ego
1767 715 1949 772 tamen
1987 713 2043 759 et

465 806 730 863 adulterio
768 805 900 858 illud
937 811 1084 857 tanto
1145 803 1300 872 pejus
1345 800 1552 854 atlirmo
1575 840 1589 864 ,
1635 807 1839 868 quanto
1875 796 2047 864 major

466 911 531 950 ac
567 893 759 948 melior
787 891 1108 946 mortalibus
1143 890 1304 944 Deus.
1337 909 1354 941 ›
1381 889 1725 952 Innocentius
1752 887 1804 956 1,
1847 888 1899 940 in
1937 887 2050 956 epi-

465 985 604 1040 stola
658 984 726 1039 ad
779 982 1098 1036 Victricium
1151 981 1466 1050 episcopum
1519 979 2044 1047 Rothomagensem,

469 1091 590 1145 cap.
626 1073 725 1138 I2,
763 1080 919 1126 vocat
955 1071 1173 1140 quidem
1211 1069 1484 1122 adulteras
1518 1083 1612 1122 eas
1646 1082 1765 1136 qua:
1799 1082 1831 1135 a
1867 1081 2048 1121 sacer-.-

472 1167 596 1220 dote
626 1164 844 1219 fuerant
871 1163 1079 1217 velataz.
1113 1160 1218 1214 Sed
1259 1175 1377 1230 cap.
1413 1160 1480 1213 15
1519 1146 1709 1224 statuit
1746 1164 1952 1214 tantum
1993 1164 2052 1223 ut

474 1274 596 1328 qua:
626 1257 678 1310 in
708 1255 985 1326 proposito
1012 1251 1259 1323 virginali
1290 1239 1506 1319 semper
1539 1264 1756 1304 manere
1791 1248 2054 1324 promise-

474 1357 637 1414 runt,
671 1355 725 1401 et
752 1361 873 1415 quae
902 1345 1131 1398 necdum
1161 1358 1318 1397 sacro
1344 1341 1611 1409 velamine
1641 1348 1796 1394 tectae
1823 1347 1977 1404 sunt,
2008 1339 2054 1394 si

481 1438 767 1508 nupserint
791 1477 805 1499 ,
828 1433 1201 1503 pmnitentiam
1238 1432 1513 1500 aliquanto
1557 1439 1796 1500 tempore
1826 1430 2056 1485 debeant

472 1540 752 1600 peragere.
778 1525 918 1577 Idem
943 1529 1188 1586 statuunt
1206 1521 1412 1590 antiqui
1435 1510 1670 1586 canones
1690 1521 2055 1575 Romanorum

474 1606 612 1692 quos
654 1621 739 1673 vir
779 1619 848 1674 cl.
892 1616 940 1671 J.
987 1616 1307 1670 Sirmondus
1349 1617 1578 1686 subjecit
1617 1615 1856 1684 epistolis
1897 1614 2056 1668 Inno-

476 1713 639 1778 centii
679 1711 720 1764 l.
764 1711 896 1764 Vide
937 1724 1059 1763 can.
1095 1709 1120 1762 I
1173 1717 1229 1763 et
1273 1708 1327 1761 2.
1375 1707 1482 1762 Sed
1527 1711 1669 1763 hanc
1706 1708 2057 1777 quaastionem

2148 542 2288 590 rum,
2313 542 2432 596 cap.
2459 526 2564 580 50:
2605 544 2622 576 ι
2651 525 2746 580 Est
2771 525 2935 579 etiam
2978 533 3166 579 contra
3207 524 3438 580 oﬂicium
3478 542 3733 581 nonnuno

2146 635 2306 688 quam
2339 619 2548 674 solvere
2575 617 2918 687 promissum,
2951 625 3344 672 sacramentum
3369 617 3654 672 custodire
3679 628 3738 672 ut

2151 710 2413 779 Herodes.
2445 729 2464 762 ι
2499 708 2636 764 Vide
2662 723 2843 778 supra.

2219 801 2361 871 Ergo
2400 801 2552 870 cujus
2593 815 2731 854 uxor
2764 798 2996 867 infidelis
3025 808 3072 852 et
3109 799 3313 869 gentilis
3345 810 3525 854 etnon
3557 808 3738 869 potest

2151 891 2402 956 converti,
2435 889 2750 959 demittetur.
2791 889 3021 958 Sanctus
3055 892 3404 955 Ambrosius,
3431 891 3524 945 lib.
3548 908 3648 945 vm
3683 894 3737 946 in

2152 983 2308 1047 Luc.,
2330 997 2448 1051 cap.
2480 982 2544 1036 16
2573 1000 2586 1036 :
2633 1001 2652 1032 ι
2678 981 2922 1046 Caeteris,
2962 981 3152 1051 inquit,
3185 997 3284 1051 ego
3312 982 3454 1042 dico.
3489 999 3599 1037 non
3635 984 3740 1038 Do-

2155 1075 2366 1140 minus;
2397 1075 2442 1128 si
2479 1074 2600 1142 quis
2631 1071 2800 1127 frater
2842 1073 3110 1128 inﬁdelem
3142 1073 3304 1128 habet
3333 1089 3561 1128 uxorem
3584 1116 3598 1139 ,
3627 1085 3734 1130 etc.

2156 1165 2340 1235 Itaque
2369 1166 2461 1220 ubi
2491 1175 2575 1218 est
2597 1164 2771 1234 impar
2798 1165 3102 1241 coniugium
3130 1205 3144 1229 ,
3189 1165 3274 1223 lex
3304 1165 3400 1220 Dei
3431 1183 3541 1220 non
3573 1177 3677 1221 est.
3715 1189 3734 1220 υ

2157 1255 2226 1310 Εῑ
2271 1256 2512 1311 addidit:
2548 1273 2567 1306 ‹
2599 1254 2754 1320 Quod
2799 1256 2842 1310 si
2890 1256 3121 1319 inﬁdelis
3161 1256 3420 1324 discedit,
3469 1259 3739 1322 discedat,

2159 1358 2263 1403 etc.
2296 1367 2315 1404 ι
2345 1348 2577 1410 Sanctus
2607 1347 2963 1418 Augustinus,
2986 1347 3080 1401 lib.
3109 1362 3129 1402 ι
3159 1348 3223 1402 dc
3245 1348 3568 1403 adulterinis
3601 1349 3741 1403 Con-

2153 1438 2336 1510 iugiis,
2363 1454 2482 1508 cap.
2515 1439 2580 1501 15
2605 1455 2619 1491 :
2654 1455 2676 1497 ς
2704 1438 2838 1504 Quia
2867 1438 3008 1509 enim
3037 1439 3235 1507 coniux
3259 1439 3434 1494 ﬁdelis
3467 1441 3743 1510 relinque-

2163 1545 2222 1584 re
2259 1528 2538 1598 coniugem
2582 1527 2729 1595 licite
2771 1529 2948 1597 potuit
2973 1528 3243 1583 inﬁdelem
3271 1570 3285 1594 ,
3336 1531 3458 1584 ideo
3485 1530 3605 1584 ﬁeri
3642 1531 3745 1585 hoc

2163 1635 2269 1674 non
2308 1619 2567 1674 Dominus
2594 1659 2608 1688 ,
2657 1619 2752 1674 sed
2776 1618 3066 1689 ApOSlOIUS
3094 1620 3360 1689 prohibet.
3415 1619 3570 1686 Quod
3599 1622 3745 1676 enim

2165 1711 2422 1768 Dominus
2441 1710 2713 1780 prohibet,
2747 1710 2866 1766 ﬁeri
2900 1711 3121 1765 omnino
3144 1727 3249 1766 non
3276 1711 3426 1782 licet,
3459 1721 3566 1784 etc.
3623 1712 3745 1766 Tibi

481 1802 710 1869 miriﬁce
740 1806 942 1854 tractat
969 1807 1190 1853 sanctus
1222 1797 1555 1868 Augustinus
1581 1797 1678 1852 lib.
1706 1798 1773 1851 de
1803 1797 1950 1851 Bono
1981 1797 2062 1851 vi—
2091 1783 2138 1855 Β
2164 1811 2344 1857 autem
2378 1801 2592 1865 videtur
2637 1801 2878 1856 inﬁdeles
2919 1817 3136 1871 quoque
3174 1801 3372 1856 dimitti
3409 1819 3440 1856 a
3498 1801 3752 1858 ﬁdelibus

482 1893 732 1956 duitatis,
767 1892 849 1945 cui
893 1890 1108 1943 videtur
1140 1905 1244 1943 non
1298 1889 1429 1943 satis
1473 1896 1630 1951 acute
1669 1903 1733 1943 ac
1778 1887 2064 1958 diligenter

483 1982 833 2047 considerare
869 1979 996 2047 quid
1041 1979 1256 2045 dicant,
1297 1978 1388 2046 qui
1432 1978 1533 2032 hoc
1572 1977 1869 2047 objicerent
1905 1992 2066 2048 argu-

484 2082 767 2130 mentum:
809 2090 826 2122 ι
862 2071 919 2126 Si
960 2071 1078 2125 viro
1131 2085 1228 2128 suo
1268 2070 1422 2138 vivo,
1485 2085 1604 2139 quae
1658 2068 1815 2138 alteri
1868 2069 2062 2142 nubit,

484 2167 732 2221 adultera
763 2172 877 2227 est,
912 2164 1052 2217 sicut
1079 2163 1193 2231 ipse
1225 2161 1483 2229 Dominus
1513 2161 1566 2214 in
1605 2161 1894 2231 Evangelio
1936 2161 2068 2220 deﬁr

487 2257 607 2315 nit:
653 2255 788 2308 Vivo
831 2268 960 2323 ergo
1000 2251 1241 2316 Christo,
1284 2251 1374 2308 cui
1421 2265 1566 2305 mors
1595 2249 1733 2304 ultra
1763 2265 1869 2304 non
1898 2251 2067 2305 domi-

488 2355 668 2411 natur,
697 2359 818 2414 qua:
845 2341 1153 2411 coniugium
1193 2341 1309 2410 ejus
1349 2340 1618 2415 elegerat,
1653 2339 1700 2394 si
1740 2339 1943 2400 homini
1972 2357 2069 2394 nu-

487 2439 596 2502 bit,
640 2435 887 2490 adultera
942 2441 1044 2487 est.
1087 2432 1188 2499 Qui
1227 2433 1330 2496 hoc
1367 2429 1590 2495 dicunt,
1633 2429 1808 2499 inquit
1848 2441 2068 2483 sanctus

490 2528 853 2598 Augustinus,
906 2532 1066 2579 acute
1114 2523 1334 2593 quidem
1381 2529 1690 2585 moventur,
1739 2521 1833 2575 sed
1879 2536 2069 2591 parum

489 2619 776 2674 attendunt
829 2618 968 2671 hanc
1017 2614 1540 2686 argumentationem
1569 2651 1584 2680 ,
1635 2619 1834 2681 quanta
1888 2624 2072 2676 rerum

491 2717 753 2780 sequatur
797 2705 1122 2760 absurditas.
1168 2705 1304 2766 Cum
1348 2705 1492 2758 enim
1538 2702 1878 2757 laudabiliter
1909 2701 2073 2755 etiam

493 2801 712 2856 vivente
748 2797 868 2851 viro
904 2811 970 2851 ex
1012 2794 1131 2863 ejus
1159 2808 1425 2863 consensu
1457 2792 1844 2860 continentiam
1875 2789 2074 2843 femina

493 2890 716 2950 Christo
763 2893 988 2950 voveat,
1031 2881 1146 2952 jam
1194 2882 1490 2950 secundum
1537 2882 1762 2949 istorum
1811 2878 2076 2932 rationem

497 2981 646 3046 nulla
690 2979 795 3033 hoc
835 2976 1015 3030 facere
1055 2973 1245 3037 debet,
1279 2986 1348 3026 ne
1377 2972 1552 3042 ipsum
1593 2969 1901 3040 Christum,
1933 2966 2077 3044 quod

495 3071 701 3140 sentire
727 3069 880 3123 nefas
905 3077 1020 3133 est,
1047 3066 1352 3135 adulterum
1379 3051 1580 3130 faciat,
1609 3063 1696 3117 cui
1719 3062 1932 3116 vivente
1960 3061 2078 3113 viro

2160 1907 2267 1961 non
2296 1891 2492 1955 licere,
2538 1891 2666 1960 quia
2694 1892 2797 1955 hoc
2823 1900 2969 1956 vetat
2995 1891 3285 1966 Apostolus
3321 1911 3336 1946 :
3369 1909 3494 1948 cum
3528 1909 3632 1964 ego
3672 1894 3753 1947 di-

2162 1999 2282 2052 cam
2307 1983 2498 2052 licere,
2531 1985 2658 2055 quia
2685 1985 2788 2040 hoc
2810 2001 2917 2040 non
2935 1994 3082 2041 vetat
3109 1986 3368 2042 Dominus
3392 2005 3407 2039 :
3440 2003 3547 2040 non
3566 1996 3752 2040 tamen

2163 2075 2436 2144 expedire,
2463 2064 2589 2145 quia
2625 2077 2728 2131 hoc
2757 2086 2817 2131 ut
2840 2093 2945 2131 non
2975 2077 3068 2131 ﬁat
3090 2086 3272 2133 monet
3294 2078 3625 2148 Apostolus:
3659 2078 3754 2147 qui

2165 2167 2341 2239 reddit
2364 2167 2527 2221 etiam
2560 2168 2824 2222 rationem
2860 2184 2958 2223 cur
2982 2168 3100 2222 ﬁeri
3125 2185 3230 2223 non
3260 2171 3536 2239 expediat,
3561 2185 3755 2238 quam-

2164 2257 2247 2313 vis
2279 2257 2458 2312 liceat.
2492 2277 2510 2315 ι
2554 2256 2758 2327 Auctor
2793 2256 3157 2329 Commentar.
3185 2274 3272 2330 ep.
3299 2258 3319 2312 1
3347 2259 3414 2321 ad
3438 2258 3595 2324 Cor.,
3626 2272 3753 2326 cap.

2167 2363 2262 2413 vn,
2300 2348 2439 2417 apud
2464 2347 2847 2403 Ambrosium:
2893 2368 2911 2404 ‹
2939 2349 3280 2420 Propositum
3328 2349 3607 2421 religionis
3654 2364 3756 2403 cu-

2125 2481 2139 2490 .
2169 2441 2334 2495 stodit
2354 2440 2716 2513 praecipiendo
2738 2455 2805 2494 ne
2821 2439 3114 2495 Christiani
3137 2441 3444 2510 relinquant
3467 2439 3752 2512 coniugia:
3807 2448 3814 2453 ‘

2171 2534 2264 2589 sed
2307 2533 2351 2587 si
2393 2531 2624 2587 inﬁdelis
2667 2533 2793 2587 odio
2837 2532 2932 2593 Dei
2980 2531 3232 2598 discedit,
3288 2531 3460 2586 ﬁdelis
3501 2546 3612 2604 non
3650 2529 3759 2596 erit

2171 2640 2298 2684 reus
2324 2624 2566 2680 dissoluti
2593 2624 2945 2690 matrimonii,
2977 2633 3082 2678 etc.
3133 2623 3252 2677 Non
3290 2623 3436 2677 enim
3467 2630 3650 2676 ratum
3675 2629 3759 2675 est

2173 2716 2576 2770 matrimonium
2620 2715 2761 2784 quod
2805 2715 2922 2770 sine
2967 2715 3062 2769 Dei
3107 2714 3389 2769 devotione
3416 2721 3520 2778 est,
3573 2728 3636 2767 ac
3665 2727 3762 2783 per

2175 2807 2281 2861 hoc
2323 2821 2430 2860 non
2480 2813 2566 2860 est
2609 2813 2893 2882 peccatum
2951 2804 3000 2858 ei
3057 2802 3148 2872 qui
3195 2803 3485 2857 dimittitur
3537 2809 3759 2870 propter

2177 2895 2368 2968 Deum,
2401 2896 2447 2950 si
2477 2895 2568 2949 alii
2606 2885 2666 2950 se
2698 2894 2962 2964 iunxerit.
3001 2892 3335 2948 Contumelia
3363 2893 3506 2946 enim
3537 2891 3758 2946 Creato-

2179 2985 2255 3040 ris
2274 2985 2434 3040 solvit
2459 2984 2548 3053 jus
2578 2983 2905 3038 matrimonii
2943 2984 3087 3048 circa
3127 2997 3250 3038 eum
3283 2982 3372 3037 qui
3416 2981 3757 3052 relinquitur,

2180 3089 2250 3130 ne
2279 3083 2565 3129 accusetur
2593 3073 2682 3127 alii
2707 3073 3004 3145 copulatus.
3037 3093 3054 3132 ι

493 3164 680 3231 nubit.
728 3169 834 3216 θῑοο
869 3179 888 3212 ⁹
922 3158 1057 3215 “de
1102 3165 1225 3229 Ροει
1273 3165 1518 3212 sanetum
1565 3153 1922 3224 Augustinum
1955 3166 2079 3206 ⁸³η·-
2255 3164 2317 3220 Si
2358 3166 2547 3236 mulier
2579 3138 2869 3234 discetis—crit
2903 3143 2935 3217 ὰ
2966 3164 3073 3218 viro
3094 3180 3188 3217 suo
3203 3163 3494 3234 despiciam
3522 3179 3665 3225 eum,
3711 3171 3756 3216 et

491 3263 641 3324 ctum
662 3253 898 3307 Leonem
929 3250 982 3304 in
1015 3249 1458 3319 responsionibus
1486 3246 1554 3301 ad
1581 3245 1982 3314 inquisitionem
2012 3241 2076 3296 I5

494 3345 703 3416 Rustici
735 3341 1130 3407 Narbonensis;
1156 3339 1443 3410 concilium
1465 3337 1858 3392 Arausicanum
1881 3351 1921 3400 I,
1953 3349 2074 3388 can.

494 3435 699 3501 2-5-28;
737 3435 1001 3505 synodum
1033 3432 1204 3487 sancti
1229 3430 1476 3496 Patricii,
1510 3445 1631 3498 can.
1667 3429 1766 3494 I7;
1791 3428 2078 3484 concilium

495 3528 934 3584 Chalcedonense
961 3565 974 3590 ,
1011 3540 1132 3579 can.
1180 3524 1276 3589 16;
1325 3524 1614 3578 concilium
1652 3520 1970 3576 Arelatense
2017 3534 2077 3588 II,

501 3633 601 3681 can
628 3617 688 3670 51
713 3632 728 3680 ;
758 3615 1044 3671 concilium
1072 3614 1482 3684 Andegavense,
1523 3630 1645 3668 can.
1675 3613 1741 3680 5;
1794 3611 2079 3668 concilium

503 3707 832 3761 Turonicum
873 3723 913 3770 ι,
944 3722 1066 3760 can.
1097 3705 1130 3758 6
1149 3746 1162 3770 ,
1191 3720 1257 3759 ex
1288 3721 1336 3759 c.
1375 3706 1444 3771 7;
1495 3705 1709 3760 concilii
1752 3703 2083 3774 Arelatensis

502 3816 556 3867 iv
584 3799 725 3867 apud
760 3797 978 3851 Ivonem
1000 3796 1136 3850 libro
1167 3812 1246 3858 ιιι,
1277 3803 1333 3850 et
1355 3795 1508 3862 Crat.
1544 3811 1714 3866 xxvii,
1738 3812 1792 3866 q.
1830 3797 1891 3860 I;
1928 3794 2085 3866 Sym-

504 3887 758 3951 machum
800 3899 995 3955 papam
1032 3885 1085 3938 in
1113 3884 1340 3955 epistola
1378 3885 1428 3950 7,
1459 3887 1524 3939 ad
1556 3885 1846 3942 Caesarium
1878 3885 2085 3954 episco-

503 3994 632 4052 pum
656 3977 1052 4043 Arelatensem,
1075 3992 1199 4032 can.
1235 3977 1269 4030 4
1297 3985 1352 4030 et
1377 3976 1442 4041 5;
1467 3978 1754 4032 concilium
1779 3978 2084 4036 Parisiense

504 4087 588 4140 ιιι,
615 4086 734 4125 can.
762 4070 825 4135 5;
870 4069 1160 4124 concilium
1190 4069 1508 4133 Turonense
1538 4087 1596 4134 ιι,
1648 4086 1771 4124 can.
1812 4069 1879 4124 I5
1907 4077 1962 4123 et
1990 4070 2080 4135 20,

505 4162 598 4226 ubi
623 4161 804 4232 plures
831 4175 1067 4215 canones
1090 4176 1250 4230 supra
1278 4161 1429 4214 citati
1453 4160 1780 4216 referuntur.

577 4251 720 4322 Ergo
747 4268 906 4304 unam
940 4241 1203 4304 licentiam
1241 4251 1384 4321 dedit
1413 4251 1734 4305 Theodorus.
1777 4251 1870 4306 Sic
1907 4251 2087 4307 Theo-

507 4342 672 4409 dorus
707 4357 764 4396 se
813 4341 988 4411 ipsum
1018 4342 1150 4395 citat
1198 4357 1318 4412 cap,
1360 4341 1430 4413 I2
1463 4360 1476 4396 :
1515 4361 1534 4406 ς
1563 4343 1878 4404 Theodorus
1912 4345 2082 4399 dicit:

495 4430 618 4500 Nos
659 4445 792 4485 vero
830 4446 928 4500 per
967 4431 1414 4495 misericordiam.
1462 4440 1568 4486 etc.
1600 4453 1618 4484 ι
1673 4433 1740 4486 Ει
1783 4435 1836 4488 in
1859 4433 2087 4489 concilio

511 4520 965 4592 Herutfordiensi,
991 4522 1131 4591 apud
1161 4522 1361 4587 Bedam
1387 4522 1480 4578 lib.
1512 4523 1650 4595 Hist,
1681 4540 1758 4593 ιν,
1790 4539 1910 4596 cap.
1948 4527 2002 4592 5,
2033 4534 2088 4589 et

511 4613 654 4683 apud
677 4611 1070 4682 Burchardum,
1101 4611 1194 4670 lib.
1222 4627 1354 4676 xvii,
1382 4628 1432 4679 c.
1461 4613 1553 4668 39.

585 4701 707 4770 Ipse
735 4701 1005 4773 episcopus
1049 4701 1201 4755 habet
1238 4711 1543 4772 potestatem
1585 4712 1808 4772 mutare.
1861 4704 2092 4761 Maxime

513 4789 562 4857 si
612 4798 796 4856 votum
841 4799 926 4844 est
974 4799 1068 4844 aut
1113 4790 1352 4860 ineptum
1379 4831 1394 4856 ,
1441 4799 1535 4845 aut
1578 4793 1818 4863 noxium.
1861 4792 2092 4860 Sanctus

515 4875 748 4946 Basilius
789 4877 854 4930 de
889 4879 1031 4948 votis
1063 4879 1299 4951 ineptis,
1353 4881 1407 4934 in
1445 4895 1533 4951 ep.
1562 4883 1630 4941 ad
1657 4882 2091 4953 Amphilochium

517 4981 640 5032 can.
670 4965 777 5021 28:
821 4984 840 5016 ι
867 4966 999 5021 Illud
1036 4970 1254 5037 quidem
1295 4971 1426 5040 mihi
1455 4957 1632 5037 visum
1664 4980 1746 5036 est
1785 4972 2090 5042 ridiculum,

515 5069 714 5114 vovere
747 5055 980 5124 aliquem
1007 5071 1039 5110 a
1068 5059 1322 5127 carnibus
1349 5060 1521 5123 suillis
1552 5062 1845 5129 abstinere.
1894 5062 2094 5129 Quam:

515 5147 704 5209 obrem
729 5145 953 5216 dignare
980 5160 1074 5201 eos
1094 5147 1286 5203 docere
1318 5161 1379 5220 ut
1405 5153 1476 5215 ab
1500 5152 1695 5226 ineptis
1720 5156 1859 5221 votis
1893 5162 1947 5208 et
1971 5169 2096 5223 pro-

517 5239 702 5309 missis
730 5239 1072 5305 abstineant,
1101 5255 1261 5295 usum
1292 5243 1508 5310 quidem
1551 5259 1672 5299 esse
1700 5243 2095 5301 indiﬂ‘erentem

517 5331 790 5414 permitte.
844 5329 1002 5386 Nulla
1046 5331 1188 5386 enim
1236 5331 1331 5386 Dei
1373 5341 1621 5387 creatura
1662 5342 1746 5390 est
1786 5335 2093 5416 rejicienda,

517 5440 638 5493 qua:
661 5439 782 5479 cum
815 5427 1116 5496 gratiarum
1145 5426 1358 5480 actione
1389 5427 1673 5496 accipitur.
1708 5426 1889 5494 Quare
1913 5436 2096 5482 votum

518 5521 604 5568 est
630 5514 937 5580 ridiculum,
968 5517 1296 5572 abstinentia
1331 5531 1437 5572 non
1469 5525 1554 5572 est
1575 5521 1904 5574 necessaria.
1935 5539 1954 5572 ι
2006 5518 2098 5574 Sic

523 5611 746 5658 sanctus
782 5605 1018 5660 Basilius
1055 5608 1306 5662 hortatur
1324 5607 1756 5679 Amphilochium
1787 5611 2097 5680 episcopum

527 5697 587 5745 ut
613 5701 783 5760 mutet
815 5703 870 5747 et
917 5695 1089 5764 solvat
1116 5706 1241 5765 vota
1278 5699 1380 5767 ista
1407 5698 1586 5769 inepta
1626 5708 1681 5753 et
1718 5699 1961 5755 ridicula.
2022 5701 2098 5772 De

2180 3255 2357 3311 nolens
2388 3267 2636 3310 revertere
2662 3295 2675 3309 .
2710 3295 2723 3308 .
2757 3295 2772 3310 .
2805 3254 2964 3309 aliam
3027 3257 3262 3326 accipere
3307 3255 3463 3307 liceat
3519 3270 3755 3306 uxorm.

2179 3345 2333 3414 Quod
2353 3348 2492 3403 idem
2521 3348 2725 3402 habent
2752 3346 3144 3415 Excerptiones
3178 3345 3395 3416 Egberti
3424 3343 3655 3398 Eborac.
3682 3359 3760 3396 ar-

2180 3439 2596 3509 chiepiscopi,.c.
2627 3438 2756 3504 I22;
2783 3437 3073 3493 concilium
3097 3435 3493 3500 Vermeriense,
3519 3452 3644 3491 can.
3663 3436 3716 3490 Il
3741 3455 3752 3488 :

2187 3548 2206 3588 ι
2236 3529 2294 3584 Si
2320 3530 2442 3600 quis
2467 3530 2796 3584 necessitate
2827 3527 3124 3598 inevitabili
3147 3537 3372 3604 cogente
3397 3529 3450 3581 in
3476 3528 3642 3598 alium
3666 3527 3755 3579 du-

2163 3628 2361 3676 catum
2393 3635 2488 3676 seu
2514 3619 2851 3689 provinciam
2877 3618 3094 3693 fugerit,
3141 3628 3235 3672 aut
3263 3621 3538 3673 seniorem
3583 3633 3754 3678 suum,

2182 3711 2269 3766 cui
2293 3711 2453 3783 ﬁdem
2475 3711 2693 3770 mentiri
2712 3726 2819 3764 non
2844 3718 3076 3779 poterat,
3104 3718 3320 3764 secutus
3351 3709 3535 3774 fuerit,
3552 3717 3608 3764 et
3631 3725 3760 3762 uxor

2184 3799 2324 3870 eius,
2372 3816 2494 3855 cum
2524 3801 2668 3872 vaiet
2691 3809 2749 3868 et
2778 3808 2975 3871 potest,
3011 3815 3194 3856 amore
3222 3811 3511 3870 parentum
3549 3809 3641 3854 aut
3689 3814 3762 3853 re-

2183 3908 2305 3946 rum
2333 3908 2710 3959 suarum,eum
2742 3893 2894 3963 sequi
2911 3893 3295 3962 noluerit,ipsa
3321 3896 3471 3949 omni
3502 3903 3758 3967 tempore,

2186 3984 2423 4052 quandiu
2446 3985 2531 4038 vir
2556 3985 2693 4054 ejus,
2723 3999 2883 4054 quem
2927 3993 3111 4039 secuta
3143 4001 3249 4038 non
3273 3984 3392 4048 fuit,
3435 3985 3590 4048 vivit,
3630 3998 3763 4038 sem—

2185 4066 2283 4148 per
2326 4077 2549 4147 innupta
2574 4083 2909 4146 permaneat.
2975 4075 3108 4147 Nam
3143 4076 3228 4145 ille
3256 4076 3341 4130 vir
3383 4076 3502 4146 ejus
3533 4077 3628 4146 qui
3680 4089 3763 4130 ne

2194 4167 2442 4222 cessitate
2475 4174 2697 4237 cogente
2727 4165 2781 4218 in
2812 4163 2975 4219 alium
3023 4164 3198 4230 locum
3223 4164 3378 4236 fugit,
3430 4165 3476 4219 si
3513 4181 3576 4220 se
3607 4164 3764 4218 absti-

2189 4271 2320 4311 nere
2343 4271 2449 4310 non
2477 4262 2676 4325 potest,
2705 4255 2866 4309 aliam
2909 4270 3135 4328 uxorem
3174 4271 3297 4309 cum
3321 4257 3648 4325 paenitentia

2192 4355 2300 4402 test
2324 4346 2589 4414 accipere.
2631 4364 2650 4397 ι
2700 4345 2870 4415 Batio-
2888 4360 3050 4415 quam
3093 4343 3250 4399 affert
3271 4344 3544 4414 Egbertus
3571 4345 3766 4416 Ebora-

2191 4438 2371 4492 censis
2395 4451 2515 4490 can.
2532 4437 2880 4514 supracitato,
2909 4434 2998 4490 illa
3023 4442 3136 4490 est:
3167 4454 3184 4487 ‹
3214 4434 3349 4490 Cum
3363 4449 3641 4504 consensu
3663 4435 3767 4504 epi-

2191 4528 2359 4597 scopi,
2401 4518 2600 4597 inquit,
2647 4528 2766 4597 ipse
2795 4527 2952 4602 aliam
2991 4527 3224 4598 accipiat
3247 4541 3496 4600 uxorem,
3531 4527 3582 4596 si
3604 4525 3770 4580 conti-

2192 4633 2328 4672 nens
2355 4630 2476 4672 esse
2497 4631 2606 4670 non
2647 4609 2863 4686 poterit,
2896 4625 2953 4674 et
2987 4618 3248 4687 pceniteat
3292 4624 3404 4687 tres
3447 4632 3649 4680 annos,
3690 4614 3770 4669 vel

2179 4710 2352 4763 etiam
2381 4708 2620 4777 quandiu
2643 4708 2865 4773 vixerit,
2887 4708 3012 4780 quia
3039 4705 3191 4799 iuxta
3216 4708 3550 4779 sententiam
3564 4707 3770 4762 Domini

2191 4799 2438 4868 moechus
2464 4797 2864 4869 comprobatur.
2911 4817 2928 4859 ι

2264 4889 2322 4945 Si
2348 4891 2405 4944 in
2430 4878 2728 4960 captiuitate
2758 4904 2850 4959 per
2878 4889 2980 4942 vim
3003 4888 3161 4941 ducta
3194 4886 3380 4944 redimi
3431 4903 3538 4941 non
3590 4894 3768 4955 potest,

2191 4989 2306 5052 post
2341 4996 2537 5037 annum
2565 4979 2787 5044 alteram
2818 4979 3068 5050 accipere.
3127 4976 3280 5044 Quod
3323 4975 3774 5030 conﬁrmantEx-

2192 5071 2498 5143 cerptipnes
2523 5068 2744 5137 Egberti
2766 5067 3139 5137 Eboracensis,
3160 5082 3283 5121 can.
3313 5065 3450 5138 I22;
3471 5066 3571 5120 sed
3599 5065 3669 5119 ab
3681 5067 3775 5119 hoc

2193 5159 2518 5232 dissentiunt
2541 5159 2720 5238 plures
2745 5157 2954 5224 Patres.
3025 5156 3254 5227 Sanctus
3285 5156 3520 5222 Basilius
3573 5157 3633 5211 in
3672 5156 3774 5224 epi-

2195 5249 2331 5319 stola
2353 5241 2612 5317 canonica
2644 5247 2711 5302 ad
2747 5247 3200 5321 Amphilochium,
3223 5262 3273 5318 c_.
3299 5247 3398 5321 3t;
3446 5244 3776 5316 TheOphilus

2193 5338 2588 5409 Alexandrinus
2616 5336 2670 5405 in
2693 5336 3050 5406 Responsion.
3084 5337 3150 5390 ad
3175 5336 3493 5405 interrogat.
3521 5335 3626 5397 I5;
3651 5349 3763 5388 san-

2196 5436 2314 5482 ctus
2335 5425 2621 5496 Augustin.
2633 5466 2647 5498 ,
2670 5425 2761 5479 lib.
2789 5441 2828 5490 ιι
2859 5426 2926 5480 de
2956 5424 3271 5496 adulterinis
3311 5424 3626 5496 Coniugiis;
3654 5440 3778 5480 cou-

2198 5517 2381 5571 cilium
2407 5514 2794 5569 Aurelianense
2823 5530 2887 5578 ιι,
2917 5529 3038 5586 can.
3076 5513 3161 5566 11.

2271 5606 2621 5659 Posteriorem
2667 5605 2914 5660 dimittat.
2976 5603 3322 5668 Innocentius
3361 5605 3380 5658 1
3417 5604 3472 5657 in
3511 5605 3672 5674 epist.
3708 5601 3775 5655 ad

2197 5698 2467 5770 Probum:
2527 5716 2545 5748 ι
2581 5697 2712 5752 Cum
2743 5697 2908 5767 enim,
2959 5696 3150 5766 inquit,
3205 5696 3260 5748 in
3306 5697 3624 5768 captivitate
3642 5709 3774 5770 prr-
