3968 6180
239 310 378 366 ΙΙΣΞἸ

1409 308 1627 364 OBSEB
1641 305 1981 362 VATlONES
2021 306 2107 360 ET
2149 305 2354 363 ΝΟΤᾸΞ
2367 347 2382 362 .

3365 310 3501 382 uss

232 427 383 481 dicta
417 424 550 479 L'rsa
580 423 772 476 mulier
815 429 1104 487 teneretur,
1158 422 1300 478 aliud
1334 425 1644 494 coniugium
1688 438 1812 478 cum
1844 425 1885 479 Α
1919 422 2292 479 admistionem
2324 423 2554 494 propriae
2588 422 2850 492 conjugis,
2879 421 3154 478 ctlavaeri
3176 425 3507 494 puriﬁcatio-

234 513 489 568 restituta
540 511 830 567 Fortunius
874 521 1206 567 memoratus
1255 514 1421 568 inisse
1454 514 1818 584 cognoscitur.

233 605 348 659 Sed
382 603 566 656 favore
595 600 830 666 Domini,
882 617 1099 656 reversa
1133 602 1268 657 Ursa
1292 619 1390 658 nos
1418 604 1570 670 adiit,
1601 611 1656 659 et
1678 603 1822 658 nullo

231 695 520 758 dillitente,
560 709 786 748 uxorem
811 709 870 748 se
893 695 1178 748 memorati
1203 712 1324 751 esse
1349 699 1647 767 perdocuit.
1706 698 1821 765 Qua

232 788 305 842 de
342 801 424 849 re,
455 785 670 839 domine
696 784 793 848 ﬁli,
848 785 1040 838 merito
1069 786 1312 852 illustris,
1374 789 1681 852 statuimus,
1719 789 1824 843 ﬁde

231 874 505 930 catholica
534 872 884 942 suffragante,
923 874 1048 927 illud
1078 889 1198 929 esse
1223 876 1528 947 coniugium
1554 880 1695 946 qqu
1717 878 1826 946 pri-

233 967 406 1020 mitus
423 964 725 1034 eratgratia
742 964 922 1016 divina
947 963 1226 1018 fundatum
1249 983 1262 1018 :
1290 975 1722 1036 conventumque
1738 983 1824 1020 se-

234 1056 432 1110 cundae
456 1053 719 1117 mulieris,
748 1053 929 1121 priore
966 1055 1276 1121 superstite,
1325 1069 1425 1110 nec
1451 1055 1682 1110 divortio
1709 1055 1822 1126 eie-

232 1153 347 1207 cta,
376 1143 524 1197 nullo
547 1151 709 1211 pacto
732 1157 893 1212 posse
919 1157 1040 1196 esse
1072 1142 1389 1213 legitimum.
1427 1165 1444 1197 ι
1478 1145 1575 1200 Cui
1600 1161 1823 1215 respon-

232 1235 378 1289 sioni
406 1232 549 1286 favet
566 1232 676 1286 Leo
698 1233 786 1285 lin
807 1232 966 1302 epist.
983 1232 1051 1286 ad
1064 1231 1308 1291 Nicetam
1331 1235 1641 1305 episcopum
1663 1235 1824 1305 Aqui-

231 1323 516 1387 leiensem,
547 1337 668 1392 cap.
705 1321 822 1376 1-4.

307 1412 376 1466 In
408 1413 560 1465 tertia
581 1411 964 1482 propinquitate
995 1412 1190 1465 carnis.
1241 1412 1396 1466 Hunc
1427 1413 1602 1468 locum
1633 1414 1818 1468 Raba-

232 1517 340 1555 nus
369 1501 426 1554 in
453 1501 681 1570 epistola
724 1501 791 1553 ad
821 1500 1173 1556 Humbertum
1223 1503 1534 1572 episcopum
1561 1505 1819 1573 praeclare

1927 525 2052 566 nem
2105 527 2375 581 quaerere,
2424 520 2478 566 et
2527 515 2594 566 ab
2648 513 2893 582 ingressu
2939 513 3183 568 ecclesiae
3227 516 3502 585 paululum

1925 614 2236 657 reverenter
2278 604 2601 659 abstinere:
2665 619 2767 659 nec
2811 605 2926 660 hcce
2983 606 3224 662 dicentes
3274 607 3504 676 deputa-

1925 705 2044 746 mus
2069 689 2279 760 culpam
2314 707 2436 747 esse
2482 692 2787 762 coniugium
2819 708 2832 747 :
2877 677 2978 748 ’sed
3029 696 3154 763 quia
3213 695 3327 763 ipsa
3357 697 3502 751 lic‘ta

1923 783 2232 838 commistio
2307 783 2590 854 coniugum
2647 786 2764 838 sine
2831 786 3102 855 voluptate
3149 789 3330 841 carnis
3387 788 3502 844 ﬁert

1925 887 2031 926 non
2085 881 2280 942 potest,
2331 890 2360 926 a
2385 875 2527 929 sacri
2556 873 2656 928 loci
2702 873 2948 942 ingressu
2989 875 3370 931 abstinendum
3399 886 3502 942 est,

1921 964 2046 1031 quia
2088 964 2335 1031 voluptas
2362 964 2477 1032 ipsa
2519 979 2641 1018 esse
2691 965 2806 1016 sine
2853 965 3008 1032 culpa
3063 967 3366 1022 nullatenus
3409 984 3506 1038 po-

1924 1061 2050 1106 test.
2084 1071 2102 1104 ι

1991 1141 2061 1194 Et
2100 1151 2280 1211 postea
2327 1143 2516 1196 dixerit
2565 1143 2754 1197 mulier
2806 1146 2869 1198 de
2921 1147 3027 1199 viro
3080 1163 3173 1199 suo
3207 1165 3306 1200 non
3332 1166 3500 1218 posse.

1922 1230 2054 1284 Vide
2069 1232 2354 1286 concilium
2374 1232 2901 1298 Vermeriense,can.
2927 1238 2985 1290 l7
3007 1255 3020 1301 ;
3039 1239 3327 1294 concilium
3354 1241 3507 1296 Com-

1918 1323 2234 1397 pendiense,
2275 1341 2396 1380 can.
2435 1326 2530 1389 l7;
2575 1327 2856 1396 epistolam
2899 1328 3105 1383 Rubani
3149 1332 3214 1384 ad
3262 1332 3505 1386 Heribal-

1918 1418 2067 1481 dum,
2091 1433 2141 1474 c.
2165 1417 2273 1471 ‘29:
2329 1436 2346 1467 ι
2383 1417 2534 1485 Quod
2587 1429 2766 1474 autem
2817 1421 3158 1492 interrogasti
3207 1425 3272 1476 de
3294 1424 3377 1478 his
3409 1427 3500 1493 qui

1919 1509 2265 1565 matrimonio
2304 1507 2478 1576 juncti
2519 1517 2643 1564 sunt
2689 1519 2741 1563 et
2788 1512 2935 1566 coire
2980 1528 3085 1566 non
3132 1524 3383 1581 possunt,
3435 1533 3504 1570 an

231 1592 458 1660 exponit
491 1593 574 1646 his
600 1592 778 1646 verbis
810 1607 825 1646 :
882 1611 900 1644 ι
938 1591 1198 1648 Similiter
1231 1604 1286 1649 et
1315 1596 1368 1650 in
1411 1595 1677 1651 Theodori
1731 1613 1818 1652 ar.-
1916 1597 2007 1652 ille
2046 1599 2208 1652 aliam
2238 1598 2321 1652 vel
2348 1598 2434 1652 illa
2474 1599 2637 1653 alium
2667 1602 2863 1656 ducere.
2893 1604 3082 1671 possit.
3137 1604 3342 1670 Quibus
3371 1608 3507 1661 seri-

233 1682 565 1750 chiepiscopi
586 1683 754 1752 gestis
774 1681 1065 1753 Anglorum
1103 1684 1369 1752 capitulis,
1403 1700 1525 1754 qua:
1542 1685 1608 1739 de
1629 1701 1814 1741 neces-.-
1857 1765 1862 1766 7
1913 1698 2063 1756 ptum
2091 1697 2174 1744 est
2206 1707 2218 1742 :
2280 1688 2376 1742 Vir
2405 1698 2459 1743 et
2486 1690 2678 1745 mulier
2729 1693 2772 1746 si
2805 1707 2864 1746 se
2895 1693 3298 1760 conjunverint.
3327 1705 3379 1750 et
3406 1714 3504 1766 po-

235 1773 399 1826 sariis
437 1773 762 1840 conscripsit
801 1773 982 1837 rebus,
1030 1773 1332 1830 invenimus
1371 1775 1513 1843 quod
1550 1774 1604 1828 in
1653 1776 1814 1829 tertia
1852 1765 1888 1821 li
1917 1785 2031 1830 stea
2072 1778 2270 1830 dixerit
2318 1778 2510 1832 mulier
2538 1779 2603 1833 de
2655 1781 2773 1836 viro
2815 1782 2958 1850 quod
2988 1798 3091 1836 non
3145 1786 3314 1852 possit
3359 1765 3506 1842 coire

231 1863 638 1933 propinquitate
666 1862 846 1916 carnis
869 1864 1162 1916 secundum
1177 1864 1393 1918 GI'IECOS
1419 1865 1575 1921 liceat
1597 1865 1818 1929 nubere,

236 1953 292 2007 in
323 1953 512 2022 quinta
544 1954 839 2008 secundum
871 1941 1162 2008 Rom'anos.
1236 1953 1336 2020 Qui
1370 1965 1547 2018 tamen
1571 1957 1819 2026 coniugia

235 2043 290 2096 in
317 2043 475 2097 tertia
498 2044 896 2113 propinquitate
922 2042 1060 2098 facta
1083 2060 1190 2097 non
1226 2045 1514 2110 solverent,
1567 2047 1610 2101 si
1661 2056 1819 2101 antea

234 2138 304 2190 ab
329 2135 1004 2203 inscientibuscomparata
1034 2135 1278 2201 fuissent,
1295 2139 1678 2208 mqualitcrque
1694 2154 1820 2196 cano.

225 2228 557 2299 iungeretur
597 2229 680 2282 vir
707 2229 761 2282 in
809 2231 1156 2283 matrimonio
1211 2231 1293 2284 his
1333 2231 1422 2299 qui
1467 2229 1569 2282 sibi
1598 2244 1822 2283 consan-

231 2320 418 2389 guinei
460 2328 607 2384 sunt,
653 2328 708 2374 et
735 2321 918 2376 uxoris
949 2335 1059 2374 suae
1087 2320 1503 2389 consanguineis
1531 2327 1653 2388 post
1683 2335 1821 2374 tuor-

231 2418 345 2464 tem
371 2412 578 2475 uxoris,
610 2419 716 2465 etc.
764 2411 932 2480 Igitur
962 2412 1085 2480 quia
1115 2427 1144 2464 a
1168 2427 1283 2479 mea
1307 2412 1576 2480 parvitate
1603 2411 1816 2465 voluisti

230 2501 369 2570 quid
397 2501 658 2560 sentirem
679 2502 745 2555 de
768 2502 869 2558 hac
900 2518 980 2566 re,
1028 2501 1122 2555 tibi
1144 2502 1388 2564 rescribi,
1414 2513 1634 2570 propter
1656 2501 1812 2572 fragi-

231 2591 444 2648 litatem
470 2593 750 2662 prtesentis
783 2595 1039 2662 temporis
1069 2609 1191 2647 reor
1210 2593 1312 2646 hoc
1339 2593 1481 2662 qu’od
1505 2595 1818 2648 Theodorus

227 2683 539 2752 episcopus,
600 2683 740 2738 inter
767 2684 1083 2752 Gregorium
1113 2684 1450 2738 etlsidorum
1503 2686 1709 2739 medius
1733 2687 1816 2739 in-

226 2773 457 2837 cedens,
480 2773 532 2826 in
551 2774 664 2827 suis
709 2773 956 2842 capitulis
987 2772 1225 2828 deﬁnivit
1263 2774 1435 2843 magis
1463 2775 1814 2842 sequendmn,

227 2873 295 2917 ut
324 2865 514 2935 quinta
546 2866 892 2934 generatione
933 2864 1046 2932 iam
1074 2866 1278 2919 licitum
1331 2866 1654 2920 connubinm
1689 2866 1812 2920 ﬁat:

233 2953 363 3023 quia
391 2969 495 3007 non
523 2956 603 3007 lex
633 2955 812 3008 divina
853 2955 977 3009 huic
1000 2956 1344 3018 contradicit,
1377 2972 1477 3009 nec
1505 2957 1668 3010 etiam
1694 2959 1818 3011 san.-

232 3051 446 3098 ctorum
475 3041 697 3098 Patrum
720 3044 861 3098 dicta
887 3045 990 3099 hoc
1026 3046 1332 3114 prohibent.
1389 3045 1444 3100 Si
1469 3055 1646 3100 autem
1677 3054 1730 3100 et
1759 3047 1812 3102 in

1922 1880 2045 1922 eum
2095 1879 2159 1919 eo
2187 1905 2202 1928 ,
2255 1866 2298 1919 si
2357 1874 2537 1934 potest
2571 1867 2801 1936 probare
2857 1885 2955 1938 per
3001 1867 3203 1937 iustum
3244 1871 3504 1940 judicium

1922 1954 2066 2022 quod
2103 1969 2287 2008 verum
2319 1957 2406 2020 sit,
2458 1957 2687 2026 accipiat
2727 1958 2910 2022 alium.
2951 1980 2970 2013 ι
3029 1961 3162 2016 Vide
3213 1961 3500 2031 Reginum,

1922 2042 2014 2096 lib.
2042 2060 2077 2096 ιι
2121 2045 2185 2098 de
2213 2045 2592 2100 ecclesiasticis
2640 2049 2966 2119 Disciplinis,
3007 2067 3125 2124 cap.
3153 2053 3288 2117 242;
3322 2054 3414 2109 lib.
3451 2071 3502 2109 vt

1921 2130 2243 2200 Capitular.,
2275 2150 2326 2193 c.
2359 2134 2446 2188 55.
2779 2142 2785 2147 ’

1992 2220 2234 2276 Puellam
2257 2224 2624 2295 desponsatam
2656 2245 2759 2293 non
2779 2229 2896 2284 licet
2911 2233 3215 2300 parentibus
3243 2235 3372 2290 dare
3406 2237 3503 2292 alii

1922 2314 2050 2370 viro.
2103 2313 2307 2374 Concil.
2340 2317 2758 2386 Eliberitanum,
2804 2336 2854 2374 c.
2889 2322 2986 2376 διε
3037 2343 3055 2374 ι
3095 2324 3151 2381 Si
3181 2328 3271 2398 qui
3304 2343 3502 2397 paren-

1922 2412 2002 2458 tes
2018 2403 2174 2458 ﬁdem
2194 2404 2449 2476 fregerint
2470 2409 2885 2477 sponsaliorum,
2906 2413 3123 2468 triennii
3143 2424 3382 2487 tempore
3404 2422 3504 2472 ab-

1920 2495 2242 2551 stineantur.
2318 2496 2374 2551 Si
2427 2507 2606 2553 tamen
2650 2501 2811 2556 iidem
2843 2518 3072 2571 sponsus
3101 2505 3182 2560 vel
3221 2523 3417 2577 sponsa
3448 2510 3501 2564 in

1919 2588 2071 2654 gravi
2119 2588 2345 2651 crimine
2387 2588 2590 2644 fuerint
2639 2592 3006 2662 deprehensi,
3048 2599 3288 2652 excusati
3343 2610 3506 2654 erunt

1918 2687 2206 2745 parentes:
2235 2681 2279 2734 si
2311 2680 2363 2734 in
2385 2681 2588 2735 eisdem
2615 2681 2776 2736 fuerit
2803 2685 3013 2748 vitium,
3044 2696 3098 2740 et
3122 2689 3502 2756 polluerintse,

1920 2769 2170 2838 superior
2193 2772 2460 2826 sententia
2485 2782 2752 2828 servetur;
2797 2795 2814 2828 ι
2867 2775 3097 2832 Siricius
3117 2793 3254 2848 papa
3283 2780 3505 2850 hujusce

1920 2859 2000 2914 rei
2031 2861 2192 2914 istam
2227 2863 2490 2917 rationem
2526 2863 2733 2933 profert
2756 2865 2809 2920 in
2827 2881 2914 2936 ep.
2946 2870 3012 2926 ad
3041 2869 3339 2926 Himerium
3364 2872 3502 2926 Tar-

1919 2962 2294 3015 raconensem,
2351 2966 2470 3004 can.
2503 2951 2574 3004 4:
2649 2970 2666 3000 ι
2716 2953 2794 3007 De
2819 2955 3090 3024 coniugali
3121 2967 3303 3013 autem
3329 2961 3501 3015 viola-

1921 3037 2066 3092 tione
2089 3040 2382 3109 requisisti,
2436 3041 2479 3094 si
2517 3041 2898 3112 desponsatam
2952 3045 3044 3100 abi
3090 3048 3320 3122 puellam
3367 3050 3506 3112 alter

227 3132 424 3201 quinta
451 3134 518 3187 ab
551 3133 738 3187 insciis
766 3133 928 3187 fuerit
951 3134 1140 3204 copula
1183 3143 1420 3203 peracta,
1469 3136 1660 3195 melius
1683 3137 1812 3190 mihi
1842 3109 1888 3172 ο
1919 3127 1972 3181 in
2004 3131 2404 3185 matrimonium
2432 3133 2602 3204 possit
2634 3135 2902 3203 πείρετε.
2964 3137 3077 3193 Hoc
3105 3155 3172 3194 ne
3205 3141 3298 3195 ﬁat
3322 3146 3500 3202 omni—

233 3224 473 3285 videtur,
501 3231 559 3276 ut
585 3238 706 3278 cum
730 3225 1066 3292 paenitentia:
1087 3225 1502 3290 humilitatione,
1531 3226 1576 3280 si
1607 3241 1664 3281 se
1686 3243 1814 3281 uxo-

231 3323 390 3369 ratus
411 3315 698 3372 continere
751 3330 856 3369 non
907 3316 1038 3380 vult,
1091 3315 1204 3372 Deo
1247 3316 1562 3372 satisfaciat.
1609 3338 1626 3370 ι
1682 3320 1857 3378 Vide.

233 3403 568 3472 Reginonem
593 3402 683 3458 lib.
711 3420 750 3458 ll
798 3405 862 3459 de
898 3405 1284 3462 ecclesiasticis
1318 3407 1643 3478 Disciplinis,
1691 3425 1810 3479 cap.

231 3495 359 3550 200.
409 3496 512 3551 Sed
535 3499 835 3567 praesertim
857 3499 1076 3554 consule
1103 3499 1376 3572 Hngonem
1405 3503 1470 3556 dc
1493 3504 1693 3558 Sancto
1717 3504 1812 3560 Vi-

229 3595 383 3642 ctore
412 3587 466 3640 in
495 3586 589 3641 lib.
608 3603 645 3641 ιι
674 3587 1149 3644 Sacramentorum
1181 3600 1334 3661 parte
1357 3609 1433 3657 ιι,
1457 3595 1547 3647 ubi
1569 3595 1812 3650 eamdem

229 3678 586 3747 quastionem
615 3680 809 3748 probat
832 3679 1078 3749 plurimis
1098 3682 1342 3747 Patrum,
1373 3684 1685 3753 pontiﬁcum
1706 3685 1814 3740 Ro—

230 3783 518 3826 tnanorum
540 3777 596 3823 et
628 3770 854 3825 aliorum
892 3773 1232 3838 testimoniis,
1263 3776 1459 3843 quibus
1489 3777 1612 3830 addi
1635 3786 1814 3847 potest

229 3857 380 3926 quod
419 3857 574 3912 docet
615 3858 671 3912 in
709 3874 807 3914 suo
851 3858 1211 3921 Ptenitentiaii
1245 3865 1500 3934 magister
1544 3864 1811 3924 Robertus

231 3951 300 4006 de
330 3949 698 4008 Flamesbure.

233 4064 495 4136 Excerpta
513 4081 581 4120 ea:
599 4064 950 4120 Poenitentiali
980 4070 1219 4136 magistri
1249 4069 1460 4125 Roberti
1477 4073 1540 4126 de
1571 4072 1812 4130 Flames—

833 4137 978 4201 burc,
1009 4138 1100 4190 lib.
1139 4156 1196 4193 tt.

301 4223 561 4294 Cognatio
592 4225 814 4294 impedit
844 4235 897 4280 et
931 4229 1135 4281 dirimit
1165 4231 1588 4300 matrimonium,
1634 4236 1809 4291 nonin

231 4315 371 4372 linea
393 4309 718 4372 ascendente
741 4317 823 4372 vel
850 4319 1230 4383 descendente.
1282 4338 1402 4390 qua)
1429 4325 1615 4380 eadem
1646 4334 1732 4380 est
1756 4328 1808 4380 in

231 4405 522 4470 inﬁnitum,
573 4408 699 4476 quia
721 4407 765 4462 si
806 4407 963 4463 hodie
1011 4413 1217 4464 viveret
1265 4412 1458 4477 Adam,
1514 4430 1634 4470 cum
1667 4415 1808 4468 nulla

229 4507 416 4570 posset
433 4498 774 4552 contrahere.
818 4497 875 4558 in
907 4498 1188 4556 lineivero
1213 4509 1537 4566 transversa,
1561 4505 1725 4558 etiam
1755 4505 1807 4558 in

229 4589 464 4658 septimo
489 4589 657 4657 gradu
693 4588 966 4643 dirimitur
1011 4590 1434 4645 matrimonium.
1497 4593 1806 4663 Dispensari

229 4685 415 4732 tamen
429 4685 629 4746 potest,
651 4678 745 4732 sed
789 4694 817 4731 a
841 4678 955 4732 solo
984 4693 1117 4747 papa
1146 4691 1161 4731 :
1217 4687 1273 4733 et
1304 4687 1509 4734 tantum
1537 4682 1676 4740 ultra
1701 4693 1807 4738 ter.

228 4767 363 4825 tium
383 4767 607 4836 gradum
632 4806 648 4832 ,
681 4768 807 4836 quia
858 4768 911 4822 in
936 4767 1051 4837 lcge
1086 4767 1357 4825 inhibetur
1407 4779 1717 4831 contractus
1754 4773 1806 4833 in

226 4856 428 4924 primo,
460 4857 772 4913 secundoet
808 4856 967 4912 tertio
995 4856 1183 4926 gradu.
1235 4854 1377 4926 Papa
1409 4868 1584 4914 autem
1619 4869 1804 4917 contra

223 4943 402 5016 legem
421 4953 475 4999 et
489 4944 859 5016 Evangelium,
882 4953 941 5000 ut
969 4946 1216 5014 superius
1237 4946 1437 5001 dictum
1465 4957 1566 5013 est,
1595 4949 1806 5020 dispen-

225 5053 352 5092 sare
373 5051 482 5089 non
495 5044 690 5104 potest.
1069 5031 1074 5038 ’

297 5126 462 5181 Lavet
492 5144 547 5181 se
568 5136 845 5197 antequam
863 5127 1026 5182 intret
1053 5128 1109 5180 in
1142 5127 1430 5188 ecclesiam.
1480 5127 1806 5199 Gregorius!

220 5217 280 5276 in
313 5217 750 5287 responsionem
779 5218 845 5272 ad
869 5219 1344 5288 interrogationem
1368 5220 1621 5289 Augusti:
1657 5241 1675 5272 ‹
1715 5225 1810 5279 Vir

219 5316 409 5368 autem
425 5324 547 5363 cum
563 5310 783 5380 prapria
802 5309 1028 5378 conjuge
1049 5309 1344 5374 dormiens,
1379 5311 1479 5364 nisi
1505 5311 1644 5367 lotus
1665 5329 1806 5384 aqua

219 5399 430 5454 intrare
461 5400 745 5456 ecclesiam
773 5415 882 5453 non
904 5399 1081 5462 debet,
1114 5398 1205 5452 sed
1231 5413 1403 5469 neque
1434 5399 1576 5456 lotus
1604 5403 1806 5458 intrare

218 5491 410 5546 statim
431 5492 610 5558 debet,
634 5500 740 5550 etc.
778 5510 798 5544 ι
851 5490 918 5546 Ει
941 5490 1102 5561 paulo
1123 5498 1244 5560 post
1273 5490 1511 5545 declarat
1539 5493 1808 5550 Romano-

220 5595 344 5634 rum
374 5596 492 5636 esse
512 5597 669 5636 usum
699 5583 766 5636 ab
793 5581 1188 5650 antiquioribus
1212 5591 1510 5652 acceptum.
1551 5603 1570 5638 ς
1606 5586 1808 5643 Roma-

217 5685 416 5730 norum
449 5680 625 5732 tamen
652 5685 866 5741 semper
884 5671 952 5730 ab
971 5670 1366 5738 antiquioribus
1393 5689 1522 5728 usus
1547 5675 1668 5739 fuit,
1684 5688 1806 5755 post

1917 3219 2018 3274 bus
2042 3222 2215 3276 modis
2242 3222 2574 3285 inbibemus;
2610 3227 2736 3293 quia
2760 3227 2846 3279 illa
2879 3228 3182 3285 benedictio
3207 3247 3369 3301 quam
3400 3250 3500 3288 nn-

1915 3320 2088 3390 pturte
2105 3314 2356 3371 sacerdos
2385 3315 2630 3383 imponit,
2654 3319 2793 3385 apud
2823 3317 3006 3374 ﬁdeles
3021 3320 3299 3388 cujusdam
3327 3326 3499 3380 sacri-

1916 3403 2041 3473 legii
2067 3404 2241 3458 instar
2264 3413 2371 3470 est,
2401 3405 2445 3460 si
2488 3405 2594 3460 ulla
2622 3409 3019 3476 transgressione
3044 3412 3292 3468 violetur.
3334 3436 3352 3468 ι

1994 3493 2101 3550 Illa
2127 3503 2298 3547 autem
2328 3495 2372 3548 si
2421 3512 2523 3548 non
2547 3495 2650 3549 vult
2675 3497 2913 3557 habitare
2941 3517 3058 3554 cum
3080 3519 3138 3556 eo
3169 3505 3278 3558 viro
3309 3507 3394 3559 cui
3424 3518 3498 3561 est

1915 3583 2253 3650 desponsata,
2285 3584 2538 3646 reddatur
2556 3588 2604 3648 ei
2634 3589 2853 3656 pecunia
2882 3606 3039 3660 quam
3059 3593 3224 3659 dedit,
3266 3606 3314 3650 et
3345 3600 3499 3652 tertia

1914 3690 2037 3743 pars
2066 3674 2316 3728 addatur.
2365 3675 2568 3730 Tamen
2594 3685 2813 3738 sanctus
2842 3677 3131 3750 Gregorius
3160 3683 3381 3752 Magnus
3405 3687 3438 3744 d
3466 3711 3502 3728 --

1918 3773 2005 3818 cet
2044 3764 2137 3819 lib.
2173 3781 2246 3830 vt,
2285 3781 2368 3836 ep.
2398 3767 2490 3833 20,
2523 3768 2901 3838 desponsatam
2933 3771 2986 3825 in
3025 3777 3352 3830 monasterio
3376 3795 3502 3833 con-

1915 3868 2124 3909 versam
2165 3857 2311 3910 nullo
2359 3857 2554 3912 damno
2609 3859 2959 3921 multandum.
3011 3881 3030 3916 ί
3067 3864 3233 3934 Quia,
3293 3867 3496 3936 inquit,

1915 3944 2129 4000 decreta
2175 3946 2363 4017 legalis
2418 3949 2817 4017 desponsatam,
2861 3953 2906 4006 si
2951 3956 3196 4008 converti
3243 3957 3494 4019 voluerit,

1913 4039 2060 4092 nullo
2088 4040 2308 4095 omnino
2340 4051 2670 4096 censuerunt
2696 4045 2894 4098 damno
2925 4045 3142 4099 multari
3197 4047 3250 4098 in
3305 4050 3493 4102 codice

1913 4128 1982 4187 de
2007 4131 2276 4200 episcopis
2296 4139 2350 4185 et
2375 4131 2611 4195 clericis,
2643 4131 2761 4201 lege
2789 4132 2878 4196 56,
2938 4133 3068 4202 quid
3116 4143 3314 4189 nostrze
3345 4153 3497 4190 man-

1917 4221 2189 4275 suetudini
2221 4221 2498 4292 religionis
2517 4222 2849 4278 contrarium
2881 4237 3000 4276 esse
3027 4224 3202 4280 visum
3231 4234 3333 4284 est.
3366 4247 3384 4279 ι

1985 4309 2129 4366 Puer
2183 4330 2344 4382 usque
2372 4313 2442 4366 ad
2483 4312 2784 4382 quindecim
2834 4329 3001 4366 annos
3041 4314 3108 4368 sit
3142 4353 3154 4367 .
3180 4354 3192 4368 .
3220 4353 3236 4368 .
3271 4325 3394 4378 tunc
3441 4335 3498 4375 se

1915 4403 2086 4473 ipsum
2108 4414 2274 4473 potest
2305 4405 2615 4462 monachum
2639 4406 2812 4473 facere
2829 4421 2847 4457 :
2869 4404 3046 4474 puella
3067 4423 3182 4460 vero
3213 4409 3494 4484 sexdecim,

1916 4493 1994 4548 vel
2017 4495 2398 4564 septemdecim.
2465 4495 2700 4550 Sanctus
2725 4496 2954 4557 Basilius
2981 4497 3034 4561 in
3061 4499 3218 4567 epist.
3267 4501 3332 4553 ad
3365 4501 3497 4556 Arn-.-

1912 4584 2270 4653 pbilochium,
2320 4600 2442 4645 can.
2493 4586 2588 4646 18:
2660 4606 2679 4642 ς
2724 4586 3098 4653 Professiones
3118 4599 3294 4644 autem
3326 4593 3394 4647 ab
3429 4606 3495 4660 ea

1911 4683 2156 4744 tempore
2198 4673 2521 4743 iudicamus,
2564 4692 2670 4746 quo
2711 4686 2840 4732 tetas
2864 4679 3088 4738 rationis
3134 4682 3496 4750 complemens

1912 4774 2028 4820 tum
2056 4766 2327 4830 habuerit.
2399 4767 2516 4822 Non
2546 4770 2690 4823 enim
2725 4770 2958 4846 pueriles
2983 4787 3143 4828 voces
3189 4775 3409 4836 omnino
3437 4777 3493 4844 in

1909 4855 1996 4918 his
2029 4871 2149 4911 esse
2175 4864 2321 4910 ratas
2366 4857 2676 4912 existimare
2705 4866 2948 4929 oportet:
2999 4863 3093 4925 sed
3122 4879 3242 4919 eam
3265 4879 3384 4934 qute
3405 4881 3494 4921 su:

1909 4959 2008 5017 pra
2037 4945 2311 4998 sexdecim
2333 4945 2418 5006 vel
2467 4947 2855 5015 septemdecim
2908 4965 3082 5005 annos
3129 4962 3253 5007 nata
3309 4952 3490 5028 fuerit,l

1910 5033 2243 5104 rationisque
2271 5049 2491 5104 compos
2515 5035 2670 5090 etdiu
2694 5037 3004 5093 examinata
3022 5043 3356 5112 probataque
3371 5060 3492 5113 pere

1906 5127 2257 5192 severaverit,
2278 5136 2404 5182 etut
2432 5129 2750 5186 admittatur
2778 5131 3028 5200 precibus
3056 5135 3350 5198 contendit,
3377 5144 3489 5198 tum

1907 5228 2120 5287 oportet
2161 5219 2214 5273 in
2263 5235 2542 5276 sacrarum
2595 5222 2864 5291 virginum
2925 5223 3228 5292 catalogum
3276 5223 3487 5296 referri,

1907 5312 2130 5381 ejusque
2171 5311 2566 5367 confessionem
2601 5315 2976 5384 comprobare,
3013 5321 3068 5372 et
3093 5313 3235 5367 illius
3257 5313 3492 5368 inﬁrma-.-

1907 5403 2111 5456 tionem
2169 5403 2579 5459 inexorabiliter
2628 5405 2840 5472 punire.
2890 5401 3085 5456 Multas
3105 5403 3248 5456 enim
3298 5419 3490 5473 paren-

1908 5503 1989 5558 tes
2025 5503 2080 5550 et
2105 5494 2300 5554 fratres
2319 5494 2568 5561 oil‘erunt,
2593 5504 2650 5550 et
2697 5492 2912 5564 quidam
2938 5507 3126 5547 eorum
3155 5497 3245 5564 qui
3274 5512 3367 5552 eas
3399 5513 3490 5554 co-

1905 5588 2159 5657 gnatione
2183 5587 2475 5658 attingunt,
2521 5594 2648 5642 ante
2681 5591 2894 5638 aetatem
2931 5597 3037 5637 non
3059 5599 3124 5638 ex
3159 5601 3219 5640 se
3267 5587 3396 5659 ipsis
3417 5589 3486 5643 ad

1905 5676 2216 5740 etelibatum
2264 5677 2535 5742 incitatas,
2584 5674 2677 5735 sed
2721 5670 2924 5740 aliquid
2973 5673 3115 5740 Quod
3163 5675 3230 5730 ad
3286 5678 3488 5744 victum
