3968 6180
478 310 616 377 1159

1571 295 1662 353 ΑΒ
1699 293 2239 353 POENITENTIALE
2279 289 2627 347 THEODORI

3590 289 3726 346 “60

475 441 631 485 suum
649 420 1263 494 pertinetprocurantcs,
1286 429 1423 483 quas
1443 428 1551 468 non
1579 413 1734 467 facile
1766 413 2051 467 admittere
2078 414 2125 470 Α
2151 407 2460 477 nuptiarum
2496 420 2600 471 est,
2630 402 2743 475 jam
2794 413 3003 459 matura
3046 404 3109 459 ad
3139 420 3318 471 usum,
3381 405 3579 461 melius
3606 421 3729 461 esse

475 519 705 587 oportet,
745 508 912 564 donec
962 513 1145 575 aperte
1191 505 1463 575 propriam
1510 517 1660 557 suam
1715 501 2041 557 sententiam

473 601 796 677 perscrutati
843 598 1120 654 fuerimus.
1153 618 1170 649 ι
1230 595 1332 663 Qui
1385 610 1555 651 canon
1582 596 1777 649 citatur
1804 609 1834 648 a
1863 594 2044 649 conci-

476 699 548 752 lio
578 693 915 761 Quinisexto,
951 704 1072 745 can.
1105 689 1194 742 40.
1248 687 1479 743 Sanctus
1506 687 1844 752 Ambrosius,
1871 688 1963 741 lib.
1981 704 2042 743 ιιι

475 789 540 843 de
562 780 918 851 Virginibus:
977 796 996 829 ‹
1045 777 1211 832 Aiunt
1252 778 1413 831 etiam
1442 778 1684 848 plerique
1733 779 2046 835 maturioris

473 867 648 925 aetatis
680 870 917 939 virgines
964 883 1083 923 esse
1124 868 1395 922 vclandas.
1467 866 1649 935 Neque
1697 882 1797 938 ego
1822 868 2041 934 abnuo,

475 962 827 1017 sacerdotalis
873 974 993 1014 esse
1035 959 1300 1014 cautionis
1333 958 1551 1022 debere,
1592 966 1650 1010 ut
1685 973 1789 1015 non
1846 968 2046 1012 temere

471 1054 646 1125 puella
696 1053 921 1108 veletur.
977 1052 1196 1121 Spectet
1245 1050 1422 1121 plane,
1458 1058 1663 1120 spectet
1712 1058 1922 1105 aetatem
1953 1064 2044 1104 sa-

474 1148 683 1210 cerdos,
739 1144 831 1200 sed
859 1144 979 1199 fidei
1010 1143 1094 1197 vel
1147 1142 1398 1213 pudoris;
1444 1150 1649 1212 spectet
1690 1139 2049 1195 etmaturita-

477 1247 584 1292 tem
615 1236 982 1302 verecundia};
1030 1235 1301 1289 examinet
1322 1235 1599 1305 gravitatis
1627 1234 1901 1296 canitiem,
1934 1248 2050 1288 mo-

477 1339 595 1377 rum
635 1332 926 1387 senectam,
958 1322 1230 1392 pudicitiae
1262 1337 1450 1387 annos,
1508 1323 1716 1377 animos
1761 1322 2045 1377 castitatis.

472 1415 674 1469 Tamen
698 1415 890 1469 deinde
909 1415 952 1469 si
980 1414 1170 1468 matris
1210 1422 1320 1468 tuta
1349 1414 1615 1479 custodia,
1649 1413 1908 1469 comitum
1956 1427 2047 1468 so-

470 1504 592 1558 bria
644 1504 937 1568 sedulitas;
985 1503 1029 1557 si
1073 1503 1186 1557 haec
1213 1511 1409 1572 prtcsto
1430 1511 1575 1567 sunt,
1626 1518 1731 1557 non
1764 1503 1915 1557 deest
1939 1503 2049 1556 vir-

470 1595 581 1664 gini
627 1595 862 1666 longreva
911 1595 1174 1659 canities;
1237 1594 1282 1648 si
1344 1594 1457 1648 haec
1506 1594 1720 1657 desunt,
1769 1591 2050 1647 differatur

472 1686 645 1757 puella
670 1687 848 1756 potius
882 1686 1120 1739 moribus
1160 1699 1323 1754 quam
1365 1684 1540 1738 annis.
1608 1683 1721 1737 Non
1760 1698 1891 1753 ergo
1914 1690 2046 1737 :ctas

2143 508 2205 554 ut
2233 499 2526 554 secundum
2555 511 2868 552 concessam
2894 496 3064 563 legem
3105 496 3316 564 publice
3341 495 3533 557 nubat,
3562 510 3724 564 quam

2142 589 2350 644 occulte
2408 587 2638 657 turpiter
2689 594 2813 656 agat
2874 586 3049 648 istud,
3098 594 3152 638 ct
3200 585 3558 640 erubescatur
3612 585 3723 648 illa,

2141 688 2246 733 etc.
2281 697 2298 728 ι
2334 678 2403 732 Et
2442 676 2604 746 paulo
2631 686 2751 745 post
2785 694 2795 727 :
2833 692 2850 723 ι
2889 674 3001 728 lloc
3030 675 3181 737 dicit,
3208 682 3266 728 ut
3313 675 3405 742 qui
3453 675 3725 741 virginem

2144 770 2304 825 habet
2333 769 2418 822 cui
2461 768 2673 822 animus
2698 767 2767 821 ad
2816 765 3031 834 nuptias
3052 780 3161 818 non
3186 772 3292 827 est,
3323 756 3508 819 servet
3534 766 3680 819 illam
3707 782 3722 816 :

2143 875 2247 916 nec
2294 860 2369 913 illi
2423 860 2633 930 ingerat
2694 857 2933 912 fomitem
2988 857 3321 926 nuptiarum,
3364 872 3530 925 quam
3582 857 3731 911 videt

2145 951 2378 1005 nubendi
2423 950 2750 1004 voluntatem
2777 963 2886 1002 non
2938 947 3157 1002 habere.
3211 946 3478 1002 Beneﬁcia
3502 948 3647 1001 enim
3675 949 3725 1002 si

2144 1039 2447 1108 praestanda
2475 1048 2621 1101 sunt,
2651 1046 2852 1107 quanto
2879 1037 3048 1106 magis
3086 1035 3308 1090 minime
3335 1036 3654 1091 auferenda.
3695 1058 3715 1089 ι

2147 1127 2380 1183 Sanctus
2429 1128 2786 1199 Hieronymus
2811 1129 2865 1182 in
2911 1128 3100 1182 eadem
3141 1128 3353 1183 verba:
3393 1146 3412 1178 ι
3441 1126 3557 1182 Hoc
3608 1129 3730 1183 loco

2147 1235 2252 1274 non
2301 1227 2555 1289 parentes
2579 1219 2711 1274 dicit
2736 1219 3007 1290 virginum
3057 1218 3285 1287 filiarum
3312 1236 3325 1272 :
3354 1233 3530 1289 neque
3579 1222 3725 1276 enim

2146 1310 2431 1378 potestatis
2485 1308 2697 1363 illorum
2750 1316 2928 1378 potest
2978 1322 3100 1383 esse
3154 1309 3491 1377 propositum
3537 1310 3729 1365 aliena:

2148 1400 2500 1454 continentiae
2537 1416 2550 1452 :
2605 1399 2702 1454 sed
2752 1412 3190 1468 unumquemque
3238 1398 3442 1453 habere
3494 1401 3729 1470 propria:

2148 1492 2326 1546 carnis
2355 1490 2636 1545 arbitrium
2658 1505 2778 1553 eam
2801 1490 3166 1558 incorruptam
3195 1503 3437 1554 servare,
3477 1499 3610 1554 εις..
3638 1490 3730 1545 ille

2149 1580 2337 1635 firmus
2382 1581 2589 1644 statuit,
2638 1580 2790 1648 cujus
2838 1578 3029 1650 puellm
3075 1594 3373 1636 consensus
3423 1582 3598 1651 patris
3639 1580 3732 1635 fir-

2148 1670 2379 1725 maverit
2402 1669 2754 1723 voluntatem.
2793 1688 2812 1721 ι
2850 1666 3101 1739 Synodus
3120 1668 3298 1723 sancti
3326 1667 3572 1731 Patricii,
3597 1683 3724 1723 can.

472 1774 717 1845 rejicitur
737 1776 1030 1838 florentior,
1062 1776 1155 1832 sed
1180 1775 1393 1829 animus
1423 1774 1782 1829 examinatur.
1820 1793 1837 1825 ι
1905 1773 2048 1828 Con-

2157 1762 2211 1816 27
2246 1777 2261 1814 :
2292 1760 2443 1828 Quod
2468 1761 2579 1815 vult
2621 1769 2798 1830 pater,
2826 1758 2987 1814 faciat
3007 1759 3178 1828 virgo,
3200 1758 3326 1828 quia
3342 1768 3505 1829 caput
3534 1759 3733 1813 mulie-

469 1868 653 1921 cilium
675 1867 1234 1938 Ctesaraugustanum,
1287 1882 1334 1921 c.
1366 1868 1398 1922 8
1430 1882 1444 1921 :
1496 1885 1514 1917 ι
1545 1866 1676 1922 Item
1715 1867 1911 1922 lectum
1942 1875 2046 1931 est,

471 1974 577 2013 non
608 1959 864 2013 velandas
892 1973 1012 2013 esse
1047 1959 1282 2029 virgines
1302 1973 1419 2027 qum
1444 1973 1503 2013 se
1525 1958 1633 2013 Deo
1651 1958 1915 2023 voverint,
1942 1959 2048 2012 nisi

475 2050 830 2120 quadraginta
862 2064 1124 2105 annorum
1148 2049 1376 2119 probata
1402 2056 1579 2113 aetate,
1609 2062 1769 2117 quam
1797 2049 2049 2104 sacerdos

473 2144 926 2214 comprobaverit.
967 2142 1048 2198 Ab
1091 2128 1361 2198 universis
1402 2142 1670 2213 episcopis
1703 2141 1905 2196 dictum
1943 2151 2044 2206 est,

472 2232 673 2287 Placet.
698 2252 715 2284 ι
751 2234 1048 2288 Concilium
1072 2248 1129 2287 ιιι
1154 2231 1595 2303 Carthaginense,
1623 2245 1745 2286 can.
1775 2231 1836 2285 '5:
1866 2248 1885 2281 ι
1916 2231 2049 2286 Item

475 2323 675 2394 placuit
704 2333 763 2378 ut
792 2333 918 2379 ante
932 2324 1122 2395 viginti
1137 2324 1374 2404 quinque
1398 2337 1568 2377 annos
1595 2337 1694 2377 nec
1716 2322 1926 2378 diaconi
1955 2337 2049 2379 or-

475 2412 751 2479 dinentur,
789 2428 889 2469 nec
918 2414 1155 2485 virgines
1180 2420 1587 2469 consecrentur.
1635 2432 1654 2464 ι
1711 2411 1919 2468 Concil.
1960 2413 2052 2468 Mi-

476 2500 768 2556 levitanum
818 2518 878 2569 ιι,
917 2517 966 2557 c.
1001 2502 1111 2556 26:
1170 2522 1189 2554 ‹
1219 2503 1350 2557 Item
1394 2501 1596 2575 placuit
1636 2510 1697 2556 ut
1747 2503 2054 2573 quicunque

476 2588 870 2658 episcoporum,
910 2590 1234 2645 necessitate
1270 2590 1630 2660 periclitantis
1645 2590 1917 2661 pudicitite
1945 2592 2052 2646 vir-

476 2677 672 2745 ginalis
718 2679 863 2746 (cum
890 2679 972 2733 vel
1029 2680 1226 2749 petitor
1253 2687 1466 2749 potens,
1503 2680 1588 2733 vel
1634 2687 1819 2750 raptor
1855 2679 2052 2749 aliquis

481 2769 822 2837 formidatur,
870 2772 952 2826 vel
976 2773 1019 2826 si
1050 2772 1214 2826 etiam
1237 2772 1417 2840 aliquo
1441 2772 1633 2826 mortis
1678 2772 1927 2842 scrupulo
1962 2788 2054 2843 pe-

480 2860 714 2916 riculoso
746 2868 1062 2930 compuncta
1100 2859 1281 2927 fuerit,
1318 2876 1386 2916 ne
1420 2877 1527 2915 non
1556 2861 1732 2915 velata
1768 2862 2051 2928 moriatur,

483 2960 577 3009 aut
610 2952 947 3023 exigentibus
982 2952 1312 3023 parentibus,
1371 2960 1464 3007 aut
1492 2953 1576 3007 bis
1606 2953 1674 3006 ad
1703 2967 1933 3022 quorum
1960 2968 2054 3009 cu-

478 3058 597 3098 ram
626 3041 902 3113 pertinet),
932 3041 1189 3097 velaverit
1209 3040 1490 3113 virginem,
1543 3057 1638 3097 seu
1667 3041 1867 3097 velavit
1913 3042 2053 3097 intra

481 3134 666 3207 viginti
697 3133 931 3204 quinque
954 3147 1121 3187 annos
1145 3132 1340 3196 aetatis,
1374 3147 1478 3186 non
1499 3131 1549 3186 ei
1573 3132 1713 3187 obsit
1739 3131 2045 3198 concilium,

477 3224 621 3294 quod
645 3223 713 3277 de
736 3223 842 3278 isto
863 3237 1125 3277 annorum
1146 3234 1372 3276 numero
1390 3222 1740 3277 constitutum
1762 3229 1867 3279 est.
1896 3241 1916 3275 ι
1950 3221 2050 3289 Qui

478 3330 652 3370 canon
674 3312 907 3369 refertur
935 3312 988 3367 in
1018 3313 1230 3381 integro
1274 3312 1460 3367 codice
1488 3312 1744 3367 Ecclesiae
1764 3311 2050 3379 Africanae,

478 3423 602 3463 can.
635 3405 754 3460 ηδ.
812 3404 1113 3461 Concilium
1137 3402 1466 3473 Agathense,
1496 3417 1618 3456 can.
1642 3402 1710 3457 l9
1739 3418 1753 3455 :
1796 3420 1812 3453 ι
1834 3401 2053 3457 Saneti-

477 3497 765 3560 moniales,
819 3494 1115 3565 quamlibet
1158 3494 1268 3548 vita
1297 3507 1485 3548 earum
1520 3500 1576 3547 et
1620 3506 1802 3548 mores
1843 3492 2055 3562 probati

483 3589 617 3651 sint,
650 3595 774 3641 ante
788 3600 987 3640 annum
1012 3583 1186 3639 aetatis
1210 3598 1321 3638 suae
1342 3582 1811 3654 quadragesimum
1840 3597 1945 3638 non
1972 3597 2051 3637 ve-

479 3676 679 3730 lentur.
717 3696 734 3726 ι
771 3674 1000 3729 Sanctus
1022 3672 1316 3743 Gregorius
1343 3671 1397 3726 in
1420 3671 1611 3736 lib.m,
1643 3688 1727 3741 ep.
1756 3672 1850 3726 ll:
1882 3693 1901 3724 ι
1929 3671 2053 3725 Nul-

484 3763 594 3818 lam
621 3763 784 3834 igitur
818 3760 1126 3816 fraternitas
1149 3770 1259 3829 tua,
1306 3759 1411 3814 nisi
1451 3759 1854 3831 sexagenariam
1889 3760 2057 3830 virgi-

484 3866 631 3917 nem,
664 3849 817 3919 cujus
844 3857 974 3904 tctas
1015 3849 1118 3903 hoc
1145 3856 1305 3919 atque
1334 3863 1514 3903 mores
1553 3849 1852 3921 exegerint,
1890 3849 2058 3904 velari

482 3939 777 4013 permittat.
815 3958 834 3991 ι
871 3938 948 3993 Ex
971 3937 1164 4007 quibus
1182 3937 1438 3992 omnibus
1454 3939 1737 3994 manifeste
1762 3924 1937 4010 colligi
1960 3955 2059 4010 po-

483 4036 588 4084 test
613 4027 679 4084 de
703 4024 1008 4097 hujusmodi
1033 4027 1194 4091 rebus
1220 4026 1498 4097 provariis
1522 4026 1947 4083 circumstantiis
1974 4043 2060 4083 re-

484 4101 672 4190 ligiose
708 4116 1224 4187 essejudieaodum;
1289 4126 1347 4172 at
1370 4116 1604 4173 maxime
1643 4117 1941 4174 cavendum
1990 4132 2059 4172 ne

486 4211 763 4267 infantulze
789 4211 965 4267 aetatis
999 4210 1246 4281 puellulae
1298 4210 1564 4275 velentur,
1622 4219 1910 4281 antequam
1955 4212 2059 4268 illa!

489 4304 688 4374 eligere
711 4303 885 4358 sciant
912 4302 1039 4372 quid
1065 4301 1248 4367 velint,
1277 4311 1337 4357 ut
1361 4301 1867 4372 praecipiuntCaroli
1880 4302 2057 4375 Magni

486 4393 855 4448 ecclesiastica
870 4390 1137 4460 Capitula,
1168 4405 1288 4460 cap.
1314 4390 1403 4455 Η,
1425 4398 1479 4445 et
1508 4390 1761 4447 Ludovici
1780 4391 1859 4447 Pii
1890 4392 2060 4461 impe—

496 4486 690 4541 ratoris
728 4484 1035 4555 Capitulare
1062 4484 1115 4548 l,
1154 4498 1273 4553 cap.
1309 4484 1399 4548 26,
1452 4484 1543 4538 ubi
1571 4484 1790 4553 quidam
1824 4499 2060 4541 canones

491 4590 653 4644 supra
674 4572 824 4629 citati
850 4570 1179 4626 referuntur.

558 4664 685 4719 Post
723 4671 895 4717 autem
937 4662 1072 4715 hanc
1126 4671 1332 4716 (etatem
1380 4662 1517 4731 patri
1569 4678 1674 4716 non
1732 4661 1850 4726 licet
1891 4662 2059 4733 ﬁliam

486 4770 639 4811 suam
681 4763 861 4807 contra
910 4752 1025 4821 ejus
1055 4750 1367 4806 voluntatem
1393 4753 1448 4805 in
1487 4752 1878 4805 matrimonium
1910 4752 2057 4806 dare.

491 4844 630 4912 Ergo
670 4849 795 4896 ante
842 4842 983 4896 hanc
1006 4848 1218 4897 aetatem
1246 4839 1460 4895 licebat.
1519 4840 1692 4907 Quam
1725 4841 2061 4911 disciplinam

490 4929 703 4984 videtur
743 4928 981 4982 indicare
1034 4927 1424 4994 'l‘heodoretus,
1480 4929 1573 4999 qui
1600 4930 1681 4985 sic
1703 4931 1925 5001 exponit
1971 4933 2061 4989 illa

489 5019 654 5074 verba
689 5017 924 5087 epistola:
952 5017 1062 5073 [ad
1082 5017 1323 5074 Corinth.
1355 5034 1370 5073 :
1405 5037 1426 5069 ι
1460 5017 1516 5074 Si
1554 5021 1676 5090 quis
1715 5029 1894 5076 autem
1944 5030 2061 5077 tur-

490 5125 611 5182 pem
656 5124 717 5163 se
767 5107 939 5163 videri
976 5109 1250 5162 existimat
1300 5124 1463 5177 super
1515 5110 1722 5180 virgine
1759 5127 1876 5174 sua,
1919 5112 2063 5181 quod

493 5204 562 5259 sit
617 5198 980 5272 superadulta,
1034 5207 1090 5252 et
1125 5198 1196 5252 ita
1244 5200 1457 5270 oportet
1484 5199 1623 5265 fieri,
1666 5200 1808 5272 quod
1845 5202 1961 5256 vult
1986 5200 2065 5256 fa-

494 5294 604 5349 ciat
634 5310 647 5345 :
676 5306 786 5347 non
823 5296 1032 5362 peccat,
1058 5288 1101 5343 si
1148 5290 1334 5344 nubat.
1400 5290 1499 5356 Qui
1547 5306 1698 5356 vero,
1722 5292 1917 5361 inquit,
1963 5308 2074 5349 coe-

2084 4442 2135 4504 ι)

2150 1852 2226 1906 ris
2256 1852 2355 1905 vir.
2388 1850 2494 1906 Sed
2521 1850 2841 1919 requirenda
2864 1858 2949 1903 est
2972 1864 3003 1902 a
3028 1857 3182 1917 patre
3211 1847 3455 1903 voluntas
3479 1848 3735 1918 virginis,

2148 1945 2275 1998 dum
2303 1944 2442 1999 Deus
2482 1941 2699 2015 reliquit
2721 1930 2992 1998 hominem
3021 1941 3076 1995 in
3109 1955 3269 1995 manu
3293 1940 3502 1995 consilii
3528 1941 3640 1994 sui.
3708 1960 3729 1996 ι

2743 2050 2972 2107 CAPUT
3006 2050 3121 2106 ΧΠ.

2647 2122 2723 2176 De
2743 2123 2903 2177 servis
2926 2132 2973 2175 et
3006 2120 3231 2185 ancillis,
3276 2188 3289 2197 α

2224 2210 2407 2267 Sinon
2433 2220 2598 2283 potest
2645 2213 2832 2267 redimi
2874 2229 2991 2283 qua:
3030 2212 3087 2266 in
3110 2211 3318 2267 servitia
3355 2209 3641 2275 θαμειαί»
3664 2211 3739 2264 li:

2150 2312 2229 2357 cet
2258 2305 2543 2373 ingenuam
2576 2302 2909 2373 conjungere.
2941 2302 3145 2357 Concil.
3178 2300 3577 2365 Vermeriense,
3602 2316 3736 2356 can.

2152 2395 2186 2449 6
2219 2414 2232 2448 :
2264 2413 2283 2446 ι
2329 2393 2388 2449 Si
2413 2393 2535 2463 quis
2571 2394 2838 2464 ingenuus
2877 2394 3039 2448 homo
3061 2392 3313 2451 ancillam
3362 2405 3589 2453 uxorem
3643 2406 3740 2446 ac-

2152 2486 2358 2557 ceperit
2396 2501 2496 2555 pro
2552 2486 2804 2555 ingenua,
2855 2483 2901 2540 si
2937 2485 3051 2554 ipsa
3101 2482 3299 2539 femina
3344 2490 3527 2552 postea
3566 2480 3743 2537 fuerit

2152 2575 2433 2639 inservita,
2489 2576 2533 2630 si
2579 2575 2769 2629 redimi
2798 2589 2906 2628 non
2947 2581 3146 2643 potest,
3192 2574 3238 2627 si
3263 2574 3334 2627 ita
3385 2571 3638 2634 voluerit,
3672 2570 3743 2631 li-

2154 2673 2273 2720 ceat
2294 2665 2347 2720 ei
2393 2665 2556 2720 aliam
2608 2665 2871 2734 accipere.
2917 2662 3178 2718 Similiter
3223 2672 3279 2717 et
3329 2660 3517 2716 mulier
3569 2662 3733 2730 ingee

2153 2772 2261 2812 nua
2289 2756 2333 2812 si
2359 2771 2575 2811 servum
2601 2756 2831 2826 accipiat
2853 2770 2952 2825 pro
2991 2756 3245 2826 ingenuo,
3293 2763 3348 2809 et
3392 2764 3581 2825 postea
3628 2769 3741 2823 pro

2132 2847 2516 2916 'qualicunque
2562 2862 2726 2902 causa
2754 2846 3044 2901 inservitus
3089 2844 3290 2911 fuerit;
3337 2846 3441 2901 nisi
3477 2862 3582 2916 pro
3611 2845 3745 2900 ino-

2153 2940 2262 3011 pia,
2295 2939 2436 2995 fame
2482 2948 2731 3010 cogente,
2781 2952 2840 2994 se
2867 2938 3189 3003 vendiderit,
3238 2946 3295 2992 et
3315 2938 3430 3008 ipsa
3474 2939 3748 2993 hoccon—

2157 3031 2408 3096 senserit,
2445 3038 2501 3085 et
2521 3032 2585 3086 de
2615 3029 2786 3099 pretio
2815 3029 2915 3083 viri
2943 3029 3026 3084 sui
3048 3044 3079 3083 a
3107 3027 3248 3083 fame
3278 3028 3500 3084 liberata
3528 3026 3743 3092 fuerit;

2157 3122 2206 3178 si
2231 3120 2489 3185 voluerit,
2526 3127 2704 3189 potest
2737 3131 2858 3172 eum
2888 3118 3181 3181 dimittere,
3212 3123 3268 3170 et
3299 3116 3346 3171 si
3369 3132 3429 3171 se
3453 3115 3749 3171 continere

2155 3229 2263 3269 non
2307 3219 2505 3283 potest,
2545 3209 2710 3265 alium
2747 3210 2964 3264 ducere.
3031 3205 3293 3262 Similiter
3321 3216 3378 3261 et
3401 3207 3465 3262 de
3504 3206 3749 3261 muliere

2155 3303 2201 3358 si
2229 3316 2287 3357 se
2334 3298 2653 3363 vendiderit,
2714 3305 2771 3352 et
2799 3295 2880 3351 vir
2922 3292 3039 3363 ejus
3070 3295 3145 3352 ita
3199 3295 3559 3357 consenserit,
3613 3293 3747 3351 tali:

2156 3401 2243 3448 ter
2290 3397 2473 3462 potest
2532 3397 2698 3453 stare,
2750 3388 2795 3445 si
2846 3402 2907 3442 se
2962 3387 3351 3457 separaverint.
3409 3386 3750 3441 Pumitentia

2156 3492 2337 3539 tamen
2382 3480 2661 3535 amborum
2708 3479 3014 3535 necessaria
3039 3484 3141 3533 est.
3191 3475 3327 3531 Nam
3372 3476 3462 3544 qui
3514 3475 3590 3531 de
3622 3492 3750 3545 pre-

2156 3573 2235 3628 tio
2280 3572 2427 3642 paris
2478 3571 2561 3633 sui
2606 3570 2674 3624 de
2715 3568 2811 3624 tali
2858 3568 3182 3624 necessitate
3239 3567 3493 3622 liberatus
3543 3554 3746 3630 qurit,

2158 3662 2213 3717 in
2250 3662 2340 3718 tali
2367 3660 2614 3732 conjugio
2642 3660 2802 3715 debet
2840 3672 3178 3730 permanere,
3202 3665 3260 3711 et
3302 3671 3407 3711 non
3462 3658 3747 3725 separari.

2157 3752 2362 3810 Concil.
2409 3752 2850 3822 Compendiense,
2885 3765 3004 3805 can.
3043 3749 3118 3804 5:
3147 3767 3167 3800 ι
3195 3748 3254 3804 Si
3277 3748 3517 3803 Francus
3570 3747 3743 3805 homo

2158 3846 2367 3916 accepit
2405 3844 2707 3909 mulierem,
2756 3850 2812 3897 et
2861 3849 3046 3911 sperat
3084 3840 3228 3910 quod
3282 3839 3513 3908 ingenua
3559 3838 3659 3900 sit,
3693 3848 3751 3893 et

2158 3947 2345 4009 postea
2372 3938 2577 3993 invenit
2617 3936 2759 4006 quod
2789 3950 2896 3991 non
2931 3941 3014 3991 est
3048 3934 3296 4004 ingenua,
3348 3931 3592 3988 dimittat
3618 3949 3747 3988 eam

2157 4029 2206 4083 si
2234 4026 2371 4094 vult,
2396 4036 2451 4082 et
2482 4026 2711 4095 accipiat
2730 4024 2909 4091 aliam.

2228 4116 2386 4173 Liber
2411 4126 2486 4172 est
2509 4133 2574 4172 ex
2597 4132 2657 4171 ea
2682 4122 2979 4186 generatus.
3044 4112 3259 4175 Etenim
3281 4111 3435 4182 juxta
3462 4108 3740 4165 Iustinia-

2155 4208 2213 4269 ni
2258 4207 2434 4269 lnstit.
2496 4207 2590 4267 lib.
2645 4222 2685 4271 ι,
2735 4205 2874 4260 titul.
2903 4204 2981 4259 ιιι
3016 4221 3037 4256 ι
3074 4200 3284 4258 Suflicit
3311 4203 3537 4257 liberam
3572 4201 3750 4271 fuisse

2158 4309 2390 4358 matrem
2439 4314 2505 4354 eo
2561 4306 2803 4367 tempore
2858 4310 2965 4365 quo
3010 4293 3271 4357 nascitur,
3338 4291 3466 4349 licet
3532 4292 3742 4356 ancilla

2158 4391 2487 4461 conceperit.
2526 4409 2544 4443 ι
2573 4387 2765 4459 Leges,
2790 4392 3053 4457 quantum
3092 4384 3207 4439 fieri
3262 4392 3457 4453 potest,
3497 4382 3623 4452 iuri
3656 4400 3751 4438 na.

2168 4483 2324 4540 turali
2374 4479 2576 4547 favent,
2620 4480 2748 4551 quia
2779 4485 2840 4533 ut
2863 4477 3059 4534 dicitur
3079 4477 3238 4532 titulo
3281 4476 3337 4541 2,
3382 4493 3403 4526 ι
3430 4474 3560 4544 jure
3583 4485 3749 4531 natu-

2165 4575 2265 4631 rali
2309 4588 2499 4630 omnes
2518 4574 2765 4629 homines
2791 4572 2861 4628 ab
2884 4571 3040 4627 initio
3082 4570 3239 4627 liberi
3281 4572 3675 4629 nascebantur.
3715 4592 3738 4626 ι

2166 4665 2234 4720 Et
2259 4664 2412 4720 titulo
2438 4666 2473 4720 5
2525 4664 2600 4717 ita
2631 4661 2886 4719 delinitur
2932 4662 3168 4718 servitus
3197 4681 3212 4715 :
3247 4680 3267 4713 ι
3300 4661 3398 4717 Est
3417 4664 3749 4719 constitutio

2161 4752 2301 4823 juris
2338 4755 2603 4827 gentium,
2660 4769 2764 4824 qua
2806 4751 2930 4823 quis
2978 4753 3198 4809 domino
3239 4761 3428 4808 contra
3482 4763 3751 4812 naturam

2169 4843 2469 4914 subjicitur.
2511 4863 2530 4895 ι
2556 4842 2713 4899 Unde
2756 4843 3091 4898 contrarium
3136 4852 3430 4899 nonorecte
3452 4842 3661 4913 legitur
3694 4848 3750 4906 in

2166 4950 2287 5006 cap.
2310 4916 2387 4989 τι
2433 4933 2577 5004 quod
2607 4933 2687 4989 sic
2712 4948 2741 4987 a
2773 4931 2839 4987 Β.
2873 4933 2938 4987 ι).
2958 4931 3106 4989 Luca
3129 4932 3360 4989 Acherio
3382 4933 3595 4992 editum
3620 4946 3710 4993 est
3730 4953 3748 4990 :

2173 5042 2193 5077 ι
2253 5024 2345 5094 qui
2376 5030 2663 5096 generatus
2699 5028 2804 5088 est,
2841 5036 3049 5077 servus.
3085 5041 3105 5074 ι

2753 5111 2981 5169 CAPUT
3018 5113 3152 5168 Xlll.

2557 5202 2636 5257 De
2674 5202 2888 5257 diversis
2935 5202 3341 5269 Qumtionibus.

2239 5292 2455 5363 Jejunia
2468 5291 2766 5362 legitima...
2782 5301 2903 5346 ante
2920 5291 3114 5349 Natale
3126 5288 3357 5359 Domini.
3375 5292 3752 5365 VideEgberti

494 5383 718 5438 libatum
743 5381 993 5437 dedecori
1053 5379 1219 5444 ducit,
1276 5387 1331 5433 et
1360 5395 1423 5434 ea
1466 5381 1531 5435 de
1555 5397 1720 5437 causa
1762 5382 1878 5436 vult
1903 5382 2068 5437 filiam
2167 5382 2526 5438 Eboracensis
2558 5382 2948 5453 archiepiscopi
2972 5381 3269 5452 Dialogum,
3315 5382 3407 5451 qui
3432 5382 3486 5437 in
3518 5399 3756 5455 respon-

497 5474 694 5530 marito
734 5471 982 5543 iungere,
1035 5470 1197 5525 faciat
1235 5470 1378 5539 quod
1427 5470 1658 5525 videtur.
1710 5490 1728 5524 ι
1768 5471 1876 5528 Sed
1914 5473 2072 5527 aliter
2160 5474 2314 5530 sione
2340 5475 2407 5529 ad
2436 5474 2912 5545 interrogationem
2959 5472 3026 5529 16
3088 5481 3369 5528 testatura
3400 5476 3751 5544 temporibus

496 5570 772 5632 exponunt
809 5562 919 5615 alii.
964 5560 1201 5616 Hilarius
1235 5559 1496 5615 diaconus
1553 5561 1606 5614 in
1658 5560 1951 5632 Epistolam
2000 5563 2069 5619 ad
2165 5564 2418 5621 Vitaliani
2472 5580 2621 5636 papa:
2668 5573 2726 5621 et
2754 5562 3019 5619 Theodori
3063 5563 3348 5620 inolevisse
3399 5564 3454 5619 in
3501 5563 3757 5621 Ecclesia

499 5651 741 5713 Corinth.
766 5653 807 5718 l,
846 5668 965 5722 cap.
1020 5668 1134 5707 vn:
1166 5671 1184 5703 ι
1224 5652 1280 5707 Si
1312 5667 1443 5723 ergo
1486 5652 1663 5721 aliqua
1716 5653 1771 5707 in
1798 5654 2069 5718 desiderio
2162 5654 2455 5739 Anglorum
2483 5656 2621 5710 hanc
2649 5655 3119 5713 consuetudinem.
3163 5673 3183 5706 ι
3236 5654 3370 5709 Nam
3401 5657 3539 5720 hate,
3566 5656 3756 5737 inquit
