3942 6182
312 299 443 355 Ηϐι

1438 292 2010 352 OBSERVATIONES
2050 295 2136 349 ΕΤ
2174 294 2407 353 NOTAE.

3405 304 3544 359 “63

307 417 444 485 (Deo
481 416 705 487 gratias)
732 432 763 470 a
796 418 1124 486 temporibus
1151 418 1398 473 Vitaliani
1439 433 1589 487 papae
1622 427 1678 473 et
1705 417 1873 472 Theo—
1899 414 1950 471 Λ
1975 408 2113 464 bella
2151 424 2275 467 cum
2309 399 2477 464 armis
2521 410 2906 479 processerint,
2954 412 3028 465 ita
3087 412 3443 483 deponantur,
3490 423 3549 467 ut

307 509 426 563 dori
476 507 897 563 Dorobernensis
944 508 1330 579 archiepiscopi
1363 508 1584 563 inolevit
1613 509 1667 563 in
1695 507 1878 562 Eccle-

306 600 390 653 sia
447 597 739 667 Anglorum
784 598 1135 662 consuetudo,
1177 608 1234 654 et
1283 600 1438 668 quasi
1494 600 1735 669 legitima
1796 605 1878 654 te-

306 689 558 752 nebatur,
590 695 648 741 ut
687 703 792 742 non
821 687 995 743 solum
1040 688 1224 744 clerici
1275 690 1330 743 in
1388 689 1750 752 monasteriis,
1780 687 1876 743 sed

304 778 475 832 etiam
517 776 639 833 laici
684 792 805 832 cum
835 777 1153 849 coniugibus
1176 788 1235 833 et
1266 778 1486 835 familiis
1528 779 1641 836 suis
1662 779 1731 835 ad
1749 792 1877 835 con-

308 867 545 923 fessores
581 883 708 924 suos
730 870 1100 939 pervenirent,
1143 879 1199 926 et
1249 885 1311 927 se
1354 870 1566 927 ﬂetibus
1600 886 1631 926 a
1685 885 1877 926 carna-

306 956 375 1012 lis
426 958 877 1026 concupiscentia:
922 961 1197 1016 cuinsortio
1239 961 1327 1017 his
1361 962 1643 1023 duodecim
1687 960 1878 1017 diebus

305 1062 433 1103 cum
464 1047 930 1120 eleemosynarum
980 1049 1264 1122 largitione
1300 1051 1651 1117 mandarent;
1690 1059 1879 1120 quate-

304 1154 411 1193 nus
461 1138 710 1207 puriores
744 1138 1039 1195 Dcminicaa
1065 1141 1457 1198 communionis
1477 1141 1881 1213 perceptionem

306 1230 362 1285 in
414 1230 602 1287 Natale
630 1232 843 1287 Domini
892 1234 1266 1305 perciperent;
1320 1244 1518 1305 praeter
1567 1236 1685 1291 haec
1732 1248 1880 1290 nam-

304 1335 413 1389 que
444 1322 741 1377 constituta
790 1321 1013 1391 jejunia,
1066 1332 1259 1393 quarta
1306 1334 1362 1379 et
1393 1332 1546 1381 sexta
1574 1322 1711 1379 feria
1747 1338 1880 1393 pro-

303 1416 433 1476 pter
464 1410 770 1478 passionem
814 1409 1036 1477 Christi,
1091 1421 1148 1468 et
1188 1406 1434 1478 sabbato,
1473 1422 1694 1485 propter
1734 1414 1882 1485 quod

305 1503 428 1572 ipso
455 1502 541 1556 die
561 1501 734 1572 jacuit
773 1502 828 1555 in
874 1503 1120 1573 sepulcro
1164 1503 1407 1574 plerique
1424 1504 1821 1574 jejunaverunt.
1855 1524 1873 1557 ι

382 1591 549 1647 Sorae
590 1591 686 1645 Dei
714 1591 1009 1648 nullatenus
1034 1592 1155 1647 licet
1180 1610 1434 1664 pugnare,
1486 1593 1769 1649 multorum
1817 1592 1881 1647 li-

1979 513 2079 553 nec
2125 497 2319 556 laicam
2381 488 2811 555 communionem
2862 502 3111 556 habeant.
3171 520 3192 554 ι
3242 502 3379 571 Ergo
3442 502 3549 572 legi

1978 590 2138 647 debet
2175 590 2318 646 sicut
2358 591 2555 646 habent
2582 590 2687 646 duo
2727 592 2940 647 codices
2963 591 3355 648 Pmnitentialis
3373 592 3551 647 Theo-

1979 681 2096 736 dori
2144 700 2157 734 :
2215 699 2234 732 ι
2278 681 2447 736 Servo
2473 681 2568 737 Dei
2616 682 2920 740 nullatenus
2956 683 3085 738 licet
3113 699 3376 755 pugnare,
3405 683 3547 738 mul-

1980 778 2157 828 torum
2184 771 2310 827 licet
2336 772 2411 827 sit
2451 771 2679 829 consilio
2706 787 2983 829 servorum
3012 773 3126 829 Dei.
3160 791 3183 825 ι
3354 830 3378 846 κ

2047 857 2315 929 Infantem
2348 874 2444 931 pro
2466 859 2668 931 infante
2713 870 2877 933 potest
2918 862 3038 916 dari
3080 863 3151 916 ad
3172 864 3548 917 monasterium

1977 948 2110 1004 Deo.
2155 947 2395 1005 Infantes
2433 959 2708 1021 perpetuac
2735 951 3030 1023 virginitati
3105 952 3288 1007 dicare
3316 953 3420 1009 hoc
3460 968 3551 1008 sa-

1979 1039 2052 1096 tis
2095 1040 2216 1096 esse
2263 1041 2541 1111 antiquum
2582 1045 2639 1097 in
2688 1042 2926 1098 Ecclesia
2954 1042 3189 1099 declarat
3217 1043 3545 1115 exemplum,

1976 1130 2127 1199 (μωά
2170 1129 2437 1202 Sulpitius
2478 1130 2713 1189 Severus
2764 1132 2931 1188 refert
2986 1133 3041 1188 in
3080 1132 3317 1189 Historia
3369 1135 3546 1189 sancti

1981 1220 2218 1289 Martini,
2267 1237 2386 1293 cap.
2412 1221 2483 1277 20
2514 1241 2528 1277 :
2565 1241 2586 1276 ι
2619 1222 2748 1291 Qua:
2786 1240 2895 1291 res,
2943 1225 3138 1296 inquit,
3191 1227 3333 1297 apud
3373 1226 3548 1283 Arbo-

1983 1311 2123 1367 rium
2146 1311 2203 1368 in
2233 1319 2439 1367 tantum
2486 1312 2677 1379 valuit,
2714 1323 2774 1368 ut
2821 1315 3004 1371 statim
3036 1316 3265 1386 puellam
3291 1316 3404 1372 Deo
3448 1333 3548 1373 vo-

1979 1401 2143 1468 verit,
2168 1410 2252 1459 και
2303 1411 2577 1473 perpetua:
2625 1404 2921 1476 virginitati
2965 1404 3180 1473 dicarit,
3224 1415 3327 1463 etc.
3363 1428 3383 1461 ι
3412 1408 3553 1463 San-

1979 1500 2101 1547 ctus
2143 1492 2493 1563 Augustinus,
2542 1493 2635 1549 lib.
2686 1496 2753 1551 de
2805 1495 3115 1563 Quantitate
3165 1498 3378 1563 auitae,
3429 1513 3550 1569 cap.

1981 1580 2051 1636 56
2080 1598 2096 1637 :
2124 1600 2144 1633 ι
2193 1580 2315 1637 Jam
2366 1599 2497 1639 vero
2544 1584 2708 1639 etiam
2743 1602 3031 1656 puerorum
3088 1586 3373 1643 infantium
3420 1605 3552 1645 con-

306 1694 387 1738 cet
438 1686 508 1738 sit
545 1684 771 1739 consilio
809 1700 1074 1740 servorum
1125 1686 1241 1740 Dei.
1296 1686 1517 1742 Rectius
1566 1702 1695 1742 sane
1716 1701 1878 1757 quam

1984 1672 2316 1727 secrationes
2351 1680 2611 1741 quantum
2638 1674 2864 1743 prosint,
2903 1676 3289 1731 obscurissima
3327 1678 3556 1749 qumstio

305 1774 452 1843 quod
494 1775 657 1831 habet
705 1776 867 1846 cap“.
929 1775 1020 1839 42,
1076 1792 1104 1829 θ
1146 1776 1213 1831 ῃ,
1245 1776 1309 1831 Ι)⁸
1342 1777 1487 1832 Luca
1539 1747 1774 1833 Αριιρτίό
1799 1777 1880 1834 sic
1912 1747 1955 1805 Β
1982 1768 2088 1826 est,
2119 1761 2361 1815 nonnihil
2394 1770 2576 1818 tamen
2616 1766 2873 1831 prodesse
2903 1766 3225 1821 credendum
3265 1747 3366 1823 est.
3404 1768 3557 1826 Inve-

305 1864 555 1920 editum:
595 1883 613 1915 ι
668 1864 891 1921 Clericis
941 1864 1245 1939 nullatenus
1292 1882 1532 1937 pugnare
1574 1867 1721 1933 licet,
1776 1867 1882 1923 nisi

272 1955 363 2010 -in
405 1954 766 2019 multitudine,
812 1962 904 2009 aut
935 1954 1161 2010 consilio
1218 1969 1497 2010 servorum
1547 1955 1662 2011 Dei.
1704 1977 1722 2009 ι
1754 1955 1884 2023 Quae

309 2043 474 2101 lectio
527 2045 749 2100 omnino
776 2052 978 2115 pugnat
1013 2043 1311 2100 canonibus
1353 2044 1722 2109 conciliorum,
1772 2054 1881 2101 tam

307 2152 429 2205 quae
466 2136 795 2206 praecedunt,
846 2150 1008 2206 quam
1047 2152 1167 2205 qua:
1200 2137 1619 2208 subsequuntur.
1670 2138 1878 2193 Concil.

306 2227 764 2292 Chalcedonense,
806 2243 857 2283 e.
880 2228 911 2282 7
944 2245 957 2282 :
995 2247 1013 2280 ι
1072 2228 1179 2283 Eos
1230 2229 1402 2299 quiin
1430 2229 1575 2284 clero
1602 2229 1767 2284 semel
1793 2247 1883 2284 or-

307 2317 478 2371 dinati
501 2325 648 2383 sunt,
699 2326 758 2373 et
779 2318 965 2372 itidem
1010 2320 1324 2384 monachos,
1378 2318 1665 2375 statuimus
1690 2335 1787 2375 nec
1814 2318 1881 2373 ad

307 2407 599 2462 militarem
642 2407 1061 2478 expeditionem,
1113 2423 1213 2465 nec
1260 2409 1328 2463 ad
1376 2409 1688 2464 surcularem
1713 2410 1882 2480 digni—

309 2505 477 2553 tatem
503 2512 661 2568 posse
687 2499 892 2554 venire.
933 2499 1036 2567 Qui
1063 2509 1243 2555 autem
1288 2500 1391 2556 hoc
1435 2500 1655 2567 audent,
1696 2513 1747 2556 et
1775 2517 1879 2555 non

306 2592 626 2660 penitentia
678 2588 822 2647 ducti
863 2593 930 2647 ad
961 2593 1015 2647 id
1061 2600 1427 2659 revertuntur,
1470 2594 1612 2663 quod
1658 2603 1883 2664 propter

308 2681 479 2736 Deum
528 2681 679 2753 prius
725 2682 1019 2752 elegerant,
1072 2683 1542 2739 anathematizari.
1599 2701 1618 2735 ι
1671 2682 1875 2739 Concil.

306 2775 715 2847 Andegavense,
769 2791 889 2831 can.
916 2768 986 2830 7:
1026 2792 1044 2826 ι
1079 2774 1272 2831 Clerici
1303 2789 1532 2845 quoque,
1577 2774 1667 2844 qui
1691 2776 1880 2830 relicto

305 2865 455 2921 clero
499 2870 559 2921 se
606 2867 673 2921 ad
699 2865 1009 2921 siccularem
1057 2864 1307 2920 militiam
1356 2874 1411 2920 et
1451 2866 1518 2920 ad
1544 2865 1711 2921 laicos
1743 2880 1878 2920 con-

304 2956 552 3022 tulerint,
594 2969 699 3011 non
726 2953 922 3025 injuste
946 2954 1014 3010 ab
1042 2955 1296 3019 Ecclesia,
1332 2971 1495 3026 quam
1519 2957 1876 3025 reliquerunt,

305 3056 643 3144 amarentur.
680 3067 699 3100 ι
732 3047 935 3144 Concil.
960 3047 1277 3102 Toletanum
1319 3064 1392 3144 tv,
1423 3064 1473 3104 c.
1509 3047 1544 3102 4
1575 3061 1590 3101 :
1630 3066 1649 3100 ι
1680 3047 1874 3144 Clerici
1902 3082 1949 3144 ο

302 3135 362 3189 in
409 3150 728 3212 quacunque
766 3136 1025 3191 seditione
1059 3149 1210 3189 arma
1250 3135 1493 3192 volentes
1527 3139 1875 3208 sumpserint,

302 3223 395 3280 vel
421 3232 785 3295 sumpserunt,
836 3224 1054 3294 reperti,
1089 3224 1289 3280 amisso
1331 3226 1539 3282 ordinis
1592 3228 1673 3282 sui
1705 3230 1875 3299 gradu

305 3317 364 3371 in
414 3317 795 3372 monasterium
818 3317 1148 3387 paenitentia:
1177 3318 1583 3373 contradantur.
1614 3338 1633 3373 ι
1667 3317 1873 3376 Concil.

303 3404 687 3461 Germanicum
711 3422 750 3473 ι,
786 3422 836 3462 c.
863 3406 936 3461 2:
973 3426 991 3458 ι
1031 3405 1213 3463 Servis
1242 3406 1334 3464 Dei
1355 3421 1452 3478 per
1492 3410 1673 3464 omnia
1698 3425 1880 3465 arma-

305 3506 488 3553 turam
535 3506 773 3568 portare,
828 3499 912 3554 vel
960 3513 1215 3571 pugnare,
1265 3501 1440 3555 autin
1490 3502 1787 3557 exercitum
1818 3510 1872 3556 et

307 3592 364 3646 in
390 3591 601 3647 hostem
623 3605 849 3662 pergere
893 3594 1114 3649 omnino
1149 3595 1540 3665 prohibuimus.
1576 3616 1594 3647 ι
1630 3595 1879 3668 Synodus

305 3680 586 3748 Metensis,
608 3698 729 3737 can.
765 3683 830 3738 16
866 3702 879 3738 :
914 3702 932 3734 ι
973 3682 1041 3740 Ut
1058 3699 1205 3739 arma
1233 3685 1415 3741 clerici
1436 3702 1543 3741 non
1571 3692 1804 3756 portent.
1852 3707 1874 3741 ι

301 3771 489 3827 Caroli
533 3772 706 3845 Magni
750 3774 981 3844 capitula
1022 3775 1408 3843 ecclesiastica,
1458 3774 1576 3848 cap.
1607 3777 1641 3831 4
1672 3795 1685 3832 :
1718 3792 1741 3829 ι
1779 3777 1878 3834 Se-

302 3863 486 3917 cunda
537 3865 655 3919 vice
700 3873 922 3935 propter
973 3864 1287 3936 ampliorem
1320 3866 1720 3922 observantiam
1754 3883 1882 3938 apo-

301 3953 497 4010 stolica
550 3956 891 4021 auctoritate,
926 3964 981 4010 et
1032 3955 1322 4011 multorum
1361 3956 1737 4027 episcoporum
1786 3956 1885 4011 ad-

280 4044 602 4100 nuonitione
651 4045 921 4112 instructi,
965 4054 1381 4116 sanctorumque
1419 4060 1685 4123 canonum
1720 4061 1881 4123 regu-

304 4135 377 4189 lis
413 4134 607 4199 edocti,
648 4135 896 4191 consultu
933 4135 1187 4191 videlicet:
1217 4136 1456 4191 omnium
1493 4136 1752 4192 nobilium
1784 4151 1882 4193 nov

300 4231 561 4288 stromm,
608 4226 966 4297 nosmetipsos
993 4224 1347 4297 corrigentes,
1396 4228 1735 4298 posterisque
1777 4243 1878 4285 re

300 4315 440 4370 stt-is
461 4315 759 4386 exemplum
787 4317 994 4382 dantes,
1048 4317 1291 4373 volumus
1316 4329 1376 4373 ut
1417 4318 1594 4375 nullus
1620 4320 1878 4376 sacerdos

1982 1856 2094 1911 niet
2146 1856 2249 1912 hoc
2302 1857 2462 1921 ratio,
2491 1872 2617 1911 cum
2668 1858 2836 1927 quaeri
2875 1859 3216 1928 oportuerit:
3248 1876 3556 1930 quanquam

1979 1953 2037 2003 ct
2078 1944 2181 2000 alia
2228 1946 2393 2002 multa
2412 1946 2525 2015 jam
2563 1948 2653 2003 diu
2706 1949 2993 2018 quaerenda
3032 1950 3132 2005 tibi
3174 1951 3353 2021 potius
3390 1968 3553 2022 quam

1980 2036 2352 2106 cognoscenda
2401 2037 2739 2108 protulerim.
2806 2038 2962 2106 Quod
3008 2039 3103 2096 lict
3152 2042 3457 2108 utilissime,
3510 2046 3556 2099 si

1980 2123 2114 2178 duce
2153 2125 2352 2194 pietate
2381 2126 2742 2196 requirantur.
2779 2149 2798 2181 ι
2830 2128 2961 2183 Post
3005 2140 3253 2187 sanctum
3295 2132 3556 2191 Basilium

1982 2212 2298 2269 Theodorus
2327 2214 2612 2285 judicabat
2649 2217 2955 2288 hujusmodi
3011 2221 3447 2278 consecrationes
3483 2221 3555 2277 fa-

1978 2301 2082 2357 cile
2124 2302 2281 2358 solvi.
2341 2304 2433 2360 Sic
2481 2307 2627 2360 enim
2687 2322 2809 2379 cap.
2862 2308 2970 2364 120
3019 2308 3251 2366 Basilius
3291 2310 3558 2380 judicavit

1977 2394 2163 2463 pueris
2180 2393 2457 2452 licentiam
2487 2399 2690 2455 nubere
2712 2407 2837 2455 ante
2856 2401 3129 2458 sexdecim
3153 2419 3346 2471 annos,
3391 2407 3438 2462 si
3462 2407 3559 2463 ab-

1959 2487 2183 2543 ‘stinere
2231 2502 2339 2543 non
2379 2490 2673 2559 potuerint,
2725 2495 2975 2562 quamvis
3020 2496 3272 2553 monachi
3304 2498 3551 2555 fuissent.

1980 2577 2114 2633 Vide
2153 2594 2366 2650 quoque
2407 2583 2551 2652 quod
2590 2584 2872 2640 retulimus
2897 2601 3082 2658 supra.

2047 2667 2127 2722 De
2150 2680 2355 2724 mortuo
2386 2681 2562 2726 autem
2588 2672 2685 2728 Dei
2721 2674 2898 2741 solius
2942 2687 3018 2732 est
3070 2679 3278 2735 notitia.
3322 2681 3560 2738 Anasta-

1979 2756 2093 2813 sius
2119 2758 2183 2825 ll,
2209 2759 2266 2813 in
2286 2760 2445 2829 epist.
2464 2761 2519 2828 l,
2539 2763 2606 2818 ad
2627 2762 2974 2821 Anastasium
2996 2767 3314 2839 Augustum,
3332 2786 3449 2841 cap.
3481 2772 3515 2826 2
3538 2791 3552 2827 :

1984 2868 2007 2903 ι
2060 2851 2245 2922 itaque
2289 2864 2545 2911 monente
2575 2871 2673 2913 nos
2718 2858 3032 2916 beatissimo
3089 2860 3254 2918 Paulo
3292 2866 3553 2936 apostolo,

1978 2959 2050 2999 ne
2077 2946 2220 3015 ‘quod
2249 2947 2321 3002 sit
2354 2947 2409 3003 in
2434 2948 2540 3005 hoc
2585 2947 2969 3007 oﬂ‘endiculum
3013 2951 3067 3007 in
3096 2954 3356 3023 Ecclesia,
3397 2958 3548 3025 dum,

1979 3038 2122 3107 quod
2166 3037 2345 3095 facere
2387 3055 2495 3095 non
2534 3054 2840 3113 possumus,
2871 3044 2939 3100 de
2971 3045 3056 3099 his
3087 3046 3179 3116 qui
3223 3045 3337 3116 jam
3370 3058 3550 3106 trans-

1981 3129 2180 3194 ierunt,
2212 3129 2457 3198 judicare
2511 3144 2791 3200 conemur,
2834 3135 3230 3210 observandum
3255 3155 3374 3195 esse
3404 3150 3550 3197 tran-

1979 3220 2221 3290 quillitas
2253 3230 2344 3276 tua
2376 3232 2682 3294 cognoscat.
2715 3223 2805 3280 Ait
2834 3226 2978 3281 enim
3033 3228 3100 3284 de
3121 3229 3204 3285 his
3232 3233 3323 3301 qui
3360 3232 3426 3287 de
3467 3249 3553 3288 re-

1978 3310 2080 3367 bus
2134 3312 2201 3367 ad
2245 3314 2414 3370 Deum
2451 3315 2622 3371 solum
2666 3318 3063 3387 pertinentibus
3107 3320 3351 3390 judicare
3404 3342 3546 3396 pne-

1979 3410 2197 3456 sumunt
2228 3420 2240 3455 :
2272 3400 2442 3457 Nemo
2469 3406 2607 3458 enim
2635 3415 2870 3461 nostrum
2889 3408 2988 3462 sibi
3018 3410 3162 3477 vivit,
3204 3423 3251 3467 et
3273 3430 3422 3468 nemo
3449 3416 3551 3471 sibi

1978 3495 2221 3559 moritur,
2249 3501 2355 3549 etc.
2392 3513 2411 3546 ι
2441 3495 2563 3550 Alia
2613 3495 2833 3552 Patrum
2889 3500 3196 3557 testimonia
3249 3504 3317 3560 de
3347 3505 3453 3560 hac
3487 3520 3552 3563 re

1978 3581 2159 3652 legere
2202 3592 2288 3639 est
2340 3585 2397 3640 in
2437 3587 2729 3643 constituto
2782 3590 2963 3661 Vigilii
2986 3606 3140 3663 papa:
3158 3594 3225 3649 de
3253 3596 3425 3651 tribus
3449 3596 3553 3653 Ca-

1978 3673 2183 3742 pitulis.
2235 3674 2341 3732 Sed
2371 3675 2439 3731 de
2484 3678 2673 3733 eadem
2727 3681 3024 3751 quaestione
3073 3683 3364 3754 plurimum
3390 3702 3424 3743 ia
3448 3687 3551 3743 Pa-

1970 3756 2150 3820 tribus
2196 3766 2383 3837 synodi
2411 3766 3015 3840 Constantinopolitanm
3055 3789 3094 3829 ιι
3123 3775 3385 3833 discussa.
3418 3779 3552 3835 Vide

1979 3855 2264 3924 epistolam
2288 3856 2633 3927 imperatoris
2653 3859 2942 3918 Justiniani
2970 3864 3038 3921 ad
3063 3867 3324 3936 synodum
3346 3884 3389 3922 ιι
3417 3868 3553 3924 Con-

1980 3946 2555 4016 stantinopolitanam;
2610 3948 2796 4021 Cyrilli
2823 3954 2982 4022 epist.
3034 3953 3102 4009 ad
3134 3964 3377 4011 sanctum
3417 3956 3552 4012 Pro-

1980 4036 2162 4105 clum;
2212 4037 2390 4095 Procli
2434 4041 2593 4110 epist.
2656 4043 2725 4098 ad
2779 4041 3041 4100 Joannem
3103 4045 3543 4116 Antiochenam;

1972 4126 2329 4185 .Collationem
2358 4146 2453 4185 vin
2484 4132 2696 4187 concilii
2731 4130 3307 4204 Constantinopolitani
3332 4153 3370 4192 ιι
3391 4153 3408 4203 ;
3433 4137 3539 4195 Pe-

1979 4217 2106 4289 lagii
2146 4218 2191 4275 ιι
2228 4221 2512 4290 epistolam
2561 4223 2627 4278 ad
2659 4221 2831 4278 Eliam
2875 4224 3278 4294 Aquileiensem
3305 4236 3360 4283 et
3407 4228 3545 4285 alios

1977 4310 2149 4365 lstrite
2181 4312 2483 4382 episcopos,
2526 4323 2583 4370 et
2606 4313 2892 4370 Iustiniani
2921 4316 3265 4386 imperatoris
3314 4319 3549 4377 edictum

302 4406 363 4460 in
390 4404 597 4461 hostem
632 4416 839 4478 pergat,
889 4417 995 4463 etc.
1037 4426 1056 4460 ι
1096 4409 1163 4463 Et
1212 4408 1372 4478 paulo
1404 4419 1565 4480 post:
1602 4429 1621 4463 ι
1657 4410 1724 4467 lli
1745 4428 1876 4469 vero

1982 4401 2237 4456 adversus
2264 4401 2365 4456 tria
2408 4401 2675 4473 Capitula.

304 4510 412 4550 nec
440 4511 589 4551 arma
619 4496 813 4562 ferant,
846 4512 945 4552 nec
972 4498 1035 4552 ad
1060 4512 1290 4570 pugnam
1311 4509 1559 4570 pergant,
1611 4517 1710 4558 nec
1741 4501 1875 4558 ell’u-
1974 4572 1977 4575 Α

302 4601 464 4643 seres
488 4588 825 4659 sanguinum,
882 4590 967 4644 vel
1019 4589 1309 4661 agitatores
1337 4591 1464 4645 (lant
1492 4610 1504 4645 :
1533 4593 1628 4647 sed
1671 4601 1878 4649 tantum

300 4684 619 4733 sanctorum
652 4678 877 4748 pignora
924 4687 979 4733 et
1024 4695 1179 4735 sacra
1228 4680 1525 4735 ministeria
1571 4681 1771 4747 ferant,
1825 4691 1880 4737 ct

298 4768 643 4825 orationibus
686 4785 785 4841 pro
828 4770 1031 4827 viribus
1086 4771 1358 4836 insistant,
1420 4781 1477 4826 ut
1510 4772 1734 4843 populus
1786 4775 1879 4842 qni

300 4872 550 4929 pugnare
589 4859 769 4923 debet,
815 4859 1109 4916 auxiliante
1154 4857 1401 4924 Domino,
1449 4852 1624 4915 victor
1659 4863 1875 4928 existat,

286 4953 367 5007 et
393 4961 501 5001 non
555 4949 626 5002 sit
676 4950 926 5004 sacerdos
979 4951 1119 5005 sicut
1138 4959 1190 5005 et
1246 4951 1489 5020 populus.
1525 4970 1544 5004 ι
1574 4949 1629 5005 Si
1655 4950 1880 5007 Carolus

301 5035 533 5106 lagona
550 5037 695 5092 dicat
738 5053 796 5093 se
826 5054 1089 5094 canonum
1117 5042 1317 5111 regulis
1340 5041 1589 5097 edoctum
1640 5041 1877 5112 seipsum

300 5126 580 5195 corrigere
619 5127 761 5196 quod
794 5126 1044 5196 jussissct
1095 5141 1283 5185 contra
1330 5131 1495 5201 ipsos,
1543 5140 1601 5185 ut
1629 5132 1882 5187 sacerdo-

298 5224 390 5270 tes
434 5224 749 5286 pugnarent,
796 5218 1063 5286 quomodo
1117 5218 1455 5284 Theodorus,
1497 5235 1762 5275 canonum
1788 5238 1878 5276 re-

292 5303 450 5374 gulis
492 5305 914 5371 addietissimus,
962 5313 1225 5377 potuisset
1254 5319 1493 5366 statuere
1542 5310 1710 5367 licere
1766 5312 1877 5367 cle-

297 5393 438 5448 ricis
464 5409 702 5465 pugnare
729 5411 853 5450 cum
882 5398 1106 5455 consilio
1134 5399 1423 5457 multorum
1450 5416 1728 5457 servorum
1759 5402 1876 5456 Dei.

300 5483 550 5553 Denique
571 5498 639 5539 ex
664 5484 917 5555 capitulis
938 5486 1153 5541 Heraldi
1183 5487 1514 5545 Turonensis
1534 5491 1877 5546 manifestum

296 5572 529 5649 esLita
576 5573 793 5643 deponi,
831 5584 1019 5631 utnec
1056 5576 1249 5631 laicam
1308 5580 1737 5635 communionem
1781 5581 1877 5635 ha-

298 5661 493 5728 beant,
536 5679 595 5720 ‘c.
628 5665 698 5719 50
751 5683 764 5719 :
805 5685 824 5717 ι
884 5666 953 5722 Ut
991 5668 1293 5740 presbyteri
1331 5679 1386 5726 et
1432 5671 1664 5739 diaconi,
1716 5673 1761 5728 si
1822 5675 1876 5729 in

634 5778 905 5839 ΡΑτιιυι.
968 5778 1191 5841 XCIX.

2597 4493 2822 4551 CAPUT
2856 4496 2993 4553 XIV.

2493 4583 2573 4638 De
2617 4585 3053 4642 reconciliatione.

2057 4674 2278 4729 Romani
2306 4675 2642 4729 reconcilient
2676 4677 2935 4732 hominem
2962 4679 3102 4733 intra
3126 4679 3379 4735 absidem.
3409 4681 3552 4740 Con-

1978 4765 2161 4820 cilium
2219 4765 2475 4837 Carthag.
2526 4784 2587 4832 u,
2629 4786 2749 4825 can.
2799 4770 2907 4824 52:
2949 4787 2968 4821 ι
3013 4769 3393 4844 Cujuscunque
3443 4790 3545 4832 au-

1980 4864 2085 4910 tem
2124 4857 2436 4924 paenitentis
2473 4857 2745 4928 publicum
2785 4869 2841 4914 et
2883 4860 3312 4932 vulgatisslmum
3333 4865 3538 4922 crimen

1977 4956 2078 5014 est,
2115 4949 2257 5018 quod
2296 4948 2550 5005 universa
2569 4950 2808 5006 Ecclesia
2854 4952 3087 5018 noverit,
3137 4960 3266 5012 ante
3304 4954 3544 5017 absidem

1980 5053 2170 5094 manus
2214 5036 2264 5093 ei
2295 5039 2621 5108 imponatur.
2661 5060 2679 5092 ι
2705 5039 2840 5096 Cum
2881 5042 3198 5100 Theodorus
3219 5046 3380 5112 dicat,
3408 5049 3549 5113 intra

1978 5131 2229 5195 absidem,
2275 5146 2494 5187 necesse
2526 5141 2607 5188 est
2640 5132 2881 5191 absidem
2920 5152 3028 5191 non
3076 5137 3249 5199 solum
3285 5138 3553 5207 interpre-

1977 5221 2079 5275 tari
2113 5220 2177 5276 de
2206 5222 2332 5277 sede
2351 5229 2407 5276 et
2437 5223 2630 5278 throno
2649 5224 2905 5296 episcopi,
2955 5224 3050 5280 sed
3076 5225 3255 5296 potius
3280 5225 3351 5287 de
3373 5226 3550 5297 spatio

1978 5310 2069 5365 illo
2097 5312 2239 5381 quod
2252 5313 2612 5382 propinquum
2627 5321 2711 5369 est
2722 5329 2832 5369 arm
2856 5313 3066 5383 majori,
3100 5321 3156 5367 et
3181 5314 3434 5379 cancellis
3463 5329 3550 5379 se-

1976 5414 2225 5476 paratum
2252 5414 2336 5462 est
2386 5422 2417 5461 a
2441 5406 2647 5478 reliqua
2701 5406 2931 5463 ecclesia
2966 5422 2980 5459 :
3009 5405 3151 5460 sicut
3180 5404 3545 5473 eruditeani-

1974 5497 2265 5571 madvertit
2293 5496 2600 5567 Stephanus
2647 5495 2974 5552 Baluziusiu
3016 5494 3129 5549 suis
3174 5494 3319 5550 notis
3340 5493 3405 5549 ad
3433 5494 3543 5552 Re-

1977 5587 2249 5658 ginonem.
2294 5598 2351 5643 et
2396 5590 2587 5660 prohat
2644 5586 2948 5644 testimonio
2994 5584 3273 5659 Anastasii
3320 5583 3373 5642 in
3424 5585 3546 5644 Vita

1978 5676 2172 5734 Leonis
2223 5678 2308 5733 Ill.

2994 5788 3069 5848 37
