3968 6180
473 355 612 411 1167

1043 345 1388 404 ἸἮΕΟΒΟΒΙ
1425 344 1740 401 ARCHIEP.
1781 341 2046 399 CANTUA

2172 341 2516 397 DOCTRINA
2555 343 2642 397 DE
2679 341 3128 399 PleTE-NTIA

3601 340 3739 394 “68

478 476 665 521 autem
684 477 777 520 eos
803 477 908 516 non
939 461 1184 524 audierit,
1204 461 1288 513 dic
1315 459 1590 522 Ecclesiae,
1608 457 1926 526 praesulibus
1947 454 2050 508 sci-
2075 457 2125 516 ,Α
2150 465 2511 523 peccaverunt,
2535 466 2582 510 et
2611 473 2714 510 non
2727 465 2952 525 egerunt
2971 457 3345 526 penitentiam,
3373 469 3436 512 ac
3462 470 3585 512 sese
3607 458 3742 527 ipsis

478 556 604 612 licet
626 570 691 609 ac
710 551 1138 624 praesidentibus,
1185 560 1290 604 etc.
1335 547 1667 616 Quwcunque
1715 544 2049 614 alligaret-itis

475 660 632 716 super
653 653 870 707 terram,
911 649 1061 695 erunt
1087 639 1247 709 ligata
1289 647 1337 692 et
1362 638 1414 691 in
1441 636 1600 702 caelis,
1628 645 1732 690 etc.
1764 633 1899 688 Nam
1925 650 2050 688 cum

476 739 592 793 lucc
615 736 771 800 sciat,
815 734 1062 804 quamvis
1110 733 1284 802 primo
1329 732 1571 802 ingressu
1616 731 1796 785 minus
1839 728 2048 795 fecerit,

475 826 818 882 multitudine
859 833 1041 879 tamen
1082 822 1410 892 judiciorum
1451 822 1747 885 convictus,
1779 821 1912 875 iram
1943 819 2051 875 for-

475 927 621 973 tasse
651 917 897 986 deponet.
949 912 1063 967 Hac
1113 913 1257 967 enim
1297 911 1363 966 de
1412 927 1573 966 causa
1619 925 1724 964 non
1769 909 2051 966 confestim

473 1006 763 1069 abscindit,
794 1005 889 1059 sed
918 1003 986 1057 ad
1009 1002 1226 1056 tertium
1253 1016 1422 1070 usque
1445 1000 1706 1071 judicium
1735 1014 2051 1070 progressus

473 1105 594 1156 est:
623 1107 684 1154 ut
709 1097 753 1152 si
783 1096 955 1167 primo
995 1110 1100 1149 non
1139 1093 1401 1164 paruerit,
1447 1093 1779 1160 obtemperet
1823 1091 2000 1145 alteri.
2025 1110 2043 1144 ι

475 1189 569 1246 Sic
607 1199 824 1244 sanctus
863 1185 912 1241 J.
960 1186 1376 1256 Chrysostomus
1427 1191 1588 1254 negat
1632 1197 1834 1237 morem
1881 1181 2048 1236 fuisse

474 1281 729 1336 Ecclesiae
753 1280 973 1334 decreto
1001 1279 1286 1341 sancitum,
1332 1274 1545 1344 publice
1587 1274 1654 1329 de
1693 1273 1932 1343 peccatis
1961 1287 2052 1327 oc-

471 1374 634 1430 cultis
681 1372 1021 1443 pcenitendi;
1073 1384 1232 1439 quem
1286 1367 1532 1436 repudiat
1581 1365 1743 1420 veluti
1801 1364 2050 1419 charitati

464 1465 694 1520 omnino
717 1462 1068 1518 contrarium.
1097 1479 1116 1512 ι
1153 1459 1336 1527 Neque
1377 1467 1524 1522 tunc,
1574 1457 1768 1526 inquit,
1814 1455 2054 1509 multitu-

470 1555 584 1610 dini
611 1550 1051 1609 committendam
1078 1565 1190 1604 rem
1219 1549 1480 1617 pmcipit.
1512 1546 1626 1601 Hac
1653 1547 1718 1601 de
1744 1561 1907 1602 causa
1943 1558 2049 1600 non

472 1644 758 1700 confestim
787 1641 1071 1706 abscindit,
1105 1640 1197 1695 sed
1226 1639 1293 1694 ad
1323 1639 1542 1693 tertium
1585 1653 1753 1708 usque
1790 1636 2050 1705 judicium

471 1747 792 1802 progressus
830 1739 933 1795 est,
968 1745 1035 1784 ne
1086 1729 1293 1784 scilicet
1343 1729 1652 1783 testimonio
1693 1725 2050 1782 multitudinis

470 1825 719 1896 graviore
762 1823 1104 1877 accusatione
1145 1821 1260 1876 visa
1291 1821 1612 1889 dedignatus
1641 1819 1732 1873 ille
1777 1818 2050 1873 duriorem

473 1929 533 1970 se
561 1915 627 1969 ad
670 1914 1046 1981 corrigendum
1088 1911 1347 1981 prmbeat.
1381 1928 1401 1961 ι
1433 1908 1482 1963 J.
1535 1909 1950 1980 Chrysostomus
1995 1909 2051 1962 in

474 2003 693 2058 homilia
742 2002 831 2066 29,
874 2002 928 2055 in
973 2001 1142 2069 Epist.
1187 2000 1253 2054 ad
1301 1998 1545 2054 Corinth.
1577 1998 1640 2052 ll.
1671 2017 1689 2049 ι
1736 1998 1872 2054 Ecce
1898 1999 2051 2052 tertio

473 2095 566 2147 hoc
596 2094 738 2148 venio
785 2093 853 2146 ad
896 2108 1018 2146 vos:
1067 2089 1134 2144 In
1167 2107 1254 2145 ore
1277 2091 1501 2144 deorum
1549 2107 1611 2143 ac
1659 2091 1816 2144 trium
1845 2091 2051 2144 testium

473 2184 632 2238 stabit
659 2199 809 2237 omne
852 2182 1079 2236 verbum.
1137 2180 1271 2235 Cum
1320 2181 1535 2235 aliunde
1577 2181 1738 2235 etiam
1775 2181 1958 2236 multis
1983 2195 2050 2235 ex

471 2276 654 2340 rebus,
688 2282 800 2328 tum
830 2273 913 2327 vel
958 2273 1085 2326 hinc
1115 2272 1346 2326 maxime
1377 2271 1528 2326 Pauli
1573 2273 1913 2342 sapientiam,
1955 2287 2051 2341 pa-

473 2378 793 2435 ternumque
823 2362 1070 2418 affectum
1099 2365 1406 2432 perspicere
1426 2363 1582 2418 licet:
1607 2363 1864 2418 nimirum
1886 2379 2050 2432 quam

471 2455 528 2510 in
558 2453 940 2512 denuntiandis
985 2453 1200 2523 quidem
1240 2453 1516 2524 suppliciis
1552 2453 1752 2508 multus
1789 2469 1854 2508 ac
1894 2453 2053 2509 vehe-

471 2561 642 2609 mens,
668 2546 721 2600 in
745 2543 1036 2600 inferendis
1058 2554 1237 2599 autem
1264 2545 1445 2614 segnis
1467 2560 1530 2599 ac
1553 2545 1737 2599 tardus
1759 2547 1848 2598 sit.
1868 2544 2052 2614 Neque

471 2635 616 2690 enim
656 2635 720 2690 de
750 2636 816 2690 iis
843 2635 932 2704 qui
982 2636 1298 2704 peccabant,
1342 2650 1534 2705 poenas
1561 2637 1742 2692 statim
1781 2637 2049 2708 sumpsit:

472 2724 569 2777 sed
597 2723 758 2778 semel
790 2731 951 2792 atque
976 2723 1171 2778 iterum
1197 2725 1492 2779 admonuit.
1524 2725 1601 2779 Ac
1631 2741 1698 2781 ne
1725 2727 1802 2782 sic
1830 2727 2050 2796 quidem

472 2813 527 2866 in
559 2821 906 2867 contumaces
951 2813 1368 2867 animadvertit:
1425 2814 1520 2868 sed
1567 2829 1756 2869 rursus
1801 2815 2052 2870 admonet

472 2921 536 2960 ac
565 2905 848 2960 denuntiat
897 2907 1100 2970 dicens,
1159 2905 1333 2961 Tertio
1380 2908 1476 2961 hoc
1524 2908 1667 2962 venio
1714 2909 1784 2962 ad
1833 2926 1958 2964 vos:
1987 2925 2051 2965 ac

471 2996 786 3066 priusquam
815 2996 1010 3060 adsim,
1041 3013 1230 3052 rursus
1277 2999 1475 3053 scribo.
1523 2999 1712 3053 Postea
1739 3015 1807 3054 ne
1829 3009 2050 3055 cuncta-

469 3088 542 3141 tio
575 3087 854 3158 segniticm
884 3087 992 3141 illis
1020 3087 1217 3156 pariat,
1245 3089 1366 3144 vide
1392 3103 1500 3158 quo
1528 3099 1685 3159 pacto
1711 3090 1800 3145 hic
1835 3106 2050 3160 quoque

2151 559 2440 608 excusans,
2471 545 2636 599 semel
2654 553 2709 599 et
2742 545 2937 600 iterum
2964 560 3028 600 ac
3058 545 3220 600 tertio
3247 547 3562 616 pmdixisse
3591 563 3743 602 asse—

2156 635 2279 697 ruit,
2313 636 2562 704 quodque
2603 635 2736 689 nihil
2779 650 2886 690 non
2913 643 3036 705 agat
3080 651 3145 690 ac
3183 636 3437 691 moliatur
3470 655 3581 708 quo
3611 654 3732 708 sup-

2153 726 2370 795 plicium
2415 735 2576 797 atque
2618 728 3139 783 animadversionem
3183 730 3476 800 prapulset,
3529 747 3739 802 eosque

2153 818 2439 871 verborum
2484 825 2692 873 terrore
2732 819 2984 874 meliores
3027 819 3245 886 efﬁciat,
3271 830 3380 876 tum
3419 839 3551 878 vero
3574 839 3740 894 grave

2153 903 2284 959 illud
2303 915 2358 959 et
2380 906 2709 961 horrendum
2729 907 2977 972 collocat,
2999 909 3217 966 dicens:
3243 909 3300 965 Si
3317 929 3501 966 venero
3521 915 3737 981 iterum,

2153 1009 2256 1046 non
2279 1010 2512 1062 parcam.
2538 993 2654 1049 Non
2672 996 2813 1050 dixit
2833 1014 2845 1050 :
2872 996 3099 1052 Puniam
3114 1014 3178 1053 ac
3197 998 3503 1067 vindicabo,
3521 1019 3735 1072 prunas-

2153 1099 2256 1153 que
2269 1094 2515 1154 expetam
2533 1104 2545 1139 :
2570 1102 2756 1143 verum
2777 1089 3018 1156 paternis
3036 1091 3214 1146 verbis
3230 1091 3548 1161 supplicium
3561 1096 3734 1163 ponit,

2152 1175 2280 1230 hinc
2304 1175 2558 1229 nimirum
2596 1177 2803 1231 viscera
2844 1193 2960 1244 sua,
2991 1179 3339 1251 animumque
3380 1181 3511 1251 ipsis
3534 1187 3740 1238 condo-

2152 1263 2443 1320 lescentem
2471 1266 2781 1332 ostendens,
2822 1269 2966 1336 quod
3008 1283 3110 1337 pro
3138 1285 3238 1323 sua
3273 1286 3399 1342 erga
3425 1287 3522 1327 eos
3567 1274 3739 1328 indul-

2150 1358 2353 1429 gentia,
2385 1373 2598 1427 semper
2625 1359 2946 1430 supplicium
2974 1358 3213 1430 inﬂigere
3241 1361 3504 1417 differret.
3536 1363 3733 1420 Postea

2150 1455 2332 1500 autem
2360 1461 2427 1501 ne
2455 1461 2598 1500 nunc
2619 1461 2834 1516 quoque
2863 1447 2937 1502 ita
2957 1449 3345 1514 existimarent,
3379 1466 3503 1505 eum
3544 1469 3737 1510 rursus

2150 1538 2405 1594 dilatione
2429 1538 2530 1604 uti,
2560 1553 2623 1592 ac
2653 1538 2940 1594 verborum
2990 1549 3197 1595 tantum
3226 1543 3402 1597 minas
3447 1545 3732 1608 adhibere,

2149 1631 2218 1686 ob
2240 1645 2358 1686 eam
2381 1644 2600 1686 causam
2620 1631 2772 1699 prius
2795 1645 3008 1700 quoque
3037 1631 3192 1697 dixit,
3218 1634 3274 1686 in
3296 1650 3386 1688 ore
3407 1635 3633 1690 duorum
3658 1636 3738 1690 ad

2151 1722 2309 1774 trium
2330 1721 2537 1775 testium
2556 1719 2713 1774 stabit
2735 1737 2885 1775 omne
2901 1721 3131 1776 verbum.
3156 1722 3240 1787 Et,
3262 1724 3308 1777 si
3322 1740 3506 1779 uenero
3519 1726 3738 1791 iterum,

2083 1800 2126 1860 Β
2154 1827 2259 1866 non
2296 1827 2531 1882 parcam.
2572 1810 2724 1878 Quod
2758 1820 2939 1867 autem
2982 1813 3078 1878 ait,
3128 1821 3213 1868 est
3257 1813 3563 1883 ejusmodi:
3612 1818 3737 1876 Non

2146 1898 2260 1969 jam
2288 1899 2491 1955 diutius
2526 1901 2843 1965 cunctabor,
2895 1901 2941 1956 si
2969 1917 3086 1966 vos,
3131 1904 3274 1972 quod
3311 1906 3454 1961 Deus
3497 1919 3742 1972 avertat.

2152 1989 2544 2045 emendationis
2587 2000 2837 2061 expertes
2881 1992 3158 2059 invenero,
3207 1995 3302 2050 sed
3345 2011 3536 2065 ptenas
3589 2000 3744 2054 haud

2152 2077 2315 2134 dubie
2339 2077 2587 2144 inferam,
2621 2095 2686 2134 ac
2710 2081 2854 2150 quod
2882 2081 3011 2145 dixi,
3044 2084 3332 2152 praestabo.
3361 2106 3380 2137 ι
3413 2085 3548 2141 Cum
3577 2089 3745 2144 divus

2151 2167 2366 2234 Paulus,
2413 2169 2697 2225 Dominum
2725 2171 2966 2238 imitans,
2996 2187 3186 2242 ptenas
3225 2191 3333 2230 non
3361 2177 3542 2232 statim
3587 2195 3745 2234 sum-

2150 2258 2319 2327 pserit
2342 2259 2408 2315 de
2433 2260 2791 2326 immunditia,
2835 2269 2890 2316 et
2930 2262 3286 2320 fornicatione
3313 2274 3368 2320 et
3391 2267 3744 2337 impudicitia

2151 2361 2313 2414 quam
2344 2347 2496 2401 multi
2520 2357 2836 2418 gesserant:
2867 2350 2963 2406 sed
2988 2351 3154 2407 semel
3197 2361 3358 2422 atque
3394 2354 3596 2410 iterum
3639 2372 3746 2412 eos

2151 2439 2532 2504 admonuerit;
2573 2455 2803 2509 cumque
2838 2449 2916 2497 tot
2956 2443 3133 2498 minas
3161 2443 3468 2510 intenderit,
3499 2456 3560 2500 ut
3599 2449 3743 2502 vitia

2151 2543 2249 2584 sua
2270 2529 2622 2599 corrigerent,
2644 2539 2806 2600 atque
2827 2533 3062 2602 ipsorum
3084 2537 3422 2591 contumacia
3445 2552 3551 2592 non
3579 2554 3748 2609 coge-

2153 2633 2300 2678 retur
2322 2623 2440 2678 illos
2464 2625 2531 2678 ab
2558 2624 2795 2680 Ecclesia
2819 2626 3104 2695 erpellere,
3145 2642 3318 2698 neque
3357 2630 3623 2698 supplicio
3649 2631 3747 2686 af-

2147 2711 2346 2768 ﬁcere:
2383 2728 2560 2767 nonne
2603 2713 2852 2769 omnibus
2891 2715 3143 2770 Ecclesia:
3189 2717 3422 2786 praelatis
3446 2721 3742 2789 egregium

2150 2802 2422 2870 patientia:
2448 2802 2677 2873 praebuit
2704 2804 3052 2873 exemplum?
3080 2804 3234 2871 Quod
3261 2821 3289 2860 a
3318 2805 3522 2862 Joanne
3552 2807 3747 2880 Chry-

2151 2901 2389 2948 sostomo
2433 2893 2567 2947 adeo
2609 2893 2908 2949 luculenter
2946 2896 3269 2964 expositum,
3314 2900 3444 2954 satis
3488 2901 3754 2956 declarat

2150 2998 2355 3038 morem
2384 2999 2490 3040 non
2514 2984 2678 3040 fuisse
2707 2985 2958 3043 Ecclesiae
2989 2988 3206 3046 decreto
3233 2992 3493 3046 sancitum
3525 2992 3599 3048 de
3622 2996 3750 3050 cri-

2150 3075 2385 3131 minibus
2412 3077 2638 3132 occultis
2677 3087 2733 3133 et
2775 3079 2842 3134 iis
2866 3095 2985 3148 qua:
3007 3083 3347 3150 peccantium
3389 3091 3752 3142 contumacia

464 3191 559 3230 eos
585 3176 842 3246 corrigat,
877 3177 1091 3231 assidue
1131 3192 1322 3248 nempe
1348 3179 1729 3244 interminans,
1767 3196 1831 3234 ac
1859 3181 2045 3251 plagas

2156 3180 2263 3221 non
2287 3165 2462 3221 reddit
2490 3167 2718 3236 publica,
2751 3169 2962 3240 publice
2986 3148 3302 3241 pteuitendi.

462 3269 759 3332 intentans,
789 3276 950 3337 atque
965 3267 1116 3324 hisce
1140 3269 1320 3324 verbis
1344 3277 1518 3334 utens,
1543 3269 1604 3326 Si
1631 3287 1812 3324 venero
1836 3271 2043 3337 iterum,

465 3374 572 3411 non
596 3373 829 3427 parcam.
869 3357 936 3411 Et
959 3373 1040 3422 ne,
1070 3373 1187 3412 cum
1208 3375 1411 3424 uenero,
1436 3359 1644 3430 lugeam
1682 3359 1891 3414 utullus.
1923 3361 2048 3418 Haec

465 3463 630 3519 porro
659 3448 862 3504 idcirco
890 3448 1021 3505 facit
1047 3465 1112 3505 ac
1137 3450 1394 3520 loquitur,
1426 3459 1485 3506 ut
1519 3453 1620 3506 hac
1657 3467 1869 3522 quoque
1895 3463 2049 3521 parte

465 3539 706 3594 omnium
743 3539 1029 3595 Dominum
1070 3541 1330 3596 imitetur.
1380 3541 1514 3597 Nam
1565 3551 1621 3599 et
1668 3543 1809 3598 Deus
1836 3545 2049 3601 assidue

465 3629 684 3698 quidem
712 3630 1092 3695 comminatur,
1122 3646 1187 3686 ac
1214 3646 1358 3701 saepe
1385 3645 1574 3702 ptenas
1601 3633 1884 3688 denuntiat
1907 3649 1920 3689 :
1953 3637 2048 3692 sed

466 3737 575 3778 non
604 3735 744 3789 Saepe
773 3722 927 3790 punit
949 3729 1004 3776 et
1029 3724 1328 3778 cruciatum
1358 3723 1540 3778 infert.
1573 3722 1685 3779 Hoc
1725 3725 1906 3794 itaque
1935 3727 2049 3796 ipse

464 3826 678 3884 quoque
704 3809 858 3866 facit.
889 3810 970 3867 Ob
1000 3811 1160 3880 idque
1206 3813 1372 3866 etiam
1403 3821 1527 3867 ante
1567 3813 1801 3879 dicebat,
1831 3831 2048 3885 parcens

463 3903 630 3967 vobis,
659 3918 762 3956 non
794 3901 932 3956 ultra
958 3901 1070 3956 veni
1109 3899 1415 3956 Corinthum
1437 3917 1456 3955 :
1502 3903 1640 3971 Quid
1682 3913 1784 3970 est,
1831 3921 2048 3974 parcens

462 3993 604 4050 vobis
626 3994 651 4046 ν
671 3993 775 4047 hoc
796 4000 900 4059 est,
927 4006 993 4046 ne
1015 4007 1112 4048 vos
1133 3992 1428 4048 sceleribus
1448 3995 1724 4050 devinctos
1745 3996 2044 4062 inveniens,

462 4100 529 4140 ac
554 4085 671 4140 sine
695 4083 802 4138 ulla
823 4084 1199 4140 emendatione
1236 4084 1290 4138 in
1326 4085 1410 4140 bis
1437 4094 1761 4156 perstantes,
1793 4102 1951 4156 poena
1993 4096 2049 4142 et

462 4175 710 4230 cruciatu
756 4190 852 4230 vos
897 4173 1145 4236 alliciam,
1196 4184 1302 4230 etc.
1356 4175 1507 4241 Quod
1547 4183 1725 4231 autem
1764 4178 1858 4241 ait,
1908 4178 2047 4232 hanc.

461 4266 784 4348 Qutentiam
811 4265 972 4320 habet
1001 4282 1017 4318 :
1045 4264 1210 4320 semel
1233 4265 1363 4331 dixi,
1392 4275 1554 4335 atque
1581 4267 1799 4331 iterum,
1826 4283 1948 4322 cum
1976 4269 2044 4322 ad

463 4349 783 4413 voeaccessi
814 4375 826 4410 :
851 4365 904 4413 et
929 4372 1073 4412 nunc
1098 4357 1224 4413 item
1250 4373 1349 4427 per
1369 4357 1580 4413 litteras
1601 4359 1740 4415 dico.
1766 4360 1845 4415 Ac
1869 4361 1913 4416 si
1931 4362 2047 4430 qui-

463 4450 586 4505 dem
636 4463 722 4504 me
773 4448 1076 4514 audieritis,
1130 4447 1274 4516 quod
1325 4449 1607 4518 cupiebam
1651 4450 1894 4518 contigit.
1946 4450 2040 4505 Sin

462 4549 643 4595 autem
669 4537 835 4594 verba
873 4553 993 4592 mea
1041 4537 1495 4606 contempseritis,
1528 4538 1781 4609 deinceps
1824 4556 2042 4596 necesse

461 4635 583 4698 erit,
603 4642 663 4688 ut
684 4641 936 4704 praestem
949 4647 1070 4702 qua:
1089 4632 1200 4687 dixi
1226 4647 1291 4688 ac
1313 4634 1634 4704 supplicium
1658 4637 1909 4708 irrogem,
1932 4647 2038 4692 etc.

462 4726 627 4782 Vides
655 4735 935 4796 paternam
959 4739 1141 4779 curam
1163 4740 1227 4780 ac
1254 4725 1714 4784 sollicitudinem?
1742 4729 1904 4784 Vides
1933 4747 2046 4784 ma-

461 4815 631 4884 gistro
657 4820 1042 4883 congruentem
1073 4815 1507 4882 providentiam?
1557 4815 1668 4871 Nec
1715 4817 1900 4881 tacuit,
1945 4833 2044 4872 nec

464 4916 654 4958 rursus
702 4916 918 4970 pmnam
949 4902 1149 4956 intulit.
1184 4903 1386 4958 Verum
1430 4904 1625 4972 smpius
1649 4919 1862 4974 quoque
1904 4921 2041 4974 prae-

462 4992 614 5057 dicit,
647 5000 812 5060 atque
838 4992 894 5044 in
926 4991 1365 5048 interminatione
1403 5002 1716 5048 constanter
1741 5004 2040 5064 permanet,

463 5097 528 5137 ac
551 5080 878 5151 supplicium
903 5079 1099 5134 differt.
1135 5082 1286 5148 Quod
1327 5084 1374 5138 si
1419 5085 1473 5137 in
1521 5084 1758 5153 peccatis
1785 5086 2042 5140 obstinati

461 5180 733 5232 maneant,
767 5179 877 5225 tum
910 5170 1124 5226 demum
1155 5172 1330 5242 reipsa
1359 5188 1572 5243 pamam
1617 5190 1676 5228 se
1719 5173 2041 5228 inﬂicturnm

461 5265 720 5324 minatur.
751 5262 888 5330 Quid
917 5270 1096 5316 autem
1125 5264 1442 5332 prazdixisti,
1467 5278 1530 5317 ac
1552 5280 1694 5318 nunc
1718 5264 1881 5317 etiam
1909 5281 2042 5334 pra:-

460 5369 588 5414 sens
613 5352 847 5410 scribis?
886 5351 1038 5421 Quod
1079 5353 1133 5410 si
1171 5368 1352 5406 uenero
1392 5353 1602 5416 iterum,
1651 5369 1754 5407 non
1800 5370 2033 5423 parcam.

459 5443 820 5514 Posteaquam
865 5443 1114 5513 superius
1140 5458 1198 5496 se
1243 5442 1365 5506 hoc,
1397 5442 1504 5496 nisi
1532 5445 1856 5500 necessitate
1877 5460 2038 5500 coac-

464 5547 603 5603 t‘un,
633 5537 814 5594 facere
839 5553 944 5592 non
967 5551 1127 5606 posse
1153 5533 1410 5597 ostendit,
1449 5549 1514 5591 ac
1533 5533 1745 5602 luctum
1783 5545 1840 5590 et
1865 5537 2041 5592 humi-

463 5613 738 5682 liationem
767 5643 886 5682 eam
917 5642 1032 5682 rem
1051 5624 1361 5696 appellavit,
1389 5640 1454 5678 ne
1477 5640 1594 5693 cum
1611 5642 1813 5693 uenero,
1840 5627 2036 5696 inquit,

464 5715 697 5776 summa
739 5732 818 5769 me
859 5715 999 5770 Deus
1041 5714 1183 5786 apud
1220 5730 1329 5781 vos,
1359 5711 1658 5785 ert-lugeam
1683 5731 1770 5768 eos
1793 5716 1882 5786 qui
1917 5727 2038 5774 ante

2220 3258 2573 3330 Hieronymus
2596 3260 2650 3315 in
2680 3263 2865 3316 eadem
2903 3264 3068 3318 verba
3111 3264 3296 3320 Matth.
3343 3267 3564 3338 Corripe
3592 3288 3753 3339 cum,

2148 3363 2234 3411 etc
2260 3371 2274 3409 :
2302 3375 2320 3408 ‹
2353 3356 2731 3428 Corripiendus
2759 3367 2841 3413 est
2869 3368 3049 3414 autem
3079 3361 3249 3416 frater
3274 3377 3516 3418 seorsum
3543 3383 3557 3418 :
3588 3382 3671 3422 ne
3706 3370 3754 3423 si

2149 3447 2317 3501 semel
2338 3448 2594 3518 pudorem
2623 3463 2686 3503 ac
2713 3449 3093 3504 verecundiam
3138 3452 3402 3516 amiserit,
3450 3466 3758 3510 remaneat

2149 3536 2204 3592 in
2274 3547 2514 3607 peccato.
2567 3536 2636 3594 Et
2696 3541 2961 3610 siquidem
3039 3543 3288 3608 audierit,
3365 3543 3757 3601 lucrifacimus

2149 3627 2385 3682 animam
2408 3627 2542 3697 ejus,
2570 3638 2626 3684 et
2666 3646 2765 3700 per
2791 3631 3015 3687 alterius
3037 3632 3289 3699 salutem,
3320 3635 3470 3690 nobis
3515 3653 3760 3708 quoque

2148 3717 2446 3786 acquiritur
2469 3719 2632 3774 salus.
2664 3719 2756 3774 Sin
2780 3730 2957 3776 autem
2985 3723 3172 3778 audire
3197 3725 3446 3790 noluerit,
3469 3727 3758 3784 adhibea-

2153 3816 2238 3860 tur
2265 3806 2458 3863 frater.
2487 3808 2639 3875 Quod
2666 3811 2709 3864 si
2747 3825 2847 3866 nec
2877 3812 3023 3868 illum
3051 3814 3302 3879 audierit,
3332 3815 3668 3872 adhibeatur
3693 3831 3757 3876 et

2150 3899 2363 3964 tertius,
2403 3899 2489 3953 vel
2534 3902 2835 3972 corrigendi
2880 3904 3059 3958 studio
3106 3904 3192 3960 vel
3234 3908 3586 3962 conveniendi
3641 3913 3757 3967 sub

2148 3991 2395 4046 testibus.
2423 3992 2593 4047 Porro
2622 3995 2668 4048 si
2699 4010 2797 4049 nec
2819 3995 2936 4051 illos
2959 3997 3144 4053 audire
3166 3998 3414 4064 voluerit,
3437 4008 3568 4056 tunc
3591 4004 3758 4058 mul-

2149 4083 2218 4137 tis
2241 4083 2525 4138 dicendum
2567 4095 2672 4149 est,
2716 4094 2773 4139 ut
2820 4079 3159 4142 delestationi
3203 4104 3326 4143 eum
3373 4090 3608 4145 habeant
3643 4110 3660 4158 ;
3695 4104 3756 4148 et

2146 4173 2238 4242 qui
2268 4189 2373 4228 non
2402 4176 2576 4243 potuit
2622 4175 2823 4244 pudore
2851 4177 3071 4241 salvari,
3120 4178 3356 4233 salvetur
3399 4182 3751 4250 opprobriis.

2145 4266 2370 4332 Quando
2395 4275 2572 4325 autem
2604 4269 2841 4324 dicitur:
2877 4269 2958 4324 Sit
2983 4270 3073 4324 (ibi
3097 4273 3230 4325 sicut
3267 4273 3498 4326 ethnicus
3534 4285 3586 4327 et
3637 4293 3753 4344 pu-

2145 4357 2403 4422 blicanus,
2453 4360 2758 4413 ostenditur
2806 4359 3026 4430 majoris
3070 4375 3190 4415 esse
3232 4362 3617 4418 detestationis
3648 4368 3751 4435 qui

2145 4448 2244 4502 sub
2273 4447 2486 4501 nomine
2539 4447 2708 4502 lidelis
2765 4449 2872 4518 agit
2914 4464 3077 4519 opera
3126 4449 3442 4514 inﬁdelium,
3473 4467 3655 4522 quam
3690 4457 3754 4511 lxi

2147 4539 2238 4607 qui
2270 4546 2454 4608 aperte
2482 4539 2707 4608 gentiles
2731 4548 2877 4604 sunt,
2909 4548 3014 4594 etc.
3047 4539 3212 4594 Amen
3239 4542 3354 4594 dico
3376 4542 3518 4596 vobis
3541 4562 3563 4596 .·
3588 4561 3756 4614 qucr-

2143 4646 2342 4699 cunque
2364 4629 2715 4700 alligaret-itis,
2738 4640 2866 4695 etc.,
2894 4639 3215 4700 potestatem
3234 4632 3418 4686 tribuit
3437 4637 3752 4702 apostolis,

2145 4730 2205 4775 ut
2233 4722 2407 4776 sciant
2430 4722 2521 4790 qui
2547 4738 2577 4775 a
2601 4722 2798 4776 talibus
2818 4721 3265 4786 condemnamur,
3293 4723 3589 4777 humanam
3621 4741 3755 4780 sen-

2147 4813 2367 4866 tentiam
2406 4811 2586 4865 divina
2632 4813 2895 4866 sententia
2948 4813 3222 4866 roborari:
3271 4820 3324 4866 et
3367 4813 3756 4885 quodcunque

2146 4903 2369 4972 ligatum
2403 4902 2567 4955 fuerit
2609 4902 2662 4954 in
2695 4911 2860 4966 terra,
2907 4903 3060 4972 ligari
3092 4904 3298 4972 pariter
3321 4912 3375 4957 et
3403 4905 3454 4956 in
3512 4907 3689 4960 cmio.
3723 4930 3745 4960 ι

2151 4992 2206 5046 Si
2239 4990 2569 5062 igitnrjuxta
2599 4992 2905 5061 Hieronymi
2933 4993 3274 5056 sententiam,
3303 5008 3420 5047 cum
3445 4993 3544 5049 ille
3568 4997 3750 5052 trium

2149 5083 2522 5136 testimonium
2541 5084 2726 5136 audire
2768 5083 3019 5146 noluerit,
3053 5091 3180 5137 tunc
3225 5083 3406 5138 multis
3434 5084 3748 5142 dicendum

2147 5174 2239 5236 sit,
2267 5183 2326 5226 ut
2348 5173 2440 5245 qui
2468 5187 2572 5226 non
2618 5173 2850 5241 potuerit
2891 5173 3094 5240 pudore
3127 5172 3322 5226 salvari
3362 5173 3608 5228 salvetur
3635 5194 3749 5246 op-
3793 5222 3798 5230 .

2147 5263 2415 5332 probriis;
2443 5261 2628 5330 procul
2657 5259 2820 5315 dubio
2845 5261 2889 5315 si
2916 5261 3016 5314 sub
3060 5262 3222 5314 trium
3251 5262 3564 5316 testimonio
3588 5263 3744 5320 fuis-
3787 5258 3796 5314 ἱ

2145 5362 2232 5408 set
2253 5354 2588 5420 emendatus,
2618 5360 2745 5408 tunc
2767 5367 2872 5407 non
2893 5353 3076 5408 multis
3101 5354 3386 5408 dicendum
3407 5352 3608 5411 fuisset
3631 5373 3651 5421 ;
3687 5367 3757 5411 et

2141 5447 2234 5515 qui
2276 5445 2538 5520 potuisset
2569 5443 2788 5514 pudore
2834 5444 3032 5507 sanari,
3080 5458 3192 5498 non
3215 5453 3504 5498 sanaretur
3526 5458 3749 5516 oppro-

2140 5533 2278 5588 briis
2299 5533 2526 5604 publica;
2551 5531 2902 5602 paenitentiae.
2934 5531 3122 5601 Itaque
3149 5531 3522 5604 Hieronymus
3560 5544 3749 5606 negat

2141 5624 2537 5686 morem-iubae
2560 5623 2817 5680 Ecclesiae
2841 5623 3058 5678 decreto
3081 5626 3369 5691 sancitum,
3416 5625 3640 5695 puilice
3667 5627 3748 5686 de

2138 5719 2378 5796 peccatis
2395 5717 2622 5773 occultis
2647 5715 2962 5788 pteniteudi.
