3942 6182
239 317 358 374 1169

1068 313 1158 370 AB
1194 313 1360 372 OMNI
1398 313 1763 372 NOVITATIS
1802 313 2201 370 SUSPlCIONE
2240 314 2621 388 ἨΝΒΙΟᾼΤΑ.

3321 322 3460 378 “70‘

299 387 622 484 Bacchiarius
647 426 702 480 in
740 425 900 496 epist.
931 425 995 479 ad
1017 425 1328 482 Januarium
1371 427 1435 482 de
1465 428 1782 496 recipiendis
1811 429 1856 481 Α
1885 424 2098 490 fundas,
2147 426 2300 480 facile
2331 427 2385 480 in
2429 387 2521 480 illo
2555 425 2806 494 reprimis
2847 440 3061 481 omnem
3101 430 3356 497 peccandi
3394 431 3459 486 li-

235 522 377 591 lapsis
401 538 412 572 ς
445 538 461 568 ι
494 519 632 572 Ecce
652 518 968 588 prohibetur
990 531 1056 571 nc
1080 518 1132 571 in
1160 517 1588 581 terminiS'Geth,
1612 532 1802 586 neque-

219 610 288 665 -in
309 609 488 663 linibus
517 606 815 670 Ascalonis,
841 607 946 660 hoc
968 616 1072 671 est,
1094 608 1147 660 in
1179 607 1420 660 notitiam
1447 606 1788 661 smcularium

239 703 335 757 sive
353 701 619 755 hominum
663 701 1079 764 mundanorum,
1107 715 1264 754 casus
1310 699 1494 754 fratris
1517 699 1602 752 vel
1633 701 1786 753 ruina

238 793 547 846 seminetur:
595 799 648 845 et
694 805 793 844 nos
819 791 962 860 passi
989 806 1197 855 sumus,
1246 805 1352 844 non
1396 790 1565 845 solum
1617 791 1786 859 ipsam

237 898 377 950 quam
401 881 582 935 incolit
605 881 898 944 civitatem,
916 881 1006 935 sed
1029 881 1192 934 etiam
1214 888 1384 935 totum
1403 881 1610 946 orbem,
1635 880 1787 936 famrc

238 972 383 1040 ipsius
411 970 782 1040 desperatione
811 971 1067 1038 compleri
1091 972 1114 1023 7
1157 970 1343 1026 Nonne
1371 973 1496 1026 huic
1520 981 1788 1040 praecepto

236 1060 446 1114 cohzeret
469 1059 630 1113 etiam
670 1058 758 1112 ille
796 1060 1138 1129 evangelicus
1172 1074 1372 1125 sermo,
1401 1062 1489 1129 qui
1521 1062 1652 1115 dicit
1680 1079 1692 1113 :
1726 1057 1788 1116 Si

233 1149 493 1218 peccaverit
521 1149 576 1201 in
599 1156 647 1201 te
667 1148 830 1216 frater
853 1157 996 1213 tuus,
1035 1149 1237 1218 corripe
1260 1166 1376 1202 eum
1415 1149 1600 1213 solus;
1647 1150 1787 1217 quod

233 1243 274 1295 si
301 1251 345 1296 te
370 1257 472 1296 non
497 1242 743 1304 audierit,
777 1243 970 1297 adhibe
999 1251 1174 1298 tecum
1200 1244 1333 1297 duos
1355 1243 1437 1298 vel
1466 1253 1574 1298 tres
1597 1251 1782 1308 testes,

231 1339 283 1384 et
308 1331 496 1400 reliqua
528 1347 647 1401 qua
671 1332 910 1386 continet
953 1347 1131 1386 sermo
1166 1333 1442 1401 prmcepti,
1469 1342 1573 1388 etc.
1604 1350 1622 1384 ι
1653 1333 1812 1387 Cum'

232 1421 558 1477 Bacchiarius
604 1424 842 1492 increpet
881 1425 1235 1492 quorumdam
1291 1423 1666 1489 temeritatem,
1695 1425 1789 1494 qui

231 1521 433 1584 peccata
461 1511 668 1566 occulta
696 1512 1119 1582 publicaverant,
1163 1512 1366 1582 liquido
1403 1523 1559 1582 negat
1586 1528 1787 1568 morem

232 1603 380 1657 fuisse
420 1601 674 1656 Ecclesia:
698 1601 914 1656 decreto
955 1602 1222 1656 sancitum
1251 1600 1462 1671 publice
1505 1603 1570 1656 de
1605 1603 1789 1656 crimi-

233 1692 374 1746 nibus
399 1690 622 1746 occultis
648 1691 963 1760 ptenitendi.

1888 516 2120 569 centiam
2153 534 2166 569 :
2201 524 2362 585 atque
2399 516 2446 569 ei
2475 525 2641 569 totam
2673 516 3056 586 impudentiam
3085 518 3256 574 demis
3289 520 3454 576 licen-

1888 606 2037 660 tiosae
2062 607 2406 675 turpitudinis
2436 606 2804 660 hortatricem.
2847 607 2996 662 Tunc
3018 622 3198 663 mores
3227 607 3340 679 ejus
3366 626 3458 666 ve-

1885 697 2137 750 recundia
2169 705 2348 750 custos
2395 696 2718 766 integritatis
2769 698 3002 762 ornabit,
3051 706 3110 752 ut
3153 699 3204 752 ei
3249 699 3460 770 placeat

1886 787 2028 856 quod
2051 795 2174 840 ante
2195 787 2464 852 sordebat,
2489 786 2703 856 quando
2730 787 2781 840 in
2808 787 3054 841 sordibus
3072 796 3190 842 erat
3217 803 3232 842 :
3262 798 3319 844 ut
3343 805 3462 845 son-

1887 877 2032 940 deat,
2056 877 2196 944 quod
2220 885 2343 929 ante
2361 875 2626 944 placebat,
2655 875 2871 945 quando
2899 876 3010 944 ipse
3030 876 3187 930 bonis
3207 878 3458 935 omnibus

1886 966 2220 1035 displicebat.
2268 966 2494 1022 Sanctus
2522 967 2666 1022 viros
2687 968 2915 1022 amando
2938 970 3252 1035 sectabitur,
3279 979 3334 1025 et
3375 986 3461 1027 se-

1887 1057 2079 1109 clando
2106 1056 2157 1108 in
2195 1069 2379 1110 eorum
2406 1056 2808 1111 similitudinem
2829 1057 3086 1125 paulatim
3110 1060 3234 1114 vita:
3261 1063 3461 1130 prioris

1887 1149 2258 1203 emendatione
2279 1148 2620 1213 formabitur,
2652 1156 2710 1202 ut
2745 1149 2792 1202 ei
2821 1164 2980 1217 quam
3008 1151 3332 1206 laboriosum
3359 1151 3462 1207 fuit

1890 1237 1943 1290 in
1971 1238 2353 1292 sublimitatem
2382 1238 2598 1292 virtutis
2623 1239 2872 1304 evadere,
2904 1248 3014 1293 tam
3042 1241 3283 1296 deforme
3314 1243 3385 1296 sit
3405 1243 3459 1298 in

1887 1332 2012 1386 vitia
2044 1348 2252 1396 rursus,
2280 1332 2477 1400 quibus
2499 1347 2555 1386 se
2584 1332 2779 1401 gaudet
2802 1332 3058 1395 caruisse,
3089 1333 3416 1388 descendere
3443 1353 3456 1385 :

1886 1421 2009 1490 quia
2031 1423 2168 1475 sicut
2186 1424 2357 1476 virtus
2375 1437 2603 1476 onerosa
2625 1430 2706 1477 est
2721 1421 2933 1488 vitioso,
2950 1423 3021 1476 ita
3040 1423 3258 1478 virtutis
3285 1425 3461 1479 amico

1885 1512 2075 1566 vitiosa
2101 1512 2346 1581 voluptas
2371 1526 2551 1566 amara
2581 1520 2682 1567 est.
2715 1511 2856 1567 Ecce
2883 1513 3151 1581 quomodo
3176 1524 3462 1583 peccantes

1885 1619 2075 1659 omnes
2116 1605 2309 1659 blande
2338 1613 2536 1659 tractat
2569 1612 2662 1658 aut
2704 1605 2968 1675 increpat,
3011 1608 3100 1675 qui
3131 1607 3266 1661 nihil
3297 1607 3458 1672 aliud,

1887 1695 1991 1749 nisi
2022 1711 2207 1750 eorum
2247 1695 2501 1760 salutem,
2533 1695 2730 1763 quibus
2759 1695 2873 1748 vult
2899 1696 3155 1764 prodesse
3174 1736 3188 1759 ,
3220 1697 3465 1751 conside-

296 1782 616 1852 Augustinus
663 1796 828 1836 serm.
878 1780 945 1835 l6
989 1780 1056 1835 de
1099 1781 1280 1836 verbis
1328 1781 1560 1835 Domini.
1595 1800 1614 1832 ‹
1649 1781 1788 1852 Ergo
1816 1767 1865 1828 Β
1891 1795 1992 1841 rat.
2036 1806 2056 1839 ο
2095 1786 2340 1840 Julianus
2379 1785 2659 1840 Pomerius
2683 1785 2917 1839 ostendit
2943 1786 3118 1854 primo
3147 1800 3306 1854 quam
3338 1801 3464 1855 per-

230 1872 416 1941 com’pe
441 1872 578 1924 inter
606 1880 654 1924 te
674 1879 722 1924 et
755 1872 924 1940 ipsum
966 1869 1156 1934 solum,
1207 1869 1420 1924 intuens
1447 1870 1788 1934 correctioni,

229 1980 444 2033 parcens
471 1964 682 2033 pudori.
712 1962 874 2018 Forte
919 1963 1062 2018 enim
1106 1977 1218 2032 prze
1242 1961 1560 2018 verecundia
1608 1961 1795 2032 incipit

231 2054 501 2110 defendere
519 2062 798 2123 peccatum
823 2069 1000 2118 suum,
1023 2061 1079 2108 et
1098 2067 1260 2124 quem
1283 2053 1364 2108 vis
1388 2053 1788 2118 correctiorem,

229 2143 354 2198 facis
378 2141 633 2214 pejorem.
660 2141 874 2213 Corripe
899 2157 1027 2210 ergo
1051 2144 1186 2197 inter
1223 2152 1294 2208 te,
1316 2153 1362 2197 et
1392 2147 1561 2214 ipsum
1600 2143 1790 2198 solum.

229 2239 284 2293 Si
307 2250 353 2293 te
373 2239 619 2304 audierit,
643 2237 873 2292 lucratus
893 2252 952 2293 es
974 2239 1189 2308 fratrem
1211 2247 1379 2302 tuum,
1403 2239 1528 2306 quia
1552 2238 1793 2308 perierat

225 2329 326 2382 nisi
351 2328 574 2383 faceres.
625 2328 685 2382 Si
731 2336 904 2382 autem
935 2345 1037 2382 ,ιοη
1067 2337 1127 2382 te
1168 2328 1412 2392 audierit,
1444 2328 1499 2382 id
1539 2337 1644 2393 est,
1673 2343 1796 2398 pec-

229 2427 403 2472 catum
429 2433 583 2472 suum
613 2418 766 2488 quasi
806 2415 1073 2486 justitiam
1121 2416 1443 2482 defenderit,
1489 2417 1678 2471 adhibe
1719 2417 1794 2472 illi

227 2510 358 2564 duos
381 2509 460 2564 vel
493 2517 619 2574 tres,
673 2509 797 2578 quia
825 2511 878 2562 in
919 2526 1006 2562 ore
1043 2509 1264 2563 duorum
1300 2507 1374 2562 rel
1403 2509 1560 2562 trium
1589 2511 1794 2562 testium

226 2613 319 2655 stet
340 2619 488 2655 omne
517 2601 747 2655 uerbum.
777 2600 838 2656 Si
865 2617 956 2654 nec
977 2601 1114 2671 ipsos
1138 2600 1386 2665 audierit,
1421 2598 1562 2654 refer
1599 2601 1667 2653 ad
1701 2601 1799 2655 Ec-

226 2691 438 2746 clesiam
465 2709 478 2744 :
507 2692 550 2743 si
581 2707 670 2744 nec
693 2689 981 2744 Ecclesium
1007 2689 1255 2754 audierit,
1278 2689 1343 2742 sit
1369 2688 1460 2741 tibi
1477 2688 1609 2741 sicut
1630 2689 1798 2742 etimi-

223 2799 310 2836 τις
333 2790 382 2836 et
427 2779 752 2851 publicanus.
799 2779 916 2834 Noli
954 2781 1106 2834 illum
1135 2782 1407 2859 deputare
1447 2780 1560 2849 jam
1597 2781 1648 2832 in
1697 2795 1796 2832 nu-

223 2888 370 2928 mero
392 2872 616 2926 fratrum
640 2881 873 2938 tuorum,
901 2888 1000 2928 nec
1025 2873 1144 2926 ideo
1174 2881 1352 2926 tamen
1380 2872 1526 2926 salus
1565 2871 1680 2939 ejus
1707 2887 1798 2927 ne-

221 2965 461 3035 gligenda
491 2972 592 3026 est,
618 2973 720 3018 etc.
737 2983 752 3013 ι
775 2963 841 3016 Et
866 2962 1038 3016 infra:
1064 2962 1154 3018 «Si
1177 2963 1457 3033 peccaverit
1482 2964 1533 3016 in
1561 2970 1610 3014 te
1635 2962 1800 3031 frater

221 3066 362 3120 tuus,
392 3055 592 3124 corripe
612 3071 728 3107 eum
757 3056 891 3106 inter
937 3064 984 3106 te
1029 3064 1076 3107 et
1121 3055 1290 3123 ipsum
1336 3052 1525 3107 solum.
1578 3053 1796 3119 Quare?

221 3145 342 3215 quia
372 3145 614 3214 peccavit
635 3145 686 3198 in
713 3153 781 3198 te.
811 3143 948 3210 Quid
969 3153 1073 3209 est,
1101 3145 1150 3197 in
1175 3152 1226 3198 te
1253 3145 1536 3214 peccavit?
1567 3145 1644 3198 Tu
1672 3144 1800 3208 scis,

220 3236 342 3305 quia
372 3236 629 3305 peccavit.
659 3233 791 3301 Quia
816 3234 960 3288 enim
983 3242 1249 3290 secretum
1276 3233 1394 3299 fuit,
1423 3235 1639 3305 quando
1666 3235 1718 3289 in
1746 3245 1800 3290 te

220 3329 484 3396 peccavit,
527 3335 792 3382 secretum
818 3342 1018 3396 quaere,
1048 3343 1170 3381 cum
1214 3327 1438 3397 corrigis
1483 3327 1624 3398 quod
1671 3329 1724 3382 in
1755 3336 1804 3382 te

217 3418 487 3486 peccavit.
518 3417 649 3471 Nam
687 3418 731 3471 si
761 3417 908 3472 solus
947 3417 1088 3472 nosti
1137 3419 1264 3486 quia
1290 3419 1532 3488 peccavit
1560 3419 1612 3472 in
1642 3427 1713 3482 te,
1745 3428 1799 3474 et

217 3522 347 3560 eum
375 3507 458 3559 vis
483 3521 664 3560 coram
712 3507 961 3560 omnibus
1008 3522 1252 3577 arguere,
1285 3521 1390 3560 non
1430 3521 1489 3561 es
1528 3517 1807 3578 correptor

218 3598 315 3654 sed
341 3597 608 3667 proditor,
637 3607 744 3652 etc.
771 3597 912 3668 Ergo
956 3598 1069 3667 ipsa
1113 3597 1449 3666 corripienda
1475 3607 1598 3653 sunt
1622 3615 1805 3654 coram

215 3689 499 3750 omnibus,
543 3701 662 3755 qua:
691 3694 980 3756 peccantur
1008 3701 1190 3742 coram
1225 3687 1491 3741 omnibus.
1537 3687 1653 3757 Ipsa
1681 3702 1807 3742 vero

217 3778 569 3848 corripienda
595 3785 719 3832 sunt
744 3777 1022 3842 secretius,
1041 3791 1160 3846 qua:
1175 3783 1469 3845 peccantur
1489 3776 1767 3831 secretius.
1782 3795 1802 3829 ι

217 3869 482 3926 Profecto
508 3869 594 3924 his
614 3868 792 3924 verbis
814 3876 975 3937 negat
997 3874 1218 3922 sanctus
1243 3865 1573 3937 Augustinus
1601 3879 1806 3920 morem

215 3962 395 4018 fuisse
420 3960 672 4032 Ecclesiae
697 3960 916 4015 decreto
943 3958 1214 4014 sancitum
1236 3957 1450 4028 publice
1475 3955 1542 4011 de
1569 3956 1809 4025 peccatis

214 4051 459 4116 occultis
483 4047 799 4120 pmnitendi.

291 4142 545 4199 Julianus
579 4141 885 4205 Pomerius,
920 4141 1014 4196 lib.
1053 4157 1089 4196 ιι
1123 4140 1188 4196 de
1215 4141 1335 4196 Vita
1370 4139 1806 4208 contemplativa,

215 4250 344 4303 cap.
364 4233 421 4287 5.
455 4251 474 4285 ι
495 4231 760 4288 Caeterum
787 4231 831 4286 si
861 4231 1112 4286 Ecclesia:
1135 4229 1512 4286 communione
1530 4230 1808 4300 priventur

216 4324 456 4389 infirmi,
471 4324 562 4393 qui
577 4323 754 4379 curari
781 4323 1019 4377 adhibita
1047 4321 1413 4391 increpatione
1433 4337 1538 4376 non
1559 4331 1806 4391 possunt,

215 4427 319 4472 aut
354 4415 710 4470 intolerabilis
747 4413 885 4468 mole
913 4413 1144 4468 tristitia:
1172 4427 1332 4483 supra
1361 4413 1573 4466 modum
1603 4413 1806 4482 gravati

214 4507 611 4570 succumbunt,
654 4513 710 4559 et
737 4511 1044 4560 sanctorum
1069 4504 1308 4558 omnium
1332 4502 1530 4566 vultus,
1553 4517 1651 4571 per
1675 4516 1810 4570 quos

215 4605 462 4668 possent
491 4595 699 4649 restitui
728 4595 836 4648 Deo
863 4592 1134 4663 refugiunt
1165 4607 1178 4645 :
1211 4601 1301 4646 aut
1329 4600 1474 4646 certe
1499 4591 1567 4644 ad
1595 4605 1809 4644 omnem

215 4687 500 4759 peccandi
528 4685 909 4754 impudentiam
928 4723 942 4746 ,
971 4683 1015 4736 si
1044 4681 1243 4736 fuerint
1271 4678 1609 4743 exacerbati,
1637 4679 1810 4748 prosi—

214 4780 374 4834 liunt
426 4797 438 4832 :
484 4784 538 4833 et
566 4776 822 4846 quidquid
867 4775 992 4828 mali
1021 4773 1228 4828 occulte
1259 4770 1552 4834 faciebant,
1601 4768 1816 4839 publice

212 4870 626 4940 perpetrabunt
655 4886 668 4921 :
697 4868 752 4921 in
777 4875 976 4920 tantam
1001 4864 1272 4919 vesaniam
1296 4861 1608 4930 reparandae
1629 4859 1815 4914 salutis

213 4959 618 5031 desperatione
661 4956 898 5025 prolapsi
930 4963 991 5008 ut
1036 4954 1176 5008 seria
1206 4953 1369 5007 verba
1410 4949 1816 5020 corripientium

217 5055 280 5109 in
308 5052 478 5122 jocos
503 5050 804 5106 exitiabiles
829 5049 1124 5118 impudenti
1154 5046 1458 5102 urbanitate
1480 5053 1814 5108 convertant,

217 5163 296 5202 ac
335 5144 704 5200 maledieaces
732 5143 784 5195 in
819 5156 877 5196 se
907 5155 980 5194 ex
1009 5141 1124 5210 ipsa
1155 5137 1447 5205 iactati-one
1476 5135 1820 5206 turpitudinis

217 5252 354 5292 suae
407 5234 637 5305 turpiter
675 5232 968 5287 viventium
1010 5229 1301 5284 malevolas
1325 5227 1540 5282 lattitias
1573 5236 1816 5298 pascant.

213 5327 478 5398 Propter
505 5327 608 5380 hoc
632 5339 758 5394 ergo
779 5363 794 5386 ,
826 5323 1019 5376 blanda
1059 5321 1258 5389 pietate
1283 5317 1529 5388 portandi
1564 5325 1690 5372 sunt
1727 5318 1819 5387 qui

210 5417 520 5487 increpari
540 5431 640 5486 pro
659 5431 754 5469 sua
781 5413 1093 5468 infirmitate
1118 5425 1224 5465 non
1248 5418 1491 5479 possunt.
1518 5409 1585 5462 Et
1611 5421 1818 5472 revera,

213 5508 273 5568 si
312 5508 576 5580 peccanti
615 5505 881 5561 salubrem
921 5504 1180 5574 pudorem
1205 5541 1220 5567 ,
1251 5501 1378 5555 dum
1415 5513 1513 5569 pro
1541 5513 1606 5553 eo
1632 5497 1824 5551 erube-

212 5601 376 5666 scis,
411 5601 664 5663 incuties,
715 5613 778 5652 ac
825 5595 1228 5656 verecundiam,
1260 5605 1422 5661 quam
1448 5604 1544 5660 pro
1591 5587 1825 5657 peccatis
1876 5638 1883 5646 ,

212 5692 363 5764 ejus
395 5693 648 5756 assumis,
682 5692 732 5745 in
777 5704 898 5744 cum
931 5690 1013 5758 pia
1048 5686 1207 5741 animi
1255 5683 1621 5752 eompassione
1653 5689 1826 5735 trans-

1889 1875 2091 1930 niciosa
2124 1877 2192 1930 sit
2241 1875 2468 1930 infirmis
2507 1875 2802 1944 increpatio
2836 1874 3080 1943 publica,
3121 1876 3254 1930 adeo
3299 1882 3360 1929 ut
3397 1875 3462 1929 ti-

1890 1964 2144 2019 mendum
2175 1965 2244 2019 sit
2285 1981 2353 2018 ne
2376 1965 2631 2035 quidquid
2657 1964 2780 2018 mali
2807 1963 3015 2019 occulte
3039 1963 3331 2030 faciebant,
3363 1981 3463 2036 pu-

1891 2053 2029 2110 blice
2061 2064 2374 2124 perpetrent
2405 2074 2417 2108 :
2448 2055 2637 2110 deinde
2667 2054 2906 2109 declarat
2932 2069 3091 2125 quam
3117 2055 3262 2109 utilis
3300 2056 3370 2110 sit
3398 2071 3461 2111 ac

1891 2158 2114 2214 prorsus
2162 2145 2466 2199 necessaria
2499 2145 2814 2215 pmnitentia
2852 2153 3059 2200 secreta
3093 2161 3192 2215 pro
3227 2148 3466 2214 peccatis

1892 2231 2137 2286 occultis.
2163 2232 2302 2303 Ergo
2324 2232 2482 2302 plane
2502 2241 2659 2303 negat
2688 2247 2810 2287 cum
2837 2233 3048 2288 caeteris
3073 2233 3322 2288 Patribus
3342 2250 3462 2288 mo-

1893 2335 2008 2374 rem
2030 2319 2194 2376 fuisse
2216 2321 2474 2376 Ecclesiae
2491 2322 2706 2376 decreto
2729 2323 2992 2378 sancitum
3020 2323 3233 2393 publice
3259 2325 3324 2379 de
3343 2340 3465 2394 pec-

1895 2411 2032 2466 catis
2055 2411 2278 2466 occultis
2310 2412 2622 2482 paenitendi.

2510 2523 2735 2580 CAPUT
2773 2524 2833 2578 ll.

1898 2635 2086 2690 Patres
2142 2639 2397 2710 afﬁrmant
2454 2656 2552 2710 pro,
2601 2641 2824 2710 peccatis
2863 2640 3077 2710 occultis
3121 2642 3471 2710 pwnitentiam

1969 2716 2162 2780 secreto
2182 2709 2401 2780 factam
2445 2709 2885 2780 sufﬁcereratque
2910 2710 2973 2763 de
3010 2709 3128 2764 illis
3146 2727 3339 2766 morem
3369 2711 3472 2766 Ec-

1969 2774 2141 2829 clesiae
2169 2774 2331 2844 fuisse
2365 2774 2558 2830 secreto
2584 2774 2880 2848 paenitendi.

1969 2885 2293 2954 Argumenta
2317 2885 2509 2954 quibus
2530 2885 2717 2940 Patres
2744 2895 2941 2956 negant
2958 2901 3160 2942 morem
3179 2886 3343 2943 fuisse
3370 2889 3471 2943 Ec-
3509 2869 3511 2871 l

1899 2975 2073 3030 clesiae
2094 2978 2308 3032 decreto
2339 2979 2621 3042 sancitum,
2653 2979 2864 3048 publice
2895 2980 2960 3032 de
2982 2980 3219 3048 peccatis
3241 2981 3469 3035 occultis

1825 3115 1872 3177 C
1901 3065 2194 3136 pmnitendi
2212 3106 2226 3131 ,
2255 3067 2440 3120 eadem
2468 3069 2697 3136 probant
2722 3083 2820 3138 pro
2845 3069 3084 3137 peccatis
3112 3070 3335 3124 occultis
3357 3085 3473 3140 poe-

1901 3154 2178 3177 _=.A_.:__
2210 3163 2409 3177 ---μμ
2447 3155 2638 3177 .__-.-_-
2675 3157 2910 3177 _-_m__-
3162 3175 3174 3177 _
3223 3160 3258 3177 _.
3417 3163 3452 3177 Α.

1901 3154 2180 3211 nitentiam
2209 3163 2414 3210 secreto
2446 3155 2642 3211 factam
2673 3157 2934 3213 suliicere.
2971 3157 3181 3212 Etenim
3216 3160 3260 3213 si
3287 3161 3378 3229 qui
3407 3163 3472 3215 ab

1903 3261 2012 3302 uno
2042 3255 2320 3318 correptus
2357 3263 2475 3303 sese
2518 3249 2883 3304 emendaverit
2907 3291 2921 3314 ,
2956 3250 3042 3304 ille
3072 3265 3175 3305 non
3222 3250 3417 3307 debeat
3447 3268 3477 3308 a

1905 3339 2112 3394 duobus
2141 3349 2232 3393 aut
2254 3340 2425 3394 tribus
2453 3341 2651 3410 corripi
2682 3359 2692 3393 :
2725 3349 2781 3394 et
2810 3341 2899 3411 qui
2927 3342 3100 3410 primo
3135 3357 3238 3395 non
3267 3345 3477 3398 obtem-

1905 3445 2120 3499 perans,
2154 3432 2246 3484 sed
2273 3431 2480 3484 duobus
2516 3440 2610 3485 aut
2636 3431 2810 3485 tribus
2839 3432 3096 3500 paruerit,
3133 3431 3219 3486 ille
3248 3427 3352 3486 noti
3384 3433 3476 3486 de-

1905 3523 2032 3576 beat
2079 3525 2145 3577 ab
2189 3522 2426 3577 Ecclesia
2481 3521 2598 3590 ejici
2625 3563 2638 3588 ,
2688 3522 2741 3576 id
2779 3532 2862 3578 est
2903 3523 3220 3593 pcenitentia
3267 3523 3479 3593 publica

1906 3613 2100 3682 plecti;
2149 3627 2270 3666 cum
2309 3613 2528 3667 omnino
2556 3613 2857 3668 necessaria
2892 3613 2962 3668 sit
2991 3614 3305 3684 poenitentia
3333 3654 3346 3677 ,
3389 3627 3480 3667 ne—

1908 3691 2058 3756 cesse
2102 3711 2184 3757 est
2221 3717 2434 3772 quoque
2472 3703 2572 3774 ipsi
2620 3703 2989 3772 paenitentiam
3030 3712 3241 3757 secreto
3283 3702 3480 3756 factam

1907 3789 2172 3844 sufﬁcere.
2208 3790 2359 3846 Unde
2379 3799 2527 3860 patet
2550 3805 2757 3846 morem
2785 3791 3039 3847 Ecclesiae
3063 3790 3227 3846 fuisse
3253 3793 3316 3846 de
3347 3805 3468 3860 pec-

1909 3882 2044 3937 catis
2091 3883 2318 3939 occultis
2369 3891 2579 3938 secreto
2622 3883 2936 3953 pmoitendi.
2992 3883 3247 3938 Eamdem
3307 3890 3485 3936 tamen

1908 3973 2259 4041 quaestionem
2288 3972 2408 4029 aliis
2443 3974 2773 4043 argumentis
2804 3970 3103 4027 manifeatis
3145 3972 3481 4026 demonstra-

1906 4063 2109 4128 bimus,
2139 4071 2196 4117 ιιι
2223 4065 2399 4118 omnis
2424 4063 2640 4118 tollatur
2668 4062 2948 4117 dubitatio.

1979 4153 2238 4224 Origenes
2287 4154 2340 4208 in
2391 4153 2655 4223 psalmum
2701 4167 2930 4214 xxxvnt,
2982 4149 3168 4204 homil.
3215 4149 3250 4202 2
3291 4167 3303 4202 :
3367 4167 3384 4200 ι
3426 4148 3483 4203 Si

1909 4251 2088 4298 autem
2119 4244 2233 4312 ipse
2281 4243 2363 4296 sui
2407 4239 2838 4304 accusator'liat,
2865 4240 2988 4294 dum
3036 4245 3256 4292 accusat
3289 4245 3486 4292 semet-

1911 4335 2108 4403 ipsum,
2137 4342 2191 4388 et
2211 4331 2513 4393 conﬁtetur,
2541 4330 2697 4384 simul
2719 4329 2919 4384 evomit
2944 4335 2999 4382 et
3027 4327 3302 4393 delictum,
3326 4334 3488 4397 atque

1911 4434 2131 4474 omnem
2174 4417 2360 4472 morbi»
2399 4417 2595 4489 digerit
2643 4431 2883 4470 causam.
2941 4415 3336 4470 Tan-tummodo
3381 4414 3489 4470 cir-

1911 4510 2181 4579 cumspice
2211 4509 2519 4578 diligentius
2553 4509 2636 4562 cui
2667 4508 2863 4562 debeas
2909 4507 3156 4563 conﬁteri
3206 4514 3484 4576 peccatum

1911 4610 2082 4656 tuum.
2119 4598 2290 4654 Proba
2315 4599 2464 4667 prius
2492 4597 2756 4652 medicum
2787 4597 2870 4652 cui
2899 4597 3095 4651 debeas
3125 4609 3342 4651 causam
3373 4593 3488 4648 lan~

1914 4691 2096 4762 gnoris
2122 4703 2406 4759 exponere,
2439 4688 2529 4757 qui
2553 4687 2689 4741 sciat
2715 4686 2976 4739 infirmari
3005 4700 3127 4740 cum
3158 4682 3484 4748 inﬁrmante,

1916 4781 2044 4836 flere
2073 4797 2195 4835 cum
2223 4779 2404 4844 flente,
2439 4778 2528 4846 qui
2553 4775 2873 4831 condolendi
2913 4784 2966 4829 et
3005 4773 3361 4844 compatiendi
3395 4788 3489 4826 no-

1917 4873 2057 4927 verit
2084 4870 2417 4940 disciplinam
2451 4887 2462 4922 :
2492 4877 2552 4921 ut
2580 4868 2652 4920 ita
2685 4867 2897 4921 demum
2931 4866 2974 4920 si
3002 4864 3131 4934 quid
3160 4865 3247 4920 ille
3273 4864 3486 4926 dixerit,

1921 4967 2011 5035 qui
2047 4981 2106 5018 se
2134 4965 2285 5034 prius
2306 4970 2358 5017 et
2381 4960 2647 5016 eruditum
2674 4957 2940 5012 medicum
2965 4956 3281 5022 ostenderit,
3313 4963 3367 5010 et
3393 4956 3492 5008 mi-

1918 5055 2265 5117 sericordem,
2297 5053 2340 5106 si
2376 5051 2504 5120 quid
2550 5048 2760 5103 consilii
2799 5047 3028 5112 dederit,
3075 5046 3265 5110 facias,
3315 5053 3370 5098 et
3401 5059 3490 5096 se-

1922 5143 2104 5213 quaris
2130 5161 2141 5195 :
2176 5142 2218 5196 si
2249 5138 2590 5202 intellexerit,
2619 5146 2672 5190 et
2700 5136 3012 5204 praeviderit
3041 5136 3197 5190 talem
3224 5147 3343 5187 esse
3373 5130 3496 5183 lan-

1923 5247 2144 5302 guorem
2199 5239 2388 5293 tuum,
2440 5225 2531 5296 qui
2578 5225 2631 5279 in
2689 5235 2951 5280 conventu
3012 5223 3180 5278 totius
3237 5218 3493 5274 Ecclesiae

1923 5321 2118 5390 exponi
2148 5319 2370 5383 debeat,
2401 5325 2456 5372 et
2492 5316 2702 5382 curari,
2732 5331 2799 5371 ex
2833 5331 2939 5384 quo
2968 5313 3208 5368 fortassis
3234 5319 3289 5366 et
3311 5310 3492 5366 cateri

1923 5408 2176 5465 :edilicari
2206 5413 2495 5476 poterunt,
2529 5413 2586 5460 et
2616 5413 2674 5458 tu
2724 5405 2836 5474 ipse
2879 5403 3034 5457 facile
3068 5401 3284 5463 sanari,
3326 5398 3491 5454 multa

1925 5500 2028 5555 hoc
2053 5495 2440 5554 deliberatione
2461 5535 2475 5560 ,
2505 5503 2560 5549 et
2589 5494 2720 5549 satis
2753 5492 2925 5562 perito
2965 5489 3157 5545 medici
3190 5488 3333 5544 illius
3363 5501 3493 5540 con-

1928 5589 2048 5643 silio
2086 5587 2482 5657 procurandum
2507 5593 2606 5640 est.
2643 5604 2660 5634 ι
2705 5583 2783 5635 Εη
2822 5581 2921 5635 tria
2957 5588 3266 5650 argumenta
3303 5577 3500 5647 quibus

1928 5678 2184 5747 Origenes
2215 5675 2446 5729 allirmat
2473 5688 2674 5728 morem
2700 5671 2952 5726 Ecclesia
2984 5671 3146 5726 fuisse
3170 5671 3233 5725 de
3256 5669 3498 5740 peccatis
