3968 6180
493 315 623 373 ηπ

1060 312 1400 373 ΙἮΕΟΒΟΒΙ
1437 309 1759 370 ARCHIEP.
1794 309 2146 368 CANTUAR.
2191 308 2539 369 DOCTBINA
2575 313 2664 369 DE
2700 312 3149 371 PtENlTENTlA

3602 316 3747 374 H73

486 435 715 492 occultis
734 442 944 492 secreto
963 431 1278 503 pinniteu-ii.
1311 451 1331 484 ι
1361 431 1412 485 ι.
1437 429 1552 485 Non
1580 430 1774 501 probat
1796 426 2056 498 Origenes
2083 431 2131 488 Α
2160 426 2355 484 delicat
2396 430 2491 497 qui
2540 443 2607 485 ea
2649 431 2860 499 possint
2903 446 3099 486 curare
3128 449 3144 498 ;
3203 438 3634 488 consentaneum
3682 437 3738 492 in

487 540 673 584 coram
692 525 942 580 omnibus
970 538 1029 577 se
1053 537 1207 577 reum
1229 520 1495 587 confiteri,
1522 520 1615 576 sed
1643 527 1849 574 tantum
1876 533 2059 573 coram

490 613 698 675 medico
719 612 896 683 perito
940 620 998 666 et
1034 612 1280 682 probato.
1312 608 1563 679 Nunquid
1594 625 1731 675 vero
1749 596 2060 680 probandus

488 712 627 763 esset
697 703 974 759 medicus?
1042 700 1291 771 Nunquid
1332 699 1870 772 circumspiciendum
1916 708 2059 754 esset

486 793 779 865 peccaturi.
816 793 903 849 cui
930 791 1278 848 conﬁteretur
1303 799 1604 861 peccatum,
1646 790 1752 845 nisi
1799 806 1917 845 mos
1957 789 2060 845 Ec-

485 886 663 942 clesia:
688 884 879 941 fuisset
906 894 1118 941 secreto
1141 882 1474 954 panitendi?
1506 883 1731 938 Frustra
1769 882 2057 952 respondeo

486 990 596 1045 tttt‘,
645 976 1039 1033 confessionem
1084 975 1356 1043 publicam
1403 991 1435 1029 a
1475 974 1687 1044 publica
1740 974 2055 1043 poenitentia

484 1067 774 1138 distingui:
806 1082 914 1123 non
939 1066 1117 1120 minus
1139 1065 1286 1119 enim
1304 1063 1495 1134 pudori
1521 1072 1769 1133 parceret
1791 1064 2056 1133 paeniten-

485 1156 558 1211 tia
597 1155 830 1226 publica,
877 1168 1084 1224 exqua
1112 1162 1238 1207 tunc
1274 1154 1534 1222 temporis
1568 1152 1762 1221 cuique
1790 1152 2051 1217 licuisset,

477 1246 744 1315 judicare,
786 1254 879 1301 aut
916 1244 1195 1302 homicidii
1243 1244 1472 1309 crimen,
1517 1252 1611 1297 aut
1649 1243 1918 1308 adulterii,
1959 1252 2054 1298 aut

482 1333 796 1392 idololatria:
833 1333 1179 1388 commissum
1206 1346 1347 1387 esse.
1376 1331 1432 1387 2.
1469 1332 1575 1386 lste
1601 1332 1842 1386 medicus
1860 1333 2053 1401 proba-

481 1434 569 1483 tus
604 1427 697 1482 dat
726 1425 1008 1482 consilium
1053 1423 1265 1493 publice
1304 1424 1623 1493 pmnitendi,
1662 1431 1719 1478 et
1761 1440 1866 1479 non
1913 1438 2054 1493 prae-

480 1528 695 1589 ceptum
724 1534 739 1569 :
770 1529 898 1585 ergo
923 1514 1157 1569 nondum
1178 1511 1432 1568 Ecclesiae
1457 1511 1677 1567 decreto
1696 1512 1904 1567 sancite
1932 1521 2053 1566 erat

479 1622 578 1678 pro
612 1604 928 1661 criminibus
952 1603 1176 1659 occultis
1214 1603 1425 1674 publica
1444 1603 1797 1673 poenitentia;
1831 1604 1925 1660 sed
1948 1618 2049 1673 po-

480 1699 588 1753 tius
611 1711 727 1751 mos
755 1704 873 1750 erat
900 1702 1110 1748 secreto
1138 1693 1436 1763 pmnitendi
1463 1711 1477 1746 :
1504 1694 1658 1763 quia,
1678 1700 1738 1747 ut
1758 1693 1837 1747 ait
1859 1694 2050 1750 ﬂictu.

2157 516 2376 573 modum
2420 518 2494 575 illi
2546 520 2691 588 quod
2742 521 3004 590 scriptum
3037 529 3144 587 est,
3192 538 3290 577 vos
3329 523 3421 593 qui
3466 521 3742 581 firmiores

2156 610 2310 674 estis,
2356 609 2753 667 imbecillitates
2790 612 3147 668 infirmior-um
3193 618 3408 683 portate
3431 654 3448 681 ,
3499 614 3608 669 hoc
3650 623 3736 671 est

2159 698 2326 753 tollite
2347 698 2629 770 diligentia
2655 711 2712 757 et
2732 719 2864 758 cura
2892 711 3095 758 vestra.
3129 702 3222 759 Sic
3246 712 3472 759 sanctus
3496 702 3741 760 Hilarius

2154 796 2211 842 et
2250 789 2487 847 Basilius
2521 791 2660 848 adeo
2679 804 2948 848 secretam
2985 808 3107 849 esse
3129 793 3313 848 volunt
3340 792 3741 849 confessionem

2153 887 2207 933 et
2230 881 2624 948 pmnitentiam,
2649 892 2711 936 ut
2735 898 2921 938 coram
2942 884 3054 938 Deo
3079 883 3218 948 solo,
3239 891 3294 937 et
3315 897 3500 939 coram
3534 883 3602 937 iis
3622 891 3738 937 tan-

2155 977 2267 1024 tum
2303 971 2395 1039 qui
2438 986 2629 1026 curare
2668 975 2895 1041 possint,
2935 990 3059 1029 eam
3097 975 3357 1045 agendam
3383 989 3509 1029 esse
3529 974 3729 1029 dicant.

2154 1059 2334 1126 Quare
2371 1072 2554 1132 aperte
2590 1062 2860 1119 alllrmant
2902 1080 3110 1119 morem
3159 1065 3416 1120 Ecclesia
3450 1063 3626 1119 fuisse
3668 1065 3738 1119 de

2152 1153 2390 1220 peccatis
2417 1154 2644 1208 occultis
2660 1163 2873 1210 secreto
2891 1155 3212 1224 paenitendi.

2221 1240 2514 1313 Gregorius
2551 1243 2830 1315 Nyssenus
2875 1246 2930 1301 in
2965 1247 3190 1316 epistola
3229 1247 3491 1303 canonica
3530 1247 3601 1302 ad
3637 1247 3737 1303 Le-

2153 1331 2321 1386 toium
2352 1332 2659 1403 episcopum
2689 1334 3085 1390 Melitinensem
3110 1354 3123 1389 :
3155 1354 3175 1388 ι
3206 1336 3309 1404 Qui
3334 1345 3516 1392 autem
3539 1337 3731 1393 latenti

2151 1420 2426 1479 ablatione
2451 1423 2553 1478 sibi
2594 1423 2829 1480 alienum
2860 1435 3100 1497 usurpat,
3133 1428 3178 1483 si
3212 1428 3409 1483 deinde
3436 1443 3537 1498 per
3560 1444 3735 1485 enun-

2153 1512 2432 1568 tiationem
2470 1522 2751 1583 peccatum
2790 1530 2949 1571 suum
2976 1517 3245 1572 sacerdoti
3269 1520 3582 1588 aperuerit,
3613 1521 3732 1574 vitii

2150 1602 2331 1665 studio
2354 1604 2410 1659 in
2441 1606 2780 1662 contrarium
2819 1615 3030 1663 mutato
3064 1608 3439 1679 aegritudinem
3466 1610 3685 1664 curabit
3716 1628 3729 1663 :

2150 1692 2270 1746 dico
2316 1701 2496 1748 autem
2540 1713 2552 1748 :
2597 1696 2872 1766 largiendo
2923 1713 3044 1767 qure
3094 1699 3292 1763 habet,
3345 1709 3406 1754 ut
3444 1701 3572 1755 dum
3614 1714 3739 1770 qua

479 1803 672 1858 nymns
701 1787 794 1843 lib.
819 1802 837 1841 ι
862 1787 1122 1842 adversus
1153 1784 1499 1841 Joviuianum
1526 1805 1540 1839 :
1575 1804 1595 1838 σ
1638 1785 1736 1842 Ubi
1761 1786 2047 1842 consilium
2080 1765 2128 1824 Β
2150 1783 2315 1841 habet
2367 1765 2701 1856 profunditp
2735 1803 2795 1844 se
2842 1791 2911 1844 ab
2941 1765 3211 1846 avaritiae
3257 1792 3446 1847 morbo
3505 1765 3738 1847 liberum

478 1880 657 1943 datur,
689 1878 964 1934 olferentis
988 1876 1270 1932 arbitrium
1295 1885 1408 1943 est;
1446 1878 1537 1931 ubi
1567 1886 1918 1948 praeceptum,
1955 1893 2053 1935 ue-

475 1970 701 2026 cessitas
727 1978 812 2024 est
838 1968 1141 2023 servientis.
1172 1988 1193 2020 ι
1236 1969 1290 2023 5.
1327 1968 1547 2024 Publice
1574 1970 1875 2039 pteuitendi
1913 1982 2048 2025 con-

475 2058 654 2114 silium
705 2061 863 2115 datur
891 2058 1226 2114 solummodo
1269 2059 1325 2113 in
1366 2074 1496 2115 casu
1525 2060 1784 2127 singulari
1817 2079 1828 2114 :
1874 2062 2049 2131 atqui,

474 2152 616 2205 sicut
638 2151 884 2220 exceptio
928 2150 1112 2205 ﬁrmat
1142 2148 1404 2221 regulam,
1444 2150 1520 2205 ita
1558 2166 1764 2207 morem
1795 2153 2050 2209 Ecclesia

473 2252 681 2298 secreto
710 2241 1009 2312 paenitendi
1056 2256 1154 2311 pro
1199 2241 1521 2299 criminibus
1563 2243 1790 2300 occultis
1826 2244 2048 2300 demon-

472 2341 614 2388 strat
648 2348 809 2388 casus
850 2332 1157 2406 singularis.
1196 2331 1387 2389 Patres
1414 2333 1627 2390 concilii
1651 2334 2050 2392 Neocaesaricn-

473 2422 569 2490 sis,
601 2438 722 2478 can.
753 2422 787 2476 4
820 2441 833 2477 :
868 2440 887 2474 ι
917 2422 977 2478 Si
1004 2424 1127 2493 quis
1149 2424 1488 2494 proposuerit
1519 2426 1902 2497 concupiscere
1927 2442 2048 2481 mu-

472 2512 659 2568 lierem
685 2513 753 2568 ad
778 2512 1153 2568 dormiendum
1175 2528 1301 2569 cum
1323 2513 1457 2584 ipsa,
1487 2514 1604 2585 ejus
1631 2523 1810 2570 autem
1838 2516 2048 2571 deside-

472 2605 614 2657 rium
661 2602 729 2657 ad
774 2618 907 2673 opus
948 2618 1054 2658 non
1087 2603 1327 2669 venerit,
1375 2604 1588 2660 videtur
1628 2621 1749 2661 esse
1797 2621 1827 2659 a
1872 2607 2046 2677 gratia

468 2690 744 2750 liberatus.
781 2713 800 2747 ι
842 2692 1017 2753 Grave
1059 2694 1263 2749 crimen
1301 2701 1386 2750 est
1419 2695 1741 2751 adulterium
1785 2696 1839 2751 in
1884 2696 2046 2752 corde

472 2789 841 2854 commissum,
871 2796 925 2843 et
953 2795 1131 2843 tamen
1153 2787 1344 2844 Patres
1370 2786 1650 2843 declarant
1669 2786 2044 2858 paenitentiam

469 2886 681 2935 secreto
721 2877 920 2933 factam
957 2876 1225 2943 sullicere,
1270 2892 1336 2933 ac
1375 2878 1603 2948 proinde
1636 2892 1840 2933 morem
1880 2876 2047 2932 fuisse

2152 1883 2338 1944 aperte
2366 1877 2634 1932 ostendat.
2664 1877 2765 1933 Sin
2792 1888 2974 1935 autem
3000 1880 3133 1935 nihil
3173 1881 3345 1949 aliud,
3370 1891 3741 1953 praeterquam

2152 1962 2326 2020 solum
2354 1978 2550 2035 corpus
2597 1968 2815 2035 habeat,
2856 1967 3013 2038 jubet
3038 1969 3328 2041 Apostolus
3362 1987 3460 2041 per
3486 1972 3738 2026 laborem

2148 2054 2485 2125 corporalem
2531 2056 2582 2111 ci
2625 2057 2815 2113 morbo
2857 2060 3082 2115 mederi.
3133 2061 3394 2116 Dictionis
3433 2071 3620 2116 autem
3667 2064 3741 2116 ita

2150 2150 2316 2207 habet
2337 2160 2654 2208 contextus:
2679 2152 2783 2218 Qui
2807 2153 3086 2223 iurabatur
3110 2169 3213 2208 non
3238 2154 3465 2225 amplius
3486 2156 3704 2224 {aretur
3721 2170 3741 2206 :

2149 2241 2244 2297 sed
2290 2242 2474 2311 potius
2518 2241 2729 2297 laboret
2772 2242 2973 2298 bonum
3026 2259 3298 2314 operans,
3351 2252 3413 2299 ut
3461 2246 3641 2315 possit
3688 2246 3742 2301 ei

2148 2329 2334 2403 largiri
2386 2332 2482 2402 qui
2528 2332 2751 2404 indiget.
2787 2353 2808 2386 ι
2848 2332 3083 2389 Sanctus
3122 2333 3414 2405 Gregorius
3458 2334 3743 2406 Nyssenus

2147 2422 2203 2478 in
2232 2423 2336 2479 hac
2360 2422 2590 2492 epistola
2624 2423 2887 2478 canonica
2913 2438 3022 2478 non
3061 2438 3238 2490 suam,
3267 2424 3367 2479 sed
3390 2440 3615 2479 suorum
3642 2440 3740 2495 ps-

2150 2520 2295 2567 trum
2321 2513 2641 2568 sententiam
2661 2553 2677 2578 ,
2709 2522 2870 2583 atque
2908 2516 3221 2570 canonicam
3248 2515 3453 2570 referre
3479 2524 3738 2570 testatur.

2149 2600 2258 2658 Cur
2284 2602 2449 2674 igitur
2476 2603 2566 2672 qui
2594 2604 2782 2662 latenti
2813 2604 3083 2661 uitiatione
3111 2605 3214 2660 sibi
3241 2605 3471 2659 alienum
3501 2620 3741 2675 usurpa-

2146 2695 2243 2757 vit,
2278 2695 2573 2750 secundum
2606 2710 2842 2750 canones
2868 2710 2974 2751 non
3004 2695 3256 2766 plectitur
3283 2694 3608 2766 pmnitentia
3639 2711 3739 2765 pu-

2145 2783 2310 2849 blica,
2340 2782 2438 2839 sed
2483 2783 2533 2838 ei
2581 2782 2777 2838 sufﬁcit
2817 2785 3133 2853 poenitentia
3179 2795 3388 2840 secreto
3416 2782 3585 2848 facta,
3631 2785 3743 2839 nisi

2148 2873 2277 2943 quia
2320 2888 2439 2927 mos
2465 2882 2586 2930 erat
2608 2873 2866 2930 Ecclesia:
2894 2876 2959 2929 de
2983 2876 3224 2945 peccatis
3260 2874 3485 2930 occultis
3512 2882 3744 2932 secreto

472 2970 723 3026 Ecclesiae
744 2970 810 3025 de
831 2969 1149 3025 criminibus
1170 2968 1400 3025 occultis
1426 2982 1636 3026 secreto
1656 2970 1970 3041 pmoitendi.
2144 2966 2480 3036 panitendi?

538 3057 770 3113 Hilarius
810 3055 1153 3112 Pictavorum
1188 3059 1471 3128 episcopus
1500 3057 1553 3113 in
1577 3057 1770 3130 psalm.
1800 3074 1851 3114 ι;ι
1884 3073 2045 3117 enar-
2090 3125 2109 3130 Δ
2215 3057 2451 3113 Hilarius
2505 3056 2763 3114 diaconus
2802 3065 2989 3114 auctor
3044 3059 3146 3114 sub
3184 3058 3419 3114 Damasc
3472 3074 3625 3129 papa
3679 3061 3737 3115 in

469 3149 696 3204 ratione.
752 3167 771 3201 ς
804 3147 922 3205 Non
961 3149 1105 3205 enim
1151 3125 1421 3207 confessio
1463 3125 1807 3220 peccatorum
1847 3151 1951 3206 nisi
1989 3151 2043 3205 in
2069 3125 2113 3190 (ἶ
2148 3146 2546 3214 Qumstionibus
2572 3162 2641 3202 ex
2661 3147 2842 3203 Veteri
2865 3157 2921 3203 et
2946 3146 3095 3203 Novo
3118 3125 3743 3221 Testamento'utroqne

466 3238 626 3311 liujus
650 3238 828 3295 sazculi
855 3246 1094 3310 tempore
1119 3246 1203 3294 est
1230 3258 1242 3294 :
1275 3239 1399 3293 dum
1438 3239 1699 3295 voluntati
1733 3254 1845 3297 sua:
1873 3256 2043 3296 unus-
2147 3238 2376 3302 mixtim,
2415 3245 2606 3308 quiest.
2635 3238 2709 3292 Ξἰεί
2734 3256 2748 3291 :
2783 3257 2804 3290 ι
2836 3238 2905 3292 Ει
2929 3238 3106 3294 adhuc
3129 3248 3214 3295 est
3235 3237 3438 3310 aliquid
3462 3239 3619 3308 quod
3648 3241 3741 3295 ἀει

464 3329 690 3399 quisque
714 3328 1010 3400 permissus
1037 3336 1121 3383 est
1143 3369 1160 3394 ,
1200 3337 1255 3385 et
1290 3345 1385 3399 per
1426 3331 1546 3397 vita:
1570 3329 1843 3386 licentiam
1882 3331 2045 3388 habet
2142 3328 2427 3399 prehendit
2473 3327 2844 3385 Novatiauus:
2872 3328 3003 3395 Cur,
3039 3330 3235 3400 inquit,
3277 3345 3470 3398 corpus
3506 3330 3741 3385 Domini

467 3418 823 3475 confessionis
846 3418 1151 3484 arbitrium,
1166 3427 1305 3475 etc.»
1323 3418 1691 3475 Confessiouis
1712 3430 1889 3476 autem
1912 3437 2043 3476 cau-
2144 3418 2361 3473 tradunt
2385 3418 2467 3473 eis
2505 3433 2642 3487 quos
2665 3427 2932 3474 novemnt
2956 3420 3303 3489 peccatores?
3330 3420 3489 3486 Quasi
3511 3422 3743 3490 possint

466 3526 581 3566 sam
609 3509 813 3566 addidit
845 3510 1029 3566 dicens
1074 3528 1088 3567 :
1124 3512 1248 3583 quia
1292 3511 1461 3581 fecisti
1491 3528 1509 3566 :
1539 3521 1812 3569 auctorem
1834 3512 2042 3570 scilicet
2142 3509 2246 3579 ipsi
2291 3517 2637 3565 accusatores
2678 3523 2819 3573 esse,
2869 3510 2962 3578 qui
3008 3518 3132 3564 sunt
3176 3507 3404 3578 judices.
3443 3509 3499 3565 Si
3541 3523 3741 3568 autem

464 3603 833 3661 universitatis
881 3601 1039 3671 bujus
1075 3600 1360 3658 Dominum
1407 3618 1530 3659 esse
1571 3606 1876 3672 confessus,
1909 3607 2039 3663 nulli
2144 3601 2385 3655 accusati
2433 3598 2637 3661 fuerint
2688 3609 2745 3656 et
2783 3600 3109 3658 manifestati
3137 3642 3153 3668 ,
3203 3609 3489 3671 potuerunt
3539 3602 3736 3670 abjiei.

465 3694 556 3749 alii
582 3696 781 3750 docens
821 3695 1184 3751 conﬁtendum
1206 3711 1366 3766 quam
1401 3696 1495 3767 qui
1524 3697 1652 3754 fecit
1690 3699 1887 3755 olivam
1914 3700 2037 3755 fru-

2154 3690 2275 3747 Nam
2308 3692 2429 3761 quis
2455 3690 2620 3760 jndex
2647 3693 2952 3749 accusantis
2998 3703 3176 3747 sumat
3224 3708 3503 3762 personam
3525 3694 3553 3746 ξ
3592 3693 3736 3750 Nam

465 3784 711 3839 etiferam
739 3784 851 3854 spei
880 3783 1248 3840 misericordia
1271 3785 1323 3839 in
1351 3785 1606 3841 saxulum
1627 3789 1827 3843 saeculi.

2154 3782 2186 3837 si
2213 3783 2328 3851 ipse
2372 3783 2631 3840 Dominus
2653 3784 2843 3850 ludam
2890 3800 3083 3855 passus
3108 3795 3190 3840 est
3214 3799 3375 3856 quem
3402 3786 3622 3843 sciebat
3649 3788 3733 3843 fu.

534 3873 765 3929 Basilius
791 3872 1014 3947 Magnus
1057 3873 1110 3928 in
1139 3874 1358 3930 bomilia
1400 3877 1455 3932 in
1496 3879 1761 3948 psalmum
1805 3897 1991 3937 sum
2019 3901 2035 3937 :
2139 3887 2254 3928 ιὉιιι
2278 3887 2416 3938 068e,
2446 3881 2499 3929 οι
2526 3889 2590 3927 ea
2611 3886 2733 3943 quae
2759 3876 3111 3931 mil-labantur
3124 3884 3429 3946 “portare,
3459 3890 3570 3933 nec
3601 3895 3734 3934 eum

383 4025 386 4028 ,
472 3984 494 4015 ι
525 3963 804 4036 Proprium
839 3974 921 4020 est
960 3964 1236 4020 hominum
1271 3960 1612 4037 prudentium
1639 4011 1659 4037 ,
1692 3971 1764 4029 ob
1805 3988 1871 4028 ea
1917 3990 2051 4044 quia.

2154 3964 2230 4033 iui
2256 3974 2543 4021 accusatus
2564 3974 2672 4022 non
2689 3978 2792 4033 est,
2815 3967 3007 4036 abiciat
3031 3983 3046 4023 :
3070 3972 3171 4025 hoc
3188 3971 3432 4040 exemplo
3454 3973 3535 4026 uti
3564 3987 3739 4044 opor-

464 4055 737 4124 peccando
760 4055 1415 4127 admiserintprzesumpta
1440 4059 1690 4128 quapiam
1710 4061 2035 4131 cogitatione
2137 4060 2234 4118 tot,
2262 4061 2322 4108 ut
2350 4068 2473 4109 eum
2499 4055 2732 4125 abjiccrc
2761 4073 2864 4111 non
2894 4059 3075 4125 liceat,
3108 4062 3199 4129 qui
3222 4061 3432 4129 publice
3467 4062 3734 4120 detectus

468 4155 564 4203 aut
593 4147 936 4218 subreptione
972 4146 1174 4203 inimici
1215 4162 1320 4203 non
1348 4163 1410 4204 se
1452 4149 1643 4206 circi-re
1661 4191 1677 4216 ,
1708 4153 1801 4207 sed
1830 4154 2035 4223 pudore
2135 4160 2242 4201 non
2274 4144 2455 4201 fuerit.
2478 4146 2619 4201 Nam
2641 4162 2741 4203 nec
2771 4150 2919 4219 justo
2941 4151 3060 4206 viro
3086 4154 3342 4223 competit
3371 4153 3613 4223 aliquem
3639 4170 3734 4212 ac-

467 4239 677 4311 aspergi
715 4239 892 4310 potius
911 4247 967 4294 et
988 4239 1338 4306 erubescere,
1372 4250 1427 4295 et
1454 4243 1621 4299 veluti
1644 4245 1875 4307 stimulis
1899 4262 2033 4304 con-

2154 4252 2345 4292 :usare.
2398 4238 2552 4293 Unde
2588 4238 2890 4306 Matthzeus,
2933 4243 3127 4313 Ioseph
3169 4260 3287 4300 cum
3328 4256 3478 4311 esset,
3515 4247 3729 4318 inquit,

460 4331 739 4387 scientiam
769 4332 1092 4400 pertundere
1120 4348 1286 4402 seque
1306 4349 1497 4403 gerere
1525 4337 1845 4393 submissius
1871 4349 2033 4410 atque

2154 4330 2287 4380 ionio
2310 4327 2507 4396 justus,
2543 4338 2591 4381 et
2617 4328 2775 4384 nollet
2799 4346 2915 4385 eam
2947 4333 3242 4399 traducere,
3281 4334 3444 4389 coluit
3479 4351 3607 4391 eam
3634 4354 3733 4391 oc-

460 4420 754 4476 humiliari.
798 4420 967 4476 David
994 4420 1159 4492 igitur
1187 4429 1312 4492 post
1352 4423 1467 4479 huic
1510 4425 1584 4480 ait
1631 4446 1643 4480 :
1682 4426 1969 4498 Rugiebmn
1999 4450 2029 4485 ο

2154 4418 2273 4473 'ulte
2294 4419 2571 4474 dimittere.
2592 4419 2758 4478 Judas
2780 4439 2908 4494 ergo
2932 4440 3053 4480 cum
3074 4438 3218 4482 esset
3238 4428 3379 4483 inter
3393 4428 3727 4500 discipulos,

459 4514 650 4583 gemitu
677 4511 849 4568 cordis
876 4513 977 4568 uici
998 4478 1135 4578 .-γει
1152 4553 1171 4579 ,
1187 4478 1487 4571 secundum
1507 4478 1796 4586 Aquilam:
1820 4518 2031 4576 Ἐκπω-
2064 4478 2117 4537 D
2134 4509 2456 4578 contagione
2476 4525 2574 4564 sua
2596 4526 2703 4567 non
2743 4478 3167 4584 eosumaculavit,
3200 4478 3583 4577 dissentiente;

460 4606 580 4660 bant
608 4622 642 4660 a
672 4604 883 4675 fremitu
909 4602 1083 4659 cordis
1119 4604 1237 4660 mei.
1279 4603 1396 4661 Non
1426 4615 1487 4661 ut
1514 4608 1693 4664 multis
1714 4610 2028 4668 manifestus

2154 4615 2241 4668 lue
2266 4616 2298 4653 a
2328 4599 2483 4655 furtis
2504 4601 2639 4670 ejus,
2661 4611 2717 4658 et
2744 4605 3138 4664 Eucharistiam
3160 4610 3299 4665 inter
3324 4625 3417 4666 eos
3438 4612 3731 4683 accipiens

459 4697 607 4763 nam.
634 4712 730 4752 om
764 4695 959 4761 fate“.
998 4696 1093 4752 sed
1120 4696 1287 4753 me
1333 4697 1450 4769 ipso
1491 4698 1689 4756 clausis
1716 4684 1885 4757 οωῂς
1930 4703 2026 4758 tibi
2134 4704 2241 4743 non
2273 4690 2462 4759 polluit
2490 4690 2819 4749 innocentes.
2852 4694 2961 4752 Nec
2990 4698 3247 4754 Dominus
3276 4700 3327 4755 ei
3357 4714 3517 4770 quem
3547 4702 3725 4759 latro—

458 4787 557 4842 soli
587 4786 891 4858 rapicienti
915 4802 1113 4844 arcana
1143 4803 1357 4843 meeum
1377 4789 1493 4860 ipse
1532 4790 1773 4866 rugiens,
1800 4794 2027 4849 ostendo

2154 4795 2259 4835 tem
2280 4780 2507 4847 sciebat,
2538 4797 2733 4852 corpus
2748 4798 2904 4839 suum
2925 4786 3237 4859 denegabat,
3263 4791 3384 4859 quia
3407 4795 3725 4850 secundum

458 4890 609 4932 meos
631 4876 892 4947 gemitus;
920 4891 1025 4931 non
1048 4876 1191 4934 enim
1221 4877 1404 4933 amitis
1430 4878 1611 4935 verbis
1641 4879 1770 4936 mibi
1801 4895 1937 4951 opus
1958 4884 2025 4938 ad
2129 4868 2465 4937 ΑΡοεωιυηιν
2491 4870 2593 4936 Olli
2622 4871 2835 4940 ὶηάὶειιε
2859 4875 3044 4940 Sim“:
3069 4876 3309 4946 ειεάὶιιω
3338 4880 3435 4933 Bibi
3460 4882 3668 4937 ευωίι-
3691 4902 3714 4934 ι

456 4963 876 5030 confessionem,
902 4965 969 5021 ad
995 4980 1157 5034 quam
1177 4974 1233 5021 et
1257 4967 1439 5023 cordis
1462 4969 1569 5023 mei
1598 4971 1850 5039 suspiria,
1874 4980 1929 5026 οι
1954 4985 2021 5026 ος
2129 4957 2363 5015 Hilarius
2388 4959 2649 5017 diaconus
2666 4972 2854 5017 contra
2874 4962 3198 5025 Novatianos
3217 4982 3419 5023 morem
3445 4968 3721 5028 Ecclesia:

456 5054 649 5110 animm
673 5052 1041 5124 penetraﬁbus
1066 5055 1188 5111 imis
1227 5056 1293 5111 ad
1332 5066 1384 5112 re
1426 5058 1595 5114 Deum
1632 5074 1811 5116 meum
1841 5067 2021 5116 trans-
2128 5051 2405 5107 catholica:
2431 5054 2713 5108 conﬁrmat
2730 5056 2976 5125 exemplo
2993 5056 3212 5123 Christi,
3232 5068 3296 5113 ut
3315 5074 3433 5115 eum
3465 5062 3721 5132 ahjiecre

455 5145 605 5203 missi
630 5152 854 5217 questus
877 5145 1011 5201 satis
1028 5145 1287 5202 existunt.
1326 5167 1345 5201 ι
1589 5201 1595 5207 ,
2126 5157 2234 5197 non
2255 5141 2430 5210 liccat,
2450 5147 2542 5213 qui
2560 5144 2770 5214 publice
2788 5148 3030 5203 detectus
3060 5164 3168 5203 non
3195 5148 3360 5205 fuerit
3389 5169 3403 5204 :
3426 5165 3562 5221 ergo
3589 5168 3725 5209 mos

524 5236 753 5293 Basilius
780 5236 835 5291 in
858 5234 1079 5307 Regulis
1103 5236 1459 5303 brevioribus,
1498 5254 1641 5310 resp.
1687 5241 1755 5295 ad
1788 5241 2022 5297 interro-
2126 5241 2245 5288 erat
2268 5232 2518 5290 Ecclesiae
2537 5235 2607 5291 de
2631 5237 2873 5305 peccatis
2892 5238 3121 5295 occultis
3146 5250 3357 5296 secreto
3376 5244 3715 5311 paenitendi.

455 5335 563 5399 gat.
598 5327 709 5385 229
748 5342 765 5382 :
817 5345 839 5380 ε
890 5326 1122 5385 Omnino
1180 5329 1232 5383 in
1288 5340 1633 5400 peccatorum
1677 5332 2021 5390 confessione
2194 5323 2515 5381 Ambrosius
2539 5326 2593 5380 in
2620 5327 2888 5397 psalmum
2914 5345 3097 5385 sum
3116 5341 3355 5386 enarrat.
3385 5351 3397 5384 :
3426 5332 3719 5391 «Αοαοιεις

455 5420 644 5476 eadem
681 5418 821 5474 ratio
862 5428 973 5485 est,
1008 5433 1129 5490 quae
1160 5420 1324 5474 etiam
1364 5420 1416 5473 in
1454 5421 1731 5488 apertione
1766 5420 2019 5475 vitiorum
2126 5413 2287 5469 batur
2306 5416 2616 5470 citarebat.
2643 5417 3038 5474 Ducebaturad
3063 5429 3314 5487 mortem,
3334 5430 3389 5476 et
3409 5423 3717 5483 sileminse

456 5509 716 5580 corporis.
745 5507 815 5564 Ut
837 5510 998 5580 igitur
1016 5510 1149 5566 vitia
1171 5510 1414 5579 corporis
1443 5525 1779 5579 nequaquam
1800 5512 2021 5581 quibus
2127 5507 2359 5577 tegebat,
2396 5522 2464 5562 ne
2495 5508 2721 5564 nudaret
2748 5511 3027 5581 pudorem.
3055 5514 3198 5568 Intra
3223 5529 3283 5570 se
3311 5522 3484 5570 tamen
3506 5515 3715 5586 lnque-

457 5598 540 5652 τις
571 5606 772 5652 temere
801 5599 1045 5656 homines
1090 5601 1361 5671 aperiunt,
1396 5601 1489 5655 sed
1535 5601 1603 5654 iis
1651 5602 2021 5655 tantummoio
2125 5595 2286 5649 batur
2312 5597 2439 5659 Deo,
2472 5599 2563 5666 qui
2591 5614 2710 5654 eam
2740 5602 2911 5672 magis
2951 5604 3155 5659 audivit
3176 5613 3463 5660 tacentem.
3493 5606 3631 5673 Qum
3660 5609 3712 5661 si

459 5684 620 5739 etiam
643 5693 983 5752 peccatorum
1010 5686 1279 5743 confessio
1300 5686 1421 5742 fieri
1449 5687 1627 5751 debet,
1646 5688 1788 5756 apud
1812 5702 1907 5744 eos
1935 5688 2018 5742 vi—
2124 5685 2382 5744 voluisset
2416 5687 2580 5758 loqui,
2612 5688 2839 5746 forsitan
2867 5707 2970 5749 non
3000 5704 3143 5749 esset
3166 5697 3369 5751 audita.
3401 5695 3465 5750 Et
3489 5706 3543 5751 tu
3565 5710 3721 5767 ergo
