3968 6180
286 340 432 396 H73

1144 334 1228 390 AB
1265 333 1434 389 OMM
1473 331 1841 390 NOVITATIS
1880 327 2287 387 SUSPICIONE
2326 326 2715 386 VlNDiCATA.

3416 332 3552 387 1174

280 456 381 527 qui
426 452 752 524 proposuisti
786 451 1097 507 satisfacere
1122 464 1222 520 pro
1264 446 1473 505 delictis
1507 447 1732 503 Domino
1756 446 1867 501 Deo
1896 449 1943 506 Α
1972 443 2065 507 cit,
2098 459 2203 497 non
2224 441 2397 511 ipsum
2426 455 2708 496 assumens
2729 439 3105 505 circumducit,
3134 447 3193 494 et
3215 440 3544 498 dicitrNum

280 556 401 610 tuo,
427 545 502 600 illi
527 543 626 599 soli
652 542 909 598 interiore
939 541 1101 597 corde
1123 549 1174 597 te
1213 555 1403 611 purga,
1434 539 1583 593 illum
1611 545 1869 593 contuere

282 636 380 709 qui
415 643 592 708 potest
631 642 853 704 peccata
900 631 1124 688 diluere.
1163 651 1182 684 ι
1216 631 1330 687 liae
1369 630 1742 684 exhortatione
1790 629 1868 683 uti

285 744 395 783 non
423 732 600 798 potest
625 732 849 780 sanctus
875 721 1206 786 Ambrosius,
1236 721 1366 791 quin
1402 719 1635 775 afﬁrmet
1663 725 1718 773 ct
1754 732 1869 773 mo-

283 834 405 875 rem
436 819 690 876 Ecclesiae
715 818 881 875 fuisse
915 820 981 875 de
1005 819 1245 889 peccatis
1262 817 1489 873 occultis
1514 824 1726 873 secreto
1755 831 1871 885 poe-

282 910 517 966 nitendi.
534 909 695 981 .Unde
714 918 905 966 auctor
924 910 1092 979 ipsius
1110 910 1236 965 vitae
1254 916 1486 965 testatur
1504 909 1647 964 hunc
1664 921 1870 964 morem

283 1005 401 1053 tam
412 997 694 1069 diligenter
708 1013 973 1064 servasse,
987 1008 1045 1053 ut
1064 999 1274 1067 caeteris
1286 998 1625 1054 sacerdotibu
1634 1012 1660 1051 s
1672 1000 1869 1052 bonum

281 1087 568 1159 reliquerit
597 1089 921 1158 exemplum.
963 1088 1417 1158 Quotiescunque,
1449 1088 1642 1158 inquit,
1676 1087 1749 1142 illi
1778 1086 1871 1142 ali-

280 1179 412 1248 quis
440 1179 508 1234 ad
543 1180 950 1251 percipiendam
979 1180 1351 1251 paenitentiam
1378 1178 1563 1249 lapsus
1594 1193 1720 1234 suos
1742 1194 1871 1235 con-

280 1271 464 1328 fessus
490 1281 651 1339 esset,
679 1274 753 1327 ita
790 1272 969 1340 ﬁebat,
997 1280 1055 1328 ut
1078 1280 1132 1328 et
1160 1271 1309 1327 illum
1346 1268 1475 1328 ﬁere
1502 1271 1869 1343 compelleret.

280 1362 585 1418 Videbatur
637 1365 802 1419 etiam
854 1364 958 1421 sibi
1004 1379 1127 1420 cum
1161 1363 1378 1432 jacente
1411 1363 1614 1433 jacere.
1667 1364 1871 1421 Causas

278 1465 469 1512 autem
506 1456 794 1517 criminum
823 1471 957 1528 quas
1000 1456 1075 1510 illi
1127 1456 1537 1520 conﬁtebantur,
1593 1456 1724 1511 nulli
1766 1457 1870 1514 nisi

278 1546 518 1602 Domino
563 1547 664 1603 soli
713 1547 853 1617 apud
889 1562 1048 1616 quem
1095 1547 1462 1602 intercedebat
1496 1544 1819 1617 loquebatur
1851 1564 1865 1601 :

276 1638 487 1692 bonum
518 1635 825 1705 relinquens
868 1635 1173 1705 exemplum
1201 1636 1434 1704 posteris
1476 1635 1866 1702 sacerdotibus,

278 1733 341 1785 ut
391 1727 781 1781 intercessores
805 1725 944 1795 apud
970 1724 1137 1780 Deum
1164 1725 1291 1790 sint,
1321 1727 1492 1796 magis
1521 1741 1682 1795 quam
1709 1742 1870 1782 accu-

1971 533 2094 605 quis
2120 534 2264 587 hunc
2287 533 2545 588 accusat?
2578 530 2685 586 Sed
2715 531 2940 591 clamat.
2976 531 3103 585 licet
3129 529 3402 586 daemones
3430 547 3553 586 eum

1971 625 2182 681 diabolo
2208 624 2485 680 constituti
2532 623 2707 693 ipsum
2748 629 3003 676 accusent
3028 621 3107 676 de
3140 620 3473 691 turpissimis
3497 629 3552 678 et

1970 716 2196 772 occultis
2243 714 2576 780 criminibus,
2607 730 2713 769 non
2762 713 2947 785 rejicio
2982 726 3082 768 nee
3120 710 3422 777 abominor,
3452 715 3550 770 sed

1971 807 2040 862 ab
2067 806 2470 862 accusatoribus
2500 805 2674 875 ipsum
2702 804 2957 870 liberans,
2981 810 3037 858 et
3060 803 3128 858 ab
3156 803 3435 872 iniquitate
3457 805 3552 860 abo-

1972 897 2202 964 solvens,
2242 898 2321 954 sic
2344 898 2410 952 ad
2437 897 2731 953 certamina
2762 895 2899 951 duco
2931 914 2944 950 :
2969 910 3071 952 nec
3119 895 3413 964 immerito,
3439 907 3547 953 etc.

1971 985 2082 1041 Nec
2109 988 2212 1042 hoc
2238 994 2444 1041 tantum
2490 994 2574 1042 est
2611 986 2929 1042 admirabile
2956 985 3101 1057 quod
3130 986 3286 1042 nobis
3327 995 3550 1057 peccata

1971 1076 2212 1142 dimittit,
2241 1092 2428 1134 verum
2461 1085 2518 1134 et
2543 1078 2685 1148 quod
2720 1078 2835 1148 ipsa
2857 1092 2963 1133 non
2995 1077 3222 1145 revelat,
3249 1093 3350 1136 nec
3376 1079 3551 1134 mani-

1972 1164 2110 1221 festa
2160 1166 2309 1233 facit,
2358 1183 2461 1223 nec
2509 1168 2825 1223 accedentes
2867 1169 3011 1240 cogit
3040 1168 3095 1222 in
3125 1169 3304 1224 medio
3336 1177 3549 1242 patrata

1971 1257 2205 1329 edicere,
2238 1257 2332 1312 sed
2358 1257 2455 1312 soli
2485 1257 2586 1313 sibi
2615 1257 2876 1313 rationem
2906 1258 3130 1314 reddere
3153 1255 3329 1325 jubet,
3356 1266 3412 1313 et
3446 1258 3550 1315 sibi

1971 1349 2215 1404 conﬁteri
2246 1365 2262 1404 :
2293 1349 2506 1404 Etenim
2529 1364 2597 1405 ex
2625 1347 2971 1405 saecularibus
3012 1349 3309 1421 iudicibus,
3346 1351 3391 1406 si
3427 1351 3551 1422 quis

1971 1440 2130 1497 alicui
2170 1450 2447 1511 captorum
2490 1438 2783 1507 latronum,
2829 1441 2915 1497 vel
2940 1457 3126 1497 eorum
3174 1443 3267 1514 qui
3302 1443 3550 1514 sepulcra

1970 1527 2228 1583 effodiunt
2267 1530 2488 1595 diceret,
2515 1536 2574 1584 ut
2612 1538 2834 1600 peccata
2862 1530 3226 1595 conﬁteretur,
3253 1538 3309 1585 et
3332 1546 3363 1586 a
3387 1545 3550 1601 paena

1971 1619 2350 1687 dimitteretur,
2402 1622 2546 1676 omni
2575 1630 2725 1677 certe
2762 1622 3185 1693 promptitudine
3231 1623 3336 1679 hoc
3362 1640 3552 1680 susce-

1970 1712 2193 1781 pissent,
2225 1713 2412 1769 salutis
2452 1714 2744 1784 cupiditate
2795 1716 3054 1784 pudorem
3105 1724 3547 1784 contemnentes;

280 1825 500 1870 satores
523 1815 664 1886 apud
693 1794 957 1871 homines.
982 1814 1117 1869 Nam
1142 1823 1199 1870 et
1223 1794 1521 1872 secundum
1540 1794 1865 1887 Apostolum

1974 1802 2059 1858 hic
2090 1819 2216 1859 vero
2244 1820 2350 1860 non
2385 1805 2487 1860 hoc
2518 1814 2621 1871 est,
2643 1821 2833 1860 verum
2857 1814 2912 1861 et
2935 1816 3153 1875 peccata
3184 1807 3423 1872 dimittit,
3452 1825 3551 1866 nec

277 1907 432 1962 circa
462 1904 769 1974 hujusmodi
793 1905 1063 1960 hominem
1083 1906 1449 1963 conﬁrmanda
1472 1907 1710 1962 charitas
1733 1915 1819 1962 est
1846 1925 1859 1961 :

279 1996 412 2066 quia
442 1996 559 2066 ipse
599 1998 683 2051 sui
708 2003 990 2061 accusator
1015 2005 1117 2062 est,
1150 2012 1249 2052 nec
1278 2005 1558 2067 exspectat
1587 2007 1866 2065 accusato:

277 2101 424 2151 rem,
473 2085 567 2141 sed
604 2087 883 2157 praevenit,
920 2098 978 2142 ut
1013 2088 1317 2143 conﬁtendo
1342 2105 1499 2144 suum
1537 2090 1727 2147 allevet
1749 2091 1864 2160 ipse

279 2175 565 2241 delictum,
598 2192 697 2233 nec
718 2176 918 2232 habeat
946 2178 1087 2248 quod
1132 2178 1475 2235 adversarius
1523 2181 1860 2237 criminetur.

306 2268 512 2338 deoque
538 2267 819 2340 Scriptura
857 2270 989 2325 dicit
1018 2290 1030 2324 :
1064 2269 1249 2327 Justus
1278 2271 1332 2326 in
1361 2273 1626 2343 principio
1653 2288 1862 2330 sermo-

278 2362 369 2415 nis
397 2370 678 2427 accusator
697 2372 782 2418 est
811 2364 914 2418 sui.
940 2362 1139 2419 Vocem
1166 2363 1311 2418 enim
1339 2364 1500 2433 eripit
1524 2363 1861 2433 adversario,

276 2457 337 2505 et
362 2451 515 2519 quasi
547 2453 733 2507 dentes
757 2453 1019 2523 quosdam
1059 2460 1280 2523 paratos
1312 2453 1379 2508 ad
1416 2454 1653 2524 praedam
1680 2454 1862 2508 crimi-

276 2540 518 2596 nationis
543 2541 750 2597 infestae
772 2549 1116 2613 peccatomm
1140 2559 1360 2600 suorum
1380 2543 1715 2599 confessione
1734 2560 1863 2600 con-

276 2628 489 2701 fringit,
535 2633 668 2688 dans
699 2635 956 2690 honorem
988 2635 1116 2701 Deo,
1145 2637 1229 2691 cui
1258 2636 1399 2692 nuda
1433 2645 1559 2691 sunt
1580 2637 1779 2700 omnia,
1806 2643 1862 2691 et

277 2723 372 2794 qui
401 2723 515 2782 vult
540 2724 703 2779 vitam
731 2727 903 2797 magis
930 2728 1231 2796 peccatoris
1256 2743 1417 2797 quam
1452 2736 1703 2785 mortem.

348 2810 584 2868 Joannes
629 2814 1048 2885 Clirysostomus
1086 2817 1142 2872 in
1189 2819 1412 2873 bomilia
1460 2819 1529 2873 20
1574 2821 1630 2874 in
1668 2836 1786 2891 cap.
1827 2838 1861 2878 v

278 2903 481 2960 Cenes.
517 2922 530 2957 :
566 2922 585 2955 ε
616 2903 898 2961 Scortator
924 2907 1091 2975 enim,
1124 2907 1208 2963 vel
1232 2908 1460 2974 adulter,
1491 2910 1576 2963 vel
1598 2911 1688 2981 qui
1716 2911 1861 2967 aliud

276 2995 390 3052 tale
438 2995 694 3066 quiddam
737 2996 978 3064 admisit,
1012 2999 1221 3053 etiamsi
1252 3011 1440 3054 omnes
1468 2999 1638 3055 latere
1674 3009 1857 3071 queat,

273 3101 556 3156 nunquam
584 3093 765 3141 tamen
808 3087 888 3142 sic
914 3088 967 3142 in
996 3088 1381 3158 tranquillitate
1406 3089 1555 3153 vivit,
1578 3097 1683 3145 etc.
1710 3090 1860 3145 Atta-

276 3192 404 3232 men
442 3178 534 3247 qui
564 3179 678 3232 haec
701 3176 850 3244 fecit,
881 3179 929 3234 si
958 3178 1190 3234 voluerit
1210 3187 1268 3233 ut
1292 3179 1446 3235 decet
1474 3179 1551 3234 uti
1581 3180 1860 3235 conscien-

278 3267 371 3323 tia:
396 3265 725 3335 adiumento,
754 3275 810 3324 et
853 3268 920 3323 ad
948 3266 1341 3325 confessionem
1366 3267 1667 3324 facinorum
1708 3267 1862 3325 festi-

272 3370 433 3423 nare,
479 3363 536 3411 et
582 3357 790 3414 medico
832 3359 1117 3414 ostendere
1161 3358 1334 3425 ulcus,
1365 3360 1457 3429 qui
1488 3365 1642 3416 curet
1672 3365 1861 3416 etnon

273 3445 590 3516 exprobret,
626 3455 788 3518 atque
808 3449 877 3503 ab
901 3447 993 3503 illo
1020 3446 1255 3504 remedia
1285 3450 1553 3519 accipere,
1586 3458 1642 3505 et
1681 3449 1780 3505 soli
1809 3450 1860 3506 ei

274 3539 447 3613 loqui,
478 3541 629 3596 nullo
655 3541 760 3597 alio
782 3541 1017 3605 conscio,
1046 3549 1102 3596 et
1140 3543 1321 3597 omnia
1349 3542 1529 3597 dicere
1573 3556 1697 3597 cum
1741 3541 1862 3597 dili-

273 3631 478 3704 gentia,
508 3628 667 3687 facile
688 3640 910 3701 peccata
935 3624 1031 3687 sua
1055 3633 1382 3688 emendabit.
1406 3631 1687 3689 Confessio
1714 3633 1860 3689 enim

274 3733 622 3796 peccatorum
652 3723 873 3780 abolitio
898 3724 1060 3780 etiam
1083 3732 1167 3779 est
1189 3723 1525 3780 delictorum.
1558 3744 1576 3776 ι
1609 3723 1748 3791 Quid
1775 3723 1860 3780 his

278 3812 468 3868 verbis
492 3813 712 3878 clarius,
729 3814 926 3884 quibus
946 3820 1168 3868 sanctus
1188 3811 1425 3869 Joannes
1445 3812 1860 3885 Chrysostomus

278 3901 520 3956 affirmat
553 3904 868 3973 paenitentia
898 3912 1108 3959 secreto
1136 3902 1296 3968 facta,
1329 3903 1579 3974 quaelibet
1605 3904 1857 3969 crimina,

275 4002 337 4048 ut
365 4001 570 4059 scorta,
592 3994 876 4058 adulteria,
901 4001 954 4049 et
981 3994 1084 4048 alia
1106 3991 1343 4063 ejusdem
1372 3994 1586 4066 generis
1613 3996 1704 4065 qui
1725 3996 1859 4052 alios

276 4084 470 4152 latent,
501 4086 744 4141 aboleri?
770 4086 998 4152 Quidam
1042 4094 1257 4156 putant.
1309 4087 1384 4142 ita
1428 4087 1571 4156 loqui
1596 4086 1857 4145 Joannem

275 4175 745 4246 Chrysostomum,
790 4190 858 4232 ex
886 4190 953 4232 eo
977 4177 1118 4245 quod
1146 4192 1177 4231 a
1203 4179 1597 4247 prmdccessore
1629 4196 1725 4236 suo
1754 4180 1858 4236 Ne-

274 4269 448 4325 ctario
479 4269 728 4339 episcopo
769 4269 1361 4339 Constantinopolitano
1397 4268 1662 4325 sublatam
1691 4270 1857 4328 fuisse

274 4359 646 4430 panitentiam
670 4359 937 4430 publicam
967 4360 1317 4415 arbitrentur.
1345 4357 1450 4414 Sed
1490 4359 1664 4430 primo
1702 4360 1857 4416 refel-

273 4447 463 4504 luntur
483 4450 725 4519 ipsismet
745 4448 797 4504 J.
826 4448 1196 4521 Chrysostomi
1225 4449 1546 4505 testimoniis
1567 4450 1657 4519 qui
1684 4450 1854 4519 publi-

271 4554 397 4597 cam
424 4512 796 4610 paenitentiam
822 4541 877 4594 in
905 4512 1019 4596 suis
1038 4537 1274 4593 homiliis
1306 4538 1445 4608 apud
1469 4512 1851 4594 Constantino-
1882 4512 1930 4570 D

271 4631 445 4704 polim'
486 4631 645 4688 dictis
670 4631 1003 4701 praedicavit,
1049 4631 1187 4686 sicut
1213 4630 1416 4700 optime
1454 4629 1855 4685 demonstratur

273 4721 332 4776 in
377 4721 547 4790 ipsius
596 4719 720 4775 Vita
753 4719 1030 4776 Gallicana
1073 4721 1252 4791 lingua
1282 4721 1480 4790 scripta
1506 4735 1535 4773 a
1563 4717 1855 4793 Godefrido

273 4811 590 4867 Hermantio
606 4811 856 4883 theologo
867 4811 1228 4867 eruditissimo
1240 4818 1295 4867 et
1313 4811 1458 4865 socio
1473 4809 1777 4866 sorbonico.
1795 4810 1848 4865 2.

271 4900 484 4957 Nullius
508 4902 764 4958 momenti
793 4910 971 4971 potest
1004 4915 1126 4957 esse
1165 4902 1266 4956 ista
1296 4900 1544 4969 olijcctio,
1585 4916 1706 4956 cum
1743 4918 1851 4958 non

270 4990 494 5048 dubium
511 4992 583 5047 sit
597 4993 725 5064 quin
742 4993 991 5047 bomilias
1006 4993 1059 5046 in
1079 4991 1331 5047 Genesim
1348 4991 1489 5061 apud
1505 4990 1849 5047 Antiochiam

270 5082 611 5146 recitaverit,
637 5081 781 5137 sicut
817 5082 1069 5137 bomilias
1093 5082 1146 5138 in
1176 5082 1346 5150 Epist.
1379 5080 1448 5135 ad
1484 5079 1728 5137 Corinth.
1760 5084 1854 5139 ubi

270 5173 648 5242 pmnitentiam
675 5173 944 5244 publicam
974 5188 1073 5243 pro
1098 5173 1336 5243 peccatis
1374 5171 1601 5244 publicis
1621 5174 1857 5245 viguisse

270 5266 355 5322 sic
400 5265 641 5321 declarat
688 5265 743 5321 in
797 5266 1019 5322 homilia
1063 5265 1132 5320 28
1170 5265 1223 5319 in
1251 5264 1351 5336 Ep.
1393 5263 1439 5320 ll
1465 5263 1532 5319 ad
1559 5261 1804 5320 Corinth.
1837 5284 1851 5321 :

275 5375 294 5409 ι
321 5356 524 5413 lterum
557 5372 678 5412 cum
706 5373 955 5413 arcemus
996 5360 1091 5411 eos
1137 5356 1227 5426 qui
1273 5369 1380 5410 non
1432 5363 1656 5425 possunt
1686 5370 1855 5410 sacrae

268 5460 475 5505 mensae
515 5448 809 5518 participes
852 5460 992 5510 esse,
1042 5445 1204 5499 aliam
1234 5443 1350 5501 ﬁeri
1374 5453 1588 5515 oportet
1614 5460 1848 5515 precem,

266 5550 566 5607 omnesque
597 5538 845 5593 similiter
866 5537 1014 5592 humi
1036 5536 1237 5607 jacere,
1267 5546 1372 5591 etc.
1408 5556 1425 5589 ι

341 5628 573 5685 Sanctus
599 5630 1038 5701 Chrysustomus,
1065 5628 1120 5683 in
1147 5627 1365 5683 humilia
1389 5628 1478 5693 2|,
1508 5630 1573 5683 ad
1600 5627 1849 5698 populum

268 5721 666 5779 Antiochenam
701 5741 714 5774 :
754 5741 772 5774 ί
801 5722 1144 5778 Contrarium
1183 5722 1514 5792 Agonotheta
1560 5731 1745 5778 noster
1772 5722 1850 5777 fas

1885 3134 1932 3198 C

1966 1893 2112 1964 cogit
2158 1896 2513 1963 prmsentibus
2562 1896 2882 1966 quibusdam
2930 1897 3046 1967 ipsa
3092 1898 3360 1953 enuntiari
3398 1916 3411 1952 :
3450 1900 3550 1956 sed

1965 1995 2131 2036 unum
2175 1983 2347 2038 solum
2388 1985 2556 2057 exigit
2601 1991 2659 2040 ut
2704 1986 2818 2056 ipse
2854 1986 3171 2043 remissione
3207 1986 3393 2044 fruens
3419 1990 3546 2045 doni

1965 2072 2387 2141 magnitudinem
2413 2074 2603 2130 discat.

2032 2158 2084 2215 J.
2132 2154 2546 2234 Chrysostomus
2594 2164 2648 2220 in
2702 2164 2922 2221 homilia
2978 2168 3011 2223 8
3053 2167 3120 2222 de
3170 2168 3539 2225 Poenitentia:

1970 2269 1989 2303 ι
2021 2251 2221 2308 Probet
2260 2262 2441 2311 autem
2486 2257 2720 2329 seipsum
2751 2260 2931 2325 homo,
2979 2267 3035 2315 et
3067 2260 3144 2317 sic
3186 2264 3254 2317 de
3286 2277 3425 2333 pane
3451 2262 3543 2320 illo

1963 2343 2233 2409 comedat,
2281 2353 2336 2398 et
2380 2345 2446 2401 de
2501 2346 2668 2402 calice
2696 2347 2868 2403 bibat.
2912 2348 3028 2404 Non
3073 2349 3333 2405 revelavit
3363 2352 3538 2418 ulcus,

1961 2448 2069 2489 non
2097 2435 2464 2492 in‘commune
2508 2438 2776 2493 theatrum
2819 2440 3219 2496 accusationem
3263 2442 3539 2511 produxit.

1962 2527 2080 2584 Non
2126 2529 2445 2587 delictorum
2489 2539 2651 2588 testes
2680 2534 2914 2588 statuit:
2942 2533 3087 2589 intus
3116 2535 3171 2590 in
3209 2536 3542 2593 conscientia

1962 2629 2173 2677 astante
2201 2624 2430 2689 nemine,
2450 2635 2648 2695 praeter
2664 2641 2808 2691 eum,
2841 2626 2930 2698 qui
2952 2636 3143 2682 cuncta
3158 2628 3323 2695 videt,
3348 2630 3538 2698 Deum“,

1963 2713 2056 2782 qui
2092 2720 2146 2766 et
2176 2720 2449 2768 scrutatur
2485 2722 2541 2769 et
2568 2716 2634 2769 de
2662 2716 2902 2785 peccatis
2936 2715 3160 2786 judicat,
3208 2724 3264 2773 et
3300 2718 3544 2774 omnium

1961 2807 2128 2863 vitam
2158 2807 2312 2877 quasi
2339 2806 2492 2863 lance
2519 2808 2753 2876 quadam
2780 2807 2966 2871 librat,
2992 2806 3252 2876 judicium
3287 2817 3541 2878 peccato-

1962 2914 2084 2954 rum
2110 2905 2373 2963 statuens,
2404 2905 2459 2953 et
2486 2900 2651 2953 vitam
2688 2914 2903 2955 omnem
2938 2901 3241 2971 recogitans
3264 2902 3318 2956 in
3348 2903 3545 2960 mentis

1956 2988 2219 3060 judicium
2256 2998 2477 3061 peccata
2518 2988 2788 3056 deducito,
2812 2988 3044 3045 reforma
3072 2991 3215 3060 quod
3247 2991 3541 3061 deliquisti,

1962 3090 2123 3153 atque
2147 3083 2227 3139 sic
2257 3097 2392 3152 pura
2433 3082 2758 3137 conscientia
2804 3098 3013 3139 sacram
3041 3084 3244 3155 attinge
3273 3099 3539 3149 mensam,

1960 3176 2338 3246 particepsque
2374 3173 2548 3227 sancti
2595 3172 2845 3228 sacriﬁcii
2883 3173 3001 3228 ﬁas.
3038 3172 3164 3230 Haec
3191 3181 3371 3229 mente
3411 3174 3543 3229 reti-

1958 3274 2176 3330 nentes,
2192 3274 2246 3320 et
2271 3263 2508 3319 omnium
2532 3279 2652 3334 qua:
2666 3264 2731 3319 de
2754 3263 2965 3319 luxuria
2990 3264 3223 3320 diximus
3248 3265 3538 3333 recordati,

1960 3364 2268 3427 quantaque
2297 3356 2384 3411 his
2409 3368 2570 3426 poena
2607 3354 2782 3425 posita
2810 3354 2912 3421 sit,
2943 3355 3034 3426 qui
3063 3356 3463 3413 incontinenter
3485 3364 3542 3412 et

1959 3449 2138 3503 minus
2166 3447 2358 3518 pudice
2397 3447 2692 3516 respiciunt
2721 3445 2774 3501 in
2815 3447 3057 3503 mulieris
3083 3446 3312 3515 faciem,
3344 3457 3399 3504 et
3426 3464 3541 3519 pne

1960 3541 2204 3611 gehenna
2240 3539 2337 3594 Dei
2373 3539 2619 3593 timorem
2660 3545 2716 3592 ct
2751 3538 3070 3593 charitatem
3110 3538 3372 3595 habentes
3413 3547 3540 3595 ante

1960 3628 2163 3695 oculos,
2192 3628 2550 3699 nosmetipsos
2594 3627 2722 3682 hinc
2760 3627 2886 3682 inde
2936 3636 3229 3699 purgantes
3260 3629 3339 3684 sic
3367 3629 3539 3685 sacris

1959 3717 2233 3787 mysteriis
2274 3716 2719 3786 propinquemus,
2766 3731 2833 3770 ne
2877 3715 3215 3787 injudicium
3239 3716 3540 3773 damnatio—

1961 3821 2191 3878 nemque
2207 3807 2360 3862 nobis
2378 3806 2526 3872 fiant,
2545 3807 2639 3862 sed
2659 3806 2713 3860 in
2731 3807 2958 3862 salutem
2974 3808 3233 3863 etanimae
3250 3809 3535 3865 sanitatem

1960 3897 2316 3968 ﬁduciamque
2350 3899 2662 3954 continuam
2699 3897 2889 3953 salutis
2916 3897 3076 3967 hujus
3100 3899 3477 3969 suscipiamus.
3513 3916 3531 3950 ι

2029 3988 2086 4043 ln
2117 3988 2336 4043 homilia
2366 3988 2431 4043 l0
2455 3989 2518 4044 de
2546 3986 2890 4052 Pmnitentia,
2916 4002 3033 4057 quae
3054 4003 3159 4042 non
3181 3996 3326 4043 recte
3347 3989 3539 4043 inscri-

1959 4080 2105 4136 bitur
2148 4081 2181 4137 9
2233 4081 2285 4135 iu
2328 4081 2486 4136 editis
2531 4100 2544 4135 :
2580 4099 2598 4133 ‹
2638 4080 2895 4148 Quamvis
2945 4080 3001 4134 in
3047 4089 3287 4136 extrema
3338 4082 3538 4137 canitie

1958 4170 2283 4242 peccaveris,
2322 4171 2627 4241 ingredere,
2646 4168 3029 4238 ‘pmnitentiam
3068 4183 3165 4238 age
3196 4185 3210 4222 :
3250 4168 3535 4224 medicina:

1959 4262 2108 4318 locus
2134 4269 2218 4318 est
2252 4261 2358 4326 hic,
2393 4277 2496 4315 non
2537 4260 2756 4328 judicii;
2790 4275 2896 4313 non
2941 4273 3130 4328 poenas
3168 4260 3406 4330 exigens,
3438 4261 3535 4316 sed

1958 4360 2303 4421 peccatorum
2355 4349 2728 4404 remissionem
2768 4350 3032 4403 tribuens.
3080 4349 3190 4404 Deo
3234 4349 3404 4404 solum
3445 4349 3535 4406 die

1958 4448 2237 4512 peccatum
2278 4448 2426 4495 tuum
2458 4456 2472 4494 :
2506 4440 2626 4494 Tibi
2653 4439 2753 4495 soli
2773 4441 3011 4510 peccavi,
3044 4449 3101 4496 et
3128 4441 3324 4498 malum
3350 4458 3532 4500 coram

1962 4541 2010 4586 te
2032 4530 2151 4596 fcci,
2180 4540 2234 4587 et
2262 4531 2551 4587 dimittitur
2578 4539 2860 4599 peccatum
2888 4539 3060 4585 tuum.
3084 4551 3105 4586 ι

2031 4620 2087 4675 1η
2134 4634 2380 4675 sermone
2426 4620 2493 4674 de
2540 4620 2816 4674 Pharismo
2843 4628 2898 4675 et
2928 4621 3212 4689 publicano
3241 4639 3256 4676 :
3288 4641 3308 4675 ι
3344 4622 3532 4695 Itaque

1959 4714 2220 4769 admoneo
2246 4722 2307 4768 ut
2341 4713 2649 4769 conﬁtearis
2670 4721 2891 4783 peccata
2931 4721 3044 4768 tua.
3072 4712 3261 4786 Neque
3296 4717 3441 4771 enim
3477 4724 3533 4774 te

1958 4808 2025 4863 ad
2071 4808 2342 4861 theatrum
2388 4820 2770 4861 conservorum
2819 4814 3056 4871 tuorum,
3084 4822 3184 4862 nec
3213 4814 3267 4864 te
3307 4823 3533 4880 cogoea

1959 4897 2270 4953 hominibus
2299 4897 2581 4951 enuntiare
2610 4913 2623 4949 :
2652 4895 3039 4952 conscientiam
3060 4904 3205 4954 tuam
3233 4898 3348 4955 Deo
3367 4914 3532 4972 expo-

1956 5004 2044 5056 ne,
2083 4988 2130 5043 ei
2176 4987 2398 5042 ostende
2426 4985 2567 5041 facta
2594 4994 2651 5042 et
2679 4987 2903 5041 vulnera
2927 4995 2983 5043 et
3008 4988 3076 5044 ab
3103 5004 3169 5044 eo
3205 4991 3532 5049 medicinam

1954 5087 2078 5148 pete
2104 5093 2120 5133 :
2142 5077 2364 5134 ostende
2390 5086 2442 5132 te
2466 5091 2573 5131 non
2601 5078 2974 5147 exprobranti,
3003 5079 3098 5134 sed
3118 5082 3348 5135 curanti.
3378 5098 3398 5132 ι

2026 5169 2084 5225 In
2107 5169 2324 5224 bomilia
2344 5168 2407 5225 5i
2432 5168 2485 5223 in
2509 5168 2607 5239 Ep.
2632 5169 2700 5224 ad
2720 5167 3014 5225 Hebrtnos:
3046 5189 3066 5221 ι
3099 5170 3179 5225 Ne
3199 5177 3528 5226 nos-tanturn

1954 5260 2197 5316 dicamus
2214 5267 2544 5330 peccatores,
2575 5260 2670 5316 sed
2694 5260 2859 5316 etiam
2883 5268 3103 5332 peccata
3130 5274 3523 5327 recenseamus,

1956 5353 2375 5423 unumquodque
2419 5361 2822 5408 enumerantes.
2870 5349 2985 5405 Non
3030 5348 3126 5404 tibi
3154 5350 3276 5406 dico
3299 5359 3446 5406 utea
3470 5352 3527 5408 in

1954 5444 2226 5515 publicum
2255 5443 2522 5514 proferas,
2562 5458 2734 5513 neque
2756 5442 2895 5512 apud
2918 5440 3053 5495 alios
3082 5454 3325 5507 accuses,
3348 5440 3443 5498 sed
3467 5448 3529 5499 ut

1955 5552 2147 5608 pareas
2168 5536 2448 5607 Prophetas
2469 5537 2665 5593 dicenti
2692 5552 2705 5588 :
2738 5534 2927 5588 Revela
2946 5533 3171 5589 Domino
3198 5536 3333 5589 viam
3357 5544 3524 5605 tum,

1956 5630 2097 5699 apud
2121 5628 2287 5684 Deum
2317 5627 2575 5683 conﬁtere
2598 5632 2827 5697 peccata.
2844 5631 2954 5678 tua.
2988 5643 3006 5676 ι

2024 5721 2082 5779 ln
2109 5721 2327 5777 homilia
2357 5718 2446 5783 56,
2474 5719 2526 5773 in
2553 5716 2721 5771 Actus
2744 5716 3135 5787 apostolorum:
3167 5737 3185 5770 ο
3202 5718 3339 5788 Quid
3355 5719 3519 5793 igitur
