3968 6180
459 250 596 306 1175

1022 252 1367 310 TIIEODORI
1402 254 1720 315 ARCHIEP.
1758 256 1998 312 CANTU.

2101 296 2105 308 .
2148 254 2489 310 DOCTRINA
2528 252 2618 309 DE
2655 250 3101 309 ΡαΞΧΠΕΝΤΣΑ

3566 251 3701 306 ιιτδ

452 364 500 419 si
523 363 759 436 graviter
781 363 1129 419 oﬂ'enderim?
1156 365 1317 421 Cessa
1351 365 1644 433 oﬂ'endere,
1670 375 1725 422 et
1758 366 2025 439 lacrymas
2056 379 2095 433 Α
2126 376 2306 422 tamen
2342 366 2585 422 sufﬁcere
2620 368 2916 421 arbitratur
2947 376 3166 422 sanctus
3187 364 3545 440 Augustinus,
3578 384 3703 424 cum

450 452 633 518 funde,
661 461 716 506 et
737 452 809 506 ita
834 452 1047 517 accede,
1079 462 1134 508 et
1156 454 1335 509 statim
1354 454 1599 525 inprimis
1618 456 1857 511 invenies
1877 455 2024 510 illum

447 543 758 612 propitium.
790 542 884 598 Dic
905 543 1097 608 solum,
1130 543 1351 609 oﬂ‘endi,
1383 546 1469 600 dic
1496 560 1561 599 ex
1587 545 1789 610 animo,
1812 553 1867 600 et
1890 560 2025 615 pura

450 644 629 691 mente
655 654 670 690 :
696 642 749 690 et
777 635 947 691 soluta
976 645 1100 692 sunt
1124 637 1325 692 omnia.
1345 638 1464 693 Non
1500 638 1635 694 adeo
1656 638 1807 707 cupis
1829 637 2026 693 dimitti

447 734 669 796 peccata
714 734 826 793 tua,
876 729 1017 784 sicut
1059 729 1147 784 illa
1187 730 1333 800 cupit
1368 739 1590 801 peccata
1631 738 1722 785 tua
1751 730 1967 785 dimitti.
1999 749 2017 782 ι

448 816 581 873 Vide
617 817 805 873 eadem
854 818 908 873 in
953 819 1168 874 homilia
1194 820 1250 885 5,
1275 820 1343 876 de
1377 820 1903 889 incomprehensibili
1927 820 2023 875 Dei

447 905 675 972 Natura;
700 922 857 963 conc.
882 906 939 971 4,
977 909 1041 963 de
1076 908 1312 975 Lazaro;
1344 909 1530 965 homil.
1565 911 1600 965 2
1627 910 1680 964 in
1716 909 1851 978 psal.
1890 926 1940 972 ι,
1968 917 2023 964 et

443 995 500 1051 in
531 997 772 1062 bomilia,
806 996 959 1063 Quod
1000 1015 1103 1051 non
1148 1009 1359 1068 peccata
1400 999 1690 1069 evulganda
1717 1010 1859 1054 sunt.
1888 999 2021 1055 Vide

444 1102 657 1157 quoque
676 1087 987 1143 Cassianum
1012 1089 1061 1143 .l.
1081 1088 1273 1161 Chrys.
1298 1090 1616 1159 discipulum
1646 1092 1698 1145 in
1723 1088 1901 1145 collat.
1924 1105 2017 1154 xx,

443 1194 564 1248 cap.
591 1180 644 1234 8.
663 1178 791 1246 Quae
816 1181 995 1235 omnia
1022 1167 1395 1237 demonstrant
1414 1196 1620 1237 morem
1647 1181 1811 1237 fuisse
1835 1180 2022 1236 Eccle-

443 1269 558 1334 siae,
586 1267 652 1324 de
684 1270 920 1340 peccatis
946 1270 1168 1325 occultis
1190 1279 1403 1326 secreto
1431 1272 1748 1341 paenitendi.

511 1358 850 1415 Innocentius
870 1361 911 1426 l,
940 1360 992 1415 in
1020 1360 1241 1430 epistola
1270 1362 1336 1417 ad
1362 1362 1688 1433 Exuperium
1706 1365 2016 1436 episcopum

440 1448 785 1516 Tolosanum,
810 1465 927 1520 cap.
952 1451 986 1505 4
1013 1469 1026 1504 :
1061 1470 1080 1501 ι
1108 1451 1175 1506 Ει
1201 1451 1330 1507 illud
1360 1453 1722 1509 desideratum
1747 1464 1832 1510 est
1864 1457 2014 1522 sciri,

441 1555 541 1594 cur
567 1540 1024 1595 communicantes
1051 1540 1151 1594 viri
1190 1556 1313 1596 cum
1339 1540 1597 1597 adulteris
1621 1543 1883 1600 uxoribus
1906 1560 2013 1600 non

440 1630 782 1696 conveniant,
824 1646 945 1686 cum
985 1639 1168 1686 contra
1205 1647 1400 1687 uxores
1429 1633 1482 1687 in
1512 1636 1785 1691 consortio
1810 1636 2018 1692 adulte-

2125 466 2406 527 peccatum
2438 473 2465 510 a
2491 458 2601 512 Deo
2624 455 2901 511 dimissum
2926 472 3045 512 esse
3070 466 3342 528 agnoscat.

2193 544 2251 599 In
2278 562 2443 601 serm.
2469 544 2540 599 44
2582 546 2635 599 in
2663 546 3012 616 Evangelium
3062 546 3321 602 Joannis:
3369 545 3475 613 Qui
3517 549 3704 603 vident

2123 636 2393 691 mulierem
2441 634 2512 689 ad
2560 637 3027 707 concupiscendum
3061 654 3198 702 eum,
3242 636 3360 708 jam
3414 639 3705 693 moechatus

2123 734 2196 778 est
2225 727 2279 778 in
2306 724 2463 779 corde
2497 742 2615 779 suo.
2662 724 2906 780 Nondum
2938 729 3168 782 accessit
3194 742 3442 797 corpore,
3473 743 3704 782 consen-

2123 815 2193 869 sit
2228 816 2281 869 in
2312 817 2506 881 corde;
2536 824 2807 871 mortuum
2836 819 2980 872 intus
3008 820 3189 885 habet,
3216 820 3453 875 nondum
3483 819 3697 874 extulit.

2123 906 2190 959 Et
2218 906 2297 973 fit,
2341 915 2401 962 ut
2447 908 2718 973 novimus,
2756 917 2815 962 ut
2857 911 3097 979 quotidie
3140 911 3385 964 homines
3430 927 3491 966 se
3541 926 3701 983 expe-

2122 996 2334 1051 riuntur
2369 995 2656 1069 aliquando
2694 998 2875 1053 audito
2913 1000 3078 1053 verbo
3120 999 3247 1065 Dei,
3294 1010 3553 1070 tanquam
3596 998 3701 1055 Do-

2121 1087 2269 1142 mino
2318 1088 2550 1153 dicente,
2604 1088 2796 1159 Surge,
2849 1089 3239 1146 condemnatur
3289 1107 3586 1146 consensus
3631 1093 3699 1146 ad

2120 1178 2480 1248 iniquitatem,
2513 1180 2812 1251 respiratur
2838 1182 2892 1236 in
2918 1182 3145 1237 salutem
3176 1191 3232 1238 et
3248 1182 3537 1251 justitiam.
3567 1183 3700 1238 Sur-

2118 1270 2198 1339 git
2234 1278 2479 1325 mortuus
2524 1271 2577 1325 in
2615 1272 2795 1338 domo,
2836 1273 3111 1328 reviviscit
3148 1275 3202 1327 in
3233 1274 3581 1345 cogitationis
3608 1290 3694 1329 se-

2117 1364 2285 1419 creto,
2320 1356 2462 1414 facta
2504 1367 2588 1413 est
2624 1360 2725 1416 ista
2767 1362 3094 1417 resurrectio
3127 1363 3321 1417 animae
3350 1374 3579 1418 mortua:
3617 1365 3696 1419 in-

2116 1454 2245 1501 tus:
2274 1447 2417 1502 intra
2453 1448 2690 1505 latebras
2724 1451 3086 1515 conscientia),
3128 1457 3384 1523 tanquam
3420 1453 3567 1507 intra
3602 1452 3697 1508 do-

2117 1537 2374 1593 mesticos
2418 1540 2673 1609 parietes.
2701 1559 2719 1591 ι
2764 1538 3019 1596 Pluribus
3069 1541 3192 1596 aliis
3239 1542 3293 1596 in
3340 1541 3476 1598 locis
3504 1542 3693 1597 eodem

2115 1625 2277 1681 modo
2323 1626 2581 1697 loquitur.
2635 1629 2797 1684 Verbi
2844 1630 3015 1700 gratia
3053 1647 3067 1683 :
3108 1630 3165 1685 ln
3213 1647 3465 1687 sermone
3508 1633 3579 1687 44
3630 1634 3696 1689 de

440 1735 623 1776 rarum
647 1721 883 1776 virorum
913 1738 1133 1778 manere
1166 1723 1466 1778 videantur.
1503 1723 1677 1795 Super
1707 1727 1810 1781 hoc
1853 1725 2013 1781 Chri-
2043 1723 2087 1784 Β
2115 1714 2306 1771 verbis
2335 1715 2580 1771 Domini:
2616 1736 2634 1769 ί
2677 1717 2733 1772 Si
2770 1734 2901 1774 νετο
2961 1721 3138 1775 adhuc
3176 1728 3459 1791 Peccatum
3503 1738 3695 1778 σοῦσθ’

438 1813 613 1868 stiana
634 1813 823 1884 religio
844 1814 1165 1869 adulterium
1188 1814 1240 1868 in
1262 1822 1492 1884 utroque
1510 1832 1640 1872 sexu
1664 1818 1780 1887 pari
1803 1818 2011 1874 ratione

438 1902 780 1957 condemnat.
828 1900 934 1956 Sed
967 1903 1110 1957 viros
1139 1918 1266 1958 suos
1289 1902 1546 1959 mulieres
1589 1919 1693 1959 non
1740 1904 1898 1960 facile
1944 1906 2010 1960 de

438 1990 702 2045 adulterio
747 2000 1022 2057 accusant,
1074 2000 1128 2046 et
1171 2008 1275 2046 non
1314 1993 1512 2048 habent
1540 1993 1759 2048 latentia
1789 2002 2010 2063 peccata

436 2084 726 2140 vindictam
774 2102 788 2138 :
836 2084 939 2139 viri
984 2092 1164 2139 autem
1210 2084 1433 2140 liberius
1490 2100 1689 2140 uxores
1738 2086 2010 2141 adulteras

435 2176 575 2248 apud
603 2179 907 2234 sacerdotes
927 2178 1136 2235 deferre
1155 2185 1575 2243 consueverunt,
1597 2184 1652 2232 et
1674 2176 1795 2232 ideo
1818 2177 2010 2231 mulie-

435 2270 586 2324 ribus
626 2270 841 2338 prodito
882 2285 1069 2326 earum
1118 2270 1345 2325 crimine
1395 2270 1735 2339 denegatur:
1767 2270 2006 2324 virorum

432 2366 613 2415 autem
656 2359 857 2414 latente
907 2360 1218 2425 commisso,
1267 2375 1375 2415 non
1430 2360 1589 2416 facile
1628 2361 1910 2429 quisquam
1937 2375 2007 2415 ex

434 2450 831 2521 suspicionibus
868 2452 1186 2507 abstinetur.
1222 2450 1324 2518 Qui
1352 2451 1537 2522 utique
1579 2452 2004 2518 submovebitur,

432 2540 479 2594 si
501 2539 617 2608 ejus
644 2539 904 2612 ﬂagitium
933 2541 1232 2611 delegatur.
1257 2540 1390 2596 Cum
1424 2556 1553 2613 ergo
1575 2557 1677 2612 par
1709 2543 1778 2598 sit
1815 2557 2004 2608 causa,

432 2631 727 2697 interdum,
771 2631 1087 2702 probatione
1113 2640 1385 2697 cessante,
1412 2633 1662 2690 vindictae
1703 2635 1844 2690 ratio
1869 2651 2002 2691 con-

431 2719 678 2788 quiescit.
711 2740 729 2771 ι
765 2720 943 2786 Quare
967 2720 1149 2790 plures
1168 2722 1269 2776 viri
1300 2722 1664 2778 adulterantes
1686 2726 2003 2794 paenitentia

431 2809 640 2879 publica
670 2824 774 2864 non
797 2808 1140 2879 plectuntur?
1165 2810 1301 2878 Quia
1328 2828 1434 2867 non
1464 2812 1681 2876 habent,
1704 2812 1898 2885 inquit,
1927 2816 2005 2870 la-

430 2903 598 2957 tentia
622 2910 845 2973 peccata
865 2901 1176 2968 vindictam,
1206 2902 1444 2958 virorum
1470 2905 1665 2959 latente
1688 2905 1998 2961 commisso.

428 2989 571 3062 Ergo
594 3008 713 3049 mos
737 3001 855 3048 erat
883 2993 1138 3050 Ecclesia:
1167 2994 1234 3050 de
1256 2996 1495 3066 peccatis
1535 2996 1762 3052 occultis
1790 3005 2001 3053 secreto

426 3085 744 3159 pmnitendi.

496 3180 845 3237 Bacchiarius
875 3181 929 3236 in
959 3181 1183 3251 epistola
1213 3184 1282 3239 ad
1306 3181 1643 3238 Ianuarium.
1675 3201 1693 3243 ί
1729 3182 1833 3239 Sed
1858 3198 1995 3253 prm-

426 3272 689 3329 termissis
726 3273 812 3328 his
845 3272 1129 3343 plangatur
1171 3274 1482 3340 defunctus,
1524 3275 1814 3345 sepeliatur
1850 3289 1995 3329 mor-

425 3373 548 3419 tuus
577 3383 591 3418 :
618 3365 673 3419 id
697 3371 805 3429 est,
826 3364 1022 3434 partim
1059 3372 1246 3419 nostro
1274 3363 1479 3430 labore,
1506 3365 1700 3434 partim
1730 3379 1992 3419 verecun-

422 3452 661 3507 diae‘sua:
695 3450 1012 3506 confusione
1043 3458 1325 3521 peccatum
1352 3449 1467 3520 ejus
1500 3451 1722 3517 celetur,
1757 3458 1812 3505 et
1840 3449 1990 3505 aufe-

422 3549 575 3597 ratur
619 3556 650 3597 e
674 3543 851 3597 medio
877 3561 890 3597 :
916 3557 1016 3597 nos
1041 3552 1220 3598 autem
1248 3542 1629 3599 consolationis
1657 3543 1992 3611 linteamina,

421 3642 476 3686 et
516 3632 753 3688 cmlcstis
802 3635 915 3705 spei
961 3635 1232 3705 pigmenta
1281 3635 1601 3690 tribuamus.
1645 3635 1763 3704 Ipse
1810 3644 1991 3689 autem

422 3720 561 3774 intra
588 3721 894 3790 sepulcrum
923 3724 1115 3777 secreti
1142 3724 1223 3777 sui
1253 3721 1508 3778 confusus
1531 3724 1739 3793 peccati
1766 3724 1986 3794 pudore,

419 3812 692 3868 contineat
729 3827 789 3867 se
821 3830 833 3866 :
869 3811 942 3867 ibi
979 3812 1322 3868 conscientiae
1355 3829 1465 3869 sua:
1492 3828 1674 3868 verme
1700 3813 1987 3880 laceretur,

418 3902 511 3972 qui
556 3910 700 3958 totus
746 3903 801 3958 in
846 3918 911 3958 eo
958 3904 1271 3975 putredines
1316 3905 1517 3975 obligat
1563 3914 1924 3975 peccatorum.
1964 3925 1983 3959 ι

417 3994 606 4051 Nonne
645 3995 734 4051 illa
773 4004 857 4051 est
889 3996 1206 4066 pmnitentia
1250 4005 1459 4052 secreto
1496 3995 1677 4051 facta?
1709 3996 1879 4062 Quam
1912 4005 1990 4050 ta-

415 4102 539 4144 men
568 4102 667 4158 pro
689 4087 953 4145 adulterio
989 4087 1221 4143 nefando
1263 4086 1508 4143 subicere
1544 4089 1821 4144 existimat
1846 4088 1986 4143 Bac-

413 4179 671 4246 chiarius,
688 4181 840 4252 cujus
858 4178 1112 4252 opuscula
1132 4178 1631 4237 laudatGenuadius
1656 4180 1709 4234 in
1730 4179 1987 4251 Catalogo

413 4272 704 4329 illustrium
738 4272 997 4328 virorum.

479 4368 812 4440 Augustinus
839 4369 898 4464 in
923 4369 1187 4439 psalmum
1226 4384 1354 4464 χιξι
1383 4386 1394 4421 :
1427 4386 1448 4464 ς
1475 4364 1867 4464 Pronuntiabo
1886 4364 1984 4464 adi
2013 4407 2060 4464 ο

407 4476 624 4519 versum
659 4476 746 4516 me
782 4458 1072 4528 injustitias
1113 4475 1262 4516 meas
1296 4460 1543 4524 Domino,
1576 4468 1624 4513 et
1655 4467 1709 4511 tu
1740 4456 1984 4512 remisisti

408 4553 723 4625 impietatem
749 4551 933 4609 cordis
967 4552 1087 4605 mei.
1117 4550 1264 4605 Dixi.
1293 4550 1432 4618 Quid
1455 4549 1681 4605 dixisti?
1717 4548 1831 4604 Non
1865 4545 1982 4619 jam

406 4642 742 4714 pronuntiat,
778 4642 876 4698 sed
909 4641 1177 4712 promittit
1197 4655 1257 4696 se
1283 4639 1779 4709 pronuntiaturum,
1814 4648 1867 4695 et
1893 4639 1982 4694 ille

399 4735 513 4803 jam
552 4735 796 4790 dimittit.
826 4733 1125 4799 Attendite,
1152 4733 1369 4811 fratres
1407 4749 1422 4788 :
1467 4747 1659 4803 magna
1698 4746 1804 4795 res,
1846 4731 1978 4796 disi,

405 4825 790 4883 Pronuntiabo.
820 4824 935 4878 Non
957 4824 1085 4887 dixi,
1116 4822 1487 4885 Pronuntiavi,
1535 4832 1590 4877 et
1617 4830 1673 4878 tu
1699 4821 1979 4877 dimisisti:

405 4917 533 4990 quia
579 4931 647 4972 eo
694 4917 811 4987 ipso
855 4915 1001 4985 quod
1047 4915 1214 4980 dixit,
1276 4914 1671 4979 Pronuntiabo,
1742 4913 1980 4968 ostendit

403 5008 798 5081 quiatnondum
831 5008 1296 5077 pronuntiaverat,
1326 5005 1419 5060 sed
1461 5004 1623 5059 corde
1661 5003 1978 5074 pronuntia-

401 5109 574 5161 verat.
638 5100 753 5156 Iioc
798 5100 976 5168 ipsum
1028 5097 1241 5163 dicere,
1284 5095 1683 5159 Pronuntiabo,
1738 5110 1978 5165 pronun-

400 5195 539 5253 tiare
564 5201 650 5250 est
676 5212 689 5247 :
719 5192 835 5247 ideo
863 5199 911 5245 et
946 5199 1003 5244 tu
1034 5189 1278 5243 remisisti
1302 5189 1618 5258 impietatem
1644 5187 1823 5243 cordis
1851 5187 1971 5240 mei.

398 5282 678 5342 Confessio
703 5298 831 5338 vero
857 5296 979 5337 mea
1003 5278 1069 5335 ad
1095 5295 1157 5335 os
1182 5279 1416 5334 nondum
1447 5285 1687 5333 venerat.
1720 5276 1969 5333 Dixeram

397 5376 566 5444 enim,
620 5372 990 5431 Pronuntiabo
1067 5372 1351 5427 adversum
1409 5384 1519 5434 me,
1598 5375 1965 5424 verumtamen

398 5463 544 5524 Deus
590 5466 795 5521 audivit
838 5480 1024 5522 vocem
1073 5462 1255 5518 cordis
1298 5460 1426 5516 mei.
1475 5460 1587 5514 Vox
1633 5473 1753 5513 mea
1792 5458 1846 5512 in
1877 5472 1971 5511 orc

400 5562 636 5612 nondum
676 5568 811 5620 erat,
858 5559 951 5614 sed
1000 5557 1146 5612 auris
1174 5555 1268 5612 Dei
1307 5553 1416 5623 jam
1466 5552 1520 5606 in
1561 5550 1723 5606 corde
1766 5558 1902 5606 erat.
1945 5570 1962 5601 ι

399 5646 553 5701 Nulla
601 5649 862 5702 secretior
908 5642 1220 5716 ιιαιηὶιυιιὶίι
1275 5644 1498 5716 cogitari
1558 5653 1754 5713 potest,
1804 5657 1965 5711 quam

2110 1816 2263 1876 ptum
2314 1817 2418 1873 est,
2469 1818 2524 1863 et
2576 1826 2682 1864 non
2725 1812 2992 1881 processit
3039 1813 3094 1867 in
3143 1812 3365 1880 factum,
3404 1815 3691 1884 pmniteat,

2110 1898 2416 1968 corrigatur
2454 1901 2736 1971 cngitatio.
2778 1910 2963 1979 surgat
3002 1912 3247 1959 mortuus
3285 1905 3430 1959 intra
3470 1905 3691 1960 domum

2111 1989 2473 2043 conscientiae.
2514 2009 2533 2043 ι
2573 1989 2852 2057 Quomodo
2882 1992 2941 2047 ﬁt
2984 1993 3087 2049 ista
3110 1997 3458 2051 resurrectio
3496 1997 3693 2052 animae

2109 2084 2338 2131 mortuae
2366 2079 2533 2145 intus,
2564 2079 2617 2134 in
2648 2081 2991 2152 cogitationis
3028 2092 3261 2149 secreto,
3292 2085 3436 2139 intra
3469 2088 3690 2142 domum

2108 2167 2485 2234 conscientite,
2536 2169 2674 2224 intra
2728 2170 2964 2227 latebras
3010 2174 3375 2241 conscientiae,
3428 2185 3690 2248 tanquam

2107 2255 2251 2312 intra
2292 2256 2616 2316 domesticos
2653 2261 2922 2330 parietes,
2977 2264 3080 2318 nisi
3121 2266 3437 2335 paenitentia
3478 2278 3691 2323 secreto

2108 2342 2290 2399 facta?
2330 2354 2384 2400 et
2419 2362 2516 2401 cur
2554 2363 2660 2403 non
2700 2351 2989 2406 adhibetur
3025 2353 3277 2423 publica?
3308 2354 3471 2423 Quia,
3516 2357 3688 2428 inquit

2105 2431 2467 2505 Augustinus,
2508 2446 2778 2494 mortuum
2820 2440 2966 2496 intus
3006 2443 3168 2498 habet
3216 2453 3271 2500 et
3311 2447 3550 2503 nondum
3594 2464 3687 2503 ex-

2108 2524 2248 2591 tulit,
2280 2526 2335 2580 id
2362 2535 2465 2592 est,
2503 2528 2707 2584 crimen
2746 2531 2983 2587 nondum
3026 2542 3105 2588 est
3140 2536 3433 2604 publicum.
3482 2537 3541 2592 In
3574 2554 3686 2593 scr-

2105 2632 2265 2673 mone
2305 2618 2372 2674 15
2413 2618 2481 2675 de
2527 2620 2720 2676 Verbis
2765 2622 2978 2678 Domini
3022 2642 3035 2677 :
3087 2643 3105 2676 ι
3158 2625 3455 2684 Peccantcs
3499 2644 3681 2685 coram

2104 2711 2357 2767 omnibus
2385 2713 2618 2783 corripe,
2647 2722 2708 2768 ut
2734 2715 2917 2769 cmteri
2959 2715 3208 2771 timorem
3239 2720 3495 2774 habeant.
3525 2720 3683 2776 Certe

2104 2802 2148 2856 si
2177 2802 2478 2874 quis,quod
2495 2802 2664 2858 solum
2697 2813 2780 2860 est
2797 2821 3004 2871 verum,
3038 2807 3318 2877 distinguit
3344 2818 3610 2880 tempora,
3630 2820 3684 2864 et

2103 2892 2263 2949 solvit
2287 2894 2661 2963 quaestionem,
2680 2910 2865 2950 verum
2883 2906 2984 2951 est.
3004 2896 3061 2951 Si
3077 2906 3356 2968 peccatum
3388 2899 3444 2953 in
3471 2908 3682 2956 secreto

2101 2992 2207 3050 est,
2222 2992 2431 3038 secreto
2448 2983 2679 3055 corripe.
2697 2984 2754 3039 Si
2775 2994 3054 3056 peccatum
3070 2987 3340 3057 publicum
3356 2995 3445 3042 est
3460 2996 3515 3043 et
3527 3005 3683 3061 aper-

2024 3071 2069 3134 C
2101 3083 2236 3142 tum,
2278 3074 2491 3146 publice
2525 3076 2757 3146 corripe,
2789 3086 2849 3130 ut
2892 3076 2982 3131 ille
3021 3077 3359 3144 emendetur,
3402 3088 3458 3134 et
3498 3081 3679 3135 ceteri

2096 3166 2341 3220 timeant.
2360 3165 2428 3219 Et
2450 3164 2503 3218 in
2530 3181 2781 3220 sermone
2796 3169 3041 3236 sequenti
3060 3183 3303 3236 quaenam
3325 3169 3396 3224 sit
3422 3169 3681 3227 Ecclesia:

2094 3255 2376 3326 disciplina
2396 3256 2679 3311 manifeste
2699 3255 2938 3312 declarat
2965 3258 3049 3312 his
3078 3259 3286 3315 verbis:
3309 3277 3327 3309 ι
3350 3260 3495 3329 Ergo
3509 3261 3679 3316 corri-

2091 3348 2283 3418 pienda
2306 3355 2429 3402 sunt
2443 3348 2727 3413 secretius,
2742 3364 2862 3419 quae
2876 3358 3169 3418 peccantur
3186 3351 3471 3406 secretius.
3489 3352 3682 3408 Distri-

2090 3440 2240 3494 buite
2268 3445 2529 3507 tempora,
2565 3450 2620 3494 et
2645 3441 2937 3495 concordat
2966 3440 3263 3510 Scriptura.
3310 3440 3404 3497 Sic
3428 3458 3673 3515 agamus,

2091 3536 2146 3584 et
2171 3531 2250 3585 sic
2278 3529 2539 3601 agendum
2576 3538 2681 3595 est,
2721 3545 2827 3584 non
2865 3531 3037 3586 solum
3080 3533 3295 3601 quando
3336 3531 3392 3587 in
3432 3548 3675 3606 nospec—

2090 3630 2264 3688 catur,
2296 3622 2390 3677 sed
2415 3622 2629 3693 quando
2656 3632 2913 3693 peccatur
2941 3623 3009 3678 ab
3037 3622 3247 3693 aliquo,
3285 3631 3346 3677 nt
3384 3626 3454 3679 ab
3506 3626 3674 3680 altero

2089 3713 2381 3776 nesciatur,
2426 3712 2478 3766 in
2525 3722 2735 3767 secreto
2790 3727 3041 3784 arguere,
3089 3730 3157 3767 ne
3188 3711 3435 3770 volentes
3464 3716 3673 3785 publice

2089 3817 2331 3874 arguere,
2357 3803 2643 3872 prodamus
2664 3803 2956 3857 hominem.
2975 3803 3082 3858 Nos
3105 3803 3349 3858 volumus
3374 3807 3670 3875 corripere,

2088 3902 2144 3948 et
2184 3894 2489 3965 corrigere,
2533 3894 2660 3963 quid
2700 3894 2742 3949 si
2788 3894 3039 3949 inimicus
3079 3894 3269 3964 quaerit
3309 3895 3503 3949 audire
3543 3895 3670 3965 quid

2087 3984 2312 4054 puniat?
2352 3983 2507 4038 Novit
2532 3985 2675 4039 enim
2705 3985 2887 4039 nescio
2911 4000 3069 4055 quem
3105 3984 3430 4039 homicidam
3458 3986 3668 4055 episco-

2086 4093 2208 4149 pus,
2250 4086 2306 4132 et
2346 4077 2484 4133 alius
2525 4076 2671 4132 illum
2703 4092 2861 4132 nemo
2887 4078 3052 4134 novit.
3079 4076 3191 4150 Ego
3224 4075 3347 4132 volo
3388 4076 3539 4131 illum
3569 4093 3669 4148 pu-

2085 4169 2225 4225 blice
2270 4170 2578 4240 corripere,
2628 4177 2685 4224 et
2726 4176 2782 4222 tu
2822 4168 3021 4239 quaaris
3064 4167 3383 4223 inscribere.
3436 4167 3667 4223 Prorsus

2085 4278 2185 4319 nec
2208 4263 2399 4333 prodo,
2438 4278 2540 4318 nec
2588 4261 2818 4334 negligo.
2852 4261 3097 4333 Corripio
3143 4262 3198 4316 in
3241 4270 3477 4330 secreto,
3524 4277 3666 4334 pono

2086 4366 2213 4410 ante
2258 4354 2442 4409 oculos
2492 4353 2586 4409 Dei
2626 4352 2909 4423 judicium,
2968 4362 3146 4409 terreo
3197 4362 3483 4409 cruentam
3537 4369 3667 4410 con-

2090 4446 2401 4511 scientiam,
2445 4444 2744 4515 persuadeo
2783 4443 3174 4515 pcenitentiam.
3240 4441 3357 4497 Hac
3397 4444 3665 4499 charitate

2088 4535 2299 4608 prmditi
2351 4549 2473 4590 esse
2520 4533 2796 4589 debemus.
2864 4532 3016 4590 Unde
3070 4531 3361 4603 aliquando
3416 4534 3664 4588 homines

2089 4629 2490 4703 reprehendunt
2533 4645 2665 4694 nos,
2713 4627 2855 4698 quod
2899 4627 3052 4698 quasi
3102 4642 3209 4682 non
3264 4626 3661 4696 corripiamus,

2090 4734 2185 4783 aut
2227 4731 2417 4796 putant
2459 4737 2558 4777 nos
2596 4721 2737 4777 scire
2780 4718 2921 4790 quod
2972 4718 3279 4784 nescimus,
3328 4724 3424 4772 aut
3469 4722 3661 4788 putant

2088 4831 2187 4871 nos
2216 4824 2397 4869 tacere
2424 4812 2567 4883 quod
2604 4810 2824 4866 scimus.
2856 4808 2962 4863 Sed
2998 4808 3137 4862 forte
3173 4808 3316 4877 quod
3331 4808 3442 4863 scis
3469 4814 3528 4862 et
3562 4820 3657 4875 ego

2087 4907 2223 4971 scio,
2265 4904 2358 4960 sed
2399 4920 2505 4958 non
2547 4915 2729 4956 coram
2767 4908 2818 4954 te
2853 4899 3109 4970 corripio,
3144 4898 3270 4966 quia
3306 4912 3505 4953 curare
3540 4897 3670 4956 volo.

2083 5014 2191 5053 non
2237 5010 2511 5051 accusare.
2573 4993 2709 5048 Sunt
2748 4991 2993 5046 homines
3035 4990 3260 5045 adulteri
3311 4989 3367 5044 in
3411 4990 3661 5044 domibus

2083 5088 2215 5152 suis,
2244 5088 2297 5142 in
2328 5094 2537 5142 secreto
2572 5092 2821 5153 peccant,
2850 5081 3139 5151 aliquando
3169 5081 3325 5135 nobis
3349 5081 3653 5150 produntur

2081 5181 2150 5235 ab
2189 5179 2446 5233 uxoribus
2490 5176 2603 5230 suis
2642 5174 2961 5245 plerumque
2994 5172 3322 5235 zelantibus,
3367 5168 3651 5241 aliquando

2081 5272 2398 5327 maritorum
2425 5268 2650 5322 salutem
2688 5265 3072 5336 quaarentibus.
3109 5263 3218 5320 Nos
3242 5278 3353 5318 non
3376 5264 3648 5335 prodimus

2075 5362 2273 5432 palam,
2316 5358 2409 5415 sed
2454 5358 2506 5413 in
2546 5366 2759 5413 secreto
2797 5355 3089 5426 arguimus.
3130 5353 3235 5410 Ubi
3275 5353 3502 5425 contigit
3540 5367 3647 5407 ma-

2076 5455 2207 5520 lum,
2235 5453 2306 5509 ibi
2333 5453 2593 5509 moriatur
2619 5451 2832 5505 vulnus.
2868 5470 2885 5502 ι
2920 5449 3105 5519 Itaque
3140 5457 3364 5504 sanctus
3393 5445 3641 5519 Augusti-

2076 5564 2178 5602 nus
2206 5546 2513 5616 frequenter
2546 5544 2701 5601 docet
2741 5560 2944 5600 morem
2965 5543 3221 5599 Ecclesiae
3243 5542 3411 5601 fuisse
3436 5541 3502 5598 de
3540 5537 3638 5595 δή·

2077 5638 2310 5693 minibus
2345 5635 2572 5692 occultis
2604 5645 2813 5690 secreto
2836 5634 3159 5706 paenitendi.
