3968 6180
238 322 380 383 H77

1097 319 1185 377 AB
1221 319 1389 379 OMNI
1426 321 1794 379 NOVITATIS
1834 318 2240 379 SUSPICIONE
2280 318 2670 377 VlNDlCATA.

3373 324 3509 381 H78

311 432 606 492 Cassianus
648 431 702 486 in
742 429 920 485 collat.
962 446 1054 495 xx,
1099 431 1168 487 de
1201 431 1307 487 fine
1343 434 1560 501 pmnit.,
1597 448 1718 502 cap.
1749 433 1816 488 εἰς
1850 438 1898 495 Α
1925 439 2113 486 sancto
2133 430 2314 486 Leone
2333 430 2518 486 vocari
2544 439 2727 485 contra
2753 428 3097 502 apostolicam
3124 432 3359 504 regulam
3377 452 3509 505 pm-

242 545 265 579 ι
311 523 679 592 Quamobrem
729 520 1045 575 verissimus
1104 521 1447 576 examinator
1496 523 1825 591 paenitentiae

236 622 298 670 et
336 610 682 681 indulgentiae
710 608 879 677 judex
916 609 969 663 in
1005 611 1333 665 conscientia
1380 611 1578 667 residet
1614 619 1823 677 nostra,

237 708 333 777 qui
378 704 774 760 absolutionem
816 711 999 758 reatus
1038 703 1210 757 nostri
1251 712 1378 758 ante
1415 704 1739 774 cognitionis
1771 712 1828 759 et

228 795 426 867 judicii
451 794 597 850 diem
620 794 796 848 adhuc
818 793 972 848 nobis
995 792 1048 846 in
1059 792 1168 847 bac
1182 808 1346 848 carne
1367 794 1829 850 commorantibus

233 888 469 959 detegit,
521 893 578 941 et
631 884 1021 941 satisfactiouis
1079 899 1145 939 ac
1200 885 1534 941 remissionis
1596 886 1828 955 gratiam

240 978 459 1051 pandit.
504 997 525 1030 ι
653 1023 667 1031 .

308 1067 512 1123 Petrus
538 1064 905 1138 Chrysologus
944 1064 1000 1121 in
1040 1081 1292 1123 sermone
1327 1067 1396 1122 24
1429 1086 1443 1122 :
1485 1087 1503 1119 ι
1539 1069 1736 1124 Petrus
1774 1077 1833 1126 et

235 1157 446 1214 Paulus
480 1156 751 1227 principes
783 1155 906 1212 fidei
946 1155 1269 1213 Christianae
1307 1160 1554 1214 notitiam
1593 1161 1830 1215 nominis

233 1249 450 1308 Christi
480 1258 594 1305 toto
624 1247 757 1304 orbe
782 1248 1111 1304 diffuderunt
1150 1268 1168 1304 :
1216 1248 1408 1305 Mulier
1443 1249 1733 1308 accedendi
1761 1252 1831 1308 ad

239 1340 522 1397 Christum
551 1339 726 1408 prima
760 1338 987 1393 tradidit
1015 1338 1354 1408 disciplinam
1385 1359 1398 1395 :
1431 1341 1627 1399 mulier
1654 1343 1828 1412 prima

236 1431 395 1489 dedit
427 1428 660 1485 formam
692 1429 963 1500 quomodo
999 1437 1255 1499 peccator
1292 1430 1454 1486 tacita
1491 1430 1833 1488 confessione

237 1523 427 1579 deleat
470 1520 589 1575 sine
627 1517 944 1576 confusione
975 1527 1254 1597 peccatum
1295 1539 1307 1575 :
1343 1523 1612 1591 quomodo
1659 1522 1830 1577 delin-

236 1628 416 1685 quens
457 1612 555 1667 soli
585 1612 698 1667 Deo
736 1611 987 1681 cognitus
1014 1612 1080 1667 de
1117 1619 1271 1667 reatu
1315 1613 1521 1668 nudare
1560 1614 1701 1683 apud
1733 1615 1832 1679 bo,-

237 1705 421 1759 mines
438 1701 745 1757 verecunda
776 1702 1107 1756 conscientia
1137 1718 1243 1757 non
1268 1712 1531 1773 cogatur:
1558 1705 1830 1774 quomodo

1927 522 2307 591 sumptioncm,
2352 529 2401 575 et
2448 520 2841 592 improbabilem
2896 523 3347 590 consuetudinem,
3392 541 3515 596 quae

1927 614 2076 669 nullo
2100 630 2336 685 unquam
2367 615 2625 670 Ecclesia:
2656 615 2876 671 decreto
2903 616 3118 672 ﬁrmata
3148 616 3269 672 fuit.
3311 619 3514 686 Quam-

1927 704 2114 759 obrem
2182 711 2396 761 constat
2466 704 2841 774 paenitentiam
2890 713 3101 760 secreto
3165 705 3363 762 factam
3414 723 3518 778 pro
3586 763 3594 771 ,

1928 794 2250 869 criminibus
2275 795 2503 851 occultis
2530 796 2794 858 sufﬁcere,
2824 804 2985 867 atque
3020 813 3224 853 morem
3257 798 3516 856 Ecclesia:

1929 881 2096 938 fuisse
2122 883 2189 939 de
2224 883 2291 938 iis
2316 892 2529 941 secreto
2554 886 2874 955 paenitendi.

1999 971 2313 1028 Gennadius
2348 973 2445 1029 lib.
2472 973 2540 1028 de
2578 973 2967 1030 ecclesiasticis
2989 974 3360 1046 Dogmatibus,
3387 991 3512 1048 cap.

1930 1062 2045 1118 55:
2087 1081 2105 1114 ι
2161 1061 2269 1119 Sed
2304 1070 2357 1118 et
2402 1071 2613 1119 secreta
2657 1063 3030 1120 satisfactione
3078 1064 3213 1120 solvi
3265 1068 3517 1125 mortalia

1931 1152 2162 1208 crimina
2194 1168 2302 1209 non
2332 1169 2615 1224 negamus.
2658 1175 2676 1207 ι

2001 1243 2250 1300 Julianus
2293 1244 2577 1301 Pomerius
2621 1245 2715 1301 lib.
2748 1262 2786 1300 ιι
2816 1247 2881 1303 de
2902 1248 3024 1304 Vita
3074 1250 3516 1321 contemplativa,

1931 1350 2052 1406 cap.
2084 1336 2115 1388 7
2142 1354 2155 1389 :
2185 1354 2205 1386 ‹
2232 1335 2404 1392 Porro
2443 1336 2542 1404 illi,
2571 1352 2803 1407 quorum
2830 1348 3055 1408 peccata
3094 1342 3386 1396 humanam
3419 1358 3518 1399 no-

1931 1425 2106 1480 titiam
2149 1425 2345 1491 latent,
2388 1442 2491 1482 nec
2532 1425 2601 1481 ab
2644 1427 2778 1497 ipsis
2818 1426 3090 1495 confessa,
3140 1445 3240 1486 nec
3284 1432 3352 1486 ab
3396 1432 3518 1487 aliis

1928 1516 2229 1587 publicata,
2278 1518 2323 1572 si
2359 1531 2422 1572 ea
2459 1517 2706 1572 confiteri
2757 1526 2854 1573 aut
2894 1519 3182 1574 emendare
3227 1520 3520 1588 noluerint,

1932 1606 2101 1661 Deum
2144 1622 2306 1677 quem
2354 1608 2560 1662 habent
2616 1616 2846 1675 testem,
2894 1608 3072 1679 ipsum
3117 1609 3353 1664 habituri
3397 1620 3525 1667 sunt

1932 1707 1989 1753 et
2024 1700 2278 1755 ultorem.
2327 1699 2395 1754 Et
2443 1698 2572 1769 quid
2617 1700 2698 1754 eis
2739 1700 2961 1770 prodest
3007 1701 3304 1756 humanum
3346 1702 3523 1758 vitare

238 1790 410 1849 homo
454 1787 627 1858 possit
670 1787 827 1842 venia
860 1786 1125 1856 judicium
1160 1789 1479 1858 pneveuire.
1515 1809 1535 1842 ι
1586 1788 1709 1844 Haec
1744 1800 1829 1846 est
1865 1782 1906 1839 Β
1927 1790 2213 1862 judicium,
2259 1806 2382 1845 cum
2424 1791 2468 1845 si
2514 1790 2566 1845 in
2606 1790 2748 1846 malo
2789 1806 2887 1845 suo
2927 1793 3351 1862 permanserint,
3393 1793 3519 1848 ituri

238 1880 501 1938 Ecclesiae
557 1878 884 1949 disciplina;
934 1879 1002 1934 de
1053 1880 1292 1950 peccatis
1337 1880 1564 1936 occultis
1615 1891 1826 1937 secreto

238 1970 574 2043 paenitendi,
622 1967 776 2038 cujus
824 1969 1021 2024 mulier
1064 1970 1238 2040 prima
1282 1968 1433 2025 dedit
1472 1970 1725 2036 formam,
1774 1979 1831 2027 et

240 2075 406 2130 quam
447 2059 703 2129 deinceps
730 2055 923 2113 Patres
961 2058 1207 2115 unanimi
1254 2073 1525 2115 consensu
1567 2060 1831 2130 praedica-

241 2161 394 2208 runt.

314 2242 506 2299 Patres
542 2241 756 2298 concilii
785 2241 1044 2297 Vasensis
1074 2257 1133 2308 η,
1165 2257 1290 2297 can.
1317 2243 1392 2299 8:
1427 2261 1447 2294 ‹
1489 2241 1645 2310 Quod
1682 2241 1728 2299 si
1769 2256 1829 2298 se

241 2343 455 2391 tantum
510 2334 794 2405 episcopus
840 2332 1002 2388 alieni
1058 2334 1280 2391 sceleris
1330 2333 1608 2390 conscium
1655 2332 1825 2399 novit,

240 2426 762 2495 quandiuprobare
808 2440 914 2479 non
964 2432 1178 2493 potest,
1222 2425 1354 2481 nihil
1401 2424 1680 2494 proferat;
1736 2424 1829 2479 sed

240 2536 369 2575 mm
392 2520 509 2593 ipso
539 2520 607 2574 ad
635 2517 1106 2589 compunctionem
1136 2517 1253 2586 ejus
1272 2517 1506 2574 secretis
1533 2516 1829 2587 correptio-

242 2611 407 2665 nihus
432 2609 695 2665 elaboret.
737 2631 756 2663 ι
1823 2660 1832 2665 μ

312 2699 426 2757 Leo
472 2702 522 2767 Ι,
568 2702 625 2757 in
672 2704 897 2773 epistola
945 2704 1012 2758 τις]
1067 2703 1350 2759 universos
1396 2700 1683 2771 episcopos
1730 2714 1832 2769 per

243 2794 640 2864 Campaniam,
694 2795 978 2851 Samnium
1031 2804 1087 2851 et
1134 2795 1391 2851 Picenum
1470 2792 1826 2851 constitutos:

250 2903 268 2934 ε
303 2884 455 2939 Illam
498 2886 660 2941 etiam
699 2893 889 2941 metra
925 2886 1275 2957 apostolicam
1310 2883 1547 2955 regulam
1574 2895 1833 2952 prazsum-

241 2976 516 3046 ptionem,
552 2992 715 3046 quam
760 2991 935 3049 nuper
970 2976 1164 3047 agnovi
1212 2991 1243 3029 a
1277 2974 1602 3044 quibusdam
1644 2970 1831 3026 illicita

244 3069 601 3139 usurpatione
645 3068 951 3133 committi,
1011 3067 1188 3122 modis
1254 3065 1508 3121 omnibus
1560 3062 1831 3118 constituo

250 3129 596 3227 submoveri;
638 3159 707 3215 de
744 3129 1065 3228 paenitentia
1099 3157 1372 3222 videlicet,
1420 3170 1541 3226 qua:
1579 3154 1653 3208 ita
1701 3168 1730 3207 a
1769 3151 1831 3204 fi-
1856 3129 1901 3193 (ἶ

245 3249 458 3305 delibus
514 3248 841 3319 postulatur,
885 3265 954 3304 ne
996 3249 1062 3304 de
1102 3247 1436 3319 singulorum
1486 3252 1830 3315 peccatorum

246 3354 452 3411 genere
500 3338 665 3394 libelli
725 3338 927 3408 scripta
966 3336 1234 3407 professio
1278 3335 1491 3406 publice
1537 3334 1828 3388 recitetur:

246 3445 372 3485 cum
408 3436 593 3486 reatus
621 3428 1078 3485 conscientiarum
1117 3427 1349 3483 sufﬁciat
1379 3425 1509 3482 solis
1531 3422 1833 3480 sacerdoti-

244 3520 350 3576 bus
375 3519 604 3575 indicari
634 3518 973 3575 confessione
1003 3527 1231 3575 secreta.
1266 3517 1524 3585 Quamvis
1549 3516 1691 3572 enim
1716 3514 1832 3585 ple-

246 3611 442 3666 nitudo
485 3610 611 3665 fidei
643 3611 892 3666 videatur
938 3624 1059 3666 esse
1103 3608 1407 3673 laudabilis,
1456 3623 1575 3677 quae
1616 3612 1837 3677 propter

245 3701 345 3756 Dei
378 3701 631 3756 timorem
661 3701 802 3770 apud
826 3700 1075 3755 homines
1102 3700 1425 3755 erubescere
1450 3713 1558 3753 non
1584 3705 1830 3752 veretur:

246 3797 437 3847 tamen
479 3789 605 3859 quia
647 3805 754 3844 non
801 3789 1043 3844 omnium
1083 3787 1393 3859 hujusmodi
1434 3796 1559 3842 sunt
1590 3793 1832 3856 peccata,

246 3888 309 3934 ut
333 3893 401 3933 ca
427 3893 548 3948 qua:
566 3878 945 3948 paenitentiam
974 3885 1221 3948 poscunt,
1250 3893 1356 3933 non
1388 3877 1617 3932 timeant
1657 3875 1836 3946 publi-

248 3984 400 4034 care,
440 3978 785 4025 removeatur
823 3977 933 4024 tam
976 3968 1346 4039 improbabilis
1383 3966 1735 4031 consuetudo,
1768 3980 1837 4021 ne

249 4060 412 4115 multi
453 4075 485 4114 a
520 4059 852 4130 pmnitentia:
902 4059 1156 4115 remediis
1205 4064 1515 4123 arceantur,
1562 4057 1689 4113 dum
1743 4064 1839 4110 aut

248 4151 614 4215 erubescunt,
662 4158 755 4204 aut
800 4157 1048 4205 metuunt
1091 4148 1328 4205 inimicis
1372 4148 1487 4205 suis
1542 4161 1640 4203 sua
1692 4147 1836 4203 facta

250 4244 523 4309 reserari,
570 4257 671 4313 pro
717 4243 916 4315 quibus
964 4242 1176 4314 possint
1218 4241 1398 4312 legum
1450 4239 1837 4297 constitutione

250 4334 496 4405 percelli.
549 4332 761 4390 Sufficit
798 4332 945 4389 enim
984 4331 1076 4388 illa
1121 4331 1391 4388 confessio
1437 4346 1557 4401 quae
1601 4330 1836 4400 primum

252 4429 371 4482 Deo
398 4424 647 4492 offertur,
686 4433 815 4481 tunc
850 4426 1019 4481 etiam
1059 4425 1329 4481 sacerdmi
1364 4424 1456 4494 qui
1494 4439 1595 4494 pro
1627 4422 1839 4478 delictis

252 4486 642 4588 paenitentiam
680 4524 940 4587 peccator
983 4515 1210 4572 accedit.
1260 4486 1411 4570 Tunc
1440 4486 1589 4568 enim
1622 4514 1837 4568 demum
1867 4486 1919 4547 θ’

253 4608 441 4678 plures
473 4607 540 4662 ad
566 4607 944 4677 pmnitentiam
982 4612 1237 4677 poterunt
1268 4604 1567 4676 provocari.
1594 4603 1640 4657 si
1664 4602 1842 4675 populi

252 4699 475 4755 auribus
535 4715 639 4753 non
686 4697 982 4770 publicetur
1051 4697 1368 4752 conscientia
1441 4694 1753 4763 conﬁtcnzis.
1813 4712 1834 4746 ι

253 4790 523 4857 Quamvis
558 4797 780 4844 sanctus
814 4788 923 4843 Leo
960 4787 1213 4857 loquatur
1255 4786 1321 4842 de
1361 4784 1698 4840 confessione
1743 4799 1844 4853 pu-

253 4882 423 4943 blica,
453 4880 556 4935 hoc
582 4888 762 4934 tamen
790 4877 950 4934 simul
993 4877 1218 4948 intelligi
1246 4875 1406 4932 debet
1433 4874 1501 4930 de
1525 4873 1842 4944 pmniteutia

255 4971 495 5043 publica,
528 4986 647 5040 quae
677 4986 785 5025 non
816 4968 995 5024 minus
1028 4968 1283 5039 parcebat
1303 4965 1495 5037 pudori
1523 4978 1685 5033 quam
1713 4976 1842 5017 con-

258 5062 427 5120 fessio
452 5061 666 5132 publica
692 5078 704 5115 :
734 5069 790 5115 et
817 5075 938 5129 qua:
967 5073 1032 5113 ex
1068 5057 1294 5114 occultis
1323 5056 1550 5112 crimina
1598 5062 1707 5107 tam
1738 5066 1849 5124 pu-‘

256 5154 401 5208 blica
449 5152 738 5216 reddebat,
782 5158 843 5206 ut
888 5150 957 5206 ab
998 5164 1063 5204 ea
1107 5151 1493 5212 cximerentur,
1537 5145 1733 5216 quibus
1776 5146 1844 5198 ti-

262 5244 520 5298 mendum
558 5251 707 5298 esset
744 5257 812 5298 ne
854 5242 1089 5297 inimicis
1127 5240 1270 5295 facta
1311 5245 1706 5302 reserarentur,
1746 5250 1842 5305 pro

258 5334 461 5402 quibus
488 5341 743 5404 poterant
784 5333 963 5403 legum
995 5332 1380 5387 constitutione
1418 5328 1668 5400 percelli;
1703 5328 1843 5382 sicut

258 5426 459 5498 probat
495 5441 670 5481 canon
697 5425 767 5481 34
794 5425 1036 5495 epistola:
1066 5425 1236 5480 sancti
1264 5423 1449 5479 Basilii
1479 5423 1546 5477 ad
1568 5420 1846 5491 Amphilo-

263 5516 469 5571 chium.
529 5515 664 5572 Cum
712 5517 877 5588 igitur
922 5516 1111 5571 eadem
1156 5530 1379 5585 prorsus
1421 5513 1561 5568 mala
1602 5513 1848 5567 oriantur

267 5621 334 5659 ex
361 5604 701 5663 confessione
738 5614 792 5661 et
825 5605 1420 5676 pmnitentia'publica,
1461 5603 1734 5657 fatendum
1764 5608 1848 5653 cst

272 5698 650 5766 pcenitentiam
718 5700 985 5769 publicam
1032 5712 1130 5767 pm
1182 5694 1408 5750 occultis
1452 5693 1766 5747 criminibus
1816 5707 1845 5744 a

1929 1881 2038 1957 sint
2079 1882 2132 1937 in
2174 1890 2457 1947 teteruum,
2492 1881 2604 1938 Deo
2645 1882 2939 1949 tribuente,
2984 1883 3328 1953 supplicium.
3366 1884 3520 1952 Quod

1928 1975 1972 2030 si
2008 1975 2105 2045 ipsi
2136 1973 2345 2045 iudices
2384 1976 2535 2038 ﬁant,
2570 1983 2626 2030 et
2653 1974 2818 2029 veluti
2849 1989 2959 2029 suae
2989 1975 3290 2044 iniquitatis
3319 1976 3524 2033 ultores

1928 2066 2018 2121 hic
2048 2066 2103 2121 in
2134 2080 2192 2121 se
2224 2064 2587 2122 voluntariam
2616 2080 2834 2136 pinnam
2878 2066 3236 2122 severissimae
3275 2067 3522 2123 animad-

1926 2156 2194 2213 versionis
2230 2165 2546 2222 exerceant,
2593 2156 2976 2226 temporalibus
3014 2158 3195 2227 pomis
3234 2160 3522 2216 mutabunt

1927 2254 2130 2302 mterna
2165 2246 2426 2317 supplicia
2460 2265 2473 2301 :
2502 2255 2557 2300 et
2594 2246 2856 2316 lacrymis
2892 2262 2956 2302 ex
2982 2262 3114 2302 vera
3152 2249 3335 2304 cordis
3371 2264 3523 2305 com-

1926 2338 2219 2408 puuctione
2247 2337 2539 2393 fluentibus
2569 2338 2908 2408 restiuguent
2934 2340 3127 2395 mterni
3156 2340 3297 2411 ignis
3329 2340 3520 2397 incen-

1929 2429 2038 2486 dia.
2079 2450 2096 2482 ι
2149 2428 2598 2501 Quandoquidem
2638 2431 2685 2487 si
2723 2432 2827 2502 ipsi
2861 2432 3073 2502 judiccs
3108 2432 3279 2498 ﬁant,
3316 2448 3524 2505 praeve—

1929 2521 2085 2577 niunt
2131 2520 2395 2589 judicium
2448 2523 2705 2579 Ecclesia:
2771 2524 2839 2579 de
2896 2524 3216 2595 pmnitcntia
3278 2525 3520 2595 publica,

1929 2613 2277 2671 manifestum
2325 2623 2408 2671 est
2447 2615 2580 2685 ipsis
2621 2613 2866 2672 sufﬁcere
2896 2616 3271 2686 paenitentiam
3306 2623 3522 2674 secreto

1928 2702 2147 2761 factam.
2176 2704 2309 2760 Illud
2339 2706 2502 2763 etiam
2530 2706 2873 2775 perspicuum
2897 2713 2985 2761 est
3009 2720 3078 2761 ex
3104 2720 3172 2761 eo
3196 2705 3339 2775 quod
3369 2711 3526 2775 post-

1930 2813 1994 2854 ea
2027 2811 2155 2856 cum
2189 2796 2510 2863 clericorum
2548 2796 2892 2866 pmnitentia,
2955 2811 3118 2865 quam
3180 2811 3373 2851 omnes
3423 2811 3530 2851 no-

1932 2902 2063 2946 runt
2090 2899 2217 2946 tunc
2246 2887 2508 2960 temporis
2535 2903 2642 2943 non
2673 2887 2840 2944 fuisse
2868 2888 3165 2960 publicam,
3195 2902 3383 2943 eorum
3410 2901 3527 2958 pte-

1933 2979 2219 3035 nitentiam
2267 2978 2595 3049 conjungat,
2623 2986 2788 3048 atque
2835 2986 3123 3048 utramque
3145 2977 3334 3033 eodem
3366 2979 3527 3035 modo

1936 3074 2018 3129 sic
2040 3073 2314 3128 describat
2339 3090 2384 3125 :c
2415 3072 2757 3141 Quapropter
2784 3072 2954 3126 Deum
2981 3071 3082 3126 sibi
3109 3069 3321 3125 facilius
3339 3070 3524 3141 placa-

1933 3164 2069 3219 bunt
2104 3163 2183 3219 illi
2215 3163 2306 3233 qui
2337 3177 2444 3217 non
2479 3162 2717 3217 humano
2746 3161 2978 3217 convicti
3008 3162 3238 3229 judicio,
3264 3162 3357 3216 sed
3383 3161 3527 3217 ultro

1933 3254 2143 3309 crimen
2182 3259 2516 3323 cognoscunt
2549 3268 2562 3304 :
2595 3250 2691 3320 qui
2725 3258 2821 3305 aut
2858 3250 3096 3320 propriis
3141 3249 3272 3305 illud
3310 3248 3526 3306 confes-

1933 3342 2176 3398 sionibus
2211 3343 2467 3412 produnt,
2510 3349 2603 3394 aut
2648 3340 3012 3401 nescientibus
3047 3339 3169 3395 aliis
3202 3338 3391 3410 quales
3432 3351 3529 3394 oc-

1934 3434 2060 3491 culti
2085 3439 2234 3496 sunt,
2262 3430 2363 3501 ipsi
2402 3429 2456 3483 in
2484 3443 2543 3483 se
2575 3427 2895 3483 voluntaria:
2947 3425 3524 3482 excommunicationis

1932 3524 2256 3581 sententiam
2277 3520 2477 3580 ferunt,
2504 3525 2556 3573 et
2597 3518 2665 3572 ab
2688 3516 2845 3571 altari
2866 3516 2950 3572 cui
2975 3515 3375 3578 ministrabant,
3409 3529 3518 3572 non

1934 3613 2135 3678 animo,
2165 3610 2258 3665 sed
2279 3607 2455 3663 cilicio
2484 3606 2743 3677 separati,
2770 3605 2936 3660 vitam
2968 3612 3225 3674 tanquam
3252 3610 3523 3657 mortuam

1933 3708 2215 3779 plangunt,
2249 3703 2384 3758 certi
2426 3701 2572 3772 quod
2610 3699 2962 3754 reconciliato
2998 3697 3104 3773 'sibi
3142 3694 3375 3752 efficacis
3404 3708 3518 3765 poe-

1934 3795 2177 3851 nitentia:
2208 3792 2472 3848 fructibus
2504 3791 2632 3855 Deo,
2660 3804 2766 3844 non
2795 3787 2970 3843 solum
3001 3786 3200 3841 amissa
3231 3784 3516 3854 recipiant,

1936 3887 2030 3942 sed
2059 3887 2221 3941 etiam
2249 3885 2396 3939 cives
2424 3897 2672 3953 supernae
2712 3879 2949 3935 civitatis
2988 3875 3188 3941 effecti,
3222 3874 3288 3929 ad
3318 3872 3515 3945 gaudia

1936 3977 2263 4048 sempiterna
2307 3975 2646 4045 perveniant.
2685 3993 2703 4026 ι
2762 3971 2949 4041 Itaque
2971 3985 3088 4025 mos
3115 3976 3233 4023 erat
3258 3967 3515 4023 Ecclesia:

1937 4068 2003 4123 de
2028 4066 2267 4137 peccatis
2303 4064 2530 4121 occultis
2567 4073 2779 4119 secreto
2810 4059 3129 4131 paenitendi.

2008 4158 2272 4214 Caesarius
2311 4154 2645 4211 Arelatensis
2688 4153 2975 4224 episcopus
3012 4150 3067 4205 in
3131 4147 3347 4203 homilia
3395 4162 3521 4219 quae

1939 4248 2255 4305 inscribitur
2282 4247 2372 4311 44,
2399 4255 2530 4301 tom.
2561 4244 2604 4298 ll
2624 4243 2760 4296 Bibl.
2797 4242 3039 4305 Patrum,
3074 4256 3128 4310 p.
3172 4239 3279 4294 549
3307 4256 3320 4292 :
3351 4256 3370 4289 ι
3406 4238 3518 4294 Ad-

1939 4352 2152 4402 moneo,
2176 4336 2397 4399 fratres,
2438 4335 2494 4388 in
2523 4339 2815 4401 conspectu
2856 4329 3065 4386 Dei.....
3101 4328 3160 4384 Si
3195 4338 3374 4383 autem
3406 4329 3518 4400 agit

1938 4424 2313 4495 paenitentiam
2346 4437 2411 4477 ex
2438 4429 2553 4477 toto
2573 4421 2753 4483 corde,
2782 4419 2876 4475 sed
2898 4420 2945 4474 si
2981 4428 3107 4490 agat
3133 4433 3313 4471 veram
3339 4417 3516 4487 poeni-

1944 4515 2203 4580 tentiam;
2248 4514 2337 4568 ubi
2378 4514 2520 4568 Deus
2565 4514 2695 4568 vidit
2748 4512 2886 4566 sicut
2931 4527 3026 4566 cor
3072 4511 3260 4576 David,
3308 4509 3523 4581 quando

1942 4606 2255 4673 increpatus
2286 4619 2315 4657 a
2345 4603 2632 4674 prepheta,
2660 4601 2899 4672 graviter
2922 4607 2977 4654 et
3001 4607 3122 4670 post
3147 4598 3524 4653 comminatio-

1943 4709 2040 4751 nes
2067 4692 2339 4749 terribiles
2390 4693 2486 4747 Dei
2540 4691 2867 4747 exclamavit
2910 4690 3137 4745 dicens:
3171 4686 3414 4754 Peccavi,
3466 4693 3524 4744 et

1942 4803 2069 4842 mox
2088 4786 2311 4851 audivit,
2343 4784 2594 4839 Dominus
2618 4781 2833 4836 abstulit
2856 4789 3124 4852 peccatum
3150 4787 3317 4832 (num.
3342 4777 3525 4845 Quan-

1945 4884 2060 4932 tum
2106 4875 2288 4931 valent
2338 4883 2449 4930 tres
2475 4872 2728 4944 syllaba?
2774 4880 2886 4927 tres
2923 4870 3067 4924 enim
3095 4869 3313 4939 syllaba:
3354 4878 3521 4925 sunt:

1948 4967 2170 5022 Peccavi
2194 4980 2212 5017 :
2235 4967 2327 5021 sed
2361 4967 2416 5020 in
2447 4965 2566 5020 istis
2589 4965 2762 5019 tribus
2785 4962 3005 5034 syllabis
3030 4961 3246 5016 flamma
3273 4960 3523 5016 sacrificii

1947 5059 2130 5113 cordis
2179 5056 2295 5125 ejus
2324 5058 2391 5110 ad
2418 5056 2615 5112 cmlum
2647 5054 2911 5110 ascendit.
2952 5072 2973 5107 ι
3041 5053 3167 5107 llaec
3219 5050 3439 5107 homilia
3469 5050 3522 5104 in

1947 5149 2267 5222 quibusdam
2309 5148 2585 5203 codicibus
2638 5161 2771 5201 mss.
2817 5145 3071 5201 tribuitur
3113 5141 3434 5211 Augustino,
3466 5139 3522 5192 in

1949 5240 2072 5294 aliis
2100 5238 2405 5293 Ambrosio.
2433 5236 2537 5291 Sed
2569 5251 2599 5290 a
2627 5250 2950 5306 quocunque
2995 5240 3215 5287 auctore
3256 5228 3525 5285 catholico

1950 5330 2066 5384 haec
2096 5329 2237 5383 dicta
2277 5329 2406 5393 sint,
2436 5328 2531 5381 illa
2547 5326 2856 5396 significant
2881 5339 2979 5394 pro
3019 5319 3334 5375 criminibus
3356 5318 3525 5374 etiam

1950 5420 2286 5491 gravissimis
2316 5418 2685 5488 pamitentiam
2723 5421 2929 5471 secreto
2960 5411 3156 5465 factam
3187 5407 3453 5464 sufﬁcere.

2018 5509 2347 5565 Laurentius
2386 5505 2730 5563 Novariensis
2767 5503 3047 5572 episcopus
3076 5498 3129 5552 in
3174 5496 3395 5553 homilia
3457 5495 3531 5552 de

1950 5600 2266 5668 paenitentia
2295 5616 2309 5653 :
2346 5616 2365 5650 ς
2403 5596 2459 5652 Si
2494 5604 2578 5651 est
2607 5596 2659 5648 in
2688 5602 2739 5648 te
2767 5589 3075 5663 prudentia,
3116 5588 3162 5644 si
3194 5588 3363 5643 babes
3398 5601 3530 5643 con-

1952 5690 2131 5745 silium
2156 5698 2210 5743 et
2230 5688 2505 5757 proprium
2536 5682 2728 5741 mentis
2751 5677 3028 5734 arbitrium
3061 5696 3073 5730 :
3100 5677 3241 5734 Deus
3262 5677 3314 5733 in
3347 5686 3395 5731 te
3421 5684 3529 5733 cst.
