3942 6182
443 299 584 357 ll?!
1014 301 1362 360 THEODORI
1399 296 1716 357 ARCHIEP.
1740 296 2104 358 'CANTUAB.
2148 302 2493 361 DOCTRINA
2531 305 2620 363 DE
2652 304 3099 365 PCENITENTIA
3554 318 3688 377 "80

439 420 557 490 ipse
580 418 675 476 tibi
703 419 808 475 en’t
832 402 1167 490 paenitentia,
1195 431 1249 476 et
1276 419 1395 475 fons
1434 429 1489 475 et
1515 420 1781 490 baptisma
1814 426 1870 473 et
1916 432 2003 471 re-
2038 423 2083 479 Α
2178 418 2472 491 Gregorius
2492 461 2507 487 ,
2539 421 2632 477 lib.
2680 438 2735 477 tv
2774 423 3053 479 Moralium
3082 467 3096 492 ,
3149 428 3201 481 in
3224 445 3341 500 cap.
3388 446 3449 485 ιιι
3478 433 3540 487 Β.
3562 433 3683 503 Job,

437 512 644 577 missio,
674 512 765 580 qui
786 528 1057 582 nunquam
1085 512 1137 565 in
1174 521 1226 566 te
1269 528 1366 567 nec
1410 511 1625 577 desinit,
1663 526 1760 565 nec
1807 510 2004 564 deﬁcit.
2113 522 2232 580 cap.
2286 512 2397 567 l5:
2445 535 2462 564 ι
2511 513 2568 567 in
2617 515 2867 569 tenebras
2910 525 3041 586 ergo
3085 517 3228 572 diem
3255 522 3535 587 vertimus,
3561 533 3685 580 cum

434 602 573 669 Quid
614 603 896 674 ambiguus
938 605 1170 660 :estuas?
1197 602 1335 671 Quid
1386 604 1668 660 resolveris
1717 604 1917 665 animo,
1954 610 2010 657 et
2111 601 2471 671 nOsmetipsos
2514 603 2757 657 districte
2806 606 3112 674 punientes,
3153 608 3267 676 ipsa
3310 610 3682 669 delectationis

350 718 357 728 -
434 693 575 748 inter
607 695 787 765 inepta
823 698 976 751 taedia
1008 699 1355 753 conscientia:
1395 707 1499 753 tuae
1527 698 1781 770 fatigatus
1826 706 2006 768 torpe-
2109 709 2287 765 pravae
2316 694 2680 751 blandimenta
2708 712 2806 766 per
2834 699 3078 755 districta
3100 703 3432 771 pcenitentite
3451 705 3684 765 lamenta

431 786 575 839 scis?
600 788 834 854 peccasti
868 797 990 857 post
1018 788 1239 853 fontem,
1273 790 1452 857 lapsus
1477 804 1536 843 es
1573 798 1696 858 post
1718 789 2004 859 baptisma,
2108 784 2431 851 cruciamus,
2464 794 2520 842 et
2557 802 2679 859 eum
2724 788 2900 845 ﬂendo
2928 790 3279 861 insequimur,
3326 796 3585 871 quidquid
3626 799 3682 854 in

431 875 608 933 fecisti
660 879 864 935 crimen
920 890 1040 951 post
1079 881 1464 952 indulgentiam
1494 884 1820 953 generalem,
1864 882 2006 955 quid
2107 874 2270 929 εονάθ
2318 875 2471 931 “cui
2517 890 2583 931 ex
2615 878 2972 935 ἀείθεῑθιῇιηθ
2992 898 3300 951 Ρθεοθῐηυε·
3352 886 3489 954 Quia
3534 889 3679 945 enim

431 981 575 1023 nunc
600 970 739 1038 perit
752 968 865 1038 jam
898 973 1055 1042 spes?
1099 972 1341 1041 nunquid
1377 973 1674 1043 intercepta
1716 983 1802 1030 est
1842 975 1988 1029 retri-

2127 961 2277 1018 idelis
2299 966 2529 1035 quisque
2572 967 2925 1038 cogitationes
2952 971 3006 1024 in
3037 971 3244 1041 judicio
3273 975 3483 1044 exquiri
3512 978 3684 1034 subti-

429 1055 679 1115 butioi...
724 1059 801 1115 Ex
830 1062 920 1116 illa
972 1062 1056 1117 die
1109 1063 1304 1134 illaque
1330 1063 1464 1118 hora
1507 1070 1611 1133 qua
1644 1064 1892 1135 egressus
1937 1065 1986 1122 dt

2120 1053 2238 1108 iter
2261 1069 2368 1111 non
2390 1052 2637 1128 ignorat,
2689 1058 2854 1117 Paulo
2900 1070 3212 1130 attestante,
3257 1066 3352 1135 qui
3377 1067 3456 1120 ait
3488 1086 3501 1121 :
3538 1067 3677 1124 inter

429 1146 667 1215 lavacro,
698 1151 811 1220 ipse
840 1152 933 1205 tibi
956 1167 1015 1207 es
1036 1152 1155 1208 fons
1174 1152 1340 1224 jugis,
1365 1162 1421 1208 et
1454 1154 1704 1207 diuturna
1732 1155 1997 1210 remissio.
2104 1159 2162 1199 Βθ
2209 1147 2438 1201 iniice!!!
2487 1150 2875 1220 cogitationum
2918 1155 3286 1209 accusaminm
3318 1195 3332 1220 ι
3368 1166 3463 1211 alii
3510 1158 3675 1213 etiam

428 1237 544 1294 Non
566 1255 701 1310 opus
723 1242 887 1298 habes
911 1239 1150 1308 doctore,
1176 1259 1275 1299 nec
1304 1244 1493 1299 dextra
1537 1247 1852 1301 sacerdotis.
1879 1247 1985 1303 Μοι

2117 1235 2532 1305 lefendentium;
2558 1243 2905 1313 semetipsum
2930 1244 3196 1301 introrsus
3219 1245 3538 1313 discutiens,
3554 1258 3674 1305 ante

426 1341 485 1385 ut
505 1334 793 1388 ascendisti
823 1334 889 1389 de
931 1350 1086 1390 sacro
1117 1333 1284 1401 fonte,
1313 1336 1537 1392 vestitus
1577 1352 1636 1392 es
1662 1336 1829 1392 veste“
1854 1338 1983 1405 alba1

2118 1326 2359 1381 udicium
2390 1330 2736 1385 vehementer
2779 1333 3073 1399 examinat,
3122 1342 3183 1389 et
3205 1336 3488 1393 districtus
3508 1335 3671 1406 inde:

421 1433 479 1479 et
529 1433 724 1481 unctus
756 1440 814 1481 es
841 1435 1113 1498 unguento
1145 1430 1371 1499 mystico
1404 1447 1416 1482 :
1450 1428 1590 1485 facta
1629 1438 1713 1484 cst
1761 1445 1921 1501 super
1947 1416 2007 1486 te
2097 1418 2291 1488 colam
2313 1421 2653 1492 tranquillius
2692 1424 2893 1488 νθηίεί»
2917 1438 3026 1494 quo
3054 1433 3263 1480 mum
3306 1442 3486 1492 πως
3514 1443 3670 1498 qm

422 1516 708 1579 invocatio,
742 1525 796 1571 et
832 1519 981 1574 venit
1027 1534 1189 1589 Super
1234 1527 1286 1575 te
1313 1521 1452 1574 trina
1501 1522 1690 1584 virtus,
1736 1536 1856 1590 qua:
1902 1536 1996 1578 vas
2097 1501 2366 1559 discutere
2409 1508 2629 1575 appetit,
2652 1506 2765 1575 jam
2806 1523 2903 1578 pro
2930 1509 3085 1579 culpa
3115 1510 3363 1580 punitum
3407 1514 3601 1568 cernit.
3640 1534 3661 1568 ι

422 1620 618 1661 novum
646 1609 749 1665 hac
771 1623 907 1664 nova
941 1609 1175 1678 perfudit
1216 1610 1476 1665 doctrina.
1510 1610 1715 1665 Exinde
1765 1612 1993 1682 teipsum
2097 1590 2300 1682 Deinde
2344 1594 2488 1651 hanc
2513 1597 2887 1664 Ρωθίίεηιίθιη
2915 1609 3127 1655 Secreto
3168 1601 3371 1656 ίὶιοῑεω
3403 1602 3667 1670 saniem.

420 1698 609 1771 Statuit
632 1700 727 1754 tibi
750 1697 987 1767 judicem
1033 1708 1090 1754 et
1115 1700 1406 1765 arbitrum;
1439 1700 1691 1770 deditque
1719 1701 1812 1755 tibi
1840 1680 1977 1757 noti-

2110 1680 2228 1736 iatis
2264 1696 2533 1754 superque
2560 1686 2848 1742 conﬁrmat
2874 1691 3209 1759 comparatio
3245 1706 3407 1761 quam
3452 1702 3667 1749 sanctus

419 1792 569 1855 tiam,
590 1803 648 1847 ut
671 1792 844 1863 possis
869 1806 933 1846 ex
957 1800 1008 1847 te
1031 1790 1239 1847 discere
1258 1791 1455 1846 bonum
1479 1801 1534 1846 et
1555 1793 1752 1847 malum
1777 1810 1790 1847 :
1814 1794 1865 1848 id
1882 1801 1976 1860 est,

2108 1768 2387 1841 Gregorius
2416 1775 2471 1829 in
2499 1783 2613 1831 toto
2638 1778 2815 1847 capite
2842 1782 3088 1847 sequenti
3117 1759 3348 1836 instituit
3380 1783 3526 1839 inter
3552 1798 3665 1853 pa:-

418 1882 559 1936 inter
603 1883 855 1937 meritum
898 1890 952 1936 et
979 1891 1279 1951 peccatum.
1314 1881 1380 1936 Et
1418 1880 1545 1952 quia
1591 1897 1697 1937 non
1748 1891 1985 1953 poteras,
2088 1862 2379 1964 ξ’ίίξηξίθφ
2399 1881 2523 1964 (illi?
2558 1866 2650 1922 θέει
2692 1869 2923 1925 maxime
2966 1870 3178 1939 Publica
3208 1872 3264 1926 ίιι
3308 1871 3397 1964 ille
3424 1877 3669 1964 κεκετεωί

414 1972 639 2026 manens
693 1973 747 2026 in
799 1972 1056 2028 membris
1127 1973 1474 2042 corporisque
1546 1988 1802 2045 compage
1852 1975 1971 2032 libet

2109 1952 2294 2016 udicii,
2330 1962 2387 2008 et
2425 1956 2586 2011 aliam
2617 1966 2966 2028 spontaneam
2995 1975 3116 2030 quae
3161 1969 3286 2016 tunc
3315 1962 3373 2016 in
3420 1963 3529 2017 hac
3557 1967 3666 2019 vita

410 2060 646 2116 existere
674 2076 702 2114 a
734 2071 977 2130 peccato,
1029 2062 1392 2133 immunisque
1440 2076 1560 2118 esse
1599 2078 1631 2117 a
1660 2042 1823 2130 mia,
1866 2073 1989 2134 post
2085 2042 2265 2111 agitur
2289 2059 2319 2097 a
2350 2044 2617 2115 plurimis,
2649 2048 2742 2118 qui
2771 2048 2911 2104 intra
2941 2049 3178 2105 latebras
3206 2052 3557 2109 conscientia
3583 2072 3667 2110 se-

409 2144 675 2221 baptisma
707 2140 1003 2206 remedium
1034 2159 1180 2206 tuum
1223 2151 1277 2205 in
1303 2159 1356 2206 te
1382 2152 1499 2222 ipso
1547 2153 1755 2219 statuit,
1795 2155 1966 2211 remis

2104 2136 2343 2206 netipsos
2371 2136 2687 2206 dijudicant,
2717 2149 2775 2195 ut
2800 2156 2907 2195 non
2934 2142 3122 2211 utique
3150 2143 3203 2197 in
3233 2143 3318 2199 die
3341 2144 3661 2201 manifesta-

411 2240 617 2296 sionem
648 2241 702 2295 in
732 2242 960 2296 arbitrio
986 2250 1081 2297 tuo
1107 2242 1308 2312 posuit,
1335 2249 1396 2296 ut
1434 2258 1542 2298 non
1569 2259 1780 2313 quaeras
1807 2260 1968 2301 sacer-

1360 2249 1396 2296 η
1434 2258 1542 2298 non
1569 2259 1780 2313 quatas
1807 2260 1984 2301 sacer.
2083 2227 2249 2283 tionis
2277 2243 2308 2282 a
2338 2229 2568 2286 Domino
2587 2228 2917 2299 judicentur.

408 2333 611 2399 dotem,
645 2348 769 2388 cum
798 2334 1093 2389 necessitas
1140 2331 1534 2403 eﬂlagitaverit.
1588 2334 1695 2392 Sed
1734 2336 1847 2406 ipse
1867 2335 1965 2406 jau

2151 2316 2448 2389 Gregorius
2470 2360 2485 2385 ,
2536 2320 2627 2376 lib.
2669 2320 2961 2377 Pastoralis
2983 2337 3153 2389 curae,
3178 2334 3323 2395 part.
3354 2342 3440 2389 ιιι,
3471 2326 3658 2382 admo-

408 2439 473 2479 ac
492 2423 537 2478 si
565 2423 732 2478 scitus
768 2423 1195 2494 perspicuusque
1245 2425 1501 2496 magister
1540 2441 1779 2482 errorem
1833 2435 1965 2484 tuan

2105 2409 2183 2464 tit.
2214 2412 2248 2465 8
2278 2428 2292 2463 :
2326 2428 2346 2461 ι
2374 2411 2547 2467 Aliter
2585 2413 2907 2469 admonendi
2940 2424 3067 2470 sunt
3107 2416 3470 2485 impudentes,
3500 2425 3662 2489 atque

406 2515 551 2569 intra
602 2523 655 2569 te
702 2515 976 2580 emendes,
1017 2524 1071 2570 et
1113 2523 1399 2585 peccatum
1447 2524 1598 2572 tuum
1644 2513 1981 2587 paenitudine
2083 2500 2245 2557 “me”
2288 2504 2599 2560 verecundi.
2645 2505 2771 2561 “'03
2798 2521 3032 2576 namque
3060 2505 3130 2561 ab
3157 2506 3507 2577 ίιιψιιίίροιίεε
3532 2509 3663 2564 κ’ίιίο

402 2603 614 2659 abluas.
666 2604 850 2673 itaque
895 2604 1105 2660 desinat
1156 2606 1375 2673 duritia,
1426 2616 1599 2663 cesset
1653 2608 1958 2679 desperatio

2101 2608 2188 2648 Ion
2246 2594 2351 2650 nisi
2403 2595 2701 2665 increpatio
2745 2598 2876 2653 dura
2920 2599 3231 2669 compescit.
3290 2599 3430 2656 Istos
3476 2609 3658 2656 autem

407 2695 617 2751 desinat
662 2697 893 2767 ignavia,
945 2695 1064 2753 fons
1101 2715 1377 2770 nunquam
1424 2699 1622 2765 deﬁcit,
1645 2717 1783 2772 aqua
1837 2703 1964 2760 intui

2094 2683 2396 2755 plerumque
2417 2687 2485 2741 ad
2502 2687 2700 2744 melius
2729 2689 3038 2744 exhortatio
3066 2691 3309 2746 modesta
3354 2695 3651 2762 componit.

403 2794 489 2840 est
516 2805 529 2839 :
561 2785 762 2840 ablutio
782 2786 833 2839 in
859 2786 1085 2841 arbitrio
1113 2795 1199 2842 est
1225 2805 1239 2841 :
1278 2789 1634 2844 sanctificatio
1660 2792 1712 2846 in
1757 2792 1960 2849 solerti:

2104 2774 2161 2828 ili
2190 2790 2248 2831 se
2273 2776 2586 2847 delinquere
2613 2779 2881 2845 nesciunt,
2913 2779 3018 2835 nisi
3042 2781 3204 2836 etiam
3230 2798 3260 2835 a
3291 2782 3548 2851 pluribus
3574 2783 3658 2838 in-

394 2883 507 2942 est,
542 2875 790 2931 remissio
815 2876 872 2930 in
897 2874 1420 2948 rorelaerymarum.
1462 2878 1639 2935 Nolite
1685 2881 1892 2938 solvere
1920 2884 1951 2939 ἰι

2100 2876 2369 2937 :repentur
2417 2887 2430 2922 :
2476 2870 2597 2925 istis
2624 2869 2941 2940 plerumque
2974 2872 3044 2927 ad
3077 2873 3492 2929 conversionem
3544 2874 3657 2930 sui-

394 2968 685 3039 segnitiem
710 2986 722 3022 :
754 2966 874 3023 fons
901 2974 984 3024 est
1016 2969 1073 3024 in
1096 2969 1314 3025 homine
1336 2980 1689 3028 conservatus
1710 2982 1975 3045 perpetua
2078 2960 2192 3016 ac“
2217 2962 2360 3031 (μιοά
2394 2962 2474 3018 δίε
2501 2963 2693 3018 δοθείη
2718 2962 2859 3017 mala
2888 2979 2986 3020 sua
3013 2964 3205 3019 δθηθω
3230 2963 3429 3021 lenne“
3446 2966 3517 3021 ad
3543 2982 3659 3022 αθ·

398 3058 694 3130 pmnitudo.
722 3058 798 3113 lbi
826 3067 912 3114 est
943 3060 1261 3130 poenitentia
1296 3061 1364 3115 ad
1388 3077 1575 3118 vocem
1598 3063 1851 3135 Baptistae
1877 3068 1969 3137 qui
1995 3105 2044 3169 Ω
2078 3053 2307 3169 morini}?!
2590 3052 2716 3169 Illos
2740 3053 3188 3169 melius-corrigit
3214 3054 3307 3169 qui

395 3151 474 3207 sic
495 3149 820 3206 vociferatur
847 3152 899 3206 in
921 3165 1124 3217 eremo,
1163 3159 1220 3207 et
1245 3154 1566 3224 penetrabili
1592 3155 1830 3212 clamore
1871 3158 1967 3214 de-
1996 3145 2044 3169 u
2075 3145 2453 3215 reprehendit;
2485 3146 2605 3201 iSliS
2629 3154 2810 3201 autem
2847 3146 3020 3216 πιδὶοΐ
3044 3146 3320 3217 Ρποίεοῑιιε
3341 3149 3652 3217 “dudm.

394 3250 567 3298 sertas
599 3241 877 3297 hominum
906 3248 1113 3297 mentes
1133 3253 1424 3314 exaggerat
1451 3245 1636 3301 dicens
1660 3264 1672 3299 :
1708 3244 1951 3302 Paruum

2096 3234 2117 3288 i
2139 3235 2242 3289 hoc
2263 3235 2405 3304 quod
2426 3236 2480 3289 in
2502 3235 2582 3291 eis
2600 3236 3030 3306 reprehenditur,
3055 3237 3210 3307 quasi
3234 3253 3301 3292 ex
3329 3237 3503 3293 latere
3535 3249 3653 3294 tan-

394 3332 523 3385 tiam
572 3330 731 3401 agite,
769 3331 1203 3402 appropinquabit
1257 3333 1392 3387 enim
1438 3350 1652 3405 regnum
1696 3335 1951 3391 calorum,

2092 3333 2245 3395 gatur.
2277 3325 2428 3393 Quod
2457 3334 2646 3397 postea
2690 3328 2930 3383 ostendit
2959 3329 3204 3399 exemplo
3238 3330 3333 3386 Dei
3380 3339 3436 3386 et
3465 3332 3649 3398 Pauli;

394 3422 561 3477 Nemo
580 3430 757 3493 potest
784 3423 1003 3493 superni
1032 3422 1242 3495 imperii
1279 3425 1481 3481 habere
1510 3427 1735 3496 apicem,
1768 3429 1951 3484 babert

2093 3416 2326 3487 :ujusque
2348 3418 2425 3473 rei
2459 3419 2599 3474 hanc
2628 3418 2784 3474 allert
2810 3419 3096 3486 rationem,
3128 3427 3187 3474 ut
3209 3421 3406 3492 inquit,
3447 3433 3509 3478 et
3528 3424 3650 3480 illo-

394 3513 704 3587 fastigium;
752 3515 856 3570 nisi
904 3514 1068 3571 fuerit
1108 3516 1436 3586 poenitentiae
1484 3518 1738 3591 suil'ragio
1776 3520 1951 3576 fultus.

2094 3524 2185 3562 um
2213 3509 2402 3579 culpas
2421 3508 2722 3580 increpatio
2765 3511 2899 3565 dura
2922 3510 3216 3582 detegeret,
3243 3520 3301 3566 et
3326 3513 3529 3568 horum
3555 3532 3651 3571 ne-

392 3603 471 3658 Ad
498 3604 881 3674 regnisuperni
903 3605 1371 3673 penetrabiiianon
1393 3607 1637 3676 pervenit
1656 3609 1958 3678 quisquam,
2065 3599 2377 3670 absentiam
2416 3599 2634 3655 momor
2679 3616 2860 3656 sermo
2900 3601 3120 3656 Velnl‘eL
3159 3620 3179 3654 ι
3208 3601 3433 3658 Publica
3480 3606 3648 3676 igitur

391 3696 493 3750 nisi
547 3696 720 3764 egerit
763 3696 1156 3766 paenitentiam.
1208 3694 1423 3764 Repetit
1452 3698 1627 3751 adhuc
1673 3698 1958 3769 Baptista:
2062 3690 2378 3759 poenitentia
2427 3690 2825 3759 impudentibus
2888 3692 3197 3746 necessaria
3247 3700 3353 3757 est.
3407 3711 3643 3764 quorum

391 3785 520 3855 Ego,
554 3784 747 3853 inquit,
771 3784 985 3856 baptizo
1010 3800 1107 3840 vos
1136 3786 1339 3855 aquain
1360 3787 1962 3857 pmnitentiam;sedal—
2063 3781 2290 3836 crimina
2313 3783 2683 3852 increpatione
2725 3782 2857 3837 dum
2889 3784 3244 3854 delesnnlm';
3266 3784 3485 3839 0690113
3516 3802 3645 3841 Vm

390 3888 471 3931 ter
491 3884 573 3931 est
593 3884 712 3946 post
743 3891 826 3930 me
849 3877 1089 3940 veniens,
1113 3878 1204 3947 qui
1230 3892 1326 3932 vos
1354 3878 1645 3949 baptizabit
1672 3881 1724 3935 in
1757 3880 1947 3952 Spiritu

2085 3870 2377 3925 amnitentia
2412 3870 2607 3926 sullicit
2640 3873 2962 3927 verecundis
2996 3888 3225 3942 quorum
3252 3883 3483 3943 peccata
3512 3876 3642 3929 mel-

387 3977 573 4024 sancto
597 3975 651 4023 et
676 3968 803 4041 igni.
834 3968 953 4023 Noli
985 3976 1041 4023 tu
1070 3967 1181 4037 jam
1211 3982 1452 4040 quaerere
1482 3986 1652 4041 neque
1699 3972 1944 4030 Joannen

1211 3982 1452 4040 quaerere
1482 3986 1652 4041 neque
1699 3972 1959 4030 Joannem
2060 3960 2180 4014 liori
2208 3976 2458 4016 sermone
2481 3960 2745 4016 velantur.

385 4076 559 4130 neque
584 4059 891 4115 Jordanem.
920 4060 1036 4130 ipse
1076 4060 1171 4114 tibi
1201 4070 1317 4116 esto
1344 4061 1603 4132 Baptista.
1628 4063 1867 4120 Pollutos
1901 4080 1959 4121 es
2129 4052 2185 4107 Ῐη
2227 4055 2589 4110 admonitione
2608 4056 2678 4111 30
2703 4074 2717 4110 ε
2749 4075 2769 4109 ⁸
2806 4055 2960 4126 53993
2985 4058 3127 4112 enim
3157 4058 3474 4115 misericors
3498 4060 3640 4117 DEI”

383 4157 505 4220 post
531 4150 825 4215 lavacrum,
856 4150 1042 4204 vitiata
1067 4157 1192 4204 sunt
1214 4151 1423 4205 viscera
1445 4159 1557 4217 tua,
1593 4154 1940 4209 contaminat:

2080 4159 2122 4199 ro
2150 4144 2313 4200 citius
2359 4154 2580 4214 peccata
2615 4146 2817 4200 cordist
2852 4147 3043 4212 abluit,
3093 4162 3201 4216 quo
3244 4149 3361 4203 haec
3387 4151 3545 4206 exire
3566 4153 3637 4207 ad

379 4248 467 4296 est
494 4240 707 4293 anima?
734 4239 900 4309 Tinge
931 4248 982 4295 te
1034 4239 1086 4293 in
1141 4255 1280 4310 aqua
1318 4240 1670 4310 pteniteutim,
1706 4242 1863 4298 ablue
1906 4252 1959 4299 te
2057 4249 2220 4304 Opem
2270 4251 2376 4290 non
2402 4236 2663 4306 ρεηηίιίίι
2691 4255 2704 4290 ε
2735 4244 2790 4292 ει
2811 4238 3045 4308 cogitata
3072 4239 3308 4308 nequitia
3332 4244 3639 4310 quantoci—

378 4327 708 4384 abundantia
744 4328 1120 4398 lacrymarum,
1164 4331 1423 4384 exuberet
1447 4329 1567 4385 fons
1592 4335 1956 4402 compunctio—
2056 4327 2163 4383 ῑῖιιὸ
2190 4327 2439 4393 εοῐνὶῑυΐ,
2476 4329 2602 4397 quia
2649 4328 2841 4384 θπθοῑυ
2891 4329 3069 4400 operis
3094 4330 3394 4388 diSll’iclius
3422 4348 3532 4388 non
3570 4334 3635 4389 li-

380 4418 467 4473 nis
488 4416 540 4472 in
563 4417 704 4473 extis
745 4417 851 4473 tuis
884 4434 898 4471 :
929 4417 1201 4473 exundent
1227 4434 1380 4489 aqute
1401 4419 1535 4475 vivae
1564 4421 1616 4475 in
1654 4422 1804 4478 ﬁbris
1824 4425 1947 4480 tuis.
1982 4451 2034 4512 Β
2057 4425 2232 4487 satur.
2269 4416 2421 4472 Unde
2465 4425 2613 4472 "3018
2650 4431 2754 4488 per
2798 4418 3140 4512 PsnllniSlnm
3187 4420 3431 4476 dicitur:
3460 4423 3631 4479 Dixi:

379 4504 517 4565 Para
546 4518 597 4563 te
618 4508 854 4563 venienti
891 4507 1138 4573 Domino,
1168 4518 1221 4563 et
1252 4509 1367 4579 ipse
1408 4510 1703 4579 baptizabit
1733 4514 1789 4567 in'
1831 4513 1953 4585 Spi-
1982 4504 2023 4512 ⁷
2054 4508 2415 4577 pronuntiabo
2454 4507 2730 4563 adversum
2752 4525 2835 4563 me
2871 4508 3163 4579 injustitias
3187 4526 3338 4569 meas
3377 4514 3630 4583 Destino,

379 4600 487 4657 ritu
524 4608 710 4655 sancto
753 4606 808 4653 et
836 4597 969 4668 igni,
1028 4598 1234 4654 habens
1282 4600 1642 4655 ventilabrum
1688 4602 1742 4656 in
1789 4620 1950 4659 manu
2052 4609 2101 4653 et
2150 4606 2205 4653 tu
2232 4600 2475 4653 remisisti
2504 4601 2818 4671 impietatem
2846 4599 3028 4657 cordis
3054 4603 3175 4655 mei.
3223 4601 3329 4669 Qui
3351 4606 3501 4659 enim
3530 4607 3631 4662 itu-

380 4710 475 4749 sua
502 4713 515 4748 :
543 4692 684 4763 quod
723 4700 807 4749 est
835 4692 1098 4763 inspectio
1133 4691 1218 4746 vel
1246 4692 1560 4763 ponderatio
1602 4695 1950 4763 paenitudinis
2053 4689 2308 4760 pietatem
2357 4688 2535 4743 cordis
2572 4688 2830 4753 subdidit.
2879 4689 3006 4759 Quia
3033 4692 3422 4759 cogitationum
3463 4695 3631 4764 injus-

379 4799 445 4839 ac
489 4783 716 4854 peccati.
746 4784 865 4853 lpse
898 4781 1184 4854 perpendit
1204 4782 1261 4836 in
1286 4790 1341 4836 te
1388 4790 1680 4851 utrumque
1704 4785 1945 4853 pondus;
2054 4780 2201 4836 tilias
2230 4781 2581 4850 pronuntiare
2605 4781 2765 4835 vellet
2806 4782 3084 4837 indicavit.
3108 4783 3353 4856 Denique
3369 4787 3468 4851 ait,
3498 4805 3625 4860 pro-

376 4875 492 4944 ipse
515 4873 775 4942 conspicit
793 4873 849 4926 in
893 4880 947 4928 te
972 4872 1188 4937 molem,
1225 4879 1280 4927 et
1300 4870 1493 4927 molem
1539 4889 1553 4927 :
1586 4887 1748 4927 unam
1779 4875 1951 4943 pteni-
2052 4873 2312 4928 nuntiabo
2331 4873 2616 4928 adversum
2632 4887 2719 4927 me
2737 4872 3031 4942 injustitias
3050 4888 3218 4929 meas.
3245 4875 3493 4947 Dttmque
3508 4881 3583 4934 ait
3606 4894 3625 4933 :

377 4962 593 5028 lentim,
651 4976 812 5016 unam
862 4963 1198 5030 pestilentias
1248 4961 1316 5017 Et
1351 4962 1683 5033 paenitentia:
1728 4964 1945 5033 quidem
2050 4963 2193 5030 Dixi,
2219 4963 2609 5028 Pronuntiaho,
2657 4970 2819 5032 atque
2842 4963 2986 5019 illico
3007 4962 3272 5032 adiunxit,
3302 4976 3356 5020 et
3390 4977 3447 5021 tu
3478 4971 3629 5024 reni-

374 5056 602 5121 fructus,
630 5068 694 5108 ac
724 5053 771 5108 si
805 5052 1062 5118 triticum,
1091 5054 1332 5125 congerit
1356 5055 1411 5108 in
1433 5053 1899 5126 tuum’profectum
1926 5072 1942 5111 :
2045 5055 2185 5121 sisti,
2226 5069 2387 5125 quam
2427 5054 2498 5109 sit
2536 5068 2698 5126 super
2726 5055 2842 5109 haec
2868 5053 3043 5109 facilis
3079 5054 3235 5109 venia
3267 5058 3530 5113 ostendit.
3555 5060 3624 5114 Et

370 5154 593 5219 peccata
618 5158 747 5199 vero
771 5151 878 5210 tua,
906 5143 1062 5213 quasi
1086 5144 1404 5214 pestilentia:
1440 5145 1643 5214 paleas,
1678 5146 1947 5202 comburit
2046 5144 2175 5199 dum
2210 5160 2270 5200 se
2295 5145 2471 5201 adhuc
2505 5152 2690 5214 petere
2715 5145 3000 5216 promittit,
3031 5147 3135 5202 hoc
3164 5147 3310 5217 quod
3354 5160 3624 5220 peterese

371 5236 481 5310 igni
529 5235 970 5309 inexstinguibili.
999 5233 1127 5290 Haec
1158 5245 1239 5290 est
1262 5237 1474 5306 privata
1504 5237 1750 5292 remissio
1776 5279 1790 5303 ,
1820 5238 1944 5293 inti-
2043 5235 2408 5306 promittebat,
2449 5235 2682 5290 obtinuit
2710 5252 2722 5288 :
2757 5244 3024 5305 quatenus
3039 5237 3166 5307 quia
3194 5254 3370 5310 usque
3391 5242 3464 5296 ad
3488 5256 3625 5314 opus

369 5344 458 5383 tuo
479 5327 640 5382 corde
661 5334 975 5397 provocata,
998 5333 1053 5382 et
1071 5325 1406 5395 pmnitudine
1436 5327 1717 5396 acquisita.
1757 5346 1774 5379 ι
1803 5328 1945 5395 Quot
2043 5342 2151 5381 non
2174 5335 2399 5382 venerat
2432 5327 2606 5397 culpa,
2636 5340 2808 5396 usque
2843 5326 2910 5381 ad
2938 5329 3239 5383 crueiatum
3269 5347 3379 5387 non
3421 5348 3620 5402 perve-

370 5419 554 5487 vcrba,
584 5428 663 5477 tot
691 5426 1028 5490 argumenta,
1060 5418 1253 5489 quibus
1290 5419 1549 5489 probatur
1568 5419 1940 5488 pcenitentiam
2042 5417 2185 5472 niret
2210 5417 2549 5486 ptenitentia,
2578 5418 2671 5472 sed
2714 5418 2945 5486 cogitata
2976 5417 3194 5475 aiilictio
3229 5430 3471 5477 mentem
3508 5432 3622 5480 ter-

369 5524 467 5581 pro
522 5510 837 5566 criminibus
896 5510 1123 5566 occultis
1157 5518 1365 5565 secreto
1419 5508 1617 5564 iactant
1673 5510 1939 5577 solliccre,
2042 5517 2212 5579 geret,
2244 5521 2405 5575 quam
2431 5507 3079 5563 nimirumtantummodo
3099 5509 3341 5578 cogitata

368 5605 531 5665 atque
557 5614 759 5655 morem
795 5599 1051 5656 Ecclesiae
1101 5599 1264 5657 fuisse
1308 5601 1373 5655 de
1428 5602 1664 5670 peccatis
1718 5601 1941 5656 occultis
2045 5601 2394 5668 inquinasset.
2437 5620 2454 5653 ι

369 5701 580 5746 secreto
619 5691 933 5761 pmnitendi.
2114 5691 2170 5743 ιιι
2225 5690 2587 5747 admonitione
2630 5693 2700 5747 δι’.
2750 5709 2765 5749 :
2825 5711 2844 5744 ι
2897 5694 3241 5766 Rursumque
3293 5696 3619 5756 admonendi
