3942 6182
272 282 437 358 ‘ttat
1150 301 1239 355 su
1275 300 1444 357 cum
1480 300 1849 359 NOYITATIS
1889 303 2291 364 summoue
2327 306 2714 366 VINDICATA.
3419 319 3561 379 uss

305 425 456 483 sunt,
491 426 553 472 ut
577 417 623 472 si
652 415 776 471 mali
826 430 948 472 esse
974 431 1080 472 non
1111 428 1374 481 metuunt,
1412 420 1735 475 erubescant
1784 420 1885 473 sal-
1910 424 1955 476 Α
1986 422 2126 487 dico,
2155 426 2408 481 omnibus
2432 427 2586 483 vobis
2611 428 2733 482 dico
2761 446 2773 481 :
2807 429 3040 495 clericis,
3082 432 3234 487 laicis
3264 444 3328 490 ac
3348 435 3555 491 sancti-

309 521 417 568 tcm
445 511 619 566 videri
646 511 790 580 quod
830 519 975 566 sunt.
1032 510 1351 581 Plerumque
1378 513 1522 567 enim
1566 512 1723 583 culpa
1753 513 1879 567 dum
1978 513 2302 570 monialibus
2330 532 2343 568 :
2372 522 2431 570 ut
2456 516 2717 585 quidquid
2747 532 2806 573 se
2847 521 3036 575 recolit
3060 522 3296 589 invidia,
3332 532 3426 580 aut
3453 525 3551 583 de-

305 602 676 665 absconditur,
721 600 1032 673 eli'ugatur:
1077 603 1204 672 quia
1238 602 1363 657 dum
1403 618 1556 657 mens
1604 604 1882 660 erubescit

310 695 481 751 videri
520 695 664 764 quod
701 703 884 750 tamen
906 706 1026 750 esse
1047 709 1155 749 non
1186 695 1386 761 timuit,
1410 694 1682 750 erubescit
1711 710 1883 766 quan-

307 786 485 858 doque
526 799 647 840 esse
680 784 827 854 quod
862 784 998 854 fugit
1045 783 1232 840 videri.
1272 805 1292 839 ι
1325 784 1417 842 Sic
1441 786 1686 855 pluribus
1732 788 1886 842 testi-

309 878 506 933 moniis
528 876 738 931 delerat
760 881 979 930 sanctus
999 874 1286 945 Gregorius
1312 878 1630 934 verecundis
1650 892 1882 948 quorum

306 978 531 1039 peccata
560 967 771 1023 occulta
818 975 963 1032 sunt,
998 969 1373 1037 panitentiam
1422 978 1631 1025 secreto
1685 971 1883 1027 factum

307 1068 620 1129 competere
649 1066 810 1128 atque
838 1056 1106 1123 sufficere,
1148 1067 1204 1113 et
1232 1058 1352 1114 ideo
1396 1075 1601 1115 morem
1628 1061 1884 1117 Ecclesia:

309 1147 475 1202 fuisse
498 1148 565 1201 de
586 1146 825 1217 peccatis
850 1145 1076 1201 occultis
1101 1154 1311 1201 secreto
1333 1148 1647 1216 paenitendi.

376 1236 634 1300 Joannes,
651 1236 820 1290 abbas
842 1235 1063 1299 Raitliu,
1083 1236 1150 1291 ad
1173 1252 1332 1306 quem
1360 1240 1574 1307 scripsit
1600 1239 1881 1309 epistolam

304 1324 548 1380 Joannes
572 1324 863 1389 Climacus,
897 1325 950 1378 in
973 1325 1086 1379 suis
1117 1324 1351 1381 Scholiis
1393 1328 1459 1381 ad
1478 1328 1725 1399 quintum
1753 1346 1880 1401 gra-

304 1420 439 1474 dum
464 1417 515 1472 J.
544 1417 790 1481 Climaci,
815 1425 873 1472 et
905 1417 959 1472 in
986 1418 1101 1473 htec
1129 1420 1293 1473 verba
1326 1434 1362 1470 ε’
1380 1435 1663 1491 securaque
1701 1422 1883 1492 cujus-

303 1526 407 1582 que
451 1511 535 1565 sui
571 1525 718 1564 cura.
760 1526 781 1560 ι
818 1508 974 1575 Quia,
1008 1508 1198 1577 inquit,
1249 1509 1313 1564 de
1350 1509 1498 1566 nullo
1538 1519 1755 1566 terreno
1784 1529 1881 1567 cura

307 1601 531 1666 mt,scd
558 1613 659 1668 pro
686 1612 745 1654 se
799 1597 901 1653 sibi
946 1598 1195 1664 sollicita,
1246 1600 1516 1668 quomodo
1566 1602 1669 1657 sibi
1710 1602 1880 1657 Deum

306 1690 644 1755 reconciliet,
669 1697 722 1747 et
743 1689 970 1744 salutem
995 1691 1259 1758 perditam
1299 1706 1398 1761 per
1419 1701 1698 1762 peccatum
1727 1695 1879 1749 inve-

1981 602 2283 670 tractionis,
2310 604 2421 660 odii
2444 610 2657 676 quoque
2686 616 2740 662 et
2769 608 3140 666 fornicationis
3159 613 3273 667 sive
3293 614 3551 681 incestus,

1979 692 2064 747 vel
2095 692 2313 764 periurii
2336 734 2352 761 ,
2380 707 2767 754 casterorumve
2812 701 3065 756 vitiorum
3103 706 3423 774 contagione
3470 717 3553 762 at-

1983 791 2219 851 tactum,
2268 785 2457 841 saltem
2512 789 2671 844 hodie
2702 804 2801 859 per
2833 792 3026 849 divina:
3068 794 3255 850 salutis
3312 796 3550 852 medica—

1981 882 2243 941 mentum,
2266 876 2580 947 inquautum
2592 880 2867 949 praevalet,
2884 897 2942 937 se
2961 884 3250 953 puriﬁcare
3274 896 3548 956 procuret.

1980 964 2312 1022 Conﬁteatur
2351 969 2634 1024 adversum
2674 986 2733 1025 se
2762 972 3074 1040 injustitiam
3125 990 3276 1030 suam
3325 974 3553 1033 Domino

1982 1064 2043 1110 ut
2088 1059 2331 1113 remittat
2359 1059 2688 1128 impietatem
2711 1064 2889 1119 cordis
2927 1065 3029 1129 sui,
3058 1075 3111 1120 et
3135 1065 3377 1136 reliquiae
3399 1070 3552 1139 cogi-

1982 1148 2247 1202 tationum
2270 1148 2384 1216 ejus
2408 1149 2548 1203 diem
2566 1150 2759 1206 festum
2781 1163 2940 1224 agent
2966 1155 3211 1211 Domino.
3238 1157 3387 1213 Tune
3406 1160 3552 1215 enim

1983 1234 2222 1307 reliquiae
2263 1239 2603 1308 cogitationis
2652 1242 2794 1295 diem
2844 1242 3036 1298 festum
3084 1256 3250 1317 agunt
3292 1248 3552 1313 Domino,

1980 1331 2196 1397 quando
2237 1338 2490 1398 peccator
2531 1332 2754 1401 quilibet
2782 1343 2903 1404 post
2945 1337 3094 1406 prius
3126 1341 3306 1393 datam
3343 1339 3556 1395 confes-

1982 1417 2209 1483 sionem,
2235 1433 2294 1474 sc
2318 1421 2573 1477 cohibere
2597 1422 2880 1492 pollicetur
2898 1427 2974 1481 ab
3002 1428 3285 1495 iniquitate
3308 1445 3407 1484 sua
3427 1471 3442 1495 ,
3471 1440 3554 1484 to-

1983 1518 2175 1580 tusque
2202 1512 2504 1582 prorumpit
2524 1513 2579 1567 in
2602 1513 2870 1585 lacrymas
2891 1524 2945 1571 et
2974 1517 3026 1571 in
3066 1516 3405 1575 aﬂ‘octionem
3426 1535 3551 1576 cor-

1981 1605 2086 1670 dis,
2117 1606 2370 1674 quoniam
2399 1620 2495 1661 eor
2513 1609 2807 1663 contritum
2832 1619 2887 1664 et
2910 1611 3250 1667 humiliatum
3281 1613 3422 1668 Deus
3445 1627 3554 1667 non

1982 1696 2188 1762 spernit
2221 1712 2235 1748 ε
2266 1694 2568 1766 bujusmodi
2596 1684 2863 1754 ibstivitas
2907 1700 3112 1771 angelis
3155 1702 3555 1757 exsultantibus

306 1782 440 1846 niat,
469 1779 783 1851 pmnitendo
807 1787 863 1835 et
899 1757 1130 1850 lugendo
1162 1757 1399 1837 festinat.
1420 1757 1504 1839 -Ει
1525 1800 1624 1855 pro
1649 1796 1711 1841 se
1732 1785 1878 1841 solli~
1914 1757 1957 1816 Β
1986 1757 2065 1847 tit,
2103 1757 2351 1839 Veritate
2381 1793 2672 1842 attestante
2701 1803 2821 1858 quae
2859 1790 2935 1844 ait
2969 1757 3279 1857 :UQuoniam
3303 1793 3555 1863 gaudium

305 1872 437 1936 cita,
482 1876 539 1926 et
572 1884 672 1940 pro
697 1884 756 1924 se
788 1869 1080 1939 diiudicata
1107 1871 1199 1933 sit,
1225 1874 1352 1943 quia
1391 1875 1575 1929 omnia
1603 1889 1724 1945 qua:
1751 1884 1878 1933 sunt
1982 1875 2139 1928 estin
2180 1874 2307 1928 creto
2335 1892 2493 1945 super
2519 1893 2624 1932 uno
2645 1889 2913 1948 peccatore
2940 1897 3118 1935 coram
3143 1883 3337 1952 angelis
3362 1883 3481 1937 Dei.
3530 1904 3548 1935 ι

305 1962 512 2023 mundi,
535 1969 590 2016 et
613 1977 672 2016 se
694 1962 866 2031 ipsum
896 1962 1166 2031 puniendo
1190 1967 1505 2033 contemnit,
1536 1968 1628 2037 qui
1656 1978 1738 2024 est
1764 1984 1878 2039 ρω-
1981 1963 2118 2019 Cum
2160 1978 2283 2019 mox
2330 1974 2548 2022 sanctus
2574 1968 2779 2040 Eligius
2823 1981 3103 2026 convertat
3150 1987 3451 2028 sermonem
3487 1974 3555 2029 ad

304 2053 506 2116 nitens,
551 2059 608 2106 et
632 2052 914 2121 vigilanter
937 2053 1006 2108 ab
1030 2055 1177 2109 omni
1196 2054 1402 2123 judicio
1427 2073 1486 2113 se
1507 2058 1727 2129 dignum
1757 2076 1878 2115 cer-
1982 2055 2226 2125 publicos
2254 2058 2580 2127 pmnitentes
2596 2100 2612 2125 ,
2638 2067 2787 2129 patet
2821 2070 3135 2131 peccatores
3160 2062 3401 2118 occultos
3421 2063 3554 2118 allo-

303 2145 407 2200 nit.
435 2144 537 2199 Per
558 2159 616 2199 se
639 2144 803 2215 igitur
829 2145 1080 2216 cogitatio
1112 2146 1400 2216 dijudicata
1424 2159 1525 2215 est,
1546 2151 1671 2221 quia
1698 2153 1877 2222 aliquo
1981 2153 2163 2200 culum
2184 2159 2323 2212 esse.
2354 2156 2409 2203 et
2437 2164 2534 2204 eos
2584 2149 2800 2220 quidem
2834 2167 2972 2222 quos
3014 2160 3163 2208 notat
3204 2154 3397 2208 incesti
3445 2154 3552 2209 cri-

301 2236 412 2291 alio
442 2237 509 2289 ad
542 2234 975 2303 dijudicationem
1003 2254 1110 2293 non
1149 2248 1290 2310 eget,
1324 2243 1416 2297 sed
1445 2244 1535 2312 qui
1576 2252 1661 2299 est
1699 2244 1873 2314 ρωιιί-
1981 2251 2105 2290 men
2159 2235 2340 2293 forsan
2392 2247 2734 2309 perpetrasse
2758 2258 2774 2299 :
2798 2240 3029 2296 aﬂlrmat
3076 2244 3429 2299 nihilominus
3463 2243 3555 2299 illo

304 2338 448 2391 teos,
481 2329 595 2398 ipse
621 2329 705 2382 sui
731 2329 899 2397 ipsius
911 2328 1072 2397 judex
1109 2339 1165 2385 et
1192 2333 1385 2388 vindex
1415 2343 1516 2389 est.
1556 2355 1575 2388 ι
1981 2330 2088 2384 cito
2115 2344 2274 2400 posse
2296 2331 2362 2385 de
2411 2332 2551 2386 malo
2593 2332 2895 2401 iniquitatis
2922 2346 3033 2388 sua:
3074 2348 3429 2406 consurgere;
3478 2335 3552 2389 ita

377 2419 600 2490 Eligius,
628 2419 999 2476 Noviomensis
1017 2423 1319 2493 episcopus,
1345 2425 1399 2479 in
1428 2424 1647 2481 homilia
1678 2428 1740 2483 de
1766 2427 1873 2483 filio

1982 2426 2059 2484 ut,
2091 2421 2136 2474 si
2161 2421 2520 2476 conﬁteantur
2540 2424 2825 2479 adversum
2848 2440 2907 2480 se
2929 2424 3248 2493 injustitiam
3272 2439 3423 2481 suam
3448 2427 3553 2482 Do-

301 2510 529 2580 prodigo
561 2524 577 2565 :
610 2527 631 2562 ‹
668 2511 777 2566 Vos
809 2512 970 2567 etiam
993 2554 1007 2579 ,
1040 2513 1256 2579 fratres,
1288 2525 1410 2585 post
1438 2519 1870 2577 exhortationem

1982 2511 2146 2576 mino,
2178 2512 2293 2581 ipse
2320 2512 2557 2569 remittet
2582 2512 2943 2583 impietatem;
2983 2514 3224 2585 reliquize
3266 2514 3556 2586 cogitatio-

299 2615 468 2671 quam
490 2599 777 2655 habuimus
801 2601 869 2654 ad
904 2601 1247 2670 pteuitcntes,
1284 2620 1494 2661 mecum
1524 2607 1787 2663 admoneo
1817 2616 1877 2663 ut
1979 2617 2109 2657 num
2156 2603 2298 2657 diem
2344 2605 2539 2659 festum
2594 2614 2757 2676 agent
2798 2606 3024 2661 Domino
3052 2647 3066 2672 ,
3123 2607 3239 2661 haec
3286 2607 3553 2663 festivitas

301 2691 670 2761 unusquisque
709 2698 953 2745 nostrum
987 2702 1232 2749 recurrat
1277 2694 1344 2749 ad
1385 2695 1725 2751 conscientia:
1765 2713 1877 2753 suae
1979 2693 2185 2764 angelis
2223 2694 2620 2751 exsultantibus
2660 2696 2983 2751 celebranda
3011 2698 3081 2752 sit
3110 2716 3122 2752 :
3149 2706 3311 2768 atque
3327 2679 3436 2754 hoc
3460 2713 3555 2756 eo-

296 2787 531 2844 secreta,
562 2790 615 2832 et
642 2779 938 2849 interroget
959 2782 1303 2851 semetipsum
1326 2784 1558 2852 qualiter
1580 2799 1680 2855 per
1704 2795 1874 2844 totum
1979 2786 2102 2841 dem
2122 2786 2211 2842 die
2251 2801 2355 2856 per
2376 2787 2570 2842 divina
2595 2786 2786 2844 salutis
2825 2789 3278 2844 medicamentum
3322 2803 3383 2844 se
3400 2789 3559 2860 puri-

297 2885 540 2935 annum,
586 2871 821 2925 maxime
876 2870 961 2926 bis
1023 2872 1191 2928 sacris
1242 2873 1468 2942 diebus,
1528 2887 1875 2935 conversatus
1979 2877 2191 2935 iicsturi
2222 2880 2349 2935 sint.

294 2972 400 3018 est.
448 2962 515 3016 Et
553 2964 599 3018 si
629 2962 894 3019 invenerit
941 2964 1199 3020 in'corde
1247 2979 1347 3020 suo
1391 2967 1574 3037 spinas
1618 2976 1674 3024 et
1699 2969 1872 3025 tribu~
2050 2973 2176 3028 Haec
2206 2983 2341 3029 sunt
2370 2973 2681 3030 testimonia
2720 2974 2938 3030 l‘atrum
2967 2974 3122 3046 juxta
3170 2975 3363 3030 seriem
3417 2982 3557 3029 tem-

295 3053 385 3107 los
412 3052 750 3119 delictorum,
799 3054 1013 3109 studeat
1056 3054 1349 3111 auxiliante
1394 3057 1505 3113 Deo
1550 3061 1874 3130 quantocius
1903 3108 1948 3135 η
1977 3079 2173 3135 porum
2206 3079 2376 3134 usque
2410 3065 2479 3119 ad
2505 3064 2848 3120 Theodorum
2892 3066 3358 3135 archiepiscopum
3405 3064 3548 3120 Can-

296 3145 533 3201 evellere
559 3184 574 3211 ,
620 3153 677 3202 et
707 3145 984 3202 evellendo
1011 3148 1318 3213 eradicare,
1360 3108 1874 3220 hisquejeradicatis
1902 3108 1948 3171 ο
1977 3108 2306 3211 ἰιιιιὶθιιεειιῖ
2339 3155 2606 3223 deducta;
2649 3171 2769 3226 qua:
2811 3156 2993 3213 omnia
3032 3108 3400 3212 dgmous’trant
3451 3171 3552 3227 pro

297 3236 468 3292 fodiat
489 3249 704 3291 vomere
727 3237 969 3302 salutari,
996 3252 1061 3293 ac
1081 3244 1342 3305 stercora,
1366 3239 1421 3294 id
1444 3247 1546 3305 est,
1576 3240 1715 3296 bona
1744 3258 1876 3315 ope-
1976 3246 2216 3316 peccatis
2254 3245 2480 3302 occultis
2503 3245 2878 3316 paenitentiam
2914 3254 3125 3302 secreto
3156 3246 3355 3301 factam
3397 3244 3548 3301 suni-

297 3342 359 3383 ra
390 3329 679 3395 immittat,
709 3337 771 3383 ut
793 3328 963 3400 possit
988 3328 1166 3385 facere
1201 3329 1435 3385 fructum
1464 3349 1478 3385 :
1510 3339 1565 3386 et
1591 3332 1636 3387 si
1663 3332 1747 3387 vel
1770 3334 1873 3390 ho—
1976 3351 2120 3400 cere,
2167 3342 2329 3406 atque
2374 3351 2581 3391 morem
2623 3335 2877 3392 Ecclesia:
2920 3336 3088 3392 fuisse
3131 3336 3200 3392 de
3241 3336 3308 3392 iis
3342 3347 3553 3392 secreto

295 3419 387 3474 die
421 3419 629 3488 puriter
652 3418 933 3475 confessus
960 3434 1024 3474 ac
1066 3419 1258 3475 devote
1290 3435 1585 3489 conversus
1620 3421 1783 3478 fuerit
1814 3431 1875 3478 ut
1974 3427 2290 3496 paenitendi.

295 3511 476 3567 valeat
499 3513 692 3584 dignus
728 3513 989 3569 interesse
1032 3514 1358 3569 solemnitati
1406 3517 1691 3586 praesentis
1742 3518 1867 3583 diei,
1980 3495 1985 3496 γ
2119 3582 2124 3587 ,
2582 3495 2807 3554 CAPUT
2861 3496 2946 3552 m-

294 3620 423 3675 qu:e
447 3606 574 3675 quia
617 3606 670 3659 in
704 3620 765 3661 ea
790 3605 1049 3661 Dominus
1075 3622 1196 3661 cum
1229 3608 1488 3677 apostolis
1529 3609 1643 3664 suis
1687 3624 1871 3666 cmna-
1976 3604 2164 3690 Patres
2209 3610 2856 3690 testantur-“prendendum
2889 3608 3161 3690 publicant
3192 3625 3287 3690 pro
3314 3607 3548 3690 publicis

295 3696 412 3761 vit,
463 3695 630 3752 Coena
671 3706 914 3752 vocatur.
953 3697 1144 3752 Videat
1198 3711 1538 3769 summopere
1580 3708 1640 3753 ut
1677 3715 1876 3755 sacra-

296 3799 484 3845 menta
531 3790 773 3859 corporis
800 3798 855 3844 et
897 3788 1173 3860 sanguinis
1200 3788 1411 3843 Domini
1447 3788 1604 3860 digne
1632 3790 1871 3857 recipere

296 3890 501 3952 queat;
537 3888 801 3951 quatenus
824 3880 1002 3949 potius
1030 3879 1254 3934 salutem
1285 3894 1443 3949 quam
1473 3878 1872 3934 damnationem

295 3973 563 4044 acquirat,
616 3982 721 4027 etc.
772 3970 890 4025 Non
940 3986 1071 4040 ergo
1111 3972 1497 4025 abhorreamus
1547 3971 1873 4041 pmnitentes

297 4064 434 4119 istos
458 4072 680 4134 propter
708 4061 1127 4131 magnitudinem
1151 4060 1414 4115 scelerum
1441 4060 1661 4115 suorum
1689 4077 1702 4126 ;
1746 4061 1872 4130 quia

294 4165 480 4229 potest
522 4154 640 4209 ﬂeri
683 4153 825 4224 quod
874 4150 1026 4205 multi
1069 4159 1196 4205 sunt
1237 4151 1379 4205 inter
1407 4165 1507 4205 nos
1549 4151 1641 4220 qui
1688 4149 1872 4220 pejora

294 4246 690 4304 commiserint.
739 4260 759 4296 ι
791 4240 969 4310 Quare
996 4240 1161 4312 igitur
1180 4241 1273 4311 qui
1306 4239 1485 4295 forsan
1514 4241 1700 4311 pejora
1728 4256 1874 4295 com-

294 4336 450 4396 misit
489 4351 647 4407 quam
683 4333 1002 4405 pmnitcntes
1025 4331 1247 4403 publici,
1276 4340 1331 4384 et
1370 4330 1463 4400 qui
1494 4331 1547 4385 in
1581 4332 1744 4386 corde
1773 4346 1872 4387 suo

294 4429 487 4500 spinas
512 4433 566 4480 et
600 4420 828 4478 tribulos
870 4421 1190 4477 delictorum
1238 4421 1475 4480 invenit,
1528 4422 1573 4476 si
1603 4421 1687 4477 vel
1712 4421 1871 4477 hodie

292 4521 509 4592 puriter
534 4515 812 4572 confessus
839 4529 902 4569 ac
932 4513 1123 4567 devote
1151 4526 1446 4566 conversus
1470 4510 1652 4579 fixerit,
1680 4513 1871 4583 dignus

290 4611 440 4666 valet
470 4609 730 4663 interesse
756 4603 1079 4660 solemnitati
1103 4612 1157 4657 et
1180 4602 1395 4672 quidem
1425 4617 1594 4658 coena:
1621 4603 1868 4670 Domini;

292 4699 401 4755 nisi
429 4698 555 4767 quia
586 4710 703 4751 mos
739 4693 994 4749 Ecclesia:
1026 4698 1145 4747 erat
1170 4692 1236 4746 de
1266 4691 1504 4761 peccatis
1532 4692 1758 4748 occultis
1788 4707 1873 4748 se—

291 4796 450 4847 creto
475 4786 813 4857 paenitendi?

362 4884 427 4957 1n
469 4881 688 4937 bomilia
730 4880 795 4935 15
823 4881 886 4936 de
923 4880 1198 4950 utriusque
1240 4879 1363 4951 agni
1402 4878 1678 4934 Paschalis
1719 4892 1813 4933 esu
1850 4891 1865 4931 :

297 4994 319 5027 ι
368 4972 684 5041 Quicunque
726 4985 856 5042 ergo
903 4983 1141 5025 vestrum
1183 4972 1269 5025 his
1311 4969 1718 5040 quadragenum
1756 4970 1870 5023 die-

292 5082 421 5122 rum
477 5063 946 5119 observationibus
992 5062 1366 5132 poenitentiam
1415 5068 1469 5117 et
1515 5060 1870 5116 confessionis

290 5173 412 5215 suae
465 5155 707 5211 debitum
756 5169 814 5208 se
852 5153 1158 5207 exercuisse
1195 5154 1423 5217 recolit,
1470 5159 1597 5224 agat
1640 5151 1868 5207 Domino

288 5246 500 5321 gratias
530 5262 544 5299 :
574 5255 632 5300 et
668 5240 928 5314 quidquid
967 5242 1222 5312 templum
1274 5242 1368 5297 Dei
1412 5240 1658 5295 violando
1708 5240 1762 5294 in
1809 5254 1868 5295 se

288 5337 656 5401 destruxerit,
696 5349 802 5389 non
834 5334 1110 5402 desperet,
1134 5333 1230 5387 sed
1258 5334 1365 5387 cito
1392 5332 1457 5387 de
1492 5330 1633 5385 malo
1657 5329 1861 5401 iniqui-

289 5429 425 5487 tatis
447 5443 555 5483 suze
574 5430 881 5495 consurgat.
906 5423 1023 5477 Non
1043 5422 1185 5477 enim
1209 5423 1347 5491 quod
1365 5416 1574 5492 peccat,
1602 5421 1696 5477 sed
1721 5421 1864 5490 quod

289 5520 349 5577 in
380 5524 601 5589 peccato
624 5522 958 5586 perseverat,
988 5512 1096 5567 Deo
1117 5512 1330 5583 odibilis
1359 5520 1459 5567 est.
1492 5512 1564 5568 Ut
1591 5526 1720 5583 ergo
1744 5526 1865 5567 ver-

289 5610 382 5664 bis
413 5607 624 5663 Dominl
665 5603 960 5662 secundum
996 5602 1233 5658 Marcum
1277 5609 1430 5665 utar,
1460 5602 1654 5670 quibus
1682 5601 1814 5655 dicit
1846 5618 1857 5652 :

294 5697 457 5764 Quod
492 5698 631 5764 dico,
670 5695 909 5754 omnibus
942 5694 1082 5760 dico,
1119 5693 1325 5762 vigiictc
1355 5706 1371 5743 :
1404 5690 1673 5754 similiter,
1723 5690 1865 5759 quod

2045 3688 2250 3732 tantum
2279 3677 2588 3734 criminibus
2613 3679 2678 3733 ab
2702 3677 2941 3735 Ecclesia
2974 3677 3222 3734 canonice
3242 3677 3408 3747 fuisse
3432 3687 3545 3733 stu-

2043 3757 2234 3802 tutam.

2044 3860 2161 3915 Non
2185 3876 2406 3921 necesse
2452 3871 2540 3920 cst
2577 3863 2863 3919 ostendere
2897 3861 3290 3918 Tertullianum
3332 3860 3384 3915 in
3413 3859 3550 3915 libro

1975 3951 2040 4007 de
2067 3950 2391 4008 Plenitentia
2417 3994 2433 4020 ,
2477 3962 2534 4010 et
2574 3954 2903 4025 Cyprianum
2932 3955 2987 4009 in
3014 3954 3127 4010 suis
3168 3952 3438 4022 epistolis,
3479 3951 3551 4008 de

1973 4043 2288 4112 pmnitentia
2325 4045 2538 4114 publica
2567 4053 2627 4099 ut
2664 4046 2956 4114 imperata,
3001 4043 3211 4098 nonnisi
3239 4043 3309 4098 ob
3336 4039 3546 4111 publica

1974 4135 2203 4190 crimina
2231 4137 2438 4193 locutos
2463 4151 2604 4193 esse.
2633 4137 2786 4204 Quod
2808 4136 2939 4190 satis
2961 4147 3225 4204 superque
3252 4131 3546 4188 declaravit

1973 4226 2225 4285 Nicotaus
2264 4228 2555 4299 Rigaltius,
2589 4228 2675 4281 vir
2696 4226 2936 4281 omnium
2983 4222 3401 4287 eruditissimus,
3449 4222 3544 4290 qui

1975 4316 2095 4371 illos
2121 4316 2453 4375 Patressuis
2479 4317 2621 4371 notis
2646 4315 2953 4370 illustravit.

2042 4407 2302 4476 Origenes
2336 4406 2389 4461 in
2418 4404 2580 4461 Josuc
2624 4406 2811 4461 bomil.
2847 4404 2913 4461 il
2953 4423 2966 4458 :
2999 4422 3018 4455 ι
3054 4402 3171 4459 Sed
3187 4402 3327 4457 sicut
3347 4400 3545 4456 dicitur

1903 4459 1951 4516 θ
1972 4497 2038 4552 (ιε
2067 4498 2289 4553 zizaniis
2318 4539 2335 4562 ,
2365 4512 2433 4552 ne
2456 4497 2596 4553 forte
2622 4497 2960 4553 exudicautes
2984 4494 3188 4548 zizauia
3231 4490 3390 4546 simul
3418 4504 3541 4546 cum

1973 4588 2078 4643 illis
2118 4587 2406 4643 eradicetis
2441 4596 2497 4643 et
2528 4588 2766 4642 triticum
2801 4604 2815 4640 :
2844 4586 2920 4641 ita
2957 4586 3119 4640 etiam
3146 4596 3307 4651 super
3337 4580 3403 4635 iis
3432 4578 3541 4634 dici

1970 4687 2151 4748 potest
2179 4678 2234 4732 in
2260 4678 2456 4746 quibus
2483 4677 2567 4731 vel
2592 4676 2751 4731 ἀυΙιίιι
2779 4675 2861 4731 vel
2893 4674 3103 4731 occulta
3144 4678 3362 4743 peccata
3381 4677 3537 4735 sunt.

1972 4767 2156 4839 Neque
2181 4769 2327 4823 enim
2354 4768 2581 4823 dicimus
2618 4767 2684 4822 de
2710 4766 2776 4822 iis
2799 4767 2888 4835 qui
2923 4762 3205 4819 uianiieste
3228 4768 3284 4815 et
3316 4760 3541 4814 eviden-

1972 4868 2054 4913 ter
2078 4858 2354 4915 criminosi
2379 4864 2526 4921 sunt,
2554 4864 2613 4921 ut
2638 4872 2744 4912 non
2765 4855 2831 4908 de
2858 4852 3098 4908 Ecclesia
3125 4849 3478 4921 expelluntur.
3515 4864 3535 4898 ι

1974 4947 2042 5001 Ει
2084 4948 2243 5016 paulo
2284 4955 2451 5016 post:
2493 4964 2513 4997 ι
2544 4946 2683 5017 Ergo
2723 4946 2848 5016 quia
2873 4960 2978 4999 non
3020 4956 3305 5013 possumus
3344 4938 3549 5008 ejicere

1975 5039 2106 5096 istos
2142 5040 2234 5108 qui
2282 5054 2380 5096 nos
2415 5038 2753 5102 conculcant,
2805 5051 2900 5093 ws
2945 5036 3135 5092 salu-ui
3179 5048 3316 5102 quos
3353 5045 3546 5100 possu-

1973 5146 2113 5196 mus,
2138 5147 2369 5202 quorum
2391 5138 2611 5201 peccata
2640 5130 2921 5185 manifesta
2951 5137 3096 5183 sunt.
3130 5125 3230 5181 Ubi
3248 5123 3390 5177 enim
3413 5134 3545 5189 pec—

1973 5231 2154 5278 catum
2187 5238 2294 5279 non
2320 5230 2407 5279 est
2427 5222 2668 5288 evidens,
2688 5219 2886 5289 ejicere
2914 5220 2979 5274 de
3012 5212 3248 5269 Ecclesia
3268 5210 3543 5264 neminem

1973 5328 2278 5383 possumus,
2317 5329 2387 5367 ne
2418 5312 2917 5367 forte‘eradicantes
2945 5302 3174 5363 zizania,
3203 5297 3544 5353 eradicemus

1971 5404 2129 5459 simul
2157 5420 2279 5459 cum
2306 5404 2438 5475 ipsis
2479 5402 2642 5458 etiam
2671 5400 2926 5456 triticum.
2961 5413 2979 5445 ι
3012 5390 3091 5456 Si,
3129 5388 3218 5443 ubi
3254 5392 3541 5457 peccatum

1974 5519 2078 5557 non
2101 5510 2184 5558 est
2212 5502 2450 5567 evidens,
2480 5498 2735 5572 praesules
2756 5496 2819 5551 de
2847 5490 3085 5547 Ecclesia
3120 5486 3386 5543 neminem
3412 5496 3543 5553 pos-

1975 5604 2099 5649 sunt
2126 5595 2319 5661 ejicere
2343 5635 2357 5658 ,
2401 5595 2567 5665 liquet
2606 5591 2657 5644 id
2699 5587 2840 5658 quod
2890 5600 3051 5654 supra
3092 5582 3229 5636 dixit
3253 5576 3539 5649 Origenes,

1974 5704 2066 5742 eos
2105 5686 2437 5741 solummodo
2461 5686 2547 5753 qui
2575 5681 2853 5736 manifeste
2879 5687 2932 5733 et
2961 5675 3239 5731 evidenter
3256 5667 3539 5727 criminos't
