3942 6182
386 263 524 356 “83

955 290 1306 348 TIIEODORI
1343 289 1658 346 ARCHIEP.
1701 288 1957 345 CANTUA

2091 287 2434 344 DOCTRINA
2473 288 2561 342 DE
2601 286 3047 344 ΡΈΝΙἸἙΝΤΙΑ

3469 289 3621 349 1186

381 411 507 464 sunt
532 407 600 462 ab
627 405 866 462 Ecclesia
892 405 1106 475 expelli,
1129 414 1289 474 atque
1316 404 1436 458 ideo
1458 402 1826 473 pcenitentiam
1851 417 1949 471 pu-
1974 406 2020 462 A
2047 417 2202 456 suam
2229 401 2345 457 loco
2377 404 2562 456 uxoris
2593 403 2842 457 habebat.
2879 403 2935 456 In
2965 417 3070 471 qua
3101 416 3158 455 re
3188 416 3358 471 neque
3383 405 3627 460 testibus

380 498 576 552 blicam
608 511 705 566 pro
739 496 966 566 publicis
1003 505 1210 550 tantum
1255 497 1575 551 criminibus
1612 497 1680 551 ab
1709 497 1946 550 Ecclesia

382 585 546 640 fuisse
576 593 849 640 statutam.

451 675 710 746 Origenes
748 677 802 730 in
830 675 1077 732 Judicum
1116 693 1216 746 cap
1257 694 1316 741 ιι,
1357 678 1543 733 homil.
1585 678 1620 732 2
1653 696 1665 732 :
1703 695 1722 728 ι
1756 678 1844 743 Ει,
1889 687 1950 732 ιιι

382 766 514 819 mihi
545 765 784 829 videtur,
823 766 1109 835 dupliciter
1139 768 1303 820 etiam
1349 784 1490 822 nunc
1524 769 1809 822 traduntur
1853 768 1950 822 ho-

385 855 557 909 mines
583 855 649 908 de
691 855 930 910 Ecclesia
961 857 1012 909 in
1039 865 1362 926 potestatem
1390 857 1576 912 Zabuii
1611 876 1622 910 :
1654 873 1765 912 uno
1790 859 1948 912 modo

381 960 490 1012 quo
515 946 762 1014 superius
807 947 1066 1011 diximus,
1107 963 1230 1003 cum
1271 949 1524 1004 delictum
1563 948 1680 1017 ejus
1724 949 1950 1004 manife-

381 1047 523 1094 stum
552 1039 611 1092 tit
635 1040 911 1105 Eeclesiaa,
942 1050 997 1095 et
1017 1057 1111 1109 per
1139 1042 1444 1096 sacerdotes
1473 1042 1538 1094 de
1570 1042 1808 1095 Ecclesia
1836 1041 1950 1109 pel-

381 1129 540 1195 litur,
567 1140 625 1185 ut
654 1140 869 1186 notatus
897 1133 964 1186 ab
1003 1133 1251 1186 omnibus
1273 1133 1572 1196 erubescat,
1601 1141 1654 1186 et
1691 1147 1950 1186 converso

381 1221 595 1274 eveniat
639 1221 714 1275 illi
739 1222 883 1290 quod
927 1223 1192 1291 sequitur,
1221 1230 1280 1275 ιιι
1318 1221 1536 1291 spiritus
1559 1221 1738 1276 salvus
1777 1222 1870 1275 fiat
1893 1222 1947 1276 in

385 1313 471 1367 die
486 1313 699 1367 Domini
725 1315 893 1369 nostri
914 1313 1041 1368 Iesu
1063 1314 1283 1369 Christi.
1312 1314 1430 1368 Alio
1450 1324 1626 1369 autem
1651 1315 1808 1368 modo
1827 1316 1952 1384 quis

382 1404 612 1457 traditur
637 1403 858 1469 Zabulo,
886 1419 1006 1458 cum
1030 1413 1306 1473 peccatum
1332 1402 1447 1472 ejus
1471 1403 1813 1458 manifestum
1841 1420 1947 1459 non

383 1492 444 1547 fit
472 1495 798 1556 hominibus,
831 1494 971 1549 Deus
997 1503 1174 1548 autem
1202 1495 1292 1564 qui
1323 1495 1465 1548 videt
1493 1495 1545 1548 in
1568 1494 1803 1559 occulto,
1827 1509 1952 1563 per-

383 1585 618 1654 spiciens
652 1583 768 1652 ejus
794 1592 1026 1638 mentem
1045 1626 1058 1650 ,
1093 1593 1147 1639 et
1173 1586 1405 1638 animam
1435 1586 1578 1639 vitiis
1597 1601 1660 1639 ac
1689 1584 1952 1655 passioni-

383 1674 486 1730 bus
513 1676 858 1741 servientem,
887 1686 943 1731 et
963 1679 1014 1732 in
1038 1679 1200 1733 corde
1227 1677 1342 1746 ejus
1365 1694 1470 1732 non
1506 1678 1681 1732 solum
1711 1693 1948 1732 amorem

2046 506 2180 560 opus
2205 501 2352 556 erat,
2382 508 2554 561 neque
2581 493 3027 561 tergiversatione
3052 492 3232 559 aliqua
3265 500 3472 560 poterat
3500 495 3620 564 tegi

2046 583 2272 637 crimen.
2287 603 2304 635 ι

2116 673 2184 727 Et
2210 674 2263 727 in
2292 672 2683 740 Qumstionibus
2703 689 2768 728 ex
2796 675 2974 729 Veteri
2997 682 3052 729 et
3071 674 3218 728 Novo
3241 673 3622 739 Testamento,

2046 770 2274 831 utroque
2310 763 2545 826 mixtim,
2584 772 2772 832 quaest.
2810 763 2951 817 102:
2988 783 3006 814 ι
3037 763 3174 818 Hinc
3199 772 3282 817 est
3306 765 3442 818 unde
3472 764 3620 833 Apo-

2048 852 2215 908 stolus
2237 853 2445 921 plebem
2477 851 2878 906 Corinthiorum
2903 854 3110 923 arguit,
3144 862 3422 922 propterea
3469 855 3627 923 quod

2048 943 2196 997 illum
2221 944 2311 1013 qui
2341 944 2550 1012 publice
2565 959 2784 1000 uxorem
2827 945 2995 1014 patris
3026 945 3278 1010 habebat,
3306 961 3406 999 non
3437 946 3627 1000 corri-

2046 1040 2240 1101 perent
2270 1033 2666 1097 autevitarcnt,
2689 1040 2748 1085 ut
2779 1048 2836 1087 se
2876 1034 3210 1098 emendaret,
3249 1033 3431 1088 dicens
3459 1049 3475 1086 :
3509 1032 3630 1089 Νο-

2047 1125 2192 1178 scitis
2233 1125 2354 1194 quia
2395 1124 2654 1177 modicum
2698 1124 3007 1192 fermentum
3052 1134 3212 1177 totam
3247 1141 3472 1178 massam
3498 1141 3628 1179 cor-

2048 1215 2238 1284 rumpit
2264 1213 2442 1268 ?Cum
2469 1215 2613 1268 enim
2638 1230 2744 1268 non
2774 1225 2920 1268 esset
2944 1215 3052 1269 dux
3080 1215 3272 1285 aliquis
3295 1226 3384 1270 aut
3407 1231 3633 1286 prapo-

2049 1303 2184 1357 situs
2211 1303 2486 1367 Ecclesiae,
2508 1302 2679 1371 plebis
2699 1313 2820 1358 erat
2841 1305 3118 1374 corripere
3141 1319 3265 1359 eum
3290 1322 3445 1374 quem
3478 1308 3636 1362 vide-

2049 1391 2181 1446 bant
2213 1400 2322 1447 tam
2377 1393 2605 1462 turpiter
2647 1401 2703 1447 et
2737 1395 2971 1449 obscene
3000 1397 3142 1449 inter
3167 1411 3260 1451 eos
3288 1399 3629 1452 conversari.

2049 1479 2127 1536 Ac
2167 1496 2264 1550 per
2308 1481 2412 1535 hoc
2457 1482 2612 1551 quasi
2659 1483 3062 1538 consentientes
3108 1499 3203 1539 eos
3249 1486 3456 1540 crimini
3509 1486 3633 1555 ejus

2048 1570 2335 1640 Apostolus
2378 1572 2572 1642 arguit.
2638 1570 2747 1626 Nec
2792 1573 2936 1627 enim
2985 1575 3039 1627 in
3069 1575 3172 1628 hac
3214 1591 3272 1629 re
3310 1587 3637 1634 accusatore

2051 1675 2186 1730 opus
2207 1669 2346 1727 erat,
2377 1671 2470 1716 aut
2493 1663 2737 1716 testibus.
2763 1661 2977 1718 Publice
2997 1664 3137 1718 enim
3163 1680 3442 1720 novercam
3470 1683 3634 1722 suam

383 1763 588 1827 szeculi,
617 1764 708 1818 sed
742 1773 834 1818 aut
863 1766 1163 1832 avaritiam,
1187 1775 1277 1820 aut
1301 1766 1595 1830 libidinem,
1627 1774 1720 1820 aut
1741 1767 1950 1836 jactan-

2064 1751 2168 1804 loco
2199 1751 2383 1805 uxoris
2411 1750 2697 1805 habebam
2734 1752 3003 1821 Expressa
3030 1755 3252 1810 omnino
3289 1766 3370 1811 est
3394 1759 3639 1825 publica:

385 1855 536 1919 tiam,
579 1855 660 1909 vel
692 1856 793 1910 alia
824 1857 1150 1927 hujusmodi,
1185 1858 1344 1912 istum
1367 1858 1527 1912 talem
1556 1859 1670 1928 ipse
1697 1858 1956 1913 Dominus

386 1946 550 1998 tradit
567 1946 799 2001 Satanre.
815 1968 831 1999 ι
851 1947 974 2003 ll:ec
988 1949 1269 2003 manifesta
1284 1949 1508 2018 duplicis
1524 1951 1954 2004 excommunica-

387 2035 550 2087 tionis
579 2036 800 2104 publica:
824 2044 878 2089 et
900 2037 1124 2092 occultas
1140 2037 1432 2100 distinctio,
1462 2036 1742 2091 manifeste
1767 2045 1952 2091 osten-

389 2123 467 2177 dit
508 2125 775 2192 publicam
820 2126 1189 2196 ptenitentiam
1235 2141 1333 2196 pro
1355 2126 1584 2196 publicis
1614 2133 1822 2181 tantum
1847 2126 1954 2181 cri-

386 2213 620 2269 minibus
650 2215 812 2271 fuisse
836 2225 1110 2271 statutam.

455 2301 716 2375 Origenes
741 2305 792 2358 in
835 2305 1142 2361 Matthrcum
1189 2314 1404 2361 tractat.
1449 2323 1634 2361 xxxv:
1677 2325 1694 2358 ι
1729 2306 1956 2377 Propter

387 2400 489 2455 hoc
535 2400 678 2454 enim
725 2409 778 2456 ct
821 2401 874 2455 in
915 2401 1155 2457 Ecclesia
1196 2402 1395 2457 Christi
1425 2402 1755 2457 consuetudo
1786 2401 1958 2457 tenuit

391 2491 530 2553 talis,
559 2499 617 2544 ut
657 2492 748 2562 qui
777 2492 1045 2548 manifesti
1077 2502 1202 2550 sunt
1231 2494 1284 2548 in
1329 2495 1540 2559 magnis
1580 2493 1814 2557 delictis,
1860 2491 1959 2560 eji-

385 2581 599 2635 ciantar
628 2584 696 2636 ab
735 2583 978 2638 oratione
1011 2585 1303 2649 communi,
1349 2592 1404 2638 et
1445 2599 1512 2638 ne
1546 2583 1813 2640 modicum
1853 2587 1960 2640 fer-

383 2682 628 2729 mentum
665 2691 768 2728 non
797 2691 862 2729 ex
909 2677 1070 2731 corde
1099 2677 1296 2732 mundo
1337 2678 1605 2732 orantium
1637 2685 1805 2734 totam
1833 2679 1956 2732 uni-

387 2767 517 2819 tatis
567 2765 1002 2836 conspersionem
1029 2777 1085 2823 et
1111 2783 1407 2823 consensus
1433 2777 1763 2838 corrumpat.
1811 2769 1960 2825 Talis

385 2863 472 2909 est
499 2856 660 2924 igitur
693 2857 1022 2911 consuetudo
1051 2858 1104 2911 in
1141 2858 1397 2914 Ecclesiis
1421 2858 1642 2924 Christi,
1677 2868 1738 2914 ut
1766 2874 1960 2930 pecca-

386 2950 536 2999 tores
565 2944 848 3012 ejiciantur
878 2947 949 3001 ab
983 2945 1222 3004 Ecclesia
1244 2990 1258 3015 ,
1305 2957 1360 3002 et
1393 2958 1556 3019 agant
1585 2949 1956 3020 pmnitentiam

389 3034 686 3104 publicam;
713 3053 819 3094 non
849 3040 971 3108 quia
1000 3057 1189 3111 magna
1219 3041 1412 3096 delicta
1436 3043 1844 3106 commiserunt,
1863 3044 1958 3098 sed

387 3127 514 3196 quia
541 3128 809 3184 manifesti
838 3139 964 3185 sunt
988 3132 1039 3185 in
1067 3132 1275 3200 magnis
1295 3133 1556 3188 delictis.»
1579 3132 1671 3189 Sic
1697 3133 1960 3202 Origenes

387 3219 586 3287 smpius
609 3220 846 3274 declarat
885 3222 1158 3291 publicam
1187 3224 1562 3293 pmnitentiam
1597 3241 1695 3296 pro
1734 3227 1964 3296 publicis

389 3315 598 3362 tantum
627 3310 940 3365 criminibus
967 3312 1035 3365 ab
1065 3312 1301 3368 Ecclesia
1338 3313 1503 3369 fuisse
1529 3324 1811 3370 statutam.

459 3397 646 3455 Patres
668 3402 878 3456 concilii
915 3401 1384 3473 Neoctesariensis,
1412 3423 1533 3462 can.
1567 3408 1599 3462 9
1631 3427 1642 3462 :
1686 3427 1705 3460 ι
1736 3409 1888 3476 Quod
1916 3409 1962 3464 si

392 3488 458 3542 de
482 3503 537 3542 se
578 3504 683 3544 non
726 3491 885 3546 fuerit
911 3493 1022 3563 ipse
1050 3495 1347 3564 confessus,
1377 3505 1431 3552 et
1475 3501 1626 3571 argui
1679 3501 1962 3557 manifeste

392 3579 715 3647 nequiverit,
747 3585 1031 3650 potestatis
1058 3601 1169 3640 sua:
1197 3587 1399 3657 judicio
1436 3590 1788 3658 relinquatur.
1833 3612 1853 3645 ι

461 3670 716 3733 Basilius,
750 3674 804 3727 in
830 3676 985 3742 epist.
1017 3677 1122 3731 246
1156 3696 1168 3732 :
1207 3696 1228 3728 ι
1272 3679 1505 3735 Necesse
1543 3689 1627 3736 est
1669 3684 1965 3739 canonibus

391 3775 420 3812 a
453 3759 680 3815 Domino
700 3765 924 3819 sancitis
947 3767 1105 3820 tradi.
1134 3765 1406 3838 Scriptum
1435 3779 1521 3825 est
1541 3772 1684 3826 enim
1711 3791 1722 3826 :
1751 3771 1808 3827 Si
1833 3773 1964 3828 deli-

392 3849 570 3918 querit
588 3850 756 3906 frater
797 3861 936 3918 tuus,
972 3855 1115 3910 inter
1151 3865 1203 3911 te
1229 3865 1283 3912 et
1320 3859 1492 3926 illum,
1540 3860 1688 3916 illum
1714 3863 1959 3932 corripe;

391 3941 534 4010 quod
561 3942 605 3996 si
635 3950 687 3998 te
726 3959 832 3999 non
870 3947 1081 4013 audiet,
1113 3964 1329 4004 assume
1364 3951 1461 4008 tibi
1492 3953 1660 4008 alium
1701 3973 1712 4008 :
1747 3957 1888 4024 quod
1916 3954 1961 4011 si

392 4047 460 4086 ne
485 4033 562 4087 sic
584 4033 784 4099 audiet,
815 4035 900 4091 dic
921 4035 1175 4094 Ecclesia:
1196 4053 1211 4092 :
1234 4041 1377 4109 quod
1399 4042 1444 4096 si
1471 4057 1646 4113 neque
1665 4043 1962 4100 Ecclesium

393 4123 590 4189 audiet,
620 4124 690 4178 sit
725 4125 821 4180 tibi
849 4127 915 4182 de
935 4136 1132 4184 cmtero
1161 4137 1417 4200 tanquam
1441 4134 1690 4189 ethnicus
1710 4142 1765 4189 et
1785 4135 1962 4204 publi-

395 4229 581 4270 canus.
624 4214 736 4271 Hoc
764 4217 938 4288 ipsum
963 4219 1016 4274 in
1043 4220 1158 4290 ipso
1183 4220 1489 4285 factitatum
1514 4223 1635 4280 fuit.
1667 4224 1838 4280 Simul
1866 4241 1962 4281 ac-

393 4313 611 4360 cusatus
665 4313 720 4360 et
765 4305 974 4364 delatus
1018 4319 1101 4364 est
1150 4328 1164 4364 :
1201 4325 1384 4366 coram
1429 4328 1538 4369 uno
1583 4323 1746 4385 atque
1794 4315 1965 4371 altero

395 4397 754 4464 reprehensus
776 4405 859 4453 est
891 4417 904 4453 :
940 4401 1101 4455 tertio
1139 4401 1193 4456 in
1229 4401 1366 4459 facie
1395 4403 1666 4460 Ecclesiae.
1699 4406 1961 4473 Quocirca
1993 4431 2041 4491 ο

394 4500 518 4539 cum
549 4485 718 4542 simus
765 4486 866 4557 ipsi
896 4490 1214 4553 contestati,
1255 4505 1430 4562 neque
1469 4493 1625 4548 nobis
1660 4495 1957 4563 acquievit;

399 4574 654 4642 deinceps
680 4585 796 4632 esto
824 4581 1338 4644 excommunicatus,
1377 4589 1434 4636 ct
1459 4582 1555 4636 toti
1585 4582 1839 4639 Ecclesiae
1865 4585 1960 4639 de-

393 4665 708 4731 nuntiatur,
731 4681 799 4722 ne
844 4668 1017 4736 ipsum
1052 4671 1356 4725 admittant.
1406 4690 1426 4723 ι
1459 4671 1765 4728 Canonibus
1798 4689 1827 4727 a
1857 4674 1964 4729 Do-

394 4755 541 4808 mino
563 4757 784 4813 sancitis
805 4758 894 4813 ille
915 4775 1020 4814 non
1047 4761 1277 4816 traditus
1295 4761 1416 4826 fuit,
1442 4761 1544 4815 nisi
1574 4777 1696 4816 cum
1724 4765 1962 4832 pertina—

395 4845 477 4897 cia
527 4845 694 4914 ipsius
741 4849 945 4903 crimen
993 4850 1045 4904 in
1087 4852 1359 4920 publicum
1403 4852 1721 4922 protulerit;
1779 4861 1834 4907 et
1861 4853 1961 4907 hoc

395 4949 500 4988 non
544 4936 699 4990 aliter
745 4937 859 4992 fieri
895 4941 1142 4997 debuisse
1183 4941 1410 4997 aflirmat
1456 4952 1673 4999 sanctus
1710 4945 1960 4999 Basilius.

395 5025 528 5080 Cum
567 5041 697 5099 ergo
721 5043 953 5084 canones
976 5031 1229 5088 Ecclesia:
1249 5049 1280 5087 a
1299 5035 1594 5091 canonibus
1617 5034 1826 5090 Domini
1857 5050 1961 5089 non

394 5121 503 5176 sint
533 5122 752 5188 diversi,
795 5121 1028 5179 fateatur
1066 5127 1290 5198 quisque
1325 5145 1548 5186 necesse
1574 5137 1658 5184 est
1693 5131 1964 5200 publicam

393 5215 763 5283 ptenitentiam
789 5215 858 5271 ob
880 5216 1102 5271 crimina
1144 5225 1348 5274 tantum
1379 5220 1592 5291 publica
1621 5222 1688 5276 ab
1723 5221 1962 5276 Ecclesia

395 5303 560 5360 fuisse
586 5315 860 5363 statutam.

466 5399 700 5455 Hilarius
726 5403 979 5459 diaconus
1008 5405 1060 5459 in
1088 5405 1324 5476 Epistola
1364 5405 1514 5462 Pauli
1557 5407 1625 5462 ad
1652 5407 1961 5464 Corinthios

395 5487 415 5540 l
446 5504 564 5557 cap.
586 5506 618 5542 γ
642 5509 655 5543 :
686 5510 703 5542 ι
741 5493 967 5563 Cognito
986 5511 1148 5566 opere
1175 5497 1276 5552 isto
1294 5497 1594 5568 pellendum
1619 5499 1765 5554 illum
1794 5500 1959 5555 fuisse

397 5576 465 5628 de
515 5587 658 5632 cmtu
716 5580 1083 5640 fraternitatis.
1134 5587 1331 5642 Omnes
1383 5587 1524 5641 enim
1579 5588 1781 5642 crimen
1844 5587 1959 5655 (‘jus

400 5663 676 5729 sciebant,
707 5678 756 5720 ct
785 5686 886 5725 non
917 5677 1239 5744 arguebant,
1265 5679 1475 5747 publice
1505 5678 1645 5732 enim
1674 5693 1956 5731 novercam

2058 1839 2390 1908 pmnitentite
2411 1841 2568 1907 ratio,
2583 1857 2743 1912 quam
2760 1843 2993 1898 Hilarius
3008 1844 3193 1899 refert.
3209 1865 3224 1896 ι
3237 1846 3428 1903 Omnes
3452 1852 3636 1917 enim,

2056 1927 2253 1997 inquit,
2275 1930 2480 1985 crimen
2505 1931 2618 2000 ejus
2641 1933 2903 1988 sciebant.
2928 1933 3144 1990 Publice
3168 1952 3449 1993 novercam
3473 1957 3642 1996 suam

2055 2019 2172 2075 loco
2197 2023 2381 2077 uxoris
2429 2023 2680 2079 habebat.
2719 2024 2775 2079 In
2803 2041 2910 2096 qua
2941 2040 3000 2079 re
3032 2041 3204 2096 neque
3232 2030 3457 2083 testibus
3495 2047 3642 2100 Opus

2055 2121 2174 2166 erat
2198 2153 2214 2179 ,
2270 2129 2446 2184 neque
2510 2117 2953 2187 tergiversatione
3007 2119 3188 2189 aliqua
3252 2131 3466 2191 poterat
3529 2128 3643 2195 tegi

2056 2217 2132 2256 Cl‘l
2141 2218 2258 2257 men
2267 2243 2280 2256 .
2309 2224 2328 2256 ι

2126 2291 2362 2349 Joannes
2405 2294 2821 2366 Chrysostomus
2869 2299 2922 2353 in
2965 2311 3125 2370 caput
3169 2301 3357 2356 Matth.
3409 2320 3516 2367 xu,
3546 2306 3646 2360 bo—

2056 2383 2170 2440 mil.
2194 2385 2264 2438 82
2288 2404 2300 2438 :
2340 2403 2358 2436 ι
2389 2384 2496 2441 Sed
2524 2385 2835 2442 facillimum
2864 2399 2968 2454 est,
2997 2390 3139 2446 dicet
3176 2390 3388 2461 aliquis,
3419 2393 3647 2448 invidos

2058 2491 2315 2530 accusare
2340 2494 2352 2528 :
2385 2476 2669 2530 dicendum
2699 2486 2878 2532 autem
2915 2488 2999 2533 est
3025 2481 3292 2550 quomodo
3313 2482 3412 2536 hoc
3439 2485 3647 2538 morbo

2056 2566 2425 2622 liberabimur.
2469 2566 2747 2634 Quomodo
2791 2569 2955 2639 igitur
2999 2587 3069 2625 ne
3127 2587 3330 2626 veneno
3373 2588 3473 2628 suo
3541 2590 3646 2630 nos

2060 2656 2287 2722 inliciat,
2333 2656 2628 2712 faciemus?
2676 2657 2733 2712 Si
2762 2659 3007 2716 dabimus
3035 2677 3250 2732 operam
3292 2672 3348 2717 ιιι
3373 2667 3648 2733 quemad-

2059 2748 2273 2801 modum
2321 2745 2634 2804 fornieatori
2689 2747 2841 2804 nefas
2888 2750 2957 2804 ad
2989 2752 3270 2806 ecclesiam
3298 2754 3529 2825 ingredi,
3563 2760 3650 2811 sic

2058 2837 2238 2892 invido
2263 2852 2494 2908 quoque.
2528 2859 2546 2891 ι
2597 2837 2648 2892 J.
2683 2839 3097 2910 Chrysostomus
3127 2843 3372 2898 invidiam
3400 2861 3528 2914 quas
3558 2862 3651 2899 ve~

2059 2943 2199 2982 neno
2229 2944 2326 2983 suo
2356 2928 2489 2983 alios
2520 2929 2689 2983 inlicit
2711 2970 2724 2994 ,
2766 2931 2819 2984 id
2858 2939 2943 2985 est
2969 2971 2983 2996 ,
3028 2948 3147 3001 quzc
3191 2933 3400 3003 publica
3440 2945 3558 3001 est,
3589 2949 3651 2992 et

2069 3015 2189 3070 aliis
2227 3016 2480 3071 seandalo
2503 3058 2517 3082 ,
2562 3018 2878 3086 pmnitentia
2913 3020 3124 3088 publica
3165 3023 3488 3091 puniendam
3517 3041 3654 3082 esse

2064 3107 2373 3172 contendit,
2421 3123 2583 3177 quam
2628 3116 2808 3163 tamen
2849 3124 2954 3164 non
2979 3108 3187 3178 judicat
3231 3128 3351 3168 esse
3382 3130 3654 3171 necessa-

2065 3197 2200 3252 riam
2229 3214 2326 3268 pro
2367 3199 2562 3254 scortis
2595 3207 2651 3252 et
2694 3198 2970 3254 adulteriis
3014 3202 3263 3268 occultis,
3300 3204 3436 3258 sicut
3474 3222 3652 3275 supra

2064 3289 2414 3344 ostendimus.
2456 3289 2634 3357 Quare
2664 3300 2850 3360 aperte
2879 3299 3107 3346 testatur
3141 3295 3514 3364 pmnitentiam
3545 3314 3654 3366 pu~

2063 3378 2254 3433 blicam
2285 3395 2382 3450 pro
2403 3380 2634 3451 publicis
2675 3389 2884 3436 tantum
2929 3382 3246 3440 criminibus
3291 3387 3358 3441 ab
3393 3387 3652 3444 Ecclesia

2064 3466 2229 3524 fuisse
2256 3479 2532 3526 statutam.

2134 3559 2466 3628 Augustinus
2493 3561 2544 3614 in
2576 3561 2793 3616 homilia
2822 3562 3040 3617 ultima:
3091 3583 3108 3614 ι
3138 3562 3347 3620 Judicet
3386 3582 3522 3637 ergo
3559 3585 3651 3626 se-

2065 3649 2239 3722 ipsum
2270 3651 2430 3705 homo
2454 3652 2506 3705 in
2539 3652 2657 3706 istis
2683 3653 2959 3708 voluntate
2989 3655 3115 3708 dum
3144 3665 3354 3725 potest,
3383 3667 3439 3712 et
3460 3676 3650 3717 mores

2065 3749 2348 3797 convcrlat
2377 3743 2427 3796 in
2459 3743 2673 3811 melius,
2693 3759 2760 3799 ne
2787 3761 2906 3800 cum
2936 3761 3039 3800 non
3061 3749 3286 3816 poterit,
3318 3750 3489 3804 etiam
3515 3769 3650 3822 pnn-

2065 3841 2149 3888 ter
2191 3833 2523 3888 voluntatem
2568 3849 2598 3886 a
2625 3833 2850 3890 Domino
2887 3835 3179 3906 judicetur.
3240 3839 3305 3893 Et
3337 3855 3462 3894 cum
3501 3844 3558 3897 in
3587 3860 3648 3900 se

2063 3925 2351 3995 protulerit
2379 3927 2733 3982 severissima:
2763 3928 3041 3982 medicina:
3066 3931 3414 3996 sententiam,
3458 3936 3652 3990 veniat

2065 4013 2132 4068 ad
2163 4015 2431 4071 antistites
2455 4057 2469 4082 ,
2510 4031 2608 4086 per
2635 4031 2768 4087 quos
2796 4016 2870 4071 illi
2901 4017 2954 4072 in
2996 4017 3234 4074 Ecclesia
3263 4021 3446 4078 claves
3481 4025 3648 4081 mini-

2066 4115 2327 4171 strautur,
2359 4115 2411 4161 et
2435 4115 2688 4176 tanquam
2710 4107 2882 4163 bonus
2909 4107 3168 4179 incipiens
3187 4107 3300 4177 jam
3331 4127 3452 4168 esse
3473 4113 3643 4181 filius,

2066 4207 2432 4255 maternorum
2462 4203 2827 4257 membrorum
2853 4201 3042 4257 ordine
3069 4205 3335 4259 custodito
3370 4220 3400 4260 a
3433 4223 3648 4280 pnepo-

2067 4290 2186 4346 sitis
2226 4306 2506 4348 sacrorum
2547 4293 2780 4363 accipiat
2819 4293 3204 4351 satisfactionis
3245 4311 3356 4352 suae
3398 4299 3640 4366 modum,

2069 4390 2130 4437 ut
2159 4382 2210 4436 in
2249 4381 2520 4439 offerendo
2549 4383 2814 4440 sacrificio
2841 4386 3020 4441 cordis
3063 4388 3443 4454 contribulati,
3485 4393 3643 4447 devo-

2068 4475 2157 4522 tus
2183 4478 2238 4523 et
2278 4469 2499 4540 supplex
2527 4512 2542 4536 ,
2590 4473 2641 4526 id
2673 4483 2851 4527 tamen
2881 4483 3005 4545 agat
3047 4477 3189 4544 quod
3217 4493 3321 4531 non
3352 4479 3528 4534 solum
3563 4483 3641 4537 iiii

2067 4559 2240 4628 prosit
2260 4559 2325 4614 ad
2353 4561 2714 4631 recipiendam
2741 4563 2991 4630 salutem,
3022 4568 3115 4621 sed
3140 4568 3302 4622 etiam
3331 4573 3547 4626 caeteris
3572 4575 3641 4626 ad

2067 4648 2371 4719 exemplum
2399 4668 2413 4704 :
2445 4661 2503 4705 ut
2532 4653 2577 4707 si
2607 4662 2886 4722 peccatum
2907 4654 3024 4722 ejus
3058 4672 3162 4710 non
3194 4658 3364 4712 solum
3405 4659 3456 4713 in
3489 4664 3642 4731 gravi

2066 4739 2184 4808 ejus
2210 4740 2370 4804 malo,
2395 4743 2488 4796 sed
2518 4744 2679 4797 etiam
2708 4743 2760 4797 in
2789 4745 3045 4799 seandalo
3068 4755 3152 4800 est
3183 4746 3410 4802 aliorum
3430 4790 3445 4812 ,
3477 4757 3642 4820 atque

2067 4827 2168 4882 hoc
2211 4830 2462 4900 expedire
2503 4831 2723 4886 utilitati
2766 4831 3019 4888 Ecclesiae
3045 4835 3259 4890 videtur
3283 4838 3516 4892 antistiti
3537 4879 3554 4902 ,
3587 4841 3641 4893 in

2067 4918 2255 4973 notitia
2278 4917 2568 4975 multorum
2587 4962 2600 4986 ,
2650 4921 2736 4976 vel
2760 4922 2924 4976 etiam
2949 4923 3111 4977 totius
3136 4924 3308 4993 plebis
3335 4941 3497 4996 agerc
3523 4941 3642 4997 pte-

2064 5010 2346 5066 nitentiam
2394 5027 2499 5066 non
2548 5020 2759 5066 recuset
2802 5027 2816 5064 :
2854 5028 2961 5066 non
3011 5013 3248 5079 resistat,
3296 5029 3403 5069 non
3451 5016 3638 5070 lethali

2063 5113 2118 5160 et
2143 5105 2433 5160 mortiferae
2473 5106 2642 5178 plagre
2669 5121 2765 5176 per
2805 5105 3066 5176 pudorem
3093 5105 3254 5160 addat
3290 5115 3581 5164 tumorem.
3611 5128 3632 5162 ι

2069 5197 2139 5255 Ut
2163 5198 2326 5269 igitur
2355 5198 2582 5252 antistes
2621 5197 2996 5266 penitentiam
3039 5196 3312 5267 publicam
3362 5201 3636 5268 peccatori

2062 5287 2302 5354 indicat,
2343 5303 2449 5342 non
2479 5285 2672 5342 sufﬁcit
2710 5295 2771 5341 ut
2807 5295 3088 5357 peccatum
3129 5288 3247 5358 ejus
3285 5288 3357 5344 sit
3397 5289 3452 5344 in
3483 5291 3638 5360 gravi

2062 5377 2205 5431 malo
2230 5417 2245 5443 ,
2299 5376 2392 5431 sed
2431 5377 2592 5432 etiam
2636 5377 2690 5432 in
2739 5378 2992 5433 seandalo
3021 5378 3248 5433 aliorum
3270 5419 3286 5444 ,
3335 5379 3391 5434 id
3428 5391 3514 5436 est
3538 5396 3637 5452 pu-

2061 5466 2278 5522 blicum.

2133 5581 2462 5650 Augustinus
2494 5583 2544 5636 in
2577 5584 2668 5639 lib.
2699 5601 2758 5640 ιιι
2787 5591 2972 5640 contra
3004 5583 3288 5655 epistolam
3321 5583 3630 5639 Parmenia-

2064 5676 2137 5738 ni,
2171 5689 2289 5743 cap.
2321 5674 2355 5728 2
2381 5694 2391 5727 :
2429 5695 2446 5725 ι
2470 5676 2548 5729 Ad
2579 5678 2678 5733 hoc
2704 5679 2847 5732 enim
2880 5687 2934 5734 et
2975 5677 3088 5747 ipse
3112 5676 3404 5747 Apostolus
3429 5679 3498 5732 ait
3527 5719 3542 5743 ,
3573 5677 3628 5752 Si
