3968 6180
315 345 458 400 “85

1167 341 1254 395 AB
1290 339 1458 397 OMNl
1499 338 1863 395 NOVITATIS
1899 337 2298 394 SUSPlClONE
2338 337 2719 395 V'INDICATA.

3427 345 3564 401 H86

313 471 439 540 quis
488 465 658 521 frater
703 464 1032 521 nominatur.
1083 461 1141 517 in
1187 477 1252 517 eo
1280 463 1477 531 quippe
1511 460 1654 532 quod
1691 460 1800 525 ait,
1833 458 1893 513 Si
1925 467 1969 520 Α
1997 457 2236 512 declarat
2271 456 2387 511 illos
2415 473 2518 510 non
2547 457 2738 512 debere
2767 458 3220 513 cxcommunicari
3240 500 3253 523 ,
3285 457 3389 514 nisi
3415 469 3565 528 post-

310 559 455 628 quis,
505 554 640 611 nihil
689 554 834 610 aliud
869 554 1081 608 videtur
1124 551 1430 623 significare
1477 549 1740 612 voluisse,
1786 548 1889 601 nisi

311 663 442 703 eum
489 661 652 718 posse
701 645 794 698 tali
838 643 1000 698 modo
1048 641 1335 697 salubriter
1359 639 1593 709 corrigi,
1637 638 1726 707 qui
1756 639 1893 691 inter

312 736 611 792 dissimiles
637 741 846 805 peccat,
880 733 931 787 id
967 740 1050 787 est
1103 732 1244 785 inter
1268 745 1362 785 eos
1385 745 1520 798 quos
1547 737 1892 799 peccatorum

314 827 579 882 similium
602 825 909 896 pestilentia
944 839 1051 878 non
1083 822 1400 892 corrumpit.
1435 821 1496 876 ln
1523 835 1588 874 eo
1606 833 1734 874 vero
1750 819 1892 889 quod

313 920 419 983 ait,
453 919 776 982 nominatur,
816 917 920 970 hoc
951 915 1208 969 nimirum
1236 913 1460 984 intelligi
1485 911 1675 975 voluit,
1704 925 1892 980 parum

313 1025 440 1065 esse
464 1019 522 1064 ut
564 1009 632 1064 sit
661 1008 888 1078 quisque
931 1006 1086 1068 talis,
1141 1005 1247 1059 nisi
1281 1003 1446 1058 etiam
1481 1003 1808 1065 nominetur,
1841 1000 1895 1056 id

311 1110 424 1164 est,
454 1099 694 1156 famosus
718 1108 996 1170 appareat;
1028 1107 1087 1152 ut
1117 1096 1288 1167 possit
1307 1094 1556 1150 omnibus
1579 1093 1892 1164 dignissima

314 1191 514 1254 videri,
540 1205 659 1260 quae
687 1189 740 1243 in
769 1205 892 1243 eum
932 1187 1095 1242 fuerit
1135 1185 1498 1240 anathematis
1526 1184 1733 1254 prolata
1772 1198 1896 1237 sen-

319 1284 510 1339 tentia.
577 1281 653 1336 lta
714 1282 857 1337 enim
903 1289 958 1334 et
1009 1279 1154 1334 salva
1184 1293 1316 1348 pace
1357 1279 1665 1348 corrigitur,
1699 1285 1755 1332 et
1788 1292 1896 1330 non

316 1371 692 1428 interfectorie
715 1372 1017 1442 percutitur
1041 1379 1096 1426 et
1115 1371 1506 1426 medicinaliter
1530 1370 1723 1423 uritur.
1755 1388 1774 1420 ι

394 1464 726 1532 Augustinus
750 1462 804 1516 in
836 1477 1090 1516 sermone
1113 1461 1204 1525 41,
1236 1461 1302 1516 de
1339 1459 1588 1514 Sanctis:
1626 1479 1644 1510 ‹
1672 1457 1776 1512 Pro
1807 1473 1896 1513 ca-

317 1554 580 1626 pitalibus
604 1567 735 1607 vero
760 1552 1076 1606 criminibus
1097 1565 1204 1605 non
1226 1551 1329 1605 hoc
1355 1550 1525 1605 solum
1563 1548 1779 1613 sutiicit,
1802 1547 1896 1602 sed

318 1642 582 1698 addendze
622 1650 750 1696 sunt
792 1641 1044 1712 lacrymae
1066 1681 1082 1706 ,
1110 1641 1321 1712 rugitus
1363 1648 1417 1694 et
1445 1639 1694 1709 gemitus,
1722 1638 1897 1691 conti-

318 1743 488 1790 nuata
518 1739 677 1802 longo
712 1741 952 1803 tempore
975 1747 1036 1786 ac
1066 1739 1339 1800 protracta
1362 1727 1590 1798 jejunia,
1621 1737 1676 1784 et
1701 1727 1897 1798 largio—

1993 563 2153 616 quam
2199 547 2289 602 diu
2338 547 2537 616 portati
2583 557 2638 602 et
2681 547 2972 603 salubriter
3005 549 3271 619 objurgati
3299 549 3571 607 noluerint

1993 640 2208 710 corrigi,
2251 649 2308 694 et
2340 640 2586 711 exemplo
2615 656 2725 694 sua:
2758 641 3074 711 perditionis
3098 641 3232 697 alios
3263 641 3564 709 infecerint,

1993 730 2136 784 clare
2179 731 2415 784 ostendit
2459 729 2830 800 ptenitentiam
2890 730 3159 800 publicam
3199 746 3298 800 pro
3338 732 3570 800 publicis

1993 828 2200 874 tantum
2230 821 2546 875 criminibus
2572 822 2641 876 ab
2667 822 2910 876 Ecclesia
2932 821 3098 877 fuisse
3119 832 3396 878 statutam.

2062 931 2334 986 Caesarius
2356 931 2688 987 Arelatensis
2706 933 2760 986 in
2787 933 3011 988 homilia
3037 935 3061 988 1
3095 953 3107 988 :
3142 955 3159 986 ι
3191 934 3248 991 Si
3279 951 3406 990 vero
3425 936 3570 1004 quis-

1994 1036 2098 1091 que
2126 1021 2509 1076 conscientiam
2537 1038 2690 1076 suam
2732 1023 3092 1094 interrogans,
3122 1024 3330 1080 facinus
3354 1025 3568 1096 aliquod

1995 1114 2222 1184 capitale
2249 1113 2538 1177 commisit,
2563 1121 2656 1166 aut
2676 1114 2721 1167 si
2742 1113 2901 1168 ﬁdem
2921 1131 3071 1168 suam
3099 1115 3234 1170 falso
3264 1118 3570 1172 testimonio

1995 1203 2322 1272 expugnavit
2346 1217 2410 1256 ac
2432 1201 2697 1271 prodidit,
2731 1211 2822 1257 aut
2846 1219 3060 1258 sacrum
3090 1204 3344 1258 Veritatis
3373 1221 3566 1260 nomen

1995 1291 2248 1355 violavit,
2301 1292 2346 1346 si
2377 1307 2560 1346 veram
2590 1291 2841 1360 baptism
2870 1293 3137 1360 tunicam,
3181 1303 3235 1349 et
3270 1296 3568 1363 speciosam

1993 1381 2320 1450 virginitatis
2355 1382 2710 1437 holosericam
2758 1397 2914 1439 caeno
2952 1385 3325 1440 commaculati
3349 1387 3571 1454 pudoris

1995 1470 2202 1536 infecit,
2232 1471 2276 1526 si
2304 1471 2359 1525 in
2386 1473 2674 1542 semetipso
2700 1489 2897 1528 novum
2925 1475 3198 1529 hominem
3229 1489 3359 1530 nece
3399 1477 3572 1530 homi-

1996 1561 2081 1616 nis
2105 1561 2332 1628 occidit,
2361 1563 2404 1617 si
2443 1579 2539 1633 per
2562 1580 2812 1635 augures,
2855 1574 2910 1620 et
2938 1567 3178 1632 divinos,
3204 1578 3364 1638 atque
3390 1570 3574 1624 incan-

1997 1660 2198 1708 tatores
2227 1654 2496 1723 captivum
2542 1671 2601 1711 se
2643 1657 2855 1712 diabolo
2892 1660 3114 1714 tradidit
3149 1679 3162 1714 :
3206 1662 3322 1716 haec
3349 1671 3402 1716 et
3433 1663 3575 1732 ejus-

2001 1742 2147 1797 modi
2187 1743 2476 1800 commissa
2513 1746 2716 1815 expiari
2746 1747 2961 1816 penitus
2990 1751 3258 1804 communi
3289 1760 3346 1806 et
3374 1753 3575 1808 medio-

316 1841 409 1880 res
433 1824 788 1894 eleemosynaz
817 1822 1121 1894 erOgandaa,
1144 1821 1288 1875 ultro
1314 1836 1410 1875 nos
1432 1821 1575 1890 ipsos
1601 1834 1629 1871 a
1659 1832 1900 1872 commu-

2005 1833 2082 1887 cri
2106 1872 2121 1896 ,
2153 1833 2280 1887 licet
2329 1842 2574 1900 secreta,
2629 1836 2998 1894 satisfactione
3043 1855 3150 1894 non
3193 1851 3445 1908 possunt;
3479 1843 3573 1896 sed

317 1915 481 1969 nione
528 1914 784 1968 Ecclesiae
826 1920 1166 1967 removentes
1188 1952 1203 1976 ,
1255 1911 1310 1965 in
1340 1909 1486 1963 luctu
1515 1916 1568 1962 et
1592 1907 1643 1962 in
1676 1907 1897 1961 tristitia

320 2004 496 2058 multo
546 2012 788 2073 tempore
808 2008 1215 2072 permanentes,
1246 2008 1302 2054 et
1326 1998 1697 2067 paenitentiam
1733 1996 1899 2051 etiam

317 2092 535 2165 publice
563 2099 802 2162 agentes.
845 2089 980 2157 Quia
1009 2090 1216 2161 justum
1254 2096 1338 2143 est
1375 2094 1434 2141 ut
1471 2087 1564 2157 qui
1605 2101 1725 2141 cum
1761 2085 1900 2138 mul-

319 2188 513 2238 torum
553 2181 916 2236 destructione
963 2194 1021 2234 se
1065 2180 1398 2250 perdiderit,
1439 2195 1559 2234 cum
1603 2177 1898 2233 multorum

317 2271 678 2328 mdiﬁeatione
707 2286 765 2325 se
793 2270 1044 2325 redimat.

391 2361 723 2434 Augustinus
744 2362 796 2416 in
817 2361 1128 2416 Enchiridio
1153 2359 1219 2415 ad
1247 2359 1618 2423 Laurentium,
1647 2373 1769 2428 cap.
1806 2356 1892 2412 65.

327 2475 346 2506 ε
376 2454 579 2508 Verum
609 2452 734 2522 quia
774 2453 1092 2522 plerumque
1152 2450 1304 2505 dolor
1341 2450 1563 2504 alterius
1602 2449 1781 2504 cordis
1808 2464 1900 2504 oc-

319 2547 499 2602 cultus
519 2554 603 2600 est
623 2545 798 2609 alteri,
823 2559 996 2613 neque
1017 2544 1073 2597 in
1101 2542 1334 2597 aliorum
1351 2541 1598 2595 notitiam
1609 2555 1708 2610 per
1733 2541 1898 2595 verba

319 2636 406 2691 rel
446 2650 780 2705 quacunque
807 2633 910 2688 alia
956 2635 1112 2705 signa
1135 2620 1414 2703 procedit,
1463 2649 1586 2690 cum
1613 2635 1684 2688 sit
1714 2649 1899 2689 coram

317 2727 412 2782 illo
440 2727 526 2780 cui
557 2725 777 2790 dicitur,
824 2723 1059 2780 Gemitus
1083 2742 1228 2778 meus
1255 2743 1287 2777 a
1310 2735 1359 2778 te
1385 2741 1486 2777 non
1519 2733 1591 2778 est
1615 2723 1901 2778 abscondi-

318 2831 437 2885 tus;
463 2826 611 2874 recte
631 2819 1032 2873 constituuntur
1060 2818 1126 2872 ab
1149 2819 1214 2873 iis
1247 2819 1339 2887 qui
1360 2817 1616 2872 Ecclesia:
1639 2827 1898 2888 prtesunt,

319 2924 566 2981 tempora
597 2910 930 2980 pr'enitentiie
961 2951 975 2976 ,
1011 2917 1072 2963 ut
1099 2909 1194 2964 ﬁat
1235 2911 1400 2964 etiam
1446 2909 1576 2963 satis
1622 2909 1896 2975 Ecclesiae,

319 3004 376 3056 in
418 3017 525 3070 qua
572 3002 918 3056 remittuntur
953 3001 1066 3071 ipsa
1098 3008 1338 3070 peccata.
1365 3020 1384 3052 ι
1435 2998 1754 3054 Poenitentia
1800 3015 1900 3069 pu-

316 3094 463 3149 blica
511 3094 704 3164 agitur,
757 3103 817 3148 ut
863 3093 956 3147 ﬁat
997 3094 1129 3148 satis
1179 3093 1451 3149 Ecclesize.
1503 3092 1673 3147 Porro
1720 3093 1900 3148 nullus

321 3184 636 3239 satisfacere
662 3192 931 3250 censetur,
963 3185 1065 3238 nisi
1094 3185 1186 3254 qui
1219 3184 1468 3252 iniuriam
1493 3184 1703 3248 intulit,
1732 3193 1789 3239 et
1810 3192 1896 3238 ta-

322 3275 430 3330 lem
461 3275 633 3344 qualis
659 3285 742 3332 est
771 3275 1087 3331 satisfactio.
1133 3277 1188 3331 Si
1219 3277 1382 3345 igitur
1407 3276 1705 3331 satisfactio
1741 3276 1900 3331 debet

320 3383 446 3423 esse
483 3367 728 3438 publica,
777 3383 996 3423 necesse
1043 3383 1256 3440 quoque
1296 3376 1377 3422 est
1411 3376 1470 3421 ut
1494 3368 1708 3438 publica
1738 3367 1902 3422 fuerit

322 3456 541 3526 injuria.
1248 3454 1266 3467 ‘

395 3549 745 3620 Augustinus,
774 3548 866 3603 lib.
890 3549 954 3604 de
978 3547 1405 3619 Correptioneet
1423 3548 1631 3614 Gratia,
1654 3565 1774 3619 cap.
1800 3547 1895 3604 l6:

332 3656 352 3690 ε
381 3637 672 3694 Peccantes
693 3654 878 3694 coram
898 3641 1151 3695 omnibus
1179 3639 1414 3710 corripe,
1451 3649 1510 3693 ut
1534 3641 1716 3695 caeteri
1744 3641 1902 3696 timo-

325 3745 445 3786 rem
467 3731 722 3785 babcant.
748 3752 765 3783 ι
794 3733 946 3798 Quod
963 3733 1027 3786 de
1052 3733 1137 3787 his
1162 3734 1398 3803 peccatis
1423 3734 1793 3804 accipiendum
1819 3743 1902 3790 est

326 3835 448 3892 quae
468 3837 573 3876 non
596 3821 786 3886 latent,
806 3839 873 3876 ne
897 3832 1084 3877 contra
1099 3822 1311 3878 Domini
1333 3825 1656 3878 sententiam
1682 3833 1901 3894 putetur

326 3910 558 3964 locutus.
601 3909 786 3979 Itaque
820 3911 1134 3981 frequenter
1183 3922 1404 3966 sanctus
1433 3912 1766 3982 Augustinus
1821 3924 1900 3970 te-

327 4008 506 4054 statur
519 4001 892 4068 paenitentiam
909 4003 1178 4070 publicam
1200 4019 1297 4073 pro
1319 4003 1548 4072 publicis
1564 4013 1771 4058 tantum
1795 4006 1902 4061 cri-

327 4091 567 4145 minibus
592 4092 657 4145 ab
693 4092 932 4146 Ecclesia
964 4091 1125 4148 fuisse
1147 4101 1424 4147 statutam.

399 4178 642 4236 Julianus
670 4181 972 4249 Pomerius,
1012 4183 1103 4237 lib.
1147 4200 1185 4237 ιι
1219 4187 1284 4238 de
1307 4185 1426 4239 Vita
1463 4185 1899 4255 contemplativa,

327 4285 446 4340 cap.
505 4271 571 4324 7:
619 4289 636 4321 ε
668 4272 745 4325 Ea
786 4280 964 4326 autem
1009 4274 1235 4327 crimina
1285 4275 1645 4344 quorumlibet
1683 4276 1728 4330 si
1773 4276 1903 4345 ipsis

327 4360 634 4416 criminosis
663 4361 907 4416 confiteri
939 4363 1240 4418 nolentibus
1285 4365 1640 4433 undecunque
1693 4365 1901 4420 clarue-

329 4453 458 4516 rint,
485 4468 818 4522 quiscunque
847 4469 952 4506 non
985 4451 1183 4506 fuerint
1219 4453 1490 4522 patientiae
1527 4454 1628 4508 levi
1665 4454 1901 4508 medica-

1996 1938 2189 1993 graves
2238 1939 2414 1980 causa:
2452 1926 2731 1996 graviores
2765 1937 2820 1982 et
2870 1930 3109 1984 acriores
3137 1931 3378 1998 publicas
3414 1948 3572 1986 curas

1998 2011 2305 2078 requirunt,
2331 2022 2390 2064 ut
2420 2013 2656 2082 quicum
2679 2015 3028 2084 plurimorum
3053 2016 3336 2072 afﬂictione
3369 2036 3428 2075 se
3451 2036 3574 2090 per-

1998 2100 2132 2156 didit
2157 2141 2172 2168 ,
2210 2101 2370 2156 simili
2391 2105 2565 2158 modo
2611 2119 2731 2158 cum
2762 2105 3112 2176 plurimorum
3138 2108 3489 2166 mdiﬁcatione
3515 2125 3574 2166 se

1999 2191 2248 2246 redimat.
2290 2212 2310 2244 ι
2360 2191 2454 2247 Illa
2497 2203 2580 2248 est
2628 2197 2928 2250 certissima
2977 2199 3201 2266 publica:
3242 2201 3572 2269 pwnitentiat

1998 2283 2160 2345 ratio,
2191 2299 2353 2351 quam
2384 2283 2574 2339 Patres
2601 2287 2896 2356 saepissime
2921 2297 3196 2356 repetunt,
3243 2300 3300 2344 ut
3333 2293 3424 2349 aui
3449 2308 3570 2348 cum

1995 2372 2347 2444 plurimorum
2375 2373 2659 2431 afﬂictione
2683 2384 2739 2431 et
2758 2377 3118 2433 deStructione
3144 2393 3202 2433 se
3228 2381 3482 2450 perdidit,
3502 2383 3574 2437 si-

1995 2463 2109 2518 mili
2135 2464 2293 2519 modo
2318 2480 2438 2519 cum
2465 2465 2821 2534 plurimorum
2849 2467 3204 2524 mditicatione
3235 2485 3293 2525 se
3320 2472 3571 2526 redimat.

1988 2551 2197 2634 ’Sicque
2231 2561 2498 2609 testantur
2523 2555 2792 2626 publicam
2823 2559 3196 2627 paenitentiam
3230 2571 3450 2630 propter
3469 2563 3576 2618 cri-

1996 2650 2142 2704 mina
2179 2649 2395 2721 publica
2424 2652 2494 2708 ab
2517 2650 2758 2708 Ecclesia
2792 2651 2959 2707 fuisse
2986 2660 3262 2709 Statutam.

2072 2764 2368 2837 Gregorius
2410 2765 2652 2838 Magnus,
2679 2767 2773 2824 lib.
2802 2784 2899 2834 xu,
2940 2769 3098 2838 epist.
3128 2771 3218 2835 32,
3249 2773 3315 2826 ad
3344 2772 3579 2830 Felicem

2001 2855 2310 2925 episcopum
2355 2856 2616 2911 Messanae
2658 2875 2671 2910 :
2725 2875 2744 2908 ι
2769 2857 3047 2913 Manifesta
3097 2875 3311 2932 quoque
3358 2875 3577 2932 peccata

1962 2993 1968 2999 .
2000 2962 2107 3002 non
2147 2955 2274 3001 sunt
2300 2947 2512 3002 occulta
2553 2948 2893 3002 correctione
2933 2952 3244 3019 purganda:
3285 2954 3377 3009 sed
3400 2956 3576 3024 palam

2000 3044 2129 3090 sunt
2149 3038 2429 3107 arguendi,
2458 3037 2548 3106 qui
2569 3036 2748 3107 palam
2771 3048 2989 3105 nocent,
3024 3050 3082 3094 ut
3105 3042 3231 3095 dum
3263 3053 3450 3112 aperta
3480 3046 3578 3100 ob-

1925 3155 1973 3218 C
1995 3127 2306 3198 jurgatione
2334 3135 2614 3193 sanantur,
2647 3128 2682 3181 ii
2715 3129 2806 3197 qui
2835 3145 2930 3185 eos
2957 3131 3217 3187 imitando
3243 3134 3579 3204 deliquerant

2002 3218 2363 3288 corrigantur.
2427 3219 2566 3273 Dum
2609 3220 2753 3273 enim
2802 3236 2940 3276 unus
2986 3224 3316 3293 corripitur,
3359 3228 3576 3296 plurimi

2001 3309 2375 3363 emendantur.
2420 3309 2490 3364 Et
2519 3309 2709 3364 melius
2741 3320 2825 3365 est
2855 3318 2913 3365 ut
2943 3327 3043 3380 pro
3069 3315 3360 3370 multorum
3405 3318 3579 3373 salute

2001 3413 2140 3451 unus
2173 3399 2562 3453 condemnetur
2602 3415 2762 3469 quam
2797 3415 2895 3470 per
2923 3401 3083 3457 unius
3110 3404 3384 3460 licentiam
3423 3408 3576 3462 multi

2000 3487 2394 3555 periclitentur.
2422 3507 2440 3540 ι

2072 3597 2309 3654 lsidorus
2332 3598 2662 3670 Hispalensis
2691 3603 2745 3656 in
2771 3602 2991 3672 Regalis
3014 3608 3420 3676 monachorum,
3455 3626 3575 3682 cap.

2002 3687 2109 3741 l5:
2147 3688 2475 3744 cPeccatum
2518 3690 2696 3760 palam
2741 3693 3117 3761 commissum,
3151 3698 3330 3767 palam
3380 3709 3461 3755 est
3495 3718 3580 3756 ar-

2000 3780 2292 3846 guendum,
2323 3788 2378 3834 et
2423 3781 2549 3835 dum
2597 3780 2883 3839 manifeste
2912 3799 3142 3855 peccans
3177 3791 3513 3856 emendatur,
3543 3793 3580 3847 ii

2001 3867 2094 3936 qui
2124 3883 2248 3922 eum
2278 3869 2334 3922 in
2363 3869 2504 3924 malo
2534 3870 2730 3928 imitati
2759 3883 2904 3940 sunt,
2937 3877 3298 3946 corrigantur.
3337 3900 3357 3933 ι

2072 3980 2279 4053 Eligius
2326 3981 2703 4042 Noriomensis
2743 3989 3060 4057 episcopus,
3111 3990 3164 4044 in
3210 3992 3432 4048 homilia
3464 3995 3528 4050 l6
3563 4018 3574 4052 :

2007 4089 2026 4122 ι
2056 4071 2201 4127 Duos
2228 4081 2512 4142 praeterea,
2546 4075 2743 4131 fratres
2771 4077 2909 4142 mei,
2937 4079 3289 4148 alloquimur:
3321 4097 3456 4152 quos
3484 4102 3580 4154 pu-

2002 4161 2142 4217 blica
2187 4165 2328 4218 actio
2357 4164 2652 4219 criminalis
2685 4166 2951 4234 publicam
2985 4169 3160 4239 coegit
3201 4185 3361 4240 agere
3406 4177 3580 4241 paeni-

2002 4253 2247 4305 tentiam.
2281 4273 2299 4304 ι
2344 4252 2476 4308 Cum
2500 4254 2661 4308 iidem
2687 4254 2874 4309 Patres
2897 4296 2911 4321 ,
2941 4265 3002 4310 ut
3029 4272 3186 4327 supra
3219 4263 3574 4332 ostendimus,

2001 4343 2268 4398 affirmem
2289 4358 2494 4397 morem
2523 4342 2690 4398 fuisse
2716 4345 2965 4400 Ecclesiae
2995 4347 3061 4402 de
3086 4352 3322 4416 peccatis
3351 4353 3578 4409 occultis

2002 4440 2214 4487 secreto
2242 4433 2556 4502 paenitendi,
2606 4449 2714 4490 non
2734 4444 2961 4505 possunt
2982 4437 3122 4494 hanc
3152 4439 3377 4508 publica:
3399 4445 3574 4512 pmni-

329 4549 512 4594 mento
540 4550 760 4607 sanata,
800 4541 946 4594 velut
977 4543 1082 4612 igni
1122 4544 1351 4611 quodam
1391 4543 1492 4610 piro
1520 4543 1899 4612 increpationis
1929 4503 1980 4562 υ
2003 4525 2184 4578 ίθηῖίίθ
2215 4525 2478 4579 rationem
2529 4523 2765 4590 referre,
2813 4527 2942 4596 (ἰυίο
2978 4527 3261 4584 “Milites”?
3303 4531 3579 4597 declare"!

329 4633 529 4684 urenda
583 4642 707 4685 sunt
751 4641 804 4685 et
853 4633 1110 4686 curanda.
1175 4632 1326 4699 Quod
1367 4635 1410 4688 si
1443 4650 1540 4688 nec
1579 4635 1656 4690 sic
1684 4637 1898 4705 quidem

327 4724 705 4792 aequanimiter
746 4723 1062 4778 sustinentis
1111 4739 1172 4778 ac
1218 4726 1306 4793 pic
1336 4724 1670 4794 increpantis
1695 4727 1901 4782 medela

327 4811 619 4882 profecerit
651 4813 702 4866 in
737 4813 816 4867 eis
851 4814 939 4883 qui
971 4815 1058 4869 diu
1091 4815 1288 4883 portati
1324 4824 1378 4868 et
1414 4815 1702 4870 salubriter
1727 4817 1905 4888 objur-

327 4901 438 4970 gati
469 4902 662 4970 corrigi
686 4902 980 4968 noluerint,
1022 4913 1274 4972 tanquam
1303 4913 1485 4973 putres
1515 4906 1754 4974 corporis
1780 4923 1904 4977 par-

328 5004 410 5049 tes
459 4995 652 5049 debent
688 5005 870 5065 partes
912 4996 1107 5051 debent
1148 4996 1292 5052 ferro
1339 5000 1904 5056 excomniunicatinnis

327 5087 609 5143 abscindi:
643 5104 710 5141 ne
756 5087 892 5141 sicut
935 5103 1062 5142 caro
1087 5090 1242 5144 nobis
1268 5099 1532 5155 emortua,
1581 5092 1625 5145 si
1665 5093 1900 5147 abscissa

327 5195 436 5232 non
492 5176 689 5242 fuerit,
745 5177 936 5232 saltem
987 5179 1204 5249 reliquae
1238 5182 1418 5236 carnis
1464 5182 1762 5251 putredinis
1792 5198 1902 5238 sua:

325 5268 646 5339 contagione
693 5269 1022 5339 corrumpit:
1056 5269 1128 5323 ita
1160 5270 1250 5324 isti
1290 5271 1381 5340 qui
1409 5273 1684 5326 emendari
1727 5272 1902 5342 despi-

327 5359 499 5423 ciunt,
526 5367 580 5413 et
606 5359 658 5413 in
685 5374 781 5414 suo
806 5358 994 5414 morbo
1020 5360 1312 5432 persistunt
1331 5402 1346 5427 ,
1375 5363 1419 5417 si
1449 5362 1686 5417 moribus
1713 5363 1900 5435 depra-

325 5452 470 5506 vatis
493 5452 546 5505 in
569 5461 875 5507 sanctorum
897 5451 1153 5506 societate
1169 5455 1580 5524 permanserint,
1603 5471 1697 5511 eos
1718 5471 1901 5510 exem-

325 5539 418 5610 plo
465 5555 577 5594 sua:
621 5539 938 5610 perditionis
976 5539 1234 5594 inficiant.
1281 5562 1299 5593 ›
1340 5542 1566 5615 PrOpter
1592 5544 1902 5598 scandalum

328 5631 476 5700 quod
526 5631 646 5686 aliis
682 5631 951 5702 lnjiciunt,
981 5631 1048 5685 ab
1091 5629 1330 5686 Ecclesia
1367 5635 1722 5705 expelluntur.
1765 5635 1904 5706 Ergo

324 5724 724 5792 quia'ipsornm
768 5722 970 5777 crimen
1021 5730 1137 5777 erat
1185 5709 1479 5792 publicum.
1541 5725 1605 5778 Et
1653 5727 1904 5795 quoniam

2001 4629 2099 4684 pro
2143 4614 2373 4683 publicis
2414 4622 2620 4669 tantum
2663 4615 2979 4672 criminibus
3017 4618 3284 4690 publicam
3317 4622 3579 4691 poeniten-

2002 4705 2134 4759 tiam
2163 4703 2500 4760 ab-Ecclesia
2528 4703 2694 4760 fuisse
2720 4714 2997 4763 statutam.

2076 4817 2182 4872 Sed
2211 4819 2254 4872 si
2277 4815 2464 4874 Patres
2490 4817 2755 4874 afﬁrmem
2778 4822 3150 4890 paenitentiam
3181 4826 3448 4896 publicam
3477 4845 3577 4900 pro

2004 4906 2235 4977 publicis
2262 4915 2468 4962 tantum
2494 4909 2810 4965 criminibus
2851 4913 2919 4967 ab
2950 4913 3190 4970 Ecclesia
3218 4917 3384 4974 fuisse
3410 4929 3577 4976 statu—

2007 5004 2147 5060 tam;
2180 4997 2224 5050 si
2255 4995 2443 5051 Patrcs
2467 5007 2734 5052 testentur
2758 5001 2823 5055 de
2858 5005 3095 5072 peccatis
3122 5005 3348 5062 occultis
3371 5025 3578 5064 morem

2005 5085 2258 5140 Ecclesiae
2282 5085 2446 5142 fuisse
2475 5097 2682 5144 secreto
2707 5092 3034 5160 paenitendi;
3067 5097 3110 5150 si
3141 5097 3368 5166 denique
3389 5095 3576 5154 Patres

2003 5177 2162 5248 plane
2205 5184 2402 5247 negent
2445 5193 2651 5234 morem
2669 5177 2841 5237 fuisse
2877 5183 3130 5239 Ecclesia:
3158 5186 3374 5241 decreto
3402 5191 3576 5243 sanci-

2006 5275 2120 5320 tum
2151 5268 2364 5338 publice
2390 5269 2454 5322 de
2478 5274 2718 5339 peccatis
2741 5273 2963 5327 occultis
2982 5273 3275 5342 paenitendi
3321 5293 3334 5328 :
3376 5276 3576 5333 mirum

2006 5359 2275 5428 quomodo
2301 5359 2350 5414 .l.
2382 5359 2619 5417 Morinus
2643 5363 2823 5418 dicere
2846 5362 3017 5432 potuit
3041 5400 3054 5426 ,
3103 5361 3440 5418 Theodorum
3465 5368 3578 5436 pri-

2008 5469 2158 5507 mum
2204 5468 2323 5508 esse
2375 5455 2466 5523 qui
2509 5464 2693 5525 aperte
2735 5467 2938 5508 morem
2988 5454 3200 5510 sustuli‘
3247 5457 3462 5525 publice
3510 5456 3578 5512 de

1981 5532 1984 5533 ⁷
2011 5543 2325 5599 criminibus
2357 5545 2582 5600 occultis
2611 5543 2937 5614 paenitendi;
2969 5542 3235 5615 hujusque
3277 5549 3444 5602 moris
3481 5562 3581 5606 an-

2010 5637 2145 5705 tiqui
2184 5646 2261 5690 tot
2302 5652 2421 5692 esse
2461 5646 2773 5706 argumenta
2798 5677 2811 5701 ,
2845 5638 2984 5707 quod
3027 5638 3141 5693 fere
3182 5655 3414 5696 canones
3455 5651 3582 5699 ante

2013 5728 2157 5781 mille
2181 5744 2349 5782 annos
2373 5729 2421 5782 in
2445 5729 2727 5782 criminum
2756 5744 2872 5783 reos
2890 5731 3110 5786 conditi.
3146 5733 3296 5802 Quod
3309 5747 3366 5788 ut
3389 5733 3578 5806 probet
