3968 6180
420 252 553 308 “87

968 251 1326 310 ‘l’itEODORl
1362 252 1683 309 ARClllEP.
1726 254 1987 313 CANTUA

2116 255 2460 313 DOCTRtNA
2501 257 2591 317 an
2626 256 3073 333 resarsurum

3532 261 3678 317 “88

417 366 519 420 tria
542 366 841 436 prmsertim
866 366 1081 422 adhibet
1107 376 1443 438 argumenta,
1476 383 1595 437 qua:
1619 384 1761 425 nunc
1781 370 1984 425 cxami-
2010 379 2059 438 Α
2086 371 2292 426 crimen
2328 372 2575 429 adulterii
2612 374 2664 429 in
2695 374 2857 429 corde
2883 374 3227 431 commissum
3256 376 3398 433 nulla
3438 377 3678 448 publica:

416 455 593 510 nanda
619 469 823 524 suoque
853 464 1126 510 momento
1151 457 1497 527 ponderanda
1526 466 1671 511 sunt.

1032 584 1258 642 CAPUT
1293 586 1381 641 IV.

418 698 657 753 Primum
671 708 1033 770 argumentum
1049 699 1105 753 J.
1125 698 1319 753 Morini
1334 699 1641 770 proponitur
1653 709 1699 753 et
1712 697 1984 768 refellitur.

487 812 719 868 Joannes
746 811 1004 878 Marinus,
1028 811 1109 867 vir
1133 810 1547 873 eruditissimus,
1572 810 1639 863 ad
1657 810 1988 879 probandum

412 903 700 959 criminum
731 903 1066 957 occultorum
1095 900 1402 970 capitalium
1433 899 1771 954 confessione
1814 914 1992 954 sacer-

416 996 525 1052 doti
559 1004 770 1051 secreto
808 994 972 1059 facta,
1014 994 1386 1064 paenitentiam
1424 991 1715 1047 secundum
1759 1006 1993 1047 canones

415 1087 628 1157 publice
675 1095 851 1141 actam
896 1085 1083 1149 fuisse,
1131 1086 1235 1139 hoc
1277 1084 1510 1154 primum
1548 1082 1798 1153 proponit
1836 1096 1993 1152 argu-

314 1238 325 1245 _
420 1184 690 1240 mentum,
723 1175 817 1230 lib.
848 1192 881 1229 ν
907 1175 972 1230 de
996 1172 1479 1229 Administratiane
1517 1172 1837 1227 sacramenti
1881 1182 1994 1240 poc-

419 1267 679 1332 nitentiae,
709 1281 826 1335 cap.
856 1266 891 1320 9
922 1283 933 1319 :
973 1283 991 1314 ι
1030 1262 1131 1318 Tot
1158 1272 1309 1329 sunt,
1342 1262 1543 1331 inquit,
1574 1261 1731 1328 hujus
1759 1260 1994 1331 antiqua:

414 1357 600 1424 praxis
634 1361 971 1425 argumenta,
1001 1361 1130 1421 quot
1158 1350 1270 1406 fere
1303 1364 1538 1406 canones
1563 1358 1690 1404 ante
1725 1349 1870 1403 mille
1900 1366 1995 1403 an-

416 1461 515 1501 nos
545 1446 597 1499 in
623 1446 908 1499 criminum
945 1459 1067 1498 reos
1092 1442 1313 1498 conditi.
1361 1441 1500 1508 Quid
1536 1448 1618 1496 est
1658 1442 1799 1495 enim
1827 1440 1990 1505 aliud,

416 1535 527 1591 imo
551 1524 679 1605 quid
708 1535 851 1589 aliud
880 1535 1059 1588 animo
1088 1534 1211 1604 fingi
1251 1539 1450 1603 potest,
1476 1545 1635 1600 quam
1677 1530 1993 1599 pmnitentia

415 1622 649 1692 publica,
678 1637 801 1678 cum
838 1623 1055 1677 edicunt
1086 1635 1336 1686 canones,
1369 1622 1459 1691 qui
1495 1620 1835 1673 homicidium
1872 1635 1994 1689 per-

2085 462 2416 533 pmnitentite
2441 478 2638 533 genere
2665 464 2998 533 puniendum
3023 452 3142 521 ésse
3168 468 3475 525 decernunt
3506 487 3520 525 :
3554 478 3613 526 et
3641 487 3675 524 a

2086 552 2334 611 Patribus
2376 554 2589 615 concilii
2626 554 2881 612 V'asensis
2917 573 2989 622 ιι,
3026 558 3117 628 qui
3154 558 3445 629 prohibent
3476 576 3603 616 can.
3636 562 3673 617 8

2087 656 2155 696 ne
2197 642 2319 711 quis
2360 641 2663 713 episcopus,
2707 646 2794 700 cui
2839 646 3045 703 crimen
3087 649 3356 703 occultum
3397 651 3675 708 detectum

2088 739 2191 795 est,
2224 746 2374 786 reum
2403 733 2469 790 ab
2503 733 2742 790 Ecclesia
2771 735 2972 805 ejiciat,
3002 746 3056 792 et
3094 737 3307 808 publice
3335 741 3544 811 puniat,
3575 744 3673 796 sed

2089 822 2329 887 secretis,
2380 831 2439 878 ut
2480 824 2634 879 aiunt
2676 825 2887 891 Patres,
2936 828 3365 899 corrcptionibus
3404 830 3668 886 elaboret.

2089 915 2370 973 Manifesta
2415 932 2627 988 quoque
2671 918 3008 989 distinguunt
3052 918 3243 975 Patres
3282 920 3495 977 concilii
3538 920 3675 977 Car-

2090 1006 2425 1077 thaginensis
2464 1007 2633 1073 tertii,
2661 1022 2784 1063 can.
2816 1009 2872 1075 '5,
2900 1007 3054 1076 cujus
3083 1008 3445 1065 difﬁcultatem
3471 1010 3525 1065 J.
3560 1011 3673 1066 ldo-

2090 1097 2243 1152 riuus
2261 1097 2610 1167 perspiciens,
2627 1111 2745 1151 eam
2768 1098 2842 1152 ita
2861 1098 2964 1155 sibi
2984 1099 3232 1168 proponit
3248 1098 3665 1157 dissolvendam.

2096 1207 2116 1243 ι
2155 1188 2379 1251 Statim,
2422 1188 2599 1258 inquit
2633 1187 2682 1242 J.
2713 1187 2975 1254 Marinus,
3021 1188 3202 1243 forsan
3246 1189 3463 1257 objiciet
3501 1191 3671 1247 lector

2092 1293 2210 1333 can.
2250 1279 2285 1333 5
2312 1278 2525 1333 concilii
2570 1278 2823 1349 Carthag.
2867 1295 2931 1333 tn
2968 1297 2982 1333 :
3030 1298 3049 1330 (
3086 1278 3465 1350 Cujuscunque
3490 1283 3669 1350 paeni-

2098 1388 2116 1420 ι
2156 1369 2319 1424 tentis
2344 1368 2615 1437 publicum
2638 1378 2691 1423 et
2712 1370 3138 1441 vulgatissimum
3165 1371 3369 1425 crimen
3397 1380 3502 1435 est,
3527 1372 3670 1440 quod

2099 1479 2118 1512 ι
2154 1461 2402 1516 universa
2430 1459 2672 1519 Ecclesia
2704 1461 2943 1522 noverit,
2976 1470 3099 1516 ante
3130 1444 3370 1517 absidem
3398 1478 3590 1519 manus
3619 1464 3668 1518 ei

2099 1568 2117 1601 ι
2156 1549 2480 1617 imponatur.
2511 1567 2529 1599 ι
2557 1547 2778 1604 Diversa
2805 1551 3048 1619 quaedam
3074 1557 3156 1605 est
3182 1550 3342 1609 lcetia
3368 1552 3422 1607 in
3452 1536 3556 1609 ista
3582 1568 3668 1609 ca-

2093 1655 2254 1701 none,
2291 1640 2391 1701 sed,
2412 1638 2481 1692 ad
2525 1654 2641 1693 rem
2664 1632 2811 1707 nihil
2846 1636 2999 1697 facit.
3031 1641 3266 1700 Verum.
3290 1651 3354 1699 ut
3380 1641 3519 1705 bene
3553 1643 3669 1697 ani—

413 1713 709 1781 parauerit,
734 1712 825 1782 qui
850 1712 1268 1781 fornicationem,
1298 1711 1386 1780 qui
1418 1708 1760 1772 adulterium,
1790 1709 1880 1778 qui
1906 1709 1987 1761 in-

2098 1730 2385 1784 madvertit
2421 1728 2669 1785 laudatus
2698 1745 2729 1785 a
2767 1730 2922 1786 nobis
2962 1731 3139 1799 capite
3177 1732 3514 1802 praecedente
3546 1732 3671 1788 Dio-

413 1813 639 1867 cestum,
678 1804 768 1873 qui
796 1818 976 1872 magos
1008 1811 1054 1855 et
1082 1803 1435 1855 incantatorcs
1483 1798 1800 1854 consuluerit
1820 1838 1834 1864 ,
1881 1807 1987 1865 etc,

414 1897 473 1950 in
506 1895 777 1948 auditione
808 1900 1091 1965 perseveret
1130 1901 1205 1946 tot
1245 1892 1419 1957 annis,
1451 1891 1508 1946 in
1546 1890 1891 1944 sudatratione
1914 1896 1990 1942 tot

416 1987 601 2052 atatis;
647 1986 704 2040 in
750 1985 1083 2039 consistentia
1127 1992 1201 2038 tot
1245 1985 1397 2037 ann‘s
1426 1997 1445 2035 :
1474 1983 1660 2036 deinde
1687 1981 1837 2046 boni,
1868 1998 1991 2051 per-

413 2076 558 2146 fecti,
601 2074 978 2129 communionis
1018 2074 1083 2127 sit
1126 2073 1423 2143 particeps?
1460 2071 1558 2125 llis
1597 2072 1740 2126 enim
1777 2080 1834 2127 et
1871 2070 1992 2125 aliis

415 2167 723 2223 nominibus
747 2165 1113 2222 reconciliatio
1132 2180 1256 2219 cum
1286 2164 1394 2219 Deo
1419 2173 1473 2218 et
1494 2164 1732 2219 Ecclesia
1759 2164 1827 2218 ab
1855 2164 1993 2218 anti-

412 2259 535 2328 quis
584 2257 766 2312 vacari
816 2255 971 2311 solet.
1026 2255 1269 2325 Excipiet
1334 2254 1516 2309 forsan
1569 2252 1762 2324 aliquis
1808 2254 1992 2325 negari

412 2351 559 2407 nullo
595 2350 754 2409 modo
792 2363 951 2422 posse
987 2363 1173 2423 prunas
1200 2349 1331 2405 istas
1368 2347 1610 2420 publicas
1649 2359 1768 2402 esse
1810 2363 1822 2399 :
1873 2346 1993 2415 quis

408 2446 555 2503 enim
581 2445 664 2499 sui
690 2459 909 2514 compos
938 2444 1041 2497 bac
1067 2441 1276 2499 dillitcri
1300 2442 1521 2511 posset?
1548 2442 1641 2496 sed
1663 2440 1729 2494 de
1756 2436 1991 2509 peccatis

411 2538 642 2609 publicis
684 2544 893 2592 tantum
931 2549 1051 2590 esse
1090 2532 1484 2604 intelligendas.
1520 2530 1620 2599 Qui
1663 2533 1741 2587 sic
1769 2530 1989 2601 excipit,

417 2631 522 2685 tria
549 2629 707 2684 velim
737 2626 1056 2683 consideret.
1086 2624 1324 2679 Primum
1349 2631 1460 2688 est,
1491 2622 1631 2693 quod
1660 2629 1805 2677 recte
1829 2622 1992 2675 etiam

418 2720 697 2775 adnotavit
738 2716 1108 2785 Albaspinaeus
1155 2714 1438 2783 episcopus
1482 2711 1885 2766 Aurelianensis
1936 2710 1995 2763 in

418 2827 540 2869 can.
568 2809 641 2866 32
677 2807 869 2863 concil.
902 2805 1157 2877 Cartbag.
1195 2821 1275 2869 ιιι,
1321 2804 1527 2858 nullum
1565 2803 1792 2858 istarum
1828 2817 1993 2858 cano-

418 2916 549 2957 num
570 2901 901 2970 distinguere
930 2898 1070 2953 inter
1094 2897 1300 2952 crimen
1323 2896 1595 2965 publicum
1617 2905 1672 2950 et
1689 2896 1989 2951 occultum:

304 3032 325 3047 ς
415 2992 581 3061 Cujus
607 2992 892 3049 fomicatio
930 2999 1015 3046 est
1055 2991 1269 3061 publica
1306 2989 1474 3045 stabit
1514 2989 1655 3043 inter
1689 2987 1985 3049 audientes,

2089 1821 2275 1891 nysius
2313 1818 2593 1885 Petavius,
2632 1819 2866 1876 validum
2906 1836 2976 1877 ex
3005 1823 3107 1877 bac
3136 1834 3342 1877 canone
3370 1838 3494 1879 cum
3534 1839 3672 1895 pra:-

2089 1914 2314 1969 cedeute
2360 1923 2672 1983 comparato
2715 1930 2815 1983 pro
2862 1916 3129 1971 sententia
3175 1926 3357 1972 nostra
3400 1917 3674 1988 colligitur

2090 2015 2486 2077 argumentum.
2517 2005 2780 2065 Praecedit
2804 2007 2973 2073 enim,
2999 2026 3016 2058 ι
3046 2007 3337 2079 Presbyter
3362 2009 3673 2067 inconsulto

2096 2114 2114 2147 ι
2148 2097 2398 2171 episcopo
2434 2111 2540 2150 non
2570 2096 2884 2152 reconciliet
2911 2098 3263 2167 pmnitentem
3303 2099 3407 2153 nisi
3448 2102 3669 2156 absente

2096 2205 2115 2237 ι
2147 2187 2417 2256 episcopo,
2458 2194 2514 2240 et
2552 2186 2872 2240 necessitate
2908 2195 3166 2256 cogente;
3204 2206 3225 2238 ι
3258 2194 3445 2256 postea
3483 2189 3667 2258 sequi-

2091 2285 2202 2341 tur,
2224 2295 2242 2329 ι
2262 2275 2637 2346 Cujuscunque
2652 2286 2832 2331 autem
2846 2277 3160 2347 paenitentis
3173 2277 3474 2347 publicum,
3492 2287 3623 2341 etc.;
3644 2299 3660 2330 ι

2090 2365 2489 2422 evidentissima
2517 2366 2652 2421 duas
2685 2366 3064 2437 pmnitentium
3098 2366 3434 2437 publicorum
3464 2368 3670 2436 specics

2089 2456 2387 2514 constituit.
2430 2454 2601 2511 Unam
2630 2471 2858 2525 quorum
2898 2457 3104 2511 crimen
3142 2465 3225 2511 est
3258 2458 3557 2528 publicum,
3594 2458 3667 2519 ale

2093 2558 2266 2604 teram
2304 2561 2534 2618 quorum
2580 2547 2784 2603 crimen
2830 2560 2938 2602 non
2979 2554 3064 2604 est
3098 2546 3396 2618 publicum,
3442 2549 3668 2605 hocest

2090 2640 2378 2697 occultum.
2414 2660 2433 2693 ι
3246 2636 3247 2641 “

2160 2737 2361 2792 Verum
2390 2737 2436 2792 si
2465 2732 2549 2790 bis
2590 2737 2670 2790 sic
2699 2736 2841 2791 inter
2865 2752 2924 2790 se
2959 2734 3301 2806 comparatis,
3330 2746 3504 2790 canon
3535 2732 3666 2791 duas

2088 2826 2462 2901 pmnitcntium
2504 2826 2835 2895 publicarum
2880 2826 3176 2881 constituat
3216 2827 3459 2895 species,
3503 2841 3663 2885 unam

2088 2934 2317 2989 quorum
2345 2919 2547 2973 crimen
2577 2926 2660 2973 cst
2686 2918 2987 2993 publicum,
3018 2917 3270 2983 alteram,
3301 2933 3534 2988 quorum
3558 2918 3664 2977 cri-

2089 3026 2214 3065 men
2244 3025 2352 3065 non
2375 3017 2460 3065 est
2482 3009 2778 3080 publicum,
2801 3009 2905 3064 hoc
2928 3016 3011 3062 est
3038 3007 3326 3072 occultum,
3356 3010 3664 3065 necessario

408 3094 558 3150 ἀθά
585 3086 681 3141 sed
711 3085 973 3150 absolute,
1001 3084 1091 3154 qui
1119 3082 1408 3153 fornicatus
1436 3081 1624 3151 fuerit,
1649 3080 1740 3149 qui
1768 3077 1987 3139 homici-

2092 3100 2214 3156 inde
2254 3100 2525 3169 sequitur,
2570 3095 2935 3168 cujuscunque
2976 3096 3288 3175 ptenitentis
3332 3096 3541 3153 crimen
3583 3107 3664 3154 est

408 3177 562 3233 dium
584 3178 973 3250 perpetraverit.
1004 3174 1349 3244 Distinguam
1378 3185 1520 3241 stupe
1553 3184 1789 3225 canones
1810 3168 1988 3223 homi-

405 3266 614 3323 cidium
654 3264 803 3321 ultra
839 3263 1076 3328 factum,
1123 3269 1215 3317 aut
1252 3275 1421 3325 casu;
1468 3256 1876 3315 fornicationem
1908 3254 1988 3308 ab

407 3356 714 3420 adulterio;
754 3353 1076 3411 adulterium
1102 3359 1312 3407 natura:
1350 3351 1418 3405 ab
1454 3351 1722 3408 humano;
1753 3346 1990 3400 incestus

418 3448 594 3504 varias
623 3447 851 3517 species,
871 3454 924 3499 et
947 3444 1235 3513 unicuique
1256 3441 1637 3498 convenientes
1658 3451 1866 3509 penus,
1893 3434 1991 3499 sed

406 3552 631 3607 semper
671 3535 914 3606 publicas
953 3535 1252 3603 imponunt.
1289 3531 1360 3586 At
1403 3542 1675 3596 nunquam
1712 3526 1889 3595 leges,
1929 3521 1986 3576 Si

416 3631 621 3685 crimen
661 3629 803 3683 istud
833 3635 915 3681 est
950 3625 1254 3694 publicum,
1294 3622 1368 3677 ita
1400 3621 1680 3692 punietur;
1721 3619 1824 3673 hac
1861 3629 1987 3669 vero

418 3721 577 3777 modo
604 3720 652 3776 si
681 3718 971 3776 occultum.
1011 3736 1028 3770 ι
1944 3776 1949 3783 ,

489 3829 795 3901 Responsio.
821 3856 892 3867 —
912 3825 1021 3882 Sed
1042 3838 1219 3881 nonne
1235 3831 1427 3894 aperte
1447 3821 1781 3891 distinguunt
1798 3819 1987 3875 Patres

408 3924 558 3979 inter
582 3919 811 3977 crimina
829 3916 1039 3993 publica
1065 3925 1120 3970 et
1143 3914 1376 3978 occulta,
1398 3921 1454 3967 et
1476 3910 1844 3984 penitentiam
1866 3922 1987 3977 qua:

408 4013 660 4083 utrisque
689 4009 963 4079 competit,
991 4006 1219 4079 publicis
1244 4004 1531 4077 publicam,
1561 4002 1786 4058 occultis
1811 4014 1987 4055 secre-

418 4113 524 4160 tam
541 4144 559 4169 ,
589 4103 802 4175 quoties
830 4108 1030 4171 negant
1066 4113 1271 4155 morem
1303 4095 1557 4165 Ecclesia:
1583 4094 1747 4151 fuisse
1774 4092 1840 4148 de
1864 4104 1986 4160 pec-

415 4195 553 4250 catis
571 4191 794 4249 occultis
813 4190 1020 4262 publice
1041 4188 1358 4263 pmnitendi,
1379 4188 1520 4245 sicut
1539 4187 1590 4241 in
1614 4185 1789 4256 primo
1808 4184 1986 4254 capite

354 4292 359 4301 ’
414 4281 778 4338 ostendimus:
805 4279 1015 4350 quoties
1036 4276 1303 4333 afﬁrmant
1322 4290 1527 4331 morem
1547 4273 1800 4330 Ecclesia:
1818 4270 1985 4327 fuisse

416 4375 483 4431 de
524 4370 839 4430 criminibus
875 4368 1100 4424 occultis
1143 4374 1352 4423 secreto
1389 4363 1705 4436 pvenitendi,
1748 4363 1887 4418 sicut
1929 4360 1982 4416 in

415 4458 651 4519 secundo
678 4458 850 4530 capite
879 4455 1301 4517 declaravimus;
1338 4453 1550 4523 quoties
1575 4452 1805 4521 denique
1831 4465 1981 4507 asse-

415 4561 543 4609 runt
571 4551 945 4624 paenitentiam
974 4548 1239 4620 publicam
1263 4561 1363 4616 pro
1394 4544 1624 4616 publicis
1648 4551 1852 4599 tantum
1879 4542 1984 4597 cri-

416 4644 650 4698 minibus
678 4642 746 4696 ab
770 4640 1011 4695 Ecclesia
1038 4637 1205 4693 fuisse
1235 4645 1526 4699 statutam,
1565 4635 1706 4688 sicut
1740 4632 1796 4689 in
1825 4632 1983 4687 tertio

414 4736 590 4805 capite
610 4732 971 4803 probavimus.
1001 4729 1139 4797 Quid
1159 4728 1300 4783 aliud
1326 4736 1410 4783 est
1437 4726 1799 4797 distinguere?
1821 4739 1982 4794 quam

415 4841 536 4881 cum
560 4830 777 4879 sanctus
796 4820 1121 4891 Augustinus
1143 4820 1291 4875 verbi
1311 4819 1482 4891 gratia
1506 4817 1635 4874 dicit
1663 4817 1717 4873 in
1737 4832 1985 4872 sermone

414 4913 480 4969 de
494 4912 687 4969 Verbis
705 4910 916 4966 Domini
940 4928 954 4963 :
984 4928 1002 4961 ι
1032 4910 1189 4965 Certe
1212 4909 1256 4965 si
1276 4909 1417 4979 quis,
1439 4908 1581 4980 quod
1599 4907 1769 4966 solum
1791 4916 1874 4963 est
1895 4920 1983 4965 ve-

412 5016 555 5070 rum,
575 4999 853 5071 distinguit
870 5008 1130 5069 tempora,
1152 5008 1206 5055 et
1225 4999 1382 5054 solvit
1400 4999 1772 5070 quaestionem,
1796 5013 1983 5054 verum

408 5100 514 5147 est.
540 5088 599 5147 Si
618 5095 899 5161 peccatum
927 5088 980 5143 in
1008 5096 1216 5144 secreto
1236 5095 1340 5156 est,
1362 5088 1414 5142 in
1439 5094 1650 5144 secreto
1670 5087 1899 5157 corripe.
1925 5084 1985 5141 Si

407 5189 688 5250 peccatum
717 5178 988 5251 publicum
1012 5184 1095 5234 est
1120 5187 1175 5232 et
1211 5190 1481 5248 apertum,
1512 5176 1724 5247 publice
1751 5175 1983 5246 corripe,

380 5280 516 5351 .etc.
540 5290 561 5326 ι
577 5271 646 5327 Ει
664 5271 716 5325 in
738 5282 984 5328 sermone
1005 5268 1247 5341 sequenti
1267 5285 1279 5323 :
1303 5287 1321 5317 ι
1343 5266 1484 5339 Ergo
1511 5269 1623 5336 ipsa
1646 5266 1984 5345 corripienda

405 5369 538 5417 sunt
562 5376 745 5418 coram
771 5361 1020 5418 omnibus
1045 5375 1165 5430 qua:
1190 5366 1483 5429 peccantur
1508 5371 1691 5412 coram
1710 5354 1982 5419 omnibus,

407 5451 529 5522 ipsa
543 5465 671 5509 vero
682 5452 1017 5524 corripienda
1037 5459 1162 5507 sunt
1182 5452 1444 5507 secretius
1457 5464 1576 5520 qua:
1594 5456 1884 5520 peccantur
1906 5461 1986 5502 se-

409 5540 632 5598 cretius.
662 5561 681 5595 ι
707 5540 1106 5597 Manifestiome
1131 5524 1404 5596 distinctio
1424 5536 1602 5593 alferri
1627 5546 1804 5609 potest
1822 5553 1983 5608 quam

410 5644 538 5698 qua
560 5631 716 5686 allata
742 5641 824 5687 est
843 5649 871 5686 a
899 5631 1151 5688 Patribus
1170 5632 1384 5687 concilii
1403 5630 1868 5697 Neocmsariensis,
1891 5631 1982 5701 qui

2088 3189 2360 3260 publicum
2407 3195 2463 3243 et
2502 3187 2958 3258 vulgatissimum,
3002 3185 3152 3241 illum
3200 3186 3508 3242 inconsulta
3548 3186 3662 3258 epi-

2090 3298 2252 3353 scopo
2295 3297 2401 3336 non
2436 3296 2595 3352 posse
2635 3296 2666 3333 a
2708 3279 3025 3350 presbytero
3065 3277 3399 3332 reconciliari
3442 3277 3663 3332 absente

2088 3374 2340 3443 episcOpo
2364 3379 2419 3424 et
2456 3369 2780 3425 necessitate
2819 3375 3063 3434 cogente.
3105 3366 3259 3434 Quod
3290 3375 3559 3437 repugnat
3586 3367 3663 3421 di-

2089 3465 2328 3536 sciplina:
2378 3462 2682 3526 Africanae,
2734 3460 2896 3515 etiam
2944 3459 3276 3529 temporibus
3326 3459 3505 3525 sancti
3556 3456 3659 3529 Cy-

2085 3557 2284 3627 priani,
2315 3556 2405 3626 qui
2448 3555 2500 3609 in
2544 3553 2768 3622 epistola
2798 3552 2884 3617 12,
2911 3552 3043 3607 edit.
3086 3550 3308 3621 Rigalt.,
3347 3550 3417 3604 ad
3458 3550 3658 3611 clerum

2088 3644 2297 3709 scribit,
2329 3658 2396 3698 ne
2422 3643 2572 3697 vacui
2602 3650 2799 3697 exeant
2823 3640 2980 3709 lapsi,
3004 3639 3055 3694 id
3082 3648 3166 3695 est
3186 3641 3277 3709 qui
3307 3640 3527 3708 quidem
3552 3640 3659 3696 ido-

2087 3733 2313 3788 lolatriae
2342 3732 2567 3787 crimina
2595 3739 2763 3785 totam
2788 3729 3079 3785 Ecclesium
3105 3728 3391 3784 adversum
3421 3744 3479 3784 se
3513 3745 3657 3789 com‘

2087 3831 2368 3879 moverant
2400 3840 2412 3876 :
2452 3839 2473 3873 ι
2507 3821 2562 3875 Si
2585 3819 2953 3885 incommodo,
2981 3818 3171 3889 inquit,
3201 3819 3404 3889 aliqua,
3433 3828 3492 3875 et
3515 3820 3661 3877 inﬁr-

2087 3916 2292 3972 mitatis
2335 3913 2576 3985 pericula
2621 3913 2869 3983 occupati
2917 3910 3151 3978 fuerint,
3203 3926 3310 3989 non
3354 3919 3659 3983 exspectata

2085 4007 2369 4080 prmsentia
2397 4013 2582 4060 nostra
2614 4003 2755 4074 apud
2797 4004 3171 4073 presbyterum
3212 4015 3485 4070 quemque
3528 4016 3660 4070 pm-

2088 4104 2294 4151 sentem
2323 4112 2335 4148 :
2362 4092 2448 4149 vel
2488 4093 2534 4148 si
2562 4093 2843 4164 presbyter
2870 4100 3116 4160 repertus
3139 4104 3246 4144 non
3283 4088 3469 4155 fuerit,
3496 4098 3552 4145 et
3575 4106 3660 4143 ur-

2062 4182 2213 4257 gere
2239 4185 2419 4241 exitus
2440 4184 2656 4255 coeperit
2678 4223 2692 4247 ,
2728 4182 2869 4254 apud
2900 4182 3183 4238 diaconum
3208 4197 3427 4252 quoque
3448 4197 3661 4239 cmmo-

2087 4276 2310 4347 lagesim
2348 4274 2527 4330 facere
2567 4271 2746 4328 delicti
2788 4272 2869 4327 sui
2908 4272 3149 4341 possint;
3195 4279 3257 4325 ut
3290 4286 3458 4326 manu
3488 4272 3573 4326 eis
3607 4271 3659 4324 in

2085 4366 2401 4437 paenitentia
2420 4365 2669 4435 imposita
2690 4364 2907 4419 veniant
2929 4363 2996 4416 ad
3016 4362 3300 4418 Dominum
3322 4378 3446 4418 cum
3464 4376 3613 4433 pace.
3634 4380 3653 4414 ι

2084 4455 2348 4526 Deinceps
2376 4455 2640 4513 sancitum
2681 4462 2766 4509 est
2802 4454 3047 4525 pluribus
3080 4453 3405 4517 cananibus,
3449 4466 3517 4508 ne
3543 4454 3660 4524 quis

2080 4559 2285 4598 vacuus
2319 4558 2350 4598 e
2377 4544 2488 4598 vita
2540 4552 2715 4598 exeat.
2762 4543 3099 4613 QuaprOpter
3120 4557 3150 4596 a
3175 4557 3307 4596 vero
3335 4557 3499 4598 sensu
3526 4542 3660 4598 mul-

2083 4642 2195 4689 tum
2232 4636 2489 4690 abhorret
2524 4631 2574 4689 J.
2621 4633 2812 4688 Morini
2851 4633 3135 4704 expositio.
3178 4633 3353 4688 Verus
3391 4632 3559 4702 igitur
3596 4647 3659 4688 ac

2081 4724 2347 4796 genuinus
2386 4739 2578 4781 sensus
2618 4720 2839 4792 hujusce
2879 4722 3102 4776 canonis
3139 4721 3219 4777 sic
3252 4720 3409 4777 facile
3437 4720 3658 4793 intelligi

2078 4822 2277 4884 potest,
2294 4821 2355 4866 ut
2384 4814 2681 4885 presbyter,
2710 4811 3010 4868 inconsulto
3036 4812 3307 4882 episcopo,
3335 4826 3445 4867 non
3468 4825 3657 4868 recan-

2081 4905 2229 4960 ciliet
2258 4903 2630 4977 pmnitentem,
2662 4902 2764 4956 nisi
2793 4902 3018 4961 absente
3048 4902 3323 4971 episcopo,
3345 4910 3401 4957 et
3423 4900 3659 4958 necessi-

2085 5004 2193 5051 tate
2227 5002 2451 5064 cagcnte
2478 5011 2492 5048 :
2526 4993 2892 5066 cujuscunque
2928 5001 3105 5047 autem
3144 4991 3466 5062 ptenitentis
3486 4992 3659 5063 publi-

2083 5100 2207 5140 cum
2236 5084 2439 5139 crimen
2466 5091 2565 5147 est,
2608 5089 2758 5136 extra
2801 5079 3136 5137 necessitatis
3171 5093 3359 5135 casum
3402 5089 3531 5136 ante
3567 5080 3658 5136 ab—

2085 5177 2255 5233 sidem
2303 5190 2494 5230 manus
2534 5173 2735 5245 imponi
2779 5172 2990 5228 debeat.
3033 5171 3210 5241 Atque
3253 5170 3401 5225 hunc
3444 5186 3656 5229 sensum

2084 5263 2443 5321 certissimum
2466 5276 2587 5318 esse
2611 5260 2941 5317 demonstrat
2962 5257 3342 5317 Pmnitentiale
3366 5256 3655 5321 Theodori,

2083 5356 2137 5412 in
2167 5372 2276 5427 quo
2309 5363 2537 5411 testatur
2563 5354 2703 5424 apud
2730 5352 3003 5410 Romanas
3032 5350 3524 5408 reconciliationem
3551 5363 3658 5422 pte-

2084 5450 2368 5504 nitentium
2395 5445 2512 5503 ﬁeri
2537 5445 2677 5502 intra
2701 5444 2939 5500 absidem
2957 5484 2973 5510 ,
2998 5443 3052 5498 in
3077 5440 3243 5499 Cauta
3269 5440 3514 5504 Domini.
3546 5448 3657 5501 tau-

2085 5551 2199 5596 tum
2237 5540 2306 5595 ab
2338 5538 2610 5611 episcopo,
2648 5545 2705 5592 et
2743 5543 3114 5593 consummata
3142 5534 3486 5605 pauitantia,
3527 5540 3585 5586 et
3611 5530 3653 5589 si

2083 5629 2333 5701 episcopo
2378 5624 2591 5682 difﬁcile
2633 5624 2725 5692 sit,
2767 5625 3083 5695 presbytero
3120 5636 3279 5692 posse
3323 5619 3650 5677 necessitatis
