3968 6180
296 329 442 389 MSS

1157 335 1244 388 AB
1279 334 1446 393 eam
1486 326 1849 395 NOVITA‘l'lS
1889 338 2287 399 SUSPlClONE
2328 338 2714 403 \‘lNDii‘ATA.

3421 359 3554 415 “90

292 458 460 500 causa
486 443 727 515 praebere
749 452 1069 514 potestatem
1093 456 1152 500 ut
1181 448 1416 520 impleat.
1445 451 1642 507 Eadem
1677 461 1874 510 testan-
1903 457 1949 514 Α
1980 470 2187 511 morum
2229 458 2391 514 animi
2431 462 2741 517 morborum
2763 465 2983 520 omnino
3007 466 3249 523 sufficere
3281 468 3559 539 judicave-

294 542 390 589 tur
413 532 742 603 Halitgarius
765 535 819 590 in
843 535 1159 606 prtefatione
1187 540 1254 595 ad
1280 541 1655 599 Ptenitentiale
1681 546 1878 601 Roma—

291 637 457 688 num;
487 622 710 696 Regina.
737 623 830 681 lib.
860 641 877 681 ι
906 625 974 682 de
996 628 1379 689 ecclesiasticis
1401 633 1727 704 Disciplinis,
1757 652 1874 706 cap.

288 712 420 769 296.
470 713 606 771 Cum
647 716 815 786 igitur
850 718 1221 786 quorumlibet
1252 721 1463 790 publice
1503 725 1879 794 ptenitentium

291 801 437 872 apud
476 801 748 860 Romanos
775 812 929 859 extra
960 808 1297 864 necessitatis
1333 825 1518 865 casum
1561 814 1881 869 reconciliao

292 892 374 948 tio
404 892 501 948 ﬁat
524 894 664 948 intra
691 896 930 951 absidem
960 916 971 950 :
1008 914 1237 971 cumque
1270 900 1466 959 'Patrcs
1506 905 1716 961 concilii
1747 906 1879 962 Car-

292 982 629 1053 thaginensis
668 1001 728 1039 ιιι
772 996 1019 1042 asserant
1049 988 1271 1057 hujusce
1300 995 1756 1052 reconciliationis
1782 1012 1882 1067 pu-

289 1071 448 1128 blicae
474 1073 735 1129 rationem
772 1090 892 1131 esse
934 1078 1139 1133 crimen
1173 1080 1469 1149 publicum,
1512 1084 1683 1154 liquet
1706 1085 1882 1156 poeni-

289 1160 521 1215 tentiam
572 1162 842 1230 publicam
896 1166 1110 1221 nonnisi
1161 1169 1230 1222 ob
1280 1170 1491 1240 publica
1543 1172 1769 1227 crimina
1816 1171 1883 1229 ab

289 1250 539 1306 Ecclesia
566 1250 730 1308 fuisse
759 1253 1086 1324 impositam,
1118 1264 1278 1328 atque.
1306 1258 1509 1316 idcirco
1537 1261 1625 1316 illa
1654 1264 1880 1317 crimina

290 1338 507 1404 publica
551 1341 859 1398 distinxisse
899 1345 969 1399 ob
1012 1347 1255 1412 occultis,
1306 1365 1407 1419 pro
1449 1352 1644 1421 quibus
1691 1367 1882 1409 omnes

289 1426 486 1482 Patres
531 1431 770 1485 unanimi
817 1446 1081 1489 consensu
1133 1450 1456 1495 censuerunt
1507 1443 1878 1512 paenitentiam

291 1526 511 1573 secreto
536 1518 731 1576 factam
757 1521 1022 1578 sufﬁcere.
1856 1550 1865 1555 λ

367 1606 469 1662 Hic
508 1617 595 1664 est
632 1611 768 1666 ordo
807 1614 1085 1670 charitatis
1128 1619 1491 1687 continendas,
1535 1639 1691 1694 quem
1737 1625 1879 1683 Deus

288 1711 419 1769 erga
449 1701 703 1769 populum
726 1701 893 1759 Israel
919 1709 1128 1763 tenuit:
1154 1725 1313 1780 quem
1343 1711 1593 1771 Christus
1622 1717 1672 1770 in
1702 1718 1877 1774 Evan-

1981 556 2121 602 runt.
2148 547 2218 606 Ut
2243 551 2406 621 igitur
2428 561 2611 624 pateat
2632 553 2824 611 Patres
2844 557 3094 628 antiquos
3116 560 3559 627 gravissimorum

1979 641 2142 695 animi
2187 643 2494 698 morborum
2536 647 2869 702 sanationem
2918 665 3023 704 non
3070 650 3389 722 neglexisse,
3437 653 3561 710 licet

1980 744 2213 787 canones
2239 732 2565 805 intelligendi
2593 735 2700 790 sint
2728 737 2795 791 de
2823 738 3139 794 criminibus
3160 741 3420 811 publicis,
3448 742 3558 797 imo

1980 821 2045 877 de
2069 837 2257 877 eorum
2293 825 2570 881 sanatione
2597 827 2889 883 maximam
2922 831 3154 901 gessisse
3185 848 3400 899 curam;
3442 834 3557 890 haec

1979 917 2215 973 remedia
2238 916 2573 987 proferemus
2600 934 2667 976 ex
2694 922 3087 993 antiquissimis
3112 925 3382 983 Patribus.

1986 1008 1989 1011 ‘
2050 994 2316 1069 Clemens,
2337 1008 2696 1079 apostolorum
2711 1010 3023 1081 discipulus,
3043 1015 3095 1069 in
3127 1016 3553 1089 epistol_a,quam

1980 1092 2196 1147 nomine
2214 1092 2468 1150 Ecclesiae
2488 1094 2742 1154 Romanae
2756 1099 2822 1156 ad
2838 1101 3237 1159 Corinthiorum
3248 1106 3550 1181 Ecclesiam

1980 1172 2215 1251 scripsit,
2246 1189 2300 1237 et
2329 1196 2491 1253 quam
2528 1184 2794 1244 Eusebius
2821 1188 2915 1244 lib.
2953 1207 3014 1247 ill
3063 1193 3257 1249 eccles.
3319 1174 3545 1260 Histor.,

1979 1285 2098 1339 cap.
2135 1271 2221 1336 l6,
2247 1280 2476 1329 testatur
2505 1277 2573 1330 ab
2603 1278 2853 1335 omnibus
2875 1283 3115 1339 unanimi
3144 1300 3407 1341 consensu
3466 1303 3550 1343 re-

1980 1369 2187 1430 ceptam
2209 1356 2349 1427 esse,
2379 1362 2584 1433 utpote
2621 1369 2872 1423 eximiam
2904 1387 2968 1426 ac
2991 1388 3211 1442 prorsus
3259 1375 3551 1432 admirabi-

1978 1447 2105 1513 lem,
2154 1450 2268 1505 hzec
2316 1462 2665 1522 peccatorum
2701 1460 2939 1515 remedia
2981 1465 3251 1533 proponit.
3290 1484 3309 1516 ‹
3345 1467 3549 1525 Divina:

1978 1539 2164 1608 gratia:
2215 1541 2470 1609 ministri,
2531 1543 2738 1616 Spiritu
2794 1559 2983 1605 sancto
3028 1552 3226 1620 afllati,
3273 1555 3339 1610 de
3375 1557 3549 1625 pinni-

1981 1626 2144 1681 tentia
2189 1627 2353 1684 locuti
2381 1639 2521 1686 sunt.
2566 1633 2683 1707 Ipse
2724 1637 2885 1692 etiam
2927 1655 3109 1695 rerum
3158 1644 3397 1699 omnium
3446 1646 3550 1701 Do-

1977 1715 2156 1771 minus
2206 1732 2330 1773 cum
2374 1718 2685 1789 juramento
2738 1727 2803 1781 de
2844 1730 3161 1797 poenitentia
3200 1732 3412 1790 locutus
3442 1744 3544 1792 est.

285 1788 429 1856 gelio
454 1793 738 1861 praecepit,
769 1802 825 1849 et
855 1802 964 1851 tota
994 1797 1211 1853 Patrum
1238 1802 1455 1859 traditio
1478 1808 1866 1876 comprobavit.
1901 1809 1948 1872 Β
1974 1805 2128 1872 Vivo,
2172 1788 2385 1878 inquit,
2423 1811 2681 1869 Dominus
2702 1856 2718 1881 ,
2773 1788 2896 1871 nolo
2942 1828 3172 1876 mortem
3218 1828 3540 1893 peccatoris,

284 1878 412 1936 Haec
439 1891 523 1936 est
548 1883 778 1953 denique
802 1885 888 1941 lex
913 1889 1185 1958 aequitatis
1209 1893 1454 1961 publicae,
1485 1905 1540 1950 et
1558 1896 1698 1965 juris
1723 1914 1869 1954 com-

283 1973 465 2027 munis
492 1972 561 2027 ab
583 1976 832 2031 omnibus
877 1980 1209 2049 sapientibus
1251 1983 1473 2047 laudati,
1520 1996 1581 2042 ut
1627 1990 1870 2046 solvatur

283 2062 515 2131 quisque
554 2079 621 2120 eo
662 2066 821 2123 modo
860 2081 967 2139 quo
1006 2070 1221 2128 funibus
1257 2086 1602 2144 peccatorum
1647 2092 1867 2137 suorum

284 2150 588 2222 colligatur.
1006 2160 1011 2165 ’

1238 2184 1279 2210 κ

904 2251 1131 2310 CAPUT
1170 2256 1216 2312 ν

285 2332 588 2418 Secundum
614 2348 976 2418 argumentum
1009 2345 1265 2415 refellitur
1286 2365 1304 2403 :
1324 2359 1375 2404 et
1402 2354 1713 2418 ostenditur,
1745 2354 1864 2410 licet

354 2405 666 2490 Ῑεζεθπιηεε
681 2405 893 2490 :qntiqui
919 2405 1145 2470 canones
1172 2418 1494 2490 intelligendi
1534 2405 1730 2478 sint};

352 2474 591 2550 minibus
605 2474 846 2550 publicis,
875 2500 978 2538 non
1006 2494 1181 2541 tamen
1210 2474 1399 2544 τεθείη
1423 2491 1478 2544 J.
1509 2474 1723 2549 ﬂorido
1739 2474 1865 2550 con-

353 2543 526 2628 cludi,
574 2543 700 2633 inde
735 2543 878 2621 sequi
918 2550 1105 2633 Patres
1153 2543 1395 2630 antiquos
1432 2543 1862 2633 gravissimorum

354 2614 549 2702 trttimin
564 2614 861 2702 morborum
910 2624 1237 2702 sanationem
1275 2614 1496 2702 prorsus
1540 2614 1860 2702 iteoleicisse,

352 2698 475 2766 cum
492 2682 689 2766 Patres
713 2691 925 2766 nntiqui
959 2702 1148 2766 printer
1175 2682 1859 2766 poenitentiompiiblicoin:

352 2762 402 2841 et
434 2753 659 2841 qualem
696 2753 1023 2841 1:.Morin'us
1045 2753 1320 2841 describit,
1344 2767 1501 2837 plura
1528 2753 1653 2841 alia,

352 2824 555 2907 suerint
577 2827 821 2907 remedia,
847 2845 963 2899 quae
987 2832 1055 2907 ad
1080 2824 1405 2907 sanationem
1432 2824 1861 2907 gravissimorum

350 2891 516 2946 animi
541 2891 837 2950 morborum
858 2891 1076 2955 omnino
1105 2905 1336 2973 stt/ﬁcere
1353 2891 1729 2975 judicoverint.

357 3019 376 3049 ο
413 2999 741 3070 Secundum,
767 3005 940 3076 inquit
964 3004 1013 3062 J.
1042 3008 1300 3077 Morinos,
1331 3021 1587 3083 sequetur
1610 3017 1864 3088 antiquos

278 3090 473 3147 Patres
495 3092 559 3147 de
582 3095 806 3163 publicis
827 3097 1142 3155 criminibus
1165 3118 1349 3173 curam
1373 3112 1581 3160 tantum
1604 3109 1856 3177 gessisse,

276 3182 343 3236 de
370 3183 598 3239 occultis
626 3201 755 3240 vero
785 3187 1004 3243 nullam.
1034 3188 1090 3243 Si
1121 3191 1263 3245 enim
1290 3207 1523 3249 canones
1547 3194 1620 3249 illi
1647 3196 1712 3250 de
1737 3213 1863 3269 pec-

172 3274 177 3281 '
277 3270 419 3324 catis
438 3271 665 3340 publicis
688 3273 1013 3348 intelligendi
1036 3287 1183 3345 sunt,
1202 3280 1267 3351 de
1289 3282 1515 3338 occultis
1532 3283 1857 3354 homicidiis,

274 3358 742 3430 fornicationibus,
771 3374 900 3433 etc.,
929 3369 1060 3424 nulli
1089 3370 1655 3443 amplius‘supersuut.
1696 3376 1859 3446 Atqui

274 3450 503 3508 crimina
533 3455 791 3525 ejusmodi
830 3468 1037 3513 secreta
1067 3448 1446 3530 perpetrantur
1472 3465 1703 3532 occulte,
1732 3466 1859 3523 dum

277 3557 445 3596 mum
476 3551 569 3597 aut
591 3543 814 3600 alterum
841 3546 1053 3619 publice
1080 3548 1498 3618 deprehenditur
1524 3571 1535 3605 :
1564 3568 1861 3625 conseque-

277 3639 431 3687 retur
454 3634 616 3703 igitur
640 3635 1075 3706 gravissimorum
1098 3638 1260 3692 animi
1287 3640 1595 3697 morborum
1625 3645 1859 3699 sanatio-

274 3738 401 3779 nem
438 3725 687 3794 antiquos
711 3725 901 3782 Patres
934 3743 1155 3797 prorsus
1180 3730 1511 3801 neglexisse;
1544 3736 1686 3805 quod
1714 3737 1860 3809 cogi-

275 3822 395 3870 tare
421 3814 571 3868 nefas
609 3823 709 3878 est,
752 3818 950 3872 nedum
995 3816 1193 3875 dicere.
1239 3819 1295 3874 Si
1318 3823 1653 3890 poenitentiae
1692 3828 1859 3881 ratio-

275 3918 400 3957 nem
433 3911 636 3958 tantum
662 3906 922 3960 haberent
946 3922 1261 3977 pinnarum,
1298 3909 1515 3966 tolerari
1544 3911 1724 3969 forsan
1754 3916 1857 3972 hoc

273 4000 479 4063 posset.
511 3994 706 4049 Verum
735 4011 855 4050 cum
900 3997 1409 4054 medicamentorum
1452 4001 1719 4058 rationem
1762 4021 1858 4076 po-

274 4084 543 4138 tissimum
597 4086 847 4152 induant,
898 4086 1145 4157 hancque
1195 4090 1459 4144 rationem
1504 4090 1696 4148 Patres
1744 4110 1855 4165 pra}

271 4173 489 4228 cancris
515 4183 778 4243 spectent,
803 4175 907 4229 dici
941 4172 1051 4231 non“
1078 4186 1256 4247 potest
1283 4177 1521 4235 ulcerum
1554 4190 1663 4237 tam
1686 4184 1861 4252 pesti-

272 4261 513 4318 ferorum
541 4262 641 4318 nisi
669 4262 882 4335 publice
917 4272 972 4319 et
997 4265 1050 4318 in
1079 4267 1364 4337 propatulo
1384 4280 1681 4341 serperent,
1709 4272 1853 4342 quod

271 4368 437 4422 quam
467 4353 741 4409 rarissime
781 4362 836 4409 et
880 4355 969 4408 vix
1003 4357 1297 4428 contingit,
1337 4361 1670 4416 curationem
1699 4362 1852 4417 dese-

1970 1896 2107 1951 sicut
2127 1900 2496 1967 pmnitentiam
2525 1905 2729 1961 addens
2752 1906 2971 1980 insuper
2997 1911 3198 1968 dictum
3225 1917 3498 1997 egregium
3528 1937 3539 1971 :

1969 1985 2305 2059 Resipiscite,
2333 1994 2523 2050 domus
2552 1996 2735 2065 lsrael,
2769 2000 2836 2055 ab
2880 2001 3163 2073 iniquitate
3208 1985 3410 2064 vestra.
3448 2009 3544 2066 Dic

1969 2077 2095 2134 filiis
2120 2081 2296 2151 populi
2326 2084 2465 2151 mei,
2512 2084 2567 2140 Si
2598 2099 2820 2157 peccata
2849 2101 3029 2147 vestra
3058 2110 3089 2148 a
3137 2104 3279 2151 terra
3324 2099 3393 2153 ad
3430 2115 3542 2157 cce-

1901 2211 1905 2216 .
1968 2167 2077 2222 lum
2096 2184 2263 2239 usque
2279 2172 2721 2243 multiplicentur,
2745 2178 2791 2232 si
2817 2194 2978 2235 cocco
3004 2183 3251 2240 rubriora
3278 2194 3335 2242 et
3361 2187 3536 2244 cilicio

1968 2256 2202 2328 nigriora
2246 2259 2466 2329 fuerint,
2499 2271 2553 2319 et
2599 2268 2666 2322 ad
2717 2283 2803 2323 me
2830 2282 2897 2324 ex
2942 2278 3054 2327 toto
3100 2275 3260 2330 corde
3289 2280 3534 2335 conversi

1966 2346 2176 2405 fueritis
2217 2357 2271 2405 et
2299 2352 2570 2423 dixeritis,
2608 2356 2795 2425 Pater,
2837 2366 3087 2432 tanquam
3122 2366 3318 2438 populo
3347 2380 3532 2426 sancto

1966 2458 2152 2498 aurem
2182 2446 2334 2503 vobis
2361 2448 2629 2518 prtebebo.
2668 2451 2735 2506 Et
2757 2452 2811 2506 in
2840 2453 2945 2510 alio
2969 2455 3109 2524 loco,
3139 2458 3219 2515 sic
3244 2461 3403 2526 dicit,
3428 2460 3532 2516 La-

1964 2532 2179 2600 oamini,
2229 2535 2412 2589 mundi
2455 2547 2635 2605 estote,
2686 2539 2893 2598 auferte
2938 2544 3079 2599 mala
3127 2562 3193 2602 ex
3248 2548 3533 2606 animabus

1964 2624 2158 2680 vestris
2187 2625 2256 2680 ab
2287 2626 2458 2683 oculis
2504 2630 2662 2697 meis,
2692 2632 2955 2702 quiescite
2980 2650 3012 2688 a
3056 2636 3279 2694 malitiis
3316 2650 3535 2696 vestris.

1964 2711 2165 2772 Discite
2213 2715 2405 2773 facere
2428 2718 2651 2787 bonum,
2710 2724 2933 2793 quaerite
2970 2723 3252 2794 judicium,
3311 2733 3541 2798 liberate

1963 2820 2303 2879 Oppressum,
2343 2810 2584 2880 iudicate
2622 2814 2845 2887 pupillo,
2891 2824 2947 2871 et
2977 2816 3271 2886 justificate
3299 2824 3539 2885 viduam.

1964 2896 2031 2952 Et
2058 2899 2236 2955 venite
2270 2900 2655 2972 colloquamur,
2684 2905 2815 2960 dicit
2838 2905 3117 2977 Dominus,
3148 2921 3205 2967 et
3249 2915 3295 2969 si
3334 2914 3535 2973 fuerint

1961 2997 2182 3058 peccata
2217 2998 2396 3046 vestra
2431 2995 2585 3063 quasi
2604 2995 2957 3069 pbmnicium,
2997 3002 3137 3058 sicut
3162 3005 3336 3062 nivem
3381 3008 3532 3067 deal-

1959 3076 2123 3145 babo,
2166 3088 2223 3135 et
2249 3081 2295 3136 si
2324 3079 2524 3138 fuerint
2552 3092 2611 3138 ut
2638 3088 2941 3157 coccinum,
2970 3091 3128 3151 .sicut
3168 3082 3343 3152 lanam
3390 3086 3539 3154 deni?

1888 3165 1936 3229 C
1965 3169 2124 3225 babo.
2173 3171 2265 3226 Illa
2304 3179 2429 3228 sunt
2473 3175 2708 3231 remedia
2760 3179 3125 3250 pcenitentize,
3176 3200 3295 3255 qua:
3340 3188 3536 3246 divinas

270 4445 469 4509 ruisse,
498 4452 695 4514 Susque
721 4442 891 4513 deque
919 4446 1195 4511 habuisse,
1224 4456 1279 4502 et
1300 4446 1368 4503 dc
1403 4449 1611 4506 levibus
1641 4458 1849 4506 tantum
1878 4464 1893 4514 ζ

269 4531 679 4602 venialibusque
714 4533 960 4603 peccatis
1006 4536 1262 4590 sanandis
1299 4538 1540 4593 curiosos
1584 4538 1750 4596 fuisse
1796 4548 1852 4596 et

269 4622 552 4679 sollicitos.
588 4641 607 4674 ι

341 4711 644 4783 Responsio.
673 4742 745 4752 —
771 4710 1024 4779 Quamvis
1058 4712 1248 4770 Patres
1291 4717 1497 4785 antiqui
1538 4704 1598 4772 in”
1633 4720 1854 4776 canoni-

264 4803 391 4868 bus,
425 4802 516 4874 qui
552 4813 678 4858 sunt
700 4803 848 4874 leges
873 4804 1100 4874 publica:
1122 4806 1309 4877 judicii
1334 4809 1714 4876 ecclesiastici,
1742 4828 1850 4867 non

266 4890 625 4962 exposuerint
650 4891 887 4947 remedia
911 4894 1107 4962 quibus
1130 4895 1356 4950 crimina
1391 4898 1603 4952 occulta
1637 4899 1849 4955 diluun.

264 4990 378 5048 tur,
408 4996 516 5036 non
548 4990 727 5037 tamen
757 4981 881 5038 inde
911 4992 1057 5040 recte
1086 4985 1424 5042 concluditur
1470 5005 1500 5043 a
1544 4988 1592 5046 J.
1639 4990 1848 5049 Morino

263 5068 460 5127 Patres
481 5072 732 5141 antiquos
760 5074 1199 5143 gravissimorum
1228 5077 1394 5132 animi
1422 5080 1735 5136 morborum
1760 5095 1846 5136 sa-

265 5162 545 5219 nationem
582 5178 805 5235 prorsus
853 5166 1170 5237 neglexisse.
1220 5168 1433 5225 Etenim
1475 5171 1601 5227 alibi
1652 5181 1848 5245 praeter

267 5252 646 5323 paenitentiam
672 5253 940 5326 publicam
960 5297 975 5323 ,
1000 5257 1213 5325 qualem
1245 5258 1295 5314 .l.
1325 5260 1564 5315 Morinos
1590 5261 1849 5317 describit

265 5344 362 5399 lib.
407 5359 459 5398 iv
497 5344 566 5400 de
605 5344 1084 5403 Administratione
1130 5352 1454 5406 sacramenti
1493 5352 1844 5423 pmnitentiae,

265 5448 387 5502 cap.
420 5433 475 5500 7,
506 5449 776 5507 quamque
804 5437 871 5491 ab
897 5437 1025 5508 ipsis
1052 5438 1213 5493 etiam
1243 5440 1576 5497 incunabulis
1593 5441 1848 5500 Ecclesiae

266 5527 619 5582 constitutam
645 5542 763 5584 esse
789 5529 918 5585 dicit
947 5529 1001 5583 in
1039 5529 1418 5587 afﬂictionibus
1448 5541 1503 5587 et
1531 5535 1846 5591 maceratio—

266 5618 428 5673 nibus
453 5619 698 5689 corporis
737 5618 1053 5685 manifestis,
1096 5620 1286 5677 Patres
1321 5622 1523 5692 antiqui
1552 5624 1702 5694 plura
1741 5625 1845 5681 alia

265 5718 664 5777 proposuerunt
706 5709 962 5777 remedia,
993 5724 1112 5779 qum
1135 5713 1201 5766 ad
1230 5713 1561 5769 sanationem
1589 5716 1845 5784 gravissi-

1878 4509 1931 4569 Ι)

1961 3264 2149 3333 gratiae
2198 3264 2426 3319 ministri
2484 3264 2684 3337 Spiritu
2739 3279 2926 3325 sancto
2977 3272 3138 3328 amati
3190 3277 3490 3335 docuerunt
3514 3322 3533 3345 ,_

1961 3361 2124 3423 atque
2153 3355 2267 3424 ipse
2302 3370 2481 3409 rerum
2528 3357 2770 3414 omnium
2823 3361 3101 3420 Dominus.
3136 3384 3154 3418 ι
3190 3364 3322 3434 Quis
3368 3384 3539 3438 parra

1959 3446 2431 3516 negabitsanctum
2455 3446 2783 3509 Clementem
2814 3454 3110 3521 censuisse,
3152 3457 3265 3515 haec
3293 3462 3535 3520 remedia

1959 3550 2026 3590 ex
2064 3535 2360 3606 Seripturis
2401 3538 2565 3610 petita
2593 3540 2661 3596 ad
2688 3543 3059 3600 remissionem
3089 3548 3374 3606 criminum
3406 3567 3539 3621 gmw

1957 3628 2299 3683 vissimorum
2339 3628 2619 3686 sufficere?
2950 3622 2953 3625 “

2029 3716 2271 3775 Justinus
2291 3712 2573 3792 martyrio
2603 3722 2812 3796 dialogo
2835 3741 2954 3782 cum
2984 3724 3271 3802 Tryphone
3299 3731 3483 3792 Iudaeo
3512 3755 3535 3789 ;

1964 3828 1982 3860 ι
2013 3810 2128 3866 Non
2158 3812 2213 3866 in
2242 3810 2390 3866 hisce
2416 3813 2809 3884 beneplacitum
2836 3819 3089 3875 consistit
3110 3822 3202 3877 Dei
3234 3826 3424 3880 nostri.
3471 3825 3529 3882 Si

1956 3900 2077 3970 quis
2102 3900 2156 3954 in
2185 3901 2338 3957 vobis
2388 3911 2473 3957 est
2509 3901 2758 3973 periurus
2805 3916 2898 3963 aut
2940 3907 3255 3978 fraudator,
3300 3930 3531 3984 peccare

1957 3990 2183 4046 desinat.
2217 3990 2277 4047 Si
2324 3994 2447 4062 quis
2492 3993 2809 4063 fornicator,
2837 4015 2868 4054 a
2895 3998 3037 4054 malo
3081 4002 3366 4072 resipiscat
3406 4019 3420 4057 :
3472 4016 3535 4061 et

1954 4096 2081 4136 vera
2105 4074 2332 4152 lmtaque
2355 4082 2448 4137 Dei
2478 4084 2700 4139 sabbata
2728 4087 3016 4157 peregerit.
3045 4088 3103 4143 Si
3136 4091 3258 4159 quis
3278 4091 3521 4163 imperas

1954 4175 2117 4230 habet
2139 4190 2345 4240 manus,
2379 4174 2537 4242 lavet,
2565 4185 2620 4231 et
2649 4192 2819 4246 purus
2848 4177 3011 4233 fuerit
3049 4198 3068 4231 ι
3104 4178 3336 4238 Sanctus
3357 4183 3522 4240 Justi-

1952 4285 2054 4324 nus
2094 4268 2302 4325 videtur
2331 4278 2603 4340 spectasse
2642 4272 2806 4327 verba
2851 4271 3108 4342 Epistolae
3136 4273 3241 4328 divi
3272 4272 3421 4329 Pauli
3452 4278 3521 4331 ad

1951 4359 2245 4430 Ephesios,
2278 4375 2395 4432 cap.
2427 4375 2480 4413 ιν
2500 4366 2555 4414 et
2582 4376 2634 4426 v,
2664 4360 2754 4415 ubi
2780 4360 3068 4430 Apostolus
3101 4364 3350 4433 proponit
3398 4376 3523 4435 apta

1952 4448 2189 4504 remedia
2238 4462 2336 4518 pro
2383 4448 2707 4520 quibuslibet
2744 4449 2856 4506 fere
2897 4453 3156 4522 peccatis,
3182 4454 3388 4510 scilicet
3425 4473 3521 4526 pro

1952 4539 2186 4609 peccatis
2240 4538 2526 4605 mendacii,
2577 4539 2721 4610 loqui
2750 4541 3030 4596 veritatem
3064 4560 3077 4596 :
3128 4541 3352 4614 Propter
3381 4546 3521 4614 quod

1950 4629 2260 4700 deponentes
2310 4629 2668 4695 mendacium,
2717 4630 2989 4701 loquimini
3037 4632 3304 4687 veritatem
3360 4652 3518 4690 unus-

1949 4719 2165 4791 quisque
2211 4736 2329 4774 cum
2380 4721 2616 4791 proximo
2654 4737 2768 4783 suo,
2799 4722 3047 4793 quoniam
3075 4739 3254 4779 sumus
3301 4726 3518 4783 invicem

1948 4809 2199 4864 membra.
2233 4809 2339 4865 Pro
2382 4810 2620 4880 peccatis
2649 4810 2941 4867 iracundia:
2967 4820 3023 4868 et
3047 4812 3317 4880 vindictas,
3362 4833 3508 4872 man-

1953 4901 2310 4969 suetudinem,
2345 4901 2769 4957 misericordiam
2794 4890 2858 4957 ac
2901 4903 3276 4961 remissionem
3305 4897 3515 4966 debito?

1952 5006 2072 5046 rum
2103 5008 2118 5045 :
2148 4990 2448 5045 lrascimini
2476 5002 2525 5047 et
2550 4990 2708 5047 nolite
2752 5009 3006 5064 peccare:
3033 4992 3128 5052 Sol
3167 5012 3272 5051 non
3312 4998 3516 5053 occidat

1951 5097 2106 5152 super
2142 5082 2473 5137 iracundiam
2512 5090 2753 5141 vestram.
2804 5080 2985 5137 Nolite
3021 5083 3190 5139 locum
3236 5086 3364 5140 dare
3402 5088 3521 5153 diu:

1951 5169 2097 5236 bolo,
2126 5179 2176 5226 et
2216 5170 2385 5225 omnis
2428 5171 2724 5225 amaritudo
2771 5180 2821 5225 et
2858 5173 2963 5237 ira,
2991 5183 3039 5227 et
3091 5172 3415 5243 indignatio,
3464 5169 3519 5228 et

1946 5258 2151 5316 clamor
2192 5267 2241 5315 et
2299 5259 2616 5332 blasphemia
2672 5260 2890 5316 tollatur
2933 5279 2967 5316 α
3017 5262 3155 5316 vobis
3207 5279 3323 5315 cum
3372 5266 3519 5318 omni

1947 5352 2185 5419 malitia;
2224 5362 2383 5410 estote
2433 5365 2605 5410 autem
2652 5355 2867 5411 invicem
2928 5352 3171 5421 benigni,
3217 5352 3516 5407 misericor-

1946 5443 2055 5509 des,
2087 5445 2339 5501 donantes
2375 5446 2611 5511 invicem,
2644 5448 2776 5501 sicut
2804 5452 2851 5497 et
2895 5442 3034 5498 Deus
3078 5445 3132 5495 in
3160 5440 3365 5498 Christo
3410 5440 3523 5503 (10-⁴

1948 5536 2088 5589 navit
2136 5536 2296 5590 vobis.
2334 5534 2441 5591 Pro
2474 5536 2699 5593 crimine
2740 5532 2893 5595 furti,
2942 5530 3334 5603 eleemosynam
3361 5550 3374 5585 :
3406 5531 3519 5599 Qui

1948 5625 2227 5695 [urebatur
2240 5625 2358 5696 jam
2400 5642 2503 5679 non
2547 5624 2755 5694 {uratur
2792 5637 2810 5674 :
2848 5620 3017 5689 magis
3058 5628 3228 5676 autem
3269 5620 3513 5688 laboret,

1946 5715 2207 5786 operando
2248 5715 2485 5768 manibus
2525 5715 2634 5767 suis
2672 5709 2810 5782 quod
2850 5710 3038 5764 bonum
3081 5720 3187 5774 est,
3219 5720 3272 5763 ut
3320 5710 3509 5768 habent
