3968 6180
479 321 608 376 “Ol

1040 313 1386 370 TllEODORl
1425 311 1742 368 ARCHIEP.
1783 311 2061 368 CANTUA

2174 309 2520 368 DOCTRINA
2561 309 2649 366 DE
2688 308 3142 365 ΡΕΕΝΙΤΕΝΤΙΑ

3591 307 3734 364 H92

479 429 616 485 unde
638 427 832 481 tribuat
867 427 1218 479 necessitatem
1249 427 1486 495 patienti.
1522 425 1626 478 Pro
1669 423 1905 494 peccatis
1935 423 2044 476 for-
2073 426 2120 482 Α
2147 420 2472 476 dictionibus
2519 431 2574 476 ct
2603 423 3061 494 macprationibus
3107 422 3352 490 corporis
3399 423 3727 480 manifestis.

479 519 780 578 nicatiouis,
833 516 1204 578 immunditim,
1248 525 1341 570 aut
1387 515 1626 569 avaritia:
1681 529 1696 568 :
1740 513 2045 567 Fornicatio

481 617 654 662 autem
684 616 730 660 et
758 605 924 660 omnis
949 605 1302 669 immunditia,
1333 617 1420 660 aut
1444 606 1670 659 avaritia
1708 620 1770 658 ne
1816 605 2048 658 nomine-

479 707 568 752 tur
592 697 646 750 in
674 695 846 761 vobis,
876 696 1007 749 sicut
1050 696 1191 749 decet
1241 705 1469 748 sanctos.
1521 695 1720 748 Deinde
1761 693 2048 763 Apostolus

479 771 740 844 describit
780 788 994 857 quinam
1041 788 1148 840 sint
1212 785 1367 855 hujus
1411 786 1743 856 paenitentiae
1798 785 2044 840 fructus:

483 879 661 933 Eratis
690 881 827 934 enim
856 878 1141 949 aliquando
1188 877 1432 942 tenebrat,
1473 895 1610 931 nunc
1643 888 1816 931 autem
1865 876 1958 930 lux
1993 877 2048 930 in

480 970 726 1024 Domino.
761 967 827 1022 Ut
851 968 950 1038 ﬁlii
995 967 1127 1022 lucis
1163 967 1456 1032 ambulate;
1506 966 1708 1036 fructus
1751 968 1887 1020 enim
1919 965 2049 1019 lucis

479 1070 551 1114 est
584 1061 637 1113 in
663 1061 802 1114 omni
836 1060 1062 1113 bonitate
1092 1069 1138 1112 et
1163 1059 1379 1128 justitia
1409 1068 1456 1112 et
1489 1059 1735 1122 ueritate,
1775 1057 2049 1126 probantes

477 1153 617 1222 quod
646 1154 712 1205 sit
766 1150 1141 1221 beneplacitum
1183 1151 1294 1204 Deo
1325 1167 1342 1204 :
1369 1160 1416 1204 et
1466 1149 1626 1204 nolite
1667 1150 2052 1204 communicare

480 1243 718 1313 aperibus
765 1243 1105 1312 infructuosis
1134 1241 1464 1296 tenebrarum
1492 1281 1508 1308 ,
1561 1240 1728 1310 magis
1760 1249 1934 1293 autem
1965 1255 2049 1294 re-

477 1334 738 1402 darguite.
771 1332 836 1386 Et
886 1332 940 1386 in
984 1331 1223 1401 Epistula
1255 1331 1323 1384 ad
1351 1329 1589 1394 Galatas,
1623 1345 1742 1399 cap.
1781 1345 1833 1394 v,
1868 1329 2049 1384 omnia

476 1424 608 1478 vitia
636 1424 910 1488 describit,
941 1423 1135 1492 quibus
1161 1421 1341 1476 statim
1370 1429 1493 1490 apta
1518 1420 1754 1476 remedia
1792 1419 2048 1481 subiicit:

481 1513 766 1583 Manifesta
802 1521 924 1566 sunt
952 1521 1125 1564 autem
1169 1527 1325 1581 opera
1356 1510 1552 1570 carnis,
1585 1525 1702 1579 qute
1731 1517 1852 1562 sunt
1879 1509 2052 1577 forni-

479 1606 639 1669 catio,
683 1603 1035 1667 immunditia,
1087 1601 1445 1671 impudicitia,
1498 1599 1736 1664 luxuria,
1789 1597 2054 1653 idolorum

478 1697 720 1758 servitus,
750 1694 1011 1762 veneﬁcia,
1064 1691 1372 1757 inimicitiae,
1415 1691 1788 1753 contentiones,
1830 1688 2050 1743 a’mula—

2222 513 2602 577 Tertullianus,
2630 513 2725 567 lib.
2752 529 2788 567 ιι
2819 513 3077 568 adversus
3099 511 3446 576 blarctonem,
3470 527 3592 581 cap.
3619 514 3687 567 25
3715 557 3727 567 .

2155 622 2175 654 ‹
2203 603 2337 658 Nam
2363 612 2418 659 et
2446 603 2499 657 in
2525 602 2713 658 Crmco
2741 618 2896 672 sono,
2924 602 3251 672 paenitentia:
3280 617 3496 666 nomen,
3526 620 3636 659 non
3660 621 3729 660 ex

2149 694 2328 749 delicti
2355 693 2724 759 confessione,
2770 693 2864 748 sed
2893 708 2960 746 ex
2990 693 3156 746 animi
3185 691 3556 748 demutatione
3581 709 3732 748 com-

2149 782 2382 854 positum
2405 791 2510 847 est,
2535 797 2696 850 quam
2721 781 2862 850 apud
2881 780 3048 835 Deum
3076 797 3174 850 pro
3199 797 3380 838 rerum
3401 785 3727 840 variantium

2150 886 2270 928 sese
2291 888 2519 928 occursu
2547 872 2659 942 regi
2685 871 3038 926 ostendimus.
3073 891 3091 923 ι

2220 964 2505 1035 Origenes,
2544 963 2636 1018 lib.
2672 979 2732 1017 ιιι
2762 971 2955 1017 contra
2982 961 3233 1018 Celsum:
3268 983 3287 1015 ι
3318 964 3504 1034 Neque
3534 964 3730 1035 iniusto

2151 1057 2406 1114 docemus
2431 1055 2678 1112 suflicere
2707 1056 2775 1109 ad
2804 1057 2906 1111 hoc
2945 1064 3004 1109 ut
3045 1071 3076 1110 a
3099 1055 3209 1111 Deo
3247 1056 3566 1126 recipiatur,
3598 1057 3642 1111 si
3667 1073 3726 1110 a-

2151 1155 2374 1218 gnoscat
2403 1163 2556 1202 suam
2594 1147 2894 1208 miseriam,
2939 1147 3032 1201 sed
3059 1147 3151 1214 qui
3176 1147 3427 1200 damnata
3455 1148 3728 1214 praeterita

2151 1256 2250 1295 sua
2277 1241 2415 1305 vita,
2457 1249 2737 1294 convertat
2763 1253 2822 1294 se
2847 1239 2917 1294 ad
2943 1237 3224 1294 meliorem
3249 1237 3460 1309 frugem
3482 1280 3498 1305 ,
3537 1253 3661 1293 eum
3695 1254 3726 1291 a

2151 1331 2263 1388 Deo
2291 1332 2475 1401 recipi.
2508 1352 2526 1384 ι

2224 1422 2561 1486 Lactantius,
2591 1421 2687 1476 lib.
2711 1437 2764 1477 vi
2791 1422 2858 1476 de
2880 1436 3009 1476 vero
3027 1419 3209 1487 Cultu,
3233 1436 3352 1490 cap.
3380 1421 3482 1476 15:
3511 1439 3530 1472 ι
3557 1422 3729 1491 Agere

2153 1521 2332 1566 autem
2360 1511 2751 1580 paenitentiam,
2783 1511 2920 1566 nihil
2948 1509 3093 1565 aliud
3117 1521 3203 1566 est
3223 1527 3386 1581 quam
3411 1509 3651 1581 proﬁteri
3678 1521 3733 1566 et

2154 1601 2427 1656 afﬁrmare
2457 1617 2515 1656 se
2541 1602 2766 1657 ulterius
2792 1617 2898 1657 non
2925 1610 3328 1671 peccaturum.»
3357 1603 3415 1656 In
3443 1605 3636 1658 eodem
3665 1605 3729 1659 li-

2155 1692 2276 1755 bro,
2308 1707 2428 1760 cap.
2459 1689 2529 1744 25
2554 1709 2565 1744 :
2603 1710 2620 1742 ι
2651 1690 2701 1744 Is
2731 1691 2876 1746 enim
2903 1707 3066 1762 quem
3096 1691 3223 1747 facti
3252 1693 3333 1746 sui
3363 1694 3619 1762 panitet,
3647 1709 3732 1748 er-

481 1786 663 1847 tiones,
698 1785 811 1847 ine,
833 1784 980 1847 ricta,
1006 1783 1373 1847 dissensiones,
1403 1791 1589 1846 sectte,
1634 1781 1862 1844 invidiae,
1891 1780 2056 1835 homi-
2090 1764 2132 1822 Β
2161 1797 2338 1837 rorem
2368 1798 2522 1836 suum
2553 1781 2841 1850 pristinum
2867 1781 3137 1852 intelligit.
3169 1782 3398 1851 Ideoque
3424 1783 3599 1838 δι’ωεί
3630 1799 3736 1837 me-

479 1876 639 1937 cidia,
667 1873 960 1937 ebrietates,
1007 1871 1426 1936 comessationes,
1457 1880 1504 1925 et
1543 1872 1624 1925 Itis
1660 1871 1856 1925 similia
1887 1884 1904 1922 :
1938 1887 2055 1942 qua:

479 1965 704 2034 pra’dico
730 1965 886 2028 vobis,
909 1965 1043 2017 sicut
1068 1962 1312 2027 pra’dixi,
1341 1947 1590 2034 quoniam
1624 1963 1713 2033 qui
1745 1962 1874 2016 talia
1896 1971 2056 2033 agunt

481 2070 697 2123 regnum
723 2053 820 2107 Dei
841 2070 942 2107 non
970 2052 1340 2121 possidebunt.
1370 2048 1602 2104 Fructus
1627 2060 1798 2103 autem
1828 2047 2057 2120 Spiritus

479 2154 555 2198 est
581 2158 598 2196 .'
629 2145 889 2206 charitas,
927 2144 1198 2214 gaudium,
1243 2159 1378 2213 pax,
1427 2143 1711 2212 patientia,
1744 2141 2054 2212 benignitas,

482 2235 711 2300 bonitas,
741 2235 1138 2306 longanimitas,
1182 2232 1552 2298 mansuetudo,
1594 2231 1746 2301 ﬁdes,
1772 2231 2055 2296 "modestia,

480 2326 817 2391 continentia,
844 2325 1076 2378 castitas.
1110 2345 1128 2378 ι
1150 2323 1275 2379 Haec
1299 2332 1423 2378 sunt
1443 2321 1679 2376 remedia
1701 2336 1819 2390 qum
1841 2329 2059 2375 sanctus

483 2417 726 2472 Justinus
761 2425 966 2488 martyr
991 2425 1112 2486 post
1146 2413 1460 2485 Apostolum
1492 2420 1842 2482 reprmsentat
1864 2455 1877 2478 ,
1907 2428 2060 2465 cum-

483 2521 587 2576 que
612 2523 718 2561 non
744 2506 847 2561 alia
875 2515 1180 2571 recenseat,
1218 2521 1341 2561 cum
1369 2504 1493 2560 divo
1513 2504 1678 2559 Paulo
1697 2503 1786 2558 illa
1815 2502 2060 2558 sulIicerc

482 2597 774 2652 arbitratus
798 2605 898 2653 est.

553 2686 800 2742 Clemens
849 2687 1242 2740 Alexandrinus
1279 2684 1489 2754 Ptedag.
1551 2684 1646 2738 lib.
1704 2701 1720 2738 ι
1762 2703 1774 2737 :
1827 2702 1845 2733 ι
1881 2683 2062 2738 Paeni-

487 2780 706 2834 tentiam
752 2794 910 2850 agerc
934 2786 1018 2833 est
1046 2794 1074 2831 a
1127 2778 1314 2832 morbo
1360 2775 1758 2831 convalescere.
1797 2793 1815 2826 ι
1865 2775 1984 2829 Lib.
2018 2790 2059 2831 II

487 2871 840 2934 Stromatum,
890 2867 1030 2923 idem
1081 2875 1266 2938 pastor
1298 2866 1431 2922 dicit
1475 2867 1642 2921 etiam
1690 2865 2062 2937 pmniteutiam

486 2973 605 3012 esse
626 2973 873 3028 magnam
908 2957 1334 3027 intelligentiam.
1370 2975 1388 3008 ι
1421 2955 1522 3023 Qui
1558 2956 1702 3010 enim
1725 2971 1913 3011 eorum
1939 2972 2060 3025 qua:

485 3047 614 3103 fecit
641 3048 853 3102 ducitur
897 3048 1232 3117 paenitentia,
1271 3063 1377 3101 non
1425 3046 1654 3117 amplius
1683 3045 1830 3111 facit,
1864 3046 1946 3101 vel
1983 3047 2063 3100 di-

487 3141 594 3205 cit,
627 3149 730 3196 etc.
757 3139 850 3193 Est
881 3139 1031 3192 tarda
1066 3137 1300 3207 cognitio
1330 3136 1668 3207 pmnitentia,
1691 3137 1927 3208 cognitio
1965 3152 2063 3191 au-

489 3241 596 3286 tem
634 3239 720 3286 est
757 3229 932 3300 prima
963 3245 992 3283 a
1032 3237 1253 3300 peccato
1297 3229 1546 3284 cessatio.
1598 3227 1747 3283 Fidei
1781 3243 1910 3300 ergo
1955 3225 2067 3282 olli-

487 3323 628 3376 cium
658 3335 871 3390 quoque
902 3327 957 3373 et
983 3334 1117 3387 opus
1141 3325 1221 3372 est
1248 3317 1584 3387 pmnitentia.
1621 3315 1733 3370 Nisi
1761 3318 1907 3372 enim
1949 3332 2065 3373 cre-

489 3410 688 3464 diderit
731 3423 851 3463 esse
881 3417 1158 3478 peccatum
1189 3421 1295 3476 quo
1319 3407 1472 3475 prius
1503 3407 1802 3473 tenebatur,
1834 3421 1941 3461 non
1986 3407 2067 3462 di-

485 3499 823 3564 movebitur;
866 3508 922 3554 et
955 3499 1058 3553 nisi
1087 3498 1380 3552 crediderit
1429 3497 1478 3552 ei
1517 3499 1735 3568 quidem
1778 3499 1867 3569 qui
1899 3499 2069 3554 delin-

488 3589 605 3659 quit
664 3589 971 3658 impendere
1019 3587 1339 3658 supplicium
1369 3627 1384 3651 ,
1439 3596 1684 3657 paratam
1733 3597 1913 3643 autem
1948 3604 2068 3644 esse

491 3681 719 3733 salutem
740 3679 788 3732 ei
809 3679 897 3746 qui
922 3693 985 3730 ex
1010 3678 1295 3745 praeceptis
1328 3677 1482 3740 vivit,
1510 3692 1577 3730 ne
1599 3677 1678 3732 sic
1709 3677 1924 3747 quidem
1952 3695 2071 3732 mu—

493 3769 717 3824 tabitur.
753 3788 772 3820 ι
806 3768 924 3821 Lib.
981 3784 1033 3822 tv
1080 3768 1410 3822 Stromatum
1463 3787 1474 3821 :
1515 3787 1531 3818 ι
1579 3769 1673 3822 Est
1718 3777 1895 3824 autem
1925 3771 2070 3841 suﬁi-

491 3860 630 3912 ciem
650 3898 664 3923 ,
706 3867 766 3911 ut
799 3872 898 3927 ego
927 3858 1138 3926 opinor,
1180 3858 1384 3912 homini
1411 3859 1678 3930 purgatio,
1712 3858 1951 3929 perfecta
1980 3860 2072 3914 lir-

491 3965 684 4018 maque
713 3965 776 4002 ac
804 3948 1013 4003 stabilis
1060 3947 1396 4018 paenitentia,
1429 3949 1474 4003 si
1517 3966 1641 4004 cum
1671 3950 1736 4004 de
1763 3951 2072 4020 praeceden-

495 4041 638 4094 tibus
667 4055 764 4094 nos
792 4039 1227 4094 damnaverimus
1254 4038 1556 4093 actionibus
1574 4079 1588 4105 ,
1620 4040 1862 4094 anterius
1883 4055 2072 4109 procc-

493 4136 704 4199 damus,
743 4141 925 4202 postea
977 4133 1353 4204 intelligentes,
1403 4142 1456 4189 et
1497 4143 1732 4189 mentem
1763 4136 2072 4190 immersam

493 4243 676 4282 amore
723 4226 814 4281 Dei
855 4225 1212 4290 sustollentes,
1247 4233 1352 4278 tam
1383 4226 1450 4280 ab
1477 4225 1542 4280 iis
1573 4241 1694 4296 qua:
1729 4241 1828 4297 per
1855 4241 2070 4281 sensum

492 4320 763 4375 delectant
786 4335 946 4390 quam
977 4319 1251 4388 prioribus
1277 4319 1506 4374 delictis.
1539 4340 1556 4372 ι
1591 4319 1710 4374 Lib.
1745 4337 1798 4374 vt
1831 4319 2074 4374 Stroma-

495 4420 607 4465 tum
647 4452 658 4464 .

497 4500 693 4565 munis,
737 4508 1020 4570 propterea
1054 4499 1196 4568 quod
1224 4499 1562 4568 peccaverit;
1597 4500 1766 4555 altera
1791 4517 1919 4556 vero
1947 4518 2068 4555 cum

496 4591 702 4662 peccati
748 4600 996 4644 naturam
1051 4589 1329 4654 didicerit,
1385 4591 1673 4657 persuadet
1715 4589 1782 4645 ab
1823 4592 1938 4660 ipso
1982 4593 2072 4647 de—

497 4680 688 4734 sistere
739 4691 960 4750 peccato
1008 4696 1104 4750 per
1157 4680 1508 4750 principalem
1558 4681 1820 4734 rationem
1862 4682 1948 4736 cui
1991 4691 2074 4736 est

498 4785 834 4840 consequens
859 4780 919 4826 ut
939 4788 1044 4826 non
1071 4781 1279 4840 peccet.
1315 4791 1332 4822 ι
1361 4771 1522 4826 Libro
1548 4770 1678 4837 Quis
1707 4772 1847 4826 dives
1869 4772 2074 4828 salvan-

499 4861 629 4925 dus,
659 4877 776 4940 cap.
801 4862 871 4918 38
897 4879 909 4913 :
941 4881 958 4912 ι
996 4860 1052 4916 Si
1080 4862 1201 4930 quis
1227 4861 1369 4914 illaut
1402 4861 1456 4914 in
1488 4861 1724 4914 animum
1756 4863 2071 4930 susceperit,

496 4952 748 5023 quamvis
770 4953 1002 5022 peccatis
1026 4952 1289 5008 obnoxius
1315 4953 1403 5017 sit,
1435 4951 1680 5021 quamvis
1699 4952 1866 5006 multa
1891 4953 2074 5007 illicita

499 5043 912 5118 perpetraverit,
943 5044 1176 5099 adaucta
1225 5045 1488 5098 cbaritatc
1540 5060 1784 5113 puraque
1834 5044 2072 5099 adhibita

501 5136 895 5208 resipiscentia,
937 5145 1117 5190 errata
1144 5151 1240 5190 sua
1283 5135 1558 5206 corrigere
1608 5144 1804 5204 potest.
1844 5154 1862 5187 ι
1898 5135 2073 5190 Pumi-

504 5232 686 5287 tentizc
738 5229 1077 5285 deﬁnitiones
1103 5245 1238 5300 quas
1291 5238 1511 5284 sanctus
1549 5229 1798 5286 Clemens
1845 5229 2077 5285 Alexan-

505 5325 688 5380 drinus
728 5323 910 5388 refert,
941 5322 1172 5377 maxima
1201 5321 1476 5376 continent
1514 5323 1774 5387 remedia,
1805 5339 1925 5392 qua:
1963 5324 2076 5394 ipse

503 5413 733 5467 atilrmat
762 5413 829 5466 ad
858 5413 1227 5469 remissionem
1263 5419 1607 5480 peccatorum
1637 5412 2077 5482 gravissimorum

506 5505 780 5570 sufﬁcere;
835 5505 975 5559 inter
1011 5521 1131 5575 qua:
1169 5515 1348 5558 tamen
1379 5505 1522 5558 nullo
1567 5505 1725 5558 modo
1764 5515 2079 5562 recensetur

509 5591 593 5645 illa
641 5597 953 5664 paenitentia
1003 5596 1214 5666 publica
1246 5611 1406 5665 quam
1453 5593 1500 5647 J.
1535 5593 1772 5649 Morinus
1821 5594 1953 5648 dicit
2009 5597 2075 5649 ab

510 5681 640 5751 ipsis
670 5684 1003 5739 incunabulis
1039 5685 1290 5740 Ecclesia:
1341 5684 1686 5739 constitutam
1715 5682 1879 5739 fuisse
1913 5684 1965 5738 in
1997 5683 2074 5737 af-

2088 3098 2139 3162 Β

2158 1873 2282 1938 lius,
2320 1882 2377 1928 et
2415 1872 2808 1943 signiﬁcantius
2847 1874 3109 1944 μετάνοιαν
3163 1872 3376 1936 dicunt,
3425 1887 3590 1940 quam
3639 1887 3738 1926 nos

2157 1963 2426 2034 possimus
2454 1952 2881 2032 resi'piscentiam
2920 1963 3120 2027 dicere,
3143 1970 3248 2018 etc.
3297 1961 3602 2031 Purgemus
3638 1963 3738 2031 igi-

2160 2061 2249 2108 tur
2279 2054 2665 2108 conscientiam
2698 2069 2817 2123 qua:
2853 2052 3024 2110 oculis
3067 2053 3162 2106 Dei
3203 2053 3386 2121 pervia
3417 2063 3536 2117 est;
3583 2062 3640 2106 et
3681 2061 3739 2105 ut

2160 2143 2235 2196 ait
2263 2144 2436 2207 idem,
2483 2159 2698 2214 semper
2729 2144 2804 2198 ita
2835 2144 3079 2197 vivamus
3119 2151 3176 2196 ut
3218 2144 3482 2197 rationem
3512 2143 3738 2197 redden-

2161 2235 2282 2289 dam
2315 2235 2468 2288 nobis
2495 2235 2856 2299 arbitremur;
2907 2243 3264 2304 putemusque
3309 2248 3408 2288 nos
3450 2233 3737 2287 momentis

2159 2325 2412 2379 omnibus
2454 2341 2560 2378 non
2607 2325 2661 2378 in
2706 2324 2910 2394 aliquo,
2955 2332 3015 2378 ut
3058 2324 3147 2379 ille
3185 2323 3353 2387 dixit,
3397 2323 3552 2378 orbis
3584 2331 3737 2376 terra:

2162 2417 2374 2470 theatro
2409 2417 2477 2470 ab
2506 2416 2835 2478 hominibus,
2884 2418 2979 2471 sed
3022 2418 3251 2487 desuper
3285 2418 3521 2486 spectari
3567 2417 3638 2469 ab
3675 2432 3737 2470 eo

2199 2508 2252 2562 ui
2285 2517 2340 2563 et
2362 2505 2526 2575 judcx
2557 2515 2611 2561 et
2639 2509 2794 2562 testis
2819 2507 2960 2562 idem
2990 2507 3200 2563 futurus
3223 2518 3328 2572 est,
3356 2509 3443 2562 cui
3472 2509 3736 2562 rationem

2163 2598 2285 2653 vitae
2333 2599 2669 2668 reposcenti,
2727 2607 2880 2654 actus
2925 2614 3051 2654 suos
3098 2598 3326 2654 inﬁciari
3379 2615 3488 2654 non
3534 2599 3734 2654 licebit.

2163 2687 2307 2758 Ergo
2337 2689 2505 2743 satius
2540 2698 2624 2743 est
2661 2696 2756 2742 aut
2789 2687 3025 2758 elIugere
3053 2691 3472 2756 conscientiam,
3512 2699 3611 2744 aut
3644 2706 3739 2745 nos

2162 2781 2308 2856 ipsos
2337 2780 2478 2834 ultro
2505 2780 2716 2849 aperire
2751 2780 3018 2847 animum,
3063 2790 3120 2834 et
3155 2781 3453 2850 perniciem
3493 2780 3739 2834 rescissis

2162 2871 2474 2926 vulneribus
2503 2867 2806 2935 effundere;
2840 2871 3036 2939 quibus
3062 2887 3218 2926 nemo
3247 2871 3385 2926 alius
3413 2871 3622 2925 mederi
3649 2886 3740 2940 po-

2165 2968 2290 3025 test,
2315 2960 2420 3014 nisi
2447 2958 2592 3014 solus
2622 2961 2709 3014 ille
2735 2961 2825 3030 qui
2855 2977 3098 3032 gressum
3129 2961 3353 3026 claudis,
3381 2963 3557 3016 visum
3587 2963 3741 3017 carcis

2165 3053 2429 3119 reddidit;
2468 3053 2734 3108 maculata
2767 3055 3009 3108 membra
3035 3057 3305 3125 purgavit,
3327 3066 3574 3112 mortuos
3599 3057 3741 3112 exci-

2168 3147 2323 3201 tavit.
2354 3166 2373 3199 ι
2429 3145 2593 3202 Libro
2633 3147 2696 3201 de
2737 3147 2820 3200 Ira
2855 3147 2981 3212 Dei,
3031 3164 3150 3217 cap.
3183 3148 3246 3202 21
3278 3167 3291 3202 :
3326 3168 3343 3199 ς
3375 3149 3565 3218 Itaque
3606 3149 3742 3205 Deus

2167 3254 2274 3295 non
2304 3239 2497 3302 thure,
2537 3253 2643 3292 non
2673 3238 2882 3303 hostia,
2941 3255 3048 3292 non
3095 3239 3348 3308 pretiosis
3392 3241 3740 3304 muneribus,

2167 3342 2288 3398 qua:
2325 3328 2506 3382 omnia
2538 3337 2663 3382 sunt
2692 3329 3094 3398 corruptibilia,
3125 3329 3219 3384 sed
3249 3345 3460 3384 morum
3490 3330 3741 3384 emenda-

2168 3417 2315 3471 tione
2335 3416 2611 3487 placatur;
2643 3425 2697 3470 et
2718 3417 2807 3485 qui
2830 3433 3058 3486 peccare
3081 3416 3298 3483 desinit,
3323 3417 3460 3472 iram
3486 3418 3581 3471 Dei
3606 3433 3743 3471 mor-

2168 3507 2331 3561 talem
2361 3506 2510 3561 facit.
2565 3506 2769 3561 Idcirco
2807 3507 2952 3562 enim
2996 3524 3101 3563 non
3149 3507 3216 3562 ad
3256 3523 3499 3578 praesens
3529 3507 3742 3562 noxium

2169 3613 2438 3668 quemque
2464 3598 2636 3666 punit,
2668 3607 2724 3651 ut
2756 3598 2952 3652 habeat
2980 3598 3142 3653 homo
3166 3598 3520 3667 resipiscendi
3549 3608 3604 3653 et
3633 3613 3743 3653 cor-

2171 3688 2376 3756 rigendi
2406 3689 2487 3742 sui
2516 3688 2847 3742 facultatem.
2879 3709 2897 3741 ι

2243 3780 2480 3834 llilarius
2505 3779 2849 3835 Pictavorum
2878 3781 3161 3852 episcopus
3187 3782 3240 3834 in
3265 3779 3462 3850 psalm.
3486 3796 3562 3835 n:
3596 3798 3614 3832 ι
3645 3779 3742 3834 Sed

2170 3873 2274 3927 hoc
2304 3872 2690 3927 irrationabilis
2715 3873 2958 3927 materiae
2981 3889 3077 3927 vas
3102 3874 3263 3927 etiam
3292 3872 3392 3926 sub
3419 3872 3525 3926 alia
3560 3869 3747 3926 intellio

2172 3963 2351 4032 gentia
2381 3961 2448 4016 ad
2479 3963 2741 4016 rationem
2769 3963 3021 4017 humanae
3045 3963 3340 4017 voluntatis
3368 3971 3618 4036 aptatum
3645 3973 3744 4025 est,

2171 4054 2418 4108 homines
2443 4053 2658 4122 quidem
2690 4068 2785 4122 pcr
2813 4053 2926 4107 hiec
2953 4053 3080 4107 vitia
3115 4068 3210 4107 sua
3239 4053 3435 4107 cadere
3463 4071 3474 4105 :
3507 4053 3602 4108 sed
3627 4054 3670 4108 si
3698 4053 3746 4107 in

2173 4145 2258 4198 his
2287 4145 2638 4214 pmnitcrent,
2669 4143 2722 4198 id
2751 4153 2852 4207 est,
2886 4145 2928 4198 si
2960 4143 3029 4197 ab
3056 4144 3139 4198 his
3165 4144 3503 4208 desinerent,
3535 4159 3596 4200 se
3623 4161 3748 4214 quo-

2173 4253 2279 4307 que
2309 4237 2450 4291 Deus
2478 4237 2532 4290 in
2561 4236 2647 4291 his
2681 4252 2799 4305 qua:
2829 4236 2894 4290 ad
2924 4248 3140 4306 pinnam
3172 4251 3334 4292 casus
3360 4234 3523 4305 hujus
3549 4237 3746 4293 consti-

2175 4328 2338 4382 tuerit
2363 4327 2642 4398 poenitere.
2677 4348 2694 4379 ι

708 4428 726 4462 t
760 4411 856 4465 Est
885 4410 1080 4479 duplex
1111 4410 1430 4479 pmnitentia
1474 4427 1486 4462 :
1523 4425 1626 4464 una
1677 4411 1893 4480 quidem
1923 4426 2072 4465 com-
2104 4450 2155 4509 ο
2247 4417 2573 4472 Athanasius
2607 4417 2660 4472 in
2687 4416 2916 4487 epistola
2944 4417 3007 4472 de
3035 4416 3487 4486 Interpretatione
3515 4417 3748 4472 Psalmo-

2177 4522 2298 4561 rum
2323 4523 2334 4559 :
2370 4524 2388 4556 ι
2422 4506 2561 4560 Sunt
2587 4506 2801 4574 quidem
2830 4513 2886 4561 et
2917 4505 2970 4559 in
3000 4505 3120 4559 aliis
3146 4504 3443 4575 Scripturis
3472 4506 3749 4561 sententiae

2176 4599 2574 4668 prohibitorite,
2610 4614 2730 4667 quae
2761 4597 2898 4652 mala
2928 4605 3140 4662 vetant,
3171 4597 3266 4652 sed
3305 4598 3358 4650 in
3396 4597 3501 4652 hoc
3535 4599 3745 4660 codice,

2179 4690 2447 4760 quomodo
2476 4689 2854 4743 abstinendum
2895 4689 2965 4742 sit
3007 4705 3037 4742 a
3081 4687 3258 4752 malis,
3293 4689 3653 4756 exprimitur:
3695 4699 3749 4742 ut

2181 4778 2415 4833 edictum
2456 4778 2583 4832 alibi
2620 4786 2731 4840 est,
2783 4777 3158 4846 ptenitentiam
3199 4778 3461 4847 agendam
3497 4793 3655 4842 esse,
3700 4789 3752 4834 et

2179 4871 2555 4943 pmtiitentiant
2600 4884 2718 4924 esse
2769 4885 2797 4922 a
2845 4870 3086 4940 peccatis
3119 4869 3385 4923 desinere.
3419 4889 3438 4920 ι
3489 4867 3632 4936 Quid
3671 4869 3750 4924 his

2182 4961 2435 5017 remediis
2461 4961 2527 5014 ad
2557 4961 2927 5014 remissionem
2958 4960 3243 5014 criminum
3274 4959 3615 5016 occultorum
3641 4959 3752 5014 efll-

2179 5050 2404 5105 cacius?
2429 5049 2572 5104 Inter
2600 5064 2719 5116 qua:
2743 5063 2864 5101 eum
2892 5064 2992 5102 nec
3028 5046 3413 5111 Tertullianus,
3445 5062 3547 5102 nec
3573 5047 3752 5118 Orige-

2183 5155 2299 5204 nes,
2333 5154 2433 5193 nec
2469 5135 2804 5202 Lactantius,
2852 5150 2950 5190 nec
2995 5135 3230 5190 Hilarius
3259 5136 3610 5190 Pictavorum
3646 5137 3752 5206 cpi-

2181 5243 2376 5298 scopus
2393 5269 2407 5292 ,
2448 5241 2622 5295 neque
2650 5224 2978 5282 Athanasius
3005 5227 3114 5281 ullo
3148 5228 3304 5281 modo
3330 5235 3754 5282 commemorent

2179 5317 2552 5388 pusuitentiam
2593 5315 2892 5386 publicam;
2942 5316 3182 5385 nunquid
3227 5315 3430 5370 idcirco
3474 5317 3751 5371 dicendum

2182 5421 2266 5468 est
2304 5413 2403 5466 hos
2439 5425 2626 5466 omnes
2651 5409 2842 5464 Patres
2871 5409 3311 5478 gravissimorum
3341 5409 3508 5462 animi
3546 5409 3755 5462 morbo-

2182 5517 2303 5556 rum
2354 5516 2540 5556 curam
2589 5516 2813 5571 prorsus
2861 5499 3202 5570 neglexisse?
3255 5499 3410 5554 Absit
3459 5514 3590 5553 vero
3637 5495 3752 5552 talis

2181 5593 2396 5661 injuria.

2249 5684 2478 5740 Basilius
2505 5685 2558 5741 in
2587 5685 2806 5742 homilia
2836 5685 2890 5740 in
2918 5685 3119 5758 aliquot
3152 5685 3449 5756 Scriptura:
3474 5684 3640 5751 locus,
3663 5678 3750 5734 ubi
