3968 6180
310 328 450 386 H95

298 442 374 496 de
403 443 568 496 variis
595 443 810 499 disserit
837 447 982 502 vitiis
1010 464 1023 502 :
1055 469 1073 500 ι
1107 451 1204 507 llic
1230 467 1412 512 castus
1443 469 1524 515 est
1543 502 1557 525 ,
1591 463 1676 518 ille
1703 463 1878 518 libidi-

296 546 490 589 nosus.
528 534 719 590 Utrum
751 539 942 596 horum
973 543 1134 598 ditior
1160 563 1171 598 :
1205 549 1294 616 qui
1326 554 1627 608 castitatem
1664 568 1869 620 servat,

295 638 373 677 an
418 625 512 695 qui
556 628 840 695 pecuniam
888 646 952 684 ex
1002 633 1198 703 injuria
1248 642 1532 707 possidet?
1580 644 1738 700 Certe
1782 649 1872 716 qui

291 724 502 771 castus.
560 717 728 786 Hujus
771 724 1030 777 memoria
1075 730 1438 798 sempiterna,
1487 734 1627 790 illius
1656 737 1872 809 fragiles

292 816 426 861 sunt
467 809 699 875 divitia};
756 813 914 881 hujus
958 817 1271 874 thesaurum
1315 821 1402 876 fur
1431 826 1608 881 nullus
1632 827 1866 896 eﬁ‘odiet,

295 896 441 952 illius
468 899 669 954 divitia:
694 901 854 957 hodie
884 902 1104 972 ﬁerent,
1152 923 1274 964 cras
1317 925 1668 970 marcescent.
1705 919 1871 986 Igitur

289 990 502 1058 respice
531 993 757 1061 arqualia
787 1009 852 1048 ac
877 994 1033 1062 plana
1055 1037 1068 1059 ,
1100 1013 1256 1053 suum
1286 1002 1480 1071 cuique
1508 1005 1746 1063 tribuens
1774 1009 1868 1064 ho-

287 1093 480 1134 norem
509 1099 522 1133 :
555 1083 930 1149 pretiosiorem
964 1089 1226 1143 rationem
1265 1093 1430 1156 habe,
1469 1104 1530 1149 ut
1559 1098 1865 1154 misericor-

285 1173 436 1227 diam
489 1176 750 1231 invenias.
800 1177 915 1241 Dic,
948 1195 1066 1249 age,
1098 1190 1250 1238 estne
1285 1185 1424 1241 inter
1450 1203 1546 1242 vos
1578 1191 1860 1260 quisquam

281 1259 465 1315 inanis
497 1262 679 1330 gloriae
709 1265 954 1336 cupidus,
982 1270 1072 1335 qui
1103 1285 1210 1324 non
1239 1273 1310 1326 sit
1337 1275 1670 1331 iracundus?
1699 1259 1863 1351 Cupi-

281 1349 386 1404 dus
413 1364 474 1404 es
503 1351 679 1408 inanis
705 1352 930 1422 glorim?
983 1372 1087 1410 non
1137 1360 1288 1415 vides
1328 1362 1506 1430 plana.
1566 1365 1859 1424 Iracundus

276 1439 385 1492 es?
417 1455 538 1493 cum
585 1441 853 1498 iracundo‘
882 1460 950 1498 ne
1000 1447 1232 1503 habites.
1273 1452 1434 1507 Vides
1459 1459 1731 1523 quomodo
1759 1475 1857 1528 per

277 1528 762 1599 breviloquentiam
797 1533 924 1588 vitia
964 1547 1146 1591 nostra
1180 1542 1534 1610 corrigantur,
1597 1557 1701 1602 etc.
1750 1550 1855 1606 Ac-

274 1617 398 1684 cipe
444 1620 758 1674 remedium.
810 1621 866 1676 Si
907 1629 1204 1682 accerseris
1233 1631 1524 1700 medicum,
1567 1645 1621 1690 et
1648 1638 1852 1695 videris

274 1710 419 1776 apud
455 1726 576 1764 eum
606 1711 758 1765 varia
797 1713 1089 1783 pharmaca
1122 1721 1284 1775 variis
1321 1733 1573 1780 contenta
1611 1730 1844 1798 tabellis,

271 1799 642 1856 considerabis
677 1803 806 1871 quid
846 1812 938 1859 tuo
975 1808 1164 1864 morbo
1193 1816 1497 1870 conveniat.
1551 1817 1666 1874 Non
1702 1823 1845 1878 enim

271 1890 363 1956 qui
395 1891 529 1959 pede
554 1889 795 1957 olieudit,
825 1898 1018 1964 quaarit
1045 1901 1187 1955 oculi
1217 1906 1582 1974 curationem;
1623 1914 1716 1967 sed
1754 1917 1846 1984 qui

265 1981 489 2036 oculum
532 1982 696 2037 habet
731 1985 1020 2052 affectum,
1070 1996 1406 2050 commodam
1449 2015 1606 2068 opem
1652 2008 1844 2072 quaerit

267 2070 446 2124 oculo.
485 2071 673 2142 Itaque
701 2075 928 2146 quisque
953 2079 1054 2134 sibi
1099 2097 1165 2136 ex
1211 2085 1506 2155 Scripturis
1533 2097 1720 2149 morbo
1745 2112 1843 2151 suo

265 2162 644 2216 convenientia
673 2174 865 2219 sumat.
910 2168 1205 2226 Iracundus
1227 2175 1321 2227 es?
1345 2179 1538 2234 cohibe
1564 2182 1720 2238 iram.
1751 2187 1842 2240 Vir

264 2248 581 2316 iracundus,
601 2253 795 2323 inquit,
812 2259 984 2326 turpis
1003 2268 1103 2325 est,
1124 2263 1268 2316 disce
1291 2280 1356 2319 ex
1382 2268 1483 2324 hac
1500 2269 1799 2341 Scriptura.
1816 2298 1831 2327 ι

335 2339 628 2410 Gregorius
672 2343 1043 2405 Nazianzenus
1093 2353 1146 2406 in
1195 2357 1440 2413 oratione
1487 2361 1590 2414 15:
1637 2383 1655 2413 σ
1685 2365 1837 2422 Alius

260 2437 510 2484 nostrum
539 2447 828 2501 pauperem
863 2445 1164 2507 oppressit,
1212 2460 1274 2498 ac
1315 2455 1473 2504 terra:
1501 2461 1704 2520 partem
1736 2457 1833 2526 ipsi

258 2521 569 2588 abstraxit,
619 2526 862 2596 maleque
891 2531 972 2584 vel
1004 2547 1101 2601 per
1126 2533 1370 2592 fraudem
1395 2581 1411 2606 ,
1457 2544 1538 2596 vel
1585 2559 1681 2613 per
1724 2550 1833 2605 vim

258 2614 552 2669 terminum
585 2624 950 2690 transgressus
979 2635 1061 2678 est
1087 2667 1102 2691 ,
1151 2637 1208 2682 et
1246 2645 1432 2700 agrum
1463 2651 1592 2704 agro
1615 2641 1834 2709 copula-

256 2703 364 2768 vit,
393 2712 453 2757 ut
480 2708 725 2774 proximo
755 2711 956 2781 aliquid
985 2717 1240 2786 eriperet,
1272 2732 1376 2777 etc.
1407 2703 1558 2781 Alius
1579 2732 1758 2787 usuris
1778 2743 1832 2787 et

254 2791 532 2852 fenoribus
569 2805 764 2856 terram
817 2809 1219 2876 contaminavit,
1271 2823 1376 2868 etc.
1424 2819 1574 2874 Alius
1603 2824 1702 2877 reti
1733 2840 1830 2880 suo

252 2991 401 3028 mum
433 2977 658 3044 habens,
687 2991 778 3035 aut
802 2984 895 3038 Dei
918 2987 1231 3045 memoriam
1263 3011 1326 3049 ex
1356 2998 1537 3053 animo
1560 3012 1655 3056 aut
1678 3014 1826 3062 certe

249 3063 392 3120 illius
417 3069 559 3124 male
583 3074 896 3132 recordatus
924 3088 1024 3145 est,
1050 3091 1157 3136 etc.
1181 3105 1200 3136 ι
1236 3086 1301 3140 Et
1327 3099 1448 3158 post
1473 3093 1576 3147 alia
1608 3095 1816 3153 Patrem

244 3155 324 3208 sic
351 3157 620 3227 hortatur,
646 3171 706 3216 ut
730 3180 885 3220 suum
914 3172 1166 3239 populum
1197 3155 1531 3237 haec'doeeat
1557 3190 1813 3256 remedia,

242 3248 441 3317 quibus
463 3251 676 3306 illorum
701 3256 824 3311 vitia
849 3271 1123 3327 curentur,
1147 3275 1204 3319 et
1223 3267 1303 3322 ira
1328 3270 1421 3325 Dei
1457 3279 1813 3344 reprimatur:

245 3359 264 3390 σ
295 3340 392 3395 llis
422 3346 676 3414 populum
711 3356 860 3404 tuum
897 3352 1123 3410 instrue.
1159 3358 1301 3414 Doce
1332 3377 1523 3430 panem
1553 3372 1812 3428 esurienti

240 3430 527 3504 frangere,
577 3445 632 3492 et
663 3456 925 3510 pauperes
958 3453 1100 3501 tecto
1131 3460 1383 3508 carentes
1426 3457 1712 3528 colligere,
1759 3473 1813 3518 et

239 3523 540 3577 nuditatem
574 3534 770 3596 tegere,
808 3546 909 3586 nec
941 3539 1366 3606 consanguineos
1395 3544 1708 3613 despicere:
1748 3567 1809 3608 ac

238 3629 380 3670 nunc
408 3620 740 3684 praesertim,
774 3631 831 3676 ut
858 3623 1055 3680 bonum
1087 3638 1329 3687 nostrum
1357 3650 1422 3689 ex
1452 3642 1676 3706 penuria
1707 3645 1806 3704 sit.

233 3720 342 3758 non
377 3722 441 3760 ex
479 3710 844 3768 abundantia:
877 3732 984 3785 quo
1012 3734 1235 3776 munere
1265 3722 1410 3780 Deus
1446 3732 1618 3798 magis
1642 3719 1804 3802 quam

233 3792 417 3850 multis
442 3798 804 3858 oblationibus
828 3807 1145 3878 magnisque
1170 3792 1804 3883 largitionibus'delecta-

229 3887 339 3937 tur.
373 3904 393 3936 ι

301 3971 592 4044 Gregorius
617 3979 889 4052 Nyssenus
930 3987 982 4042 in
1021 3999 1264 4047 oratione
1303 3997 1562 4054 adversus
1590 4016 1682 4057 eos
1707 4007 1799 4074 qui

225 4061 362 4117 alios
384 4067 630 4124 acerbius
657 4075 1043 4134 condemnant;
1067 4098 1086 4129 ι
1120 4081 1199 4136 Tu
1226 4099 1372 4150 vero,
1407 4086 1558 4156 cujus
1586 4094 1798 4150 animus

223 4166 372 4222 aeger
391 4163 494 4220 est,
524 4173 620 4212 cur
643 4177 747 4215 non
777 4164 842 4218 ad
868 4167 1132 4222 medicum
1165 4177 1460 4242 properas?
1490 4194 1586 4233 cur
1612 4199 1717 4238 non
1747 4187 1794 4240 ei

222 4246 528 4303 conﬁtendo
562 4255 807 4309 morbum
837 4261 1075 4316 ostendis
1105 4266 1292 4320 tuum?
1327 4266 1464 4333 Quid
1489 4277 1713 4342 pateris,
1736 4288 1794 4332 ut

221 4335 558 4405 depascatur,
610 4351 670 4398 ut
715 4357 949 4416 superet,
996 4361 1056 4406 ut
1100 4335 1505 4416 inﬁammetur?
1555 4365 1791 4422 Tandem

216 4425 508 4495 aliquando
536 4433 810 4502 resipisce,
848 4453 913 4493 ac
941 4441 1166 4511 teipsum
1199 4462 1381 4504 nosce.
1424 4453 1594 4508 Deum
1621 4455 1791 4512 oﬁ‘en-

215 4515 370 4580 disti,
395 4529 794 4586 procreatorem
827 4534 978 4582 tuum
1005 4531 1230 4588 irritasti
1254 4576 1268 4600 ,
1299 4552 1420 4592 eum
1451 4543 1541 4612 qui
1569 4554 1624 4599 et
1652 4561 1788 4614 pra:-

212 4604 386 4658 sentis
413 4605 534 4661 vine
563 4617 882 4676 potestatem
919 4617 1100 4686 habet,
1129 4631 1183 4677 et
1206 4622 1400 4681 futura:
1432 4604 1689 4690 D-ominu-s
1723 4652 1786 4693 ac

203 4692 373 4760 judex
401 4704 502 4750 est.
555 4699 770 4757 Deliciis
814 4706 1094 4780 indulgens
1145 4714 1199 4767 in
1248 4719 1496 4774 morbum
1534 4723 1784 4796 delapsus

206 4798 269 4837 es
295 4801 307 4837 :
342 4800 465 4840 eum
496 4787 673 4844 inedia
701 4801 756 4847 et
775 4794 990 4864 jejuniis
1017 4815 1167 4856 cura.
1205 4804 1432 4862 Animus
1463 4809 1670 4867 laborat
1703 4817 1781 4870 in-

204 4875 558 4943 continentia,
574 4878 892 4940 adhibeatur
907 4893 1275 4958 temperantia:
1303 4897 1775 4960 medicamentum.

201 4961 482 5034 Multiplici
517 4981 583 5021 ac
612 4972 777 5027 nimia
805 4979 1044 5044 pecunia:
1072 4983 1362 5050 cupiditate
1390 4988 1442 5041 in
1475 4987 1666 5048 febrim
1700 4997 1780 5051 in-

198 5053 418 5119 cidisti,
462 5055 785 5118 liberalitate
811 5074 867 5119 et
894 5067 1234 5142 eleemosyna
1276 5077 1593 5146 depellatur.
1650 5084 1777 5142 Hmc

197 5144 344 5198 enim
373 5154 458 5200 est
483 5148 708 5204 nimium
744 5156 969 5225 expleta:
1009 5165 1204 5219 mentis
1238 5144 1464 5223 curatio.
1519 5170 1681 5229 Ltesit
1722 5186 1773 5233 te

194 5249 381 5289 rerum
409 5236 710 5296 alienarum
736 5243 984 5314 direptio,
1029 5266 1149 5319 qua:
1183 5265 1334 5326 rapta
1371 5271 1495 5316 sunt
1533 5264 1599 5318 ad
1640 5283 1769 5335 pro-

193 5323 343 5390 prios
373 5323 618 5382 dominos
647 5343 1018 5404 revertantur;
1068 5343 1404 5402 mendacium
1449 5359 1499 5404 te
1527 5355 1771 5421 proxime

191 5411 346 5467 duxit
371 5416 437 5468 ad
467 5416 742 5476 interitum
761 5466 775 5489 ,
807 5422 1004 5483 Perdes
1033 5433 1196 5498 enim,
1241 5437 1432 5508 inquit,
1472 5460 1649 5501 omnes
1681 5450 1771 5519 qui

187 5501 478 5572 loquuntur
525 5512 890 5582 mendacium,
942 5521 1190 5579 veritatis
1241 5531 1419 5585 studio
1467 5535 1768 5601 periculum

185 5594 443 5661 evitetur,
472 5605 576 5652 etc.
631 5599 770 5669 Quid
799 5608 945 5663 enim
977 5611 1120 5668 aliud
1165 5625 1248 5671 est
1289 5623 1627 5692 pmnitentia,
1663 5631 1766 5686 nisi

185 5681 470 5741 dissolutio
500 5697 555 5742 et
584 5697 795 5751 eversio
821 5705 1217 5768 prteteritorum
1239 5751 1252 5775 ,
1295 5726 1413 5780 qua:
1442 5717 1524 5770 vel
1556 5735 1614 5773 re
1685 5723 1765 5776 vel

505 5782 774 5848 Ριτιιοι..
824 5791 1026 5855 XCIX

1136 342 1224 396 AB
1264 346 1430 404 OMNI
1473 349 1838 408 NOVITATIS
1878 354 2280 444 SL'SPICIO-XE
2321 365 2708 426 VINDICA'I'A.

1881 1806 1923 1866 Β

2563 108 2574 150 Ι

3411 388 3546 444 “9‘

1910 473 1951 529 Α
1981 470 2304 539 cogitatione
2333 489 2459 534 sunt
2487 483 2756 542 admissa?
2778 497 2882 545 etc.
2917 492 3148 553 Ostende
3178 503 3309 558 mihi
3336 523 3552 568 amaras

1977 566 2138 628 atque
2177 563 2369 620 uberes
2399 569 2664 641 lacrymas
2712 587 2862 644 tuas,
2913 592 2970 636 ut
3019 601 3165 643 meas
3199 606 3297 662 ego
3333 610 3551 668 quoque

1973 655 2372 712 commisceam.
2406 662 2722 722 Aﬁlictiouis
2745 673 3061 745 participem
3091 688 3142 733 et
3166 685 3368 738 socium
3393 704 3546 748 sume

1973 747 2328 815 sacerdotem,
2362 761 2420 807 ut
2444 765 2670 824 patrem,
2696 770 2800 816 etc.
2855 765 3214 832 Quamobrem
3251 778 3421 847 major
3447 783 3543 839 tibi

1972 850 2035 889 eo
2063 837 2253 894 ﬁducia
2292 843 2362 898 sit
2394 848 2486 914 qui
2523 859 2575 905 te
2611 852 2664 906 in
2700 856 2808 911 Deo
2836 862 3047 928 genuit,
3093 880 3255 934 quam
3285 871 3338 924 in
3365 871 3469 928 illis
3505 890 3538 930 ει

1969 928 2162 996 quibus
2189 948 2416 1002 corpore
2443 952 2757 1007 procreatus
2786 962 2862 1002 es.
2906 928 3180 1010 Audacter
3211 963 3431 1017 ostende
3459 963 3539 1019 illi

1968 1033 2088 1085 qua:
2123 1032 2248 1075 sunt
2274 1029 2566 1084 recondita.
2605 1024 2783 1090 Animi
2819 1034 3018 1096 arcana
3049 1051 3301 1115 tanquam
3328 1053 3538 1111 occulta

1969 1108 2186 1163 vulnera
2217 1114 2426 1170 medico
2451 1127 2648 1190 relege.
2676 1126 2790 1194 Ipse
2813 1139 2867 1182 et
2894 1131 3114 1188 honoris
3137 1147 3191 1191 et
3214 1141 3536 1200 valetudinis

1966 1203 2070 1250 ture
2096 1200 2360 1255 rationem
2386 1204 2621 1262 habebit.
2656 1230 2674 1262 ι

2032 1288 2368 1360 Ambrosius,
2415 1297 2506 1352 lib.
2536 1317 2596 1359 ιι,
2630 1305 2854 1372 epistola
2887 1311 2955 1364 7:
3001 1335 3019 1364 ι
3063 1316 3232 1373 Simul
3275 1325 3417 1379 enim
3464 1343 3529 1384 ac

1961 1380 2237 1439 confessus
2263 1387 2385 1454 quis
2411 1389 2592 1456 fuerit,
2619 1397 2930 1456 absolvitur.
2970 1406 3208 1479 Denique
3239 1416 3368 1481 dixi,
3399 1420 3530 1476 Pro-

1931 1473 2216 1527 ~nuntiabo
2247 1476 2520 1534 adversum
2551 1501 2629 1537 me
2658 1487 2972 1556 injustitiam
3004 1514 3170 1553 meam
3199 1504 3442 1572 Domino,
3475 1522 3526 1566 et

1955 1570 2012 1613 tu
2044 1566 2288 1620 remisisti
2320 1569 2636 1641 impietatem
2665 1583 2841 1638 cordis
2869 1589 2987 1642 mei.
3044 1590 3186 1649 Mora
3214 1612 3341 1667 ergo
3367 1605 3524 1659 abso-

1955 1648 1968 1667 .
2013 1652 2047 1667 ,.
2127 1654 2138 1666 .
2217 1657 2229 1667 .
2426 1661 2448 1667 -
2571 1666 2574 1667 ν

3181 1648 3186 1649 ,
3225 1648 3336 1667 --οη
3368 1648 3494 1659 ,νυν

1954 1648 2170 1708 lutionis
2214 1657 2268 1710 in
2313 1661 2617 1720 conﬁtendo
2665 1679 2786 1736 est,
2841 1679 3233 1740 confessionem
3283 1695 3527 1761 sequitur

1952 1754 2291 1810 peccatorum
2339 1754 2604 1812 remissio.
2644 1781 2660 1811 ι
2720 1764 3036 1837 Multiplices
3089 1779 3252 1834 animi
3305 1788 3522 1844 morbos

1949 1836 2297 1901 gravissimos
2347 1843 2536 1902 Patres
2583 1851 2922 1925 describunt,
2980 1863 3153 1934 iisque
3201 1873 3516 1944 multiplicia

3067 1925 3081 1934 _
3340 1925 3513 1944 τη---

1947 1925 2240 1992 subjiciunt
2283 1938 2516 1993 remedia
2558 1956 2677 2010 quae
2713 1948 2781 2001 ad
2819 1951 3045 2008 salutem
3083 1962 3354 2027 aptissima
3393 1983 3513 2024 esse

1944 2016 2281 2081 proﬁtentur.
2321 2023 2376 2078 Si
2411 2041 2538 2083 vero
2565 2047 2799 2093 canones
2824 2044 3052 2110 publicae
3078 2055 3403 2118 pmnitcntia:
3432 2063 3486 2117 in

1944 2106 2214 2178 telligendi
2248 2114 2355 2168 sint
2385 2124 2494 2172 tam
2529 2122 2594 2176 de
2629 2106 2942 2188 criminibus
2976 2106 3202 2197 occultis
3245 2161 3402 2214 quam
3443 2153 3511 2206 de

1941 2198 2188 2267 publicis,
2216 2219 2314 2257 cur
2340 2205 2528 2264 Patres
2563 2214 2901 2275 saluberrimi
2934 2230 3153 2282 remedii
3189 2249 3292 2288 non
3318 2241 3506 2294 memi-

1940 2290 2161 2343 nerint?
2211 2293 2460 2364 Cogitare
2504 2302 2653 2357 nefas
2679 2318 2782 2373 est,
2831 2314 3024 2369 nedum
3056 2319 3253 2388 dicere,
3304 2327 3431 2385 illud
3473 2347 3505 2386 a

1937 2376 2186 2436 Patribus
2215 2391 2360 2438 tanta
2387 2403 2510 2443 cum
2540 2392 2746 2451 incuria
2775 2398 2938 2456 fuisse
2966 2414 3405 2473 praetermissum.

2005 2468 2237 2529 Joannes
2269 2476 2684 2548 Chrysostomus
2727 2489 2778 2542 in
2821 2491 3040 2551 bomilia
3088 2499 3140 2554 in
3176 2503 3445 2565 Psalmum
3483 2529 3502 2570 ι

1933 2556 2129 2617 Jacobo
2168 2565 2320 2622 Billio
2359 2571 2550 2629 abbate
2585 2577 2917 2650 interprete:
2953 2605 2971 2637 ‹
3006 2590 3194 2648 Totam
3234 2604 3378 2654 tuam
3409 2603 3503 2674 ju-

1931 2661 2201 2708 ventutem
2235 2661 2431 2728 probro
2475 2680 2539 2720 ac
2582 2668 2842 2728 dedecore
2883 2677 3141 2748 aﬁ'ecisti,
3181 2693 3349 2744 totum
3382 2661 3502 2751 vitae

1931 2747 2035 2795 tute
2067 2752 2279 2816 tempus
2307 2755 2630 2821 perdidisti?
2665 2763 2815 2830 prius
2845 2779 3112 2827 scortator
3143 2792 3284 2845 eras,
3314 2795 3501 2852 postea

1930 2836 2152 2902 rapuisti
2183 2856 2247 2895 ac
2275 2859 2430 2900 suum
2465 2849 2618 2905 alteri
2651 2854 2952 2926 detraxisti,
2981 2867 3216 2937 perjurio
3252 2836 3331 2928 et.
3351 2876 3496 2934 blas-

1925 2925 2141 2992 phemia
2194 2940 2246 2985 te
2289 2936 2645 2997 obstrinxisti.
2698 2925 2952 3012 Qurenam
2982 2925 3091 3011 tibi
3138 2962 3327 3020 salutis
3372 2985 3496 3038 spes

1922 3025 2046 3068 esse
2076 3022 2282 3085 queat?
2327 3025 2520 3082 Actum
2552 3041 2635 3086 est
2663 3034 2729 3089 de
2759 3046 2830 3092 te.
2880 3041 3023 3097 Nihil
3052 3049 3196 3106 aliud
3227 3022 3491 3128 superest,

1921 3119 2087 3177 quam
2117 3119 2178 3163 ut
2207 3119 2488 3180 praesentis
2517 3122 2706 3180 saltem
2737 3129 2860 3185 vita:
2881 3134 3243 3206 voluptatibus
3268 3119 3488 3207 fruaris.

1922 3194 2049 3252 Haec
2077 3199 2277 3256 diaboli
2305 3208 2464 3261 verba
2496 3221 2637 3265 sunt.
2675 3215 2747 3269 At
2770 3234 2888 3276 mea
2915 3194 3183 3283 contraria
3211 3251 3222 3285 :
3251 3233 3486 3310 Periisti,

1922 3287 1984 3310 -.ι
2014 3288 2233 3310 --.--.---_
2283 3309 2317 3310 ,,
2508 3300 2520 3310 .
2778 3307 2794 3310 _

1917 3287 1985 3340 ad
2013 3288 2239 3344 salutem
2267 3300 2520 3366 consequi
2551 3310 2719 3369 potes.
2771 3307 2982 3381 Stupris
3023 3333 3086 3372 ac
3121 3319 3326 3382 libidini
3361 3287 3486 3402 Ope:

1917 3391 2029 3402 ..ιι-«ν.
2064 3378 2296 3402 .l-):-.2o
2336 3394 2379 3402 κ.
2502 3389 2536 3402 ι.
2577 3393 2628 3402 μ.

1916 3391 2030 3429 ram
2060 3378 2296 3436 dedisti?
2327 3394 2384 3439 at
2409 3389 2678 3456 pudicitia:
2703 3378 2918 3457 studere
2943 3417 3114 3475 potes.
3147 3378 3483 3481 Adulterihm

1915 3468 2225 3526 admisisti?
2257 3483 2311 3529 at
2340 3478 2441 3534 hac
2469 3480 2589 3536 labe
2617 3484 2832 3545 liberari
2863 3468 3034 3562 potes.
3092 3503 3393 3568 Cecidisti?
3543 3531 3556 3544 ‘

1913 3572 2198 3630 resurgere
2245 3575 2417 3634 potes.
2482 3572 2681 3646 Exigua
2733 3588 3047 3651 paenitentia
3102 3603 3190 3653 tua
3245 3605 3375 3659 est?
3425 3619 3482 3664 at

1909 3663 2099 3718 magna
2125 3653 2338 3712 Domini
2359 3659 2681 3734 benignitas.
2717 3669 2927 3730 Caedem
2953 3691 3293 3756 perpetrasti,
3321 3709 3477 3752 suum

1907 3739 2062 3796 alteri
2091 3745 2386 3805 ademisti?
2419 3763 2476 3808 at
2503 3759 2779 3817 meliorem
2811 3739 3066 3828 ment-em.
3083 3776 3259 3836 indue.
3280 3739 3474 3843 ,Adul-

1907 3832 2043 3886 terio
2081 3843 2135 3888 te
2175 3838 2508 3900 devinxisti?
2553 3858 2609 3904 at
2638 3853 2706 3907 ab
2738 3869 2804 3909 eo
2835 3867 2886 3913 te
2915 3877 3148 3921 remove.
3192 3869 3476 3935 Sauciatus

1902 3925 2006 3978 es?
2048 3934 2104 3980 at
2138 3931 2462 3991 medicinam
2495 3940 2706 4009 adhibe,
2735 3955 2842 4003 etc.
2896 3953 3098 4011 Diurno
3140 3969 3378 4033 tempore
3419 3971 3472 4026 id

3145 4012 3377 4033 ---Ἴρην
3419 4012 3468 4026 ,υ

1901 4012 2128 4070 faciendi
2159 4022 2391 4088 spatium
2428 4043 2533 4082 non
2565 4032 2760 4100 habes,
2790 4053 2976 4097 verum
3005 4055 3058 4100 et
3089 4051 3468 4116 praefectorum

1899 4111 2093 4172 metus,
2132 4117 2188 4163 et
2219 4113 2483 4171 sodalium
2515 4120 2866 4192 colloquia,et
2895 4111 3228 4202 negotiorum
3255 4159 3384 4200 cura
3413 4159 3470 4203 et

1897 4194 2101 4252 alendae
2131 4201 2300 4269 prolis
2331 4206 2565 4261 studium
2585 4250 2597 4273 ,
2633 4220 2686 4266 et
2715 4219 2900 4272 uxoris
2927 4230 3256 4296 procuratio,
3291 4244 3342 4289 et
3372 4253 3466 4306 pa-

1897 4288 2079 4342 randae
2127 4307 2325 4349 mensae
2369 4297 2693 4368 sollicitudo,
2743 4321 2808 4361 ac
2850 4309 3080 4383 denique
3109 4318 3331 4379 inﬁnitae
3378 4343 3464 4384 res

1894 4376 2134 4432 animum
2164 4388 2314 4437 tuum
2342 4385 2666 4446 distrahunt.
2717 4394 2772 4450 Si
2804 4399 2858 4454 in
2893 4376 3032 4460 lecto
3057 4409 3162 4476 sis,
3205 4424 3365 4486 atque
3407 4423 3461 4478 in

1822 4482 1872 4540 υ
1895 4475 2239 4532 peccatorum
2270 4479 2483 4529 tuorum
2513 4485 2829 4542 memoriam
2860 4493 3066 4562 venias,
3096 4475 3415 4577 collacryma
3443 4531 3456 4566 τ

1894 4564 2049 4577 -.___-
2087 4557 2182 4577 ι--
2557 4569 2570 4577 .
2607 4570 2621 4577 -

1892 4564 2053 4626 atque
2087 4557 2189 4613 hac
2216 4561 2422 4618 ratione
2447 4580 2511 4620 ea
2538 4569 2716 4627 delere
2743 4586 2914 4644 potes.
2954 4557 3121 4642 Deum
3149 4557 3315 4650 ιι]υωῦ
3330 4613 3457 4670 roga

1888 4653 2050 4717 atque
2078 4649 2298 4704 obsecra
2325 4669 2338 4705 :
2379 4652 2576 4726 Sicque
2601 4676 2797 4732 corpus
2826 4683 3013 4728 somno
3043 4679 3213 4746 trade,
3244 4649 3460 4752 poste:

1887 4751 2047 4805 quam
2078 4739 2227 4808 prius
2255 4755 2476 4809 peccata
2506 4757 2595 4804 tua
2627 4755 2904 4815 confessus
2931 4762 3098 4822 fueris
3123 4785 3186 4825 ac
3217 4776 3455 4834 rationes

1882 4915 1985 4970 bis.
2024 4918 2376 4980 Molestumne
2408 4943 2471 4982 ac
2496 4945 2661 4999 grave
2685 4943 2768 4989 est
2796 4937 2849 4991 in
2874 4937 3014 4998 lecto
3026 4943 3296 5012 jacentem
3320 4971 3456 5026 quo-

1882 5004 1917 5026 n!
1931 5006 2000 5026 ΔΞ-
2017 5024 2039 5026 Α
2057 5025 2067 5026 κ
2277 5022 2286 5026 -
2659 5023 2675 5026 ‘
2727 5024 2745 5026 “

1879 5004 2080 5063 tidiana
2107 5022 2327 5079 peccata
2352 5023 2678 5086 supputare?
2713 5024 2846 5081 Cum
2872 5004 3052 5088 autem
3079 5051 3140 5091 ea
3169 5004 3445 5113 supptiltas,

1879 5095 2115 5151 animum
2152 5108 2298 5156 tuum
2334 5109 2631 5176 suspende,
2666 5112 2840 5182 ipsum
2899 5124 3070 5193 expoli
3093 5165 3108 5189 ,
3148 5095 3317 5197 ipsum
3352 5151 3444 5205 ge-

1879 5185 2008 5205 L_.,..
2183 5200 2194 5205 Α
2392 5197 2402 5205 ⁵
2459 5199 2470 5205 ⁸
2544 5201 2555 5205 ⁸

2965 5185 2982 5193 _
3096 5185 3104 5189 ν
3163 5185 3180 5197 _
3352 5185 3412 5205 υ*

1877 5185 2067 5242 hennae
2091 5200 2234 5246 metu
2257 5197 2426 5265 aperi,
2457 5199 2556 5270 ipsi
2580 5205 2892 5273 sectionem,
2919 5228 3039 5281 qua:
3056 5215 3238 5273 dolore
3261 5235 3464 5284 careat.

1875 5277 2090 5334 adhibe.
2129 5280 2467 5343 Horrendum
2504 5291 2734 5350 tribunal
2769 5299 2864 5355 tibi
2895 5277 3067 5367 efﬁce,
3103 5277 3441 5369 animum

1871 5365 2074 5422 niorem
2101 5372 2282 5440 redde,
2309 5385 2369 5429 ut
2391 5387 2610 5446 postero
2633 5385 2718 5440 die
2745 5387 2810 5440 ad
2832 5365 3193 5457 perpetranda
3216 5365 3439 5466 peccata

1868 5460 2212 5516 cunctantius
2239 5469 2486 5524 accedas.
2519 5491 2538 5523 ι

1935 5544 1985 5598 J.
2001 5546 2437 5624 Chrysostomus,
2455 5559 2509 5614 in
2524 5562 2740 5617 bomilia
2758 5564 2823 5618 10
2838 5530 2891 5618 in
2912 5581 3071 5636 caput
3086 5586 3148 5626 Ill
3163 5573 3395 5639 Μαιηιωὶ
3417 5603 3430 5639 :

1871 5649 1889 5679 ‹
1924 5631 2301 5698 Paenitentiam
2358 5662 2486 5703 vero
2522 5649 2673 5716 dico,
2725 5667 2830 5708 non
2877 5656 3048 5715 solum
3105 5672 3231 5720 uta
3277 5673 3434 5732 malis

1862 5725 2130 5792 prioribus
2160 5733 2497 5801 desistamus,
2529 5757 2716 5797 verum
2746 5746 2906 5801 etiam
2935 5759 2995 5804 ut
3018 5753 3279 5815 bonorum
3308 5778 3431 5836 ope-

2919 5841 2996 5903 38
