3968 6180
440 334 595 389 “11033

1029 326 1375 387 THEODORI
1417 326 1733 383 ARCHIEI’.
1774 326 2122 382 CARTUAR.
2166 325 2511 392 DOCTRINA
2552 326 2641 381 DE
2680 322 3127 381 PG'ZNITENTIA

3590 327 3718 381 ttae

448 458 573 497 rum
600 440 859 495 fructibus
890 440 1223 509 impleantur.
1258 438 1457 501 Facite,
1494 439 1685 507 inquit,
1718 436 1919 504 fructus
1948 436 2030 488 di-
2062 441 2097 491 Α
2132 436 2508 506 quadruplum.
2542 436 2853 491 Provocasti
2874 437 3052 507 lingua
3077 446 3131 490 et
3163 436 3562 503 maledicentia,
3595 441 3720 493 mul-

451 549 578 601 gnos
613 529 943 602 pwnitentia’.
976 528 1092 597 Quo
1141 539 1323 584 autem
1372 529 1528 583 modo
1572 527 1897 581 fructificare
1942 541 2035 595 po-

450 626 701 688 terimus,
732 624 775 678 si
799 624 982 692 utique
1016 623 1252 691 peccatis
1279 623 1503 676 adversa
1558 620 1849 673 faciamus?
1877 620 2034 672 Verbi

451 718 645 787 gratia,
674 716 846 771 aliena
877 715 1141 786 rapuisti?
1183 715 1358 784 incipe
1388 714 1590 767 donare
1639 709 1750 779 jam
1798 710 2032 780 propria.

454 807 636 878 Longo
669 822 726 862 es
767 814 1005 875 tempore
1062 804 1399 860 fornicatus?
1442 803 1487 855 Α
1537 802 1777 872 legitimo
1825 816 2038 870 quoque

444 913 553 953 usu
574 895 902 966 suspendere
925 895 1181 965 conjugii,
1210 910 1273 949 ac
1301 900 1615 964 perpetuam
1648 891 2035 947 continentiam

451 989 647 1059 stepius
684 1002 977 1057 paucorum
1024 987 1233 1042 dierum
1280 985 1531 1040 castitate
1558 984 1848 1038 medicare.
1898 982 2039 1051 lnju—

457 1079 588 1134 riam
618 1078 701 1133 vel
729 1094 892 1148 opere
930 1078 1205 1147 cuiquam,
1238 1076 1320 1132 vel
1356 1090 1603 1131 sermone
1645 1072 1853 1128 fecisti?
1895 1071 2039 1128 refer

452 1169 840 1224 benedictionis
882 1169 1043 1223 verba
1094 1166 1390 1222 conviciis:
1444 1172 1499 1219 et
1551 1162 1911 1233 percutientes
1949 1170 2034 1227 te,

452 1276 594 1315 nunc
622 1259 836 1325 ofﬁciis,
874 1268 1001 1314 tunc
1028 1259 1191 1313 etiam
1214 1254 1492 1311 beneficiis
1512 1254 1728 1324 placare
1748 1252 2033 1307 contende.

453 1354 635 1424 Neque
674 1355 817 1408 enim
864 1353 1147 1408 vulnerato
1178 1350 1384 1405 sufficit
1414 1349 1480 1403 ad
1536 1347 1765 1403 salutem
1810 1354 2038 1400 tantum-

451 1445 612 1499 modo
639 1445 842 1514 spicula
877 1445 943 1498 de
968 1457 1197 1512 corpore
1236 1439 1484 1503 evellere,
1525 1438 1618 1491 sed
1642 1437 1803 1490 etiam
1862 1452 2037 1492 reme-

452 1534 538 1587 dia
580 1535 836 1589 adhibere
860 1533 1191 1588 vulneribus.
1226 1530 1443 1586 Deliciis
1465 1537 1587 1583 ante
1637 1536 1692 1582 et
1723 1527 2035 1582 temulentia

452 1628 761 1682 diflluebas?
782 1625 988 1694 jejunio
1016 1636 1069 1680 et
1098 1640 1251 1694 aqua:
1272 1631 1398 1692 potu
1419 1628 1709 1688 utrumque
1726 1632 2034 1688 compensa,

452 1727 511 1772 ut
546 1718 742 1772 famem
795 1732 1017 1786 superes
1062 1714 1453 1791 imminentem.
1502 1708 1697 1765 Vidisti
1752 1709 2036 1779 impudicis

2140 528 2207 582 tis
2227 528 2549 583 contumelia
2588 528 2816 593 affectis,
2850 529 3086 583 vicissim
3123 529 3307 599 lingua
3334 530 3547 598 placato
3571 572 3586 594 ,
3628 547 3719 602 βυ-

2140 636 2226 671 ra;
2251 619 2507 673 emittcns
2538 634 2748 687 preces,
2777 620 3101 674 benedicens
3124 619 3719 685 maledicentibus,lau-

2135 710 2269 765 dans
2295 712 2683 781 vituperantes,
2720 712 2927 782 gratias
2972 728 3138 783 agens
3165 713 3197 765 ἱι
3214 711 3416 781 juriam
3446 713 3718 769 inferenti-

2137 802 2256 857 bus.
2290 802 2414 858 llrec
2444 819 2550 858 non
2581 812 2742 873 egent
2769 804 2951 859 multis
2991 804 3180 859 diebus
3207 804 3456 871 annisve,
3487 807 3584 861 sed
3610 808 3719 862 solo
3774 810 3783 823 ‘

2136 895 2301 949 animi
2330 897 2627 965 proposito,
2656 906 2712 953 et
2734 898 2897 953 unico
2924 898 3025 953 die
3046 898 3420 968 perficiuntur.
3446 900 3667 955 Discede
3688 918 3716 955 a
3774 888 3775 895 “

2138 984 2299 1048 malo,
2326 986 2579 1042 virtutem
2599 988 2948 1058 amplectere,
2971 989 3171 1043 desiste
3212 1003 3242 1043 a
3271 989 3575 1059 pravitate:
3603 990 3719 1043 Po!-

2137 1076 2300 1129 licere
2324 1084 2377 1131 te
2400 1078 2626 1146 posthac
2662 1079 2763 1134 ista
2806 1095 2915 1134 non
2962 1080 3378 1135 commissurum
3401 1121 3416 1146 ,
3474 1089 3531 1135 et
3583 1081 3718 1135 istud

2138 1166 2373 1222 sufficiet
2396 1168 2463 1223 ad
2485 1170 2910 1224 excusationem.
2942 1171 3055 1239 Ego
3080 1172 3344 1227 testificor
3368 1188 3433 1228 ac
3458 1172 3720 1244 fidejubeo

2138 1256 2272 1319 fore,
2288 1266 2347 1311 ut
2363 1259 2409 1313 si
2428 1268 2669 1314 nostrum
2685 1262 2914 1331 quisque
2932 1262 3022 1331 qui
3043 1267 3279 1332 peccatis
3298 1262 3517 1318 obnoxii
3539 1279 3720 1319 sumus

2140 1348 2397 1404 recedens
2422 1364 2453 1403 a
2481 1351 2724 1420 pristinis
2738 1352 2914 1418 malis,
2941 1368 3008 1408 ex
3038 1353 3219 1407 animo
3238 1368 3473 1423 vereque
3497 1357 3717 1424 promit-

2139 1447 2217 1492 tat
2249 1440 2358 1495 Deo
2379 1455 2440 1495 se
2460 1450 2646 1511 postea
2670 1457 2946 1512 nunquam
2975 1444 3043 1497 ad
3076 1443 3165 1497 illa
3194 1445 3495 1498 rediturum
3522 1485 3538 1507 ,
3588 1446 3714 1500 nihil

2138 1529 2283 1584 aliud
2310 1533 2452 1587 Deus
2486 1533 2715 1601 requirit
2740 1535 2807 1589 ad
2849 1537 3252 1590 excusationem
3302 1535 3583 1604 majorem,
3616 1548 3713 1593 etc.

2140 1620 2256 1676 Non
2284 1637 2503 1678 necesse
2524 1632 2607 1678 est
2638 1623 2889 1693 trajicere
2926 1640 3097 1689 mare,
3120 1641 3295 1695 neque
3317 1627 3604 1681 montium
3632 1644 3717 1683 su-

2137 1729 2329 1784 perare
2358 1716 2662 1783 cacumina,
2692 1717 2789 1772 sed
2821 1717 2964 1771 domi
3006 1718 3222 1781 sedens,
3253 1719 3297 1773 si
3324 1719 3582 1787 pietatem
3622 1736 3715 1774 ex-

449 1813 682 1867 alienum
746 1811 993 1865 decorem
1056 1806 1259 1863 oculis?
1322 1805 1577 1859 feminam
1635 1799 1748 1869 jam
1810 1801 2031 1856 omnino
2061 1804 2108 1867 Β
2136 1806 3719 1880 hibeas,multamquecordiscompunctionem,potesillum

450 1916 555 1956 non
583 1900 782 1964 videas,
828 1898 1032 1968 majore
1077 1906 1287 1953 tractus
1340 1895 1591 1951 cautione
1619 1900 1743 1962 post
1780 1892 2021 1947 vulnera.

452 1996 688 2061 Declina,
720 1995 913 2064 inquit,
940 2013 971 2047 a
996 1992 1158 2057 malo,
1188 2002 1234 2047 et
1265 1994 1350 2063 [ac
1392 1992 1605 2046 bonum.
1628 1991 1686 2044 lu
1710 1988 1931 2043 homilia
1957 1986 2027 2041 45

448 2089 502 2143 iu
530 2103 649 2157 cap.
687 2103 763 2142 xu
790 2086 978 2141 Matth.
1008 2099 1022 2138 :
1062 2103 1079 2135 ι
1115 2084 1246 2152 Quis
1276 2085 1342 2139 ab
1359 2084 1599 2139 avaritia:
1627 2081 1851 2138 crimine
1874 2095 2029 2133 mun—

448 2178 591 2234 dus?
615 2177 723 2231 noli
753 2176 896 2230 enim
920 2175 1051 2231 mihi
1077 2175 1277 2240 dicere,
1294 2184 1346 2229 te
1367 2176 1647 2231 moderate
1675 2174 1849 2229 aliena
1868 2180 2029 2241 atque

451 2270 634 2328 timide
661 2270 935 2340 tetigisse:
968 2269 1059 2323 sed
1096 2269 1271 2339 cogita
1323 2277 1541 2338 prepter
1582 2268 1722 2322 hanc
1754 2281 1869 2321 rem
1906 2279 2030 2334 par-

447 2376 569 2414 vam
596 2377 758 2430 quam
797 2361 1042 2431 rapuisti,
1082 2376 1187 2415 non
1228 2376 1394 2431 parvo
1426 2370 1477 2415 te
1511 2362 1751 2415 cruciatu
1776 2359 1830 2412 in
1872 2367 2030 2412 teter-

446 2470 577 2510 num
606 2470 726 2510 esse
752 2454 1100 2525 puniendum.
1133 2452 1189 2507 ld
1216 2452 1437 2521 inquam
1473 2454 1646 2523 cogita
1672 2461 1729 2506 et
1761 2449 2029 2519 paeniten-

449 2547 581 2601 tiam
603 2562 722 2616 age.
754 2546 884 2613 Quis
909 2559 939 2599 a
966 2545 1210 2599 convicio
1242 2552 1405 2613 atque
1450 2543 1844 2598 obtrectatione
1894 2541 2032 2595 liber

448 2638 568 2694 est?
605 2638 657 2692 id
704 2646 883 2692 autem
918 2636 1105 2707 procul
1151 2636 1314 2691 dubio
1354 2637 1598 2690 intrudit.
1648 2635 1779 2702 Quis
1821 2635 2031 2690 occulte

447 2728 752 2798 proximum
779 2726 1137 2782 calumniatus
1167 2742 1273 2781 non
1304 2726 1424 2780 est?
1458 2726 1591 2791 Quis
1627 2725 1876 2793 superbia
1923 2739 2027 2777 non

443 2811 736 2874 intumuit?
758 2817 847 2873 hic
865 2816 1031 2871 etiam
1056 2816 1273 2871 caneris
1307 2816 1560 2871 omnibus
1580 2814 1906 2869 immundior
1926 2822 2027 2867 est.

448 2908 581 2976 Quis
605 2908 789 2964 oculos
814 2923 843 2961 a
876 2907 1074 2963 lascivo
1099 2914 1321 2976 aspectu
1361 2906 1660 2960 continuit?
1687 2920 1847 2975 quem
1882 2904 2032 2960 adul~

451 2999 588 3055 terio
617 2998 905 3069 deliquisse
932 3012 1041 3053 non
1091 2997 1430 3052 dubitamus?
1478 2997 1601 3065 quis
1625 2994 1826 3051 frustra
1875 2994 2030 3051 fratri

449 3106 548 3146 suo
571 3091 759 3156 iratus,
788 3104 895 3145 non
916 3088 1142 3145 consilio
1160 3096 1323 3158 atque
1367 3087 1537 3143 reatui
1574 3100 1697 3141 reus
1719 3087 1841 3141 est?
1900 3085 2031 3154 Quis

2127 1899 2335 1962 videre,
2359 1907 2514 1969 potes
2535 1908 2701 1955 totam
2725 1901 2943 1955 diruere
2969 1902 3281 1966 maceriem,
3309 1910 3480 1956 totum
3505 1903 3721 1956 submo-

2128 2007 2257 2047 vere
2278 1993 2639 2058 obstaculum,
2670 1992 2987 2047 abbreviare
3016 1992 3120 2047 vim
3166 1991 3579 2062 longitudinem.
3619 2013 3638 2045 ι
3670 1992 3717 2047 J.

2128 2085 2544 2155 Chrysostoznus
2585 2085 2811 2155 singulis
2838 2085 3157 2139 criminibus
3209 2084 3417 2156 singula
3473 2086 3721 2155 apposuit

2127 2186 2183 2231 et
2212 2178 2402 2231 idonea
2450 2177 2705 2240 remedia,
2737 2176 2788 2229 in
2837 2176 3031 2244 quibus
3054 2175 3359 2230 nullatenus
3396 2177 3716 2245 poenitentia

2128 2266 2340 2336 publica
2367 2267 2804 2335 deprehenditur.
2844 2266 2902 2320 Si
2932 2266 3186 2336 loquatur
3212 2266 3277 2320 de
3296 2265 3580 2336 lacrymis,
3614 2275 3721 2322 sta-

2131 2364 2225 2418 tim
2255 2362 2611 2417 animadverti
2664 2376 2721 2415 se
2744 2361 3045 2430 intelligere
3089 2362 3360 2432 lacrymas
3390 2377 3513 2431 quze
3546 2362 3600 2416 in
3633 2376 3716 2417 se-

2130 2465 2279 2511 creto
2310 2456 2500 2511 domus
2521 2471 2649 2520 sum,
2679 2465 2733 2509 et.
2757 2470 2854 2524 per
2875 2463 3086 2509 noctem
3141 2455 3194 2508 in
3232 2455 3372 2509 lecto
3400 2454 3590 2510 effusae
3618 2454 3719 2509 cri-

2128 2549 2275 2601 mina
2307 2548 2489 2603 delent
2514 2566 2525 2600 :
2562 2547 2608 2603 si
2637 2562 2768 2602 vero
2800 2545 3123 2617 dejejuniis,
3148 2563 3254 2602 non
3282 2563 3345 2602 ea
3375 2563 3476 2617 pro
3504 2548 3719 2618 quibus-

2130 2636 2262 2691 libet
2293 2638 2629 2704 criminibus,
2654 2638 2793 2692 sicut
2837 2638 2889 2691 in
2937 2637 3252 2706 ptenitenlia
3302 2637 3537 2707 publica,
3569 2654 3714 2692 man,

2130 2728 2245 2785 dari
2269 2730 2529 2795 declarat,
2556 2731 2647 2786 sed
2676 2737 2883 2785 tantum
2905 2746 3006 2801 pro
3040 2729 3351 2784 deliciarum
3377 2738 3433 2784 et
3457 2731 3717 2784 temulen-

2132 2828 2220 2883 tia:
2249 2829 2504 2897 peccatis.
2537 2827 2787 2882 Affirmat
2834 2827 3064 2898 denique
3100 2826 3336 2881 remedia
3363 2841 3393 2880 a
3423 2838 3481 2877 se
3526 2837 3719 2893 propo-

2132 2916 2257 2982 sita,
2294 2916 2417 2971 licet
2481 2933 2588 2972 non
2649 2917 2832 2971 multis
2863 2917 3094 2981 diebus,
3162 2932 3263 2971 nec
3319 2914 3489 2969 multo
3539 2913 3719 2968 labore

2131 3016 2347 3077 egeant,
2368 3024 2429 3063 ea
2453 3016 2635 3064 tamen
2663 3009 2884 3064 omnino
2925 3008 3195 3074 sufficere,
3220 3023 3319 3062 nec
3345 3005 3552 3076 aliquid
3580 3006 3719 3060 aliud

2133 3096 2302 3152 Deum
2332 3088 2608 3167 requirere
2627 3096 2691 3151 ad
2723 3098 3125 3153 excusationem
3153 3096 3434 3165 majorem.

449 3198 553 3239 non
582 3180 910 3252 perjuravit?
937 3183 1014 3236 De
1041 3195 1150 3250 quo
1189 3180 1561 3249 quidpossum
1592 3179 1773 3233 dicere
1798 3176 2021 3237 videtis.

2200 3187 2558 3260 Hieronymus
2604 3188 2656 3241 in
2707 3188 2929 3257 epistola
2963 3190 3029 3243 ad
3080 3188 3360 3243 Rusticum
3390 3230 3403 3242 .
3441 3208 3460 3240 ι
3496 3186 3723 3254 Quando

448 3290 570 3329 cum
597 3273 688 3343 qui
718 3273 944 3343 juravit,
978 3286 1104 3327 eum
1130 3287 1161 3325 a
1188 3271 1330 3326 malo
1350 3284 1471 3325 esse
1514 3270 1853 3324 contendam.
1896 3267 2027 3334 Quis

447 3363 732 3434 aliquando
757 3376 1078 3417 mammonae
1110 3373 1301 3416 servus
1340 3374 1444 3414 non
1476 3357 1610 3413 fuit?
1651 3359 1743 3427 qui
1786 3357 2028 3428 profecto

360 3441 379 3455 ’
446 3455 577 3513 fecit
605 3469 673 3510 ne
697 3453 899 3510 Christi
921 3467 1112 3508 servus
1130 3452 1220 3507 sit.
1250 3451 1474 3506 Possunt
1499 3458 1554 3506 et
1572 3450 1679 3504 alia
1710 3450 1794 3504 his
1820 3448 2025 3517 majora

446 3561 731 3604 recensere
755 3562 768 3597 :
801 3544 894 3600 sed
922 3545 1039 3599 haec
1066 3541 1389 3599 sufficientia
1418 3541 1546 3596 duxi
1567 3540 1635 3594 ad
1664 3539 2028 3609 compunctio-

446 3652 570 3694 nem
599 3651 695 3691 vos
738 3636 1012 3699 inducere,
1054 3632 1160 3688 nisi
1197 3633 1321 3702 quis
1349 3632 1504 3687 valde
1549 3631 1793 3699 lapideus
1816 3639 1910 3684 aut
1939 3630 2024 3683 in-

448 3734 693 3783 sensatus
721 3732 823 3780 est.
852 3723 988 3778 Nam
1017 3724 1060 3779 si
1090 3724 1299 3794 singula
1353 3724 1581 3778 istorum
1622 3723 1689 3776 ad
1730 3722 2025 3792 gehennam

448 3818 754 3881 deducunt,
811 3815 942 3884 quid
988 3814 1227 3869 futurum
1263 3823 1381 3879 est,
1428 3815 1474 3869 si
1527 3815 1595 3869 ad
1640 3830 1807 3868 unum
1845 3814 2026 3868 omnia

438 3915 680 3972 coeunt?
727 3910 1009 3980 Quomodo
1040 3910 1204 3981 igitur
1226 3950 1241 3975 ,
1262 3910 1497 3979 inquies,
1526 3909 1721 3963 salvari
1771 3908 2029 3978 possibile

438 4007 563 4063 est?
592 4005 639 4061 si
665 4003 911 4074 opposita
940 4001 1026 4058 his
1057 4001 1409 4057 adhibeamus
1438 3999 1699 4064 remedia,
1721 3999 2027 4054 misericor-

440 4101 591 4156 diam
621 4099 675 4153 in
702 4110 984 4167 pauperes,
1008 4095 1306 4150 orationem
1348 4092 1839 4163 compunctionem,
1862 4091 2028 4162 poeni-

437 4192 701 4254 tentiam,
749 4189 1104 4245 humilitatem
1130 4229 1143 4249 ,
1176 4186 1467 4242 contritum
1493 4200 1588 4240 cor
1610 4184 1869 4255 apprime,
1898 4198 2024 4237 con-

435 4292 708 4354 .temptum
745 4295 928 4336 rerum
953 4280 1319 4349 przeseutium.
1380 4276 1520 4331 Mille
1574 4289 1807 4344 namque
1836 4275 2024 4330 salutis

448 4377 562 4431 vias
583 4376 726 4432 Deus
762 4372 918 4428 nobis
942 4369 1246 4441 proposuit.
1276 4369 1565 4423 dummodo
1584 4366 1871 4437 diligenter
1893 4364 2024 4419 veli-

432 4483 566 4524 ‘tnus
596 4465 896 4521 attendere.
932 4461 1441 4516 Animadvertamus
1472 4460 1637 4530 igitur
1665 4473 1783 4522 nos,
1810 4457 1883 4510 ita
1910 4471 2024 4511 me-

444 4558 676 4614 dit-inani
701 4554 1042 4623 recipiamus,
1067 4559 1128 4606 ut
1158 4565 1257 4621 per
1297 4550 1479 4606 omnia
1519 4548 1757 4605 remedia
1799 4549 2025 4603 vulnera

444 4654 631 4703 nostra
664 4659 942 4709 curemus,
968 4651 1025 4698 et
1069 4641 1312 4697 maculas
1350 4640 1728 4707 detergamus:
1763 4638 1916 4706 Quod
1952 4638 2032 4693 fa—

442 4741 549 4797 cile
570 4737 819 4803 facimus,
841 4737 885 4791 si
923 4736 1302 4791 misericordes
1347 4734 1540 4798 simus,
1563 4734 1605 4788 si
1636 4733 1723 4788 his
1742 4734 1833 4803 qui
1877 4733 2033 4787 nobis

444 4832 616 4888 dolori
638 4832 871 4895 fuerant,
896 4842 1236 4899 nequaquam
1275 4827 1593 4891 irascimur;
1650 4826 1693 4880 si
1724 4826 1927 4895 gratias
1970 4826 2029 4879 in

441 4925 696 4982 omnibus
715 4923 830 4978 Deo
856 4922 1088 4992 agimus,
1131 4917 1437 4988 jejunantcs
1466 4932 1566 4988 pro
1612 4918 1842 4983 viribus,
1875 4932 2033 4972 orau—

443 5027 524 5073 tcs
545 5015 782 5077 assidue,
823 5013 1028 5067 amicos
1070 5011 1226 5065 nobis
1264 5025 1331 5064 ex
1383 5025 1688 5064 mammona
1722 5009 2025 5078 iniquitatis

443 5111 723 5165 facientes.
755 5105 848 5162 Sic
897 5105 1042 5160 enim
1090 5112 1236 5157 certe
1265 5103 1562 5173 poterimus
1604 5111 1658 5157 et
1704 5103 2023 5157 delictorum

440 5205 650 5262 veniam
678 5203 1069 5271 impetrare,ct
1096 5194 1273 5249 futura
1304 5196 1444 5249 bona
1475 5194 1752 5263 consequi.
1790 5211 1809 5245 ι
1848 5192 1905 5247 lu
1931 5193 2025 5247 ho-

442 5294 589 5351 milia
614 5296 679 5350 de
703 5293 861 5349 beato
886 5285 1201 5357 Philogonio
1228 5304 1240 5340 :
1276 5303 1295 5335 ‹
1321 5284 1557 5340 Proinde
1584 5292 1638 5339 et
1662 5293 1717 5338 tu
1741 5298 1891 5337 nunc
1907 5283 2025 5351 qui-

442 5388 542 5443 bus
570 5386 734 5441 rebus
758 5380 1063 5455 provocasti
1098 5379 1263 5434 Deum
1288 5418 1302 5441 ,
1350 5391 1449 5446 per
1476 5376 1574 5430 has
1598 5390 1813 5431 rursum
1861 5374 2025 5429 facito

442 5478 750 5548 propitium.
782 5472 1095 5529 Provocasti
1126 5469 1274 5524 illum
1315 5466 1664 5536 pecuniarum
1694 5465 1899 5533 rapina,
1928 5480 2026 5533 per

441 5569 658 5623 easdem
689 5566 834 5620 illum
867 5562 1176 5625 reconcilia,
1200 5573 1432 5629 cumque
1456 5566 1511 5612 et
1542 5564 1695 5626 rapta
1722 5555 2025 5610 restitueris

444 5658 550 5715 illis
577 5672 713 5725 quos
741 5657 932 5724 injuria
962 5654 1220 5709 affeceras
1260 5659 1317 5705 et
1349 5649 1451 5704 alia
1482 5649 1707 5718 insuper
1731 5647 2020 5708 addideris,

449 5749 610 5804 dicito
631 5749 779 5816 juxta
809 5749 1091 5802 Zachrcum
1118 5765 1131 5799 :
1164 5746 1351 5800 Reddo
1393 5743 1653 5808 omnium,
1687 5760 1807 5813 qua:
1838 5743 2021 5814 rapui,

2128 3279 2403 3350 ingressus
2454 3286 2535 3332 est
2590 3279 2762 3333 David
2825 3281 2893 3334 ad
2941 3279 3243 3334 Bethsabce
3292 3295 3522 3333 uxorem
3582 3279 3719 3334 Uria:

2125 3370 2302 3433 Ethci,
2331 3375 2384 3423 et
2410 3383 2439 3422 a
2461 3368 2671 3423 Nathau
2696 3371 3054 3440 prophetante
3076 3376 3376 3438 correptus,
3407 3367 3719 3437 respondit:

2128 3459 2380 3526 Peccavi;
2410 3462 2701 3532 statimque
2739 3464 2936 3517 meruit
2974 3460 3162 3517 audire
3195 3481 3206 3516 :
3254 3461 3321 3515 Et
3375 3462 3643 3516 Dominus
3690 3475 3720 3513 a

2127 3560 2179 3607 te
2201 3551 2422 3607 abstulit
2443 3560 2744 3623 peccatum,
2779 3560 2887 3608 etc.
2922 3549 3140 3608 Iustitia
3166 3551 3299 3621 justi
3332 3569 3439 3607 non
3468 3551 3720 3607 liberabit

2126 3657 2247 3696 eum
2280 3642 2332 3696 in
2366 3657 2687 3711 quacunque
2718 3643 2803 3698 die
2839 3645 3165 3714 peccaverit.
3224 3645 3291 3698 Et
3323 3644 3589 3713 iniquitas
3614 3644 3714 3698 ini-

2126 3732 2217 3802 qui
2242 3747 2347 3786 non
2368 3734 2583 3787 nocebit
2609 3734 2656 3788 ei
2703 3748 3022 3805 quacunque
3047 3735 3132 3790 die
3179 3751 3479 3792 conversus
3517 3735 3709 3790 fuerit:

2126 3838 2562 3893 unumquemque
2580 3824 2808 3895 judicat,
2832 3826 2971 3881 sicut
2992 3826 3278 3880 invenerit.
3304 3824 3416 3882 Nec.
3442 3828 3714 3898 prmterita

2127 3916 2452 3981 considerat,
2482 3917 2575 3970 sed
2599 3919 2887 3987 praesentia
2916 3937 2927 3971 :
2974 3919 3018 3974 si
3059 3926 3236 3973 tamen
3261 3927 3449 3975 vetera
3488 3919 3716 3974 crimina

2126 4007 2332 4062 novella
2357 4009 2707 4065 conversione
2735 4019 3029 4078 mutentur.

2197 4099 2458 4171 Sulpitius
2509 4099 2743 4157 Severus
2779 4103 2833 4157 in
2862 4101 3101 4158 Historia
3144 4103 3253 4158 divi
3284 4104 3545 4173 Martini,
3598 4121 3715 4177 cap.

2125 4190 2194 4244 9.4
2220 4208 2231 4245 :
2274 4210 2290 4242 ι
2327 4190 2690 4247 Testabantur
2716 4192 2877 4245 etiam
2909 4192 3072 4261 aliqui
3098 4208 3165 4246 ex
3196 4190 3478 4260 fratribus,
3505 4194 3719 4249 audisse

2127 4299 2184 4337 se
2212 4282 2509 4337 daemonem
2535 4282 2803 4352 protervis
2834 4282 3123 4337 Martiuum
3153 4284 3378 4339 vocibus
3430 4284 3719 4355 increpan-

2128 4382 2255 4439 tem,
2283 4390 2378 4428 cur
2407 4374 2546 4426 intra
2570 4374 2959 4428 monasterium
2985 4373 3195 4444 aliquos
3224 4390 3291 4430 ex
3315 4374 3603 4440 fratribus,
3624 4375 3715 4446 qui

2129 4465 2255 4517 olim
2284 4463 2609 4533 baptismum
2631 4462 2858 4517 diversis
2885 4463 3161 4517 erroribus
3186 4463 3569 4533 perdidissent,
3587 4480 3718 4520 con-

2133 4566 2317 4607 versos
2340 4559 2527 4622 postea
2552 4552 2864 4622 recepisset,
2889 4559 3247 4621 exponentem
3272 4554 3503 4609 crimina
3536 4556 3720 4627 singu-

2133 4644 2304 4699 lorum
2330 4661 2343 4696 :
2387 4642 2677 4697 Martinum
2710 4643 2920 4698 diabolo
2944 4642 3336 4713 repugnantem
3366 4645 3718 4713 respondisse

2132 4744 2443 4791 constanter
2472 4737 2696 4805 antiqua
2741 4735 2938 4791 delicta
2994 4735 3235 4791 melioris
3266 4735 3391 4792 vitte
3425 4751 3717 4792 conversa-

2132 4829 2275 4883 tione
2311 4827 2568 4899 purgari:
2601 4834 2656 4882 et
2701 4842 2797 4897 per
2831 4825 3260 4881 misericordiam
3289 4827 3510 4881 Domini
3536 4826 3715 4883 absol-

2117 4921 2335 4977 vendos
2358 4935 2477 4975 esse
2505 4914 2742 4990 peccatis
2767 4918 2859 4989 qui
2895 4933 3124 4988 peccare
3156 4918 3532 4974 desinerent.»

2196 5011 2544 5079 Augustinus,
2576 5010 2673 5063 lib.
2704 5008 2770 5064 de
2811 5007 2943 5062 Fide
2988 5017 3043 5063 ct
3084 5007 3383 5078 Operibus,
3433 5024 3560 5079 cap.
3608 5007 3713 5064 38:

2133 5124 2149 5154 α
2183 5103 2289 5159 Sed
2315 5104 2417 5158 nisi
2440 5112 2623 5157 essent
2647 5100 2892 5170 quaedam
2916 5100 2988 5154 ita
3014 5100 3198 5170 gravia
3224 5108 3283 5152 ut
3306 5100 3473 5153 etiam
3498 5115 3718 5155 excom-

2126 5196 2491 5250 municatione
2518 5193 2799 5263 plectenda
2829 5193 2955 5255 sint,
2983 5207 3091 5245 non
3136 5191 3342 5246 diceret
3377 5191 3712 5261 Apostolus:

2128 5285 2462 5357 Congregatis
2492 5283 2631 5338 vobis
2652 5294 2699 5336 et
2726 5300 2838 5337 meo
2868 5282 3076 5352 spiritu,
3094 5281 3302 5336 tradere
3329 5282 3599 5351 ejusmodi
3623 5282 3716 5335 Iro-

2132 5378 2322 5433 minem
2349 5374 2562 5431 Satance
2591 5376 2647 5429 in
2686 5376 2953 5428 interitum
2976 5375 3173 5438 carnis,
3201 5382 3259 5427 ut
3288 5375 3511 5442 spiritus
3539 5375 3716 5431 saltu:

2131 5468 2198 5523 sit
2223 5468 2277 5521 in
2301 5467 2384 5520 die
2404 5465 2620 5519 Domini
2648 5464 2796 5518 Iesu.
2828 5461 2979 5519 Unde
3007 5462 3170 5516 etiam
3192 5459 3358 5515 dicit:
3392 5460 3477 5517 Ne
3508 5463 3716 5534 lugeam

2131 5557 2318 5611 multos
2356 5572 2420 5611 ex
2455 5556 2516 5609 iis
2556 5553 2645 5625 qui
2682 5562 2803 5607 (nite
2844 5559 3217 5624 peccaverunt,
3258 5560 3308 5604 et
3351 5568 3460 5605 non
3499 5561 3716 5623 egerunt

2130 5648 2483 5719 pwnitcutiam
2538 5661 2692 5715 super
2752 5641 3136 5696 immunditiam
3193 5650 3240 5694 et
3306 5639 3718 5710 fornicationem

2131 5756 2284 5811 quam
2335 5747 2619 5809 gesserunt.
2664 5736 2793 5791 Item
2851 5734 2955 5791 nisi
2987 5741 3167 5790 essent
3195 5733 3441 5803 quaedam
3493 5748 3605 5787 non
3653 5747 3719 5786 ea
