3942 6182
470 315 617 372 M99

1042 306 1388 365 TllEODORl
1424 304 1739 363 ABCHlEP.
1783 300 2094 359 CANTUAF

2121 343 2132 356 .
2175 292 2521 358 DOCTRINA
2560 299 2649 356 DE
2686 292 3124 356 ΡωΝιτΕΝτιλι

3523 304 3627 365 non

479 426 795 485 criminibus
838 421 1085 491 publicis,
1126 435 1247 473 eum
1290 418 1479 471 Patres
1507 423 1770 471 testentur
1797 411 2050 480 antiquos
2083 416 2127 475 Α
2153 412 2384 480 superbo
2410 420 2619 465 tumore
2644 415 3009 473 contemnere,
3033 414 3277 464 venenata
3316 413 3405 469 sibi
3434 432 3512 474 ore
3544 439 3633 480 ma.

483 529 719 573 canones
760 509 1091 581 poenitentise
1130 506 1359 575 publicae
1385 520 1489 560 non
1535 502 1912 572 intelligendos
1938 513 2059 553 esse

481 608 549 661 de
590 603 840 659 omnibus
879 598 1195 653 criminibus
1214 596 1467 666 publicis,
1499 604 1659 664 atque
1699 593 1857 647 aliam
1894 589 2061 645 fuisse

482 693 853 767 paenitentiam
870 705 988 759 qua:
1012 689 1076 743 ad
1103 686 1476 743 remissionem
1502 681 1860 753 quorumdam
1884 676 2063 733 crimi-

485 800 611 839 num
658 783 783 837 licet
830 781 1164 851 publicorum
1198 776 1498 838 sufﬁceret,
1527 775 1668 829 sicut
1717 772 1772 825 in
1814 767 2062 838 sequenti

486 875 662 944 capite
687 874 1142 927 demonstramus.

1099 997 1327 1055 CAPUT
1367 991 1452 1052 Vl.

490 1113 640 1167 Idem
685 1119 1048 1180 argumentum
1073 1106 1138 1180 VI.
1170 1105 1366 1180 Morini
1411 1102 1705 1173 refellitur:
1741 1100 2067 1180 demo-nstra-

558 1194 644 1237 tur
673 1170 860 1234 Pavtres
900 1179 1080 1234 testari
1109 1178 1349 1247 antiquos
1381 1170 1603 1247 canones
1621 1170 2069 1247 paeniteatnepa-

560 1252 707 1307 blica’
730 1247 1102 1319 intelligendos
1124 1238 1367 1319 non'esse
1398 1242 1463 1295 de
1492 1238 1730 1319 omnibus
1761 1238 2069 1319 criminibus

559 1321 810 1393 publicis;
840 1306 1012 1393 atque
1033 1317 1192 1370 aliam
1237 1314 1396 1393 fuisse
1442 1310 1795 1393 penitentiam
1840 1323 1957 1378 qua:
2001 1306 2070 1393 qd

560 1377 918 1446 remissionem.
943 1389 1203 1440 minorum
1237 1377 1524 1436 criminum
1570 1377 1897 1451 publicorum
1927 1377 2070 1451 suffi—

560 1478 673 1516 cere
703 1460 1102 1515 arbitrarentur.
1144 1451 1292 1507 Unde
1332 1446 1658 1521 dignoscitur
1696 1464 1937 1521 quaenam
1963 1446 2072 1521 cri-

562 1512 729 1585 ἱτὶἐιὶιί
763 1512 970 1599 publica
1024 1524 1243 1597 publica:
1300 1512 1613 1593 paenitentiae
1664 1512 1892 1573 obnoxia
1952 1512 2069 1583 [ue-

564 1602 694 1655 rint.

564 1710 825 1781 Origenes
887 1708 940 1761 in
978 1702 1396 1760 Commentariis
1439 1701 1492 1755 in
1541 1698 1886 1763 Matthmum,
1938 1697 2068 1751 edit.

498 1801 658 1866 ﬂuet,
688 1807 819 1853 tom.
847 1796 890 1861 ι,
921 1810 1042 1866 pag.
1070 1793 1173 1849 554
1197 1812 1210 1848 :
1247 1811 1265 1844 ι
1294 1790 1756 1859 Quemadmodum
1785 1789 1949 1860 igitur
1983 1788 2074 1857 qui

498 1890 626 1949 talia
647 1889 713 1945 de
738 1887 882 1942 omni
907 1895 1130 1956 peccan
1152 1884 1297 1939 dicta
1319 1895 1440 1937 esse
1456 1880 1793 1952 pronuntiat,
1821 1880 1934 1933 sive
1959 1892 2079 1949 pec-

494 1987 677 2035 catum
723 1976 852 2032 illud
881 1975 1055 2030 caedes
1098 1973 1201 2037 sit,
1251 1973 1365 2027 sive
1409 1970 1752 2034 veneficium,
1800 1970 1912 2023 sive
1943 1982 2082 2039 pue-

498 2084 681 2125 rorum
709 2077 976 2136 stuprum,
1000 2064 1112 2117 sive
1140 2062 1343 2130 aliquid
1365 2059 1561 2124 simile,
1589 2058 1929 2114 occasionem
1951 2072 2083 2127 prte-

500 2163 615 2216 huit
662 2176 759 2215 cur
787 2171 1050 2213 summam
1100 2153 1303 2209 Christi
1339 2152 1657 2223 patientiam
1696 2160 1751 2207 et
1783 2152 2081 2223 procrasti-

501 2251 772 2305 nationem
804 2247 983 2302 animo
1011 2243 1627 2315 comprehenderemus;
1655 2243 1727 2297 ita
1754 2260 1784 2300 e
1809 2243 2085 2297 contrario

500 2344 592 2414 qui
635 2342 856 2396 fratrem
903 2340 970 2394 ab
1015 2353 1081 2394 eo
1124 2336 1219 2407 qui
1255 2334 1423 2389 frater
1458 2334 1760 2404 appellatur
1805 2334 2083 2398 distinxit,

503 2450 627 2490 eum
678 2433 771 2504 qui
812 2438 1039 2502 propter
1084 2428 1308 2482 minima
1352 2433 1577 2495 peccata
1625 2425 1822 2495 quibus
1868 2424 2086 2479 obnoxii

504 2532 633 2580 sunt
667 2523 936 2585 homines,
967 2528 1088 2589 post
1119 2516 1591 2587 reprehensionem
1622 2529 1726 2569 non
1755 2514 1916 2568 fuerit
1962 2529 2091 2569 con-

506 2627 720 2678 versus,
750 2609 1054 2667 habendum
1093 2621 1214 2661 esse
1239 2606 1398 2661 docet
1423 2620 1522 2674 pro
1564 2603 1783 2657 ethnico
1821 2611 1877 2658 et
1914 2601 2091 2672 publi-

502 2716 664 2766 cano,
695 2707 916 2771 prepter
943 2705 1164 2768 peccata
1207 2712 1326 2765 qua:
1354 2710 1461 2749 non
1493 2694 1561 2748 ad
1605 2701 1833 2748 mortem
1852 2733 1867 2755 ,
1898 2692 2002 2756 vel,
2032 2699 2093 2746 ut

505 2808 572 2849 ea
618 2792 670 2847 in
723 2787 974 2844 Numeris
1018 2787 1101 2841 lex
1147 2785 1409 2856 appellat,
1457 2782 1735 2839 mortifera
1776 2798 1884 2838 non
1932 2790 2086 2847 sunt;

506 2880 647 2953 quod
678 2879 865 2947 utique
902 2875 1062 2930 nimis
1100 2873 1319 2931 crudele
1350 2873 1588 2937 videtur;
1630 2884 1732 2926 nec
1758 2871 1902 2925 enim
1936 2869 2092 2925 facile

507 2986 831 3044 quemquam
871 2968 1097 3040 reperiri
1131 2982 1289 3037 posse
1329 2966 1582 3029 arbitror,
1612 2963 1703 3032 qui
1747 2978 1857 3016 non
1903 2969 1986 3016 ter
2020 2962 2093 3015 ob

509 3063 652 3119 idem
681 3075 836 3117 noxa:
860 3074 1029 3131 genus
1054 3058 1217 3111 fuerit
1248 3053 1583 3126 obiurgatus,
1617 3053 1911 3117 maledicti,
1940 3051 2091 3107 verbi

420 3202 425 3207 .
510 3152 704 3223 gratia,
731 3165 838 3221 quo
866 3147 1137 3212 maledici,
1166 3147 1251 3200 vel
1276 3146 1369 3216 qui
1397 3147 1479 3200 ira
1508 3144 1926 3207 excandescunt,
1969 3158 2095 3213 pro-

510 3240 840 3310 pinquorum
887 3236 1093 3291 nomini
1137 3235 1458 3299 detrahunt;
1502 3233 1585 3289 vel
1628 3232 1967 3297 vinolentia);
2011 3231 2097 3285 vel

513 3331 778 3386 orationis
804 3327 1080 3383 mendacis
1105 3336 1161 3383 et
1188 3327 1398 3390 otiosae,
1432 3325 1516 3380 vel
1546 3325 1768 3380 alterius
1798 3324 2099 3395 cuiuspiam

514 3419 686 3492 culpae
711 3435 779 3475 ex
806 3420 875 3475 iis
900 3432 1017 3488 qua:
1044 3416 1226 3471 multis
1252 3416 1518 3471 inhaerere
1538 3415 1764 3470 solent.»
1793 3413 2100 3470 Secundum

513 3509 825 3582 Apostolum
856 3507 879 3562 ι
904 3506 972 3561 ad
997 3505 1246 3561 Corinth.
1274 3519 1395 3574 cap.
1447 3519 1497 3557 γι
1527 3522 1539 3557 :
1573 3501 1756 3574 Neque
1783 3502 1983 3567 molles,
2015 3518 2104 3556 ne-

513 3617 614 3672 que
641 3601 812 3664 avari,
847 3613 1009 3668 neque
1037 3596 1245 3661 ebriosi,
1274 3610 1489 3665 regnum
1521 3593 1616 3647 Dei
1652 3593 1985 3663 possidebunt
2002 3609 2020 3657 ;
2050 3600 2107 3647 et

517 3698 700 3746 tamen
721 3690 984 3761 Origenes
1013 3695 1245 3742 testatur
1266 3698 1470 3740 morem
1498 3700 1606 3739 non
1632 3683 1797 3738 fuisse
1822 3682 2099 3747 Ecclesiae,

518 3787 581 3835 ut
624 3779 936 3843 maledicos,
970 3776 1268 3848 nequidem
1308 3789 1403 3830 eos
1433 3775 1524 3845 qui
1557 3774 1979 3846 propinquorum
2011 3788 2107 3827 no-

524 3871 660 3927 mini
706 3869 1099 3933 detrahebant,
1145 3874 1200 3921 et
1244 3866 1487 3920 ebriosos
1533 3865 1746 3936 publica
1786 3863 2105 3935 poenitentia

520 3963 757 4037 puniret.
786 3961 843 4015 Si
870 3960 991 4031 quis
1020 3956 1240 4025 obiiciat
1269 3957 1338 4011 ab
1363 3956 1594 4028 Origene
1635 3955 1750 4011 haec
1776 3956 1997 4010 minima
2020 3968 2111 4009 vo-

523 4057 658 4123 cari,
687 4053 932 4110 attendat
977 4050 1173 4105 Patres
1222 4050 1413 4104 horum
1464 4057 1767 4117 temporum
1814 4062 1919 4102 non
1953 4046 2110 4100 aliter

520 4151 731 4202 locutos
756 4157 896 4199 esse.
924 4141 1105 4208 Quare
1139 4138 1279 4209 apud
1308 4146 1555 4193 sanctum
1582 4136 1908 4209 Cyprianum
1944 4137 2111 4194 idolo-

522 4237 697 4295 latrite
722 4236 928 4291 crimen
977 4246 1249 4289 summum
1285 4237 1369 4285 est
1406 4229 1682 4293 delictum,
1716 4228 2110 4299 gravissimum

522 4337 579 4385 et
603 4335 945 4383 extremum:
975 4325 1185 4380 minora
1225 4338 1370 4387 vero,
1411 4321 1734 4377 adulterium
1777 4329 1834 4374 et
1876 4320 2113 4376 homici-

528 4418 700 4474 dium.
1252 4459 1278 4489 ε

591 4507 895 4579 Cyprianus
944 4504 1000 4559 in
1046 4503 1185 4558 libro
1230 4503 1296 4557 de
1339 4500 1567 4571 Lapsis:
1612 4517 1631 4550 ι
1662 4497 1965 4554 Studebant
2005 4514 2105 4553 au-

525 4600 697 4674 gendo
730 4596 1060 4670 patrimonio
1102 4593 1329 4665 singuli;
1358 4600 1413 4647 et
1438 4590 1593 4647 obliti
1637 4590 1768 4659 quid
1795 4589 2105 4652 credentes,

527 4702 621 4750 aut
645 4693 743 4748 sub
770 4689 1030 4760 apostolis
1068 4696 1194 4742 ante
1222 4685 1501 4749 fecissent,
1541 4691 1635 4737 aut
1679 4696 1892 4752 semper
1932 4680 2110 4738 facere

528 4788 815 4851 deberent,
856 4782 1151 4838 insatiabili
1196 4778 1509 4850 cupiditatis
1552 4778 1746 4832 ardore
1788 4776 2113 4847 ampliandis

530 4872 1253 4931 facultatibus'incubabant.
1279 4868 1397 4924 Non
1419 4868 1479 4923 in
1522 4866 1896 4922 sacerdotibus
1926 4864 2112 4935 religio

529 4971 742 5034 devota,
771 4981 879 5022 non
916 4967 970 5021 in
1014 4963 1278 5020 ministris
1306 4962 1438 5018 fides
1466 4960 1697 5031 integra,
1724 4973 1831 5014 non
1862 4957 2119 5027 in-operi—

529 5063 632 5119 bus
678 5054 1072 5118 misericordia,
1099 5068 1207 5109 non
1242 5052 1297 5106 in
1342 5051 1585 5106 moribus
1631 5046 1937 5118 disciplina.
1970 5045 2116 5102 Cor-

532 5160 690 5225 rupta
718 5149 888 5206 barba
917 5146 971 5202 in
999 5144 1167 5210 viris;
1203 5143 1258 5197 in
1285 5139 1500 5197 feminis
1527 5138 1702 5195 forma
1737 5136 1936 5192 fucata.
1960 5135 2122 5190 Adul-

534 5241 691 5298 terati
721 5246 844 5311 pcta
872 5236 968 5293 Dei
1008 5247 1204 5290 manus
1229 5231 1396 5297 oculi,
1440 5228 1617 5300 capilli
1661 5227 1942 5282 mendacio
1977 5224 2123 5282 colo-

536 5335 659 5390 rati.
707 5331 790 5387 Ad
820 5326 1135 5399 decipienda
1178 5323 1342 5381 corda
1383 5320 1706 5391 simplicium
1734 5319 1943 5376 callida:
1980 5316 2124 5373 frau-

537 5426 651 5487 des,
694 5419 1182 5478 circumveniendis
1223 5414 1484 5470 fratribus
1524 5413 1761 5469 subdolre
1789 5411 2119 5468 voluntates.

537 5512 773 5583 .lurgere
803 5526 924 5567 cum
965 5507 1270 5565 inﬁdelibus
1297 5503 1573 5560 vinculum
1613 5502 1965 5568 matrimonii,
1994 5516 2125 5572 pro-

541 5606 768 5657 stituere
790 5599 1076 5671 gentilibus
1103 5597 1347 5653 membra
1376 5594 1576 5651 Christi
1606 5608 1621 5648 :
1652 5609 1760 5650 non
1786 5593 1971 5663 iurare
2002 5605 2123 5648 tan-

546 5702 662 5748 tum
707 5697 927 5751 temere,
957 5688 1050 5742 sed
1095 5687 1269 5741 adhuc
1294 5686 1457 5741 etiam
1490 5684 1734 5757 peierare
1762 5700 1777 5738 :
1804 5685 2122 5756 prrepositos

2158 501 2411 563 ledicere,
2437 500 2575 555 odiis
2617 499 2982 569 pertinacibus
3010 498 3227 554 invicem
3264 502 3519 563 dissidere:
3546 516 3633 585 ερξ.

2160 592 2302 663 scopi
2350 592 2589 661 plurimi,
2616 604 2750 659 quos
2775 598 2830 643 et
2853 590 3188 644 hortamento
3223 607 3330 647 esse
3365 609 3538 664 oportet
3557 616 3634 659 ea.

2161 683 2293 737 teris
2333 688 2398 737 et.
2428 680 2692 751 exemplo,
2740 678 2921 733 divina
2968 681 3324 748 procuratione
3370 697 3633 760 contempta,

2161 780 2542 842 procuratores
2585 785 2766 824 rerum
2793 768 3125 824 saecularium
3155 769 3283 836 fieri,
3324 773 3533 830 derelicta
3566 795 3634 835 ea.

2167 864 2374 930 thedra,
2404 863 2560 932 plebe
2603 862 2836 925 deserta,
2872 875 2973 930 per
3008 860 3203 915 alienas
3233 864 3496 932 provincias
3520 871 3634 927 otior.

2165 966 2377 1021 rantes,
2430 954 2810 1025 negotiationis
2869 960 3180 1022 qumstuosae
3230 957 3465 1013 nundinas
3511 975 3635 1017 aucu-

2156 1048 2301 1117 pari.
2326 1046 2640 1100 Esurientes
2669 1044 2721 1099 in
2750 1043 2987 1099 Ecclesia
3012 1043 3260 1099 fratribus
3284 1061 3377 1099 non
3398 1050 3634 1115 subvenire,

2166 1138 2367 1192 habere
2419 1145 2697 1205 argentum
2746 1133 2968 1204 largiter
3013 1133 3174 1198 velle,
3217 1134 3391 1191 fundos
3437 1138 3638 1196 insidiosis

2168 1225 2444 1280 fraudibus
2473 1239 2682 1293 rapere,
2709 1225 2891 1278 usuris
2931 1223 3389 1293 multiplicantibus
3427 1226 3548 1284 fenus
3571 1246 3638 1284 auc

2169 1332 2312 1390 gere.
2343 1337 2362 1370 ι
2392 1316 2472 1370 Ex
2524 1317 2610 1370 his
2655 1315 2834 1371 verbis
2873 1315 3042 1370 sancti
3087 1314 3328 1385 Cypriani
3365 1318 3522 1389 colligo
3550 1335 3637 1376 eum

2170 1416 2359 1467 sancto
2402 1407 2700 1477 Augustino
2748 1406 2842 1459 lib.
2872 1421 2934 1460 ιιι
2973 1413 3156 1459 contra
3202 1406 3453 1475 epistolam
3481 1408 3638 1466 Parme—

2172 1500 2340 1565 niani,
2368 1512 2562 1552 avaros
2603 1505 2658 1552 et
2689 1510 2911 1565 rapaces
2936 1496 3026 1565 qui
3063 1511 3275 1566 regnum
3300 1496 3383 1550 Dei
3413 1513 3497 1552 non
3517 1502 3641 1569 possi-

2173 1592 2392 1652 debunt,
2421 1588 2753 1657 temporibus
2777 1586 2949 1641 sancti
2972 1585 3220 1657 Cypriani
3245 1587 3293 1640 in
3316 1586 3512 1641 Ecclesia
3527 1588 3642 1644 fuisse

2175 1680 2458 1742 toleratos;
2489 1691 2588 1730 nec
2611 1691 2813 1731 morem
2839 1674 3092 1730 Ecclesiae
3113 1673 3273 1730 fuisse
3292 1683 3341 1729 ut
3364 1676 3543 1731 crimina
3559 1692 3643 1730 ιιι-ιιι

2105 1749 2150 1809 Β
2180 1769 2336 1833 ritiae,
2380 1767 2508 1822 furti
2545 1774 2601 1821 et
2638 1765 2895 1836 periurii,
2933 1765 3145 1835 publica
3187 1766 3468 1835 paenitentia
3500 1766 3645 1836 plecte-

2180 1868 2389 1914 rentur.

2250 1950 2515 2005 Pacianus
2545 1950 2599 2003 in
2627 1947 2897 2003 Pamnesi
2923 1946 2990 2001 ad
3016 1945 3372 2016 paenitentiam
3395 1962 3409 1998 τ
3436 1944 3647 1998 (Primum

2181 2040 2364 2111 igitur,
2390 2047 2452 2092 ut
2472 2039 2725 2102 diximus,
2749 2038 2817 2093 de
2837 2038 2997 2092 modo
3020 2036 3340 2106 peccantium
3364 2044 3648 2091 retr.;ctenms,

2183 2130 2369 2186 sedulo
2413 2129 2753 2197 requirentes
2791 2142 2911 2196 qua:
2941 2127 3053 2180 sint
3076 2135 3307 2195 peccata,
3335 2141 3437 2195 quze
3455 2123 3652 2179 crimina:

2184 2239 2252 2279 ne
2279 2224 2400 2293 quis
2428 2222 2722 2285 existimet,
2749 2229 2971 2289 propter
3009 2219 3280 2272 innumera
3303 2217 3468 2271 delicta
3488 2227 3654 2284 quorum

2186 2311 2466 2366 fraudibus
2506 2310 2689 2364 nullus
2732 2308 2994 2362 immunis
3017 2316 3122 2373 est,
3154 2322 3255 2371 me,
3292 2320 3432 2361 omne
3454 2304 3656 2359 hominum

2187 2419 2378 2476 genus,
2410 2403 2701 2457 indiscreta
2734 2400 3034 2471 paenitendi
3066 2399 3181 2468 lege
3205 2398 3536 2465 constringere.
3552 2392 3658 2463 Apud

2191 2496 2371 2551 Mosen
2398 2502 2454 2548 et
2480 2501 2713 2557 veteres,
2764 2492 2971 2545 minimi
3005 2504 3216 2560 quoquc.
3255 2488 3455 2557 peccati,
3492 2493 3536 2539 et
3566 2497 3659 2551 qua-

2190 2589 2395 2645 drantis
2424 2586 2607 2650 unius,
2640 2592 2700 2639 ut
2726 2584 2803 2638 ita
2827 2582 3081 2646 dixerim,
3113 2581 3210 2645 rei,
3244 2581 3295 2633 in
3323 2577 3479 2633 eodem
3500 2570 3663 2628 infelici-

2190 2680 2319 2734 tatis
2352 2677 2609 2733 aestuario
2636 2674 2862 2729 volutati
2894 2681 3048 2727 sunt.
3079 2672 3146 2726 Et
3169 2671 3255 2741 qui
3285 2668 3478 2724 sabbata
3497 2663 3667 2720 violave-

2192 2781 2333 2835 rant,
2366 2777 2421 2823 ct
2446 2768 2539 2837 qui
2569 2765 2843 2821 immunda
2889 2763 3248 2833 contigerant,
3288 2768 3339 2815 et
3373 2756 3451 2827 qui
3485 2766 3665 2809 esramm

2190 2863 2359 2916 vetita
2403 2864 2878 2930 praesumpserant,
2925 2864 2975 2909 et
3020 2854 3112 2924 qui
3140 2849 3523 2910 murmurabant,
3546 2841 3668 2912 etqui

2192 2953 2398 3023 pariete
2437 2959 2712 3017 corrupto,
2763 2956 2817 3002 et
2859 2946 2951 3015 qui
3007 2952 3157 3000 veste
3202 2941 3443 2998 maculata
3482 2934 3668 3004 tentplum

2196 3041 2395 3099 summi
2422 3040 2566 3110 regis
2594 3039 2948 3101 intraverant,
2977 3045 3036 3091 et
3058 3036 3149 3104 qui
3174 3033 3405 3088 altarium
3429 3029 3498 3083 bis
3516 3021 3670 3081 obnoxii

2201 3153 2364 3193 manu
2411 3138 2903 3193 contrectaverant,
2950 3138 3051 3185 aut
3072 3136 3219 3183 veste
3245 3126 3550 3195 contigerant,
3574 3124 3619 3171 ut
3635 3114 3671 3167 in

2200 3229 2397 3286 caelum
2447 3225 2741 3281 ascendere
2791 3223 2952 3277 citius
3006 3220 3202 3285 fuerit,
3246 3225 3333 3272 aut
3376 3211 3521 3269 emori
3557 3206 3674 3263 satius

2202 3334 2361 3390 quam
2391 3319 2507 3375 brec
2529 3316 2782 3370 universa
2819 3328 3063 3369 servare.
3098 3312 3192 3366 His
3219 3311 3375 3378 igitur
3396 3320 3479 3359 nos
3496 3300 3676 3390 omnibus

2203 3412 2495 3480 multisque
2537 3416 2802 3479 praeterea
2854 3404 3168 3459 carnalibus
3212 3401 3350 3456 vitiis
3390 3406 3442 3451 ut
3474 3393 3598 3449 citius
3632 3382 3676 3439 ad

2202 3502 2472 3557 destinata
2501 3500 2729 3569 quisque
2764 3496 3070 3567 perveniat,
3104 3494 3314 3565 sanguis
3342 3486 3521 3545 Domini

2203 3593 2281 3647 vit
2319 3565 2698 3659 redemptosa
2745 3565 3009 3642 servitute
3052 3578 3211 3655 legis,
3259 3589 3310 3637 et
3355 3578 3561 3633 libertate
3595 3565 3676 3624 fidei

2203 3680 2593 3749 emancipatus.
2647 3677 2878 3745 Ideoque
2929 3674 3207 3746 apostolus
3253 3671 3469 3730 Paulus;
3512 3662 3587 3715 Vos
3616 3671 3677 3749 tlt-

2206 3780 2348 3837 tem,
2403 3744 2609 3839 inquit,
2656 3769 2713 3822 in
2771 3744 3067 3820 libertatem
3129 3764 3292 3818 vocati
3340 3759 3466 3814 estis.
3510 3744 3677 3808 lia‘cilli

2207 3861 2452 3924 libertas,
2495 3859 2638 3929 quod
2670 3872 2775 3912 non
2804 3856 3061 3910 omnibus
3096 3852 3431 3923 astringimur
3452 3845 3682 3929 quibusve-

2209 3962 2354 4008 teres
2383 3927 2740 4013 tenebantur;
2790 3948 2886 4003 sed
2933 3947 3138 4002 donata
3185 3953 3245 3999 ut
3282 3945 3351 3997 ita
3387 3937 3572 3997 dixerim
3590 3927 3680 3984 silva

2210 4044 2529 4100 delictorum
2571 4051 2628 4097 et
2666 4040 3035 4096 remediorum
3075 4035 3396 4107 indulgentia
3424 4019 3682 4087 destinauit:

2208 4147 2383 4203 pauca
2426 4131 2665 4188 conclusi
2705 4145 2893 4185 sumus
2934 4139 2996 4183 et
3044 4126 3383 4188 necessaria;
3429 4133 3527 4190 qua
3550 4123 3683 4168 etsct-

2210 4240 2339 4280 vare
2389 4223 2707 4279 facillimum
2750 4228 2895 4278 esset
2940 4220 3312 4283 credentibus,
3364 4222 3409 4269 et
3451 4219 3623 4267 cavere:
3647 4205 3686 4251 ιιι

2215 4317 2566 4373 meritissimo
2605 4315 2891 4370 Tartarum
2931 4330 3042 4369 non
3070 4318 3345 4368 recusaret
3370 4306 3452 4377 qui
3477 4309 3601 4357 tanta
3620 4292 3686 4346 όο·

2138 4437 2189 4497 D
2217 4415 2421 4471 ηθιίοηί
2467 4415 2733 4484 ingratus.
2782 4425 2850 4466 ne
2895 4412 3015 4466 haec
3059 4409 3276 4479 quidem
3302 4416 3457 4476 pauca
3481 4393 3687 4494 servasset

2223 4505 2354 4573 Qum
2377 4504 2489 4560 sint
2522 4511 2702 4558 autem
2739 4503 2861 4565 ista,
2902 4502 3201 4556 videamus.
3250 4496 3371 4550 Post
3407 4484 3577 4545 Domini

2218 4566 2449 4663 sionem,
2480 4594 2709 4664 apostoli
2752 4592 3000 4648 tractatis
3046 4591 3299 4646 omnibus
3341 4595 3482 4654 atque
3509 4566 3692 4664 discut?!

2225 4657 2530 4758 epistolam-
2549 4684 2904 4746 tradiderunt,
2949 4682 3038 4737 his
3065 4680 3160 4750 qui
3183 4695 3251 4735 ex
3279 4675 3500 4748 gentibus

2221 4747 2374 4847 rant,
2424 4774 2818 4849 perferendam.
2878 4747 3138 4842 Epistolis:
3184 4747 3435 4824 sententia
3458 4760 3565 4849 hinc
3592 4747 3692 4849 illi“:

2228 4834 2511 4937 «Aposttoli
2564 4871 2620 4919 et
2666 4834 2973 4932 presbyteri
3020 4857 3221 4912 fratres
3265 4854 3347 4908 his
3388 4848 3467 4919 (Ιιιί

2227 4977 2245 5012 ι
2270 4930 2485 5012 tiocbize
2509 4960 2566 5010 et
2592 4930 2783 5024 Syriae,
2811 4930 2869 5006 et
2892 4947 3099 5004 Cilicia
3146 4943 3396 5000 fratribus
3428 4933 3507 5005 qui
3543 4930 3696 5024 salii“

2227 5068 2246 5101 ι
2269 5047 2521 5120 gentibus
2560 5015 2807 5100 salutem.
2862 5039 3131 5108 Quoniam
3189 5032 3482 5120 audivimus
3503 5015 3694 5120 illi?

2230 5160 2248 5192 ι
2270 5156 2337 5196 ex
2365 5138 2521 5195 nobis
2556 5135 2774 5199 exiisse,
2802 5140 2859 5189 et
2883 5132 3242 5188 conturbasse
3276 5138 3367 5179 vos
3389 5116 3555 5176 verbis.
3575 5130 3589 5162 ι
3609 5106 3697 5199 Item

2224 5229 2404 5287 infra:
2435 5247 2453 5278 ι
2475 5227 2663 5282 Visum
2708 5193 2796 5278 est
2835 5221 2976 5276 enim
3020 5226 3212 5273 sancto
3258 5206 3465 5281 Spiritui
3502 5208 3547 5255 et

2233 5340 2251 5373 ι
2273 5321 2476 5377 nullum
2523 5315 2751 5386 amplius
2792 5310 2989 5382 imponi
3035 5307 3191 5363 vobis
3213 5301 3414 5374 Ρουάυθ

2235 5430 2253 5463 ι
2455 5375 2676 5462 necesse
2698 5410 2782 5458 est
2808 5375 3214 5456 utvabstineatis
3246 5407 3337 5447 vos
3362 5389 3425 5445 ab
3450 5375 3700 5441 ίςιυιοιιιιω»

2236 5519 2255 5553 ι
2277 5508 2333 5556 et
2356 5496 2637 5569 sanguine,
2667 5503 2724 5548 et
2747 5488 3132 5551 fornicatione,
3158 5500 3190 5540 a
3213 5483 3401 5553 quibus

2237 5608 2255 5641 ‹
2275 5553 2415 5644 bene
2440 5553 2634 5657 eugetis,
2662 5580 2855 5637 valete.
2878 5600 2898 5632 ι
2928 5576 3056 5632 Haec
3075 5583 3163 5631 est
3181 5572 3310 5630 Novi
3333 5553 3612 5624 Τεειαωδοίί
3626 5553 3702 5657 ἓ

2232 5639 2525 5737 etiam};
2553 5639 2846 5744 Despectus
2871 5670 2925 5725 in
2951 5667 3142 5721 multis
3167 5662 3392 5735 Spiritus
3415 5657 3610 5713 metu.
3626 5639 3702 5691 ιικ

2120 3089 2166 3151 C
