3968 6180
337 270 485 326 1201

1189 281 1279 337 A‘B
1318 285 1488 341 OMNl
1524 287 1892 345 NOVITATIS
1928 285 2330 345 SUSPlClONE
2368 287 2751 346 VINDICATA".

3458 294 3601 351 {20'}

337 382 521 448 nobis,
553 384 803 455 capitalis
832 388 1056 457 periculi
1083 395 1414 463 conditione,
1444 399 1662 471 legavit.
1696 402 1922 471 Reliqua
1950 410 1999 464 Α
2028 409 2136 466 tur,
2167 400 2363 456 Paulus
2405 402 2726 458 sententiam
2770 403 2983 468 extulit,
3031 418 3154 461 eum
3175 431 3179 433 λ
3200 405 3354 470 dixit,
3406 408 3594 479 dignos

333 484 566 545 peccata
598 477 883 534 meliorum
912 497 1135 551 operum
1166 494 1603 560 compensatione
1624 505 1914 551 curantur:

337 566 459 622 haec
483 582 614 623 vero
640 571 743 624 tria
774 572 1023 640 crimina,
1059 586 1118 631 ut
1142 578 1379 638 basilisci
1420 584 1647 654 alicujus
1686 587 1914 655 afflatus,

334 661 397 709 ut
421 657 616 711 veneni
656 658 817 725 calix,
863 670 924 717 ut
964 663 1137 722 letalis
1165 672 1393 738 arundo,
1432 677 1716 730 metuenda
1747 687 1869 732 sunt
1899 697 1912 732 :

331 761 448 801 non
476 749 621 803 enim
658 751 833 807 vitare
867 755 1121 822 animam,
1154 760 1247 815 sed
1273 762 1598 835 intercipere
1624 778 1910 825 noverunt.

328 835 515 902 Quare
550 842 814 897 tenacitas
856 844 1192 905 humanitate
1237 853 1555 920 redimetur,
1610 859 1913 914 convicium

328 927 707 986 satisfactione
726 936 1059 1002 pensabitur,
1084 940 1304 996 tristitia
1325 941 1687 1014 iucunditate,
1709 951 1915 1019 asperi-

328 1026 422 1073 tas
445 1018 687 1086 lenitate,
719 1026 984 1094 gravitate
1011 1028 1224 1097 levitas,
1250 1034 1534 1091 honestate
1561 1042 1911 1110 perversitas,

325 1116 385 1163 et
421 1124 776 1183 quaecunque,
807 1120 1105 1175 contrariis
1124 1125 1411 1181 emendata
1437 1129 1747 1197 proficiunt.
1772 1132 1913 1199 Quid

326 1212 464 1256 vero
485 1201 648 1257 faciet
672 1214 1011 1277 contemptor
1036 1209 1166 1265 Dei?
1194 1211 1334 1279 Quid
1357 1225 1481 1287 aget
1501 1220 1913 1288 sanguinarius?

325 1292 485 1361 Quod
515 1297 811 1352 remedium
839 1300 1015 1370 capiet
1045 1302 1381 1362 fornicator?
1413 1313 1656 1381 nunquid
1682 1322 1775 1368 aut
1796 1315 1912 1383 pla-

327 1397 462 1438 care
511 1384 795 1441 Dominum
826 1388 1072 1447 desertor
1096 1394 1265 1463 ipsius
1294 1400 1527 1468 poterit:
1558 1411 1650 1456 aut
1691 1419 1911 1460 conser-

327 1487 465 1528 vare
492 1477 806 1544 sanguinem
834 1493 1009 1546 suum,
1038 1484 1128 1551 qui
1161 1485 1298 1541 fudit
1321 1488 1583 1556 alienum;
1612 1502 1704 1548 aut
1731 1496 1912 1550 redin-

326 1569 547 1631 tegrare
576 1564 671 1618 Dei
699 1567 976 1636 templum,
1007 1572 1097 1640 qui
1131 1573 1261 1630 illud
1297 1575 1613 1637 fornicando
1654 1583 1909 1639 violavit?

323 1651 437 1708 Ista
478 1663 604 1709 sunt
637 1658 908 1726 capitalia,
953 1659 1172 1729 fratres,
1205 1665 1308 1721 ista
1339 1671 1610 1738 mortalia,
1655 1682 1760 1729 etc.
1798 1675 1904 1730 Ac-

2025 499 2202 545 morte
2229 504 2352 546 esse
2372 490 2464 560 qui
2493 490 2619 545 talia
2645 500 2829 562 agunt.
2852 512 2872 545 ι
2922 491 3124 549 Saltem
3165 497 3605 565 consuetudinisr

2017 594 2181 650 quam
2232 583 2532 652 improbat,
2584 584 2700 654 ipse
2749 586 2899 642 testis
2940 594 3025 643 est
3065 596 3289 651 sanctus
3340 589 3592 646 Basilius.

2018 670 2208 727 Utrum
2230 688 2506 730 vero-mos
2533 689 2692 744 quem
2723 684 2941 733 sanctus
2959 676 3238 733 Pacianus
3268 687 3498 736 testatur
3523 698 3589 739 ex

2014 762 2300 819 traditione
2343 765 2710 835 apostolorum
2755 768 3118 835 descendisse,
3152 768 3274 839 jure
3304 775 3592 842 reprehens

2014 853 2220 911 dendus
2269 857 2363 923 sit,
2404 858 2487 913 sic
2512 860 2733 929 exponit
2761 860 2930 929 ipsius
2950 858 3121 917 frater
3143 871 3364 918 sanctus
3387 862 3591 936 Grego-

2014 944 2129 999 rius
2157 943 2451 1015 Nyssenus.

2082 1033 2378 1105 Gregorius
2424 1036 2699 1107 Nyssenus
2744 1040 2798 1093 in
2846 1041 3069 1110 epistola
3118 1044 3372 1099 canonica
3399 1046 3466 1100 ad
3490 1045 3589 1100 Le~

2014 1124 2184 1178 toium
2230 1123 2585 1195 episcopum:
2622 1146 2640 1177 ι
2663 1128 2854 1183 Restat
2896 1131 2963 1184 ad
3002 1131 3118 1186 haec
3158 1140 3218 1185 ut
3265 1133 3584 1189 irascentem

2012 1212 2209 1267 anima:
2233 1221 2444 1282 partem
2480 1217 2893 1273 examinandam
2928 1237 3291 1292 proponamus
3327 1225 3588 1294 ,.quando

2010 1299 2159 1371 lapsa
2204 1316 2235 1357 a
2281 1303 2425 1359 bono
2470 1305 2568 1361 irai
2610 1323 2710 1363 usu
2741 1309 2796 1364 in
2822 1319 3101 1379 peccatum
3143 1313 3416 1368 ceciderit.
3452 1313 3584 1370 Cum

2010 1401 2193 1449 autem
2237 1395 2407 1451 multa
2460 1398 2571 1454 sint
2621 1415 2741 1470 quae
2786 1417 2883 1470 per
2920 1403 3054 1458 iram
3095 1403 3231 1460 fiunt
3263 1416 3505 1477 peccata,
3532 1419 3588 1462 et

2007 1486 2187 1541 omnis
2220 1489 2435 1558 generis
2473 1489 2631 1554 mala,
2667 1490 2871 1560 placuit
2903 1494 3153 1550 omnibus
3179 1496 3379 1550 nostris
3407 1495 3586 1552 Patri~

2008 1572 2129 1639 bus,
2168 1575 2221 1629 in
2252 1575 2374 1632 aliis
2405 1578 2623 1646 quidem
2663 1595 2770 1634 non
2817 1581 3041 1636 nimium
3093 1584 3359 1639 subtiliter
3404 1600 3584 1657 agere,

2007 1678 2110 1718 nec
2154 1665 2379 1720 nimium
2414 1667 2467 1720 in
2504 1682 2571 1722 eo
2597 1668 2761 1723 studii
2799 1684 3087 1741 cperzeque
3125 1688 3348 1742 ponere,
3386 1684 3444 1729 ut
3472 1692 3586 1731 on:-

326 1743 495 1813 cipue
524 1746 819 1802 remedium
861 1750 906 1804 si
950 1752 1241 1821 desperare
1281 1760 1557 1828 cmpislis;
1597 1764 1642 1819 si
1681 1766 1907 1822 miseros
1940 1759 1984 1819 Β
2009 1749 2098 1804 uia
2127 1766 2247 1820 qua:
2271 1767 2336 1808 ex
2371 1753 2453 1813 ira
2482 1766 2838 1810 nascerentur
2864 1758 3056 1813 delicta
3083 1770 3369 1816 curarent:
3396 1778 3585 1832 quam-

326 1846 430 1888 vos
469 1836 785 1905 agnoscitis,
815 1838 860 1893 si
886 1839 1103 1897 timetis.
1131 1863 1148 1896 ι
1196 1845 1360 1901 Multa
1382 1860 1507 1904 sunt
1537 1852 1590 1906 in
1620 1853 1722 1910 hoc
1750 1846 1905 1912 testi-

326 1925 515 1980 monio
560 1928 794 1983 maxime
838 1933 1268 1991 consideranda:
1294 1938 1335 1992 1.
1368 1940 1634 1999 Pacianus
1667 1946 1908 2005 declarat

324 2031 359 2070 ι
385 2032 445 2072 se
477 2020 679 2087 requiri
727 2036 975 2091 quaenam
1005 2026 1114 2081 sint
1141 2029 1368 2087 crimina
1398 2034 1609 2102 publica
1637 2040 1905 2108 poeniten-

324 2106 399 2160 tia
433 2108 736 2178 plectenda,
769 2128 838 2167 ne
861 2115 982 2183 quis
1008 2118 1282 2176 existimet
1308 2137 1366 2178 se
1392 2126 1529 2182 velle
1552 2106 1712 2186 omne
1735 2148 1904 2202 genus

322 2194 622 2254 humanum
672 2201 959 2261 indiscreta
1006 2205 1126 2279 lege
1170 2213 1463 2280 paenitendi
1506 2194 1897 2292 constringere.

316 2286 383 2341 ιι.
413 2287 556 2343 Dicit
583 2289 766 2347 ﬁdeles
794 2308 943 2348 nova:
971 2295 1105 2368 legis
1136 2299 1204 2354 ab
1230 2303 1454 2372 antiqua
1483 2305 1599 2377 lege
1628 2286 1900 2368 servitutis

319 2379 581 2435 liberatos
622 2382 689 2436 ad
726 2399 896 2453 pauca
926 2387 1172 2470 redactos
1200 2407 1319 2447 esse
1344 2402 1401 2449 et
1422 2401 1750 2467 necessaria,
1778 2419 1899 2473 qua:

318 2479 376 2524 et
404 2486 623 2527 servare
664 2473 979 2535 facillimum
1010 2467 1154 2536 esset
1186 2493 1241 2538 et
1265 2500 1480 2543 cavere.
1532 2491 1614 2545 lll.
1643 2493 1747 2548 Ista
1775 2467 1894 2565 quae

317 2562 505 2616 caveri
528 2562 740 2629 debent,
769 2566 837 2620 ab
865 2570 1119 2639 apostolis
1159 2582 1341 2630 notata
1380 2593 1502 2634 esse
1545 2581 1630 2637 bis
1673 2562 1893 2641 verbis:

317 2650 511 2710 Visum
552 2666 638 2713 est
679 2657 906 2729 Spiritui
927 2674 1118 2721 sancto
1144 2676 1199 2723 et
1226 2671 1405 2741 nobis,
1435 2674 1640 2731 nullum
1666 2679 1897 2749 amplius

316 2745 524 2816 imponi
562 2751 714 2805 vobis
754 2755 965 2821 pondus
997 2766 1357 2829 prteterquam
1389 2763 1503 2820 haec
1527 2780 1542 2819 :
1567 2745 1787 2824 necesse
1813 2779 1897 2826 est

313 2843 376 2890 ut
424 2836 740 2896 abstineatis
783 2857 880 2897 vos
926 2845 995 2900 ab
1038 2847 1373 2922 idolothytis,
1421 2862 1477 2909 et
1514 2859 1794 2928 sanguine,
1837 2869 1895 2916 et

312 2922 692 2995 fornicatione,
734 2939 839 2988 etc.
868 2933 956 2990 IV.
996 2935 1123 2992 Haec
1151 2940 1256 2996 tria
1284 2943 1513 2999 crimina
1536 2922 1717 3002 vocari
1744 2922 1894 3020 capi-

312 3015 443 3071 talia
469 3026 525 3073 et
554 3022 820 3088 mortalia,
863 3033 920 3080 et
964 3027 1077 3082 sola
1125 3045 1244 3086 esse
1280 3046 1399 3101 quae
1440 3037 1768 3105 poenitentia:
1788 3015 1890 3110 pu-

309 3105 471 3163 blicze
514 3112 754 3167 remedio
796 3114 1054 3186 indigent.
1089 3119 1153 3175 ν.
1188 3121 1413 3193 Reliqua
1452 3137 1671 3196 peccata
1700 3105 1889 3188 melio-

312 3210 437 3251 rum
499 3213 723 3268 operum
779 3209 1220 3275 compensatione
1274 3215 1477 3269 curari.
1550 3217 1669 3274 Non
1720 3220 1890 3291 igitur

311 3294 465 3342 recte
493 3287 543 3343 J.
576 3289 814 3347 Marinus
857 3297 1148 3366 concludit,
1195 3301 1422 3359 crimina
1461 3305 1529 3362 de
1565 3287 1766 3377 quibus
1803 3311 1891 3367 in-

308 3374 480 3449 telligi
523 3394 629 3434 non
669 3391 897 3451 possunt
938 3388 1144 3458 antiqui
1173 3406 1409 3448 canones
1440 3374 1794 3467 paeni—lentim,
1820 3402 1890 3457 ab

307 3467 552 3538 antiquis
573 3470 825 3530 Patribus
841 3490 1064 3546 prorsus
1086 3481 1329 3549 neglecta
1358 3483 1546 3544 fuisse.

381 3605 613 3665 Basilius
653 3611 709 3665 in
751 3613 977 3682 epistola
1022 3620 1279 3676 canonica
1329 3623 1397 3678 ad
1432 3623 1882 3695 Amphilochium,

306 3710 434 3751 can.
466 3697 573 3753 '50:
608 3719 626 3752 ι
646 3700 723 3756 De
760 3704 847 3759 his
885 3706 978 3774 qui
1007 3708 1226 3778 rapiunt
1251 3726 1514 3769 canonem
1544 3716 1759 3786 quidem
1786 3732 1886 3771 an-

306 3786 520 3856 tiquum
541 3805 647 3845 non
670 3791 951 3860 habemus,
982 3797 1077 3852 sed
1099 3801 1371 3869 propriam
1409 3806 1735 3861 sententiam
1764 3823 1889 3876 pro-

306 3875 559 3945 ferimus,
590 3890 650 3938 ut
676 3884 779 3954 ipsi
813 3893 869 3940 et
892 3887 985 3956 qui
1014 3903 1139 3943 cum
1172 3890 1253 3946 eis
1284 3894 1499 3962 rapiunt
1528 3895 1702 3951 tribus
1729 3875 1886 3953 annis

305 3968 421 4025 sint
445 3980 598 4027 extra
628 3976 920 4032 orationes.
948 3999 968 4032 ι
1012 3978 1150 4035 Cum
1174 3992 1398 4039 sanctus
1438 3984 1666 4043 Basilius
1708 3988 1886 4044 decla—

304 4070 393 4115 ret
424 4075 481 4115 se
505 4062 739 4133 primum
767 4081 883 4122 esse
908 4069 1001 4139 qui
1025 4070 1394 4140 paenitentiam
1418 4074 1685 4144 publicam
1716 4086 1889 4147 rapto.

305 4149 457 4206 ribus
501 4153 777 4220 indixerit,
822 4160 1065 4228 nunquid
1095 4159 1299 4217 idcirco
1333 4161 1521 4219 Patres
1545 4166 1754 4235 antiqui
1781 4168 1888 4222 cri-

304 4256 431 4297 men
475 4252 660 4314 raptus
692 4263 917 4317 prorsus
963 4251 1316 4321 neglexerunt
1360 4264 1416 4309 et
1462 4256 1664 4311 nullam
1708 4258 1774 4312 de
1821 4274 1886 4312 eo

305 4347 494 4390 curam
544 4348 844 4408 gesserunt.
877 4339 982 4396 Sed
1011 4342 1134 4397 vide
1171 4342 1422 4416 Origenis
1464 4347 1798 4405 homiliam?)
1828 4348 1884 4401 in

303 4419 531 4480 Levitici
576 4443 695 4497 cap.
740 4447 816 4495 vi,
859 4431 949 4485 ubi
990 4434 1186 4489 asserit
1229 4450 1419 4491 onmes
1466 4447 1732 4508 raptores,
1769 4442 1884 4496 sive
1916 4452 1964 4513 ι)

304 4514 616 4583 mulierum,
661 4520 775 4574 sive
803 4521 1032 4577 aliarum
1062 4539 1263 4591 rerum,
1310 4541 1418 4582 non
1456 4544 1615 4597 posse
1656 4547 1879 4604 regnum

302 4605 401 4662 Dei
429 4610 723 4678 possidere,
750 4612 855 4668 nisi
883 4614 948 4670 de
978 4615 1045 4670 iis
1069 4618 1280 4685 egerint
1304 4620 1696 4689 paenitentiam.

372 4744 606 4803 Basilius
642 4748 698 4804 in
724 4754 987 4823 praemio
1010 4756 1075 4811 ad
1097 4756 1293 4813 librum
1326 4759 1633 4816 Ethicorum
1660 4780 1673 4815 :
1708 4781 1726 4813 ι
1751 4763 1878 4819 Sine

302 4835 465 4891 dubio
500 4840 736 4908 pessima
775 4858 874 4900 nos
914 4846 1127 4917 decepit
1173 4851 1538 4916 consuetudo;
1572 4852 1689 4907 sine
1714 4854 1875 4909 dubio

301 4940 622 4996 magnorum
647 4931 705 4985 in
730 4932 887 4989 nobis
913 4936 1176 4992 malorum
1201 4953 1364 4996 causa
1393 4941 1606 4994 exstitit
1624 4955 1874 5010 perversa

298 5013 576 5072 hominum
606 5021 851 5088 traditio,
877 5040 996 5094 qum
1020 5026 1267 5083 videlicet
1305 5044 1368 5083 ex
1407 5031 1646 5100 peccatis
1678 5033 1875 5099 partim

298 5103 603 5174 deeiinarit,
644 5113 839 5180 partim
880 5115 1025 5171 nullo
1060 5117 1368 5174 discrimine
1411 5119 1652 5176 adhibito
1692 5138 1873 5177 susce-

297 5196 476 5265 perit:
501 5210 702 5255 etcum
730 5203 853 5257 aliis
880 5206 1229 5262 vehementer
1257 5223 1313 5262 se
1343 5210 1622 5265 assimulet
1646 5226 1872 5267 succen-

295 5299 439 5352 sere,
476 5289 640 5344 veluti
688 5292 1004 5360 homicidio,
1053 5296 1316 5352 adulterio
1341 5307 1396 5354 et
1419 5301 1630 5355 caeteris
1658 5302 1872 5372 generis

294 5373 567 5445 ejusdem,
593 5379 695 5436 alia
721 5397 788 5436 ne
810 5381 1282 5455 simpliciquidem
1312 5388 1679 5471 inerepatioue
1711 5392 1870 5462 digna

285 5466 512 5535 iudicet,
544 5471 708 5527 veluti
732 5473 1090 5541 iracundiam,
1120 5478 1444 5547 convicium,
1468 5466 1870 5543 temulenti-am,

295 5564 604 5628 avaritiam,
648 5575 702 5620 et
734 5567 776 5621 si
809 5583 915 5636 qua
941 5577 1065 5623 sunt
1090 5568 1174 5625 his
1201 5568 1417 5636 similia,
1449 5572 1716 5628 adversus
1754 5589 1873 5643 qua:

296 5655 476 5711 omnia
505 5657 639 5713 alibi
661 5659 824 5714 etiam
867 5660 930 5727 is,
963 5676 1028 5715 ex
1054 5658 1205 5729 Cujus
1229 5676 1321 5717 ore
1349 5660 1595 5718 Christus
1625 5661 1877 5735 loqueba-

2009 1842 2090 1897 vis
2111 1840 2390 1913 Scriptura
2417 1861 2522 1900 non
2550 1846 2722 1901 solum
2750 1847 2944 1904 vulnus
2968 1851 3268 1920 prohibeat,
3303 1855 3395 1910 sed
3418 1856 3579 1910 etiam

2005 1945 2165 1986 omne
2211 1934 2512 1989 convicium
2547 1936 2629 1991 vel
2668 1937 3034 2005 maledictum,
3084 1949 3137 1994 et
3182 1941 3225 1997 si
3263 1943 3391 2012 quid
3432 1944 3578 2001 aliud

2004 2018 2268 2088 ejusmodi
2296 2023 2377 2077 ira
2403 2023 2566 2080 efIicit
2590 2044 2605 2080 :
2636 2026 2729 2081 sed
2758 2027 2928 2083 solam
2954 2030 3115 2086 cmdis
3138 2032 3440 2088 cautionem
3464 2036 3579 2089 suis

2002 2111 2178 2179 pmnis
2209 2112 2645 2180 introduxerunt,
2688 2123 2792 2171 etc.
2830 2116 3018 2172 Altera
3051 2128 3234 2175 autem
3265 2120 3579 2178 idololatriae

2001 2200 2231 2268 species,
2255 2202 2334 2259 sic
2358 2204 2502 2259 enim
2529 2205 2743 2261 divinus
2773 2208 3047 2276 apostolus
3077 2213 3361 2268 avaritiam
3399 2217 3580 2285 appele

1999 2288 2097 2354 lat,
2145 2291 2330 2348 nescio
2370 2296 2638 2362 quomodo
2679 2298 2881 2367 absque
2926 2299 3031 2355 ulla
3078 2317 3250 2371 pmna:
3294 2305 3503 2359 medela
3547 2324 3574 2360 a

1998 2375 2251 2435 Patribus
2273 2384 2633 2451 prmtermissa
2666 2386 2753 2441 sit.
2785 2386 2946 2457 Atqui
2990 2389 3093 2445 hoc
3128 2390 3328 2445 malum
3359 2393 3572 2462 quidem

1997 2469 2212 2526 videtur
2231 2486 2350 2527 esse
2371 2473 2535 2529 trium
2556 2477 2723 2531 animi
2748 2479 3191 2536 constitutionum
3214 2484 3445 2550 affectio,
3468 2496 3574 2541 etc.

1998 2560 2067 2615 Et
2088 2571 2148 2616 ut
2179 2563 2235 2617 in
2264 2565 2576 2622 universum
2603 2568 2802 2635 dicam,
2832 2571 2921 2626 hic
2951 2572 3171 2629 morbus
3200 2589 3320 2629 cum
3357 2587 3574 2647 aposto-

1996 2651 2102 2708 lica
2128 2655 2370 2711 avaritia:
2392 2657 2704 2715 definitione
2724 2663 3015 2718 consentit.
3036 2664 3261 2722 Divinus
3282 2668 3422 2722 enim
3448 2684 3575 2739 apo—

1996 2746 2167 2802 stolus
2206 2763 2325 2804 eam
2369 2767 2478 2807 non
2524 2754 2699 2809 solum
2740 2756 3120 2825 idololatriam,
3150 2761 3240 2815 sed
3267 2762 3426 2817 etiam
3465 2780 3577 2819 om-

1995 2837 2143 2894 nium
2174 2840 2439 2897 malorum
2468 2845 2702 2900 radicem
2728 2852 3122 2916 pronuntiavit,
3155 2860 3260 2907 etc.
3297 2838 3402 2909 Sed
3422 2855 3488 2909 de
3511 2856 3589 2912 iis.

1995 2930 2208 2997 quidem
2228 2973 2243 2999 ,
2286 2936 2544 3003 quoniam
2577 2937 2628 2992 id
2654 2954 2684 2992 a
2714 2939 2965 2996 Patrilsus
3005 2946 3428 3013 praetermissum
3468 2961 3572 3012 est,

1994 3021 2245 3081 sufficere
2272 3028 2527 3084 existimo
2563 3031 2776 3100 publica
2810 3035 3068 3091 doctrinae
3092 3040 3319 3106 ratione,
3349 3057 3411 3095 ea
3439 3060 3573 3114 quo-

1913 3103 1962 3167 C
1990 3115 2149 3169 modo
2193 3115 2308 3170 fieri
2359 3126 2535 3187 potest
2567 3136 2784 3189 curare,
2828 3124 2993 3179 veluti
3041 3130 3300 3196 quosdam
3352 3134 3587 3189 mortus.

1991 3220 2057 3259 ex
2112 3206 2409 3275 repletione
2449 3219 2621 3277 ortos,
2662 3212 3001 3284 inexplebilis
3041 3220 3280 3275 avaritias
3334 3220 3573 3278 affectio—

1991 3310 2110 3360 nes,
2159 3298 2404 3354 oratione
2446 3311 2757 3371 purgantes.
2797 3304 2980 3361 Solum
3028 3317 3208 3365 autem
3255 3309 3585 3379 furtum,_et.

1990 3388 2358 3456 sepulcrorum
2386 3391 2751 3463 eﬂ'ossionem,
2773 3405 2827 3455 et
2853 3400 3197 3470 sacrilegium
3228 3404 3356 3460 vitia
3380 3407 3569 3462 existi-

1989 3491 2219 3545 mamus,
2250 3481 2394 3548 quod
2422 3483 2502 3539 sic
2527 3500 2558 3539 a
2586 3483 2807 3541 Patrum
2834 3491 3244 3558 consequentia,
3276 3493 3391 3547 lucc
3415 3496 3589 3557 nobis,

1989 3566 2210 3623 traditio
2236 3566 2379 3625 facta
2403 3570 2491 3627 sit.
2524 3572 2689 3646 Atqui
2717 3577 2858 3646 apud
2881 3578 3120 3636 divinam
3150 3579 3482 3651 Scripturam
3512 3595 3571 3641 et

1990 3656 2147 3715 fenus
2172 3667 2228 3714 et
2251 3676 2418 3718 usura
2465 3674 2589 3720 sunt
2627 3666 2919 3736 prohibita,
2951 3680 3007 3724 et
3034 3686 3131 3740 per
3160 3675 3443 3742 quamdam
3474 3692 3569 3747 po-

1991 3751 2236 3818 tentiam,
2287 3753 2354 3808 ad
2402 3770 2556 3811 suam
2602 3759 2999 3827 possessionem
3046 3762 3220 3818 aliena
3265 3766 3583 3833 traducere,

1988 3841 2197 3898 etiamsi
2229 3844 2328 3899 sub
2356 3856 2668 3905 contractus
2695 3860 2790 3906 aut
2812 3856 3191 3910 transactionis
3240 3859 3419 3926 specie
3466 3860 3568 3915 hoc

1990 3931 2217 3989 fortasse
2261 3934 2481 3993 factum.
2510 3941 2600 3996 sit.
2648 3942 2915 4010 Quoniam
2956 3962 3085 4016 ergo
3128 3964 3227 4002 nos
3259 3952 3473 4018 quiJcm
3500 3954 3566 4005 ad

1988 4039 2254 4081 canonum
2305 4037 2626 4097 potestatem
2671 4035 3063 4102 assequendam
3113 4036 3217 4092 fide
3263 4038 3406 4108 digni
3456 4056 3562 4096 non

1988 4130 2195 4183 sumus,
2233 4116 2287 4172 in
2316 4118 2381 4173 iis
2407 4134 2526 4188 qua:
2550 4135 2614 4174 ex
2645 4122 2892 4178 confesso
2916 4125 3186 4193 prohibita
3222 4135 3365 4191 sunt,
3399 4145 3564 4184 cano-

1989 4206 2170 4266 nicam
2211 4211 2534 4264 sententiam
2571 4210 2726 4264 dictis
2751 4212 2865 4281 jam
2897 4214 3230 4283 adjiciemus.
3260 4237 3276 4271 ι
3331 4219 3561 4272 Sanctus

1988 4294 2285 4367 Gregorius
2304 4297 2576 4369 Nyssenus
2602 4317 2707 4357 non
2742 4303 3011 4372 vituperat
3040 4306 3293 4363 Ecclesiae
3319 4325 3519 4366 morem
3544 4353 3585 4374 κ

1988 4385 2053 4439 de
2080 4386 2253 4443 tribus
2282 4395 2489 4443 tantum
2526 4391 2843 4447 criminibus
2868 4409 2898 4447 a
2925 4404 3109 4450 sancto
3133 4395 3364 4453 Paciano
3397 4415 3559 4471 supra

1988 4476 2435 4551 notatispublice
2480 4481 2819 4551 paenitendi:
2863 4484 2972 4539 imo
3010 4486 3575 4549 existimatsufficere.

1986 4574 2180 4621 cetera
2224 4578 2470 4638 peccata,
2519 4588 2637 4641 quae
2682 4573 2806 4628 licet
2848 4590 2877 4628 a
2924 4590 3087 4645 regno
3116 4575 3209 4630 Dci
3249 4580 3558 4649 excludant,

1983 4658 2105 4714 aliis
2149 4661 2399 4716 remediis
2437 4677 2647 4727 curare,
2679 4673 2734 4718 ct
2755 4664 2920 4719 veluti
2959 4667 3215 4735 quosdam
3248 4670 3464 4727 morbos
3491 4688 3559 4729 ex

1980 4749 2275 4819 repletione
2325 4762 2516 4818 ortos,
2572 4754 2907 4824 inexplebilis
2958 4758 3200 4814 avaritia:
3247 4746 3558 4819 affectiones

1978 4856 2228 4910 purgare.
2259 4841 2335 4896 Ne
2360 4844 2482 4912 quis
2521 4860 2648 4900 vero
2678 4844 2856 4904 forsan
2899 4859 3197 4917 opponeret
3234 4855 3556 4910 sententiam

1976 4930 2149 4983 sancti
2174 4929 2356 4985 Basilii
2380 4943 2433 4987 et
2458 4932 2700 5005 Gregorii
2730 4936 3078 5005 Nazianzeui,
3110 4942 3200 5011 qui
3230 4944 3285 4997 in
3313 4946 3561 4999 oratione

1973 5018 2041 5072 59
2067 5020 2145 5073 sic
2192 5019 2465 5091 loquitur:
2503 5024 2677 5091 «Quid
2721 5036 2902 5081 autem
2942 5028 3134 5085 Novati
3175 5034 3548 5087 crudelitatem

1973 5124 2069 5178 pro
2098 5109 2212 5178 lege
2244 5110 2495 5179 habeam,
2543 5114 2634 5184 qui
2674 5117 2958 5173 avaritiam
3004 5121 3240 5190 quidem,
3297 5122 3399 5176 hoc
3444 5132 3547 5186 est,

1971 5200 2199 5256 alterum
2232 5188 2545 5260 idololatria:
2566 5222 2758 5277 genus,
2789 5210 2932 5265 nullo
2955 5188 3216 5281 supplicio
3236 5210 3546 5275 vindicavit,

1973 5301 2215 5363 stuprum
2268 5306 2447 5351 autem
2499 5299 2572 5353 ita
2613 5317 2753 5356 suave
2804 5302 3100 5369 acerbeque
3151 5303 3546 5366 condemnavit.

1976 5385 2126 5452 quasi
2157 5385 2297 5439 nuda
2332 5388 2443 5456 ipse
2480 5392 2659 5446 carnis
2703 5400 2755 5445 et
2796 5392 3037 5462 corporis
3071 5401 3221 5461 parte
3249 5404 3543 5450 constaret.

1978 5471 2147 5526 Veluti
2194 5474 2525 5545 oijectiones
2571 5481 2924 5549 prtevcnieus,
2973 5480 3088 5540 luce
3125 5483 3195 5536 ita
3244 5499 3299 5537 se
3345 5485 3564 5542 sentire-

1977 5560 2194 5629 fatctur,
2247 5569 2520 5634 quoniam,
2566 5570 2753 5641 inquit,
2805 5586 2901 5624 nos
2941 5571 3157 5640 quidem
3185 5572 3250 5626 ad
3280 5589 3563 5632 canonum.

1975 5664 2298 5725 potestatem
2326 5661 2710 5733 assequendam
2740 5660 2843 5719 fide
2875 5663 3024 5735 digni.
3043 5682 3149 5721 non
3177 5681 3381 5723 sumus.
3415 5687 3443 5719 ι.
