3942 6182
496 287 519 339 1
531 286 639 342 203

1074 280 1423 337 'l‘IiEODORl
1459 278 1779 334 ARClllEP.
1820 274 2166 333 CANTUAR.
2213 276 2557 333 DOC'l‘lilNA
2605 277 2693 331 DE
2724 275 3167 333 POENITENTIA
3525 294 3628 354 tm

562 395 881 452 Ambrosius
923 395 1015 448 lib.
1047 410 1082 447 ιι
1113 393 1181 448 de
1203 392 1551 455 Pmnitentia,
1591 407 1713 461 cap.
1747 391 1815 445 10
1843 406 1857 444 :
1893 413 1911 441 ι
1933 390 2067 444 Nam
2098 392 2146 450 Δ
2176 388 2425 455 voluerit,
2453 405 2814 462 magnamque
2854 392 3142 446 ostenderit
3165 396 3498 469 pmnitentiam,
3522 424 3629 468 asse-

491 488 536 543 si
565 499 695 541 vere
721 492 945 554 agerent
977 483 1375 551 ptenitentiam,
1412 481 1717 536 iterandam
1742 489 1928 551 postea
1959 497 2067 537 non

489 582 764 647 putarent,
796 573 925 644 quia
949 573 1089 627 sicut
1118 585 1283 625 unum
1318 570 1605 640 baptisma,
1635 570 1709 623 ita
1746 584 1855 624 una
1894 570 2067 639 paeni-

485 668 674 733 tentia,
728 683 848 737 qua:
888 675 1067 722 tamen
1105 665 1317 736 publice
1362 663 1560 735 agitur.
1602 662 1735 717 Nam
1763 661 2066 732 quotidiani

482 774 583 815 nos
621 759 781 815 debet
826 759 1094 828 paenitere
1143 757 1373 828 peccati.
1427 757 1537 811 Sed
1582 757 1698 810 haec
1744 756 2063 812 delictorum

480 850 814 919 graviorum,
858 847 949 903 illa
984 847 1271 904 leviorum.
1298 864 1319 899 ι
1362 846 1620 913 Quaenam
1666 861 1799 900 vero
1835 846 1945 900 sint
1978 846 2065 901 de-

478 939 606 993 licta
635 938 861 1007 leviora,
908 938 989 993 sic
1025 936 1265 992 declarat
1305 937 1358 990 in
1404 937 1782 990 exhortatione
1807 935 1875 989 ad
1902 950 2066 1005 agen-

479 1029 604 1082 dam
639 1028 1013 1098 paenitentiam
1042 1045 1056 1081 :
1086 1046 1103 1078 ι
1124 1026 1263 1094 Quid
1303 1037 1386 1081 est
1404 1028 1553 1081 bene
1578 1026 1762 1081 vivere
1795 1037 1919 1096 post
1945 1042 2062 1096 poe-

480 1116 806 1173 nitentiam?
833 1118 967 1173 doce
991 1133 1111 1172 nos.
1137 1116 1270 1172 Dico
1296 1116 1469 1181 vobis,
1498 1116 1767 1171 abstinere
1796 1118 1863 1171 ab
1887 1118 2063 1173 ebrie-

475 1215 609 1273 tate,
647 1222 677 1261 a
702 1208 1165 1279 concupiscentia,
1190 1222 1221 1261 a
1261 1207 1426 1274 furto,
1459 1222 1488 1261 a
1531 1208 1674 1262 male
1720 1208 1953 1278 eloquio,
1994 1210 2063 1264 ab

476 1300 596 1370 ipso
647 1301 1006 1357 immoderato
1040 1301 1174 1367 risu,
1205 1317 1237 1356 a
1263 1303 1428 1358 verbo
1471 1303 1668 1367 otioso,
1711 1301 1854 1356 unde
1883 1302 2063 1357 reddi-

474 1391 583 1446 turi
611 1400 738 1447 sunt
769 1392 1017 1448 homines
1042 1393 1308 1449 rationem
1336 1394 1391 1448 in
1425 1394 1511 1449 die
1533 1392 1741 1464 judicii.
1774 1392 1915 1447 Ecce
1939 1408 2062 1464 quae

472 1481 611 1537 levia
648 1482 779 1546 dixi,
823 1491 882 1538 ut
921 1492 1157 1539 tacerem
1203 1485 1387 1555 gravia
1421 1488 1479 1539 et
1520 1484 1842 1555 pestifera.»
1874 1485 2062 1555 Itaque

473 1578 707 1634 Sanetus
755 1577 1073 1634 Ambrosius
1109 1577 1343 1634 aﬂirmat
1389 1593 1599 1634 morem
1626 1592 1734 1633 non
1762 1577 1930 1634 fuisse
1958 1579 2063 1635 Ec-

472 1670 655 1726 clesiae
682 1671 748 1726 de
781 1670 1033 1726 omnibus
1071 1670 1310 1741 peccatis
1347 1670 1601 1740 publicis,
1643 1671 1850 1727 scilicet
1880 1671 2057 1726 ebrie-

2169 486 2367 547 quctur
2416 480 2559 534 haud
2612 480 2776 535 dubie
2827 496 2935 535 non
2962 481 3219 550 vulgarem
3257 490 3625 555 consolationem:

2167 569 2261 638 qui
2291 578 2476 625 autem
2505 570 2798 626 simultatis
2823 581 2982 626 tenax
3011 583 3110 639 est,
3149 575 3347 647 singulis
3374 583 3526 641 diebus
3541 605 3630 657 pce-

2150 668 2347 713 .catum
2378 658 2528 725 facit,
2558 675 2659 715 nec
2690 677 2926 730 unquam
2951 661 3076 716 illud
3101 664 3321 720 absolvit.
3345 668 3439 726 illic
3460 673 3502 728 in
3517 677 3628 731 adul-

2168 749 2326 815 terio,
2358 758 2569 814 contra,
2598 750 2767 811 simul
2819 767 2943 806 eum
2972 750 3166 823 ﬂagitio
3191 757 3427 826 expletura
3451 773 3517 818 est
3537 782 3628 835 pec.

2165 847 2390 895 catum:
2423 842 2512 896 hic
2556 843 2799 912 quotidie
2850 842 2996 898 idem
3023 844 3189 902 scelus
3231 856 3469 906 tentatur:
3509 870 3624 924 quam

2164 931 2330 1001 igitur
2357 931 2571 986 veniam
2607 932 2969 1003 sperabimus,
3001 934 3093 1002 qui
3120 950 3211 991 nos
3234 937 3317 992 tali
3346 939 3501 997 bellum
3525 944 3624 1001 ultro

2165 1023 2460 1079 dedimus?
2502 1044 2521 1076 ι
2553 1024 2623 1078 Ει
2648 1025 2704 1079 in
2752 1026 2945 1080 eadem
2990 1026 3201 1083 boniilia
3243 1030 3303 1085 de
3344 1031 3622 1100 juramentis:

2170 1133 2189 1164 ι
2228 1113 2598 1186 Quadraginta
2653 1115 2771 1170 dies
2801 1114 2919 1184 jam
2974 1120 3350 1187 praeterierunt,
3395 1125 3434 1179 si
3474 1125 3626 1184 Pascha

2164 1222 2378 1276 quoque
2407 1223 2621 1263 sacrum
2643 1210 2987 1278 praeterierit,
3011 1212 3136 1267 nulli
3160 1213 3264 1282 jam
3289 1216 3452 1272 deinde
3473 1223 3625 1276 veniam

2164 1296 2326 1363 dabo,
2357 1313 2463 1352 non
2492 1300 2940 1368 admonitionem,
2982 1304 3077 1357 sed
3104 1303 3204 1357 vim
3255 1304 3437 1374 imperii
3460 1317 3503 1362 et
3520 1325 3625 1364 sevc-

2164 1385 2383 1442 ritatem
2433 1402 2538 1441 non
2588 1390 3042 1444 contemnendam
3091 1391 3354 1447 adhibebo.
3398 1394 3491 1449 Non
3523 1398 3624 1453 enim

2161 1475 2279 1532 haec
2321 1476 2495 1533 valida
2544 1486 2629 1534 est
2673 1479 3082 1535 consuetudinis
3131 1483 3413 1538 excusatio:
3440 1500 3516 1539 cur
3550 1503 3623 1543 non

2158 1573 2448 1643 praetendit
2485 1572 2575 1628 fur
2624 1574 3095 1638 consuetudinem,
3139 1583 3241 1630 eta
3280 1577 3501 1645 supplicio
3527 1578 3625 1632 libe-

2161 1665 2360 1720 ratur?
2393 1664 2504 1721 Cur
2530 1681 2641 1723 non
2694 1667 2840 1722 idem
2890 1665 3023 1722 facit
3069 1666 3320 1722 homicida
3354 1677 3401 1723 et
3439 1669 3624 1723 adulteri

472 1762 623 1829 tatis,
653 1760 782 1817 furti
809 1770 863 1817 et
887 1762 1029 1827 aliis,
1068 1732 1283 1833 publice
1315 1732 1631 1833 paenitendi.
1667 1761 1798 1829 Quae
1826 1769 2053 1832 peccata
2086 1732 2134 1795 Β
2158 1753 2278 1810 Iam
2307 1755 2472 1827 igitur
2497 1756 2762 1812 denuntio
2808 1765 2863 1812 et
2889 1765 3160 1828 protestor
3180 1755 3221 1813 si
3273 1758 3533 1825 conveniam
3549 1759 3628 1814 sin-

466 1867 574 1906 non
601 1852 736 1907 levia
760 1860 814 1908 et
844 1852 1054 1908 minora
1082 1861 1485 1923 nuncupantur,
1515 1852 1621 1907 nisi
1645 1868 1769 1908 eum
1801 1852 2054 1907 maximis

464 1951 522 1998 et
545 1943 884 2015 gravioribus
924 1943 1136 2000 delictis
1160 1952 1496 2015 comparata,
1536 1952 1594 1998 ut
1622 1943 1738 2014 jam
1766 1958 1842 2000 ex,
1863 1952 2053 2001 sancto

461 2032 734 2108 Cypriano
758 2035 1256 2091 animadvertimus.
1444 2030 1516 2067 ’κ

529 2122 769 2180 Joannes
801 2122 1223 2196 Chrysostomus
1261 2142 1367 2182 non
1422 2124 1596 2181 solum
1645 2126 1876 2181 crimina
1922 2141 2051 2197 gra-

459 2219 703 2285 vissima,
751 2219 1037 2286 adulteria,
1090 2220 1382 2277 homicidia
1405 2229 1461 2275 et
1487 2219 1590 2275 alia
1640 2217 1880 2290 ejusdem
1926 2234 1991 2291 ge
2019 2250 2046 2261 -

456 2310 629 2375 neris,
684 2311 777 2366 sed
833 2311 1090 2367 invidiam
1137 2320 1192 2366 et
1233 2310 1588 2376 iracundiam,
1634 2317 1691 2364 et
1718 2306 1935 2381 quidem
1952 2309 2042 2380 ju—

458 2412 765 2458 ramentum
826 2404 1040 2474 publica
1120 2404 1444 2473 paenitentia
1516 2401 1848 2472 puniendum
1923 2417 2046 2457 esse

456 2495 686 2551 censuit.
750 2494 822 2549 At
871 2495 1080 2565 privata
1126 2495 1450 2551 auctoritate
1488 2508 1593 2548 non
1641 2492 1901 2548 canonica
1940 2491 2045 2546 hoc

455 2601 488 2638 a
535 2600 592 2639 se
646 2586 879 2655 primum
935 2592 1197 2640 statutum
1252 2600 1376 2640 esse
1434 2584 1549 2654 ipse
1592 2586 1646 2639 in
1694 2584 1917 2639 homilia
1972 2583 2044 2638 42

453 2674 525 2728 ad
554 2689 673 2744 cap.
707 2674 946 2729 Matthaei
980 2691 1054 2729 xu
1092 2675 1157 2730 de
1214 2674 1415 2729 invidia
1445 2683 1631 2744 aperte
1680 2674 1922 2729 declarat
1956 2674 2043 2728 his

449 2764 638 2819 verbis
668 2781 683 2817 :
728 2782 747 2815 ι
781 2763 1060 2831 Quomodo
1108 2764 1276 2835 igitur
1302 2779 1370 2819 ne
1423 2779 1637 2820 veneno
1666 2779 1764 2819 suo
1795 2779 1895 2820 nos
1918 2763 2041 2818 inii~

453 2855 588 2919 ciat,
620 2855 928 2912 faciemus?
960 2855 1016 2911 Si
1046 2855 1297 2912 dabimus
1323 2872 1564 2927 operam,
1598 2866 1658 2911 ut
1686 2858 2040 2927 quemadmo-

452 2954 583 3007 dum
608 2951 927 3007 fornicatori
958 2951 1109 3007 nefas
1150 2952 1217 3006 ad
1246 2951 1533 3007 ecclesiam
1584 2951 1814 3020 ingredi,
1855 2950 2037 3007 sicin-

450 3042 576 3098 vido
610 3056 861 3113 quoque:
896 3043 1005 3096 imo
1037 3056 1171 3097 vero
1210 3041 1379 3097 multo
1408 3042 1580 3113 magis
1628 3041 1841 3097 invidus
1870 3057 2034 3112 quam

2157 1846 2312 1916 gulos
2335 1854 2390 1902 et
2410 1848 2642 1918 capiam.
2680 1848 2817 1903 Nam
2845 1848 2991 1903 haud
3015 1848 3176 1904 dubie
3215 1849 3404 1920 capiam
3430 1867 3441 1903 :
3467 1848 3573 1919 quod
3592 1847 3625 1902 si

2154 1938 2556 2009 deprehendam
2582 1939 2791 2010 aliquos
2826 1940 2942 1995 haec
2965 1938 3097 1994 vitia
3122 1955 3227 1995 non
3260 1941 3527 2005 correxisse,
3546 1954 3629 2009 pte-

2154 2044 2283 2084 nam
2312 2029 2587 2105 irrogabo,
2619 2030 2831 2086 edicam
2857 2038 2918 2084 ut
2961 2028 3096 2085 foris
3119 2039 3265 2085 extra
3287 2045 3420 2086 saera
3438 2028 3628 2099 mysteria

2154 2120 2473 2176 consistant.
2520 2141 2539 2174 ι
2583 2119 2851 2177 Similiter
2897 2135 2999 2190 pro
3059 2120 3360 2191 spectaculis
3383 2119 3425 2174 J.
3453 2119 3629 2192 Chryso-

2151 2221 2359 2270 stomus
2386 2231 2495 2271 non
2519 2215 2750 2286 amplius
2807 2217 3103 2286 pbarmaca
3149 2215 3298 2278 levia,
3345 2213 3426 2269 sed
3455 2211 3627 2282 styptica

2149 2318 2205 2363 et
2236 2309 2512 2365 mordaeia
2538 2308 2872 2380 poenitentiae
2896 2310 3127 2381 publieae
3171 2308 3438 2365 adhibenda
3461 2306 3627 2373 essejm

2148 2400 2295 2455 dicat
2321 2400 2567 2470 pluribus
2616 2401 2673 2457 in
2710 2401 2863 2466 locis,
2911 2416 2979 2458 ac
3001 2402 3292 2472 prtesertim
3333 2402 3382 2455 in
3417 2398 3628 2455 homilia?

2147 2491 2214 2544 ad
2239 2501 2403 2561 caput
2420 2490 2618 2547 Genes.
2641 2508 2683 2559 1,
2708 2492 2797 2547 his
2823 2492 3010 2547 verbis
3037 2510 3053 2546 :
3083 2510 3101 2544 t
3136 2490 3310 2561 Neque
3332 2490 3456 2546 enim
3475 2501 3629 2555 semper

2147 2582 2364 2650 cape-lit
2401 2582 2695 2652 pharmaca
2727 2581 2865 2637 levia
2914 2582 3211 2638 adhibere:
3251 2582 3337 2637 sed
3373 2579 3545 2648 quando
3575 2573 3632 2628 ul-

2144 2689 2243 2728 cus
2267 2672 2535 2728 curationi
2585 2673 2812 2739 resiStit,
2844 2681 3067 2743 oportet
3113 2673 3332 2744 styptica
3352 2679 3401 2726 et
3419 2666 3626 2724 mordacis

2147 2767 2433 2820 almovere
2457 2780 2568 2835 quo
2603 2766 2794 2821 morbo
2840 2773 3163 2821 occurratur
3191 2764 3339 2819 citius
3364 2781 3374 2816 :
3400 2761 3539 2815 sciant
3561 2755 3633 2825 ἰείη

2146 2863 2232 2907 tur
2277 2868 2467 2909 omnes
2513 2854 2600 2910 his
2654 2854 2976 2910 criminibus
3029 2854 3265 2918 obnoxii,
3301 2854 3342 2908 si
3382 2858 3487 2921 post
3527 2847 3631 2901 hanc

2142 2954 2392 3000 nostram
2450 2945 2875 3000 admonitionem
2911 2944 2966 2999 in
3018 2960 3083 3000 ea
3139 2942 3432 3015 negligentia
3476 2949 3632 2992 manse-

2143 3036 2274 3101 rint,
2301 3050 2412 3091 non
2437 3035 2760 3092 toleraturos
2789 3051 2910 3102 nos,
2959 3036 3060 3092 sed
3086 3036 3287 3106 legibus
3333 3023 3634 3088 ecclesiasticis

450 3133 751 3190 fornicator
780 3149 810 3188 a
856 3142 998 3189 ccetu
1058 3132 1297 3188 fidelium
1345 3133 1788 3188 exterminandus
1838 3140 1941 3188 est.
1976 3131 2033 3186 Si
2061 3106 2108 3168 (ἶ
2140 3144 2360 3193 usuros,
2411 3136 2467 3184 et
2522 3144 2715 3199 magna
2770 3129 3097 3185 austeritate
3142 3129 3398 3189 docturos,
3442 3139 3499 3178 ne
3540 3118 3633 3174 talia

450 3224 598 3280 enim
623 3240 768 3280 nunc
795 3239 917 3279 cum
951 3224 1005 3278 id
1037 3223 1238 3280 malum
1267 3221 1580 3278 indifferens
1600 3236 1740 3291 pene
1765 3222 2034 3288 videatur,

446 3336 477 3369 ει
504 3316 779 3372 nonnullis
803 3317 1077 3386 spernitur
1105 3334 1117 3368 :
1148 3315 1395 3385 profecto
1426 3315 1470 3369 si
1500 3314 1761 3370 atrocitas
1786 3313 2037 3386 maligni-

442 3407 579 3462 tatis
628 3411 745 3479 ejus
791 3406 1045 3462 omnibus
1082 3406 1340 3476 patuerit,
1396 3404 1554 3460 facile
1603 3405 1671 3459 ab
1708 3418 1773 3458 ea
1827 3402 2034 3459 resilie-

443 3513 585 3552 mus.
616 3497 1003 3568 Laerymarum
1050 3497 1216 3567 igitur
1270 3496 1447 3550 fontes
1481 3495 1534 3550 in
1566 3488 1782 3551 ﬂetibus
1810 3510 2033 3550 manare

444 3588 705 3641 delerent
736 3603 799 3642 ex
852 3587 1044 3642 oculis.
1082 3588 1224 3642 Deus
1267 3587 1527 3650 orandus,
1588 3587 2032 3657 perdiscendum-

443 3695 549 3748 que
599 3678 693 3733 tibi
723 3687 824 3742 est,
864 3679 1237 3747 turpissimum
1268 3678 1526 3749 ﬂagitium
1573 3695 1694 3735 esse
1724 3679 1983 3735 invidiam
2013 3699 2025 3732 :

443 3771 524 3823 sic
574 3770 720 3824 enim
775 3769 1001 3825 aﬂ'ectus
1046 3769 1297 3826 celeriter
1354 3779 1612 3841 tanquam
1665 3790 1693 3828 a
1722 3773 2029 3843 periculoso

444 3861 637 3923 morbo
662 3861 855 3932 fugies,
888 3877 954 3916 ac
983 3862 1357 3932 paenitentiam
1388 3874 1534 3935 ages.
1594 3865 1698 3920 Sed
1726 3866 1849 3936 quis
1878 3867 2029 3936 igno-

441 3957 547 4014 rat,
579 3950 815 4020 inquies,
842 3951 1036 4005 vitium
1067 3965 1188 4007 esse
1214 3951 1514 4007 invidiam?
1541 3954 1757 4024 Ignorat
1785 3955 2023 4024 quidem,

441 4050 503 4098 ut
539 4041 694 4108 dicis,
733 4057 938 4098 nemo:
979 4058 1088 4098 non
1137 4050 1343 4098 tamen'
1375 4044 1535 4099 sicuti
1586 4044 2022 4110 fornicationem,

438 4141 535 4190 aut
559 4134 882 4189 adulterium
914 4134 1330 4190 abominandam
1378 4137 1603 4191 ducunt.
1634 4135 1788 4204 Quod
1820 4147 1878 4192 ut
1907 4153 2023 4193 cre-

439 4226 555 4287 das,
617 4240 819 4294 quaeso,
862 4226 951 4281 die
995 4226 1128 4281 mihi
1160 4244 1172 4279 :
1205 4228 1422 4297 quando
1482 4227 1792 4298 quisquiam
1837 4243 2024 4285 amare

436 4317 602 4382 ﬂevit,
633 4317 890 4386 quoniam
922 4317 976 4371 in
1034 4317 1291 4373 invidiam
1328 4318 1509 4389 lapsus
1550 4320 1745 4374 esset?
1794 4319 2022 4388 Quando

437 4413 609 4485 Deum
636 4411 835 4483 aliquis
887 4412 1184 4482 propitium
1241 4428 1359 4468 esse
1383 4413 1487 4468 sibi
1533 4414 1730 4480 oravit,
1762 4416 2019 4485 quoniam

438 4506 641 4560 invidia
669 4513 963 4576 peccasset.
1006 4505 1174 4561 Nemo
1209 4514 1360 4561 certe
1404 4523 1662 4578 unquam.
1697 4507 1805 4564 Sed
1832 4526 2020 4580 quam-

433 4598 518 4651 vis
546 4596 1140 4653 omnibusinvidentior
1166 4597 1477 4653 hominibus
1503 4599 1593 4666 sit,
1616 4598 1822 4671 jejunio
1841 4608 2018 4655 tamen

436 4687 641 4756 aliquo,
671 4694 764 4741 aut
787 4701 959 4756 parvo
994 4695 1220 4757 argento
1249 4688 1577 4757 pauperibus
1621 4690 1749 4745 dato
1775 4689 2019 4746 effecisse

435 4777 624 4839 credit,
658 4786 718 4832 ut
753 4777 885 4831 nihil
911 4778 1034 4832 mali
1088 4778 1427 4835 commisisse
1476 4780 1745 4845 videatur,
1777 4797 1899 4835 cum
1931 4790 2017 4836 ta—

435 4880 560 4919 men
586 4865 826 4919 omnium
871 4867 1106 4935 pessima
1154 4875 1316 4936 atque
1357 4867 1738 4923 scelestissima
1767 4869 2016 4939 passione

2137 3218 2366 3291 posthac
2388 3219 2683 3291 negligant,
2711 3233 2847 3274 neve
2886 3228 3041 3274 tanto
3083 3225 3377 3287 contemptu
3406 3213 3551 3269 divina
3568 3223 3633 3263 an-

2137 3310 2290 3365 diant
2313 3308 2548 3379 eloquia.
2589 3330 2608 3362 ι
2643 3308 2787 3365 Cum
2804 3308 2972 3381 igitur
2999 3305 3052 3365 J.
3079 3308 3465 3381 Chrysostomus
3484 3316 3531 3357 se
3549 3312 3634 3369 pro-

2137 3402 2358 3459 ﬂteatur
2410 3404 2605 3459 borum
2655 3404 3003 3459 decretorum
3061 3405 3289 3475 primum
3316 3408 3564 3459 auctorem,
3586 3392 3635 3446 de

2135 3510 2242 3564 quo
2265 3494 2448 3563 plures
2472 3495 2960 3565 conquerebantur,
3023 3498 3160 3553 satis
3185 3495 3406 3552 ostendit
3431 3491 3525 3546 haec
3556 3496 3635 3540 sta-

2134 3585 2304 3640 tuisse
2330 3586 2540 3654 privata
2563 3602 2670 3639 non
2698 3588 2958 3642 canonica
2999 3587 3320 3642 auctoritate
3344 3602 3355 3637 :
3386 3597 3441 3635 ac
3463 3572 3630 3651 proinde

2132 3693 2238 3733 non
2295 3678 2347 3732 in
2380 3693 2532 3734 more
2582 3676 2838 3734 Ecclesiae
2875 3678 3048 3736 fuisse
3093 3680 3340 3750 positum,
3394 3681 3445 3728 ut
3493 3668 3632 3725 saltem

2132 3778 2261 3825 tunc
2293 3769 2551 3838 temporis
2589 3769 2709 3824 hcec
2744 3770 2973 3825 crimina
3027 3771 3243 3841 publica
3289 3764 3489 3838 publica:
3506 3753 3631 3832 pmni'

2131 3861 2315 3918 lentiae
2342 3861 2574 3916 obnoxia
2605 3860 2828 3917 fuerint.

2200 3953 2562 4024 Hieronymus
2587 3953 2642 4007 in
2678 3953 2819 4010 libro
2840 3971 2901 4009 Ill
2933 3956 2991 4010 in
3020 3956 3195 4026 Epist.
3221 3945 3285 4009 ad
3312 3951 3519 4011 Galatas,
3540 3954 3627 4009 cap-

2127 4061 2200 4099 v:
2241 4063 2258 4095 ‹
2302 4044 2520 4115 Ergoin
2570 4045 2752 4100 anima
2790 4046 2844 4100 in
2889 4063 2999 4117 qua
3049 4054 3327 4119 peccatum
3376 4031 3629 4110 regnaverit.

2134 4151 2241 4191 non
2267 4144 2451 4206 potest
2475 4136 2569 4190 Dei
2619 4152 2847 4207 regnare
2872 4155 3124 4210 regnum.
3172 4137 3300 4204 Qum
3322 4134 3443 4189 enim
3472 4122 3632 4200 partici-

2124 4227 2268 4297 patio
2292 4226 2523 4297 justitite
2551 4236 2598 4280 et
2628 4227 2897 4299 iniquitati
2924 4230 2949 4283 ?
2978 4229 3113 4296 Quae
3138 4220 3521 4283 communicatio
3541 4213 3636 4268 luti!

2125 4320 2194 4374 ad
2224 4323 2460 4375 tenebras
2482 4321 2508 4375 .9
2540 4320 2643 4388 Qui
2694 4337 2993 4378 consensus
3046 4321 3264 4378 Christo
3310 4328 3361 4373 et
3395 4303 3633 4369 Belialiﬂt

2125 4418 2377 4482 putamus
2412 4426 2511 4467 nos
2553 4426 2780 4484 regnum
2811 4412 2909 4468 Dei
2950 4413 3238 4483 consequi,
3273 4412 3315 4467 si
3346 4426 3374 4465 a
3399 4398 3639 4462 fornicatio-

2116 4496 2220 4567 ne,
2275 4501 2596 4569 idololatria,
2636 4511 2691 4558 et
2713 4503 2991 4559 veneficiis
3046 4504 3316 4558 immunes
3343 4500 3506 4554 simus.
3532 4490 3635 4545 Ecce

2124 4593 2446 4660 inimicitiae,
2477 4596 2773 4660 contentio,
2811 4595 2913 4661 ira,
2966 4596 3108 4661 rixa,
3143 4592 3431 4654 dissensio,
3456 4583 3637 4642 ebrietas

2122 4700 2339 4755 quoque
2366 4692 2422 4740 et
2450 4694 2643 4739 caetera
2676 4701 2796 4753 qua:
2818 4702 2983 4755 parva
3012 4685 3362 4745 arbitramur,
3404 4672 3635 4733 excludunt

2122 4790 2223 4831 nos
2254 4793 2283 4829 a
2317 4791 2484 4847 regno
2512 4775 2627 4829 Dei.
2656 4773 2767 4831 Nec
2798 4775 2966 4832 refert
3021 4791 3135 4830 uno
3168 4774 3290 4844 quis
3312 4787 3341 4826 a
3365 4757 3635 4825 beatide

2119 4868 2456 4933 excludatur,
2490 4884 2557 4922 an
2582 4868 2826 4939 pluribus
2855 4887 2867 4922 :
2901 4884 3023 4924 cum
3049 4869 3235 4923 omnia
3262 4851 3635 4921 similiteretcltt-

432 4967 679 5012 vexetur.
723 4978 741 5009 ι
774 4956 919 5012 Idem
949 4957 1007 5013 S.
1062 4958 1482 5031 Chrysostomus
1537 4962 1604 5016 de
1653 4961 1933 5017 iracundia
1966 4972 2019 5017 et
2120 4963 2268 5016 dant.
2312 4982 2329 5014 ι
2374 4961 2442 5014 Et
2471 4962 2525 5015 in
2557 4963 2673 5016 haec
2696 4962 2861 5016 verba
2897 4961 3156 5031 Epistula:
3205 4950 3513 5030 posterioris,
3544 4955 3632 5031 cal)-

430 5048 756 5119 juramentis
780 5055 1013 5103 testatur
1042 5050 1095 5103 in
1129 5050 1349 5104 honiilia
1379 5052 1446 5105 dc
1494 5051 1770 5106 simultate
1796 5068 1892 5106 seu
1914 5053 2015 5111 ira;
2120 5067 2216 5104 xui
2244 5065 2258 5104 :
2288 5050 2464 5104 Timeo
2492 5052 2628 5104 enim
2660 5067 2722 5104 ne
2752 5051 2887 5120 forte
2907 5067 3030 5105 cum
3059 5065 3244 5104 venero
3270 5062 3366 5124 non
3386 5029 3634 5114 qui:an

438 5161 455 5190 ι
492 5140 562 5196 Ut
598 5140 764 5204 enim,
798 5139 989 5209 inquit,
1032 5138 1389 5194 fornicantcm
1442 5142 2016 5211 blasphemantemque
2116 5143 2377 5195 inveniam
2428 5158 2538 5208 vos,
2565 5152 2614 5196 et
2655 5159 2749 5212 ego
2798 5142 3044 5196 inveniar
3083 5158 3115 5194 α
3150 5139 3290 5194 vobis
3345 5130 3525 5206 qualem
3559 5135 3633 5175 ποι

432 5230 763 5300 impossibile
797 5240 881 5286 est
934 5245 1105 5286 sacra:
1160 5245 1362 5285 mensa:
1408 5231 1729 5301 participem
1766 5231 1903 5296 ﬁeri,
1938 5231 2011 5286 ita
2118 5234 2295 5299 ruitis,
2328 5252 2393 5287 ne
2418 5234 2553 5304 forte
2587 5236 2965 5299 contentiones,
3026 5231 3405 5291 aemulationes,
3434 5213 3633 5276 animosi-

433 5337 646 5390 quoque
672 5323 763 5392 qui
789 5322 1101 5378 inimicitias
1128 5322 1290 5389 fovet,
1321 5330 1413 5376 aut
1441 5323 1494 5376 in
1518 5323 1598 5377 ira
1625 5323 1871 5393 pertinax
1908 5334 2009 5387 est,
2113 5335 2266 5389 tates,
2298 5327 2664 5395 dissensiones,
2709 5327 3083 5392 detractiones,
3111 5322 3495 5381 susurrationes,
3516 5308 3633 5379 ittﬂﬂ‘

433 5427 537 5465 non
570 5420 747 5482 potest
777 5412 879 5468 frui
936 5423 1120 5470 sancta
1157 5415 1557 5470 communione.
1616 5413 1801 5485 Neque
1829 5413 1882 5469 id
1913 5415 2013 5468 im-
2113 5418 2303 5484 tiones,
2350 5418 2630 5473 seditiones
2679 5420 2784 5474 sint
2820 5420 2954 5473 inter
2992 5433 3104 5471 vos.
3159 5434 3179 5467 ι
3225 5416 3440 5482 Propter
3477 5409 3632 5461 harese

433 5502 664 5555 merito:
697 5504 787 5572 qui
820 5505 961 5559 enim
1009 5506 1393 5560 meretricatus
1417 5514 1520 5570 est,
1566 5513 1661 5560 aut
1683 5505 2007 5562 adulterium
2113 5506 2326 5563 dicebat
2362 5509 2708 5565 severissime
2760 5509 3059 5564 vindicare.
3112 5504 3248 5575 Quid
3283 5495 3538 5560 faceret,si
3562 5504 3630 5546 που

436 5590 726 5653 commisit,
756 5593 913 5646 simul
940 5603 998 5648 ut
1027 5595 1265 5648 animum
1301 5595 1555 5664 explevit,
1588 5595 1750 5650 tinem
1785 5608 2009 5666 peceato
2113 5610 2240 5653 stris
2273 5600 2604 5669 temporibus
2639 5600 2941 5662 adveniret,
2965 5599 3189 5666 quibus,
3226 5597 3291 5650 ad
3332 5584 3628 5658 comparatio-

436 5678 720 5745 imposuit;
748 5682 890 5748 quod
936 5683 981 5737 si
1019 5684 1339 5752 resipiscens
1395 5701 1453 5741 se
1499 5703 1527 5740 τι
1557 5686 1709 5757 lapsu
1768 5688 2008 5745 excitare
2108 5705 2229 5745 nem
2286 5690 2512 5746 aliorum
2565 5692 2872 5758 criminum,
2910 5690 3016 5745 ista
3049 5704 3118 5744 ne
3160 5693 3409 5760 putantur
3453 5673 3623 5752 quidem
