3968 6180
331 281 472 339 ιε’-εδ

1177 283 1265 338 ΑΒ
1305 284 1471 340 ΟΜΝΙ
1515 283 1879 340 NOVITATIS
1919 286 2320 346 SIJSPlClUXE
2366 287 2748 347 VINDICATA.

3462 293 3597 347 1:206

323 403 722 465 essepeecata.
762 414 787 447 ›
825 395 953 450 ilice
1011 394 1142 451 falsa
1188 399 1468 466 persuasio
1517 398 1705 468 procul
1746 399 1908 453 dubio
1937 403 1983 458 Α
2015 401 2234 457 minime
2264 403 2616 473 largiebatur,
2664 411 2947 457 contentus
2971 403 3082 457 suis
3137 405 3372 474 propriis
3411 406 3595 471 rebus,

323 492 458 551 nata
485 493 626 550 erat,
653 499 722 538 ex
749 498 816 539 eo
842 485 986 554 quod
1024 485 1129 540 ista
1153 495 1375 556 peccata
1400 503 1521 556 quae
1550 487 1674 541 licet
1722 488 1907 547 exclu—

322 578 461 632 dant
484 593 516 632 a
544 591 711 649 regno
739 576 859 642 Dei,
886 592 994 632 non
1020 585 1197 633 tamen
1220 578 1430 647 publica
1460 587 1515 632 et
1548 579 1713 633 ardua
1740 580 1904 649 poeni-

318 668 520 734 tentia,
578 668 675 723 sed
735 667 860 724 aliis
906 668 1161 725 remediis
1214 668 1485 725 facillimis
1539 670 1719 725 curari
1766 669 1907 725 sole-

323 767 471 823 Ιΐηυῐη

395 851 751 922 Augustinus,
785 851 925 905 libro
952 850 1020 905 de
1054 851 1181 904 Fide
1206 860 1258 904 et
1307 850 1594 920 Oper-ibus,
1647 869 1764 922 cap.
1802 853 1903 906 19:

323 962 345 995 ι
387 943 497 1010 Qui
546 951 725 998 autem
763 943 1056 1011 opinantur
1098 951 1153 997 et
1205 952 1397 999 ctetcta
1444 943 1801 1013 elccmosynis
1829 942 1908 996 fa-

316 1033 429 1087 cile
459 1032 824 1102 compensari,
859 1032 961 1086 tria
1006 1040 1349 1097 tamencsse
1397 1049 1503 1086 non
1534 1032 1782 1087 dubitant
1815 1047 1909 1087 cx-

319 1123 816 1179 communieatione
844 1124 1135 1192 punienda,
1172 1124 1345 1179 donec
1373 1124 1693 1194 poenitentia
1727 1126 1905 1179 humi-

324 1215 466 1269 liore
496 1224 776 1279 sanentur,
804 1214 1218 1283 impudicitiam,
1266 1214 1646 1278 idololatriam,
1683 1215 1909 1269 homici-

320 1305 497 1358 dium.
534 1303 718 1374 Neque
741 1304 885 1358 enim
930 1320 1073 1359 nunc
1100 1320 1235 1375 Opus
1256 1314 1339 1359 est
1366 1320 1608 1375 quatrcre
1635 1305 1810 1374 qualis
1838 1306 1909 1360 sit

320 1412 528 1451 eorum.
544 1395 650 1450 ista
673 1395 964 1460 sententia,
995 1404 1051 1449 et
1078 1404 1258 1450 utrum
1279 1396 1598 1467 corrigenda
1625 1412 1691 1449 an
1716 1412 1906 1467 appro-

320 1487 525 1551 banda,
583 1502 652 1541 ne
700 1501 838 1555 opus
882 1493 1195 1555 susceptum
1249 1486 1529 1540 mittamus
1566 1486 1618 1539 in
1663 1486 1902 1556 longum,

322 1586 433 1632 etc.
479 1597 497 1629 ι
530 1577 642 1631 Etsi
679 1585 901 1632 sanctus
929 1576 1260 1648 Augustinus
1290 1578 1418 1632 alibi
1454 1578 1702 1633 videatur
1725 1578 1905 1633 dicere

318 1668 508 1724 omnia
532 1669 759 1723 erimina
806 1669 981 1738 pomis
1028 1669 1255 1738 publicae
1289 1669 1619 1739 poenitentia:
1670 1669 1901 1725 obnoxia

2013 488 2082 543 sit
2113 490 2292 561 largus
2322 500 2375 547 et
2404 491 2677 547 beneficus
2706 507 2719 545 :
2751 492 2804 546 id
2830 500 2932 559 est,
2987 494 3161 548 aliena
3200 511 3308 551 nou
3337 498 3595 568 concepi;

2011 592 2147 647 scat,
2174 600 2279 638 non
2326 586 2525 656 rapiat,
2561 600 2665 639 non
2715 585 3013 651 fraudetur,
3063 596 3116 641 et
3169 589 3489 658 inqnantum
3515 592 3593 646 vi-

2010 690 2097 728 res
2130 674 2179 728 ei
2210 684 2521 746 suppetunt,
2572 681 2835 748 porrigat.
2873 676 2977 743 Qui
3002 679 3287 749 [urebatur
3327 683 3446 753 jam
3488 694 3611 738 non.

2009 763 2235 832 furetur,
2293 766 2386 820 sed
2421 767 2587 837 magis
2637 767 2835 821 laboret
2890 770 3154 839 operando
3208 773 3448 827 manibus
3480 775 3590 827 suis

2007 858 2145 927 quod
2174 858 2362 912 bonum
2385 868 2480 924 est,
2510 869 2564 913 ut
2594 860 2778 913 Imbeut
2808 862 2943 914 unde
2984 861 3178 915 tribuat
3231 866 3593 918 necessitatem

2002 947 2243 1025 patienti.
2313 948 2414 1015 Qui
2464 961 2578 1004 erat
2633 958 2980 1014 comessator,
3024 951 3074 1005 id
3115 961 3219 1019 est,
3273 954 3442 1024 glutto
3493 966 3587 1009 aut

2009 1039 2275 1105 ebriosus,
2300 1041 2370 1095 sit
2396 1057 2590 1111 parcus
2621 1050 2676 1096 et
2703 1043 2935 1098 sobrius.
2968 1044 3069 1110 Qui
3089 1057 3442 1101 consueverat
3463 1063 3589 1116 pro—

2008 1140 2130 1201 pter
2160 1132 2449 1187 humanam
2474 1132 2667 1188 famam
2694 1135 2981 1190 indiscrete
3018 1153 3106 1192 res
3139 1153 3262 1191 suas
3292 1139 3344 1191 in
3385 1139 3505 1193 cibo
3532 1149 3581 1193 et

2006 1235 2135 1293 potu
2191 1222 2457 1292 superﬂue
2507 1223 2802 1291 effundere,
2848 1226 3021 1282 discat
3074 1228 3468 1284 rationabiliter
3493 1246 3586 1283 eas

2008 1308 2359 1384 dispensare;
2390 1318 2648 1386 quoniam
2675 1319 2815 1373 sicut
2836 1319 3165 1375 abominatio
3209 1330 3292 1376 est
3316 1324 3455 1391 apud
3480 1323 3586 1375 Du-

2012 1405 2214 1460 minum
2268 1407 2521 1472 avaritia,
2552 1408 2603 1462 id
2650 1417 2734 1462 est
2766 1411 3046 1475 tenacitas,
3074 1411 3149 1464 ita
3195 1421 3475 1480 peccatum
3502 1422 3586 1466 est

2009 1498 2303 1552 indiscreta
2351 1497 2541 1552 effusio
2572 1516 2585 1552 τ
2621 1514 2721 1552 ηεε
2770 1508 2988 1555 tenaces
3029 1501 3175 1555 enim
3205 1517 3301 1557 nos
3323 1518 3445 1557 esse
3471 1488 3585 1557 vult

2009 1590 2169 1654 Deus,
2197 1605 2297 1643 nec
2322 1588 2595 1660 prodigos,
2626 1590 2678 1643 id
2706 1598 2793 1644 est
2836 1589 3055 1646 effusos.
3089 1592 3189 1658 Qui
3217 1601 3333 1646 erat
3355 1594 3585 1648 mendax

2010 1691 2102 1737 aut
2137 1681 2406 1746 falsarius,
2439 1681 2675 1751 corrigat
2703 1680 2904 1735 malum
2948 1696 3128 1745 suum,
3179 1690 3233 1737 et
3263 1692 3440 1737 cesset
3467 1697 3585 1736 esse

318 1776 463 1825 esse,
492 1761 587 1815 sed
614 1760 894 1830 Γθίίιιίείιίε
915 1760 1100 1815 munis
1146 1760 1560 1825 conditionibus:
1592 1775 1727 1831 (Ιυίὶ5
1764 1759 1904 1814 infra
1938 1743 1983 1801 Β
2008 1773 2184 1843 qualis
2210 1770 2329 1837 fuit,
2370 1773 2549 1842 sitque
2572 1779 2784 1826 amator
2806 1772 3051 1826 veritatis
3076 1780 3130 1826 et
3160 1771 3519 1825 rectitudinis.
3559 1792 3577 1822 ι

318 1853 622 1908 referemus
649 1871 661 1906 :
695 1868 838 1908 nunc
876 1864 1054 1908 tamen
1087 1853 1525 1924 testaturplures
1552 1868 1671 1907 esse
1722 1852 1777 1906 in
1803 1852 1903 1907 Ec-

315 1944 483 1998 clesia
525 1944 642 2012 qui,
669 1944 788 1999 sine
807 1944 970 1999 dubio
1026 1944 1218 2000 iisdem
1273 1944 1573 1999 rationibus
1617 1943 1748 1998 moti
1782 1944 1903 2015 qui—

316 2036 422 2090 bus
455 2034 811 2089 movebantur
866 2034 1075 2103 antiqui
1127 2034 1340 2099 Patres,
1393 2046 1448 2088 et
1478 2034 1622 2089 inter
1671 2044 1902 2090 cancros

315 2134 545 2180 sanctus
568 2124 837 2181 Paeianus
858 2132 913 2179 et
943 2124 1238 2194 Gregorius
1284 2122 1576 2195 Nyssenus,
1623 2125 1902 2180 existima-

315 2216 452 2269 bant
484 2214 601 2269 lucc
632 2213 739 2268 tria
767 2215 1017 2279 crimina,
1068 2213 1484 2284 impudicitiam,
1515 2213 1896 2277 idololatriam,

316 2305 695 2369 homicidium,
749 2304 863 2359 sola
907 2320 1026 2361 esse
1067 2321 1186 2374 qua:
1222 2303 1526 2359 humilioris
1566 2303 1900 2374 pmnitentia:

311 2395 573 2465 remediis
604 2394 924 2465 indigerent,
946 2410 1071 2451 eum
1097 2402 1292 2449 extera
1322 2394 1676 2465 clcemosynis
1705 2402 1760 2448 et
1781 2393 1901 2447 aliis

311 2482 583 2551 ejusmodi
606 2482 762 2540 facile
782 2482 1119 2553 compensari
1142 2491 1382 2552 possent.

341 2575 685 2641 'Postremo,
741 2583 801 2630 ut
852 2575 1067 2629 traditio
1101 2573 1323 2628 Patrum
1375 2572 1672 2628 deducatur
1727 2588 1897 2641 usque

308 2668 379 2723 ad
415 2667 783 2734 Theodorum,
818 2666 1093 2738 egregium
1122 2665 1279 2737 Eligii
1308 2665 1545 2736 episcopi
1578 2665 1900 2720 Noviomen-

308 2758 391 2812 sis
443 2757 812 2814 testimonium
858 2756 1130 2827 proferam
1156 2772 1224 2813 ex
1251 2756 1471 2812 bomilia
1503 2757 1568 2811 16
1603 2776 1615 2811 :
1657 2776 1674 2808 ‹
1712 2757 1898 2813 Poeni—

308 2850 481 2904 tentia
532 2858 715 2904 autem
769 2849 859 2903 illa
886 2858 968 2904 est
998 2863 1146 2913 vera,
1175 2858 1235 2902 ut
1260 2849 1370 2918 jam
1402 2848 1634 2918 amplius
1684 2864 1789 2904 non
1823 2847 1900 2900 fa-

309 2944 423 2995 ciat
443 2942 606 2995 homo
636 2940 774 2994 mala
800 2956 921 3010 quae
950 2940 1139 3011 gessit,
1168 2940 1262 2995 sed
1293 2940 1358 2994 de
1411 2939 1698 3009 praeteritis
1728 2940 1901 3009 pumi-

308 3038 422 3085 teat
443 3040 501 3084 et
522 3031 588 3085 de
616 3029 810 3085 futuris
834 3038 1045 3095 caveat,
1077 3045 1175 3084 nec
1212 3030 1280 3084 ad
1331 3029 1445 3098 ipsa
1478 3029 1671 3082 iterum
1706 3043 1889 3083 rever-

308 3128 477 3175 tatur.
508 3120 577 3174 Et
611 3121 753 3189 ideo,
786 3121 1114 3187 charissimi,
1138 3119 1294 3188 juxta
1320 3119 1640 3175 Psalmistae
1668 3135 1854 3174 vocem
1880 3137 1895 3184 ;

308 3209 646 3265 declinemus
675 3225 706 3263 a
737 3210 879 3265 malo
931 3219 987 3265 et
1020 3209 1285 3265 faciamus
1314 3210 1513 3265 bonum
1540 3227 1553 3262 ε
1584 3217 1640 3263 et
1673 3215 1730 3263 ut
1758 3208 1898 3263 scire

304 3300 528 3372 possitis
572 3302 843 3370 quomodo
877 3300 931 3356 id
977 3302 1095 3357 fieri
1128 3290 1390 3372 oporteat,
1445 3301 1627 3356 audite
1656 3316 1777 3369 qua:
1811 3300 1895 3354 di—

305 3394 449 3449 cturi
477 3409 663 3448 sumus
693 3394 973 3449 attentius.
1009 3394 1328 3462 Quicunque
1382 3394 1647 3462 superbus
1677 3392 1777 3446 fuit
1805 3399 1899 3446 aut

302 3487 508 3554 elatus,
538 3488 801 3557 reprimat
854 3488 1163 3557 superbiam
1194 3500 1371 3550 suam,
1395 3493 1450 3540 et
1477 3486 1547 3540 sit
1598 3484 1819 3540 humilis
1842 3491 1898 3539 et

303 3580 535 3651 simplex
565 3597 579 3643 ;
618 3580 745 3649 quia
778 3578 917 3633 Deus
957 3576 1194 3648 superbis
1232 3576 1444 3641 resistit,
1482 3574 1766 3630 humilibus
1793 3592 1894 3629 au-

302 3680 409 3725 tem
436 3671 527 3724 dat
561 3672 804 3742 gratiam.
842 3670 946 3736 Qui
992 3676 1114 3724 erat
1140 3668 1454 3733 iracundus,
1489 3668 1594 3735 vel,
1626 3658 1774 3738 quod
1811 3676 1894 3722 est

302 3762 568 3826 deterius,
600 3761 922 3817 furibundus
951 3768 1007 3814 et
1035 3759 1238 3824 minax,
1269 3765 1554 3829 protervus
1573 3765 1736 3827 atque
1763 3774 1890 3813 cru-

302 3850 462 3916 delis,
493 3859 801 3920 compescat
851 3849 1114 3905 etevitiam
1143 3864 1296 3904 suam
1352 3856 1406 3903 et
1430 3848 1630 3908 mentis
1659 3848 1892 3903 crudeli-

303 3950 496 4007 tatem,
529 3949 583 3995 et
608 3941 681 3997 sit
707 3940 941 4009 patiens,
979 3938 1129 3993 mitis
1154 3946 1316 4007 atque
1358 3938 1498 4007 pius,
1528 3936 1783 4005 quoniam
1808 3937 1889 3991 ira

301 4035 409 4089 viri
435 4033 707 4102 justitiam
736 4032 834 4087 Dei
886 4048 993 4087 non
1021 4040 1279 4101 eperatur
1307 4047 1321 4092 ;
1353 4037 1408 4084 et
1449 4028 1652 4098 absque
1681 4029 1890 4099 patien-

300 4128 378 4182 tia
410 4134 467 4181 et
493 4125 693 4195 pietate
714 4139 939 4194 regnum
959 4124 1054 4179 Dei
1075 4122 1334 4192 consequi
1365 4137 1526 4178 nemo
1551 4130 1752 4192 potest.
1783 4122 1885 4191 Qui

299 4216 407 4270 fuit
434 4223 711 4286 grassator
764 4214 909 4268 idem
963 4212 1226 4278 carnifex,
1283 4213 1416 4278 sive,
1462 4215 1602 4282 quod
1629 4221 1714 4269 est
1741 4214 1889 4270 dete-

300 4314 440 4377 rius,
466 4310 762 4375 homicida,
793 4323 1088 4365 conversus
1118 4316 1241 4377 agat
1271 4308 1489 4377 dignam
1512 4307 1885 4377 paenitentiam

297 4412 355 4458 et
379 4402 450 4458 sit
477 4410 790 4457 mansuetus
819 4410 874 4455 et
902 4401 1023 4470 pius
1051 4418 1063 4454 :
1102 4400 1358 4468 quoniam
1401 4399 1544 4453 sicut
1578 4399 1882 4466 homicidae,
1914 4435 1963 4494 υ

297 4493 405 4548 nisi
437 4492 655 4564 dignam
711 4492 922 4562 egerint
972 4490 1364 4561 pmnitentiam,
1420 4490 1587 4543 vitam
1624 4498 1883 4547 aeternam

297 4585 559 4656 consequi
590 4599 698 4640 non
729 4591 977 4655 possunt,
1018 4582 1092 4637 ita
1126 4596 1224 4635 nec
1248 4588 1608 4650 grassatores,
1643 4582 1734 4651 qui
1765 4581 1884 4637 sine

295 4680 502 4751 pietate
555 4679 879 4733 miserorum
936 4676 1178 4731 membra
1209 4674 1474 4729 dilaniant
1515 4674 1629 4727 sive
1658 4675 1880 4730 detrun-

298 4777 448 4826 cant.
488 4768 592 4835 Qui
646 4776 767 4823 erat
815 4767 1032 4822 invidus
1063 4767 1177 4821 sive
1236 4764 1477 4827 odiosus,
1533 4779 1881 4820 conversusa

296 4859 504 4915 malitia
534 4873 654 4925 sua,
703 4859 775 4913 sit
818 4858 1082 4929 benignus
1128 4864 1289 4925 atque
1338 4856 1671 4921 misericors,
1706 4856 1880 4912 discat

296 4950 521 5019 diiigcre
548 4947 769 5002 fratrem
798 4962 951 5003 suum
981 4962 1141 5016 quem
1162 4946 1314 5015 prius
1334 4945 1459 4999 odio
1489 4946 1746 5001 habebat.
1773 4947 1875 5014 Qui

298 5040 402 5094 fuit
427 5040 722 5094 fornicator
746 5054 838 5092 aut
874 5036 1083 5092 adulter
1114 5053 1209 5091 seu
1240 5038 1505 5100 incestus,
1538 5036 1872 5103 immundus,

295 5147 594 5189 conversus
644 5138 771 5201 agat
797 5128 1193 5200 ptenitentiam,
1248 5137 1304 5182 et
1329 5128 1583 5196 deinceps
1617 5127 1762 5182 vivat
1791 5143 1878 5183 so-

292 5222 414 5278 brie
466 5230 626 5291 atque
653 5220 1016 5285 continenter,
1045 5226 1149 5272 etc.
1182 5217 1283 5285 Qui
1305 5226 1422 5273 erat
1450 5232 1659 5281 scurra,
1688 5217 1743 5271 id
1769 5226 1873 5283 est,

296 5314 537 5369 minatur
566 5312 754 5383 turpia"
773 5318 990 5366 sectans
1016 5316 1071 5364 et
1098 5310 1373 5364 immunda
1429 5309 1673 5379 loquens,
1702 5309 1875 5363 cerri—

293 5412 388 5479 gat
423 5404 794 5473 semetipsum,
822 5410 876 5457 et
903 5402 1116 5457 desinat
1152 5415 1272 5455 esse
1316 5401 1461 5469 quod
1514 5400 1617 5455 fuit
1650 5419 1661 5453 :
1702 5400 1875 5455 discat

292 5502 493 5554 bonum
520 5495 686 5568 loqui,
722 5494 814 5566 qui
838 5494 987 5565 prius
1015 5508 1151 5548 vana
1176 5501 1231 5548 et
1264 5492 1440 5561 turpia
1469 5491 1736 5561 loquendo
1763 5497 1874 5546 tam

294 5608 353 5645 se
381 5606 542 5658 quam
583 5588 858 5642 auditores
885 5601 1010 5640 suos
1037 5583 1357 5639 maculabat.
1392 5583 1494 5650 Qui
1531 5592 1650 5637 erat
1674 5597 1873 5636 avarus

295 5694 385 5739 aut
418 5693 599 5750 tenax,
654 5682 707 5735 id
760 5687 863 5744 cst,
892 5678 981 5748 qui
1023 5677 1194 5730 aliena
1248 5674 1515 5744 cupiebat,
1564 5686 1613 5728 ct
1652 5677 1740 5745 qui
1776 5691 1872 5729 sua

2006 1864 2101 1920 Sic
2127 1864 2370 1934 exceptis
2401 1863 2718 1918 criminibus
2765 1863 3035 1928 adulterii,
3067 1862 3365 1926 homicidii,
3388 1868 3443 1916 et
3464 1862 3584 1916 aliis

2004 1956 2198 2026 quibus
2245 1957 2404 2026 digna
2461 1956 2718 2025 competit
2769 1956 3106 2026 poenitentia,
3156 1954 3329 2024 qualis
3379 1955 3581 2009 tuneiu

2003 2048 2246 2104 Ecclesia
2276 2047 2490 2117 publice
2538 2046 2823 2115 agebatur,
2865 2053 3097 2101 testatur
3130 2054 3350 2100 sanctus
3378 2045 3582 2114 Eligius

2003 2151 2197 2196 caetera
2219 2148 2466 2211 peccata,
2496 2140 2663 2195 veluti
2687 2138 2973 2209 superbiat,
3022 2137 3318 2192 iracundia:
3342 2145 3398 2191 et
3433 2137 3574 2192 sevi-

2004 2233 2269 2302 tiae,-qua‘.
2329 2231 2871 2299 excluduntarcgno
2918 2229 3053 2309 Dei;
3106 2228 3318 2283 invidiae
3366 2238 3420 2283 et
3447 2228 3579 2290 odii,

2003 2323 2169 2376 animi
2216 2322 2389 2392 turpia
2425 2330 2480 2377 et
2509 2321 2788 2375 immunda
2839 2320 3118 2383 sectantis,
3175 2320 3412 2373 avaritia:
3463 2333 3580 2388 quin

2002 2426 2075 2469 est
2124 2412 2388 2469 idolorum
2445 2414 2685 2477 servitus,
2746 2412 3045 2477 ebrietatis,
3094 2410 3492 2482 prodigalitatis
3528 2419 3584 2464 et

2001 2505 2292 2570 mendacii,
2328 2504 2449 2560 aliis
2481 2503 2733 2560 remediis
2763 2502 2920 2561 facile
2944 2503 3145 2560 curari.

2072 2620 2211 2674 llinc
2242 2627 2460 2675 constat
2500 2635 2606 2673 non
2636 2635 2738 2690 pro
2767 2619 3020 2675 omnibus
3046 2618 3361 2673 criminibus
3404 2616 3579 2686 publi-

2001 2713 2080 2768 cis
2106 2711 2377 2782 publicam
2397 2710 2769 2780 paenitentiam
2804 2708 2969 2763 fuisse
3005 2707 3335 2777 impositam.
3363 2705 3420 2759 Si
3445 2720 3573 2771 ergo

2003 2799 2453 2871 argumentum}.
2505 2799 2696 2855 Morini
2741 2799 2806 2854 de
2850 2798 3168 2853 criminibus
3218 2796 3450 2866 publicis
3497 2797 3585 2850 ni-

2002 2891 2168 2944 mium
2202 2891 2413 2960 probat,
2447 2888 2616 2943 multo
2646 2888 2817 2959 magis
2844 2888 2909 2942 de
2950 2887 3267 2941 criminibus
3308 2885 3531 2940 occultis
3561 2904 3572 2937 :

2001 2995 2235 3050 eumque
2270 2986 2651 3050 argumentum
2700 2979 2843 3048 quod
2876 2977 3037 3032 nimis
3082 2977 3292 3047 probat,
3322 2973 3474 3043 juxta
3500 2974 3578 3031 le-

1923 3089 1970 3152 c
2002 3087 2094 3142 ges
2125 3071 2422 3129 dialecticae
2452 3069 2582 3124 nihil
2612 3069 2841 3138 probet;
2881 3067 3114 3121 fateatur
3137 3065 3366 3135 quisque
3392 3078 3580 3117 ncces-

2002 3176 2061 3216 se
2098 3167 2182 3214 cst
2213 3158 2507 3214 secundum
2547 3164 2945 3226 argumentum,
2992 3169 3099 3224 quo
3132 3152 3181 3207 J.
3209 3152 3446 3207 Morinus
3475 3152 3580 3204 uti-

2000 3259 2085 3305 tur
2120 3251 2187 3304 ad
2243 3247 2725 3304 demonstrandum
2777 3247 3051 3315 antiquam
3109 3242 3363 3298 Ecclesia:
3410 3239 3575 3294 fuisse

1998 3339 2212 3410 praxim
2246 3337 2311 3392 de
2337 3336 2658 3392 criminibus
2711 3332 2938 3397 occultis
2996 3332 3207 3403 publice
3255 3328 3573 3402 paenitendi,

1998 3430 2197 3485 nullius
2223 3444 2345 3484 esse
2371 3428 2649 3493 momenti.

2590 3583 2817 3640 CAPUT
2852 3583 2959 3638 VII.

1995 3728 2227 3783 Tertium
2281 3732 2648 3798 argumentum
2672 3724 2751 3798 ,1.Δ
2772 3724 2970 3798 Morini
3007 3722 3263 3798 refellitur
3291 3735 3311 3774 :
3340 3730 3390 3777 et
3416 3736 3574 3794 expo-

2366 3798 2513 3852 nitur
2531 3794 2811 3866 Augustini
2841 3796 3214 3851 testimonium.

2068 3949 2088 3981 r
2130 3929 2395 3995 Tertium,
2450 3928 2628 3999 inquit
2683 3918 2737 3982 J.
2793 3927 3052 3993 Marinus,
3092 3926 3139 3982 si
3177 3926 3411 3982 crimina
3447 3925 3570 3995 quis

1991 4029 2181 4093 sponte
2223 4021 2578 4087 enuntiasset,
2606 4020 2801 4076 minori
2834 4028 3078 4090 tempore
3103 4019 3155 4072 in
3182 4017 3568 4079 substratiouc,

1990 4112 2285 4177 auditione,
2309 4119 2441 4177 etc.,
2480 4118 2960 4173 commoraturum,
3010 4122 3172 4177 quam
3209 4108 3254 4160 si
3282 4112 3570 4160 accusatus

1989 4209 2042 4256 ct
2070 4200 2356 4257 convictus
2418 4208 2580 4256 esset.
2620 4199 2871 4267 Plerique
2924 4198 3067 4253 enim
3118 4212 3354 4251 canones
3377 4203 3432 4251 et
3464 4195 3567 4253 Pa—

1990 4298 2133 4344 trum
2181 4291 2441 4360 pleraque
2465 4291 2608 4345 dicta
2642 4289 2782 4343 hanc
2812 4289 2985 4359 legem
3021 4290 3132 4344 reis
3162 4288 3451 4343 criminum
3485 4288 3567 4343 di-

1989 4389 2159 4446 ctant,
2190 4379 2345 4450 cujus
2393 4380 2473 4436 rei
2503 4378 2813 4434 testimonia
2864 4379 3033 4434 multa
3082 4379 3265 4450 legere
3288 4387 3446 4450 potes
3466 4378 3562 4433 lib.

1987 4489 2049 4537 ιι,
2080 4489 2129 4528 ε.
2157 4477 2209 4526 6.
2251 4471 2310 4527 Si
2345 4470 2576 4526 crimina
2623 4484 2793 4540 ponas
2841 4468 3054 4538 publica
3104 4484 3204 4540 pro
3228 4468 3410 4538 specie
3432 4468 3565 4521 ista-

1987 4582 2106 4620 rum
2138 4565 2315 4636 legum
2344 4563 2701 4634 explananda,
2725 4577 2846 4632 quae
2878 4562 3020 4616 ratio
3048 4561 3174 4631 tingi
3201 4567 3380 4630 potest
3401 4559 3559 4614 istius

1986 4655 2440 4728 temperamenti?
2476 4654 2534 4709 Si
2568 4653 2775 4709 crimen
2800 4652 3073 4722 publicum
3106 4659 3209 4715 est,
3240 4650 3354 4720 jam
3377 4650 3564 4705 eonvi-

1984 4748 2089 4801 ctio
2119 4760 2217 4818 per
2242 4761 2300 4800 se
2322 4744 2464 4799 facta
2499 4750 2583 4799 est
2609 4760 2621 4796 :
2662 4743 2777 4813 ipsa
2819 4741 2965 4806 facti,
2995 4749 3057 4795 ut
3081 4740 3153 4796 ita
3183 4741 3377 4806 dicam,
3404 4748 3563 4795 noto-

1985 4840 2148 4894 rietas
2193 4835 2520 4893 convictioni
2567 4833 2897 4903 acquivaluit.
2950 4831 3171 4887 Delatus
3215 4832 3563 4902 tergiversari

1984 4946 2089 4984 non
2111 4937 2309 4999 potest.
2345 4927 2456 4982 lmo
2483 4938 2549 4980 ne
2577 4924 2818 4979 delatore
2842 4922 3062 4993 quidem
3104 4937 3240 4994 opus
3262 4921 3423 4978 habet
3447 4922 3562 4988 epi-

1982 5034 2193 5087 scopus,
2225 5034 2348 5073 cum
2377 5023 2611 5087 ponatur
2642 5014 2849 5071 crimen
2878 5013 3154 5085 publicum
3179 5022 3236 5070 et
3266 5014 3557 5073 notoriam,

1980 5106 2072 5161 sed
2102 5110 2385 5172 monitore,
2415 5121 2479 5161 ac
2504 5121 2573 5160 ne
2595 5106 2865 5163 monitore
2891 5105 3132 5175 quidem,
3185 5119 3306 5158 cum
3341 5116 3406 5155 eo
3432 5116 3558 5154 casu

1981 5200 2264 5270 episc0pus
2294 5198 2407 5253 sola
2432 5198 2676 5253 muneris
2702 5197 2996 5268 peragendi
3020 5191 3345 5257 conscientia
3374 5190 3558 5245 stimu—

1974 5291 2120 5345 latus
2154 5289 2427 5360 publieum
2477 5297 2839 5358 peccatorem,
2864 5297 2919 5343 et
2948 5284 3352 5355 resipiseentem
3382 5277 3555 5352 poeni-

1979 5383 2143 5436 tentia
2172 5382 2440 5452 castigare
2462 5380 2653 5451 possit.
2693 5401 2711 5434 ι

2047 5491 2351 5565 Responsio.
2385 5521 2455 5530 —
2492 5490 2748 5558 Quamvis
2804 5486 3002 5539 faterer
3046 5481 3249 5535 crimen
3295 5492 3414 5533 esse
3462 5491 3559 5533 oc-

1976 5583 2202 5648 cultum,
2230 5581 2359 5652 quid
2399 5581 2522 5635 inde
2563 5575 2919 5637 concluditur,
2968 5573 3011 5628 si
3038 5577 3222 5641 postea
3256 5574 3553 5636 spontaura

1976 5672 2378 5730 denuntiatione
2419 5684 2599 5723 coram
2631 5664 2901 5734 judicibus
2949 5660 3200 5717 Ecclesiae.
3236 5658 3327 5712 fiat
3374 5656 3554 5729 pubii~
