3968 6180
489 272 626 327 1267

1055 275 1400 332 THEODORI
1437 278 1756 336 ABCHIEP.
1791 282 2017 338 CANIU

2129 321 2143 334 .
2185 282 2528 338 DOCTMNA
2567 284 2655 339 DE
2694 285 3140 342 ΡαέΝῙΤΕΝἸΊΑ

3593 292 3721 350 1208

483 398 652 451 cum?
705 396 911 451 Volenti
961 414 1105 450 enim
1141 413 1247 452 non
1279 398 1339 451 iit
1371 398 1583 469 injuria.
1614 399 1785 454 Porro
1821 400 1923 455 ista
1962 400 2052 454 de-
2083 402 2127 459 Α
2155 405 2249 448 aut
2269 395 2425 450 idolis
2447 399 2708 461 serviens,
2731 408 2785 454 et
2813 409 3032 467 caetera,
3062 403 3166 458 nisi
3188 405 3315 473 quia
3340 420 3461 458 eam
3485 406 3722 460 nomina.

483 485 751 540 nuntiatio
780 501 901 555 qua:
935 486 1113 541 varias
1135 488 1204 542 ob
1239 502 1433 543 causas
1467 489 1726 559 agebatur
1759 505 1940 545 coram
1964 490 2051 560 iu-

480 576 691 631 dicibus
717 576 989 641 Ecclesiae,
1016 578 1313 647 prazsertim
1343 595 1474 633 vero
1502 595 1568 634 ne
1589 579 1657 635 de
1684 581 1913 635 crimine
1935 578 2049 648 iam

481 681 511 720 a
540 665 859 736 quibusdam
887 669 1099 739 cognito
1134 670 1211 723 rei
1234 671 1469 724 accusati
1496 679 1551 724 et
1595 672 1825 727 convicti
1857 670 2049 740 majori

476 757 795 826 paenitentia
820 760 1160 827 punirentur,
1188 778 1294 816 non
1317 770 1492 831 potest
1515 763 1685 833 accipi
1711 779 1810 833 pro
1838 761 2049 817 confes-

373 906 389 911 _
476 848 626 904 sione
651 858 881 915 secreta,
929 860 1150 921 propter
1179 868 1338 922 quam
1374 855 1576 909 nemini
1609 870 1845 922 unquam
1896 852 2048 908 licuit

471 935 623 1005 juxta
654 954 889 994 canones
935 941 1192 994 mandare
1236 942 1609 1010 pcenitentiam
1660 941 1953 1009 publicam,
1988 952 2045 993 ut

475 1040 555 1085 tot
592 1031 810 1086 Patrum
833 1033 1153 1087 testimoniis
1178 1049 1337 1104 supra
1363 1033 1870 1087 demonstravimus.
1901 1032 2044 1099 Qua-

473 1140 533 1178 re
561 1126 776 1179 tertium
806 1124 854 1178 J.
896 1125 1087 1181 Morini
1136 1133 1508 1194 argumentum
1559 1122 1706 1178 nullo
1756 1123 1913 1179 modo
1949 1139 2041 1177 va-

468 1214 583 1270 lere
610 1222 805 1286 potest.
1212 1216 1302 1277 vi,

536 1306 885 1376 Persequitur
939 1305 987 1361 J.
1019 1308 1298 1361 Morinus:
1342 1326 1359 1357 ι
1397 1307 1629 1362 Sanctus
1683 1306 2033 1376 Augustinus,

469 1397 653 1452 bomil.
683 1397 773 1463 49,
801 1413 867 1452 ex
892 1398 981 1463 50,
1011 1414 1061 1452 c.
1086 1399 1119 1452 5
1145 1405 1198 1453 et
1230 1399 1603 1467 sequentibus,
1635 1397 1914 1452 evidenter
1944 1398 2040 1452 ad-

467 1489 685 1543 modum
713 1488 813 1544 boc
856 1505 956 1544 nos
1003 1489 1157 1543 docet
1186 1505 1200 1551 ;
1232 1488 1535 1559 baptizatos
1586 1496 1641 1542 et
1671 1488 1853 1542 ﬁdeles
1882 1503 2035 1543 com-

466 1578 666 1648 pellat:
704 1597 720 1629 ι
761 1577 819 1634 Si
843 1594 946 1633 non
972 1579 1226 1648 potuistis
1254 1580 1453 1633 habere
1483 1577 1568 1633 vel
1593 1578 1841 1633 noluistis
1879 1578 2036 1647 pudio

470 1687 487 1718 ι
526 1668 705 1723 citiam
728 1667 1077 1740 coniugalem,
1114 1685 1209 1723 seu
1261 1668 1669 1733 continentiam,
1703 1675 1759 1723 et
1780 1667 2034 1722 deviastis

2152 484 2352 539 tionem
2375 486 2597 557 intelligi
2619 488 2786 542 voluit
2806 506 2926 558 qua:
2946 490 3007 545 fit
3032 493 3084 546 in
3114 509 3438 563 quemquam
3457 510 3583 548 cum
3606 510 3723 550 sen-

2149 575 2317 628 tentia
2362 575 2553 630 ordine
2571 575 2863 644 iudiciario
2891 587 3052 648 atque
3080 581 3387 652 integritate
3404 584 3722 653 profertur?

2147 662 2282 717 Nam
2311 664 2356 719 si
2381 665 2681 721 nominatio
2700 667 2815 722 sola
2841 669 3058 735 sufﬁcit,
3096 672 3251 726 multi
3276 673 3574 729 damnandi
3602 684 3723 731 sunt

2145 756 2481 822 innocentes,
2514 758 2641 826 quia
2665 774 2806 829 sepe
2834 759 2972 815 falso
2993 762 3048 816 in
3074 778 3344 833 quoquam
3369 764 3601 821 crimina
3630 782 3720 822 nov

2146 846 2445 900 minantur.
2482 867 2500 899 ι

2213 933 2563 1005 Persequitur
2582 935 2632 991 Ι.
2665 937 2943 996 Morinus:
2990 961 3010 993 ι
3047 943 3250 999 Deinde
3274 961 3499 1016 prorsus
3524 947 3718 1018 impro-

2140 1026 2319 1082 babile
2338 1036 2422 1081 est
2441 1043 2533 1082 eos
2562 1030 2629 1084 de
2653 1039 2875 1099 peccato
2893 1034 3111 1102 publico
3131 1045 3396 1091 secretam
3422 1052 3545 1092 esse
3559 1052 3717 1108 agen-

2141 1118 2264 1172 dam
2276 1118 2651 1188 pmnitentiam
2672 1121 3024 1190 pertinaciter
3048 1126 3408 1191 contendisse,
3422 1135 3487 1181 ut
3507 1137 3717 1182 conten-

2139 1211 2338 1265 debant
2362 1211 2401 1265 ii
2424 1227 2557 1281 quos
2582 1212 2798 1267 refutat.
2817 1213 3012 1268 Statim
3037 1216 3183 1268 enim
3202 1215 3441 1269 occurrit
3464 1230 3715 1284 quemm-

2138 1302 2263 1357 dam
2291 1302 2601 1372 obiectioni,
2656 1305 2749 1373 qui
2789 1313 2849 1358 ut
2873 1305 3103 1375 publica:
3131 1306 3461 1376 poenitentia:
3489 1306 3714 1362 dedecus

2139 1392 2373 1447 vitarent
2399 1395 2764 1464 praetexebant
2784 1408 2842 1449 se
2867 1396 3118 1465 privatim
3141 1404 3197 1449 et
3218 1394 3426 1450 occulte
3454 1396 3713 1465 pmniten-

2138 1482 2269 1536 tiam
2298 1498 2479 1554 agerc,
2511 1483 2664 1552 quasi
2686 1485 2898 1539 crimini
2930 1501 3027 1540 suo
3056 1487 3283 1541 eluendo
3308 1487 3518 1555 privata
3547 1488 3712 1555 ι)ωηί-

2137 1574 2305 1628 tentia
2327 1572 2618 1629 sufﬁceret.
2672 1574 2779 1630 Sed
2806 1576 2910 1631 hoc
2937 1585 3097 1649 negat
3124 1577 3460 1647 Augustinus
3480 1586 3537 1631 et
3559 1592 3714 1648 nega-

2137 1663 2304 1718 tionis
2333 1679 2444 1719 suae
2472 1666 2735 1720 rationem
2760 1666 2969 1722 reddit:
3008 1685 3028 1719 c
3065 1666 3233 1722 Nemo
3269 1667 3371 1723 sibi
3411 1668 3579 1732 dicat,
3625 1683 3713 1722 oc-

469 1779 486 1811 ‹
524 1776 555 1813 a
584 1760 883 1830 proposito,
933 1776 1027 1815 seu
1050 1759 1263 1815 vinculo
1292 1760 1581 1832 coniugali,
1612 1760 1699 1815 vel
1757 1758 2038 1815 devotione
2073 1744 2111 1801 Β
2145 1774 2164 1807 ι
2206 1756 2349 1811 culte
2373 1773 2495 1828 ago,
2526 1759 2666 1828 apud
2689 1759 2863 1813 Deum
2901 1775 3043 1831 ago:
3076 1762 3226 1815 novit
3272 1761 3415 1816 Deus
3462 1763 3555 1832 qui
3582 1763 3709 1817 mihi

467 1869 487 1899 σ
524 1850 884 1915 continentia,
915 1851 986 1905 sit
1013 1850 1067 1904 in
1096 1850 1249 1904 vobis
1279 1849 1429 1905 dolor
1478 1856 1533 1903 et
1561 1847 1835 1902 humilitas
1864 1846 2037 1917 poeni-

461 1940 661 1996 tentite.
698 1960 718 1993 ι
750 1940 885 2008 Quia
922 1956 1051 1995 vero
1105 1941 1262 1995 alicui
1317 1939 1500 1995 forsan
1535 1941 1825 1994 obscurum
1866 1945 2031 2003 esset,

459 2029 605 2099 quod
642 2030 849 2099 peccati
877 2045 1067 2100 genus,
1096 2046 1257 2099 quam
1280 2028 1652 2099 pmnitentiam
1684 2027 2031 2097 intelligeret,

392 2183 395 2187 γ
458 2123 642 2178 statim
678 2123 780 2177 hoc
807 2123 1040 2191 explicat
1068 2141 1081 2152 -
1121 2140 1139 2173 ι
1178 2121 1429 2190 Apertius
1474 2121 1593 2176 dico
1626 2137 1639 2173 ε
1677 2134 1835 2174 nemo
1865 2119 2028 2181 dicat,

462 2231 483 2263 ι
530 2227 635 2267 non
665 2212 925 2268 intellexi.
957 2212 1059 2280 Qui
1084 2224 1203 2283 post
1232 2226 1431 2266 uxores
1460 2218 1670 2266 vestras
1720 2226 1818 2267 vos
1845 2209 2031 2264 illicito

463 2325 480 2356 ι
522 2306 811 2361 concubitu
863 2303 1193 2369 maculastis,
1240 2303 1285 2358 si
1310 2312 1507 2374 prmter
1560 2317 1758 2356 uxores
1822 2311 2030 2355 vestras

461 2412 480 2446 ι
517 2409 641 2448 cum
670 2392 846 2463 aliqua
873 2392 1256 2457 concubuistis,
1290 2394 1432 2465 agite
1470 2391 1867 2463 paenitentiam,
1896 2407 2030 2461 qua-

460 2502 477 2533 c
517 2483 584 2538 lis
613 2484 792 2555 agitur
812 2484 865 2538 in
894 2483 1156 2548 Ecclesia,
1188 2492 1245 2537 ut
1263 2498 1361 2553 pro
1384 2482 1539 2538 vobis
1565 2491 1686 2538 oret
1704 2480 1965 2537 Ecclesia.
2000 2499 2020 2532 ι

454 2576 529 2631 De
559 2576 821 2631 adulterio
850 2584 1159 2647 perpetrato
1204 2575 1282 2629 illi
1318 2575 1567 2645 quaestio,
1610 2588 1783 2644 eoque
1807 2573 2026 2644 potissi-

450 2682 600 2721 mum
632 2666 885 2720 occulto:
918 2665 1219 2735 generatim
1243 2665 1390 2718 enim
1441 2664 1711 2734 quoslibet
1751 2661 2026 2717 adulteros

452 2757 754 2826 compellat,
813 2770 1011 2825 eosque
1041 2754 1157 2824 pari
1210 2763 1266 2808 et
1310 2753 1616 2807 indistincta
1678 2750 2020 2813 necessitate,

452 2848 738 2917 verbisque
786 2846 853 2902 de
897 2846 1123 2901 crimine
1170 2843 1531 2915 hypotheticis
1560 2858 1680 2912 quae
1719 2843 1785 2897 de
1809 2840 2023 2911 publico

449 2936 643 2991 stolide
711 2936 1140 2997 enuntiarentur,
1204 2936 1271 2988 ad
1319 2933 1692 3003 paenitentiam
1751 2931 2019 3001 publicam

447 3027 771 3081 exhortatur
798 3034 853 3079 et
878 3025 1149 3096 astringit,
1186 3022 1556 3092 paenitentiam
1600 3021 1805 3076 scilicet
1848 3020 2021 3089 qualis

446 3119 622 3189 agitur
648 3119 703 3172 in
738 3116 1001 3181 Ecclesia,
1040 3125 1099 3169 ut
1121 3130 1220 3185 pro
1239 3114 1306 3169 iis
1336 3122 1455 3168 oret
1481 3112 1744 3168 Ecclesia.
1778 3132 1797 3164 ι

516 3210 819 3282 Responsio.
859 3240 930 3249 —
967 3205 1102 3264 Cum
1128 3216 1347 3262 sanctus
1374 3206 1707 3277 Augustinus
1744 3204 1871 3259 alibi
1914 3218 2016 3259 sa:-

441 3301 663 3369 pissime
691 3300 928 3355 declaret
959 3297 1333 3367 paenitentiam
1360 3296 1628 3366 publicam
1681 3293 1892 3349 nonnisi
1918 3308 2018 3362 pro

440 3390 667 3460 publicis
689 3388 1005 3445 criminibus
1032 3388 1283 3441 iudietam
1310 3402 1448 3449 esse,
1473 3394 1528 3440 et
1553 3400 1652 3455 pro
1679 3382 1905 3438 occultis
1934 3396 2017 3436 sc-

437 3489 594 3536 creto
606 3479 803 3535 factam
819 3476 1067 3535 sufficere
1085 3518 1099 3544 ,
1128 3478 1442 3546 sicutsupra
1464 3474 1825 3530 ostendimus:
1856 3486 2014 3526 nemo

438 3589 547 3628 non
576 3574 744 3637 videt,
774 3572 865 3627 ubi
891 3580 1115 3627 sanctus
1135 3570 1471 3642 Augustinus
1508 3569 1746 3638 loquitur
1783 3581 2013 3638 genera-

435 3663 533 3716 tim
559 3662 625 3716 de
650 3661 967 3715 criminibus
978 3660 1190 3730 publica
1207 3660 1521 3730 paenitentia
1544 3656 1850 3727 puniendis,
1875 3670 2013 3709 non-

436 3753 542 3807 nisi
570 3752 784 3822 publica
808 3752 1031 3821 intelligi
1058 3766 1244 3820 posse;
1305 3751 1454 3805 verbi
1484 3751 1679 3821 gratia,
1726 3764 1850 3805 cum
1889 3748 2012 3818 quis

433 3844 564 3900 dicit
590 3844 734 3915 leges
761 3843 947 3898 civiles
969 3842 1218 3898 mulieres
1238 3829 1509 3899 adulteras
1534 3843 1747 3913 punire,
1774 3841 2010 3911 loquitur

432 3943 648 3989 tantum
669 3935 736 3990 de
764 3934 834 3990 iis
859 3950 978 4004 qua:
1006 3935 1073 3989 de
1103 3934 1366 3989 adulterio
1406 3934 1665 3991 convictte
1688 3941 1814 3987 sunt
1843 3933 1896 3986 in
1919 3931 2009 4000 ju-

431 4029 576 4084 dicio
603 4028 869 4084 szcculari.
903 4028 1048 4083 Idem
1066 4042 1196 4083 vero
1223 4027 1558 4083 sentiendum
1584 4040 1704 4083 esse
1731 4024 2006 4095 deiudicio

427 4120 797 4176 ecclesiastico
816 4118 1049 4175 allirmat
1070 4127 1297 4175 sanctus.
1325 4118 1655 4188 Augustinus
1682 4118 1736 4172 in
1783 4116 2001 4171 homilia

431 4211 621 4265 ultima
646 4225 714 4266 ex
740 4227 791 4277 ι,
820 4227 939 4281 cap.
980 4211 1075 4266 ηε
1109 4229 1127 4262 ι
1164 4210 1272 4265 Nos
1297 4225 1446 4273 vero,
1478 4209 1673 4278 inquit,
1704 4225 1736 4263 a
1760 4223 2001 4263 comnm-

429 4302 591 4356 uione
616 4301 905 4371 prohibere
932 4316 1259 4371 quemquam
1286 4316 1392 4355 non
1419 4315 1723 4369 possumus,
1751 4297 2000 4368 quamvis

425 4392 542 4447 haec
569 4393 858 4462 prohibitio
886 4393 1123 4447 nondum
1164 4392 1236 4468 sit
1264 4391 1524 4454 mortalis,
1577 4390 1671 4445 sed
1711 4389 2000 4444 medicina—

425 4483 514 4550 lis,
547 4483 655 4538 nisi
674 4492 770 4538 aut
791 4490 985 4554 sponte
1007 4481 1337 4547 confessum,
1392 4490 1488 4536 aut
1542 4481 1598 4534 in
1655 4480 1837 4550 aliquo
1888 4479 2001 4532 sive

424 4575 670 4632 mulari
691 4577 805 4633 sive
832 4574 1202 4632 ecclesiastico
1231 4572 1436 4641 judicio
1457 4572 1790 4627 nominatum
1842 4579 2002 4639 atque

420 4670 750 4724 convictum.
825 4667 958 4735 Quis
993 4666 1137 4722 enim
1163 4665 1264 4722 sibi
1312 4674 1601 4733 utrumque
1629 4665 1820 4717 audeat
1852 4676 2002 4715 assu-

425 4775 588 4824 mere,
635 4768 696 4815 ut
724 4761 977 4831 cuiquam
1032 4760 1146 4827 ipse
1189 4757 1261 4812 sit
1304 4764 1360 4810 et
1389 4764 1672 4821 accusator
1698 4763 1753 4809 et
1790 4751 2000 4821 iudex?

420 4848 731 4916 Cuiusmodi
761 4849 1001 4919 regulam
1023 4850 1188 4904 etiam
1201 4848 1400 4903 Paulus
1428 4846 1702 4921 apostolus
1728 4846 1781 4900 in
1809 4845 1999 4900 eadem

418 4942 487 4998 ad
499 4940 808 4998 Corinthios
818 4940 1054 5010 Epistola
1082 4941 1319 4997 breviter
1339 4940 1645 4995 insinuasse
1668 4935 2003 5024 intelligitur,

417 5048 542 5089 cum
568 5031 888 5102 quibusdam
920 5031 1357 5087 commemoratis
1384 5030 1724 5093 criminibus,
1748 5028 2003 5084 ecclesia-

415 5126 536 5182 stici
568 5123 759 5196 iudicii
786 5121 1017 5178 fortnam
1050 5122 1119 5176 ad
1152 5122 1333 5177 omnia
1355 5121 1551 5176 similia
1577 5136 1643 5176 ex
1678 5120 1996 5189 quihusdam

413 5215 590 5270 daret.
628 5233 646 5266 ι
708 5212 776 5269 Et
812 5209 973 5282 paulo
1001 5218 1152 5281 post:
1210 5227 1228 5259 ι
1259 5207 1441 5263 Noluit
1463 5209 1604 5263 enim
1632 5208 1903 5262 hominem
1928 5206 1995 5261 ab

415 5305 632 5362 homine
662 5302 894 5371 iudicari
924 5317 992 5357 ex
1039 5299 1267 5354 arbitrio
1302 5298 1660 5369 suspicionis,
1715 5303 1805 5361 vel
1825 5297 1990 5353 etiam

413 5395 842 5450 extraordinario
867 5401 1124 5462 usurpato
1146 5390 1371 5460 judicio,
1420 5391 1513 5446 sed
1555 5389 1734 5459 potius
1781 5404 1847 5444 ex
1876 5388 1992 5458 lege

415 5484 508 5541 Dei
555 5485 846 5540 secundum
874 5485 1119 5540 ordinem
1145 5481 1416 5546 Ecclesiae,
1474 5478 1587 5533 sive
1610 5478 1752 5532 ultro
1782 5477 1991 5531 confes-

412 5591 554 5638 sum,
584 5575 696 5630 sive
721 5586 1032 5629 accusatum
1061 5571 1560 5643 atqueconvictum.
1588 5566 1837 5637 Alioquin
1864 5567 1991 5622 illud

414 5680 510 5720 cur
534 5665 687 5729 dixit,
737 5664 943 5736 Siquis
990 5663 1155 5718 frater
1208 5663 1514 5717 nominatur
1554 5668 1644 5715 aut
1670 5658 1987 5723 fornicator,

2145 1865 2163 1898 ι
2208 1848 2455 1918 ignoscit,
2482 1850 2609 1919 quia
2639 1851 2692 1905 in
2733 1853 2905 1906 corde-
2943 1869 3066 1923 ago.
3095 1855 3236 1925 Ergo
3282 1856 3403 1910 sine
3439 1872 3605 1911 causa
3634 1857 3711 1911 di-

2143 1955 2161 1987 c
2203 1945 2350 1992 etum
2380 1946 2483 2001 est,
2517 1940 2647 2006 Quae
2676 1939 2946 1995 solveritis
2975 1942 3027 1995 in
3065 1953 3232 2009 terra,
3261 1945 3437 1999 soluta
3474 1954 3634 1999 erunt
3658 1947 3709 1999 in

2142 2048 2160 2079 ‹
2201 2028 2385 2083 ctelo?
2415 2030 2556 2100 Ergo
2583 2031 2700 2085 sine
2728 2047 2891 2086 causa
2917 2044 3041 2087 sunt
3069 2033 3247 2089 claves
3274 2036 3415 2090 datae
3459 2036 3713 2091 Ecclesia:

2140 2138 2158 2170 ‹
2210 2120 2359 2175 Dei?
2416 2120 2742 2178 frustramus
2804 2124 3153 2196 Evangelium
3212 2128 3329 2194 Dei,
3387 2126 3712 2183 frustramus

2139 2227 2156 2258 ι
2205 2211 2367 2263 verba
2400 2209 2646 2265 Christi?
2698 2214 3062 2282 promittimus
3119 2216 3273 2270 vobis
3317 2217 3462 2286 quod
3507 2216 3599 2272 ille
3624 2232 3710 2272 ne-

2144 2319 2161 2351 c
2209 2302 2342 2371 gat?
2383 2316 2560 2357 nonne
2582 2319 2678 2358 vos
2705 2304 3045 2374 decipimus?
3091 2305 3194 2372 Qui
3221 2308 3609 2376 pmnitentiam
3627 2323 3711 2364 oe-

2142 2410 2160 2441 ι
2205 2391 2346 2447 culte
2372 2392 2487 2446 vult
2510 2408 2671 2463 agere
2692 2394 2756 2448 de
2788 2410 2854 2449 eo
2878 2406 3099 2465 peccato
3119 2396 3207 2451 cui
3239 2398 3516 2466 publicam
3542 2399 3711 2468 impo-

2136 2501 2153 2534 ι
2198 2483 2308 2538 suit
2331 2483 2598 2549 Ecclesia,
2630 2484 2859 2539 frustrat
2907 2486 3256 2558 Evangelium
3286 2488 3513 2552 Christi,
3542 2502 3598 2544 et
3622 2506 3711 2544 su-

2140 2591 2157 2623 ι
2201 2588 2535 2642 pervacanea
2582 2575 2858 2630 existimat
2889 2576 3034 2631 illius
3075 2578 3262 2643 verba,
3290 2578 3491 2647 quibus
3527 2579 3709 2635 Eccle-

2134 2680 2153 2712 ι
2200 2662 2294 2717 sia:
2346 2664 2534 2719 tribuit
2583 2664 2783 2736 ligandi
2834 2676 3179 2736 potestatem,
3209 2685 3334 2724 cum
3374 2670 3451 2724 illi
3483 2670 3708 2743 eiusque

2134 2771 2153 2801 σ
2200 2754 2438 2809 decretis
2465 2771 2585 2810 sese
2620 2772 2725 2811 non
2758 2758 3057 2812 submittat.
3084 2759 3372 2814 Existimat
3401 2760 3697 2816 Ecclesiam

2131 2868 2149 2896 ι
2193 2860 2316 2900 eum
2340 2844 2543 2913 fallere,
2569 2857 2623 2902 et
2651 2864 2789 2902 vana
2819 2851 3152 2905 remissionis
3195 2860 3545 2920 peccatorum
3572 2868 3701 2923 pro-

2132 2953 2151 2984 σ
2197 2936 2473 2998 missione,
2507 2937 2550 2990 si
2572 2936 2723 3006 iussa
2755 2938 2965 3002 fecerit,
3005 2939 3274 2993 deludere.
3319 2961 3339 2992 ι

2198 3025 2499 3096 Responsio.
2541 3059 2612 3068 —
2649 3028 2718 3081 At
2765 3028 2894 3082 illud
2940 3045 3045 3083 non
3090 3046 3313 3100 prorsus
3351 3031 3707 3100 improbabile

2120 3124 2224 3182 est,
2247 3132 2367 3170 cum
2388 3117 2547 3186 paulo
2566 3118 2703 3171 infra
2726 3129 2947 3174 sanctus
2970 3119 3301 3190 Augustinus
3325 3130 3559 3176 testetur
3584 3137 3707 3191 pec-

2119 3212 2301 3259 catum
2331 3205 2496 3259 celari
2526 3222 2630 3261 non
2660 3208 2915 3276 potuisse.
2944 3208 3132 3263 Nonne
3158 3218 3411 3277 poterant
3440 3211 3621 3264 dicere
3647 3224 3705 3265 se

2119 3295 2184 3350 de
2239 3296 2475 3364 peccatis
2524 3298 2753 3366 publicis
2810 3301 3023 3355 occulte
3075 3316 3236 3371 agere
3288 3301 3702 3368 paenitentiam?

2117 3384 2325 3452 qualem
2361 3400 2466 3439 non
2492 3386 2661 3440 multo
2698 3398 2820 3458 post
2852 3390 3035 3459 plures
3073 3391 3247 3460 egisse
3276 3390 3444 3444 refert
3472 3389 3704 3445 Anasta-

2115 3472 2228 3527 sius
2256 3472 2461 3529 Sinaita
2491 3477 2559 3530 ad
2599 3477 2761 3532 linem
2798 3481 3059 3535 orationis
3085 3481 3152 3536 de
3180 3491 3367 3536 saneta
3400 3485 3592 3552 synaxi
3619 3483 3702 3536 his

2115 3564 2293 3618 verbis
2317 3578 2331 3617 :
2369 3583 2386 3615 ι
2423 3566 2574 3630 Esto,
2608 3566 2831 3623 fratrem
2858 3577 3006 3624 tuum
3028 3579 3365 3639 peccatorem
3390 3586 3533 3633 esse,
3558 3571 3699 3624 unde

2112 3660 2336 3709 caeteras
2359 3652 2477 3721 eius
2516 3658 2758 3713 actiones
2784 3669 3087 3729 compertas
3116 3660 3321 3714 habes?
3363 3659 3504 3714 Nam
3544 3660 3695 3714 multi

2112 3745 2304 3798 crebro
2340 3748 2683 3816 reperiuntur
2712 3751 2805 3820 qui
2827 3750 3002 3822 palam
3029 3760 3343 3821 peecarunt,
3372 3752 3469 3807 sed
3486 3753 3622 3807 clam
3641 3759 3694 3805 et

2110 3834 2321 3889 occulte
2349 3851 2599 3907 magnam
2642 3840 3019 3909 paenitentiam
3048 3849 3296 3903 egerunt.
3328 3841 3400 3895 Et
3442 3858 3542 3896 nos
3580 3842 3692 3909 qui-

2108 3925 2230 3979 dem
2258 3927 2505 3982 novimus
2532 3929 2746 3997 quando
2772 3938 3017 3999 peecant,
3054 3939 3110 3983 at
3144 3945 3275 3984 vero
3316 3931 3693 3998 penitentiam

2106 4021 2161 4067 et
2182 4016 2586 4070 conversionem
2633 4017 2844 4071 illorum
2876 4020 3204 4089 ignoramus,
3234 4030 3290 4074 et
3316 4035 3346 4072 a
3389 4021 3546 4074 nobis
3574 4020 3692 4088 qui-

2104 4102 2226 4158 dem
2246 4101 2561 4170 iudicantur
2586 4115 2922 4177 peceatores,
2950 4110 3094 4178 apud
3122 4109 3292 4163 Deum
3325 4120 3514 4164 autem
3530 4108 3688 4178 justi-

2106 4196 2250 4249 licati
2277 4205 2424 4251 sunt.
2459 4218 2478 4251 ι

2171 4284 2326 4340 Joan.
2354 4287 2592 4344 Morinus
2619 4309 2631 4344 :
2671 4310 2689 4342 ‹
2721 4291 2811 4346 Su‘
2839 4292 2944 4347 lato
2979 4293 3079 4346 hoc
3108 4292 3443 4362 paenitentia:
3466 4292 3688 4348 occultat

2104 4375 2358 4445 suffragio
2390 4380 2535 4434 aliud
2565 4382 2892 4449 paenitentis:
2929 4382 3155 4451 publicae
3188 4383 3412 4453 agenda:
3460 4382 3682 4453 impedi-

2104 4479 2343 4524 mentum
2376 4473 2532 4539 tollit,
2555 4476 2985 4529 erubescentiam
3009 4475 3235 4539 scilicet,
3257 4490 3365 4528 non
3394 4474 3686 4529 confessio-

2099 4559 2183 4612 nis
2203 4559 2449 4629 publieaa,
2480 4578 2603 4618 nam
2643 4580 2750 4619 non
2778 4565 2951 4634 magis
2975 4565 3283 4619 erubuisset
3311 4564 3524 4619 occulte
3553 4579 3682 4618 con-

2097 4647 2256 4713 ﬁteri,
2305 4666 2465 4721 quam
2512 4654 2726 4710 occulte
2774 4656 3061 4724 pmnitere,
3111 4670 3387 4725 unumque
3420 4653 3579 4709 facile
3612 4668 3681 4708 ex

2097 4737 2202 4794 alio
2228 4744 2595 4812 consequitur.
2628 4744 2830 4799 Deinde
2857 4744 3132 4814 probabile
3155 4745 3392 4809 videtur,
3425 4744 3535 4798 imo
3561 4758 3678 4798 cer-

2097 4834 2233 4895 tum,
2256 4845 2351 4886 eos
2388 4834 2454 4887 de
2491 4834 2692 4903 quibus
2712 4834 2823 4903 agit
2849 4834 3100 4903 privatim
3131 4840 3352 4902 peccata
3379 4831 3675 4896 confessos,

2106 4919 2201 4974 sed
2245 4923 2618 4990 paenitentiam
2662 4923 2928 4992 publicam
2995 4936 3306 4986 recusasse,
3357 4930 3414 4975 et
3458 4922 3677 4991 privatae

2104 5010 2369 5066 actionem
2398 5013 2766 5083 pmtexuisse.
2796 5012 2931 5067 Nam
2970 5021 3114 5066 totus
3136 5020 3219 5065 est
3244 5019 3467 5065 sanctus
3492 5010 3675 5077 Augu-

2099 5103 2274 5158 stinus
2297 5104 2366 5159 ad
2386 5106 2654 5160 actionum
2676 5105 3011 5176 publicarum
3033 5103 3409 5158 necessitatem
3438 5110 3677 5156 astruen-

2099 5197 2245 5252 dam.
2274 5197 2428 5253 Unde
2451 5197 2755 5252 necessario
2781 5195 3117 5252 inferendum
3144 5209 3239 5250 eos
3258 5195 3311 5247 in
3333 5208 3469 5262 quos
3495 5191 3673 5261 dispu-

2096 5299 2191 5353 tat,
2224 5289 2443 5358 autiam
2468 5287 2744 5345 confessos
2767 5302 2886 5343 esse
2922 5285 3194 5357 privatim,
3238 5291 3334 5338 aut
3367 5282 3434 5337 de
3464 5280 3669 5337 confes-

2092 5384 2244 5438 sione
2286 5384 2495 5453 privata
2548 5381 2696 5435 litem
2746 5378 2945 5433 nullam
2998 5376 3263 5437 movisse,
3323 5371 3418 5427 sed
3464 5380 3665 5426 tantum

2092 5473 2461 5543 paenitentiam
2482 5471 2751 5542 publicam
2771 5469 3133 5524 exhorruisse.
3163 5464 3270 5522 Sed
3291 5463 3550 5535 quidquid
3575 5461 3629 5513 sit
3643 5502 3659 5521 ,

2092 5563 2331 5617 actiones
2359 5561 2599 5617 occultas
2628 5575 2732 5614 non
2772 5557 3034 5629 spectavit
3057 5556 3409 5627 Augustinus,
3442 5553 3534 5607 sed
3560 5567 3659 5620 pn-

2095 5653 2257 5710 blicas
2308 5661 2549 5715 tantum,
2598 5650 2663 5703 de
2706 5649 2902 5718 quibus
2946 5635 3374 5704 erubescentiam
3428 5642 3667 5698 amella:
