3942 6182
234 328 380 387 ηω

1078 319 1168 372 AB
1201 316 1369 372 OMNI
1408 312 1780 371 NOVITATIS
1819 310 2226 393 SUSPICIONE
2269 310 2653 366 VlNDlCATA.

3361 305 3508 361 i210

234 451 486 503 conatur.
529 456 548 488 ι
595 435 820 491 Resiszit
864 434 992 487 mihi
1040 432 1183 486 ﬁlius
1226 429 1564 500 pestilentiae,
1603 433 1659 481 et
1695 439 1819 479 ern-
1849 426 1897 483 Α
1924 423 2242 480 Theodorus
2269 424 2435 479 refert
2463 426 2517 478 in
2546 440 2644 479 sua
2671 424 2949 493 provincia
2972 440 3078 479 non
3113 437 3233 479 esse
3268 423 3509 478 reconci-

246 553 269 590 ι
310 530 488 590 bescit
532 543 671 599 genu
713 525 878 597 ﬁgere
923 523 1023 579 sub
1066 520 1441 577 benedictione
1498 518 1626 572 Dei?
1671 515 1825 582 Quod

249 646 271 679 ι
313 640 424 681 non
457 619 734 677 erubescit
765 618 1090 685 imperator,
1134 612 1403 668 erubescit
1440 624 1541 665 nec
1585 615 1823 671 senator,

249 738 271 771 ι
318 716 415 773 sed
454 722 665 770 tantum
707 709 952 772 curialis,
993 715 1099 761 etc.
1138 704 1428 774 Propterea
1471 701 1615 755 Deus
1660 697 1830 752 voluit

257 827 276 859 ι
318 815 380 863 ιιι
406 803 748 861 Theodosius
781 801 1075 870 imperator
1109 804 1294 868 ageret
1327 791 1700 866 paenitentiam
1726 804 1828 859 pu-

259 917 278 949 ι
321 899 521 954 blicam
544 896 598 949 in
619 898 909 963 conSpectu
927 888 1124 959 populi,
1150 886 1381 941 maxime
1409 884 1533 954 quia
1553 889 1832 951 peccatum

258 1007 278 1041 ι
324 986 444 1057 ejus
469 984 633 1040 celari
668 998 772 1038 non
814 980 1009 1052 potuit,
1049 985 1104 1032 ct
1137 975 1408 1032 erubescit
1445 979 1664 1028 senator
1690 969 1834 1041 quod

258 1100 279 1132 ι
324 1093 433 1134 non
456 1074 726 1131 erubescit
750 1073 1061 1141 imperator,
1093 1078 1198 1123 etc.
1234 1086 1253 1119 ι
1286 1066 1400 1122 Hoc
1424 1072 1506 1119 est
1533 1060 1676 1132 quod
1699 1074 1837 1130 prte-

255 1171 447 1227 sertim
491 1164 880 1222 erubescebant
924 1176 1097 1234 genua
1139 1159 1302 1229 ﬁgere
1340 1158 1394 1212 in
1442 1154 1670 1211 ecclesia
1712 1165 1835 1207 cum

254 1258 665 1331 penitentibus,
694 1263 750 1309 et
788 1260 950 1324 caput
985 1250 1228 1305 manibus
1274 1250 1329 1302 et
1374 1242 1855 1301 benedictionibus

262 1350 604 1408 sacerdotum
630 1360 948 1416 supponere,
980 1358 1045 1398 ac
1079 1349 1467 1410 consequenter
1492 1337 1560 1391 ab
1586 1334 1841 1391 Ecclesiae

263 1442 534 1501 sacriﬁcio
556 1448 612 1496 et
637 1439 872 1495 ﬁdelium
897 1444 1042 1492 coetu
1061 1434 1273 1504 expelli.
1304 1432 1374 1487 Ut
1398 1441 1580 1485 autem
1600 1429 1701 1483 ista
1727 1442 1842 1482 mo-

267 1534 420 1590 deste
459 1540 515 1588 et
539 1530 815 1586 humiliter
848 1526 1142 1599 perferant,
1170 1521 1455 1580 Theodosii
1502 1518 1843 1590 imperatoris

265 1624 516 1693 exemplo
558 1623 824 1677 hortatur.
870 1620 1022 1687 Quod
1065 1627 1217 1673 notat
1255 1624 1472 1671 sanctus
1514 1611 1844 1683 Augustinus

265 1714 626 1770 Theodosium
656 1713 1025 1782 paenitentiam
1056 1709 1324 1779 publicam
1369 1705 1561 1775 egisse.
1610 1702 1844 1757 maxime

1924 513 2222 580 liationcm,
2253 514 2380 583 quia
2410 529 2518 569 non
2546 522 2630 568 est
2656 513 2866 582 publica
2902 513 3252 582 poenitentia;
3285 518 3514 566 conten-

1926 605 2120 673 detque
2146 604 2489 660 Theodorum
2520 619 2625 658 non
2660 603 2830 658 solum
2869 618 2971 673 pro
2998 604 3236 672 peccatis
3262 602 3511 670 occultis,

1927 695 2022 750 sed
2057 694 2222 750 etiam
2261 708 2362 764 pro
2404 692 2632 763 publicis
2668 692 3042 762 penitentiam
3084 691 3355 762 publicam
3393 707 3512 746 mu-

1929 794 2095 841 tasse.
2125 785 2325 841 Verum
2351 783 2887 839 animadvertendum
2926 791 3031 849 est,
3077 784 3133 838 id
3176 783 3321 853 quod
3367 782 3513 837 nullo

1929 893 2171 948 unquam
2190 876 2448 931 Ecclesia:
2474 876 2694 931 decreto
2714 873 2816 928 fuit
2833 873 3154 938 stabilitum,
3178 888 3209 927 a
3231 871 3515 927 Theodoro

1931 988 2040 1029 non
2060 971 2303 1042 potuisse
2324 969 2521 1024 mutari
2544 976 2733 1024 contra
2759 981 3014 1030 canones,
3057 964 3263 1021 scilicet
3289 979 3388 1033 pro
3409 964 3518 1018 cri-

1935 1065 2171 1122 minibus
2198 1062 2425 1119 occultis
2453 1060 2722 1132 publicam
2751 1058 3145 1129 pmnitentiam.
3186 1057 3264 1111 De
3286 1056 3516 1127 publicis

1935 1172 2067 1214 vero
2118 1155 2437 1212 criminibus
2489 1152 2834 1208 considerare
2879 1158 3117 1221 oportet,
3175 1147 3516 1203 Theodorum

1938 1251 2276 1323 disciplinam
2317 1248 2485 1303 totius
2531 1244 2819 1308 Ecclesiae,
2872 1251 2982 1298 tam
3029 1239 3316 1297 Orientalis
3356 1252 3518 1308 quam

1940 1340 2322 1403 Occidentalis,
2371 1351 2706 1410 proponere;
2752 1344 2807 1389 et
2852 1348 3057 1388 morem
3107 1346 3268 1401 quem
3316 1330 3370 1384 in
3420 1344 3518 1383 sua

1940 1432 2217 1507 provincia
2239 1430 2543 1486 institutum
2572 1432 2868 1496 repererat,
2901 1430 3138 1493 spectata
3164 1420 3521 1490 plurimorum

1943 1528 2279 1588 inﬁrmitate,
2329 1522 2583 1577 maluisse
2623 1519 2855 1575 tolerare
2901 1530 3060 1586 quam
3102 1529 3225 1568 cum
3269 1509 3523 1567 seandalo

1944 1619 2176 1675 aliorum
2204 1613 2416 1669 auferre
2451 1611 2663 1682 privata
2695 1606 3036 1662 auctoritate.
3076 1602 3436 1670 Quapropter,
3457 1612 3526 1652 ne

1945 1709 2069 1780 quis
2095 1704 2382 1762 severioris
2411 1700 2705 1769 disciplinae
2739 1706 2949 1751 amator
2978 1694 3248 1763 vituperet
3276 1690 3526 1745 Theodo-

266 1807 394 1875 quia
424 1813 699 1875 peccatum
725 1801 844 1873 ejus
887 1802 1052 1858 celari
1095 1815 1201 1854 non
1230 1797 1424 1868 potuit,
1470 1794 1713 1851 criminis
1750 1808 1843 1849 oc—
1876 1770 1920 1828 Β
1947 1770 2090 1868 gum,
2119 1814 2277 1870 quem
2314 1798 2501 1851 Patres
2527 1793 2581 1847 in
2607 1790 2826 1862 synodis
2864 1787 3012 1857 pium
3040 1798 3193 1854 mque
3219 1798 3286 1837 ac
3311 1783 3529 1836 doctum

265 1895 396 1951 culti
446 1895 814 1965 paenitentiam
856 1892 1125 1963 publicam
1167 1903 1306 1944 novo
1347 1887 1490 1943 dicto
1537 1885 1843 1940 conﬁrmat.

265 1984 588 2041 Necessario
617 1985 761 2040 enim
798 1984 924 2041 hinc
947 1982 1178 2037 infertur
1217 1978 1461 2034 criminis
1494 1985 1549 2031 et
1572 1974 1766 2031 occulti
1792 1977 1846 2028 et

264 2076 467 2147 publici
495 2073 863 2146 pcenitentiam
908 2073 994 2144 agi
1037 2071 1331 2143 publicam,
1376 2069 1468 2124 sed
1495 2065 1719 2138 publici,
1755 2072 1848 2119 aut

265 2168 359 2238 qui
386 2167 551 2222 celari
578 2182 686 2222 non
714 2174 892 2237 potest
911 2165 1198 2219 maxime.»

340 2279 647 2351 Responsio.
696 2308 768 2320 —-
816 2279 952 2347 Quis
989 2286 1142 2350 putet
1192 2283 1438 2333 sanctum
1488 2272 1846 2344 Augustinum

267 2370 563 2428 dialecticae
598 2371 852 2441 peritum,
882 2370 1154 2425 adulteros
1196 2367 1467 2440 quoslibet
1502 2364 1745 2421 occultos
1782 2361 1849 2416 ad

268 2461 533 2533 agendam
559 2461 827 2531 publicam
854 2460 1227 2530 pmnitentiam
1266 2457 1564 2522 exhortari,
1610 2455 1715 2510 hoc
1745 2452 1850 2507 sci-

266 2548 399 2604 licet
423 2560 742 2619 argumento
767 2567 780 2603 :
812 2550 954 2605 Deus
976 2549 1143 2605 voluit
1166 2558 1227 2603 ut
1256 2546 1590 2604 Theodosius
1618 2544 1851 2615 impera-

270 2648 362 2694 tor
387 2648 572 2710 ageret
614 2641 985 2712 posnitentiam
1027 2640 1297 2709 publicam
1340 2638 1393 2692 in
1435 2643 1725 2704 conspectu
1754 2646 1851 2702 po-

267 2729 406 2801 puli,
434 2730 668 2785 maxime
708 2732 835 2801 quia
860 2740 1142 2801 peccatum
1170 2729 1286 2798 ejus
1314 2728 1480 2785 celari
1508 2743 1615 2782 non
1643 2723 1846 2795 potuit;

271 2834 404 2891 ergo
428 2820 567 2873 Deus
593 2820 705 2875 vult
743 2829 801 2876 ut
830 2836 947 2886 vos,
971 2835 1198 2889 quorum
1220 2827 1439 2889 peccata
1469 2824 1591 2869 sunt
1618 2814 1848 2875 occulta,

274 2909 449 2979 agatis
497 2910 867 2978 pmnitentiam
927 2909 1230 2979 publicam?
1295 2905 1545 2976 Nunquid
1605 2909 1851 2973 prompta

274 3007 425 3054 esset
449 2999 758 3054 excusatio?
785 2998 897 3053 lmo
917 2998 1058 3054 Deus
1086 3014 1191 3053 non
1218 2997 1330 3051 vult
1356 3005 1413 3050 ut
1439 3008 1660 3065 agamus
1682 2990 1853 3061 pumi-

276 3088 505 3142 tentiam
542 3087 830 3157 publicam,
861 3091 1093 3142 maxime
1129 3103 1249 3141 cum
1288 3096 1567 3155 peccatum
1609 3089 1850 3136 nostrum

274 3175 444 3231 celari
473 3176 727 3246 potuerit.
761 3174 828 3232 Ut
852 3176 1015 3247 igitur
1041 3176 1349 3230 exhortatio
1371 3172 1541 3228 sancti
1569 3168 1854 3241 Augustini

280 3265 680 3337 quodammodo
700 3266 897 3332 valeat,
925 3267 1101 3321 dicere
1130 3265 1385 3320 debemus
1412 3271 1631 3334 peccata
1668 3274 1856 3314 eorum

282 3368 425 3425 quos
452 3356 516 3409 ad
561 3357 828 3425 publicam
875 3356 1248 3427 pcenitcntiam
1286 3355 1546 3425 agendam
1591 3352 1855 3414 hortatur,

286 3448 503 3519 publica
528 3449 711 3505 fuisse.

360 3538 531 3593 Porro
559 3541 675 3595 haec
708 3541 892 3608 verba,
940 3542 1174 3596 maxime
1217 3556 1340 3596 cum
1385 3554 1490 3594 non
1532 3553 1670 3594 novo
1718 3537 1859 3592 dicto

281 3631 608 3685 conﬁrmant
639 3633 909 3702 publicam
944 3633 1317 3703 paenitentiam
1363 3631 1621 3702 agendam
1651 3645 1769 3684 esse
1795 3628 1861 3683 de

286 3722 529 3791 peccatis
568 3722 814 3789 occultis,
861 3723 955 3778 sed
1002 3731 1208 3776 tantum
1252 3722 1492 3776 indicant
1537 3720 1653 3774 ﬁeri
1704 3733 1861 3789 posse

286 3822 509 3885 propter
533 3814 790 3883 quasdam
825 3814 958 3869 alias
987 3815 1241 3878 rationes,
1269 3828 1403 3883 quas
1428 3826 1588 3880 supra
1616 3811 1864 3879 exposuit

282 3905 572 3976 Origenes;
597 3914 652 3960 et
674 3906 960 3959 maximam
983 3904 1208 3974 publica:
1229 3904 1558 3973 pcenitcntim
1575 3902 1856 3967 rationem,

284 4004 341 4051 et
369 3996 538 4051 solam
562 4011 682 4066 quae
709 3994 870 4052 fuerit
899 4012 928 4049 a
953 3995 1204 4050 Patribus
1237 3994 1463 4059 sancita,
1495 4006 1616 4047 esse
1657 3991 1862 4046 crimen

283 4088 580 4161 publicum.

354 4178 405 4235 J.
434 4180 675 4237 Morinus
712 4181 967 4237 nonnulla
1003 4181 1108 4235 alia
1139 4180 1359 4235 Patrum
1402 4178 1705 4235 testimonia
1739 4191 1864 4248 pro-

282 4274 461 4347 ponit,
503 4273 714 4343 quibus,
753 4288 823 4328 ne
851 4274 1036 4329 eadem
1080 4273 1275 4343 srepius
1310 4276 1636 4341 repetantur,
1670 4268 1865 4323 sufﬁcit

286 4367 649 4437 respondere:
680 4365 721 4420 l.
763 4364 975 4419 Nullum
1023 4364 1387 4419 testimonium
1433 4359 1683 4431 proferri,
1722 4357 1865 4427 quod

288 4466 476 4528 aperte
501 4458 690 4527 probet
721 4472 820 4527 pro
842 4455 1078 4526 peccatis
1119 4454 1343 4510 occultis
1368 4454 1662 4509 secundum
1702 4465 1865 4506 cano—
1893 4466 1940 4524 ι)

288 4564 387 4603 nes
414 4547 683 4618 publicam
726 4546 1100 4616 paenitentiam
1147 4544 1406 4616 agendam
1450 4558 1587 4598 esse.
1631 4541 1695 4596 ll.
1737 4540 1867 4607 Qua:

289 4637 483 4693 Patres
508 4638 692 4692 dicunt
726 4637 793 4691 de
819 4636 1055 4705 peccatis
1081 4634 1397 4705 capitalibus
1416 4632 1731 4703 poenitentia
1770 4645 1868 4700 pu-

290 4727 429 4783 blica
450 4726 731 4790 diluendis,
761 4726 976 4781 nonnisi
1000 4724 1066 4779 de
1093 4723 1412 4797 criminibus
1452 4722 1679 4792 publicis
1711 4720 1870 4775 intel-

293 4817 385 4888 ligi
423 4832 605 4887 posse,
654 4831 775 4872 cum
804 4816 995 4872 Patres
1033 4814 1159 4870 alibi
1199 4811 1631 4869 manifestissime
1680 4811 1869 4865 distin-

292 4916 461 4979 guant
507 4907 651 4961 inter
695 4906 921 4960 crimina
976 4905 1188 4975 publica
1234 4909 1290 4958 et
1333 4900 1564 4963 occulta,
1604 4906 1656 4953 et
1695 4898 1869 4968 paeni-

295 4998 519 5054 tentiam
550 5012 671 5066 quze
720 4997 963 5065 utrisque
1007 4995 1282 5065 competit,
1327 4990 1551 5047 occultis
1577 4989 1865 5054 occultam,

295 5089 526 5161 publicis
560 5088 847 5159 publicam.

883 5198 1112 5254 CAPUT
1149 5199 1280 5254 VIII.

298 5288 646 5373 Expiicantur
658 5290 903 5373 quaedam
926 5290 1074 5373 verba
1095 5289 1468 5373 Pcenitentialis
1489 5302 1507 5341 :
1529 5298 1685 5373 atqqu
1701 5296 1870 5371 osten-

366 5358 1185 5441 ditur.pmnitentiarn‘qulicqm,
1208 5358 1603 5441 qualemjoan.’
1628 5358 1866 5441 H‘orinus

368 5429 630 5495 describit,
658 5447 752 5500 pro
775 5430 995 5500 publicis
1036 5428 1337 5485 criminibus
1366 5430 1523 5485 etiam
1551 5428 1867 5500 gravissimis

372 5517 473 5577 non
519 5517 629 5555 esse
645 5497 906 5577 ςςψεὸίιιιε
958 5502 1335 5577 necessariam;
1384 5511 1432 5555 et
1472 5497 1633 5577 quare
1682 5497 1868 5553 Patres

368 5570 543 5634 plures
561 5570 796 5638 pubticos
819 5581 1114 5640 peccatores
1144 5570 1207 5624 ab
1235 5588 1295 5625 ea
1323 5570 1623 5625 exemerint.

375 5679 577 5750 Aliquis
622 5678 805 5739 forsan
858 5680 1072 5751 objiciet
1116 5682 1276 5737 verba
1318 5681 1730 5746 Poenitcntialis,
1778 5680 1869 5736 u':i

1946 1893 2265 1954 laudarunt;
2312 1893 2525 1957 oportet
2566 1880 2852 1938 ostendere
2886 1894 2901 1930 :
2934 1875 2975 1930 l.
3028 1872 3397 1943 paenitentiam
3430 1885 3529 1940 pu-

1945 1987 2164 2049 blicam,
2204 1980 2416 2052 qualem
2445 1977 2539 2031 lib.
2581 1990 2635 2029 tv
2663 1966 2741 2026 'de
2767 1969 2945 2032 Poen.,
2978 1982 3097 2035 cap.
3125 1966 3180 2030 7,
3205 1962 3256 2018 J.
3288 1961 3533 2052 Morinos

1947 2050 2303 2138 describit,vct
2329 2081 2491 2139 quam
2516 2064 2699 2136 plures
2740 2060 2924 2115 dicunt
2953 2058 3020 2111 ab
3049 2051 3386 2109 incunabulis
3426 2050 3533 2105 Ec-

1948 2164 2129 2220 clesiae
2171 2159 2518 2216 constitutam
2552 2168 2670 2208 esse
2712 2151 2768 2205 in
2811 2146 3185 2202 afﬂictionibus
3214 2151 3269 2197 et
3292 2154 3533 2196 macera-

1949 2253 2186 2309 tionibus
2224 2247 2468 2318 corporis
2505 2239 2810 2298 manifestis
2856 2252 2922 2293 ac
2952 2233 3239 2298 diuturnis,
3277 2246 3383 2286 non
3412 2243 3533 2284 esse

1947 2343 2167 2399 omnino
2215 2336 2578 2394 necessariam
2641 2332 2710 2387 ad
2762 2324 3136 2384 remissionem
3195 2321 3533 2393 publicorum

1947 2434 2237 2490 criminum
2273 2429 2439 2484 etiam
2477 2422 2940 2497 gravissimorum.
2981 2417 3044 2472 ll.
3073 2415 3403 2482 Quibusnam
3445 2424 3533 2465 ra-

1949 2523 2186 2579 tionibus
2225 2519 2357 2574 moti
2385 2524 2511 2573 sunt
2543 2514 2748 2575 Patres,
2773 2518 2835 2565 ut
2871 2507 3067 2563 multos
3094 2511 3406 2576 peccatores
3430 2515 3533 2571 pu-

1949 2614 2120 2668 blicos
2149 2611 2218 2664 ab
2242 2609 2328 2662 illa
2351 2603 2667 2677 pmnitcntia
2693 2601 3010 2655 eximerent.

2020 2700 2263 2754 Justinus
2291 2698 2344 2750 in
2372 2691 2649 2763 Apologia,
2684 2688 2838 2758 juxta
2860 2685 3150 2740 Eusebium
3188 2681 3385 2753 prima,
3412 2694 3535 2749 quae

1953 2790 2158 2845 idcirco
2201 2784 2338 2839 male
2385 2780 2699 2836 inscribitur
2747 2775 2980 2831 secunda
3029 2773 3083 2827 in
3126 2770 3320 2827 editis:
3354 2789 3373 2820 ι
3401 2769 3534 2823 Pro-

1950 2882 2113 2952 pheta
2139 2894 2169 2931 a
2194 2890 2425 2947 persona
2453 2871 2630 2925 Patris
2658 2868 2789 2924 dicit
2824 2884 2836 2920 :
2885 2865 2954 2919 Et
2998 2864 3139 2919 diem
3171 2875 3421 2929 magnum
3456 2856 3538 2926 je-

1944 2949 2106 3039 junii,
2146 2976 2201 3021 et
2239 2966 2407 3019 otium
2449 2977 2555 3015 non
2586 2958 2881 3020 sustinebo,
2918 2967 3092 3024 neque
3130 2967 3251 3007 cum
3277 2949 3538 3005 veneritis

1953 3069 2013 3114 ut
2031 3054 2334 3126 appareatis
2363 3052 2513 3115 mihi,
2542 3049 2827 3104 exaudiam
2852 3059 2967 3099 vos.
2998 3043 3174 3096 Plena;
3200 3047 3325 3093 sunt
3342 3054 3536 3093 manus

1957 3158 2149 3206 vestra:
2177 3144 2456 3212 sanguine.
2488 3142 2554 3195 Et
2581 3154 2704 3194 cum
2734 3136 2938 3192 offertis
2966 3133 3199 3188 similam
3236 3139 3330 3184 aut
3358 3130 3542 3185 incen-

1955 3256 2097 3305 sum,
2126 3235 2451 3293 abominatio
2481 3233 2610 3287 mihi
2643 3240 2745 3287 est.
2775 3229 3000 3298 Adipem
3030 3239 3289 3296 agnorum
3326 3232 3380 3277 et
3418 3238 3540 3276 san-

1956 3332 2173 3404 guinem
2199 3328 2474 3383 hircorum
2502 3321 2646 3376 nolo.
2681 3320 2811 3387 Quis
2844 3317 2988 3370 enim
3024 3312 3305 3384 requisivit
3331 3312 3446 3366 haec
3471 3325 3540 3365 ex

1904 3460 1922 3477 .
1957 3399 2207 3476 inanibus
2250 3413 2477 3471 vestris?
2506 3410 2705 3465 Verum
2746 3406 2977 3463 dissolve
3006 3418 3221 3459 onmem
3249 3399 3543 3471 colligatio-

1958 3526 2082 3567 nem
2132 3505 2462 3575 iniquitatis;
2521 3501 2796 3568 disrumpe
2850 3493 3133 3551 fasciculos
3181 3491 3539 3546 violentorum

1957 3608 2364 3662 contractuum;
2388 3608 2582 3665 vagum
2606 3599 2658 3645 et
2680 3588 2882 3644 nudum
2905 3596 3022 3657 tege
3036 3623 3053 3651 ,
3079 3582 3263 3653 frange
3282 3579 3542 3636 esurienti

1957 3708 2153 3767 panem
2191 3700 2359 3745 tuum.
2406 3687 2476 3741 Et
2516 3683 2695 3755 qualia
2723 3681 2938 3751 quidem
2966 3678 3075 3733 sint
3107 3691 3227 3746 quce
3266 3688 3365 3745 per
3390 3680 3544 3726 vates

1959 3764 2086 3842 suos
2122 3799 2155 3837 a
2202 3783 2312 3837 Deo
2348 3784 2616 3849 praecepta
2661 3774 2786 3837 sint,
2825 3772 2912 3826 his
2951 3767 3213 3837 exemplis
3248 3764 3546 3834 intelligere

1959 3875 2205 3946 potestis.
2256 3891 2275 3922 ι
2320 3900 2392 3911 ——
2434 3868 2495 3923 ln
2552 3865 2763 3935 dialogo
2805 3877 2930 3917 cum
2982 3859 3268 3930 Tryphone
3311 3853 3539 3910 Judazo:

1966 3944 1985 4017 ὲ
2022 3962 2162 4031 Quid
2191 3960 2322 4016 mihi
2349 3957 2631 4029 jejunatis,
2655 3964 2717 4009 ut
2743 3952 2903 4008 hodie
2945 3949 3195 4003 audiatur
3220 3947 3275 4000 in
3308 3944 3546 3999 clamore

1960 4070 2067 4110 vox
2108 4051 2323 4108 vestra?
2369 4047 2637 4117 Jejunium
2678 4045 2779 4098 hoc
2806 4055 2905 4111 ego
2940 4053 3047 4093 non
3076 4036 3234 4106 elegi,
3276 4041 3337 4088 ut
3373 4034 3427 4086 in
3457 4032 3545 4086 die

1962 4143 2208 4201 humiliet
2232 4140 2315 4194 vir
2344 4139 2575 4193 animam
2599 4147 2770 4188 suam.
2794 4129 2971 4198 Atque
2997 4127 3043 4181 si
3069 4124 3254 4180 ﬂectas
3284 4131 3543 4191 tanquam

1963 4232 2221 4289 circulum
2249 4228 2445 4283 collum
2477 4237 2654 4286 suum,
2698 4228 2753 4274 et
2779 4230 2995 4273 saccum
3034 4215 3379 4281 cineremque
3418 4209 3546 4265 sub-

1963 4332 2198 4384 sternas,
2241 4333 2311 4373 ne
2354 4317 2401 4371 si
2447 4313 2665 4384 quidem
2714 4306 2978 4363 vocabitis
3016 4303 3281 4374 jejunium
3311 4309 3368 4357 et
3398 4300 3543 4356 diem

1966 4420 2248 4483 acceptum
2298 4407 2547 4462 Domino.
2588 4403 2706 4458 Non
2754 4400 2909 4456 istius
2944 4396 3090 4453 modi
3133 4394 3399 4465 jejunium
3445 4407 3547 4465 ego

1966 4481 2129 4571 elegi,
2158 4498 2286 4554 dicit
2322 4495 2583 4551 Dominus
2623 4510 2637 4547 :
2681 4489 2774 4547 sed
2816 4488 2962 4544 solve
3001 4499 3216 4542 omnem
3248 4481 3543 4553 colligatio-

1968 4608 2092 4647 nem
2117 4587 2438 4660 iniquitatis,
2471 4583 2619 4640 solve
2650 4579 3009 4652 obligationes
3031 4574 3390 4631 violentorum
3417 4587 3548 4627 con-

1970 4689 2261 4746 tractuum,
2296 4677 2482 4733 emitte
2504 4673 2811 4729 confractos
2836 4671 2893 4725 in
2919 4667 3237 4724 remissione
3258 4674 3313 4720 et
3329 4677 3548 4720 omnem

1969 4770 2331 4843 syngrapham
2356 4766 2596 4836 iniquam
2633 4763 2911 4832 discerpe;
2945 4758 3135 4830 frange
3160 4755 3424 4813 esurienti
3449 4769 3549 4825 pa-

1969 4878 2095 4919 nem
2127 4870 2301 4927 tuum,
2328 4866 2385 4913 et
2409 4871 2608 4927 egenos
2644 4869 2809 4924 vagos
2846 4854 3009 4909 induc
3038 4852 3093 4906 in
3118 4850 3337 4906 domum
3373 4856 3545 4903 tuam.

1972 4953 2109 5008 Cum
2143 4950 2345 5005 videris
2370 4948 2593 5013 nudum,
2619 4946 2771 5017 operi
2806 4960 2929 5000 eum
2954 4963 2967 4999 :
2997 4952 3052 5000 et
3078 4959 3110 5000 e
3131 4942 3436 5000 vernaculis
3462 4956 3550 4997 se-

1973 5045 2137 5099 minis
2164 5043 2263 5108 tui,
2295 5057 2364 5097 ne
2391 5055 2717 5112 quemquam
2760 5040 3089 5112 despexeris.
3131 5039 3281 5095 Tunc
3306 5043 3551 5108 erumpet

1973 5133 2297 5189 matutinum
2325 5131 2505 5184 lumen
2537 5138 2721 5196 tuum;
2753 5138 2808 5184 et
2836 5130 3096 5186 sanitates
3132 5128 3431 5197 peccatoris
3474 5126 3551 5181 ci-

1974 5225 2082 5278 tius
2121 5222 2364 5278 orientur
2393 5237 2407 5275 :
2437 5229 2492 5275 et
2512 5219 2723 5289 przeibit
2747 5228 2871 5275 ante
2900 5230 2952 5274 te
2970 5217 3180 5288 justitia
3207 5224 3317 5280 tua,
3356 5224 3410 5271 et
3435 5214 3554 5285 glo-

1974 5314 2055 5368 ria
2105 5312 2202 5366 Dei
2250 5309 2635 5380 complectetur
2685 5318 2758 5364 te.
2802 5310 2952 5366 Tunc
2987 5306 3264 5370 clamabis,
3309 5312 3364 5359 et
3407 5305 3550 5360 Dens

1973 5404 2225 5461 exaudiet
2248 5411 2301 5458 te
2330 5421 2343 5456 :
2375 5402 2550 5459 adhuc
2580 5410 2631 5456 te
2658 5403 2925 5471 loquente,
2958 5398 3134 5454 dicet:
3166 5398 3305 5451 Ecce
3335 5397 3547 5452 adsum.

1976 5494 2034 5550 Si
2060 5493 2348 5549 abstuleris
2373 5508 2403 5547 a
2431 5501 2482 5547 te
2506 5491 2921 5562 colligationem,
2956 5495 3009 5543 et
3038 5501 3294 5541 manuum
3324 5486 3549 5556 compli-

1977 5583 2264 5649 cationem,
2294 5589 2349 5637 et
2377 5582 2599 5637 verbum
2632 5579 2944 5643 murmuris,
2971 5585 3025 5631 et
3053 5576 3265 5631 dederis
3295 5576 3552 5631 esurienti

1978 5689 2170 5746 panem
2196 5682 2347 5728 tuum
2374 5688 2437 5729 ex
2466 5673 2667 5737 animo,
2718 5677 2769 5726 et
2819 5670 3050 5724 animam
3090 5667 3423 5723 humiliatam
3454 5670 3556 5723 im-
