3968 6180
479 255 608 311 l2“

1040 256 1389 313 TIIEODOBI
1423 258 1745 314 ARCIIiEP.
1786 258 2135 314 CANTUAR.
2180 257 2531 313 DOCTBINA
2568 258 2655 313 DE
2696 258 3149 315 PCENITEN'I‘IA

3618 265 3751 320 i219.

475 368 708 439 pleveris
742 385 756 419 :
790 378 915 422 tunc
943 369 1220 422 exorietur
1251 370 1302 423 in
1332 373 1568 426 tenebris
1596 372 1774 425 lumen
1814 382 1983 433 tuum,
2008 380 2061 424 et
2094 377 2137 431 Α
2167 385 2290 423 cum
2332 368 2502 424 fratre
2543 386 2660 424 suo.
2707 371 2936 425 Viluam
2976 380 3030 426 ct
3068 372 3327 447 pupillum
3349 415 3362 438 ,
3405 376 3752 447 peregrinum

478 462 714 514 tenebra:
742 471 845 513 tuae
868 468 926 513 ut
949 461 1221 515 meridies.
1258 482 1276 514 ι
1311 462 1540 517 Sanctus
1556 462 1803 516 Justinus
1825 462 2064 531 loquitur

476 551 544 603 de
566 551 1021 620 pmuitcntiaquaz
1046 550 1113 604 ad
1142 553 1513 608 remissionem
1541 555 1982 625 gravissimorum
2009 562 2065 608 et

475 640 810 711 publicorum
843 643 1130 696 criminum
1162 645 1378 713 penitus
1404 645 1600 699 suﬁicit
1636 663 1649 698 :
1687 656 1926 700 attamen
1957 662 2064 700 non

476 731 566 785 illa
590 740 673 785 est
704 733 1020 801 pmnitcntia
1046 734 1257 801 qualem
1299 734 1349 789 J.
1400 735 1638 790 Marinus
1676 735 1959 800 describit,
2010 745 2064 790 et

475 838 635 891 quam
660 823 841 891 plures
868 824 969 878 viri
1002 824 1146 878 docti
1189 826 1444 880 dixerunt
1470 828 1537 881 ab
1568 827 1906 881 incunabulis
1958 827 2061 880 Ec-

474 912 654 965 clesiae
706 913 1053 967 constitutam
1112 929 1233 967 esse
1284 914 1339 968 in
1394 914 1774 970 aﬂlictionibus
1817 915 2064 984 corporis

473 1002 775 1058 manifestis
802 1020 865 1058 ac
885 1003 1174 1059 diuturnis.
1199 1004 1386 1073 Itaque
1406 1015 1625 1060 sanctus
1652 1003 1897 1060 Justinus
1922 1006 2063 1061 hanc

471 1094 849 1163 paenitentiam
890 1095 957 1148 ad
987 1094 1360 1149 remissionem
1398 1094 1839 1164 gravissimorum
1887 1102 1940 1149 et
1964 1111 2064 1164 pu-

473 1184 739 1239 blicorum
772 1186 1061 1240 criminum
1103 1200 1207 1240 non
1248 1185 1491 1240 absolute
1533 1186 1894 1240 necessariam
1940 1201 2061 1240 esse

470 1280 750 1351 judicavit.

545 1373 878 1443 Theophilus
929 1371 1299 1426 Antiocltenus
1349 1372 1416 1425 ad
1454 1370 1785 1437 Autolicum,
1836 1371 1930 1426 lib.
1963 1390 2054 1428 tn:

478 1484 496 1517 ι
532 1464 801 1520 Caeterum
838 1463 1003 1517 Isaias
1028 1462 1292 1532 propheta
1331 1463 1690 1516 communiter
1715 1478 1926 1527 onmes,
1958 1464 2061 1519 im-

473 1556 664 1627 primis
691 1563 870 1609 tamen
902 1551 1138 1618 Iudaeos,
1166 1553 1472 1621 compellat,
1502 1560 1560 1606 ut
1586 1553 1652 1607 ad
1681 1553 2058 1624 pmnitentiam

473 1645 794 1711 convolcnt,
831 1646 1054 1699 dicens:
1084 1643 1319 1709 Quterite
1347 1643 1666 1709 Dominum,
1711 1647 1926 1715 quando
1968 1646 2059 1703 ille

2163 466 2219 512 et
2248 474 2535 528 pauperem
2576 460 2740 514 nolite
2782 461 3099 515 calumniari
3142 481 3153 514 :
3196 479 3369 533 neque
3403 465 3657 536 cogitetis
3701 468 3751 522 iu

2162 553 2327 606 corde
2354 559 2536 606 vestro
2560 553 2931 621 unusquisque
2956 554 3154 607 malum
3181 553 3363 609 fratris
3400 557 3504 610 sui.
3549 578 3567 608 ι
3614 556 3757 611 San-

2162 650 2284 697 ctus
2310 642 2644 713 Theophilus
2688 643 2932 713 pluribus
2969 644 3374 714 Scripturarum
3425 649 3757 705 testimoniis

2162 740 2216 784 ct
2265 732 2584 799 pitecipuis,
2638 747 2821 785 veram
2871 732 3133 787 describit
3179 735 3589 805 paenitentiam,
3633 755 3755 808 qua:

2163 820 2230 874 ad
2260 820 2632 874 remissionem
2656 820 2994 890 publicorum
3023 830 3075 876 ct
3092 823 3535 894 gravissimorum
3564 829 3752 883 crimi—

2163 925 2291 962 num
2321 909 2544 965 omnino
2578 909 2812 965 suﬂicit:
2845 927 3077 981 cumque
3119 930 3226 968 non
3265 930 3329 969 ea
3373 915 3441 968 sit
3482 918 3752 986 paeniten-

2165 1000 2240 1054 tia
2279 1015 2441 1069 quam
2484 1001 2668 1070 plures
2703 1002 2957 1072 dixerunt
2996 1003 3064 1058 ab
3111 1003 3450 1059 incunabulis
3494 1004 3763 1062 Ecclesize'

2161 1090 2511 1146 constitutam
2545 1107 2667 1146 esse
2698 1093 2751 1147 in
2787 1092 3168 1151 afﬂictionibus
3204 1105 3258 1149 et
3296 1099 3751 1153 maccrationibus

2160 1184 2402 1254 corporis
2451 1184 2755 1240 manifestis
2807 1200 2870 1240 ac
2911 1184 3217 1252 diuturnis,
3247 1198 3459 1243 certum
3503 1197 3588 1243 est
3631 1206 3753 1243 san—

2160 1282 2307 1329 ctum
2336 1276 2729 1346 Theophilum,
2782 1277 2850 1331 ad
2892 1279 3266 1334 remissionem
3311 1281 3655 1350 publicorum
3700 1292 3755 1335 et

2161 1366 2605 1436 gravissimorum
2654 1368 2944 1422 criminum
2973 1385 3080 1425 non
3111 1371 3354 1426 absolute
3387 1375 3748 1428 necessariam

2156 1458 2431 1528 judicasse
2457 1462 2600 1516 hanc
2627 1462 3023 1532 pceuitcntiam.

2232 1551 2489 1620 Irenteus,
2519 1554 2610 1608 lib.
2638 1570 2691 1608 tv
2719 1555 2978 1609 adversus
3007 1555 3264 1621 luereses,
3306 1572 3425 1626 cap.
3451 1557 3524 1610 3‘2
3549 1577 3561 1610 ε
3595 1578 3612 1609 ‹
3646 1556 3748 1612 Sed

2164 1642 2432 1697 miserans
2468 1659 2655 1699 eorum
2695 1644 2949 1709 excitati,
2982 1653 3037 1701 et
3076 1661 3265 1700 verum
3305 1648 3632 1703 sacriﬁcium
3671 1650 3748 1704 in«

471 1738 698 1793 inveniri
724 1745 892 1807 potest
915 1748 934 1788 :
956 1736 1193 1789 invocate
1222 1752 1362 1797 eum,
1399 1736 1618 1804 quando
1649 1736 1737 1791 ille
1764 1755 1924 1808 prope
1960 1748 2058 1792 est.
2092 1730 2140 1790 Β
2165 1733 2420 1801 sinuans,
2464 1735 2609 1804 quod
2650 1734 2944 1791 offerentes
2989 1737 3426 1807 prepitiabuntur
3466 1740 3656 1802 Deum,
3689 1748 3745 1792 ut

471 1827 811 1897 Derelinquat
839 1826 1032 1897 impius
1058 1826 1195 1879 viam
1224 1842 1396 1889 suam,
1427 1834 1475 1878 et
1508 1826 1585 1879 vir
1613 1827 1823 1897 iniquus
1854 1828 2057 1897 cogita-

470 1920 638 1974 tiones
667 1935 812 1982 suas,
844 1926 891 1972 et
920 1926 1210 1972 revertatur
1232 1916 1303 1970 ad
1326 1916 1627 1982 Dominum,
1655 1928 1702 1971 et
1732 1918 2059 1973 miserebitur

469 2009 617 2081 ejus,
650 2018 699 2064 et
734 2009 803 2063 ad
848 2009 1013 2063 Deum
1049 2017 1287 2062 nostrum
1309 2048 1323 2073 ,
1374 2008 1629 2077 quoniam
1676 2010 1971 2066 abundabit
2002 2021 2060 2066 ut

471 2102 733 2158 remittat.
765 2100 915 2155 Alius
940 2107 1203 2170 praetcrea
1234 2100 1519 2168 propheta,
1545 2099 1817 2167 Ezechiel,
1843 2101 2052 2172 inquit:

470 2192 625 2260 Quod
663 2192 708 2246 si
739 2191 937 2260 impius
972 2205 1196 2245 aversus
1238 2188 1403 2243 fuerit
1439 2189 1509 2244 ab
1535 2189 1788 2245 omnibus
1816 2191 2059 2260 peccatis

470 2285 584 2340 suis
614 2298 733 2354 qua:
776 2281 924 2346 fecit,
973 2289 1030 2336 et
1071 2280 1391 2336 custodierit
1432 2281 1616 2336 omnia
1659 2289 1864 2337 statuta
1911 2299 2054 2351 mea,

470 2377 767 2446 feceritque
801 2375 1069 2446 judicium
1116 2382 1171 2428 et
1204 2372 1506 2443 justitiam,
1553 2375 1783 2430 vivendo
1813 2376 1959 2430 vivet
2001 2384 2058 2433 et

473 2483 581 2522 non
626 2467 910 2523 morietur.
973 2466 1175 2522 Omnes
1224 2465 1537 2535 iniquitates
1583 2467 1701 2536 ejus
1744 2483 1882 2535 quas
1930 2467 2059 2525 fecit

472 2573 577 2617 non
619 2558 835 2611 venient
874 2557 928 2610 in
972 2556 1404 2610 recordationem
1441 2555 1580 2624 ejus,
1622 2558 1717 2612 sed
1757 2558 1813 2612 in
1845 2559 2058 2629 justitia

468 2663 567 2705 sua
606 2666 769 2719 quam
805 2648 964 2714 fecit,
997 2649 1162 2703 vivet.
1209 2648 1463 2718 Nunquid
1507 2650 1758 2706 desidero
1799 2660 1893 2706 aut
1936 2652 2058 2706 volo

470 2747 699 2793 mortem
736 2737 909 2807 impii,
950 2738 1081 2792 dicit
1118 2738 1376 2794 Dominus
1411 2740 1589 2794 Deus?
1630 2757 1697 2795 an
1738 2757 1846 2796 non
1885 2744 2058 2813 magis

476 2836 538 2882 ut
571 2835 851 2881 convertat
887 2841 946 2882 se
983 2841 1014 2880 a
1040 2827 1147 2882 viis
1189 2827 1301 2882 suis
1340 2836 1395 2884 et
1429 2830 1608 2883 vivat?
1645 2830 1817 2886 Isaias
1861 2831 2058 2886 iterum

471 2917 643 2986 inquit
698 2915 1079 2987 pmnitcntiam
1132 2918 1459 2973 inculcans:
1513 2919 1908 2975 Convertimini
1963 2922 2057 2992 qui

471 3008 793 3077 profundum
840 3009 1123 3065 consilium
1169 3012 1315 3067 initis
1360 3019 1415 3068 et
1460 3013 1730 3083 iniquum,
1782 3023 1843 3069 ut
1882 3015 2058 3070 salve-

2164 1825 2233 1879 ab
2263 1840 2330 1880 eo
2370 1826 2537 1879 vitam
2584 1825 2904 1897 percipiant.
2954 1826 3419 1893 Quemadmodum
3470 1829 3600 1884 alibi
3642 1830 3745 1883 ait:

2164 1914 2503 1970 Sacriﬁcium
2527 1914 2637 1971 Deo
2671 1931 2767 1970 cor
2802 1915 3259 1983 contribulatum;
3305 1917 3440 1973 odor
3466 1918 3749 1974 suavitatis

2162 2012 2274 2067 Deo
2309 2024 2404 2064 cor
2436 2007 2746 2063 clariﬁcans
2774 2024 2900 2062 cum
2938 2008 3030 2077 qui
3060 2008 3363 2079 plasmavit,
3402 2020 3508 2066 etc.
3558 2010 3627 2065 Et
3647 2011 3748 2066 Za—

2160 2100 2379 2158 charias
2425 2108 2607 2154 autem
2658 2099 2713 2153 in
2760 2098 3041 2154 duodecim
3090 2100 3388 2170 prophetis,
3439 2101 3751 2172 signiﬁcans

2159 2193 2240 2251 eis
2273 2190 2607 2245 voluntatem
2637 2187 2754 2254 Dei,
2782 2189 2859 2243 ait
2888 2208 2901 2242 :
2941 2188 3068 2243 Haec
3109 2189 3238 2244 dicit
3267 2191 3531 2246 Dominus
3577 2193 3749 2246 omni-

2158 2292 2372 2355 potens.
2390 2278 2662 2336 Judicium
2677 2278 2883 2349 justum
2906 2279 3168 2349 iudicate,
3186 2281 3444 2352 pietatem
3468 2291 3523 2336 et
3541 2284 3750 2338 miseri.

2160 2370 2403 2426 cordiam
2443 2368 2607 2424 facile
2652 2369 3024 2439 unusquisque
3065 2368 3133 2423 ad
3167 2368 3390 2425 fratrem
3435 2388 3619 2426 suum.
3666 2371 3748 2427 Vi-

2159 2461 2321 2515 duam
2347 2469 2401 2515 et
2428 2461 2732 2530 orphanum
2757 2468 2811 2515 et
2833 2448 3166 2532 proseljtum
3189 2469 3242 2516 et
3263 2476 3560 2531 pauperem
3586 2462 3749 2519 nolite

2159 2549 2490 2621 opprimere,
2527 2556 2583 2604 et
2615 2550 2985 2620 unusquisque
3021 2550 3281 2604 malitiam
3310 2550 3501 2607 fratris
3526 2569 3610 2607 sui
3642 2569 3743 2607 non

2161 2640 2421 2711 recogitet
2468 2639 2522 2693 in
2569 2640 2734 2694 corde
2782 2654 2902 2705 suo,
2961 2648 3017 2694 et
3055 2638 3388 2707 iurationem
3434 2641 3633 2696 falsam
3682 2658 3746 2697 ne

2162 2731 2481 2787 dilexeritis.
2513 2730 2781 2798 Quoniam
2816 2732 2931 2787 haec
2975 2734 3156 2787 omnia
3186 2734 3293 2795 odi,
3328 2734 3462 2789 dicit
3492 2737 3748 2791 Dominus

2161 2823 2522 2893 omnipotens.
2568 2822 2634 2877 Et
2679 2822 2851 2876 David
2906 2831 3087 2877 autem
3138 2825 3431 2878 similiter:
3468 2825 3601 2892 Quis
3644 2836 3742 2889 est,

2161 2914 2366 2985 inquit,
2416 2915 2579 2969 homo
2618 2915 2710 2985 qui
2744 2915 2857 2969 vult
2900 2915 3097 2979 vitam,
3135 2924 3189 2970 et
3233 2925 3381 2970 amat
3421 2917 3604 2973 videre
3635 2920 3747 2972 dies

2160 3004 2365 3060 bonos?
2403 3004 2605 3059 Cohibe
2652 3004 2889 3076 linguam
2939 3013 3085 3059 tuam
3133 3023 3163 3060 a
3193 3007 3353 3072 malo,
3390 3015 3446 3061 et
3480 3007 3621 3063 labia
3658 3017 3745 3063 tua

470 3100 621 3156 mini,
656 3099 919 3157 Similiter
940 3098 1204 3157 Ieremias
1227 3118 1241 3156 ε
1264 3102 1653 3159 Convenimini
1679 3106 1746 3160 ad
1769 3106 2057 3162 Dominum
2084 3097 2129 3161 C
2160 3110 2229 3150 ne
2265 3096 2551 3166 loquantur
2576 3096 2775 3151 dolum.
2818 3095 3038 3151 Declina
3069 3115 3099 3152 a
3129 3099 3269 3154 H1310
3299 3108 3354 3154 Cl
3386 3098 3475 3154 fac
3512 3101 3742 3158 bonum:

467 3195 640 3248 Deum
670 3200 931 3258 vestrum,
962 3195 1416 3263 quemadmodum
1445 3196 1785 3254 vindemians
1820 3198 1890 3253 ad
1928 3216 2053 3255 car-

470 3283 684 3349 tallum,
731 3292 786 3339 et
835 3284 1267 3342 misericordiam
1318 3289 1748 3358 consequemini.
1815 3289 2056 3346 Plurima

471 3383 596 3431 sunt
642 3382 699 3430 et
743 3391 1031 3431 numerum
1084 3375 1199 3432 fere
1245 3394 1461 3434 omnem
1509 3380 1798 3447 excedunt,
1842 3397 1962 3451 qua:
2000 3382 2083 3436 in.

471 3461 755 3534 Scriptura
793 3480 950 3522 sacra
994 3468 1060 3521 de
1084 3469 1404 3538 poenitentia
1450 3471 1657 3541 agenda
1702 3473 2057 3542 comprehen-

470 3555 690 3620 duntur,
736 3564 845 3611 etc.
912 3557 1207 3628 Utriusque
1251 3559 1582 3616 Testamenti
1633 3564 1869 3618 ministri
1948 3581 2057 3620 uno

470 3647 770 3716 eodemque
808 3646 1014 3717 Spiritu
1056 3650 1305 3721 inspirati
1354 3653 1519 3707 locuti
1564 3662 1710 3708 sunt.
1769 3655 1936 3712 Isaias
1976 3658 2056 3712 sic

470 3736 669 3791 clamat
706 3750 721 3789 :
754 3735 979 3792 Auferte
1027 3740 1291 3793 malitiam
1338 3751 1630 3798 conatuum
1675 3754 1979 3802 vestrorum
2023 3764 2055 3802 a

467 3839 761 3900 conspectu
799 3831 1080 3887 oculorum
1121 3848 1389 3901 meorum,
1432 3846 1641 3892 cessate
1705 3838 2052 3907 malefacerc,

470 3923 660 3979 discite
702 3922 1026 3979 benefacere
1053 3964 1069 3991 ,
1110 3926 1339 3994 quaerite
1378 3926 1679 3997 judicium,
1722 3929 1926 3985 salvate
1959 3946 2057 4001 op-

468 4029 735 4087 pressum,
774 4015 918 4087 agite
962 4015 1016 4069 in
1043 4015 1250 4086 judicio
1294 4033 1513 4072 causam
1553 4021 1739 4090 pupilli
1777 4029 1831 4076 et
1859 4023 2050 4078 viduae.

467 4104 613 4160 Idem
644 4103 773 4161 alibi
799 4104 962 4161 dicit:
989 4106 1233 4162 Dissolve
1266 4108 1460 4179 impias
1488 4110 1881 4179 culligationes,
1909 4114 2055 4170 solve

469 4193 755 4251 fasciculos
791 4211 1070 4262 onerosos,
1125 4197 1339 4254 dimitte
1387 4199 1694 4259 confractos
1740 4200 1962 4270 liberos,
2000 4216 2056 4262 et

467 4294 531 4349 ut
553 4284 878 4357 dirumpatis
904 4304 1064 4343 omne
1096 4304 1252 4345 onus.
1284 4289 1535 4362 Nunquid
1563 4301 1623 4347 ut
1643 4295 1899 4366 partiaris
1926 4311 2052 4352 esu-

470 4377 629 4432 rienti
658 4394 852 4448 panem
886 4387 1055 4442 tuum,
1086 4390 1141 4435 et
1169 4397 1436 4453 pauperes
1465 4400 1630 4457 vagos
1658 4388 1970 4447 introdueas
1996 4393 2050 4447 in

469 4468 725 4523 domum?
762 4468 819 4523 Si
856 4470 1055 4525 videris
1093 4473 1318 4538 nudum,
1350 4476 1563 4543 operics
1592 4491 1740 4544 cum,
1770 4488 1827 4535 et
1864 4498 1894 4536 a
1925 4494 2050 4553 pro—

469 4560 667 4630 pinquo
694 4569 785 4617 tuo
814 4571 866 4617 te
893 4578 997 4617 non
1029 4563 1347 4621 abscondes.
1377 4566 1529 4624 Tunc
1556 4570 1865 4640 proferetur
1891 4579 2047 4646 quasi

471 4666 667 4705 aurora
714 4651 809 4706 lux
855 4659 980 4718 tua,
1029 4660 1085 4708 ct
1128 4653 1332 4711 sanitas
1379 4663 1469 4711 tua
1513 4659 1773 4716 velociter
1817 4675 2044 4732 crescet,

470 4746 522 4793 et
551 4742 651 4797 ibit
680 4750 805 4798 ante
834 4752 886 4799 te
910 4744 1122 4814 justitia
1151 4758 1262 4802 tua.
1309 4747 1405 4803 IIis
1434 4750 1755 4821 astipulatur
1780 4752 2045 4814 Jcremias

471 4831 654 4887 dicens
684 4848 699 4886 :
731 4832 882 4889 State
914 4833 1067 4904 juxta
1098 4838 1237 4904 vias,
1267 4844 1323 4892 et
1353 4838 1774 4911 circumspicito,
1808 4844 2044 4903 interro-

468 4931 593 4989 gate
627 4924 693 4978 de
737 4926 945 4980 semitis
977 4928 1233 4998 antiquis,
1270 4936 1324 4984 et
1352 4945 1471 4998 qua:
1514 4932 1599 4986 via
1642 4934 1835 4990 melior
1863 4936 2045 5007 fuerit,

467 5014 524 5067 in
546 5028 611 5068 ea
639 5013 911 5070 ambulate
937 5033 947 5069 :
975 5023 1033 5070 ut
1059 5016 1346 5075 inveniatis
1375 5021 1614 5089 requiem
1639 5039 1740 5094 pro
1765 5027 2049 5086 animabus

472 5103 663 5160 vestris
692 5123 705 5159 :
730 5102 995 5174 judicium
1017 5106 1225 5178 justum
1248 5110 1521 5181 iudicate;
1564 5114 1691 5183 quia
1722 5114 1778 5168 in
1798 5116 1886 5173 his
1914 5133 2045 5174 con-

466 5196 609 5253 sistit
652 5196 906 5254 voluntas
951 5198 1166 5256 Domini
1211 5201 1308 5257 Dei
1350 5204 1539 5259 vestri.
1588 5205 1727 5262 Huic
1776 5212 2049 5267 consentit

466 5289 673 5355 Moses,
729 5291 821 5360 qui
862 5292 979 5348 ait:
1021 5291 1299 5349 Custodite
1330 5295 1628 5365 judicium,
1668 5306 1724 5353 et
1760 5303 2046 5371 appropin-

464 5387 629 5450 quate
672 5380 740 5434 ad
784 5381 1069 5453 Dominum
1114 5383 1283 5448 Deum
1333 5392 1607 5452 vestrum,
1659 5389 1753 5458 qui
1809 5392 2047 5449 ﬁrmavit

464 5472 665 5528 caelum
709 5480 765 5528 et
806 5476 1047 5531 condidit
1093 5485 1314 5531 terram.
1370 5477 1453 5532 Ab
1510 5479 1594 5534 his
1640 5496 1746 5535 non
1795 5483 2043 5541 dissentit

466 5561 778 5628 Zacharias,
827 5565 1031 5620 dicens.
1081 5565 1329 5621 Judicatc
1367 5565 1629 5634 judicium
1678 5571 1936 5637 veritatis,
1988 5584 2043 5631 et

469 5649 625 5704 facite
678 5652 928 5718 pietatem
986 5665 1147 5724 atque
1197 5656 1623 5712 miscricordiam
1675 5667 2038 5737 unusquisque

2158 3186 2375 3255 inquire
2416 3202 2625 3256 pacem,
2669 3195 2723 3242 et
2766 3203 2992 3256 sequere
3033 3205 3177 3242 eam.
3216 3211 3236 3242 ι
3271 3188 3407 3244 Aliis
3436 3189 3743 3260 Scriptura-

2157 3294 2279 3333 rum
2328 3279 2653 3334 testimoniis
2706 3288 2925 3335 sanctus
2979 3280 3215 3336 Irenreus
3265 3282 3523 3336 describit
3571 3283 3743 3353 perfe-

2156 3374 2301 3423 ctam
2342 3383 2439 3438 pro
2478 3368 2798 3425 criminibus
2834 3370 2949 3426 sive
2984 3371 3213 3441 publicis
3255 3373 3368 3427 sive
3406 3374 3742 3444 gravissimis

2155 3459 2565 3528 pmnitentiam,
2607 3475 2727 3528 qua:
2768 3469 2945 3516 tamen
2982 3477 3089 3516 non
3126 3464 3376 3519 consistit
3414 3465 3467 3519 in
3502 3466 3740 3522 afﬂictio-

2156 3548 2316 3604 nibus
2345 3556 2400 3603 et
2438 3549 2896 3604 maccrationibus
2925 3552 3168 3623 corporis
3196 3553 3501 3609 manifestis
3530 3572 3594 3611 ac
3628 3557 3741 3612 diu-

2159 3642 2355 3696 turnis.

2226 3753 2478 3809 Clemens
2502 3755 2900 3813 Alexandrinus
2940 3758 2997 3811 in
3038 3758 3179 3814 libro
3217 3774 3378 3829 quem
3430 3762 3726 3836 inscripsit:

2158 3846 2414 3911 Quisnam
2442 3833 2591 3902 dives.
2621 3847 2847 3903 salutent
2875 3850 3119 3921 consequi
3146 3852 3333 3921 possit,
3363 3855 3728 3923 pmnitcntiaut

2147 3937 2395 4007 juvenis,
2447 3940 2541 4009 qui
2570 3940 2814 3996 instituto
2840 3941 3112 3998 latronum
3144 3944 3388 4015 collegio,
3425 3947 3543 4018 ipse
3563 3965 3733 4019 prom-

2154 4037 2249 4097 pto
2295 4029 2476 4083 animo
2523 4031 2631 4084 dux
2669 4047 2856 4087 eorum
2895 4032 3141 4100 effectus,
3185 4038 3464 4105 violentia,
3505 4042 3735 4097 caedibus

2153 4128 2316 4188 atque
2346 4120 2635 4175 atrocitate
2665 4132 2890 4179 cunctos
2919 4127 3229 4195 superabat,
3264 4128 3344 4184 sic
3380 4129 3550 4186 refert
3579 4150 3590 4184 :
3626 4154 3642 4183 ι
3672 4132 3733 4187 Et

2152 4212 2505 4267 accedentem
2565 4228 2782 4281 senem,
2841 4214 2899 4271 i.l
2948 4224 3032 4271 est
3079 4215 3340 4273 Joannem
3402 4224 3728 4291 apostolum,

2153 4305 2488 4375 complexus,
2535 4307 2741 4377 gemitu
2790 4323 2856 4362 ac
2894 4308 3147 4365 lamentis
3189 4321 3457 4381 quantum
3503 4316 3731 4371 maxime

2152 4404 2392 4466 poterat,
2431 4401 2647 4453 veniam
2687 4402 2942 4472 rogabat,
2985 4409 3043 4457 et
3080 4402 3339 4475 lacrymis
3370 4408 3529 4476 quasi
3569 4410 3732 4464 altero

2151 4490 2385 4561 quodam
2411 4491 2684 4561 baptismo
2709 4494 3051 4565 expiabatur,
3082 4496 3251 4552 solam
3279 4498 3533 4556 dextram
3561 4502 3730 4558 occul-

2149 4590 2293 4637 tans.
2335 4583 2473 4640 Tum
2514 4585 2793 4656 apostolus
2834 4588 3104 4658 spondens
3148 4606 3212 4645 ac
3254 4588 3509 4660 dcjerans
3543 4611 3602 4651 se
3642 4612 3728 4651 ve-

2148 4675 2296 4732 niam
2334 4678 2436 4747 ipsi
2471 4693 2502 4734 a
2532 4677 2823 4735 Servatore
2860 4682 3253 4752 impetravisse,
3280 4700 3560 4757 oransque
3586 4705 3649 4747 ac
3679 4692 3727 4745 in

2148 4780 2322 4836 genua
2344 4769 2680 4837 provolutus,
2702 4779 2759 4828 et
2785 4772 3033 4827 dextram
3063 4772 3495 4846 ipsamjuvenis,
3529 4791 3590 4836 ut
3610 4791 3728 4851 pote

2145 4859 2469 4926 ptenitentia
2507 4870 2856 4932 expurgatam
2895 4864 3237 4931 deosculans,
3266 4868 3444 4939 ipsum
3480 4872 3537 4928 in
3564 4874 3728 4930 eccle-

2149 4946 2286 5002 siam
2337 4948 2574 5005 reduxit.
2643 4951 2851 5007 Exinde
2891 4954 3091 5023 partim
3137 4957 3347 5014 crebris
3396 4964 3726 5021 orationibus

2149 5036 2318 5091 Deum
2361 5038 2679 5108 deprecans,
2719 5042 2922 5111 partim
2960 5046 3293 5103 continuatis
3338 5065 3449 5106 una
3490 5067 3617 5110 cum
3642 5054 3724 5126 ju-

2149 5143 2285 5184 vene
2324 5130 2485 5185 simul
2527 5132 2837 5200 decertans,
2878 5137 3134 5193 omnibus
3175 5138 3410 5212 denique
3440 5146 3721 5204 verborum

2148 5218 2416 5276 illecebris
2453 5223 2689 5278 animum
2737 5226 2856 5297 ejus
2898 5228 3233 5297 demulcens,
3280 5248 3388 5290 non
3431 5239 3584 5307 prius
3600 5244 3719 5301 abs-

2149 5311 2315 5365 cessit
2350 5327 2511 5381 quam
2549 5313 2696 5369 illum
2735 5316 2990 5373 Ecclesia:
3029 5321 3392 5393 restituisset,
3448 5343 3718 5402 magnum-

2151 5415 2254 5469 que
2292 5402 2517 5458 sincerae
2550 5405 2882 5473 poenitentia:
2921 5411 3256 5481 exemplum,
3301 5425 3358 5470 et
3396 5418 3605 5477 iteratae
3643 5437 3716 5476 re-

2149 5494 2509 5564 generationis
2548 5497 2735 5568 ingens
2768 5499 3170 5569 documentum,
3206 5515 3260 5558 ct
3295 5510 3603 5579 conspicuae
3642 5529 3712 5567 rr-

2148 5586 2499 5640 surrectionis
2546 5595 2805 5657 tropieum
2855 5593 3104 5649 onmibus
3151 5598 3496 5654 ostendisset.
3554 5622 3572 5653 ι
3640 5603 3708 5656 En

2148 5692 2397 5743 magnum
2434 5678 2761 5747 pmuilcntia‘
2800 5685 3122 5753 exemplum,
3158 5689 3299 5757 quod
3339 5688 3577 5746 declarat
3614 5696 3707 5746 cri-
