3968 6180
291 249 435 303 19.23

1110 249 1199 301 AB
1238 246 1408 304 OMNl
1445 243 1815 303 NOVlTATlS
1850 242 2255 302 SUSPlClONE
2295 241 2679 303 VINDICATA.

3428 244 3561 300 19.ιᾶ

287 368 441 422 mina
480 369 693 438 publica
736 376 788 422 et
822 366 1141 437 gravissima
1181 367 1385 437 absque
1425 366 1697 422 diuturnis
1745 363 1879 418 alili-
1905 364 1954 419 Δ
1982 370 2131 416 ratas
2165 362 2420 416 mulieres
2443 401 2458 428 ,
2510 370 2567 416 et
2600 359 2939 424 confitentes,
2968 358 3052 427 vel
3082 360 3563 430 quomodocunque

288 459 570 515 ctionibus
595 464 650 512 et
677 457 1136 514 macerationibus
1161 458 1406 527 corporis
1431 456 1561 511 dilui
1587 470 1767 526 posse.

362 547 660 618 Hucusque
697 548 1005 604 testimonia
1047 549 1267 603 Patrum
1305 548 1465 618 plane
1504 546 1878 601 demonstrant

290 639 567 710 publicam
605 639 981 710 paenitentiam
1021 654 1143 709 qua:
1184 638 1434 693 consistit
1477 637 1534 691 in
1575 635 1881 691 amictiuni-

292 729 457 785 nibus
489 738 543 785 et
572 730 1026 785 macerationibus
1063 730 1307 800 corporis
1335 726 1639 783 manifestis
1673 743 1738 782 ac
1763 727 1880 782 diu—

292 818 474 873 turnis
504 833 608 873 non
639 834 762 874 esse
789 816 1035 874 absolute
1064 810 1449 874 necessariam.
1491 817 1626 873 lllud
1664 832 1879 886 quoque

290 909 402 965 erit
426 912 773 982 perspicuum
805 912 969 967 etiam
996 912 1124 966 dum
1153 913 1390 967 maxime
1418 912 1534 967 lucc
1557 911 1878 981 poenitentia

289 1001 543 1073 vigebat,
580 1003 626 1058 si
672 1005 1023 1058 ostendamus
1061 1004 1387 1073 quibusnam
1421 1003 1720 1059 rationibus
1744 1004 1878 1058 moti

287 1093 408 1150 sint
440 1093 632 1149 Patres
668 1104 728 1149 ut
763 1095 962 1153 multos
1002 1102 1317 1167 peceatores
1353 1094 1598 1166 publicos
1637 1109 1668 1149 a
1696 1095 1877 1165 pretii-

291 1186 467 1240 tentia
492 1186 707 1257 publica
738 1187 1060 1241 exlmerent.
1372 1170 1379 1175 ’

365 1276 560 1333 Patres
595 1278 808 1333 concilii
838 1276 1310 1343 Neoaesariensis,
1339 1293 1459 1333 can.
1492 1277 1558 1333 9:
1599 1295 1616 1327 ‹
1648 1275 1878 1348 Presby-

291 1377 382 1424 ter
421 1370 467 1424 si
505 1358 915 1441 praeoccupatus
953 1370 1219 1440 corporali
1266 1378 1490 1439 peccato
1525 1371 1874 1440 provehatur,

290 1467 349 1515 et
398 1458 679 1515 confessus
726 1460 890 1516 fuerit
936 1461 1003 1517 de
1033 1476 1091 1516 se
1118 1461 1261 1531 quod
1309 1468 1436 1516 ante
1481 1459 1878 1515 ordinationem

289 1552 600 1622 deliquerit,
633 1552 813 1607 oblata
844 1568 949 1608 non
985 1561 1286 1619 consecret,
1316 1568 1541 1609 manens
1572 1553 1626 1608 in
1655 1551 1879 1622 reliquis

288 1643 520 1712 ofﬁciis,
574 1655 796 1717 propter
845 1646 1082 1700 studium
1131 1646 1354 1701 bonum.
1393 1667 1413 1699 ι
1464 1644 1600 1700 Nam
1653 1652 1877 1716 peccata

1980 452 2256 507 convictas
2289 451 2563 521 publicare
2596 451 2814 519 quidem
2855 459 3038 519 patres
3066 452 3237 505 nostri
3273 452 3565 520 prohibue-

1983 555 2126 610 runt,
2156 561 2225 600 ne
2254 543 2520 599 convictis
2548 542 2743 598 mortis
2786 558 3007 597 causam
3050 543 3407 611 praebeamus.
3457 543 3563 602 Eas

1981 648 2164 694 autem
2202 649 2347 694 stare
2376 638 2494 693 sine
2524 636 2904 692 communione
2930 634 3213 704 jusserunt
3245 634 3420 692 donec
3454 636 3559 693 im-

1980 729 2220 800 pleretur
2250 736 2461 797 tempus
2486 724 2838 797 poenitentiae.
2876 743 2896 776 ι

2049 819 2347 889 Gregorius
2414 817 2793 872 Nazianzenus
2841 816 2897 871 in
2941 816 3187 873 oratione
3231 818 3302 873 39
3347 835 3360 870 :
3423 837 3441 869 ι
3477 818 3563 874 Si—

1980 908 2199 978 quidem
2236 908 2316 962 illi
2353 907 2671 977 pmnitentia
2720 906 2944 961 minime
2969 906 3324 975 ducebantur,
3358 910 3561 979 optimo

1972 1001 2098 1071 jure
2129 1016 2227 1058 eos
2260 1000 2489 1071 repulit;
2523 1015 2649 1054 nam
2690 1015 2759 1055 ne
2792 1000 2909 1070 ipse
2942 999 3161 1069 quidem
3201 1016 3296 1056 eos
3337 1002 3560 1072 recipio,

1979 1094 2072 1165 qui
2101 1094 2187 1149 vel
2222 1094 2374 1149 nullo
2411 1092 2575 1148 modo
2601 1093 2688 1147 vel
2728 1108 2836 1148 non
2875 1094 3009 1148 satis
3033 1092 3429 1162 deprimuntur,
3462 1110 3564 1150 nec

1979 1193 2196 1256 patrato
2220 1184 2436 1240 crimini
2463 1198 2653 1254 parem
2679 1184 2805 1239 vitae
2831 1185 3264 1241 emendationem
3298 1186 3561 1241 afferunt:

1978 1276 2221 1346 Cumque
2249 1275 2473 1346 recipio,
2508 1274 2918 1330 convenientem
2951 1275 3084 1343 ipsis
3110 1276 3288 1331 locum
3320 1278 3558 1350 assigno,

1979 1368 2064 1424 sin
2093 1374 2272 1423 autem
2301 1367 2561 1439 lacrymis
2591 1365 2889 1433 confectos,
2918 1366 3329 1438 haudquaquam
3384 1368 3565 1425 imita-

1977 1462 2097 1517 hor.
2126 1480 2147 1513 ι

2049 1550 2291 1607 Joannes
2331 1550 2793 1622 Chrysostomus,
2836 1547 2893 1604 in
2937 1549 3162 1607 homilia
3208 1550 3277 1606 de
3313 1549 3482 1606 David
3509 1559 3565 1606 et

1984 1642 2181 1698 Saulc:
2227 1660 2246 1693 ι
2275 1641 2441 1707 Nihil,
2476 1642 2721 1710 inquam,
2752 1641 3063 1697 istiusmodi
3090 1642 3414 1713 frigidorum
3438 1658 3566 1717 ver:

289 1736 501 1806 reliqua
535 1737 780 1807 plerique
819 1737 1075 1792 dixerunt
1109 1754 1209 1808 per
1243 1753 1435 1794 manus
1477 1737 1874 1809 impositionem
1911 1718 1952 1775 θ
1981 1735 2178 1790 borum
2214 1733 2430 1789 locutus
2456 1742 2543 1788 est
2562 1733 2914 1802 publicanus,
2955 1733 3153 1803 quibus
3192 1734 3398 1789 utimur
3424 1751 3563 1806 quo-

287 1842 452 1896 posse
500 1827 721 1882 dimitti.
792 1826 1009 1885 Crimen
1054 1830 1324 1885 occultum
1375 1830 1489 1901 ipsa
1534 1829 1876 1885 confessione

288 1918 352 1971 tit
393 1917 692 1988 publicum.
745 1917 847 1986 Qui
894 1927 1076 1975 tamen
1122 1920 1259 1976 illud
1300 1919 1603 1985 commisit,
1652 1929 1876 1991 propter

285 2025 487 2064 manus
529 2009 930 2082 impositionem
961 2028 1123 2084 quam
1173 2013 1228 2068 in
1271 2011 1613 2067 ordinatione
1643 2014 1872 2084 accepit,

286 2114 320 2152 a
371 2101 694 2170 poenitentia
744 2103 961 2172 publica
1018 2104 1301 2159 liberatur.
1381 2103 1552 2171 Quam
1606 2106 1873 2161 rationem

283 2193 519 2261 posthac
546 2193 891 2250 Innocentius
917 2195 940 2249 l
966 2194 1273 2251 confutasse
1313 2194 1527 2250 videtur
1560 2196 1614 2250 in
1642 2195 1872 2266 epistola

284 2286 357 2341 ad
387 2286 673 2357 episcopos
709 2286 1055 2353 Macedonia},
1087 2302 1207 2357 cap.
1240 2286 1294 2353 4,
1322 2288 1408 2343 his
1434 2287 1615 2343 verbis
1640 2305 1652 2339 :
1684 2308 1701 2338 ι
1732 2288 1873 2360 Ergo

286 2376 336 2431 si
372 2374 451 2430 ita
502 2385 618 2441 est,
663 2376 999 2446 applicentur
1042 2377 1110 2432 ad
1158 2377 1551 2432 ordinationem
1600 2378 1871 2450 sacrilegi,

287 2466 525 2522 adulteri
565 2452 727 2537 atque
765 2467 1005 2522 omnium
1047 2467 1336 2522 criminum
1382 2469 1492 2534 rei,
1536 2471 1664 2539 quia
1710 2470 1874 2525 bene-

287 2560 529 2615 dictione
576 2559 935 2615 ordinationis
996 2559 1225 2614 crimina
1280 2560 1367 2615 vel
1425 2562 1557 2618 vitia
1616 2570 1875 2631 putantur

287 2651 518 2707 auferri.
559 2650 748 2709 Nullus
790 2651 862 2706 sit
900 2651 1234 2721 poenitentia:
1268 2652 1419 2707 locus
1454 2654 1581 2722 quia
1612 2654 1664 2708 id
1698 2663 1875 2724 potest

286 2752 553 2816 prmstare
588 2742 855 2798 ordinatio
892 2743 1035 2813 quod
1068 2742 1228 2814 longa
1264 2744 1565 2801 satisfactio
1613 2756 1876 2816 priestare

287 2834 590 2889 consuevit.
631 2854 649 2886 ι

361 2924 595 2980 Basilius
634 2925 687 2979 in
730 2926 954 2997 epistola
1002 2929 1263 2983 canonica
1308 2929 1377 2983 ad
1413 2928 1870 2999 Amphilochium,

1982 1826 2114 1882 tidie
2139 1840 2238 1881 nos
2265 1865 2281 1890 ,
2330 1824 2593 1880 conviciis
2629 1839 2695 1879 ac
2720 1823 3028 1879 maledictis
3053 1832 3435 1896 aspergentes,
3468 1827 3565 1881 sed

1977 1934 2164 1975 amare
2194 1919 2476 1989 suspirans
2504 1927 2804 1988 pectusque
2828 1918 3159 1987 percutiens,
3189 1918 3293 1974 hoc
3322 1927 3563 1973 tantum-

1975 2013 2138 2067 modo
2165 2012 2322 2078 dixit,
2346 2011 2622 2081 Propitius
2646 2019 2762 2067 esto
2784 2011 2917 2066 mihi
2943 2013 3240 2081 peccatori,
3264 2022 3318 2068 et
3341 2012 3565 2067 descen-

1977 2103 2058 2160 dit
2077 2101 2425 2172 justiticatus.
2454 2103 2619 2159 Vides
2634 2102 3004 2158 celeritatem?
3022 2102 3250 2173 Accepit
3278 2104 3557 2172 probrum,

1975 2204 2032 2252 et
2080 2197 2253 2253 abluit
2298 2197 2590 2267 probrum;
2638 2196 2859 2268 agnovit
2902 2204 3166 2266 peccata,
3210 2204 3267 2251 et
3311 2195 3563 2267 deposuit

1975 2297 2198 2357 peccata
2218 2327 2234 2355 ,
2279 2297 2335 2342 et
2357 2289 2648 2349 criminum
2674 2287 2950 2344 accusatio
2986 2286 3130 2343 facta
3155 2296 3239 2343 est
3265 2287 3339 2344 illi
3368 2287 3557 2344 crimi-

1976 2394 2105 2433 num
2135 2379 2413 2445 remissio,
2462 2388 2519 2436 et
2552 2380 2727 2435 hostis
2758 2379 2996 2435 insciens
3026 2377 3205 2434 factus
3244 2387 3328 2434 est
3359 2377 3564 2434 beneﬁ-

1976 2485 2094 2525 cus.
2135 2470 2281 2536 Quot
2306 2468 2535 2526 labores
2563 2476 2721 2524 erant
2761 2468 3054 2539 publicano
3094 2467 3390 2532 subeundi,
3413 2465 3560 2539 jeju»

1974 2562 2177 2628 nando,
2209 2563 2361 2618 humi
2387 2563 2728 2626 dormiendo,
2754 2560 3024 2630 vigilando
3046 2600 3061 2625 ,
3089 2560 3228 2615 bona
3256 2574 3352 2614 sua
3375 2557 3563 2631 egenis

1977 2654 2359 2723 impartiendo,
2390 2654 2550 2725 longo
2577 2662 2822 2722 tempore
2867 2653 2920 2706 in
2960 2667 3122 2708 sacco
3166 2660 3221 2708 et
3255 2652 3441 2707 cinere
3475 2665 3562 2706 se-

1977 2746 2179 2813 dendo,
2219 2755 2281 2801 ut
2317 2746 2406 2801 illa
2433 2754 2542 2801 tam
2571 2745 2740 2801 multa
2772 2752 2993 2813 peccata
3035 2753 3220 2815 posset
3261 2745 3564 2815 deponere?

1975 2840 2048 2895 At
2079 2856 2226 2895 nunc
2250 2856 2375 2895 cum
2398 2839 2531 2895 nihil
2565 2839 2670 2895 tale
2704 2838 2928 2904 fecerit,
2960 2838 3193 2908 simplici
3229 2840 3400 2893 verbo
3446 2854 3563 2894 om-

1976 2946 2101 2985 nem
2151 2931 2401 3000 deposuit
2436 2931 2781 3000 iniquitatem
2807 2970 2822 2995 ,
2864 2945 2929 2985 ac
2970 2931 3170 3000 probra
3208 2930 3563 2999 conviciaque

290 3032 415 3071 can.
442 3016 548 3070 52:
581 3035 601 3067 ι
630 3016 731 3083 Qui
756 3027 1038 3089 peccatum
1067 3020 1134 3075 ad
1159 3029 1390 3075 mortem
1413 3029 1639 3091 peccant
1664 3021 1870 3087 clerici,
1899 3064 1941 3122 ε
1978 3021 2275 3086 Pharisrei,
2321 3021 2415 3091 qui
2447 3021 2732 3076 videbatur
2772 3021 2924 3075 illum
2960 3021 3286 3076 contumelia
3327 3020 3558 3088 adicere,

288 3124 321 3163 a
365 3112 533 3178 gradu
595 3109 812 3179 quidem
868 3111 1242 3180 deponuntur,
1294 3128 1327 3167 a
1366 3112 1629 3168 laicorum
1688 3120 1868 3167 autem

285 3199 668 3253 communione
722 3215 828 3255 non
877 3211 1152 3256 arcentur.
1214 3201 1332 3256 Non
1375 3202 1520 3256 enim
1571 3203 1871 3257 vindicatis

286 3288 375 3344 bis
408 3289 462 3343 in
494 3290 742 3359 idipsum.
779 3311 799 3344 ι
846 3290 1105 3358 Quamvis
1147 3293 1371 3349 alterius
1405 3294 1701 3364 disciplina:
1730 3295 1870 3349 anti-

285 3378 552 3448 quissima
590 3382 699 3436 sint
739 3383 1018 3452 exempla,
1061 3384 1176 3439 hinc
1218 3392 1396 3439 tamen
1441 3386 1664 3454 antiqua
1706 3394 1871 3442 estet

287 3467 447 3525 valde
487 3472 735 3540 probata,
779 3487 944 3542 quam
990 3484 1212 3529 sanctus
1253 3476 1487 3530 Basilius
1534 3485 1594 3531 ut
1622 3475 1735 3546 jam
1772 3494 1869 3539 suo

286 3572 533 3632 tempore
584 3564 879 3618 stabilitam
928 3566 1115 3632 refert,
1162 3576 1218 3621 et
1264 3567 1418 3637 cujus
1464 3577 1651 3638 postea
1678 3570 1868 3627 Patres

286 3663 458 3709 testes
500 3664 626 3709 sunt
661 3672 726 3712 ac
766 3656 1080 3714 defensores
1114 3676 1128 3713 ;
1169 3658 1398 3730 Optatus
1434 3660 1774 3718 Milevitanus
1812 3663 1867 3716 in

282 3742 396 3798 fine
421 3743 516 3800 lib.
547 3761 618 3813 u;
657 3745 883 3802 Siricius
916 3748 971 3802 in
1001 3749 1226 3818 epistola
1253 3751 1319 3805 ad
1341 3750 1641 3806 Himerium
1671 3752 1868 3806 Tarra-

280 3848 598 3902 conensem,
628 3852 745 3908 cap.
763 3838 858 3906 id;
891 3839 1081 3895 Patres
1105 3842 1319 3898 concilii
1347 3842 1788 3917 Carthaginensis
1806 3861 1863 3912 v,

283 3939 409 3982 can.
430 3927 518 3991 ll;
548 3928 641 3997 qui
662 3922 844 3984 'canon
879 3930 1112 3986 refertur
1149 3933 1201 3987 in
1232 3934 1442 4005 integro
1471 3935 1654 3990 codice
1682 3936 1867 3992 Eccle-

284 4016 381 4071 sia:
412 4016 701 4087 Africaine,
740 4035 862 4074 can.
893 4021 996 4087 27;
1039 4022 1396 4095 Hieronymus
1439 4026 1495 4079 in
1530 4026 1757 4097 epistola
1797 4028 1864 4082 ad

285 4104 677 4177 Sabinianum;
708 4110 1043 4183 Augustinus
1078 4114 1172 4170 lib.
1211 4131 1229 4169 ι
1259 4117 1324 4171 de
1356 4116 1635 4188 Baptismo
1672 4128 1863 4174 contra

281 4197 598 4257 Donatistas
624 4218 745 4273 cap.
777 4204 828 4259 1.
861 4203 971 4259 Leo
997 4204 1020 4258 1
1055 4206 1113 4260 in
1137 4221 1221 4275 ep.
1255 4207 1322 4261 ad
1345 4208 1630 4265 Rusticum
1656 4210 1865 4266 Narbo—

282 4307 528 4347 nensem.
574 4311 718 4366 resp.
767 4312 847 4353 ιιι
892 4317 911 4350 ε
950 4297 1124 4366 Quod,
1173 4299 1371 4369 inquit,
1421 4303 1538 4357 sine
1588 4303 1753 4358 dubio
1796 4319 1863 4358 ex

1975 3119 2306 3183 pepererunt
2335 3111 2559 3182 iustitia:
2589 3126 2871 3176 coronam,
2905 3111 3065 3180 idque
3102 3112 3222 3167 sine
3252 3112 3558 3175 sudoribus,

1973 3209 2091 3263 sine
2122 3207 2401 3263 laboribus
2424 3247 2439 3272 ,
2469 3214 2525 3261 et
2553 3205 2761 3275 absque
2798 3206 2944 3277 longi
2973 3206 3231 3276 temporis
3268 3221 3472 3261 mora.)
3500 3205 3559 3260 1n

1972 3299 2195 3356 homilia
2228 3300 2252 3352 1
2301 3299 2367 3354 de
2411 3298 2774 3369 poenitentia:
2813 3315 2831 3348 ‹
2865 3296 3030 3367 Cujus
3059 3304 3241 3351 autem
3277 3297 3357 3351 rei
3381 3296 3558 3366 gratia

1970 3389 2297 3461 przeﬁnitum
2329 3391 2564 3460 spatium
2596 3392 2664 3445 ad
2704 3400 2814 3445 tam
2857 3390 3024 3445 breve
3060 3398 3273 3461 tempus
3314 3390 3560 3460 redegit?

1971 3499 2080 3553 quo
2128 3492 2183 3539 et
2230 3483 2587 3538 barbarorum
2637 3483 2818 3538 discas
2862 3484 3141 3549 virtutem,
3206 3484 3327 3540 dico
3371 3492 3556 3540 autem

1969 3574 2334 3629 Ninivitarum
2363 3575 2539 3630 tribus
2573 3575 2769 3639 diebus,
2794 3582 3003 3629 tantum
3031 3581 3383 3645 peccatorum
3418 3574 3554 3629 iram

1969 3665 2180 3721 solvere
2208 3665 2504 3720 valentium
2547 3684 2561 3720 :
2610 3674 2775 3734 atque
2811 3666 2909 3721 Dei
2941 3666 3288 3722 clementiam
3324 3665 3557 3721 admire-

1967 3758 2077 3824 ris,
2128 3759 2289 3812 trium
2316 3757 2526 3812 dierum
2557 3758 2879 3828 poenitentia
2913 3760 3155 3814 contenti
3192 3768 3270 3814 tot
3292 3774 3395 3829 pro
3428 3776 3555 3830 pee-

1966 3850 2138 3904 catis?
2166 3856 2330 3918 tuque
2363 3850 2751 3919 desperatione
2776 3866 2884 3906 non
2916 3866 3177 3916 corruas,
3216 3852 3319 3907 etsi
3361 3851 3556 3909 millies

1965 3941 2296 4010 peccaveris.
2357 3941 2822 4008 Quemadmodum
2866 3943 3011 3997 enim
3053 3942 3234 3997 anima
3286 3943 3554 4017 pigritans

1966 4039 2129 4100 atque
2159 4030 2456 4102 negligens,
2489 4048 2794 4101 quanquam
2824 4032 3052 4086 multum
3082 4033 3151 4086 ad
3174 4033 3551 4103 paenitentiam

1966 4122 2225 4191 temporis
2274 4122 2535 4191 accipiat,
2582 4122 2716 4176 nihil
2760 4130 3019 4192 operatur
3056 4137 3343 4193 magnum,
3378 4138 3554 4192 neque

1964 4212 2067 4266 sii.i
2097 4213 2199 4281 ipsi
2232 4213 2401 4266 Deum
2430 4206 2516 4267 ’ob
2554 4213 2813 4267 desidiam
2855 4212 3139 4278 conciliat;
3174 4213 3252 4267 sic
3294 4214 3384 4283 qui
3426 4231 3552 4285 pro-

1963 4304 2140 4374 posito
2162 4304 2400 4358 excitato
2426 4302 2619 4367 fervet,
2651 4312 2816 4374 atque
2844 4304 3013 4359 multa
3038 4319 3161 4359 eum
3191 4303 3409 4359 solertia
3433 4322 3549 4377 pce-

281 4386 579 4454 apostolica
610 4389 898 4445 traditione
923 4391 1219 4458 descendit,
1245 4395 1540 4449 secundum
1566 4396 1709 4466 quod
1736 4396 1865 4451 scri-
1894 4409 1946 4470 ι)
1969 4397 2252 4451 nitentium
2278 4396 2534 4461 ostendit,
2556 4397 2708 4452 brevi
2730 4397 2990 4468 temporis
3014 4406 3289 4453 momento
3320 4397 3547 4470 longaevi

278 4487 433 4546 ptum
478 4489 563 4535 est
588 4497 602 4533 :
628 4483 892 4539 Sacerdos
921 4484 966 4538 si
1004 4485 1331 4555 peccaverit,
1376 4487 1500 4556 quis
1540 4488 1720 4543 orabit
1763 4503 1862 4560 pro

277 4569 381 4623 eo?
414 4569 567 4625 Unde
603 4572 909 4642 hujusmodi
947 4575 1111 4646 lapsis
1152 4575 1220 4629 ad
1245 4578 1658 4643 promerendam
1699 4580 1860 4635 mise-

278 4659 572 4714 ricordiam
613 4663 709 4717 Dei
745 4665 957 4733 privata
996 4673 1081 4720 est
1121 4668 1421 4736 expetenda
1463 4670 1719 4735 secessio,
1767 4671 1859 4727 ubi

274 4748 390 4805 illis
419 4751 738 4818 satisfactio,
761 4755 806 4808 si
833 4754 997 4809 fuerit
1021 4755 1201 4825 digna,
1230 4756 1299 4810 sit
1324 4756 1485 4810 etiam
1514 4755 1809 4813 fructuosa.
1832 4781 1850 4814 ι

272 4840 472 4897 Patres
516 4846 727 4900 concilii
753 4846 1112 4915 Epaunensis,
1143 4863 1265 4901 can.
1296 4847 1366 4900 9.2
1392 4866 1403 4900 :
1437 4866 1453 4897 ι
1488 4847 1545 4901 Si
1574 4850 1859 4921 presbyter

273 4940 374 4988 aut
402 4932 661 4989 diaconus
698 4937 904 4991 crimen
945 4937 1173 5006 capitale
1211 4938 1568 5002 commiserit,
1604 4939 1671 4994 ab
1701 4939 1863 4996 cilicii

277 5026 487 5080 honore
531 5027 808 5097 depositus
856 5027 908 5081 in
958 5029 1348 5083 monasterium
1400 5031 1736 5097 retrudatur,
1786 5031 1860 5086 ibi

276 5122 694 5187 tantummodo,
749 5121 990 5191 quandiu
1048 5121 1280 5186 vixerit,
1338 5122 1716 5178 communione
1769 5140 1863 5179 su-

272 5215 493 5270 menda.
536 5236 553 5268 ι
582 5217 649 5271 Et
672 5217 910 5273 Isidorus
938 5216 1292 5283 llispalensis,
1323 5216 1417 5271 lib.
1446 5235 1485 5272 ιι
1514 5218 1580 5271 de
1606 5216 1864 5272 ecclesia-

276 5307 432 5363 sticis
454 5307 688 5376 Oﬂiciis,
722 5325 841 5381 cap.
868 5310 934 5364 16
971 5328 983 5364 ;
1026 5327 1045 5360 ι
1079 5308 1354 5364 Honorum
1387 5311 1653 5365 duntaxat
1685 5310 1859 5381 digni-

277 5408 388 5454 tate
427 5411 672 5468 servata,
725 5404 800 5457 ita
839 5408 899 5455 ut
947 5418 977 5456 a
1017 5386 1387 5457 sacerdotibus
1444 5411 1498 5456 et
1536 5401 1714 5455 levitis
1748 5402 1857 5457 Deo

276 5499 485 5545 tantum
520 5500 655 5549 teste
679 5494 790 5558 ﬁat,
823 5509 853 5546 a
883 5493 1096 5548 ueteris
1126 5509 1251 5547 \ero
1282 5502 1491 5548 astante
1527 5509 1710 5548 coram
1747 5494 1855 5548 Deo

274 5579 590 5634 solemniter
618 5584 913 5638 sacerdote.
949 5603 966 5634 ο

349 5670 647 5727 liasiliusin
676 5674 962 5745 eademep.
997 5675 1272 5743 canenica,
1304 5692 1422 5730 can.
1455 5676 1521 5730 51
1552 5693 1561 5728 :
1591 5696 1607 5727 ι
1630 5678 1850 5734 Adulte-

1965 4485 2221 4555 temporis
2263 4494 2487 4554 peccata
2530 4486 2709 4541 delere
2753 4487 2987 4557 poterit?
3030 4487 3219 4541 Nonne
3250 4488 3412 4543 tertio
3439 4487 3541 4544 Pe-

1962 4585 2078 4632 trus
2113 4577 2368 4649 negavit?
2396 4591 2575 4632 nonne
2624 4578 2781 4633 tertio
2823 4594 2946 4633 cum
2981 4577 3338 4647 juramento?
3368 4596 3547 4637 nonne

1963 4668 2084 4723 vilis
2113 4667 2394 4736 cujusdam
2442 4667 2653 4722 ancilla:
2702 4669 2868 4722 verba
2916 4669 3145 4724 timens?
3187 4666 3328 4736 Quid
3372 4671 3547 4742 ergo?

1960 4761 2282 4832 Oportuitne
2312 4760 2462 4815 illum
2499 4761 2565 4814 ad
2601 4761 2972 4831 pmnitentiam
3009 4761 3208 4815 multos
3237 4778 3410 4818 annos
3439 4770 3547 4817 ter-

1964 4855 2125 4910 rere?
2155 4867 2529 4923 nequaquam;
2563 4853 2658 4908 sed
2688 4853 2877 4907 eadem
2927 4861 3085 4908 nocte
3132 4852 3317 4924 lapsus
3361 4862 3445 4912 est
3487 4864 3543 4911 et

1959 4957 2210 5012 erectus;
2253 4947 2557 5015 vulnusque
2581 4953 2638 4999 et
2671 4944 2997 5001 medicinam
3030 4945 3242 5015 accepit
3272 4966 3285 5001 ;
3311 4955 3541 5018 aagrota-

1959 5038 2057 5103 vit,
2091 5046 2256 5108 atque
2284 5037 2350 5092 ad
2383 5037 2620 5106 priorem
2643 5038 2801 5092 rediit
2830 5038 3141 5093 sanitatem.
3173 5057 3193 5090 ι

2030 5129 2088 5183 ln
2140 5127 2363 5183 homilia
2409 5126 2475 5181 de
2518 5127 2678 5181 beato
2734 5126 3089 5199 Philogonio:
3128 5145 3145 5177 ι
3177 5126 3363 5196 Neque
3407 5126 3536 5181 mihi

1959 5221 2249 5291 quisquam
2276 5219 2493 5283 dixerit,
2525 5218 2730 5273 Vereor
2748 5259 2763 5284 ,
2796 5219 2969 5273 habeo
2998 5218 3384 5271 conscientiam
3410 5233 3534 5288 pec-

1959 5309 2097 5366 catis
2124 5309 2393 5380 oppletam
2421 5349 2437 5373 ,
2474 5307 2743 5362 sarcinam
2786 5304 3109 5361 circumfero
3135 5306 3531 5375 gravissimam.

1962 5401 2172 5458 Sufﬁcit
2199 5401 2344 5456 enim
2371 5401 2565 5454 borum
2596 5400 2833 5470 quinque
2861 5398 3067 5452 dierum
3101 5405 3309 5467 tempus
3328 5440 3342 5465 ,
3375 5401 3421 5456 si
3451 5416 3532 5457 so-

1958 5493 2110 5548 brius
2142 5492 2331 5556 fueris,
2361 5492 2407 5546 si
2434 5498 2672 5545 attentus
2694 5530 2708 5553 ,
2743 5489 2787 5543 si
2815 5488 3119 5558 vigilaveris
3138 5530 3151 5555 ,
3190 5499 3249 5544 ut
3272 5490 3528 5545 multitu-

1956 5586 2135 5640 dinem
2164 5595 2508 5655 pcccatorum
2539 5582 2732 5636 reddas
2770 5580 3208 5635 contractiorem.
3264 5582 3372 5637 Nec
3400 5582 3528 5642 illud

1954 5678 2221 5746 perpende
2247 5675 2385 5746 quod
2417 5677 2576 5729 breve
2609 5684 2818 5742 tempus
2847 5674 3059 5739 est,sed
3091 5674 3218 5732 illud
3242 5678 3523 5734 considera
