3942 6182
427 259 563 312 1215

989 247 1336 305 TllEODORl
1375 241 1693 300 ARCHIEP.
1735 233 2086 292 CANTUAR.
2127 224 2472 284 DOCTRINA
2511 223 2599 281 DE
2636 213 3083 278 NENITENTIA

3526 211 3667 270 “.16

421 376 564 445 quod
593 373 858 441 benignus
882 375 966 423 est
991 366 1270 429 Dominus,
1299 356 1732 433 quandoquidem
1760 361 1814 406 et
1840 349 1989 405 Nini-
2017 348 2068 408 Α
2092 359 2199 399 non
2223 351 2334 396 tam
2357 339 2617 411 temporis
2638 335 2993 407 longitudine,
3023 349 3184 405 quam
3215 331 3392 387 cordis
3421 344 3682 399 compun-

421 440 548 521 vita:
579 440 740 517 tridui
770 457 946 528 spatio
979 463 1186 509 tantam
1211 452 1347 506 iram
1374 448 1469 504 Dei
1499 463 1532 500 a
1560 459 1618 500 se
1649 440 1991 512 depulerunt,

423 571 524 612 nec
546 551 756 610 obstitit
776 549 880 603 illis
903 545 1161 615 temporis
1188 541 1454 611 angustia,
1493 534 1589 591 sed
1618 531 1784 588 animi
1814 543 1995 599 prom-

419 643 651 718 ptitudo,
677 639 1003 710 amplectens
1015 634 1229 690 Domini
1255 629 1662 698 benignitatem,
1679 631 1850 677 totum
1875 635 1995 690 per-

422 712 580 804 agere
619 729 804 784 valuit.
848 727 916 781 Et
959 724 1216 779 meretrix
1267 721 1352 773 illa
1398 717 1548 772 brevi
1589 712 1848 782 temporis
1876 725 1992 762 mo—

423 803 607 881 mento
647 837 769 876 cum
802 820 868 874 ad
896 818 1169 873 Christum
1196 811 1544 872 accessisset,
1593 805 1774 860 omnia
1797 803 1995 872 probra

422 915 600 972 diluit.
639 913 775 981 Quia
797 918 851 966 et
877 906 1332 965 calumniantibus
1345 901 1542 956 Judaeis
1563 897 1704 968 quod
1729 895 1874 949 illam
1902 892 1997 946 ad—

425 1006 696 1071 misisset,
728 1011 1042 1070 tantamque
1082 996 1406 1068 pmebuisset
1439 990 1723 1052 ﬁduciam,
1750 985 1997 1042 Christus

423 1098 531 1154 illis
571 1095 788 1167 quidem
832 1091 1103 1147 silentium
1149 1083 1423 1155 imposuit,
1468 1080 1611 1134 hanc
1662 1091 1792 1131 vero
1839 1073 1996 1127 malis

423 1163 677 1244 omnibus
722 1183 1011 1238 liberatam
1036 1217 1052 1244 ,
1090 1173 1549 1243 comprobatoque
1592 1166 1737 1221 illius
1791 1163 1995 1226 studio,

429 1281 504 1336 ita
533 1279 753 1338 domum
785 1272 1014 1328 remisit.
1055 1266 1193 1336 Quid
1221 1266 1292 1320 ita
1323 1261 1575 1318 tandem?
1602 1258 1858 1331 quoniam
1885 1255 1995 1312 fer-

422 1370 573 1426 venti
605 1367 806 1430 animo,
833 1371 888 1418 et
912 1357 1160 1431 ﬂagranti
1193 1354 1389 1419 corde,
1421 1349 1740 1418 ardentique
1767 1344 1999 1401 accessit

425 1462 555 1526 ﬁde,
580 1464 904 1524 sanctosque
930 1451 1050 1505 illos
1091 1464 1123 1503 a
1151 1460 1336 1502 sacros
1366 1442 1545 1512 attigit
1579 1440 1776 1510 pedes,
1807 1435 2000 1492 solutis

423 1551 656 1622 capillis,
686 1544 924 1601 fontibus
944 1541 1308 1612 lacrymarum
1334 1548 1404 1590 ex
1424 1531 1598 1588 oculis
1625 1527 1865 1592 emissis,
1890 1541 1996 1581 un-

428 1649 628 1715 guento
659 1634 900 1708 profuso.
914 1650 934 1685 ι

495 1767 842 1827 Bacchiarius
872 1765 927 1820 in
955 1759 1178 1832 epistola
1209 1758 1276 1814 ad
1301 1755 1618 1811 Ianuarium
1643 1752 1708 1807 de
1730 1748 1999 1818 recipien-

424 1863 508 1920 dis
535 1859 701 1930 lapsis
725 1877 738 1912 :
773 1877 792 1908 ι
821 1853 1062 1923 Qualiter
1087 1864 1217 1918 rogo
1235 1889 1249 1913 ,
1291 1848 1356 1902 de
1382 1841 1752 1900 misericordia
1783 1836 1998 1894 Domini

427 1927 714 2025 possumus
757 1947 1076 2014 desperare,
1117 1939 1208 2009 qui
1253 1938 1418 1992 etiam
1456 1935 1794 1989 Pharaonem
1818 1927 2000 2000 arguit

430 2019 598 2112 quare
624 2049 964 2106 nequaquam
988 2029 1252 2102 pmnitcre
1281 2029 1529 2098 dignatus
1555 2026 1658 2088 sit,
1688 2031 1793 2077 etc.
1848 2019 2002 2074 Salo-

426 2111 554 2187 mon
607 2129 695 2183 ille
730 2125 1027 2186 mirabilis,
1075 2120 1166 2190 qui
1198 2118 1396 2172 meruit
1428 2114 1690 2170 assistrici
1732 2111 1849 2175 Dei,
1901 2111 2003 2164 hoc

425 2231 510 2277 est
535 2217 845 2288 sapientiae,
873 2211 1142 2283 c0pulari,
1182 2208 1234 2261 in
1265 2207 1684 2275 alienigenarum
1719 2201 2002 2254 mulierum

434 2311 665 2366 incurrit
699 2306 1006 2376 amplexus,
1055 2311 1108 2355 ct
1150 2299 1365 2353 vinculo
1390 2296 1628 2350 libidinis
1657 2294 2001 2362 illaqueatus,

430 2401 595 2456 etiam
626 2394 894 2464 sacrilegii
925 2405 1110 2445 errore
1147 2403 1205 2442 se
1233 2385 1459 2456 polluit,
1493 2383 1617 2452 quia
1657 2380 2004 2435 simulacrum

429 2495 667 2552 Cbamos
696 2487 984 2545 Moabitico
1007 2483 1145 2538 idolo
1169 2478 1454 2535 fabricavit
1477 2492 1492 2530 :
1519 2477 1611 2530 sed
1643 2474 1734 2543 qui
1762 2487 1858 2542 per
1886 2485 2006 2539 pro-

427 2588 649 2659 phetam
678 2581 891 2648 culpam
923 2574 1122 2630 erroris
1159 2570 1398 2642 agnovit,
1433 2564 1673 2634 nunquid
1696 2561 2007 2616 misericor—

430 2649 534 2731 dia:
582 2669 817 2726 caelestis
859 2663 1091 2720 extorris
1133 2662 1246 2716 est?
1288 2658 1367 2711 Ac
1393 2656 1622 2710 forsitan
1651 2653 1824 2714 dicas,
1866 2649 2006 2702 Nus-

431 2777 597 2832 quam
624 2774 746 2814 eum
775 2757 828 2808 in
855 2767 1063 2808 canone
1085 2750 1204 2819 lego
1224 2745 1570 2818 paenituisse,
1597 2755 1773 2809 neque
1798 2737 2008 2792 miseri-

438 2830 681 2908 cordiam
708 2850 1078 2901 consecutum.
1119 2839 1256 2892 Audi
1286 2851 1443 2905 ergo,
1475 2833 1665 2897 frater,
1691 2830 2007 2900 poenitentia

439 2947 576 3017 ejus,
606 2940 725 3013 quae
763 2956 868 2995 non
914 2935 1226 2991 inscribitur
1255 2930 1483 3002 publicis
1515 2927 1753 2998 legibus,
1782 2924 2009 2978 fortasse

2093 435 2271 488 ctione
2293 431 2567 502 pensanda
2598 437 2701 485 est.
2735 450 2752 481 ι

2165 524 2393 594 Vigilius
2415 538 2552 593 papa
2573 521 2616 586 l,
2648 522 2702 575 in
2725 537 2809 591 ep.
2833 520 2900 574 ad
2920 517 3222 574 Caesarium
3251 513 3628 568 Arelatensem
3661 528 3675 562 :

2099 631 2116 663 ‹
2148 612 2254 666 Sed
2284 612 2432 681 quia,
2458 610 2597 666 sicut
2627 609 2948 664 charitatem
2981 614 3127 659 tuam
3158 603 3296 657 bene
3317 613 3480 656 nosse
3506 597 3678 653 conﬁ-

2095 703 2293 767 dimus,
2337 701 2530 755 modus
2562 698 2895 769 poenitentia:
2917 693 3264 765 praesentium
3286 691 3467 762 potius
3493 701 3682 743 sacer-

2095 793 2278 846 dotum
2306 791 2626 862 inspectioni
2654 789 3032 853 committitur,
3051 785 3278 854 utjuxta
3300 781 3675 852 compunctio-

2095 884 2180 937 nis
2223 882 2477 936 meritum
2524 881 2696 934 veniae
2741 893 2957 949 quoque
3002 877 3178 947 possit
3206 873 3469 943 indulgeri
3503 886 3681 926 reme—

2094 972 2243 1026 dium
2269 1013 2284 1038 ,
2319 981 2425 1026 tuae
2469 971 2571 1025 hoc
2608 971 2790 1040 potius
2828 967 3172 1023 aestimationi
3205 965 3479 1020 credimus
3522 962 3681 1017 relin-

2095 1063 2387 1132 quendum.
2421 1080 2440 1112 ι
2490 1060 2642 1115 Unde
2699 1058 3009 1114 Gennadius
3047 1063 3276 1111 testatur
3329 1054 3382 1107 in
3422 1052 3566 1106 libro
3615 1052 3680 1106 de

2095 1151 2478 1205 ecclesiasticis
2513 1148 2882 1220 Dogmatibus,
2913 1163 3032 1218 cap.
3060 1146 3152 1212 55,
3182 1160 3212 1198 a
3237 1142 3556 1214 ptenitentia
3583 1157 3681 1212 pu—

2093 1240 2232 1296 blica
2263 1255 2486 1311 prorsus
2529 1239 2800 1294 immunes
2827 1253 2949 1293 esse
2977 1237 3280 1306 quicunque
3307 1245 3448 1287 vera:
3471 1246 3536 1285 ac
3559 1245 3680 1300 per-

2097 1329 2252 1385 fecta:
2276 1328 2606 1400 poenitentia:
2638 1328 2790 1398 signa
2827 1327 3130 1381 certissima
3167 1322 3386 1378 dabant.
3432 1339 3452 1372 ι
3482 1320 3592 1374 Sed
3628 1327 3684 1374 et

2097 1431 2324 1488 secreta,
2356 1423 2564 1492 inquit,
2603 1419 2972 1476 satisfactione
3007 1417 3139 1472 solvi
3169 1413 3420 1469 mortalia
3447 1412 3682 1467 crimina

2098 1529 2206 1568 non
2233 1527 2525 1584 negamus,
2572 1511 2669 1567 sed
2695 1517 2904 1565 mutato
2931 1509 3082 1580 prius
3115 1505 3360 1562 surculari
3385 1504 3580 1559 habitu
3598 1511 3683 1568 ,et

2099 1603 2348 1660 confesso
2377 1603 2652 1674 religionis
2683 1603 2860 1658 studio
2893 1616 2993 1672 per
3023 1600 3147 1654 vitae
3179 1598 3598 1660 correctionem,
3629 1603 3685 1649 et

2023 1685 2072 1744 Β
2093 1693 2208 1766 jugi
2236 1696 2344 1750 imo
2365 1703 2622 1765 perpetuo
2647 1695 2794 1749 luctu
2820 1693 3117 1746 miserante
3151 1689 3280 1753 Deo,
3315 1689 3390 1743 ita
3419 1689 3685 1742 duntaxat

2099 1795 2159 1842 ut
2184 1787 2453 1842 contraria
2481 1801 2580 1855 pro
2605 1786 2672 1841 iis
2700 1800 2818 1856 quae
2845 1783 3105 1853 pmnitct,
3138 1791 3292 1854 agat,
3333 1788 3388 1834 et
3427 1778 3691 1832 Euchari-

2097 1879 2258 1936 stiam
2285 1877 2535 1934 omnibus
2573 1875 2868 1932 Dominicis
2894 1874 3083 1930 diebus
3109 1871 3333 1942 supplex
3370 1877 3426 1923 et
3453 1867 3691 1922 submis-

2101 1983 2366 2037 sususque
2388 1969 2454 2021 ad
2476 1976 2702 2021 mortem
2727 1965 3005 2036 percipiat.
3033 1984 3051 2015 ι
3072 1962 3313 2031 Denique
3329 1961 3523 2014 Patres
3548 1973 3686 2010 una-

2098 2059 2230 2114 nimi
2254 2074 2519 2112 consensu
2551 2057 2829 2112 declarant
2848 2054 2983 2109 nihil
3008 2051 3148 2107 aliud
3174 2066 3336 2120 quam
3362 2049 3687 2105 charitatem

2102 2167 2134 2205 a
2175 2150 2551 2221 peccatoribus
2591 2149 2866 2217 requirere
2890 2147 3058 2201 Deum
3100 2161 3139 2221 a_
3159 2158 3266 2214 quo
3293 2141 3511 2195 nonnisi
3544 2141 3689 2209 cupi-

2103 2241 2272 2297 ditate
2302 2248 2672 2304 recesserunt;
2723 2241 2825 2294 hoc
2863 2254 2985 2292 esse
3027 2239 3080 2291 in
3117 2251 3223 2306 quo
3269 2235 3529 2290 consistit
3577 2243 3689 2287 tota

2103 2333 2189 2386 lex
2218 2342 2273 2387 et
2295 2334 2571 2402 propheta:
2600 2351 2611 2385 :
2654 2347 2717 2385 ac
2745 2339 3024 2400 propterea
3049 2328 3236 2397 jugum
3261 2341 3382 2381 esse
3410 2339 3579 2379 suave
3597 2365 3612 2389 ,
3638 2332 3693 2379 et

2049 2450 2051 2452 ·
2103 2440 2242 2479 onus
2265 2417 2410 2487 leve,
2459 2425 2521 2477 a'l
2551 2424 2692 2492 quod
2731 2422 2979 2477 Christus
3011 2435 3201 2475 omnes
3230 2428 3388 2472 vocat
3420 2418 3512 2486 qui
3543 2416 3691 2470 labo-

2107 2514 2596 2568 rantetcriminum
2626 2511 2858 2582 pondere
2881 2510 3091 2565 onerati
3109 2514 3253 2563 sunt.
3272 2508 3564 2560 lnnumera
3580 2503 3690 2558 fere

2107 2606 2173 2660 de
2216 2605 2318 2659 hac
2364 2620 2422 2659 re
2463 2603 2684 2658 Patrum
2717 2601 3025 2656 testimonia
3059 2597 3302 2668 proferre
3329 2610 3572 2666 possem,
3598 2593 3688 2648 sed

2107 2694 2345 2749 omnium
2391 2693 2564 2747 instar
2599 2693 2704 2746 erit
2749 2691 2984 2745 Salviani
3035 2686 3427 2747 testimonium,
3472 2683 3568 2751 qui
3614 2682 3691 2736 sic

2108 2785 2347 2854 loquitur
2375 2782 2429 2837 in
2459 2783 2597 2837 libro
2626 2797 2699 2836 vn
2742 2781 2807 2836 de
2834 2796 2964 2834 vero
2989 2777 3200 2833 .ludicio
3242 2785 3297 2829 et
3343 2771 3690 2828 Providentia

2108 2875 2202 2929 Dei
2229 2893 2243 2928 :
2278 2893 2295 2924 ι
2323 2873 2633 2928 Prmsertim
2660 2887 2781 2925 cum
2812 2885 2840 2922 a
2871 2869 3024 2922 nobis
3050 2870 3193 2920 Deus
3214 2863 3350 2918 nihil
3376 2876 3687 2923 onerosum,

2111 2965 2243 3020 nihil
2265 2980 2424 3034 grave
2455 2964 2654 3032 exigat,
2681 2969 2784 3015 etc.
2826 2959 2961 3026 Quid
2995 2972 3224 3024 namque
3260 2955 3372 3007 ait?
3415 2952 3602 3006 Venite
3625 2951 3688 3002 ad

435 3038 558 3092 meo
585 3031 968 3103 acceptabmor
991 3029 1283 3123 Jumcalu?’
1313 3019 1670 3123 ‘1_““‘,“°“,“d‘
1699 3017 1896 3123 faciei?
1913 3030 2006 3123 ρξ’
2034 3045 2078 3106 C
2110 3071 2190 3108 me
2221 3071 2418 3117 omnes,
2449 3053 2537 3123 qui
2580 3051 2830 3103 laboratis
2871 3058 2918 3101 et
2964 3047 3166 3101 onerati
3191 3047 3313 3098 estis
3336 3085 3351 3107 ,
3381 3055 3430 3096 et
3458 3060 3551 3112 ego
3579 3042 3691 3108 reﬁ-

432 3128 570 3200 puli,
597 3125 692 3182 sed
729 3125 782 3178 in
825 3127 1035 3176 secreto
1061 3115 1406 3172 conscientite
1434 3113 1547 3165 Deo
1572 3117 1710 3164 teste
1734 3106 2001 3178 paenituit.

433 3199 661 3276 Veniam
690 3222 872 3269 autem
902 3227 969 3265 ex
1004 3210 1110 3263 hoc
1135 3213 1484 3262 consecutum
1523 3216 1642 3256 esse
1668 3199 2008 3270 agnoscimus

434 3307 561 3378 quia
587 3319 712 3361 cum
741 3302 948 3357 solutus
979 3298 1171 3352 fuisset
1199 3312 1231 3349 a
1265 3309 1521 3362 corpore,
1567 3291 1835 3359 sepultum
1860 3287 2008 3343 illum

436 3399 582 3454 inter
603 3409 789 3464 regum
815 3391 1180 3445 lsraelitarum
1217 3399 1440 3454 corpora
1471 3381 1750 3450 Scriptura
1775 3392 2010 3432 comme-

438 3492 646 3549 morat;
677 3481 821 3552 quod
844 3489 1026 3534 tamen
1049 3476 1176 3530 alibi
1211 3471 1587 3545 peccatoribus
1614 3469 1829 3538 regibus
1849 3465 2012 3520 abne-

438 3583 622 3648 gatum
634 3587 754 3628 esse
768 3569 1164 3641 cognoscimus,
1185 3565 1275 3633 qui
1297 3577 1468 3630 usque
1491 3560 1544 3613 in
1568 3561 1730 3614 ﬁnem
1753 3558 1875 3611 vitae
1902 3571 2013 3609 sua:

439 3647 496 3719 in
514 3663 777 3734 prepositi
804 3658 1160 3730 perversitate
1185 3659 1534 3708 manserunt:
1563 3657 1618 3704 et
1643 3649 1762 3702 ideo
1779 3648 1904 3716 quia
1933 3647 2015 3699 iu-

442 3764 530 3810 ter
543 3769 698 3822 reges
715 3753 891 3821 justus
915 3748 1112 3802 meruit
1133 3745 1370 3815 sepeliri,
1388 3759 1493 3798 non
1507 3742 1608 3796 fuit
1627 3741 1836 3794 alienus
1864 3755 1895 3793 a
1916 3753 2012 3793 ve-

440 3847 530 3904 nia
552 3861 566 3899 :
589 3845 802 3901 veniam
825 3850 1004 3897 autem
1029 3840 1200 3909 ipsam
1222 3838 1342 3893 sine
1360 3836 1681 3908 poenitentia
1707 3850 1815 3890 non
1839 3832 2015 3904 potuit

440 3948 761 4010 promereri.
792 3952 812 3986 ι

515 4067 849 4141 Augustinus
908 4064 964 4118 in
1013 4059 1237 4116 homilia
1281 4057 1469 4113 ultima
1513 4071 1580 4112 ex
1632 4073 1686 4121 ι,
1735 4071 1854 4123 ων.
1903 4053 2012 4107 ll:

451 4181 472 4216 ι
498 4161 668 4217 Nemo
712 4158 1026 4218 arbitretur,
1058 4153 1274 4219 fratres,
1305 4158 1591 4221 propterea
1633 4163 1691 4203 se
1733 4147 2017 4203 consilium

445 4250 738 4310 salutifera:
802 4245 961 4316 hujus
1026 4246 1222 4302 debere
1269 4242 1603 4313 penitentim
1652 4249 2015 4306 contemnere,

445 4343 573 4416 quia
598 4340 797 4396 multos
827 4339 968 4394 forte
1008 4336 1240 4391 advertit
1272 4344 1326 4389 et
1373 4335 1522 4389 novit
1550 4333 1618 4387 ad
1650 4347 1806 4386 sacra
1832 4331 2017 4385 altaris

2107 3147 2245 3199 ciam
2280 3162 2383 3198 vos.
2426 3143 2614 3197 Tollite
2632 3141 2822 3211 jugum
2850 3155 3020 3192 meum
3050 3153 3204 3207 super
3225 3152 3313 3189 vos
3334 3175 3348 3199 ,
3377 3144 3425 3187 et
3452 3133 3640 3186 discite
3661 3150 3693 3184 σι

2108 3253 2188 3294 me
2215 3236 2336 3305 quia
2361 3235 2501 3287 mitis
2523 3248 2638 3286 sum
2673 3240 2721 3284 et
2749 3229 2964 3283 humilia
2996 3227 3156 3280 corde
3175 3267 3189 3291 ,
3232 3235 3280 3279 et
3313 3224 3591 3277 invenietis
3617 3239 3693 3274 re-

2108 3329 2276 3398 quiem
2305 3325 2579 3379 animabus
2624 3323 2823 3377 restris.
2884 3320 3083 3390 Iugum
3114 3319 3252 3372 enim
3297 3333 3477 3369 meum
3514 3331 3692 3376 auare,

2108 3429 2155 3475 et
2183 3436 2312 3474 onus
2343 3435 2516 3472 meum
2553 3417 2678 3470 leve.
2737 3415 2855 3468 Non
2877 3429 3005 3482 ergo
3035 3427 3134 3466 nos
3173 3411 3239 3463 ad
3265 3409 3512 3462 laborem
3541 3413 3696 3460 vocat

2111 3508 2400 3572 Dominus,
2432 3506 2524 3560 sed
2554 3505 2620 3559 ad
2650 3503 3018 3558 refectionem.
3059 3499 3196 3566 Quid
3223 3512 3459 3566 namque
3486 3513 3518 3549 a
3541 3495 3694 3550 nobis

2111 3599 2299 3668 exigit,
2341 3596 2469 3666 quid
2496 3593 2742 3665 praestari
2773 3593 2875 3647 sibi
2910 3607 2940 3644 a
2969 3591 3126 3644 nobis
3159 3589 3340 3658 jubet,
3389 3587 3495 3640 nisi
3525 3585 3692 3639 solam

2112 3688 2484 3744 tantummodo
2500 3685 2680 3750 ﬁdem,
2713 3685 3039 3745 castitatem,
3068 3678 3456 3740 humilitatem,
3488 3675 3694 3730 sobrie-

2113 3789 2302 3846 tatem,
2320 3777 2769 3842 miscricordiam,
2788 3775 3133 3829 sanctitatem
3148 3773 3301 3840 ?quae
3314 3767 3693 3837 utiqueomnia

2111 3889 2219 3927 non
2249 3879 2478 3925 onerant
2504 3883 2602 3923 nos
2629 3909 2643 3934 ,
2691 3866 2785 3921 sed
2814 3873 3012 3920 ornant
3048 3883 3059 3917 :
3094 3878 3191 3916 nec
3221 3861 3393 3934 solum
3421 3860 3560 3924 hoc,
3605 3859 3697 3914 sed

2115 3964 2247 4018 adeo
2269 3964 2434 4016 vitam
2460 3967 2782 4030 prmseutem
2825 3965 3053 4021 ornant,
3101 3963 3159 4009 ut
3187 3953 3423 4007 futuram
3453 3952 3578 4022 plus
3610 3967 3696 4007 or-

2115 4072 2244 4111 nare
2273 4055 2503 4126 possint.
2519 4074 2537 4105 ι

2185 4145 2302 4200 Νοη
2325 4145 2498 4200 solum
2526 4143 2618 4213 qui
2651 4139 3105 4196 convertebantur
3129 4143 3188 4190 ut
3214 4135 3410 4189 Petrus
3433 4176 3448 4199 ,
3483 4150 3589 4187 non
3620 4133 3697 4186 eis

2117 4239 2494 4308 imponebatur
2515 4234 2830 4306 poenitentia
2852 4231 3088 4302 publica,
3113 4228 3207 4285 sed
3222 4228 3389 4282 etiam
3407 4225 3593 4279 multis
3609 4225 3696 4294 qui

2118 4340 2178 4384 ut
2203 4328 2403 4392 Judas,
2452 4335 2545 4381 aut
2584 4335 2642 4379 ut
2686 4334 2814 4395 pote
2863 4323 3028 4377 nimis
3062 4320 3261 4374 inﬁrmi
3305 4318 3696 4372 tolerabantur.

445 4391 729 4496 ;ccedere,
757 4445 986 4500 quorum
1033 4427 1160 4480 talia
1194 4425 1421 4479 crimina
1449 4438 1555 4477 non
1584 4423 1812 4493 ignorat.
1866 4421 2016 4476 Multi
2042 4391 2093 4450 D
2119 4421 2213 4476 Illa
2240 4429 2321 4474 est
2361 4391 2593 4473 secunda
2620 4391 2759 4470 ratio
2781 4429 2943 4484 quam
2969 4412 3302 4482 Augustinus
3333 4409 3505 4464 refert
3525 4409 3581 4462 in
3605 4409 3699 4462 ho-

446 4523 594 4580 enim
643 4521 988 4590 corriguntur
1031 4525 1091 4570 ut
1121 4517 1329 4569 Petrus.
1363 4533 1380 4566 ι
1426 4513 1604 4579 Quare
1633 4527 1869 4566 canones
1903 4511 2018 4581 epi-

448 4615 627 4686 scopis
649 4612 969 4685 permittunt
994 4606 1324 4678 paenitentia:
1369 4619 1556 4674 poenas
1595 4617 1660 4658 eo
1700 4601 1930 4655 leviores
1959 4616 2021 4655 ac

452 4705 691 4759 minores
729 4701 954 4755 reddere
973 4738 987 4764 ,
1032 4712 1137 4766 quo
1160 4695 1331 4763 magis
1355 4693 1533 4747 cordis
1563 4690 1904 4761 compunctio
1928 4705 2024 4742 au-

452 4801 609 4864 getur
635 4809 650 4846 :
683 4798 844 4859 atque
882 4789 1072 4842 Patres
1093 4785 1284 4840 docent
1313 4798 1418 4836 non
1450 4791 1557 4835 tam
1581 4779 2021 4835 considerandam

452 4896 574 4939 esse
614 4894 924 4935 mensuram
958 4877 1216 4946 temporis
1244 4888 1404 4943 quam
1430 4871 1650 4926 doloris.
1691 4869 2025 4940 Augustinus

453 4975 507 5028 in
534 4969 848 5026 Enchiridio
875 4967 942 5020 ad
969 4966 1334 5026 Laurentium,
1381 4977 1501 5030 cap.
1533 4960 1601 5014 65
1628 4977 1640 5012 :
1685 4977 1702 5008 ι
1729 4960 1786 5013 ln
1814 4959 2026 5012 actione

453 5073 637 5121 autem
678 5057 1037 5131 ptenitcntiae,
1068 5057 1160 5110 ubi
1189 5055 1292 5109 tale
1325 5056 1531 5109 crimen
1553 5051 1899 5107 commissum
1923 5059 2025 5115 est,

452 5168 512 5211 ut
557 5157 602 5210 is
633 5153 726 5225 qui
768 5149 1039 5206 commisit
1082 5164 1113 5201 a
1138 5146 1338 5201 Christi
1359 5147 1519 5200 etiam
1559 5158 1784 5213 corpore
1813 5157 2029 5211 separe-

454 5259 575 5314 tur,
623 5261 729 5300 non
773 5252 880 5298 tam
927 5237 1317 5296 consideranda
1359 5245 1442 5291 est
1477 5250 1728 5290 mensura
1766 5233 2024 5302 temporis

455 5354 615 5408 quam
663 5335 882 5391 doloris.
940 5333 1046 5389 Cor
1075 5330 1219 5386 enim
1263 5329 1554 5383 contritum
1597 5336 1653 5382 et
1687 5326 2026 5381 humiliatum

458 5431 599 5483 Deus
629 5443 732 5482 non
761 5427 988 5497 spernit.
1019 5445 1037 5478 ι
1080 5424 1189 5478 Leo
1216 5422 1259 5486 l,
1303 5422 1354 5475 in
1386 5436 1471 5491 ep.
1517 5422 1582 5474 ad
1634 5419 1873 5474 Nicetarn
1915 5419 2029 5489 epi-

458 5535 681 5588 scopum
705 5518 1122 5588 Aquileiensem,
1143 5532 1259 5585 cap.
1286 5513 1350 5566 5:
1393 5531 1410 5562 ‹
1440 5511 1830 5566 Consultationi
1854 5511 2031 5566 chari-

461 5612 589 5665 tatis
613 5617 712 5658 tua:
738 5607 838 5660 hoc
867 5607 1026 5660 ctiam
1056 5604 1485 5675 respondendum
1517 5618 1634 5658 esse
1666 5602 2026 5667 credidimus;

2120 4512 2268 4567 milia
2295 4527 2358 4566 ex
2391 4525 2445 4574 1.,
2469 4525 2588 4580 cap.
2626 4508 2682 4562 11
2712 4527 2722 4560 ;
2760 4526 2777 4558 ‹
2808 4505 2957 4560 Multi
2980 4505 3122 4559 enim
3152 4502 3501 4572 corriguntur
3522 4509 3580 4552 ut
3605 4499 3700 4552 Pe-

2124 4608 2257 4667 trus,
2290 4601 2442 4655 multi
2471 4600 2770 4654 tolerantur
2793 4605 2852 4651 ut
2872 4594 3058 4650 Judas.
3089 4615 3106 4646 ι
3150 4593 3409 4647 Eamdem
3434 4592 3700 4644 rationem

2124 4691 2253 4745 alibi
2300 4689 2531 4761 explicat
2559 4695 2776 4744 sanctus
2816 4685 3150 4756 Augustinus
3185 4683 3238 4736 in
3267 4681 3361 4734 lib.
3394 4679 3465 4733 de
3492 4678 3624 4733 Fide
3650 4687 3702 4731 et

2124 4781 2414 4852 Operibus,
2443 4795 2562 4849 cap.
2591 4778 2626 4832 5
2652 4796 2665 4831 :
2713 4795 2732 4829 ι
2761 4776 3061 4844 Utrumque
3086 4772 3387 4826 faciendum
3412 4779 3500 4824 est
3518 4811 3531 4831 ,
3568 4770 3704 4823 sicut

2124 4882 2180 4927 et
2220 4872 2551 4926 inﬁrmitatis
2588 4869 2873 4925 diversitas
2905 4870 3187 4927 admonet,
3214 4879 3404 4918 eorum
3432 4879 3573 4932 quos
3599 4860 3699 4914 uti—

2126 4980 2232 5034 que
2262 4980 2369 5019 non
2410 4962 2714 5033 perdendos
2740 5001 2754 5026 ,
2801 4960 2895 5014 sed
2937 4957 3287 5026 corrigendos
3325 4953 3702 5022 curandosque

2127 5055 2461 5124 suscepimus
2487 5095 2500 5118 ,
2545 5061 2600 5107 et
2627 5052 2762 5106 alius
2787 5051 2886 5114 sic,
2919 5049 3058 5103 alius
3094 5055 3275 5101 autem
3321 5046 3405 5099 sic
3431 5042 3702 5099 sanandus

2127 5155 2246 5202 est:
2287 5147 2361 5200 ita
2399 5147 2563 5200 etiam
2603 5150 2687 5198 est
2728 5142 2866 5196 ratio
2912 5137 3287 5194 dissimulandi
3336 5145 3396 5191 et
3440 5133 3701 5190 tolerandi

2131 5236 2300 5290 malos
2324 5235 2377 5289 in
2407 5233 2647 5290 Ecclesia
2675 5250 2686 5286 :
2719 5239 2774 5286 et
2809 5239 2891 5286 est
2920 5245 3108 5284 rursus
3142 5227 3280 5281 ratio
3312 5225 3618 5295 castigandi
3653 5229 3704 5275 et

2134 5326 2458 5398 corripiendi
2486 5365 2500 5390 ,
2550 5339 2658 5379 non
2695 5321 3014 5377 admittendi
3052 5320 3190 5374 vela
3217 5319 3602 5374 communione
3628 5329 3706 5369 re-

2134 5418 2404 5472 movendi.
2445 5416 2639 5470 Errant
2667 5401 2843 5468 autem
2875 5412 3123 5467 homines
3157 5425 3258 5464 non
3285 5419 3573 5463 servantes
3602 5420 3707 5460 mov

2136 5510 2284 5572 dum,
2317 5519 2515 5564 etcum
2543 5508 2595 5561 in
2627 5521 2786 5561 uuam
2816 5513 3022 5574 partem
3061 5501 3374 5572 procliviter
3413 5500 3499 5554 ire
3537 5511 3708 5566 cmpe-

2141 5603 2264 5668 rint,
2324 5616 2426 5655 non
2470 5599 2764 5668 respiciunt
2819 5595 3013 5649 divina:
3062 5593 3402 5648 auctoritatis
3433 5592 3541 5646 alia
3567 5588 3710 5644 testi-
