3968 6180
489 320 624 375 19ἰ9

1052 321 1397 378 ΤΗΞΞΟΟΟΒΙ
1434 325 1750 380 ΑΒΟΗΙΕΡ.
1796 327 2041 383 (ΖΑΝΤΕ

2188 332 2528 387 DOCTiilNA
2572 337 2658 390 DE
2698 338 3146 396 POENITENTIA

3611 347 3631 400 I
3641 347 3751 403 2‘20

485 445 569 492 ter
592 434 930 490 eradicarent
957 442 1012 487 et
1061 436 1318 499 triticum,
1349 435 1647 492 suﬂiciebat
1690 439 1828 493 cisa
1861 440 2061 493 talibus
2090 444 2136 499 Α
2165 444 2327 509 quo-i,
2362 455 2421 497 ut
2458 446 2654 509 dicitis,
2696 450 2996 504 necessitas
3039 452 3321 521 imperavit
3344 455 3397 508 in
3454 471 3587 526 pace
3625 457 3746 526 jam

485 525 650 581 corde
696 525 934 595 sejungi,
990 526 1099 580 vita
1153 528 1500 597 moribusque
1530 529 1811 596 distingui,
1842 540 2063 600 pr0ptcr

483 616 976 684 compensationem
1023 618 1388 671 custodiendae
1465 620 1614 687 pacis
1674 628 1730 674 et
1789 623 2057 686 unitatis,

482 716 704 777 propter
739 707 966 761 salutem
1002 707 1340 762 inﬁrmorum
1371 717 1425 763 et
1457 719 1711 779 tanquam
1746 710 2058 766 lactentium

486 799 899 863 frumentorum,
931 813 997 852 ne
1018 798 1260 852 membra
1283 799 1525 867 corporis
1546 799 1747 855 Christi
1774 816 1871 870 per
1893 802 2062 855 sacri-

481 888 596 957 lega
629 890 920 943 schismata
946 889 1250 944 laniarent?
1287 911 1304 943 ι
1349 890 1417 944 Et
1438 890 1575 944 infra
1600 933 1615 956 ,
1658 907 1778 962 cap.
1806 893 1839 946 4
1874 910 1887 945 :
1926 913 1944 944 ς
1974 893 2058 947 An

483 977 858 1042 immunditia,
917 992 985 1029 an
1037 978 1201 1031 etiam
1246 978 1518 1032 avaritia?
1557 980 1728 1046 Quam
1755 980 2059 1050 Cyprianus

481 1070 643 1125 corde
665 1084 769 1123 non
798 1070 991 1139 tetigit,
1020 1077 1076 1125 et
1101 1078 1280 1125 tamen
1308 1072 1449 1126 inter
1478 1088 1673 1128 avaros
1701 1075 2055 1143 pacatissime

477 1161 632 1214 vixit.
664 1159 780 1215 Non
807 1162 952 1215 enim
1005 1162 1361 1216 obsurduerat
1409 1164 1670 1219 adversus
1698 1166 1867 1219 verba
1906 1166 2057 1221 Psal-

482 1265 690 1304 ntorum
720 1259 779 1304 ut
802 1252 1014 1305 sederet
1041 1252 1097 1305 in
1127 1253 1505 1307 conventiculo
1538 1255 1819 1315 vanitatis,
1852 1264 1907 1310 et
1932 1272 2055 1310 cum

480 1341 801 1397 facinorosis
830 1343 1078 1398 introiret
1105 1359 1118 1397 :
1148 1344 1271 1399 odio
1296 1361 1404 1399 non
1429 1346 1656 1401 haberet
1670 1348 1875 1402 curiam
1906 1350 2057 1403 mali-

484 1447 732 1501 gnorum,
783 1441 987 1487 etcum
1043 1432 1221 1501 impiis
1250 1450 1353 1488 non
1383 1436 1615 1489 sederet.
1695 1435 1890 1491 Annon
1938 1447 2055 1492 erat

482 1523 911 1577 conventiculum
958 1523 1210 1578 vanitatis
1258 1524 1311 1578 in
1342 1524 1421 1579 eis
1462 1526 1575 1595 qui,
1604 1528 1967 1583 esurientibus
1996 1530 2051 1583 in

485 1614 725 1668 Ecclesia
779 1613 1056 1679 fratribus,
1091 1614 1394 1685 largissime
1421 1625 1644 1687 argento
1672 1618 1844 1674 nitere
1869 1619 2052 1689 cupie-

479 1702 654 1756 bant?
709 1702 900 1757 Annon
945 1714 1098 1758 erant
1124 1704 1410 1760 facinerosi
1437 1708 1528 1775 qui
1560 1706 1752 1762 fundos
1794 1709 2049 1765 insidiose

2165 532 2437 587 Ecclesias
2482 538 2805 592 constitutas
2846 554 2950 593 non
3006 555 3164 609 posse
3207 557 3569 612 prtesumere;
3624 550 3746 615 sed,

2163 632 2222 677 ut
2251 639 2392 693 szepe
2426 627 2644 689 accidit,
2672 629 2883 697 quoties
2912 645 2940 683 a
2977 632 3185 701 populis
3215 644 3305 688 aut
3348 636 3505 692 turba
3542 652 3748 709 pecca-

2163 721 2271 777 tur,
2315 715 2440 783 quia
2471 717 2523 769 in
2559 732 2746 773 omnes
2800 729 3022 791 propter
3053 723 3452 782 multitudinem
3505 745 3613 785 non
3645 748 3747 801 po-

2162 808 2269 856 test
2295 804 2578 870 viudicari,
2611 807 2837 862 inultum
2872 810 3009 865 solet
3034 814 3283 879 transire,
3326 817 3511 884 priora
3557 821 3747 875 dimit-

2163 894 2320 949 tenda
2347 896 2441 950 Dei
2469 897 2697 967 judicio,
2736 899 2885 954 etde
2940 902 3148 971 reliquo
3195 908 3428 962 maxima
3471 909 3741 966 sollicitu-

2159 988 2283 1041 dine
2306 991 2741 1058 praecavendum.
2783 1011 2802 1045 ι
2838 993 2905 1048 Et
2940 995 2994 1049 in
3022 997 3245 1066 epistola
3292 1002 3359 1055 ad
3387 1004 3660 1073 synodum
3686 1006 3738 1060 iu

2160 1078 2415 1132 Toletana
2470 1080 2685 1135 civitate
2723 1083 3096 1151 constitutam,
3149 1101 3266 1156 cap.
3302 1089 3321 1142 i
3357 1106 3371 1143 :
3411 1108 3431 1141 ¢
3484 1091 3730 1158 Quonim

2158 1170 2356 1226 factum
2404 1173 2479 1227 ita
2536 1176 3007 1244 reprehendimus,
3062 1188 3123 1233 ut
3168 1191 3391 1251 propter
3442 1200 3739 1241 numerum

2156 1263 2621 1333 corrigendorum,
2654 1281 2717 1319 ea
2770 1282 2889 1336 qua:
2939 1283 3156 1337 quoquo
3186 1273 3344 1328 modo
3390 1270 3537 1330 facta
3581 1286 3732 1340 sunt,

2154 1367 2263 1407 non
2293 1354 2346 1406 in
2370 1354 2591 1409 dubium
2619 1371 2893 1419 vocemus,
2918 1358 3013 1413 sed
3047 1357 3142 1415 Dei
3179 1365 3362 1432 potius
3392 1367 3737 1424 dimittamus

2147 1442 2371 1511 judicio.
2406 1463 2423 1495 ι

2223 1532 2511 1589 Salvianus
2554 1544 2773 1607 prepter
2816 1540 3058 1597 eamdem
3104 1542 3367 1598 rationem
3419 1545 3737 1604 innumeros

2153 1621 2264 1677 fere
2295 1624 2566 1694 improbos
2593 1626 2645 1679 in
2677 1627 2914 1683 Ecclesia
2958 1631 3218 1687 toleratos
3241 1632 3408 1689 fuisse
3436 1635 3605 1690 refert
3635 1638 3730 1691 lib.

2152 1728 2212 1765 tu
2240 1712 2306 1766 de
2328 1729 2456 1767 vero
2497 1713 2707 1769 Judicio
2753 1725 2808 1771 et
2850 1718 3191 1776 Providentia
3242 1724 3375 1777 Dei:
3411 1743 3431 1771 α
3488 1725 3733 1793 Quorum

480 1794 737 1850 fratribus
780 1797 1091 1865 rapiebant?
1143 1797 1226 1850 An
1285 1799 1596 1868 nequissimi
1629 1807 1684 1854 et
1736 1800 1885 1871 impii
1940 1817 2044 1855 non
2080 1784 2121 1842 Β
2150 1801 2294 1856 enim
2315 1816 2581 1874 quemque
2628 1806 2866 1864 invenies
2909 1811 2963 1865 in
3002 1812 3243 1868 Ecclesia
3272 1830 3378 1870 non
3416 1826 3508 1872 aut
3555 1820 3738 1874 ebrio-

478 1897 652 1953 erant,
678 1890 769 1958 qui
806 1891 983 1945 usuris
1033 1892 1511 1962 multiplicantibus
1542 1894 1697 1949 fenus
1744 1898 2048 1967 augebant?

477 1980 567 2033 llle
593 1995 722 2035 vero
759 1981 971 2036 lavabat
1018 1998 1209 2038 manus
1256 1999 1381 2037 suas
1411 2000 1533 2037 cum
1565 1985 1963 2052 innocentibus,
1995 1996 2050 2042 et

477 2071 845 2126 circumdabat
892 2072 1062 2128 altare
1116 2073 1347 2128 Domini.
1390 2075 1512 2129 ldco
1541 2076 1738 2146 quippe
1784 2076 2044 2132 tolerabat

479 2170 754 2226 nocentes,
770 2178 839 2217 ne
857 2163 1132 2217 desereret
1150 2164 1484 2229 innocentes,
1498 2181 1623 2219 cum
1643 2167 1840 2235 quibus
1853 2182 2047 2222 manus

477 2251 717 2318 lavabat,
744 2255 870 2324 quia
910 2254 1165 2325 diligebat
1193 2257 1424 2325 speciem
1447 2257 1640 2313 domus
1665 2258 1900 2322 Domini,
1928 2273 2047 2328 qure

477 2342 686 2411 species
708 2342 759 2396 in
792 2342 936 2396 vasis
960 2343 1364 2399 honorabilibus
1397 2344 1516 2400 fuit.
1550 2367 1568 2397 ι

550 2453 644 2508 His
674 2455 926 2508 omnibus
960 2456 1220 2526 exemplis
1257 2465 1435 2513 motus
1465 2468 1687 2515 sanctus
1714 2460 2048 2533 Augustinus

477 2552 662 2599 censet
685 2544 925 2600 ebriosos
951 2554 1003 2599 et
1032 2556 1445 2612 comessatores,
1474 2564 1703 2619 quorum
1737 2559 1885 2604 tanta
1932 2562 2050 2607 erat

478 2630 762 2685 multitudo
785 2671 800 2696 ,
838 2633 1017 2700 potius
1044 2632 1351 2689 tolerandos
1368 2649 1488 2690 esse
1515 2653 1676 2706 quam
1709 2638 1776 2692 ab
1807 2638 2045 2694 Ecclesia

477 2726 738 2779 arcendos
765 2736 818 2779 et
844 2741 1033 2794 aspera
1065 2726 1382 2795 poenitentia
1412 2728 1743 2798 plectendos.
1774 2729 1866 2785 Sic
1895 2731 2041 2785 enim

478 2817 714 2885 loquitur
744 2816 796 2869 in
824 2816 1047 2885 epistola
1076 2816 1143 2869 (Si
1191 2834 1202 2869 :
1240 2835 1258 2866 ‹
1295 2816 1429 2870 Cum
1454 2818 1598 2873 enim
1625 2819 1913 2888 Apostolus
1940 2820 2044 2874 tria

476 2908 716 2962 breviter
741 2922 936 2977 genera
977 2908 1227 2962 vitiorum
1254 2907 1570 2963 detestanda
1608 2920 1663 2965 et
1688 2912 1911 2966 vitanda
1937 2928 2046 2967 uno

477 2999 531 3053 in
561 2999 678 3052 loco
704 2998 977 3068 posuerit,
1008 2999 1073 3054 de
1102 2999 1295 3068 quibus
1340 2999 1809 3056 innumerabilium
1858 3018 2046 3072 pecca-

475 3096 654 3141 torum
689 3087 929 3158 exsurgit
976 3100 1146 3158 seges,
1178 3105 1345 3142 unum
1382 3090 1594 3155 borum,
1632 3091 1774 3161 quod
1804 3093 2042 3146 secundo

475 3179 593 3233 loco
628 3180 832 3249 posuit,
880 3181 1142 3235 acerrime
1177 3181 1229 3235 in
1280 3180 1520 3236 Ecclesia
1567 3183 1903 3249 vindicatur;
1937 3185 2052 3239 duo

473 3282 650 3328 autem
682 3273 905 3342 reliqua,
936 3273 990 3327 id
1014 3273 1345 3343 estprimum
1372 3281 1425 3329 et
1451 3275 1717 3340 ultimum,
1743 3277 2042 3332 tolerabilia

474 3363 725 3418 videntur
754 3363 1095 3427 hominibus;
1124 3372 1286 3433 atque
1311 3363 1384 3418 ita
1406 3365 1665 3433 paulatim
1694 3366 1809 3421 fieri
1838 3376 2039 3436 potest,

474 3462 529 3509 ut
556 3470 657 3509 nec
675 3455 800 3508 vitia
825 3454 936 3525 jam
959 3461 1235 3524 putentur.
1260 3453 1349 3508 Ait
1375 3454 1517 3508 enim
1563 3455 1670 3510 Vas
1714 3456 1992 3511 electionis
2025 3476 2037 3511 :

472 3563 574 3601 non
599 3546 653 3599 in
679 3544 1190 3599 commessationibus
1211 3553 1258 3598 et
1288 3544 1620 3598 ebrietatibus
1642 3586 1656 3609 ,
1689 3562 1790 3599 non
1818 3547 1872 3601 in
1900 3548 2042 3601 cubi-

470 3635 602 3688 libus
640 3643 686 3688 et
716 3634 1080 3702 impudicitiis,
1109 3650 1211 3687 non
1255 3634 1310 3687 in
1341 3635 1667 3688 contentione
1696 3645 1745 3688 et
1771 3636 1916 3701 dolo,
1948 3637 2041 3692 sed

473 3723 680 3776 induite
712 3738 809 3776 vos
832 3722 1114 3775 Dominum
1142 3722 1323 3775 Iesum
1347 3720 1641 3788 Christum,
1678 3731 1724 3776 et
1747 3724 1920 3778 carnis
1950 3741 2041 3778 cu-

471 3827 586 3863 ram
622 3827 685 3865 ne
732 3812 957 3881 feceritis
1012 3812 1068 3864 in
1124 3812 1597 3881 concupiscentiis.
1659 3814 1862 3870 Horum
1910 3831 2040 3887 ergo

472 3902 656 3966 trium,
686 3901 877 3956 cubilia
914 3910 968 3956 et
997 3902 1341 3971 impudicitia:
1366 3943 1381 3969 ,
1420 3912 1529 3958 tam
1555 3920 1803 3976 magnum
1833 3908 2038 3963 crimen

470 3997 750 4060 putantur,
776 3999 836 4043 ut
870 4004 1028 4045 nemo
1073 3990 1265 4059 dignus
1313 4007 1418 4047 non
1464 3994 1624 4047 modo
1670 3995 2037 4052 ecclesiastico

469 4079 790 4144 ministerio,
828 4080 921 4134 sed
950 4079 1064 4149 ipsa
1088 4080 1252 4134 etiam
1300 4090 1760 4137 sacramentorum
1796 4100 2037 4140 commu-

467 4172 626 4225 nione
655 4172 930 4237 videatur,
962 4173 1053 4241 qui
1096 4187 1153 4226 se
1180 4172 1283 4226 isto
1310 4182 1531 4243 peccato
1568 4174 1937 4230 maculaverit.
1970 4177 2036 4230 Et

468 4271 613 4317 recte
657 4263 894 4317 omnino.
961 4263 1068 4318 Sed
1114 4278 1280 4332 quare
1325 4263 1534 4318 solum?
1604 4264 2034 4322 Comessationes

465 4355 609 4411 enim
655 4363 710 4410 et
753 4356 1042 4410 ebrietates
1086 4355 1157 4409 ita
1195 4371 1465 4411 concessae
1496 4365 1550 4411 et
1571 4356 1729 4411 licita:
1756 4365 2028 4427 putantur,

465 4455 525 4501 ut
554 4448 608 4501 in
636 4448 894 4502 honorem
923 4449 1087 4502 etiam
1112 4448 1547 4503 beatissimorum
1577 4458 1895 4520 martyrum,
1925 4466 2029 4505 non

464 4537 634 4592 solum
672 4552 768 4607 per
787 4538 900 4592 dies
924 4537 1210 4602 solemnes,
1236 4539 1377 4607 quod
1403 4539 1572 4608 ipsum
1595 4540 1887 4611 lugendum
1911 4542 2031 4611 quis

466 4628 579 4681 non"
604 4627 783 4681 videat
812 4627 904 4696 qui
952 4629 1064 4682 hate
1089 4643 1195 4682 non
1226 4629 1404 4683 carnis
1437 4629 1609 4684 oculis
1646 4631 1902 4700 inspicit,
1937 4634 2032 4687 sed

463 4718 624 4771 etiam
650 4718 889 4787 quotidie
936 4719 1304 4781 celebrentur,
1356 4727 1461 4775 etc.
1497 4740 1515 4772 ι
1556 4721 1623 4775 Et
1670 4722 1828 4790 paulo
1857 4732 1977 4793 post
2015 4743 2026 4778 ε

460 4800 488 4855 ἰ
523 4808 637 4863 Non
665 4823 794 4877 ergo
819 4824 1006 4878 aspere
1032 4851 1045 4875 ,
1076 4818 1334 4880 quantum
1363 4811 1642 4877 existimo,
1674 4828 1781 4866 non
1803 4813 2028 4868 duriter.

465 4904 569 4951 nun
592 4900 751 4954 modo
783 4900 1069 4969 imperioso
1112 4902 1214 4955 ista
1254 4901 1512 4955 tolluntur
1534 4942 1548 4966 ,
1592 4903 1762 4972 magis
1789 4903 2032 4959 docendo

463 5000 623 5055 quam
641 4986 898 5056 iubendo,
940 4994 1110 5060 magis
1132 4992 1395 5046 monendo
1420 5007 1579 5061 quam
1607 4992 1881 5047 minando.
1935 4993 2027 5048 Sic

462 5078 605 5130 Cuim
658 5076 923 5145 agendum
972 5087 1055 5131 est
1089 5094 1211 5132 eum
1249 5079 1589 5135 multitudine
1641 5082 2023 5150 peccantium:

461 5164 720 5219 severitas
776 5170 954 5219 autem
1003 5166 1305 5220 exercenda
1355 5176 1439 5221 est
1477 5168 1529 5220 in
1559 5179 1780 5237 peccata
1827 5186 2027 5239 pauco-

461 5273 597 5310 rum.
634 5276 652 5307 ι
686 5256 835 5311 Hanc
884 5265 1046 5312 tantm
1088 5257 1428 5329 indulgentia:
1480 5262 1762 5325 unionem,
1808 5278 1912 5331 qua
1939 5265 2028 5318 hic

458 5355 512 5400 et
540 5349 665 5402 alibi
703 5349 1014 5418 frequenter
1054 5351 1226 5403 utitur
1283 5358 1337 5402 ct
1368 5352 1661 5419 prmsertim
1712 5352 1765 5405 in
1791 5353 1927 5407 libro
1962 5369 2022 5407 tu

459 5447 643 5491 contra
680 5441 958 5510 epistolam
1013 5440 1378 5502 Parmenioni,
1434 5443 1548 5509 ipse
1588 5443 1917 5513 Augustinus
1945 5445 2025 5498 di-

446 5544 611 5584 scere
632 5540 884 5599 potuerat
905 5534 971 5588 ab
993 5532 1306 5589 Innocentio
1335 5534 1373 5598 l,
1409 5536 1494 5603 qui
1524 5536 1596 5589 ita
1626 5538 1679 5591 in
1706 5537 1928 5608 epistola
1958 5537 2021 5590 ad

456 5620 734 5688 episcopos
764 5621 1108 5684 Macedonire,
1143 5642 1261 5695 cap.
1292 5625 1324 5679 ϐ
1351 5645 1362 5679 :
1416 5644 1433 5675 ‹
1480 5624 1770 5682 ‘Pervideat
1798 5645 1923 5700 ergo
1946 5630 2024 5682 di-

456 5706 614 5761 lectio
639 5719 817 5765 vestra
864 5700 1127 5767 hactenus
1169 5715 1294 5769 talia
1346 5716 1626 5777 transisse.
1655 5727 1709 5772 et
1764 5718 2025 5774 advertite

2151 1900 2404 1957 sum,aut
2451 1894 2774 1955 belluonem.
2803 1907 2895 1953 aut
2947 1901 3270 1970 adulterum,
3301 1914 3396 1958 aut
3439 1906 3736 1963 fornicato-

2151 2000 2287 2051 rem,
2317 1994 2411 2039 aut
2433 1995 2721 2056 raptorem,
2751 1998 2841 2045 aut
2870 2006 3186 2060 ganeonem,
3211 2005 3305 2050 aut
3324 1997 3611 2063 latronem,
3639 2011 3737 2055 aut

2151 2077 2508 2131 homicidam?
2534 2079 2599 2131 Et
2646 2080 2789 2147 quod
2814 2083 3063 2137 omnibus
3092 2083 3245 2154 pejus
3290 2096 3392 2149 est,
3422 2104 3589 2158 prope
3618 2091 3733 2146 lucc

2150 2175 2340 2222 cuncta
2368 2168 2485 2222 sine
2514 2167 2619 2223 ﬁne
2642 2211 2655 2233 ,
2713 2178 2817 2224 etc.
2868 2171 2923 2225 ln
2954 2173 3092 2228 hanc
3136 2176 3278 2229 enim
3308 2178 3729 2246 probrositatem

2150 2276 2358 2315 morum
2386 2277 2554 2331 prope
2578 2263 2754 2317 omnis
2779 2263 3033 2319 Ecclesia:
3083 2266 3236 2335 plebs
3262 2270 3480 2324 redacta
3507 2282 3619 2333 est,
3672 2280 3733 2328 ut

2150 2354 2203 2406 in
2231 2359 2425 2406 cuncto
2452 2352 2646 2423 populo
2660 2351 2970 2409 Christiano
2991 2370 3160 2426 genus
3181 2358 3578 2426 quodammodo
3604 2374 3733 2416 san-

2149 2443 2353 2498 ctitatis
2387 2444 2477 2507 sit,
2508 2445 2686 2499 minus
2740 2459 2861 2501 esse
2891 2447 3164 2512 vitiosum,
3189 2456 3292 2502 etc.
3324 2450 3383 2503 In
3411 2451 3615 2521 templa
3628 2466 3731 2507 au-

2150 2544 2278 2597 tcm,
2305 2535 2390 2591 vel
2421 2537 2599 2605 potius
2628 2538 2678 2592 in
2710 2538 2900 2594 altaria
2929 2547 3092 2609 atque
3114 2541 3169 2595 in
3199 2543 3437 2596 sacraria
3470 2543 3731 2614 Dei,pas-

2148 2630 2250 2683 sim
2280 2644 2468 2684 omnes
2498 2631 2696 2685 sordidi
2722 2646 2786 2685 ac
2807 2631 3054 2702 ﬂagitiosi
3095 2633 3210 2687 sine
3244 2634 3351 2688 ulla
3396 2636 3612 2704 penitus
3640 2651 3728 2692 re-

2149 2720 2390 2773 verentia
2434 2721 2572 2774 sacri
2618 2721 2838 2777 honoris
2868 2723 3200 2793 irrumpunt,
3252 2732 3360 2779 etc.
3405 2725 3646 2795 Denique
3681 2727 3725 2781 si

2148 2809 2263 2863 vult
2288 2810 2554 2880 quispiam
2584 2811 2725 2865 scire
2754 2813 2881 2882 quid
2910 2813 2963 2866 in
2990 2812 3189 2882 templo
3218 2813 3525 2884 huiusmodi
3553 2815 3728 2870 homi-

2148 2913 2246 2953 nes
2273 2900 2630 2968 cogitaverim
2656 2941 2671 2965 ,
2721 2903 2901 2956 videat
2945 2903 3072 2972 quid
3113 2914 3388 2972 sequatur.
3449 2904 3729 2975 Siquidem

2145 2990 2531 3044 consummatis
2553 2989 2884 3046 solemnibus
2909 2992 3097 3057 sacris,
3130 2994 3312 3048 statim
3346 2995 3418 3050 ad
3438 3006 3726 3051 consuetu-

2147 3078 2353 3132 dinaria
2380 3080 2619 3134 omnium
2667 3082 2843 3135 studia
2879 3083 3189 3139 discurrunt
3216 3124 3231 3145 .
3280 3085 3371 3139 alii
3414 3087 3622 3142 scilicet
3669 3097 3729 3142 ut

2144 3165 2410 3233 furentur,
2441 3169 2529 3222 alii
2560 3179 2618 3223 ut
2654 3170 3007 3236 inebrientur,
3031 3172 3120 3227 alii
3158 3181 3217 3227 ut
3242 3172 3602 3241 fornicentur,
3635 3178 3728 3233 alii

2141 3265 2203 3311 ut
2230 3259 2617 3313 latrocinentur
2642 3278 2654 3312 :
2680 3269 2741 3315 ut
2767 3261 3046 3318 evidenter
3063 3274 3320 3334 appareat
3342 3267 3452 3322 hoc
3478 3282 3575 3321 eos
3607 3284 3727 3324 esse

2144 3349 2447 3413 meditatos,
2477 3348 2602 3402 dum
2630 3348 2770 3403 intra
2796 3351 3053 3420 templum
3079 3361 3237 3419 sunt,
3264 3357 3409 3423 quod
3437 3365 3723 3426 postquam

2141 3438 2343 3508 egressi
2367 3437 2565 3493 fuerint
2590 3449 3008 3509 exsequuntur.»

2213 3531 2493 3586 Postremo
2519 3529 2715 3585 Juliani
2752 3532 3008 3600 Pomerii,
3058 3546 3114 3590 et
3165 3535 3441 3592 Anastasii
3500 3537 3721 3594 Sinaitaa

2142 3622 2450 3677 testimonia
2472 3621 2766 3691 proferam,
2812 3639 3039 3692 quorum
3068 3627 3278 3695 primus
3298 3643 3422 3682 cum
3450 3629 3523 3683 sit
3570 3629 3717 3683 Lati-

2140 3730 2264 3780 nus,
2294 3714 2432 3769 alter
2459 3729 2588 3768 vero
2613 3713 2855 3780 Gra'cus,
2879 3717 3157 3786 utriusque
3207 3718 3462 3774 Ecclesia:
3490 3721 3720 3791 discipli-

2139 3821 2264 3860 nam
2305 3805 2579 3871 referunt;
2608 3814 2663 3859 et
2690 3815 2891 3875 quanta
2922 3807 3082 3862 fuerit
3109 3824 3236 3879 erga
3280 3820 3600 3880 peccatores
3625 3827 3716 3883 pu-

2138 3896 2308 3951 blicos
2340 3895 2591 3951 Ecclesiae
2617 3896 2942 3967 indulgentia
2970 3906 3190 3968 propter
3227 3901 3627 3957 multitudinem
3665 3913 3718 3958 et

2139 3986 2504 4042 inﬁrmitatem
2528 3989 2866 4057 peccantium
2897 3996 3179 4044 testantur.
3213 3989 3306 4045 Sic
3327 4008 3456 4047 vero
3475 3992 3714 4048 Julianus

2138 4075 2417 4132 Pomerius
2437 4079 2489 4131 in
2511 4078 2604 4133 lib.
2650 4095 2688 4133 ll
2736 4078 2803 4133 de
2832 4080 2952 4134 Vita
2976 4082 3396 4151 contemplativa
3418 4124 3434 4149 ,
3484 4099 3603 4155 cap.
3632 4084 3666 4139 5
3695 4103 3708 4137 :

2142 4184 2163 4219 ‹
2190 4166 2323 4222 Item
2349 4168 2455 4223 alio
2479 4167 2596 4222 loco
2622 4169 2762 4222 idem
2787 4169 3055 4238 apostolus
3073 4169 3229 4225 dicit:
3263 4173 3371 4226 Vos
3393 4176 3484 4242 qui
3513 4173 3709 4227 ﬁrmio-

2137 4273 2224 4314 res
2254 4259 2404 4323 cstis,
2440 4259 2834 4314 imbecillitates
2881 4260 3236 4316 inﬁrmiorum
3272 4266 3554 4320 sustinete.
3587 4266 3711 4321 Sus-

2138 4353 2270 4405 tinet
2294 4365 2422 4420 ergo
2460 4352 2835 4419 aequanimiter
2863 4360 2921 4405 ut
2966 4351 3231 4417 inﬁrmos,
3262 4370 3400 4424 quos
3429 4358 3712 4412 emendare

2137 4461 2241 4499 non
2279 4446 2517 4515 potuerit
2549 4445 2857 4515 castigatos.
2903 4445 3138 4500 Proinde
3166 4448 3290 4516 quia
3318 4463 3419 4502 nec
3469 4448 3711 4519 objugari

2135 4551 2320 4590 omnes
2340 4535 2570 4605 expedit,
2599 4551 2697 4591 nec
2736 4551 2923 4591 omnes
2968 4536 3160 4591 blande
3216 4540 3477 4603 tractari,
3537 4542 3708 4594 sciunt

2133 4627 2303 4691 sancti
2328 4626 2638 4681 sacerdotes
2657 4634 2818 4695 atque
2834 4627 3143 4682 discernunt
3164 4644 3300 4697 quos
3325 4631 3560 4684 debeant
3581 4639 3711 4684 tem-

2133 4724 2319 4786 perata
2345 4717 2632 4771 severitate
2658 4718 2951 4786 eom‘pcrc,
2985 4726 3040 4772 et
3089 4733 3225 4787 quos
3250 4719 3575 4774 sacerdotali
3600 4735 3709 4773 ma-

2132 4807 2482 4877 gnanimitate
2510 4815 2730 4875 portare
2757 4826 2769 4860 :
2800 4815 2855 4861 et
2881 4808 3000 4862 ideo
3027 4807 3266 4862 omnium
3315 4824 3451 4877 quos
3478 4825 3578 4878 per
3618 4809 3706 4863 Dei

2132 4900 2360 4968 gratiam
2375 4906 2586 4961 curant,
2606 4912 2708 4951 non
2725 4897 2985 4951 voluntati
3003 4897 3094 4952 sed
3113 4898 3329 4952 utilitati
3350 4899 3683 4968 prospiciunt

2132 4993 2370 5061 Denique
2392 4993 2525 5045 alios
2551 4991 2806 5046 honorari
2830 4991 3147 5046 deformiter
3166 4991 3489 5055 ambientes,
3514 4993 3706 5061 quibus

2130 5098 2235 5137 non
2260 5082 2512 5150 espedirc
2556 5088 2843 5141 noverunt,
2869 5095 2975 5133 non
3003 5080 3134 5133 vitio
3186 5078 3417 5146 alicujus
3454 5078 3667 5135 invidim
3688 5121 3703 5142 .

2128 5172 2221 5225 sed
2250 5171 2371 5224 altae
2394 5168 2692 5238 prudentia:
2721 5167 2946 5222 consilio
2990 5168 3447 5237 prmtermittunt;
3483 5178 3537 5222 et
3574 5170 3704 5224 alios

2127 5262 2292 5314 latere
2315 5260 2591 5329 cupientes
2610 5259 2901 5324 honorant,
2926 5268 2985 5312 ut
3009 5258 3088 5313 eis
3138 5258 3359 5312 aditum
3377 5261 3444 5313 ad
3478 5259 3707 5326 majores

2123 5352 2395 5422 profectus
2415 5350 2678 5421 aperiant.
2710 5350 2816 5404 Eos
2843 5365 2978 5419 quos
3004 5351 3234 5421 probant
3282 5351 3703 5421 increpationem

2124 5460 2283 5513 posse
2330 5443 2462 5513 pati,
2486 5441 2781 5511 castigant;
2835 5449 2890 5496 et
2923 5442 3267 5511 impatientes
3312 5441 3699 5511 oi'ujurgationis

2124 5543 2184 5587 ut
2206 5534 2486 5604 languidos
2510 5532 2729 5602 paipant
2755 5550 2767 5585 :
2798 5547 2903 5586 non
2933 5533 3013 5587 eis
3062 5533 3330 5588 adulando
3376 5533 3522 5601 quod
3572 5532 3700 5586 tales

2125 5633 2268 5686 sunt,
2292 5625 2385 5678 sed
2421 5623 2823 5677 infirmitatibus
2855 5622 3039 5677 talium
3074 5624 3467 5694 compatiendo,
3494 5624 3540 5679 si
3566 5621 3699 5677 forte

2124 5718 2282 5771 aliter
2305 5715 2485 5769 sanari
2526 5729 2632 5767 non
2666 5723 2907 5783 possunt.
2940 5735 2959 5768 ι
