3942 6182
328 258 465 315 {231

1201 248 1287 302 AB
1326 248 1492 303 031M
1536 247 1902 303 NOVITATIS
1944 245 2348 301 Sl'SPlCiONE
2386 244 2770 304 VlNDltIATA.

3462 250 3604 306 1:222

398 371 717 429 Anastasius
744 369 974 432 Sinaita,
1006 368 1072 422 ad
1128 368 1287 420 tinem
1315 367 1576 420 orationis
1610 367 1675 419 de
1727 373 1912 419 sancta
1949 369 1989 426 Α
2019 380 2258 428 cusasse,
2288 373 2620 434 ceterosque
2648 366 2931 434 episcopos
2952 366 3192 421 unanimi
3215 380 3483 423 consensu
3507 369 3607 422 ista

324 465 532 538 Synaxi
559 483 573 518 :
606 482 623 515 ι
664 464 816 527 Esto,
848 460 1041 515 fratem
1072 466 1221 513 tuum
1246 468 1586 527 peccatorcm
1618 457 1918 519 csse,unde

323 563 554 610 carteras
584 553 703 623 ejus
740 550 981 605 actiones
1014 558 1324 617 compertas
1359 548 1558 601 habes?
1582 546 1717 601 Nam
1763 546 1917 600 multi

323 644 523 700 crebro
552 641 895 711 reperiuntur
922 639 1013 707 qui
1054 636 1231 707 palam
1283 645 1607 705 peccaront;
1657 634 1752 689 sed
1776 634 1918 688 clam

322 745 383 789 et
409 732 620 788 occulte
677 742 928 797 magnam
979 726 1355 796 pmnitentiam
1409 731 1659 794 egerunt.
1711 724 1778 777 Et
1822 737 1921 777 nos

324 824 548 895 quidem
578 820 828 875 novimus
854 816 1070 886 quando
1088 823 1355 885 peccant,
1411 824 1466 868 at
1499 830 1629 868 vero
1653 812 1918 883 pmniten-

327 916 465 969 tiam
486 921 542 967 et
560 910 967 968 conversionem
994 906 1209 960 illorum
1252 906 1583 975 ignoramus,
1609 909 1665 958 et
1690 920 1719 957 a
1765 902 1922 957 nobis

326 1005 553 1074 quidem
586 1001 902 1073 judicantur
925 1004 1279 1067 peccatores,
1327 995 1468 1064 apud
1519 994 1684 1048 Deum
1738 1002 1922 1048 autem

324 1095 612 1167 iustiﬁcati
639 1100 785 1148 sunt.
823 1111 842 1144 ι

400 1212 519 1266 Non
550 1210 714 1282 igitur
743 1205 986 1262 absolute
1012 1200 1320 1259 necessaria
1370 1210 1453 1255 est
1482 1196 1798 1269 pmnitentia
1826 1211 1927 1266 pu-

326 1301 545 1365 blica,a
575 1313 679 1367 qua
711 1303 789 1350 tot
814 1294 1057 1365 publicos
1087 1298 1401 1362 peccatores
1431 1288 1672 1343 Ecclesia
1697 1284 1922 1349 exemit,

326 1399 552 1462 propter
579 1387 774 1442 multas
793 1383 975 1438 varias
1009 1382 1281 1447 rationes,
1332 1394 1451 1449 qua:
1492 1379 1536 1432 si
1568 1376 1619 1431 in
1672 1376 1926 1430 Patribus

329 1482 539 1538 laudari
571 1480 832 1541 debeant,
862 1475 1052 1530 saltem
1077 1474 1131 1527 in
1161 1472 1444 1527 Theodoro
1466 1468 1788 1540 reprehendi
1809 1483 1918 1522 non

326 1587 583 1650 possunt,
606 1577 757 1649 cujus
785 1574 1046 1631 sanctitas
1074 1579 1129 1628 et
1184 1571 1430 1627 doctrina
1458 1585 1488 1623 a
1519 1566 1737 1639 synodis
1767 1566 1927 1618 toties

328 1671 625 1754 praedicata
659 1677 760 1725 est.

956 1795 1184 1853 CAPUT
1222 1795 1316 1850 IX.

328 1934 580 2000 Defensio
610 1930 1039 2000 Redemptionum
1064 1924 1483 2000 pmnitentiarym
1511 1936 1653 2000 quas
1687 1920 1921 2000 {agones

344 2028 355 2035 ο
403 1990 647 2059 Μαι-ἕηκε
672 1990 974 2071 vituperat;
1002 1990 1074 2071 act
1089 1997 1286 2051 idcirco
1309 2012 1341 2049 a
1375 1990 1730 2048 Paenitentiali
1760 1990 1919 2044 Theo-

403 2076 521 2129 dori
544 2082 592 2128 et
620 2068 861 2126 Romano
886 2068 1182 2139 abjudicat.

402 2205 635 2261 Joannes
665 2204 929 2268 Morinus,
954 2201 1049 2256 lib.
1072 2218 1109 2255 ι
1129 2199 1196 2256 de
1219 2198 1703 2254 Administratione
1740 2211 1924 2252 sacra-

328 2297 525 2362 menti,
556 2310 676 2366 cap.
708 2295 767 2347 t7
798 2316 810 2346 :
846 2312 864 2344 ‹
900 2293 1025 2347 Tria
1054 2292 1211 2346 nobis
1233 2298 1521 2359 supersunt
1546 2287 1612 2343 de
1638 2289 1723 2342 his
1744 2287 1923 2358 poeni-

328 2389 624 2444 tentiarum
654 2383 1134 2456 Redemptionibus
1189 2381 1606 2437 demonstranda
1632 2421 1645 2443 ,
1694 2394 1815 2449 qua:
1843 2393 1926 2434 se-

326 2477 564 2548 paratim
591 2476 865 2546 explicare
887 2474 1067 2529 visum
1090 2480 1194 2529 est.
1228 2471 1454 2540 Quando
1479 2472 1534 2525 in
1555 2470 1797 2526 Ecclesia
1813 2483 1922 2525 co:-

327 2569 411 2639 pit
474 2567 617 2623 istud
672 2565 1056 2636 redemptionis
1099 2578 1302 2636 genus;
1366 2564 1581 2634 quando
1633 2563 1831 2618 desiit:
1868 2571 1923 2619 et

328 2674 438 2729 qua
454 2659 667 2714 ratione
678 2656 1063 2713 imminuendis
1085 2654 1323 2725 antiquis
1334 2654 1671 2724 pmnitentiis
1685 2653 1922 2709 occasio-

326 2764 458 2805 nem
485 2749 649 2805 dedit.
674 2748 936 2812 Primum,
971 2762 1042 2802 ex
1073 2748 1234 2803 dictis
1261 2747 1438 2817 capite
1471 2747 1808 2816 prazcedente
1837 2744 1921 2799 fa-

324 2838 436 2898 cile
456 2839 759 2911 colligitur:
786 2839 990 2895 nullum
1032 2839 1176 2894 enim
1205 2838 1573 2893 testimonium
1602 2837 1922 2909 octingentis

328 2940 390 2986 et
411 2931 617 3003 aliquot
644 2932 803 2987 annis
846 2930 1122 3000 antiquius
1163 2928 1520 3001 protulimus,
1580 2929 1703 2983 ideo
1752 2928 1922 2982 multo

2016 456 2309 523 probasse?
2336 454 2469 509 Cum
2497 455 2658 525 igitur
2679 470 2846 524 prava
2888 456 2988 509 ista
3031 454 3422 511 consuetudine
3464 456 3612 511 inva-

2017 546 2274 609 lesccnte,
2329 547 2495 616 aliqui
2538 548 2830 616 scriptorcs
2856 544 3121 614 ejusmodi
3172 547 3611 617 redemptionum

2018 636 2165 707 leges
2191 637 2460 692 Theodori
2498 637 2968 692 Pcenitentialibus
3014 638 3390 701 inseruisse-nt,
3422 646 3609 707 postea

2019 726 2346 795 exemplaria
2378 726 2447 780 ab
2479 727 2545 780 iis
2575 728 2840 795 de:cripta
2906 734 2958 781 et
2988 727 3226 797 undique
3260 727 3607 783 disseminata

2020 816 2204 870 multis
2229 816 2620 886 imposuerunt,
2652 825 2711 871 ut
2749 818 3016 872 Theodori
3059 818 3346 872 crederent
3370 834 3488 873 esse.
3515 818 3608 887 qui

2021 906 2191 974 ipsius
2219 907 2437 974 scriptis
2470 907 2665 962 infarta
2699 917 2905 965 tantum
2934 918 3109 963 erant.
3141 909 3287 964 Idem
3322 909 3611 965 dicendum

2021 997 2235 1051 videtur
2259 998 2326 1052 de
2345 997 2592 1051 Romano
2644 999 3025 1055 Pceuitentiali.
3058 1002 3227 1068 Quem
3274 1001 3610 1072 Halitgarius

2023 1098 2148 1144 ante
2175 1091 2515 1160 octingentos
2540 1107 2713 1147 annos
2750 1094 2954 1158 edidit,
2985 1104 3038 1149 et
3068 1096 3223 1149 libris
3266 1094 3380 1150 suis
3413 1095 3481 1149 de
3504 1093 3609 1149 Βρ-

2023 1183 2217 1238 mediis
2235 1191 2581 1253 peccatorum
2605 1184 2797 1239 ultimo
2819 1186 2937 1242 loco
2965 1186 3185 1241 addidit.
3222 1208 3240 1239 ι

2098 1292 2403 1363 Responsio.
2442 1324 2513 1334 —
2538 1292 2858 1363 Priusquam
2907 1295 3143 1350 rationes
3179 1294 3228 1349 J.
3275 1295 3469 1349 Morini
3516 1310 3607 1349 ex-

2025 1384 2342 1453 pendamus,
2370 1384 2667 1453 intelligere
2701 1376 2917 1453 oporlet
2962 1401 3211 1456 quanam
3259 1387 3367 1440 sint
3398 1387 3611 1440 redem-

2025 1473 2240 1541 ptiones
2272 1475 2713 1544 pmnitcntiarum
2742 1492 2862 1545 qua:
2897 1476 3204 1531 referuntur
3256 1478 3323 1531 ab
3382 1478 3611 1532 anctori-
3646 1540 3651 1545 η

2028 1565 2129 1619 bus
2154 1581 2218 1619 ex
2242 1566 2599 1636 pmnitentiali
2622 1566 2897 1622 Theodori
2921 1575 2974 1623 et
2998 1568 3263 1624 Romano.
3288 1568 3343 1623 Si
3369 1569 3493 1639 quis
3523 1577 3607 1622 at-

2030 1665 2177 1713 tente
2226 1658 2515 1728 perlegerit
2563 1674 2679 1724 eas,
2723 1675 2857 1730 quas
2906 1660 3189 1715 retulimus
3242 1662 3341 1715 sub
3392 1661 3611 1716 nomine

2028 1751 2298 1806 Theodori
2328 1767 2392 1807 ex
2414 1752 2599 1807 codice
2622 1767 2723 1807 ms.
2754 1762 2807 1809 et
2834 1767 2950 1821 quae
2977 1754 3225 1824 leguntur
3254 1754 3306 1807 in
3336 1752 3614 1808 Paeniten-

2028 1844 2142 1900 tiali
2176 1844 2442 1906 Romano,
2472 1845 2603 1899 nihil
2636 1844 2780 1899 aliud
2807 1861 2924 1900 esse
2952 1853 3242 1917 agnoscet,
3281 1861 3443 1915 quam
3466 1859 3613 1899 com-

2024 1934 2351 1989 mutationes
2381 1932 2659 2001 cujusdam
2690 1935 2901 2004 generis
2958 1936 3285 2004 paenitenter
3316 1936 3368 1988 in
3418 1934 3563 1988 aliud
3591 1951 3605 1987 :

2023 2030 2077 2077 et
2117 2023 2333 2092 quidem
2380 2031 2601 2093 propter
2648 2026 2987 2079 necessitatis
3037 2042 3240 2080 casum.
3291 2025 3461 2079 Porro
3495 2026 3611 2080 haec

2024 2114 2342 2182 pinnitentia
2379 2129 2594 2183 semper
2631 2115 2796 2169 valuit
2840 2118 2979 2186 apud
3008 2116 3317 2181 Dominum,
3354 2116 3445 2186 qni
3475 2132 3613 2170 nun-

2024 2219 2184 2273 quam
2224 2204 2275 2259 id
2304 2205 2446 2274 quod
2487 2206 2601 2259 ﬁeri
2641 2222 2745 2260 non
2794 2214 2970 2277 potest
3015 2208 3197 2279 jussit.
3228 2207 3419 2262 Mirum
3450 2207 3615 2278 igitur

2020 2297 2163 2366 quod
2184 2296 2233 2351 Ι.
2266 2295 2507 2351 Morinus
2555 2296 2788 2351 afﬁrmet
2825 2298 3027 2352 nullum
3069 2314 3359 2354 occurrere
3387 2297 3614 2366 hujusce

2022 2390 2099 2443 rei
2132 2390 2496 2445 testimonium
2516 2430 2530 2455 ,
2561 2390 2664 2444 nisi
2687 2398 2809 2460 post
2836 2407 3034 2446 annum
3069 2391 3271 2447 Christi
3298 2391 3613 2462 septingen-

2023 2481 2312 2536 tesimum:
2345 2497 2577 2551 raraque
2612 2498 2731 2537 esse
2770 2482 3032 2552 ejusmodi
3084 2485 3393 2538 testimonia
3438 2498 3611 2553 usque

2021 2571 2087 2625 ad
2111 2587 2308 2625 annum
2336 2572 2528 2627 salutis
2575 2576 3043 2644 nongentesimum
3069 2594 3082 2629 :
3114 2583 3169 2629 et
3198 2576 3459 2646 synodum
3484 2575 3604 2629 Clo-

2018 2662 2283 2718 vclhoviae
2306 2663 2426 2719 illas
2457 2665 2854 2736 redemptiones
2885 2668 3172 2721 damnasse
3198 2686 3210 2721 :
3239 2682 3303 2722 ac
3327 2675 3612 2738 propterea

2020 2769 2126 2809 non
2156 2769 2314 2824 posse
2336 2755 2404 2809 ad
2433 2755 2810 2811 Poenitentiale
2836 2758 3102 2813 Theodori
3132 2759 3425 2828 pertinere.
3462 2756 3607 2813 Con-

2020 2851 2129 2899 stat
2146 2846 2291 2900 enim
2322 2862 2353 2900 a
2393 2847 2598 2917 synodo
2638 2848 2998 2904 Clovelhovize
3048 2858 3255 2904 tantum
3299 2850 3609 2903 damnatum

2021 2934 2187 2990 fuisse
2238 2937 2463 2991 abusum
2494 2938 2944 3009 redemptionum,
2975 2941 3180 2995 scilicet
3205 2941 3421 3010 quando
3442 2956 3508 2995 eo
3544 2939 3612 2993 li-

333 3032 580 3097 tempore
605 3040 711 3081 non
732 3032 910 3095 potest
945 3025 1088 3079 hanc
1121 3025 1362 3096 epochen
1404 3023 1740 3079 antecedere.
1788 3022 1919 3079 Nul—
1944 3054 1989 3116 ο
2020 3025 2230 3081 centius
2276 3034 2520 3095 peccant,
2556 3043 2664 3096 quo
2702 3028 2936 3098 majores
2962 3030 3332 3101 elcemosynas
3376 3031 3612 3102 largiun-

329 3117 446 3172 lum
472 3124 621 3173 certe
639 3118 878 3172 occurrit
908 3131 1146 3187 unquam
1181 3116 1405 3187 hujusce
1439 3116 1517 3170 rei
1544 3115 1914 3170 testimonium

332 3208 437 3263 nisi
462 3217 588 3279 post
613 3224 812 3263 annum
838 3207 1042 3263 Christi
1068 3205 1636 3279 septingentesimum;
1687 3219 1918 3275 raraque

329 3306 462 3355 sunt
480 3297 787 3369 huiusmodi
811 3297 1116 3354 testimonia
1136 3297 1307 3352 donec
1340 3296 1574 3367 attingas
1604 3311 1803 3349 annum
1831 3309 1918 3348 sa-

268 3464 278 3469 ‘
330 3388 462 3445 Iutis
485 3390 972 3463 nongentesimum.
1001 3389 1143 3461 Lege
1189 3386 1367 3443 Caroli
1396 3387 1594 3459 Magni,
1625 3385 1916 3451 Ludovici,

328 3481 514 3561 Caroli
541 3481 689 3537 Calvi
720 3481 1056 3552 capitularia,
1084 3480 1249 3552 leges,
1286 3480 1512 3535 concilia
1544 3480 1611 3534 iis
1650 3477 1919 3549 regnanti-

331 3570 436 3627 bus
463 3570 753 3638 celebrata,
792 3587 1059 3642 nusquam
1108 3571 1538 3642 redemptionum
1587 3569 1918 3640 pmnitentize

334 3663 558 3717 mentio.
603 3662 992 3732 Antiquissima
1019 3668 1104 3717 est
1140 3659 1311 3715 Isaaci
1358 3659 1727 3730 Lingonensis,
1757 3672 1916 3729 quam

332 3768 398 3807 ex
420 3753 805 3823 capitularibus
826 3752 1030 3808 dicitsc
1050 3752 1410 3821 excerpsisse,
1428 3750 1521 3805 sed
1535 3765 1698 3815 nunc,
1724 3757 1784 3803 ut
1803 3750 1918 3820 opi-

332 3859 457 3910 nor,
487 3859 657 3898 canon
682 3843 770 3897 ille
801 3843 853 3896 in
880 3843 944 3897 iis
966 3858 1075 3898 non
1120 3849 1319 3896 exstat.
1354 3838 1622 3909 Quidquid
1656 3840 1763 3903 sit,
1809 3839 1915 3893 cir-

331 3934 718 3989 cumstantiam
748 3932 1074 4004 peculiarem
1102 3932 1363 3996 continet,
1392 3945 1511 4000 qure
1535 3937 1681 3984 recta
1710 3930 1921 3983 redem-

328 4025 573 4094 ptionem
604 4024 669 4078 de
698 4039 803 4093 qua
827 4024 1037 4094 agimus
1063 4038 1170 4077 non
1212 4029 1438 4092 spectat.
1474 4018 1773 4075 Concilium
1800 4018 1921 4074 Tri-

329 4119 589 4174 buriense
635 4118 851 4188 proprie
882 4116 948 4171 ad
984 4131 1098 4171 rem
1145 4114 1310 4182 facit,
1352 4114 1446 4169 sed
1481 4129 1622 4168 anno
1648 4113 1752 4170 895
1778 4113 1919 4167 cele-

330 4210 549 4264 bratum
574 4218 677 4263 est.
707 4208 836 4275 Qua:
860 4205 1187 4262 antecedunt
1235 4204 1462 4261 concilia
1495 4206 1593 4259 sub
1649 4203 1919 4260 Caroliuis

334 4298 751 4370 imperatoribus
779 4305 833 4353 et
862 4297 1079 4368 regibus
1120 4296 1344 4350 istorum
1376 4311 1483 4349 non
1529 4296 1914 4350 meminerunt.

2020 3127 2125 3173 tur.
2152 3117 2287 3172 Nam
2306 3117 2499 3173 Patres
2522 3119 2600 3173 sic
2621 3119 2916 3188 loquuntur
2949 3136 3070 3175 can.
3112 3121 3182 3174 26
3206 3139 3219 3174 :
3252 3140 3272 3171 ι
3312 3122 3378 3174 Ει
3403 3137 3513 3176 non
3534 3119 3604 3175 ad

2016 3209 2120 3264 hoc
2157 3208 2274 3263 sine
2300 3208 2464 3264 dubio
2490 3208 2700 3273 dandae,
2722 3218 2783 3263 ut
2804 3210 3057 3278 quaelibet
3081 3210 3184 3264 ~vel
3228 3210 3456 3264 minima
3501 3210 3608 3265 sal-

2017 3305 2401 3369 tempeccata,
2433 3314 2499 3354 eo
2528 3299 2776 3354 licentius
2805 3300 3057 3370 cuiquam
3088 3316 3251 3372 agere
3280 3300 3461 3365 liceat,
3495 3316 3606 3369 quo

2018 3389 2103 3444 vel
2125 3390 2262 3459 ipse,
2326 3389 2409 3442 vel
2432 3388 2570 3443 alius
2615 3390 2846 3460 quilibet
2892 3406 3081 3461 proco
3132 3391 3503 3462 eleemosynas
3532 3390 3610 3444 fa-

2016 3481 2142 3536 ciat.
2180 3501 2199 3534 i
2227 3481 2356 3548 Quae
2404 3496 2628 3552 prorsus
2666 3482 2841 3537 aliena
2892 3492 3020 3539 sunt
3067 3499 3098 3539 a
3146 3484 3608 3554 redemptimiibus

2012 3572 2474 3642 puenitentiarum,
2502 3587 2621 3643 qum
2664 3574 2904 3630 citantur
2930 3589 2998 3630 ex
3018 3574 3383 3631 Pcenitentiali
3430 3575 3606 3630 Theo.-

2016 3662 2132 3718 dori
2158 3671 2214 3718 et
2242 3662 2503 3718 Romano.
2551 3664 2763 3720 Etenim
2809 3681 2917 3721 non
2943 3667 2997 3721 in
3053 3667 3159 3722 illis
3204 3665 3606 3736 redemptiones

2014 3755 2454 3824 pmnitentiarum
2506 3759 2955 3813 commendantur
2985 3760 3051 3813 ad
3100 3758 3351 3814 licentius
3374 3771 3607 3827 peccan-

2018 3848 2166 3913 dum,
2196 3848 2290 3903 sed
2314 3849 2379 3903 ad
2404 3849 2701 3906 faciliorem
2731 3862 3076 3923 peccatorum
3104 3853 3478 3909 remissionem
3509 3853 3602 3909 ob-

2019 3938 2298 3994 tinendam
2321 3953 2337 3993 :
2363 3955 2472 3995 non
2497 3941 2564 3996 ad
2594 3944 2880 3998 mutandas
2909 3944 3111 4012 absque
3149 3943 3258 3997 ulla
3284 3943 3607 3999 necessitate

2017 4030 2351 4101 pcenitentia:
2375 4045 2568 4101 ptenas
2591 4032 2714 4103 jure
2755 4033 3014 4087 canonico
3057 4033 3317 4098 indictas;
3356 4033 3448 4087 sed
3477 4042 3599 4087 tan-

2021 4130 2376 4193 tumpropter
2398 4123 2737 4178 necessitatis
2762 4139 2969 4188 casum,
2996 4139 3121 4179 cum
3159 4124 3479 4195 paenitentia
3508 4124 3612 4178 ali-

2020 4218 2104 4265 ter
2124 4210 2309 4280 peragi
2335 4226 2441 4266 non
2470 4220 2677 4281 potest;
2730 4221 2785 4267 et
2827 4213 3124 4269 secundum
3176 4228 3413 4269 canones
3438 4253 3455 4279 ,
3513 4214 3606 4284 qui

2019 4302 2346 4371 permittunt
2388 4303 2641 4373 episcopo
2689 4320 2784 4359 eas
2847 4320 3046 4377 augere
3100 4313 3196 4361 aut
3243 4306 3606 4373 imminuere,

330 4390 509 4459 Objici
541 4399 719 4460 potest
764 4390 1153 4453 Burcbardnm,
1181 4387 1416 4454 lvonem,
1457 4397 1511 4442 et
1543 4387 1917 4441 Poenitentiale
1951 4408 1995 4467 ο
2020 4398 2182 4460 prout
2206 4405 2446 4460 prtrsens
2475 4408 2658 4448 rerum
2691 4402 2866 4450 status
2885 4395 3143 4466 exegerit.

328 4483 655 4538 abAntonio
703 4483 1001 4553 Augustino
1051 4480 1251 4537 dictum
1305 4480 1610 4535 Romanum
1661 4479 1915 4534 nonnulla

327 4572 564 4644 capitula
612 4590 673 4627 ex
704 4573 821 4628 istis
848 4571 1273 4641 redemptionum
1300 4570 1755 4640 poenitentialium
1812 4570 1922 4625 for-

329 4664 495 4720 mulis
519 4664 665 4719 velut
701 4680 765 4719 ex
796 4663 1079 4718 Theodoro
1108 4661 1487 4717 Cautuariensi
1516 4661 1923 4731 archiepiscopo

328 4753 560 4821 referre,
588 4765 691 4810 etc.
724 4776 741 4808 ι
777 4755 969 4810 Postea
1017 4754 1184 4808 refert
1230 4753 1534 4808 testimonia
1566 4754 1755 4822 synodi
1808 4756 1925 4809 Clo-

327 4846 591 4902 velhovice
618 4846 668 4899 in
690 4852 792 4899 art.
822 4845 856 4899 5
883 4853 937 4899 et
959 4843 1011 4908 4,
1037 4860 1104 4899 ex
1138 4844 1335 4916 quibus
1363 4843 1442 4897 sic
1472 4851 1916 4914 argumentatur:

339 4955 357 4983 ι
390 4935 484 4988 llis
512 4936 870 4991 consideratis
895 4935 981 4988 vix
1023 4934 1217 4989 adduci
1259 4948 1504 5004 possum,
1534 4941 1593 4986 ut
1614 4933 1919 4988 existiment

331 5023 676 5079 Theodorum
706 5026 1154 5081 Cantuarienscm
1187 5026 1345 5080 istius
1397 5024 1784 5094 redemptionis
1810 5040 1922 5093 pce—

330 5114 630 5169 nite‘ntialis
658 5132 779 5171 esse
806 5127 1101 5171 auctorem.
1128 5116 1262 5171 Nam
1291 5116 1414 5172 huic
1438 5116 1666 5172 concilio
1691 5124 1921 5185 prieerat

330 5204 626 5261 Cusbertus
648 5206 919 5261 Theodori
971 5222 1078 5261 uno
1120 5207 1438 5262 intermedio
1492 5223 1791 5270 successor,
1825 5221 1921 5259 an-

334 5310 571 5365 numque
604 5298 1110 5369 quinquagesimum
1139 5297 1373 5368 primum
1424 5305 1516 5352 aut
1539 5297 1769 5350 alterum
1800 5301 1921 5365 post

332 5386 602 5444 Theodori
626 5391 832 5444 obitum
850 5388 1224 5445 celebrabatur
1249 5387 1337 5441 illa
1369 5388 1623 5459 synodus.
1648 5387 1777 5454 Quis
1802 5402 1920 5440 cre-

331 5479 425 5534 dat
452 5480 721 5537 Theodori
752 5497 1125 5537 successorem
1177 5480 1462 5535 Theodoro
1483 5479 1600 5534 viro
1621 5496 1719 5550 per
1746 5487 1917 5535 totum

329 5569 517 5626 orbem
546 5571 914 5629 Christianum
961 5571 1317 5628 celeberrimo
1343 5610 1358 5637 ,
1408 5578 1516 5623 tam
1548 5570 1702 5624 facile
1763 5570 1919 5626 dero-

329 5678 510 5731 gasse,
535 5662 676 5718 illius
698 5663 1115 5719 constitutiones
1143 5660 1458 5725 vellicasse,
1516 5661 1772 5715 novitatis
1828 5677 1917 5716 ac-

2091 4482 2290 4537 Verum
2328 4484 2712 4553 quoquomodo
2733 4499 2819 4541 res
2846 4485 3160 4554 accipiatur,
3186 4485 3299 4540 sive
3336 4499 3436 4554 pro
3467 4483 3609 4541 bono

2020 4580 2113 4626 aut
2139 4571 2281 4626 malo
2302 4588 2424 4639 usu,
2452 4572 2501 4628 ι.
2520 4572 2763 4629 Morinns
2785 4589 2892 4629 non
2918 4585 3101 4629 veram
3124 4574 3303 4644 attigit
3324 4574 3604 4644 epocliem.

2022 4661 2079 4717 Si
2105 4662 2434 4735 intelligatur
2455 4663 2630 4718 malus
2652 4680 2805 4729 usus,
2828 4664 2988 4733 longo
3011 4672 3138 4717 ante
3166 4673 3405 4732 tempore
3421 4662 3609 4718 Patres

2021 4755 2226 4825 antiqui
2276 4770 2399 4811 eum
2451 4757 2856 4827 redarguerant.
2894 4756 3240 4822 Lactantius,
3303 4755 3396 4811 lib.
3432 4771 3487 4810 γι
3540 4756 3610 4810 de

2022 4864 2150 4903 vero
2176 4847 2357 4913 Cultu,
2377 4864 2495 4918 cap.
2530 4849 2593 4902 l5
2620 4867 2633 4902 :
2668 4866 2688 4899 ‹
2717 4848 2942 4915 Quoties
2961 4848 3127 4918 igitur
3148 4847 3376 4919 rogaris,
3404 4847 3606 4903 tentari

2022 4948 2073 4995 te
2096 4956 2128 4994 a
2150 4941 2261 4995 Deo
2286 4939 2469 5002 crede,
2493 4955 2562 4992 an
2588 4939 2664 4993 sis
2701 4938 2895 5008 dignus
2940 4939 3206 4994 exaudiri.
3237 4938 3607 5008 Circumspice

2019 5028 2409 5083 conscientiam
2431 5035 2599 5091 tuam,
2627 5035 2684 5081 et
2721 5035 2985 5097 quantum
3036 5034 3213 5096 potes,
3245 5026 3463 5082 medere
3492 5026 3607 5079 vul-

2021 5116 2269 5181 neribus;
2297 5131 2394 5171 nec
2423 5124 2600 5170 tamen
2631 5117 2757 5187 quia
2777 5126 3000 5187 peccata
3026 5117 3310 5187 largitione
3325 5115 3603 5177 tolluntur,

2020 5210 2135 5264 dari
2166 5209 2264 5263 tibi
2302 5208 2575 5264 licentiam
2626 5210 2885 5278 peccandi
2907 5216 3081 5279 putes.
3112 5206 3413 5261 Abolentur
3435 5204 3604 5266 enim,

2020 5300 2065 5354 si
2088 5298 2197 5354 Deo
2222 5299 2476 5369 largiare,
2500 5300 2625 5369 quia
2666 5314 3010 5370 peccaveras.
3041 5297 3176 5351 Nam
3200 5296 3248 5352 si
3277 5295 3473 5351 ﬁducia
3499 5294 3605 5348 lar-

2019 5388 2198 5459 giendi
2238 5403 2458 5458 pecces,
2497 5404 2602 5447 non
2626 5390 2930 5445 abolentur.
2974 5407 2992 5440 ι

2088 5481 2437 5552 Augustinus,
2474 5481 2565 5535 lib.
2592 5496 2681 5534 xxx
2725 5481 2790 5534 de
2832 5478 3063 5534 Civitate
3100 5476 3197 5532 Dei
3225 5478 3294 5533 ad
3335 5471 3605 5532 Marcelli-

2018 5586 2168 5636 num,
2199 5554 2317 5640 cap.
2343 5568 2452 5624 27:
2489 5589 2506 5621 ι
2547 5569 2615 5626 Ut
2643 5578 2823 5624 autem
2865 5567 3179 5639 quotidiana
3229 5567 3331 5623 sibi
3382 5567 3605 5637 opinen-

2018 5670 2124 5727 tur,
2151 5676 2270 5731 qu:e
2310 5659 2488 5716 facere
2513 5660 2732 5714 omnino
2780 5655 2885 5713 non
2911 5666 3125 5713 cessant
3148 5699 3163 5723 ,
3212 5657 3606 5728 qualiacunque
