3942 6182
518 309 654 363 1225

1076 302 1422 360 THEODORI
1465 300 1783 357 ARCHIEP.
1825 292 2175 353 CANTUAR.
2215 291 2557 349 DOCTRINA
2593 290 2681 346 DE
2718 287 3159 345 POENITENTIA

3567 302 3673 358 im

513 432 570 474 et
600 428 1010 490 quantacunque
1048 416 1292 484 sint,per
1319 413 1686 482 elcemosynas
1708 410 1905 466 dimitti
1933 421 2090 477 posse
2122 407 2163 462 Α
2194 403 2268 457 cit
2316 403 2461 458 enim
2511 401 2785 459 Salvator:
2821 400 3178 456 Verumtamen
3211 402 3323 458 date
3346 405 3677 480 elemosynam,

517 519 757 578 peccata,
782 505 1078 560 orationem
1122 518 1283 571 quam
1327 501 1511 556 docuit
1541 501 1654 569 ipse
1685 498 1971 562 Dominus,
2033 502 2090 550 et

517 596 939 666 sutl'ragatricem
969 593 1069 647 sibi
1097 591 1353 646 adbibere
1378 596 1640 644 conantur
1659 598 1713 643 et
1750 596 2085 652 testem,etc.

517 686 918 754 Qualiacunque
943 698 1071 751 ergo
1102 680 1185 735 vel
1233 689 1653 750 quantacunque
1714 680 1847 744 sint,
1877 678 2091 733 etiamsi

517 775 756 846 quotidie
782 782 1182 844 perpetrantur,
1213 787 1313 826 nec
1357 772 1425 826 ab
1461 772 1541 825 eis
1583 772 1691 825 vita
1738 769 1978 824 discedat
2035 770 2091 823 in

519 866 712 920 iuelius
739 872 1088 927 commutata,
1119 876 1215 930 per
1254 861 1646 931 eleemosynam
1677 860 1830 914 venia
1867 875 1974 914 non
2004 873 2093 913 ne-

518 966 642 1026 gata
668 955 867 1009 remitti
916 953 1017 1008 sibi
1054 968 1213 1022 posse
1244 959 1591 1021 praesumunt.
1630 950 1736 1005 Sed
1764 952 1920 1013 bene,
1949 949 2093 1019 quod

520 1047 609 1101 isti
662 1046 848 1109 dignas
894 1059 994 1114 pro
1050 1044 1285 1112 peccatis
1333 1048 1675 1096 commonent
1724 1040 2093 1110 eleemosynas

518 1153 638 1192 esse
667 1135 956 1199 faciendas,
1012 1132 1266 1202 quoniam
1312 1131 1357 1185 si
1401 1130 1642 1185 dicereut
1696 1129 2094 1198 qualescunque

517 1228 883 1297 elcemosynas
914 1238 1009 1293 pro
1032 1222 1266 1293 peccatis
1287 1230 1343 1275 et
1386 1218 1733 1289 quotidianis,
1763 1226 1818 1273 et
1863 1220 2092 1289 magnis,

518 1327 570 1373 et
601 1326 1015 1387 quantacunque
1050 1312 1313 1368 scelerum
1353 1310 1742 1365 consuetudine
1793 1308 2095 1363 misericor-

519 1411 662 1464 diam
700 1423 856 1478 posse
894 1407 1184 1475 impetrare
1216 1403 1471 1468 divinam,
1494 1410 1553 1455 ut
1583 1417 1645 1455 ea
1678 1400 1986 1471 quotidiana
2011 1415 2095 1454 re-

520 1498 704 1552 missio
726 1504 1058 1566 sequeretur,
1086 1493 1328 1548 viderent
1356 1506 1471 1546 rem
1512 1505 1571 1545 se
1601 1491 1779 1545 dicere
1804 1487 2093 1543 absurdam

519 1595 681 1656 atque
732 1581 1171 1656 ridiculamaSic
1213 1581 1354 1636 enim
1384 1585 1705 1649 cogerentur
1760 1576 1917 1631 fateri
1976 1576 2095 1631 ﬁeri

519 1653 696 1748 posse,
714 1684 770 1728 ut
796 1653 1230 1743 cpulentissimus
1256 1671 1419 1724 homo
1433 1670 1618 1723 decem
1634 1666 1924 1721 nummulis
1951 1667 2097 1722 diur-

521 1734 680 1820 itisin
718 1765 1082 1833 eleemosynas
1114 1761 1371 1830 impensis
1400 1759 1786 1824 homicidia,et
1808 1758 2094 1822 adulteria,
2131 1734 2175 1792 Β

522 1865 579 1911 et
606 1854 808 1909 nefaria
830 1866 1055 1922 quaeque
1084 1849 1222 1905 facta
1251 1850 1560 1917 redimeret,
1591 1858 1698 1904 etc.
1740 1848 1968 1917 Propter
1996 1849 2100 1902 hoc

520 1960 650 2016 ergo
677 1942 1025 2012 eleemosyna:
1047 1940 1304 1995 faciendae
1329 1948 1470 2001 sunt,
1497 1946 1556 1991 ut
1580 1953 1702 1993 cum
1724 1937 1791 1992 de
1813 1937 2100 2008 prmteritis

521 2035 756 2107 peccatis
781 2034 1148 2101 deprecamur,
1180 2029 1552 2094 exaudiamur,
1583 2044 1692 2083 non
1715 2036 1774 2081 ut
1800 2029 1852 2081 in
1882 2028 1960 2081 eis
1986 2044 2100 2098 per-

528 2135 858 2190 severantes,
877 2125 1146 2180 licentiam
1163 2121 1529 2177 malefaciendi
1544 2136 1641 2175 nos
1653 2135 1748 2191 per
1759 2119 2099 2190 eleemoynas

535 2233 851 2289 comparare
884 2216 1188 2271 credamus.
1226 2234 1245 2266 ι

596 2330 859 2386 Ctesarius
896 2329 1247 2394 Arelatensis,
1291 2330 1344 2382 in
1379 2328 1600 2382 homilia
1625 2328 1752 2385 17;:
1788 2327 2097 2396 Eleemosy-

528 2439 626 2478 nas
676 2423 849 2478 dando
884 2421 1112 2475 alienam
1150 2435 1368 2475 carnem
1416 2419 1705 2489 pascimus,
1764 2426 1820 2471 et
1871 2416 2095 2471 crimina

523 2510 907 2565 committendo
951 2519 1196 2564 nostram
1233 2510 1468 2563 animam
1505 2507 1834 2578 jugulamus.
1859 2508 1926 2562 Et
1954 2507 2091 2569 ideo,

525 2602 667 2659 sicut
701 2601 1010 2670 frequenter
1038 2600 1314 2665 admonui,
1341 2601 1419 2654 sic
1446 2615 1545 2668 pro
1589 2597 1884 2667 majoribus
1909 2612 2097 2666 pecca-

526 2692 598 2748 tis
618 2691 986 2761 eleemosynas
1014 2691 1220 2756 demus,
1250 2698 1312 2744 ut
1333 2705 1607 2758 nunquam
1633 2690 1699 2742 ad
1729 2690 1843 2759 ipsa
1869 2689 2097 2743 crimina

528 2782 829 2838 redeamus.
868 2802 887 2833 ι

598 2895 804 2966 ELgius
860 2893 1268 2959 Noviomensis,
1310 2894 1363 2948 in
1405 2891 1624 2947 homilia
1659 2894 1691 2948 8
1725 2910 1736 2945 :
1778 2911 1795 2942 ε
1834 2892 1927 2947 Ille
1969 2908 2098 2947 vero

531 2987 624 3055 qui
652 3000 813 3056 supra
849 2986 992 3039 dicta
1037 2984 1177 3038 mala
1207 2984 1259 3038 in
1295 2983 1457 3038 corde
1497 2990 1694 3047 servat,
1723 2991 1778 3037 et
1822 2981 1994 3037 credit
2040 2996 2099 3037 se

530 3078 697 3133 multa
746 3075 1099 3145 eleemosynis
1148 3083 1372 3144 peccata
1417 3089 1514 3128 sua
1554 3087 1713 3144 posse
1770 3072 2035 3127 redimere
2077 3091 2089 3125 :
2123 3077 2168 3137 Ο

531 3167 808 3221 audiamus
837 3165 903 3219 de
948 3180 1013 3219 eo
1056 3164 1340 3218 Dominum
1370 3163 1422 3217 in
1452 3163 1741 3234 Evangelio
1782 3163 2048 3218 dicentem
2077 3180 2091 3216 :

530 3253 592 3310 Si
638 3256 794 3324 offers
839 3269 1029 3307 manus
1073 3264 1221 3307 tuum
1273 3253 1340 3306 ad
1384 3252 1568 3315 altare,
1616 3262 1665 3306 et
1694 3253 1766 3306 ibi
1794 3253 2096 3307 recordatus

529 3346 693 3417 fueris
738 3345 862 3415 quia
893 3342 1058 3413 frater
1101 3352 1221 3396 tuus
1271 3342 1422 3396 habet
1455 3340 1654 3412 aliquid
1701 3341 1975 3395 adversum
2026 3351 2094 3406 te,

529 3436 759 3506 relinque
807 3434 879 3487 ibi
917 3450 1107 3487 munus
1151 3442 1298 3486 tuum
1336 3440 1456 3486 ante
1485 3431 1674 3496 altare,
1721 3441 1768 3485 et
1799 3433 1927 3487 vade
1951 3432 2097 3502 prius

527 3524 853 3579 reconciliari
897 3523 1052 3594 fratri
1080 3532 1191 3587 tuo,
1220 3531 1267 3576 et
1298 3531 1420 3577 tunc
1454 3522 1659 3576 veniens
1689 3522 1873 3591 offeres
1908 3539 2097 3576 manus

526 3623 697 3668 tuum.
735 3631 757 3665 ι
802 3611 1082 3666 Sententia
1128 3611 1231 3665 ista
1261 3610 1539 3664 evidenter
1582 3610 1818 3664 ostendit
1843 3611 1984 3679 quod
2012 3627 2088 3664 sa.

518 3702 788 3760 orificium
824 3699 1020 3755 offerre
1047 3698 1131 3753 vel
1155 3699 1523 3770 eleemosynas
1546 3697 1726 3753 facere
1746 3698 1881 3753 nihil
1904 3700 2099 3769 prode-

525 3793 599 3847 rit
627 3791 727 3845 nisi
748 3789 899 3859 prius
920 3788 1284 3844 reconciliatio
1305 3789 1645 3857 praecesserit
1670 3788 1892 3844 inimici.
1915 3790 2098 3859 Itaque

524 3878 714 3935 Patres
736 3878 830 3948 qui
867 3886 1111 3947 tempora
1138 3893 1171 3932 a
1196 3876 1247 3933 J.
1275 3878 1481 3933 Marino
1500 3879 1765 3949 praeﬁnita
1799 3897 2094 3951 praecesse-

522 3977 672 4035 runt,
714 3969 940 4023 abusum
987 3968 1415 4038 redemptionum
1479 3969 1917 4038 poenitentiartuu
1946 3971 2097 4027 dam-

527 4067 749 4118 narunt.
1434 4075 1437 4078 ‘

594 4172 747 4227 Nunc
773 4186 905 4227 vero
928 4172 971 4227 si
1003 4171 1397 4243 redemptiones
1426 4172 1885 4242 ptenitentiarum,
1909 4146 2097 4244 quales

524 4267 779 4337 leguntur
827 4265 927 4320 sub
971 4264 1187 4320 nomine
1222 4264 1490 4320 Theodori
1529 4272 1586 4319 et
1633 4265 1688 4318 in
1736 4264 2097 4321 Pcenitentiali

525 4357 786 4420 Romano,
825 4355 1160 4424 accipiantur
1186 4355 1327 4410 sicut
1354 4355 1526 4425 accipi
1578 4356 1775 4411 debent
1818 4372 1917 4428 pro
1943 4371 2095 4411 com-

525 4446 911 4502 mutationibus
959 4446 1316 4515 quorumdam
1355 4424 1792 4514 ptenitentiarum
1819 4424 2095 4515 vgenerum
2128 4424 2176 4484 ί)

525 4541 579 4594 in
608 4538 854 4610 quaedam
895 4537 1001 4591 alia
1052 4536 1312 4600 faciliora,
1366 4552 1558 4606 nempe
1589 4538 1886 4607 perfectam
1916 4540 2096 4595 cordis

525 4629 954 4690 conversionem,
1019 4626 1414 4696 eleemosynas,
1458 4628 1795 4693 orationem,
1860 4637 1989 4695 etc.,
2042 4638 2098 4684 ct

526 4718 742 4788 quidem
763 4725 981 4787 propter
1006 4716 1343 4771 necessitatis
1365 4731 1550 4771 casum
1579 4733 1594 4773 :
1618 4719 1733 4773 haec
1757 4720 2096 4788 paenitentia-

525 4823 645 4862 rum
670 4821 868 4878 genera
889 4807 1264 4876 antiquissima
1285 4819 1426 4872 esse,
1452 4814 1509 4861 et
1534 4822 1663 4862 vera
1689 4823 1809 4876 quin
1830 4808 1886 4863 in
1914 4809 2097 4880 Scrip-

524 4897 666 4951 turis
693 4896 894 4950 sanctis
933 4896 1522 4971 ubiquecelebrantur,
1548 4905 1710 4966 atque
1728 4899 1956 4968 proinde
1976 4915 2096 4956 esse

526 4985 798 5057 precipua
836 4993 892 5039 et
938 4985 1339 5054 praestantiora,
1380 4986 1580 5054 quibus
1614 4996 1834 5056 peccata
1886 4988 2098 5045 facilius

531 5075 910 5140 remittantur,
954 5073 1035 5128 sic
1079 5072 1518 5129 manifestissime
1564 5074 1843 5131 declarant
1888 5079 2095 5149 antiqui

525 5165 738 5222 Patres.

598 5277 861 5351 Origenes
890 5278 945 5332 in
991 5275 1213 5332 homilia
1247 5275 1283 5331 2
1326 5291 1487 5347 super
1514 5277 1809 5333 Leviticum
1839 5297 1852 5334 :
1891 5297 1910 5330 ι
1960 5278 2096 5336 Audi

512 5364 673 5424 nunc
711 5376 924 5438 quanta:
963 5368 1074 5423 sint
1105 5367 1451 5424 remissiones
1474 5378 1820 5439 peccatorum
1841 5370 1893 5424 in
1924 5370 2098 5425 Evan-

529 5458 703 5528 geliis.
748 5458 845 5513 Est
870 5458 973 5514 ista
1001 5459 1199 5529 prima,
1225 5475 1334 5530 qua
1360 5460 1703 5529 baptizamur
1737 5460 1792 5514 in
1819 5462 2099 5517 remissio-

531 5562 655 5602 nem
678 5556 1046 5618 peccatorum.
1086 5547 1334 5604 Secunda
1363 5550 1610 5605 remissio
1647 5558 1733 5605 est
1772 5550 1825 5605 in
1850 5552 2101 5623 passione

536 5636 796 5706 martyrii.
827 5636 1007 5692 Tertia
1050 5645 1130 5692 est
1157 5652 1276 5711 quas
1302 5654 1401 5709 pro
1436 5638 1776 5712 eleemosyna
1805 5639 1980 5695 datur.
2010 5640 2099 5696 Di-

2199 504 2246 547 et
2282 509 2399 547 ecce
2440 493 2618 545 omnia
2657 490 2857 545 munda
2899 498 3020 544 sunt
3066 490 3218 545 uobis.
3264 491 3445 558 Quarta
3475 499 3603 553 nobis
3635 502 3681 558 fit

2200 580 2447 635 remissio
2479 590 2825 650 peccatorum
2852 595 2950 648 per
3001 581 3101 634 hoc
3126 580 3262 648 quod
3297 591 3349 637 et
3379 599 3468 641 nos
3503 590 3682 647 remitti-

2199 690 2320 728 mus
2344 681 2565 744 peccata
2596 671 2856 726 fratribus
2897 671 3117 726 nostris.
3162 669 3251 727 Sic
3283 673 3415 728 cnim
3449 675 3559 732 dicit
3592 680 3681 750 ipso

2199 764 2459 819 Dominus
2477 772 2530 818 et
2549 762 2798 816 Salvator
2823 761 3154 831 noster,quia
3169 761 3213 816 si
3237 761 3516 821 dimiseritis
3533 763 3681 822 fratri-

2199 854 2301 908 bus
2332 852 2530 907 vestris
2558 866 2623 904 ex
2657 849 2820 905 corde
2860 856 3079 918 peccata
3115 848 3360 917 ipsorum,
3383 857 3433 903 et
3477 853 3680 909 vobisreo

2201 943 2379 997 mittet
2438 941 2601 995 Pater
2644 948 2823 994 vester
2851 946 3074 1007 peccata
3126 944 3317 992 vestra.
3348 938 3483 1005 Quod
3527 942 3565 996 si
3600 959 3680 1000 non

2201 1033 2521 1089 remiseritis
2545 1031 2811 1085 fratribus
2828 1029 3025 1084 vestris
3049 1043 3113 1082 ex
3140 1026 3317 1094 corde,
3357 1045 3444 1084 nec
3463 1033 3592 1087 vobis
3612 1048 3680 1089 ro-

2200 1125 2381 1179 mittet
2402 1124 2564 1177 Pater
2586 1130 2765 1176 vester
2803 1138 2815 1173 :
2845 1127 2901 1174 et
2919 1118 3059 1173 sicut
3095 1119 3146 1173 in
3184 1121 3411 1174 oratione
3438 1137 3520 1177 nos
3543 1123 3681 1180 dicere

2201 1214 2381 1268 docuit
2408 1230 2420 1265 ε
2447 1212 2680 1266 Remitte
2706 1210 2850 1264 nobis
2893 1207 3068 1263 debita
3090 1218 3283 1274 nostra,
3308 1211 3431 1264 sicut
3455 1223 3495 1265 et
3516 1229 3591 1267 nos
3623 1231 3680 1268 re-

2201 1303 2452 1371 mittimus
2480 1300 2796 1354 debitoribus
2828 1299 3037 1352 uostris.
3069 1297 3259 1365 Quinta
3303 1308 3596 1369 peccatorum
3617 1316 3680 1356 re-

2201 1395 2386 1448 missio
2395 1401 2499 1457 est,
2514 1408 2635 1447 cum
2650 1390 3111 1459 converteritquis
3135 1398 3455 1459 peccatorum
3476 1393 3533 1448 ab
3544 1408 3681 1448 errore

2200 1485 2300 1540 vim
2328 1501 2457 1539 sum.
2504 1484 2581 1538 Ita
2610 1482 2753 1536 enim
2791 1481 2923 1537 dicit
2966 1480 3244 1550 Scriptura
3283 1482 3464 1547 divina,
3501 1485 3679 1556 quiaqui

2202 1576 2426 1630 converti
2454 1575 2633 1644 fecerit
2673 1582 2992 1643 peccatorem
3019 1572 3084 1625 ab
3112 1588 3282 1626 errore
3308 1573 3395 1626 vite
3417 1590 3529 1639 sum,
3554 1575 3681 1629 salvat

2203 1668 2436 1721 animam
2461 1666 2574 1736 ejus
2619 1682 2650 1717 a
2688 1672 2872 1728 morte,
2899 1672 2947 1717 et
2974 1661 3216 1733 cooperit
3244 1663 3581 1719 multitudine:
3600 1682 3683 1735 pec-

2202 1770 2456 1813 catorum.
2490 1757 2652 1811 Sexta
2673 1770 2887 1826 quoque
2907 1754 2968 1808 fit
2988 1753 3236 1809 remissio
3259 1770 3351 1824 per
3376 1754 3681 1810 abundantiam

2201 1849 2501 1913 charitatis,
2543 1848 2685 1903 sicut
2710 1854 2765 1902 et
2789 1847 2903 1918 ipse
2946 1843 3208 1901 Dominus
3247 1847 3384 1901 dicit.
3420 1846 3561 1902 Amen
3595 1849 3681 1902 dico

2200 1942 2313 2008 tibi,
2367 1942 2701 1995 remittuntur
2730 1939 2779 1993 ei
2824 1947 3035 1997 peccata
3075 1936 3262 2003 multa,
3298 1939 3516 2008 quoniam
3546 1938 3683 1992 dilexit

2199 2032 2442 2097 multum;
2463 2041 2517 2086 et
2542 2030 2812 2101 apostolus
2834 2030 2984 2096 dicit,
3007 2029 3264 2099 quoniam
3284 2030 3489 2083 charitas
3512 2030 3683 2099 cooperit

2199 2122 2585 2176 multitudinem
2611 2130 2962 2191 peccatorum.
2988 2120 3089 2174 Est
3113 2119 3281 2174 adhuc
3300 2127 3349 2173 et
3374 2120 3564 2187 septima
3592 2119 3683 2173 licet

2200 2213 2330 2266 dura
2356 2219 2410 2266 et
2439 2211 2728 2276 laboriosa,
2753 2226 2851 2281 per
2876 2210 3251 2280 pmnitentiam
3291 2210 3507 2265 remissio
3538 2224 3683 2279 pecca-

2202 2310 2395 2366 torum,
2457 2316 2578 2356 cum
2624 2301 2765 2355 lavat
2818 2310 3075 2371 peccator
3130 2303 3183 2355 in
3233 2301 3463 2372 lacrymis
3514 2308 3685 2355 stratum

2198 2409 2375 2447 suum.
2409 2413 2427 2444 ι
2456 2391 2561 2448 Sed
2586 2392 2687 2446 ista
2714 2392 2894 2447 omnia
2924 2393 3130 2460 requiri
3162 2392 3334 2447 forsan
3361 2391 3476 2445 dicit
3504 2389 3682 2459 aliquis:

2201 2492 2257 2538 at
2283 2485 2374 2554 qui
2424 2486 2527 2539 hoc
2550 2484 2758 2552 objicit,
2784 2484 2964 2537 audiat
2993 2481 3259 2538 Joannem
3302 2482 3682 2552 Cbrysostomum.

2266 2576 2501 2632 Joannes
2529 2576 2945 2647 Cbrysostomus
2989 2575 3045 2628 in
3094 2574 3308 2630 homilia
3330 2574 3412 2643 qui
3440 2572 3685 2626 inscribitur

2199 2683 2360 2733 nona,
2397 2668 2461 2721 de
2491 2666 2810 2735 poenitentia
2839 2680 2852 2717 :
2888 2684 2905 2715 ς
2937 2664 3209 2731 Quidnam
3236 2663 3287 2719 id
3329 2663 3435 2718 est?
3477 2661 3533 2718 de
3551 2661 3683 2732 peni-

2199 2758 2368 2813 tentia
2387 2773 2688 2812 sermonem
2710 2757 3041 2811 instituimus
3071 2772 3134 2812 ac
3159 2757 3397 2819 diximus,
3414 2754 3533 2824 quod
3549 2750 3685 2807 multa:

2199 2848 2468 2916 variasque
2507 2855 2631 2901 sunt
2658 2846 2994 2916 pmnitentiaa
3022 2847 3148 2911 vite,
3188 2846 3372 2914 quibus
3396 2843 3543 2899 facilis
3569 2841 3685 2897 nobis

2201 2936 2348 2992 salus
2383 2938 2495 2991 ﬁat.
2520 2936 2654 2990 Nam
2686 2933 2731 2991 si
2770 2952 2933 2991 unam
2958 2937 3120 2991 nobis
3142 2932 3685 3004 dedissetuepulissemus

2201 3041 2322 3080 eam
2350 3028 2554 3095 utique,
2586 3027 2827 3082 dicentes
2868 3043 2882 3081 :
2924 3026 3212 3096 nequimus
3239 3028 3369 3082 hanc
3398 3025 3589 3097 ingredi,
3612 3021 3686 3076 sal-

2199 3114 2315 3170 vari
2361 3116 2662 3185 nequimus.
2700 3115 2853 3182 Nunc
2893 3118 3072 3185 ipsum
3115 3118 3255 3173 hanc
3294 3125 3431 3171 tuam
3470 3120 3688 3184 amputans

2197 3205 2578 3276 objectionem,
2608 3224 2712 3263 non
2760 3224 2922 3262 unam
2969 3208 3093 3272 tibi,
3123 3224 3295 3278 neque
3330 3206 3596 3269 secundam,
3618 3218 3686 3258 ne-

2197 3314 2301 3369 quc
2323 3299 2563 3363 tertiam,
2593 3297 2685 3353 sed
2722 3299 2900 3367 plures
2931 3313 2995 3354 ac
3022 3299 3269 3355 diversas
3301 3298 3452 3362 dedit,
3481 3311 3569 3366 quo
3588 3293 3683 3348 mul-

2199 3388 2427 3444 titudine
2458 3388 2553 3443 tibi
2582 3389 2647 3441 ad
2675 3387 2870 3443 malum
2911 3387 3089 3445 facilis
3119 3404 3366 3445 ascensus
3387 3386 3484 3440 flat.
3504 3386 3560 3440 Et
3579 3384 3688 3438 dice.

2198 3481 2390 3535 bamus
2412 3477 2624 3533 facilem
2651 3494 2770 3534 esse
2794 3479 3193 3550 paenitentiam,
3218 3494 3385 3551 neque
3402 3493 3522 3533 onus
3544 3477 3586 3529 in
3608 3488 3686 3527 ea:

2197 3578 2451 3641 peccator
2489 3584 2570 3635 es,
2604 3569 2899 3625 Ecclesiam
2939 3571 3257 3640 ingredere;
3290 3570 3372 3624 dic
3417 3566 3618 3629 Peccavi,
3651 3569 3693 3617 et

2198 3659 2403 3713 solvisti
2430 3667 2731 3728 peccatum.
2754 3659 3119 3716 Produximus
3145 3668 3444 3731 peccantem
3481 3656 3630 3719 David,
3652 3659 3691 3708 et

2158 3758 2159 3763 ‘
2200 3749 2497 3804 solventem
2553 3758 2853 3819 peceatum.
2902 3749 3039 3806 Hinc
3099 3751 3383 3808 secundam
3437 3746 3691 3816 subiecimus

2203 3839 2371 3903 viam,
2416 3854 2577 3908 super
2617 3846 2899 3908 peccatum
2948 3838 3081 3895 ﬂere
3120 3850 3175 3897 et
3208 3842 3468 3897 diximus:
3493 3837 3690 3904 Quisnam

2204 3925 2292 3981 hic
2334 3927 2487 3982 labor
2515 3941 2529 3980 :
2557 3944 2662 3982 non
2694 3928 2975 3998 pecuniam
3004 3944 3143 3999 opus
3178 3928 3456 3994 ell‘undere,
3487 3941 3575 3981 non
3609 3924 3693 3976 lon-

2200 4032 2295 4087 gas
2317 4015 2396 4072 ire
2416 4020 2553 4081 vias,
2591 4032 2691 4072 nec
2715 4018 2819 4071 tale
2846 4017 2976 4088 quid
3002 4018 3206 4084 dicere,
3229 4019 3320 4075 sed
3338 4026 3584 4090 peccatum
3601 4012 3694 4067 ﬂere

2200 4111 2478 4165 duntaxat.
2532 4108 2646 4165 Hoc
2699 4112 2764 4165 de
2808 4110 3089 4180 Scriptura
3156 4112 3466 4173 induximus,
3507 4103 3622 4177 quod
3654 4103 3693 4156 in

2200 4202 2387 4256 Achab
2432 4202 2574 4257 Deus
2622 4201 2903 4256 consilium
2952 4204 3209 4269 mutarit;
3244 4217 3307 4258 eo
3353 4201 3484 4272 quod
3522 4193 3695 4256 ﬂeverit.

2200 4292 2343 4362 quod
2392 4300 2618 4346 mmstus
2664 4291 2847 4357 fuerit,
2890 4301 3174 4362 peccatum
3226 4293 3323 4363 ipsi
3350 4290 3547 4355 dimisit,
3577 4294 3697 4354 atqm

2201 4385 2305 4440 hoc
2334 4384 2446 4454 ipse
2486 4383 2698 4437 dicebat
2729 4382 2894 4437 Helia:
2920 4401 2932 4436 :
2963 4383 3157 4440 Vidisti
3186 4392 3248 4438 ut
3285 4380 3539 4439 incesserit
3559 4374 3697 4432 Achab

2198 4489 2380 4528 coram
2409 4485 2494 4525 me
2514 4470 2666 4535 ﬂens,
2695 4480 2751 4525 et
2784 4471 3175 4527 contristatus:
3209 4488 3311 4527 non
3344 4471 3518 4526 faciam
3552 4478 3697 4521 secun-

2198 4565 2324 4618 dum
2353 4562 2488 4616 iram
2525 4576 2723 4615 meam.
2755 4560 2894 4617 llinc
2919 4563 3137 4617 tertiam
3176 4563 3414 4618 dedimus
3437 4551 3697 4631 paenitentia

2199 4652 2363 4717 viam,
2392 4666 2455 4707 ac
2498 4652 2564 4708 de
2600 4652 2880 4723 Scriptura
2905 4651 3241 4710 Pbarisazum
3291 4654 3521 4711 duximus
3547 4651 3592 4703 in
3612 4659 3697 4701 me-

2199 4743 2372 4807 dium,
2407 4743 2566 4798 simul
2590 4751 2646 4798 et
2659 4744 3004 4815 publicanum
3029 4762 3042 4798 :
3066 4747 3209 4816 quod
3231 4744 3516 4801 Pbarisaus
3533 4735 3697 4808 quidem

2198 4837 2431 4906 superbe
2456 4835 2649 4902 elatus,
2678 4851 2709 4891 a
2737 4834 2949 4905 iustitia
2968 4838 3204 4904 excidit;
3250 4835 3541 4909 publicanus
3564 4822 3699 4885 humi-

2196 4923 2336 4980 libus
2380 4927 2743 4992 consentiens,
2781 4924 3016 4982 fructum
3041 4927 3270 4998 iustitia:
3307 4922 3539 4994 suscepit,
3565 4923 3699 4984 ιιαῐυθ

2197 5015 2304 5071 ullo
2329 5018 2429 5072 sub
2453 5017 2638 5073 labore
2674 5034 2896 5090 pressus
2912 5017 3245 5087 justifieatus
3268 5028 3381 5084 est;
3402 5016 3545 5072 verba
3569 5007 3698 5066 dedit.

2198 5121 2286 5161 res
2305 5107 2532 5176 accepit.
2555 5106 2668 5179 Age
2691 5124 2821 5179 ergo
2847 5117 3080 5179 coeptum
3111 5124 3417 5181 sequamur,
3435 5114 3483 5162 et
3502 5106 3695 5175 quam“

2195 5198 2530 5268 proferamus
2562 5199 2722 5253 viam.
2774 5200 2841 5254 Et
2875 5216 3123 5270 quaenam
3159 5216 3222 5257 ea
3257 5202 3371 5257 est?
3402 5199 3695 5260 eleemosln‘r

2197 5289 2382 5360 regina
2430 5289 2519 5343 illa
2546 5289 2825 5357 virtutum,
2854 5291 3099 5346 homines
3126 5292 3403 5347 celerrime
3430 5288 3627 5358 ipsorum
3656 5275 3695 5329 ίιι

2196 5379 2459 5435 caelorum
2497 5394 2626 5434 axes
2666 5380 2904 5446 adducit,
2958 5382 3203 5437 advocati
3249 5380 3429 5452 optimi
3474 5377 3573 5431 loco
3606 5366 3695 5423 lun-

2197 5485 2348 5541 geus.
2379 5488 2397 5522 ι
2429 5469 2498 5523 Et
2527 5469 2687 5539 paulo
2732 5470 2871 5525 infra
2899 5488 2912 5525 :
2951 5489 2969 5523 ι
3001 5471 3294 5541 Propterea
3323 5478 3376 5524 et
3422 5463 3589 5521 multas
3609 5455 3693 5510 vi”

2197 5558 2331 5613 alias
2371 5559 2701 5629 ptenitentim
2730 5560 2972 5615 diversas
3005 5559 3174 5624 dedit,
3214 5575 3320 5630 quo
3347 5555 3490 5613 nobis
3527 5553 3692 5605 olunt!Il

2200 5647 2418 5704 desidiae
2455 5648 2793 5704 occasionem
2835 5657 3088 5721 amputet.
3118 5648 3254 5705 Nam
3281 5648 3323 5703 si
3350 5659 3496 5701 unam
3518 5636 3692 5695 habet?
