3968 6180
315 349 462 406 1235

1175 351 1263 405 ΑΒ
1300 349 1469 407 OMNI
1502 349 1870 406 NOVITATIS
1911 346 2315 404 SUSPlClONE
2351 344 2736 404 V'lNDlCATA.

3449 351 3584 406 {226

310 482 440 524 Inus
459 465 652 528 solam,
679 465 781 519 hac
799 465 998 520 vadere
1022 465 1389 534 nequiremus,
1423 478 1735 519 mucronem
1752 463 1898 516 hunc
1926 467 1970 520 Α
1999 462 2184 516 omnia
2200 469 2420 531 peccata
2445 475 2586 515 mea.
2611 461 2995 532 Praecipueque
3019 475 3120 532 per
3155 461 3586 519 emendationem

310 555 567 610 diabolus
619 568 832 624 semper
883 553 1037 625 fugit.
1093 556 1357 620 Peccasti,
1394 553 1679 609 ecclesiam
1723 553 1903 620 ingre-

309 646 474 710 dere,
514 653 677 713 atque
723 652 875 698 tuum
899 645 1020 699 dele
1058 653 1359 715 peccatum.
1390 643 1611 712 Quoties
1640 643 1905 698 cecideris

312 739 374 792 in
400 735 536 800 foro,
566 735 728 789 toties
767 736 1048 805 exsurgis:
1075 736 1155 790 sic
1178 737 1393 806 quoties
1419 736 1752 806 peccaveris,
1780 750 1905 804 pec-

313 828 426 884 cati
483 828 767 898 paeniteat,
819 842 993 896 neque
1039 828 1312 898 desperes.
1377 828 1615 882 Tametsi
1668 827 1906 881 secundo

313 918 653 990 peccaveris,
703 918 940 972 secundo
987 918 1270 986 pmniteat,
1322 933 1499 987 neque
1547 918 1729 971 animo
1777 932 1906 970 con-

316 1016 600 1063 sternatus
623 1023 653 1060 a
682 1022 776 1078 spe
817 1007 1175 1076 repositorum
1202 1007 1468 1061 bonorum
1495 1007 1678 1062 cadas.
1707 1006 1908 1072 Quam-

314 1099 405 1152 vis
434 1099 488 1152 in
527 1107 771 1153 extrema
806 1098 1003 1152 canitie
1047 1099 1376 1167 peccaveris,
1401 1097 1704 1166 ingredere,
1732 1095 1908 1164 paeni-

317 1189 552 1243 tentiam
592 1203 690 1258 age
737 1206 750 1240 :
786 1187 1066 1242 medicina:
1103 1187 1253 1242 locus
1287 1197 1374 1242 est
1427 1187 1515 1241 hic
1563 1202 1669 1240 non
1693 1185 1907 1256 judicii,

320 1295 434 1334 non
473 1294 662 1348 pinnas
703 1278 944 1347 exigens,
994 1277 1090 1331 sed
1136 1285 1483 1346 peccatorum
1533 1276 1908 1330 remissionem

319 1371 590 1424 tribuens.
624 1369 735 1423 Deo
780 1370 954 1422 solum
1002 1369 1089 1422 dic
1132 1377 1412 1438 peccatum
1451 1376 1620 1421 tuum.
1647 1365 1826 1420 Habes
1855 1373 1912 1420 et

321 1460 488 1515 aliam
517 1460 893 1528 pmnitentiam
940 1459 1082 1512 haud
1117 1456 1408 1521 ditlicilcm,
1451 1457 1544 1511 sed
1572 1455 1792 1510 omnino
1819 1471 1909 1509 ac-

323 1551 913 1613 commodatissimam;
984 1549 1237 1618 qualem?
1303 1549 1478 1602 hanc:
1554 1546 1689 1602 delle
1748 1561 1912 1614 super

323 1649 610 1712 peccatum
679 1649 851 1706 tuum,
915 1638 1076 1710 idque
1119 1655 1192 1705 ex
1247 1639 1420 1694 sacris
1475 1639 1702 1693 docetur
1735 1637 1912 1691 Evan-

325 1730 502 1800 geliis.
551 1749 570 1781 ι

397 1861 634 1916 Sanctus
678 1860 1033 1931 Augustinus,
1085 1861 1178 1915 lib.
1213 1878 1252 1916 ιι
1317 1870 1505 1917 contra
1559 1860 1912 1916 Cresconium

326 1953 768 2024 grammaticum,
798 1967 919 2022 cap.
954 1952 1020 2005 l2
1050 1970 1062 2005 :
1102 1971 1120 2003 ι
1155 1952 1481 2008 Mundantur
1523 1961 1578 2007 et
1623 1951 1791 2006 verbo
1822 1967 1916 2007 ve-

327 2045 512 2099 ritatis
539 2046 608 2098 ab
637 2043 726 2098 illo
755 2044 848 2114 qui
877 2045 969 2106 ait,
1001 2043 1122 2098 iam
1150 2059 1246 2099 vos
1285 2045 1470 2099 mundi
1500 2045 1653 2108 estis,
1691 2053 1915 2114 propter

325 2136 556 2191 verbum
585 2135 730 2204 quod
761 2135 975 2189 locutus
1005 2149 1123 2189 sum
1154 2135 1328 2189 vobis.
1365 2134 1691 2188 Mundantur
1720 2143 1776 2188 et
1822 2149 1914 2188 sa-

324 2228 540 2284 criﬁcio
586 2226 804 2281 contriti
847 2226 1027 2281 cordis
1055 2227 1123 2282 ab
1167 2227 1259 2281 illo
1304 2227 1370 2281 de
1400 2241 1508 2295 quo
1535 2227 1738 2281 dictum
1780 2235 1908 2280 est:

326 2319 669 2388 Sacriﬁcium
693 2318 801 2372 Deo
827 2319 1043 2388 spiritus
1070 2316 1454 2371 contribulatus
1473 2358 1488 2382 ,
1515 2334 1605 2371 cor
1631 2317 1914 2371 contritum

323 2420 377 2466 et
392 2409 723 2465 humiliatum
736 2409 878 2463 Deus
894 2425 997 2464 non
1023 2410 1246 2478 Spernit.
1266 2408 1589 2463 Mundantur
1605 2417 1658 2464 et
1684 2410 1916 2464 eleemo-

326 2501 483 2572 synis
495 2503 562 2557 ab
581 2500 670 2555 illo
697 2501 788 2570 qui
818 2500 894 2554 ait
917 2517 930 2552 :
956 2499 1088 2553 Date
1110 2499 1511 2570 eleemosynam,
1538 2510 1585 2553 et
1599 2517 1713 2554 ecce
1739 2501 1915 2554 omnia

327 2591 529 2646 munda
557 2598 679 2644 sunt
710 2589 873 2644 vobis.
922 2589 1250 2644 Mundantur
1287 2590 1422 2660 ipsa,
1468 2606 1589 2659 qua:
1617 2592 1916 2660 superemi-

329 2692 426 2739 net
468 2683 740 2748 omnibus,
794 2683 1064 2738 cbaritate
1099 2683 1168 2737 ab
1215 2683 1308 2738 illo
1350 2683 1443 2752 qui
1484 2699 1580 2753 per
1609 2682 1914 2753 apostolum

327 2773 557 2828 Petrum
585 2773 722 2827 dixit
749 2790 762 2826 :
793 2771 1040 2826 Charitas
1063 2775 1292 2842 cooperit
1315 2773 1704 2828 multitudinem
1730 2789 1916 2844 pecca-

328 2873 542 2929 torum;
573 2879 692 2934 qua:
718 2878 826 2917 una
872 2863 919 2918 si
947 2863 1112 2928 adsit,
1147 2863 1329 2917 omnia
1359 2863 1450 2916 illa
1484 2873 1630 2918 recte
1662 2863 1831 2928 fiunt;
1867 2863 1916 2918 si

330 2962 516 3010 autem
554 2954 696 3010 desit
720 2954 832 3020 illa,
863 2954 1045 3008 omnia
1073 2952 1277 3006 frustra
1306 2952 1459 3006 liunt.
1499 2971 1518 3004 ι

403 3116 718 3181 Cassianus,
763 3113 814 3170 J.
863 3113 1233 3186 Chrysostomi
1277 3112 1592 3184 discipulus,
1648 3113 1701 3167 in
1749 3111 1913 3167 colla-

329 3210 481 3265 tione
507 3225 598 3274 xx,
645 3223 766 3280 cap.
800 3209 834 3264 8
867 3226 880 3262 :
917 3226 935 3260 ι
969 3210 1095 3263 Post
1141 3207 1284 3262 illam
1331 3223 1564 3277 namque
1600 3205 1910 3276 generalem

327 3300 590 3370 baptismi
621 3299 874 3370 gratiam,
905 3306 960 3354 et
1003 3297 1130 3352 illud
1176 3297 1626 3367 pretiosissimum
1663 3296 1910 3368 martyrii

329 3393 558 3457 donum,
584 3391 727 3461 quod
754 3389 1027 3460 sanguinis
1053 3389 1328 3443 ablatione
1367 3389 1724 3458 conquiritur,
1757 3387 1912 3442 multi

331 3493 459 3540 sunt
481 3481 816 3554 pmnitentim
861 3480 1090 3544 fructus,
1138 3495 1236 3548 per
1276 3494 1412 3549 quos
1441 3480 1505 3532 ad
1547 3478 1912 3548 expiationem

332 3578 625 3633 criminum
649 3573 984 3644 pervenitur.
1031 3571 1148 3626 Non
1177 3571 1323 3625 enim
1354 3571 1584 3642 simplici
1617 3571 1706 3625 illo
1744 3569 1916 3640 ι)ωηί-

332 3669 516 3722 tentiae
550 3667 770 3720 nomine
813 3664 958 3719 salus
987 3672 1192 3718 aeterna
1242 3662 1658 3733 repromittitur,
1699 3661 1764 3715 de
1805 3675 1914 3730 quo

333 3760 527 3812 beatus
585 3753 860 3827 apostolus
921 3753 1130 3816 Petrus,
1179 3753 1543 3817 Pmnitcmini,
1618 3751 1813 3822 inquit,
1863 3761 1918 3807 et

333 3847 742 3921 convertit-nini,
766 3854 822 3901 ut
860 3845 1141 3900 deleantur
1165 3853 1383 3912 peccata
1414 3852 1613 3896 vestra.
1665 3842 1728 3896 Et
1753 3841 1918 3896 Joan-

332 3957 432 3996 nes
461 3939 724 4009 Baptista,
756 3937 840 3992 vel
868 3937 981 4007 ipse
1010 3934 1270 3988 Dominus
1301 3951 1312 3986 :
1353 3931 1723 3986 Paenitentiam
1754 3932 1914 4001 agite,

332 4030 766 4102 appropinquabit
792 4030 930 4083 enim
958 4042 1172 4097 regnum
1199 4023 1463 4078 caelorum.
1496 4021 1601 4076 Sed
1624 4021 1788 4076 etiam
1821 4035 1917 4091 per

329 4123 620 4178 charitatis
647 4121 898 4175 allectum
923 4127 1269 4190 peccatorum
1299 4115 1468 4168 moles
1495 4114 1760 4169 obruitur.
1780 4112 1918 4166 Cha-

334 4217 467 4268 ritas
494 4216 631 4268 enim
667 4214 832 4284 operit
859 4210 1248 4265 multitudinem
1270 4219 1622 4280 peccatorum.
1653 4207 1919 4263 Similiter

333 4307 502 4361 etiam
533 4321 632 4376 per
677 4303 1144 4375 eleemosynarum
1191 4301 1426 4356 fructum
1474 4299 1790 4355 vulneribus
1820 4314 1917 4352 no-

335 4397 465 4452 stris
493 4395 701 4451 medela
743 4403 1074 4466 praestatur:
1107 4392 1234 4462 quia
1273 4391 1414 4445 sicut
1444 4405 1584 4460 aqua
1625 4388 1918 4460 exstinguit

334 4489 554 4558 ignem,
619 4488 694 4540 ita
745 4485 1086 4554 eleemosyna
1138 4481 1434 4550 exstinguit
1483 4488 1784 4549 peccatum.
1836 4477 1912 4531 lta
1945 4513 1992 4570 υ

332 4580 502 4633 etiam
563 4591 662 4647 per
727 4576 1092 4646 lacrymarum
1146 4570 1512 4642 profusionem
1575 4569 1916 4640 conquiritur

333 4669 541 4724 ablutio
566 4675 941 4739 peccatorum;
975 4663 1344 4740 Levatio-enim
1368 4679 1461 4733 per
1484 4661 1720 4734 singulas
1747 4672 1918 4716 nocIes

334 4762 530 4816 lectum
575 4776 766 4820 meum,
813 4753 1473 4829 lacrgntis‘me'isstratum
1490 4771 1672 4809 meum
1713 4755 1915 4824 rigabo.

332 4855 579 4925 Denique
607 4851 880 4922 subiungit
903 4833 1194 4928 ostendens
1219 4865 1311 4905 eas
1354 4863 1461 4904 non
1489 4848 1724 4903 inaniter
1749 4846 1918 4903 fuisse

334 4943 612 5015 profusas,
641 4931 1276 5023 Discediteginq'piensm
1304 4955 1384 4992 me
1408 4955 1586 4993 omnes
1614 4939 1702 5009 qui
1728 4955 1917 5010 opera—

332 5035 466 5089 mini
496 5035 846 5106 iniquitatem,
886 5023 1133 5104 quanibt'n
1160 5029 1426 5086 exaudivit
1459 5029 1715 5084 Dominus
1748 5046 1918 5084 vocem

334 5129 492 5198 fletus
514 5128 616 5183 mei
641 5145 659 5192 ;
691 5142 793 5183 nec
822 5143 929 5183 non
962 5141 1060 5197 per
1085 5125 1370 5181 criminum
1409 5120 1804 5179 confessionem
1829 5137 1921 5177 eo-

335 5234 460 5276 rum
495 5219 722 5276 abolitio
775 5217 1092 5273 conceditnr
1135 5233 1148 5268 :
1181 5213 1306 5269 Dixi
1353 5213 1521 5277 enim,
1552 5212 1649 5277 ait,
1679 5227 1923 5283 pronun-

334 5309 487 5366 tiabo
510 5309 788 5364 adversum
815 5323 898 5362 me
927 5304 1242 5377 injustitiam
1269 5319 1439 5358 meam
1485 5302 1732 5368 Domino,
1771 5311 1820 5357 et
1862 5311 1921 5356 tu

333 5399 584 5455 remisisti
612 5400 927 5470 impietatem
955 5395 1152 5466 peccati
1195 5394 1315 5449 mei.
1361 5377 1660 5448 Et\‘iterum
1690 5412 1702 5445 :
1744 5391 1916 5448 Narra

334 5500 394 5546 tu
431 5489 752 5561 iniquitates
781 5499 900 5542 tuas
925 5486 1134 5557 primus
1165 5493 1224 5538 ut
1247 5483 1585 5552 justitlceris.
1633 5483 1737 5539 Per
1776 5483 1914 5538 allii-

333 5582 572 5638 ctionem
604 5593 820 5651 quoque
840 5576 1024 5633 cordis
1046 5584 1101 5630 et
1120 5576 1364 5644 corporis
1414 5576 1773 5630 admissorum
1800 5591 1918 5631 sce-

333 5674 511 5728 lerum
539 5672 791 5727 remissio
819 5669 1069 5725 similiter
1097 5668 1394 5723 obtinetur.
1441 5665 1595 5732 Nam,
1638 5665 1766 5722 Vide
1785 5709 1800 5736 ,
1834 5669 1916 5724 in-

335 5766 476 5831 quit,
507 5762 858 5819 humilitatem
890 5775 1057 5812 meam
1087 5769 1133 5812 et
1165 5757 1395 5811 laborem
1419 5775 1610 5825 meum,
1643 5770 1689 5814 et
1716 5760 1920 5814 dimitte

739 5858 1014 5918 PATROL.
1065 5853 1292 5918 XCIX.

1938 3160 1988 3226 ϐ

2009 567 2249 606 morum:
2281 551 2516 620 Auferte,
2541 553 2730 620 lnquit,
2757 552 2956 606 malum
2995 553 3369 624 cogitationum
3391 563 3588 608 vestra-

2007 657 2126 694 rum
2167 641 2232 694 ab
2257 641 2422 694 oculis
2451 641 2603 706 meis,
2643 643 2888 712 quiescite
2915 660 3069 712 agere
3092 660 3356 714 perverse,
3406 645 3590 698 discite

2008 729 2332 798 benefacere,
2365 731 2582 799 qua'rite
2595 731 2882 800 judicium,
2913 733 3177 786 subvenite
3207 749 3470 803 oppresso,
3491 735 3584 802 ju-

2007 824 2178 877 dicate
2221 823 2444 894 pupillo,
2477 824 2743 893 defendite
2770 825 3002 889 viduam,
3027 835 3074 878 et
3104 825 3269 879 venite
3313 834 3360 878 et
3385 827 3589 896 argui.'e

2009 933 2110 980 me,
2155 917 2279 969 dicit
2327 917 2606 971 Dominus.
2656 917 2726 970 Et
2773 919 2818 970 si
2845 918 3042 986 fuerint
3068 928 3280 988 peccata
3324 928 3492 972 vestra
3531 930 3587 971 ut

2009 1007 2300 1072 coccinum,
2332 1007 2466 1060 velut
2495 1010 2586 1062 nix
2613 1009 3029 1076 dealbabuntur;
3062 1019 3109 1064 et
3135 1011 3180 1064 si
3206 1009 3399 1079 fuerint
3428 1008 3588 1062 rubra

2008 1098 2161 1168 quasi
2189 1099 2522 1162 vermiculus,
2573 1099 2710 1153 velut
2755 1100 2877 1154 lana
2923 1100 3041 1154 alba
3086 1110 3259 1154 erunt.
3315 1100 3590 1154 Interdum

2010 1190 2172 1240 etiam
2203 1187 2592 1243 intercessione
2620 1199 2930 1244 sanctorum
2959 1190 3279 1260 impetratur
3300 1189 3457 1242 venia
3499 1192 3592 1240 (le-

2011 1279 2284 1335 lictorum.
2316 1281 2420 1347 Qui
2447 1283 2593 1337 enim
2625 1283 2722 1337 scit
2752 1283 2968 1354 fratrem
2991 1302 3141 1338 suum
3170 1300 3384 1354 peccare
3411 1300 3593 1353 pecca-

2011 1381 2122 1423 tum
2167 1387 2271 1425 non
2311 1372 2382 1425 ad
2422 1382 2662 1438 mortem,
2708 1382 2942 1444 petat,et
2982 1375 3129 1429 dabit
3155 1376 3204 1431 ei
3246 1377 3412 1431 vitam
3451 1376 3592 1430 Deus

2012 1461 2248 1530 peccanti
2272 1478 2376 1515 non
2400 1463 2469 1516 ad
2500 1473 2738 1517 mortem.
2770 1465 2836 1517 Et
2863 1465 3057 1519 iterum
3086 1485 3099 1518 :
3137 1466 3452 1536 Infirmatur
3478 1469 3591 1537 qt-is

2013 1569 2077 1606 ea:
2107 1552 2262 1616 vobis,
2299 1553 2514 1608 inducat
2541 1555 2867 1625 presbyteros
2895 1555 3144 1611 Ecclesia:
3172 1568 3218 1611 et
3259 1567 3404 1612 orent
3440 1574 3594 1627 super

2013 1660 2154 1709 eum,
2186 1655 2432 1715 ungentes
2460 1663 2578 1700 eum
2606 1647 2718 1702 oleo
2745 1650 2801 1702 in
2835 1651 3043 1704 nomine
3067 1649 3302 1715 Domini,
3334 1659 3380 1702 et
3429 1651 3593 1703 oratio

2014 1735 2140 1803 ﬁdei
2165 1735 2386 1790 salvabit
2410 1738 2700 1808 inﬁrmum,
2727 1751 2775 1794 et
2805 1741 3068 1796 alleriabit
3095 1760 3212 1796 eum
3235 1743 3521 1797 Dominus:
3550 1753 3594 1795 et

1943 1810 1991 1870 Β
2015 1824 2060 1877 si
2083 1826 2136 1878 in
2167 1828 2390 1897 peccatis
2415 1829 2506 1894 sit,
2545 1831 2847 1886 dimittetur
2887 1833 2952 1886 ei.
2982 1833 3383 1904 Nonnunquam
3434 1835 3597 1887 etiam

2016 1919 2402 1975 misericordia:
2432 1936 2498 1976 ac
2524 1921 2646 1978 ﬁdei
2674 1927 2870 1980 merito
2901 1925 3047 1981 labes
3076 1929 3398 1997 excoquitur
3438 1929 3595 1981 vitio-

2018 2025 2160 2074 rum,
2197 2011 2493 2065 secundum
2536 2012 2666 2067 illud
2710 2032 2722 2066 :
2758 2014 2865 2069 Per
2911 2015 3321 2071 misericordiam
3367 2028 3415 2072 et
3439 2019 3597 2087 ﬁdem

2015 2113 2309 2174 purgantur
2331 2113 2563 2173 peccata.
2610 2105 2714 2160 Per
2741 2107 3149 2162 conversionem
3176 2108 3495 2178 plerumque
3546 2099 3598 2163 et

2017 2191 2248 2247 salutem
2277 2207 2470 2246 eorum
2495 2195 2585 2263 qui
2612 2196 2812 2250 nostris
2850 2197 3072 2252 monitis
3122 2213 3185 2252 ac
3214 2199 3599 2267 praedicatione

2017 2282 2313 2337 salvantur.
2337 2282 2601 2350 Quoniam
2621 2285 2712 2355 qui
2733 2287 2959 2340 converti
2987 2287 3166 2356 fecerit
3186 2297 3507 2357 peccatorem
3531 2295 3597 2341 ab

2016 2390 2194 2427 errore
2222 2375 2317 2428 vite
2344 2391 2472 2438 suae,
2503 2375 2672 2428 salvat
2693 2377 2925 2430 animam
2950 2377 3066 2448 ejus
3092 2395 3124 2431 a
3152 2390 3316 2434 morte
3342 2391 3388 2435 et
3423 2384 3604 2452 operit

2019 2463 2404 2519 multitudinem
2450 2476 2804 2536 peccatorum.
2836 2467 2940 2523 Per
2983 2469 3373 2539 indulgentiam
3404 2475 3586 2528 nihilo.

2017 2557 2198 2611 minus
2245 2566 2300 2612 et
2337 2559 2708 2614 remissionem
2768 2569 3034 2628 nostram,
3089 2564 3156 2618 ad
3208 2564 3595 2637 indulgentiam

2017 2655 2324 2701 nostrorum
2367 2647 2666 2705 facinorum
2708 2653 3022 2720 pervenitur
3069 2668 3083 2706 :
3122 2653 3184 2710 Si
3212 2658 3349 2710 enim
3397 2658 3605 2713 dimise-

2019 2736 2132 2790 ritis
2161 2737 2456 2793 hominibus
2470 2751 2683 2810 peccata
2709 2759 2914 2808 eorum,
2945 2743 3167 2799 dimittet
3187 2755 3238 2800 et
3268 2748 3410 2803 vobis
3440 2749 3606 2804 Pater

2021 2835 2186 2880 vester
2215 2827 2432 2883 ccclestis
2475 2831 2667 2885 delicta
2714 2843 2904 2887 vestra.
2953 2835 3162 2893 Videtis
3202 2854 3330 2910 ergo
3371 2853 3606 2911 quantos

2019 2919 2408 2976 misericordiae
2426 2925 2603 2979 aditus
2627 2926 2941 2994 patefecerit
2966 2929 3251 2986 clementia
3277 2933 3601 3000 Salvatoris.

2019 3019 2081 3067 ut
2122 3028 2282 3069 nemo
2313 3014 2539 3070 salutem
2586 3019 2832 3087 cupiens,
2886 3021 3262 3091 desperatione
3291 3023 3604 3097 frangatur,

2019 3119 2144 3159 cum
2170 3105 2352 3160 videat
2381 3121 2438 3161 se
2469 3107 2637 3162 tantis
2666 3109 2734 3162 ad
2777 3110 2944 3164 vitam
2973 3112 3230 3169 remediis
3265 3115 3505 3171 invitari.
3541 3115 3601 3172 Si

2016 3197 2161 3252 enim
2196 3211 2296 3266 pro
2348 3195 2662 3252 infirmitate
2711 3200 2891 3254 carnis
2941 3199 3230 3258 afflictione
3271 3203 3605 3276 jejuniorum

2013 3288 2232 3345 abolere
2281 3297 2335 3343 te
2383 3298 2605 3360 peccata
2657 3306 2764 3346 non
2794 3305 2954 3362 posse
2991 3295 3257 3360 causaris,
3309 3311 3409 3351 nec
3446 3308 3605 3367 potes

2015 3382 2238 3436 dicere:
2295 3378 2476 3436 Genua
2523 3399 2640 3436 mea
2692 3383 2964 3452 inﬁrmata
3018 3395 3142 3440 sunt
3195 3404 3227 3440 a
3261 3387 3502 3458 jejunio,
3555 3403 3603 3444 et

2014 3489 2139 3526 caro
2191 3489 2306 3527 mea
2362 3474 2641 3527 immutata
2688 3482 2764 3528 est
2821 3484 3034 3544 propter
3080 3475 3284 3542 oleum;
3346 3479 3472 3549 quia
3521 3481 3599 3534 ci-

2016 3580 2188 3618 nerem
2210 3573 2460 3635 tanquam
2493 3581 2680 3636 panem
2719 3565 3120 3631 manducabam,
3156 3577 3204 3622 et
3224 3578 3403 3640 potum
3427 3587 3600 3624 meum

2015 3672 2134 3709 cum
2163 3655 2291 3725 ﬂetu
2320 3655 2596 3709 miscebam
2617 3697 2630 3718 ,
2665 3657 3133 3728 eleemosynarum
3162 3674 3226 3714 ea
3254 3660 3462 3716 redime
3495 3661 3606 3714 lar-

2017 3747 2206 3816 gitate.
2235 3745 2500 3818 Indigenti
2529 3747 2574 3802 si
2605 3764 2712 3802 non
2745 3748 2913 3804 habes
2943 3751 3088 3819 quod
3120 3750 3404 3821 impartias
3436 3749 3454 3824 (
3480 3751 3608 3807 licet

2017 3840 2224 3893 nullum
2255 3841 2322 3893 ab
2351 3841 2454 3895 hoc
2477 3855 2640 3910 opere
2676 3844 2974 3899 necessitas
3003 3843 3198 3915 inopia:
3228 3861 3292 3901 ac
3320 3856 3608 3916 pauperta-

2018 3932 2088 3984 tis
2121 3929 2391 3994 excludat,
2442 3933 2660 4001 quando
2705 3935 2924 4002 quidem
2973 3944 3029 3990 et
3076 3936 3219 3992 illius
3270 3939 3446 3993 vidua:
3499 3940 3607 3992 (lno

2018 4028 2227 4076 tantum
2257 4037 2367 4076 tera
2411 4022 2720 4093 ingentibus
2771 4024 3000 4079 divitum
3050 4028 3365 4082 muneribus
3411 4027 3608 4097 pracfe-

2019 4121 2232 4178 runtur,
2278 4121 2334 4168 et
2381 4128 2482 4183 pro
2520 4114 2689 4169 calice
2733 4129 2886 4184 aqua:
2935 4113 3143 4186 frigida:
3194 4119 3498 4173 mercedem
3545 4135 3607 4174 se

2019 4204 2353 4258 redditurum
2385 4205 2645 4260 Dominus
2670 4205 3044 4278 rcpromittit),
3071 4216 3222 4262 certe
3259 4208 3463 4278 absque
3497 4209 3605 4264 illis

2018 4308 2230 4347 morum
2265 4296 2466 4362 poteris
2495 4295 2876 4350 emendatione
2901 4298 3143 4368 purgari.
3171 4297 3324 4366 Quod
3350 4301 3395 4356 si
3424 4298 3606 4372 perfe-

2019 4383 2257 4436 ctionem
2310 4383 2573 4438 virtutum
2625 4387 2988 4442 exstinctione
3052 4389 3308 4444 vitiorum
3363 4391 3606 4446 omnium

2018 4490 2125 4527 non
2164 4484 2316 4544 potes
2347 4476 2594 4545 adipisci,
2618 4477 3042 4534 sollicitudinem
3069 4481 3214 4551 piam
3246 4497 3374 4552 erga
3402 4481 3608 4537 utilita-

2024 4573 2132 4618 tem
2183 4565 2372 4619 aliena:
2420 4566 2610 4622 salutis
2646 4567 2915 4638 impende.
2949 4567 3005 4623 Si
3037 4579 3218 4624 autem
3249 4578 3302 4625 te
3352 4571 3606 4628 idoneum

2022 4655 2150 4710 huic
2180 4656 2483 4712 ministerio
2523 4674 2629 4713 non
2661 4674 2781 4714 esse
2808 4662 3181 4730 conquercris,
3221 4663 3437 4734 operire
3482 4681 3514 4735 p
3537 4682 3607 4722 ’ς-

2023 4756 2144 4801 cata
2189 4749 2396 4818 poteris
2429 4751 2714 4806 cbaritatis
2753 4749 2970 4807 aﬂectu.
3014 4752 3071 4808 ln
3099 4771 3202 4810 noc
3225 4770 3441 4826 quoque
3467 4760 3512 4813 si
3555 4767 3608 4812 to

2024 4839 2270 4912 fragilem
2305 4841 2500 4898 fecerit
2535 4843 2788 4914 quaelibet
2833 4846 3034 4901 mentis
3064 4847 3278 4919 ignavia
3300 4889 3315 4915 ,
3355 4851 3604 4906 oratione

2006 4931 2214 4988 saltem
2249 4941 2411 5004 atque
2438 4934 2828 4992 intercessione
2852 4946 3167 4993 sanctorum
3213 4943 3449 4999 remedia
3491 4945 3607 4998 vul-

2025 5025 2248 5079 neribus
2277 5027 2390 5081 suis
2419 5027 2741 5085 humilitatis
2777 5025 2976 5084 aﬁ‘ectu
3009 5033 3312 5089 submissus
3355 5034 3603 5104 implora.

2020 5119 2309 5176 Postremo
2334 5121 2456 5192 quis
2478 5130 2564 5177 est
2586 5123 2679 5194 qui
2708 5139 2816 5179 non
2852 5126 3026 5195 possit
3047 5127 3363 5197 suppliciter
3384 5129 3564 5184 dicere
3589 5168 3602 5192 .

2029 5210 2308 5266 Peccatum
2356 5228 2528 5267 meum
2573 5215 2836 5287 cognitum
2889 5217 2984 5270 tibi
3026 5217 3148 5287 feci,
3196 5225 3245 5271 et
3289 5216 3606 5288 injustitiam

2023 5319 2192 5357 meam
2222 5319 2326 5358 non
2355 5305 2574 5376 aperui?
2609 5305 2677 5362 Ut
2705 5321 2803 5378 per
2833 5308 2971 5362 hanc
3000 5305 3397 5362 confessionem
3442 5310 3606 5369 etiam

2019 5395 2147 5449 illud
2199 5395 2532 5451 ennlidenter
2564 5395 2889 5466 subjungere
2940 5404 3233 5463 mereatur,
3276 5407 3332 5452 et
3374 5410 3432 5454 tu
3460 5407 3612 5456 remi-

2020 5486 2131 5539 sisti
2179 5485 2496 5557 impietatem
2525 5486 2696 5540 cordis
2743 5486 2863 5538 mei.
2895 5483 3046 5551 Quod
3089 5486 3134 5540 si
3163 5491 3491 5544 verecundia
3525 5508 3607 5546 re-

2034 5579 2286 5632 trahente
2317 5576 2558 5631 revelare
2585 5589 2769 5630 coram
2816 5575 3127 5631 hominibus
3173 5578 3474 5646 erubescis,
3529 5585 3608 5639 illi

2019 5687 2180 5742 quem
2207 5669 2377 5724 latere
2408 5684 2512 5724 non
2546 5676 2772 5737 possunt
2799 5668 3043 5724 confiteri
3073 5687 3135 5725 ea
3177 5671 3290 5743 jugi
3332 5675 3488 5747 suppl
3515 5692 3604 5731 ca-

2020 5765 2164 5818 tione
2194 5777 2298 5816 non
2325 5761 2560 5826 desinas,
2591 5774 2653 5815 ac
2683 5761 2884 5828 dicere,
2918 5760 3254 5835 Iniquitate":
3307 5783 3475 5824 meam
3514 5783 3605 5840 ego

3176 5860 3252 5919 ω
