3942 6182
508 307 646 361 19.27

1079 306 1426 362 TIIEODORI
1463 305 1785 361 ARClllEl’.
1818 306 2170 361 CANTHAR.
2213 303 2559 362 DOCTRINA
2599 304 2686 358 DE
2720 301 3160 359 POENITENTIA

3556 314 3660 373 1228

505 434 780 489 cognosco,
812 427 859 472 et
899 425 1163 488 peccatum
1196 433 1367 470 areum
1411 426 1592 469 contra
1622 432 1702 470 me
1740 425 1814 469 est
1853 432 2084 486 semper,
2116 418 2164 475 Δ
2190 414 2368 473 ritatis
2409 413 2662 476 affectus,
2695 422 2753 467 ut
2790 422 2873 487 est
2902 413 3064 468 illud:
3096 413 3415 473 Remittuntur
3436 423 3474 475 ei
3498 402 3663 495 pacem

506 508 600 562 tibi
619 507 719 562 soli
740 505 967 577 peccavi,
990 515 1035 559 et
1056 505 1255 560 malum
1277 522 1456 560 coram
1480 516 1529 560 te
1552 506 1675 576 feci,
1699 507 1791 575 qui
1813 513 1868 559 et
1887 505 2090 576 absque

505 599 650 653 illius
678 595 1403 665 vcrecundimpublicatione
1424 610 1637 660 curare,
1668 603 1723 650 et
1745 595 1864 650 sine
1888 594 2089 664 impro-

502 690 655 759 perio
703 694 928 758 peccata
957 687 1159 742 donare
1186 687 1484 742 consuevit.
1535 685 1665 761 Post
1692 687 1840 742 istud
1873 700 2089 756 quoque

503 789 618 833 tam
664 785 973 848 promptum
1002 784 1321 847 certumque
1346 776 1668 842 subsidium,
1701 776 1848 831 aliud
1872 791 2087 845 quoque

506 869 686 924 adhuc
711 866 929 923 facilius
955 867 1146 938 largita
1197 876 1280 922 est
1303 867 1457 923 nobis
1485 866 1666 922 divina
1693 866 1961 936 dignatio,
2004 866 2086 936 ip-

501 975 728 1029 samque
759 961 982 1016 remedii
1009 973 1165 1030 opem
1194 969 1379 1015 nostro
1421 959 1694 1015 commisit
1724 959 1981 1024 arbitrio,
2026 966 2085 1013 ut

500 1051 893 1124 indulgentiam
920 1059 1229 1107 nostrorum
1253 1050 1517 1106 scelerum
1541 1064 1641 1118 pro
1672 1060 1858 1105 nostro
1880 1064 2085 1118 praesu-

501 1160 714 1201 mamus
737 1144 950 1210 affectu,
982 1145 1224 1201 dicentes
1243 1143 1292 1198 ei
1318 1161 1331 1197 :
1364 1141 1579 1196 Dimitte
1605 1141 1752 1196 nobis
1786 1140 1959 1195 debita
1990 1158 2083 1194 no-

499 1246 628 1300 stra,
660 1237 794 1291 sicut
821 1246 867 1291 ct
894 1253 986 1292 nos
1015 1235 1327 1290 dimittimus
1356 1233 1674 1288 debitoribus
1702 1236 1914 1286 nostris.
1947 1252 1965 1284 ι

570 1328 836 1385 Cresarius
858 1328 1194 1383 Arelatensis
1220 1327 1273 1380 in
1299 1326 1522 1380 bomilia
1546 1327 1577 1381 9
1603 1340 1616 1378 :
1652 1343 1670 1374 ι
1706 1322 2076 1389 Considerate,

499 1425 700 1480 fratres
721 1423 1049 1487 charissimi,
1073 1430 1129 1476 et
1158 1422 1331 1476 videte
1354 1420 1482 1490 quia
1506 1418 1648 1473 nulla
1675 1417 1952 1473 excusatio
1981 1432 2081 1472 no-

498 1517 582 1570 bis
603 1523 782 1587 potest
808 1528 1107 1579 remanere,
1137 1528 1234 1584 per
1262 1526 1422 1581 quam
1454 1511 1697 1566 dicamus
1722 1516 1945 1579 peccata
1977 1524 2076 1562 ηας

498 1616 611 1662 stra
652 1604 1044 1676 nonpotuisse
1094 1603 1378 1663 redimere.
1427 1601 1588 1676 Potes
1639 1598 1864 1654 forsitan
1897 1598 2077 1657 dicere

496 1696 642 1766 quod
671 1675 890 1751 carnem
916 1703 1063 1749 tuam
1084 1693 1304 1765 jejuniis
1330 1707 1394 1747 ac
1421 1675 1618 1762 vigiliis
1658 1706 1764 1744 non
1791 1689 1965 1759 possis
1991 1687 2075 1742 af-

2192 502 2379 568 multa,
2411 505 2539 575 quia
2556 496 2739 561 dilexit
2769 503 3010 559 multum.
3047 505 3218 561 Tertia
3240 511 3455 566 remissio
3478 518 3664 575 estelee-

2190 608 2534 664 mosynarum
2582 594 2827 660 fructus,
2886 596 3170 671 secundum
3224 598 3354 655 hoc:
3401 601 3528 659 Sicut
3562 625 3665 679 aqua

2189 683 2485 753 exstinguit
2531 683 2728 755 ignem,
2772 684 2844 739 ita
2869 685 3201 757 eleemosyna
3229 693 3487 764 exstinguit
3518 714 3663 769 ρεαδ.

2188 782 2323 830 tum.
2355 775 2560 843 Quarta
2590 780 2851 843 remissio,
2872 779 3109 850 profusio
3132 782 3474 855 lacrymarum,
3493 792 3664 851 Domino

2188 866 2439 947 dicente:
2476 866 2615 934 Quia
2645 866 2792 923 ﬂevit
2819 870 2873 923 in
2896 880 3180 942 conspectu
3210 890 3338 943 meo,
3367 888 3414 933 et
3438 883 3663 939 ambulavit

2187 971 2370 1011 coram
2394 972 2479 1012 me
2502 958 2689 1024 tristis,
2714 974 2821 1014 non
2846 960 3094 1019 inducam
3116 963 3303 1020 malum
3323 966 3371 1021 in
3394 968 3548 1026 diebus
3563 974 3659 1042 ejus.

2185 1042 2383 1111 Quinta
2426 1047 2672 1103 remissio
2707 1057 2789 1102 est
2812 1050 3097 1105 criminum
3139 1053 3409 1123 confessio,
3446 1059 3659 1123 Psalmista

2185 1141 2474 1189 attestante
2501 1154 2512 1188 :
2551 1136 2701 1201 Diri,
2728 1139 3009 1208 confitebor
3036 1140 3294 1197 adrersum
3323 1163 3394 1200 me
3422 1122 3659 1216 injusiidau

2183 1240 2353 1279 "team
2379 1225 2623 1291 Domino,
2654 1238 2701 1280 et
2728 1239 2782 1281 tu
2812 1230 3056 1284 remisisti
3084 1232 3376 1303 impietatem
3394 1242 3553 1306 peccati
3571 1245 3656 1295 turi.

2185 1314 2348 1371 Sexta
2372 1319 2618 1374 remissio
2628 1330 2708 1375 est
2730 1320 2947 1377 afﬂictio
2968 1324 3143 1379 cordis
3161 1329 3658 1401 etcorporis,Apostolo

2168 1406 2493 1473 consolante
2519 1423 2533 1460 :
2562 1407 2690 1463 Dedi
2717 1409 3021 1479 hujusmodi
3051 1412 3308 1468 hominem
3338 1416 3519 1473 Saturae
3538 1421 3578 1474 in
3601 1425 3658 1476 in-

2182 1496 2392 1548 teritum
2422 1498 2617 1564 carnis,
2650 1508 2705 1551 ut
2735 1500 2949 1571 spiritus
2992 1502 3164 1558 salvus
3204 1504 3293 1559 ﬁat
3320 1508 3368 1560 in
3402 1508 3472 1562 die
3502 1509 3658 1565 Domini

2182 1589 2345 1641 nostri
2370 1588 2499 1643 Jesu
2523 1589 2735 1645 Christi.
2767 1591 3006 1663 Septima
3049 1597 3287 1653 remissio
3320 1608 3395 1654 est
3428 1604 3658 1659 emendatio

2180 1695 2413 1746 morum,
2440 1683 2542 1736 hoc
2570 1690 2652 1738 est
2686 1686 3086 1743 abrenuntiatio
3111 1689 3347 1745 vitiorum
3371 1733 3384 1757 ,
3407 1695 3657 1765 evangelista

495 1786 702 1860 msere,
729 1802 759 1841 θ
786 1786 912 1841 Viuo
940 1785 1025 1841 vel
1048 1800 1078 1839 α
1116 1784 1371 1839 carnibus
1414 1798 1522 1838 non
1556 1781 1736 1836 valcas
1766 1782 2071 1836 abstinere;
2109 1761 2153 1821 Β
2183 1780 2447 1827 testante:
2481 1773 2608 1828 Iam
2635 1794 2797 1831 sanus
2821 1778 2993 1847 factus
3019 1795 3108 1833 es:
3132 1780 3236 1834 noli
3258 1781 3385 1836 ultra
3410 1761 3593 1853 peccdre,
3615 1805 3659 1841 ne

495 1881 738 1950 nunquid
762 1889 919 1950 potes
950 1878 1165 1944 dicere,
1211 1876 1355 1948 quod
1396 1891 1462 1931 ea
1502 1890 1625 1945 quae
1670 1875 1803 1941 tibi,
1849 1872 2077 1942 amplius

494 1987 657 2042 quam
686 1986 821 2040 opus
849 1975 988 2035 erat,
1012 1966 1156 2024 Deus
1181 1967 1348 2029 dedit,
1378 1982 1483 2021 non
1510 1965 1686 2035 possis
1712 1980 1809 2035 pro
1835 1965 2077 2036 peccatis

495 2065 603 2120 tuis
628 2062 954 2134 pauperibus
975 2060 1232 2132 erogare?
1251 2060 1348 2115 Est
1375 2060 1551 2115 adhuc
1574 2057 1719 2113 aliud
1746 2073 1914 2129 genus
1936 2056 2077 2113 elec-

493 2170 841 2226 mosynarum
860 2194 876 2219 ,
904 2153 972 2208 de
999 2167 1106 2224 quo
1134 2165 1421 2223 possumus
1448 2150 1565 2206 sine
1594 2148 1701 2204 ullo
1729 2147 1912 2204 labore
1951 2163 2077 2218 pec-

493 2257 619 2302 cata
649 2244 915 2301 redimere
938 2251 1145 2299 nostra.
1171 2241 1230 2297 Si
1252 2242 1398 2298 enim
1431 2241 1628 2311 aliquis
1652 2241 1727 2295 ita
1754 2240 1826 2295 sit
1848 2254 2073 2310 pauper,

491 2345 553 2392 ut
592 2352 693 2393 uec
728 2350 918 2391 aurum
947 2335 1177 2403 habeat,
1220 2350 1323 2389 nec
1365 2333 1728 2398 frumentum,
1763 2348 1863 2387 nec
1889 2332 2074 2388 vinum

492 2431 577 2486 vel
620 2430 827 2493 oleum,
870 2428 1014 2483 unde
1042 2426 1378 2497 corporalem
1423 2425 1819 2497 eleemosynam
1868 2422 2071 2477 faciat:

489 2523 616 2592 quia
653 2536 761 2578 non
789 2528 969 2591 potest
998 2518 1116 2573 ﬁeri
1140 2526 1198 2572 ut
1217 2519 1285 2573 ab
1311 2517 1581 2587 aliquibus
1615 2515 1923 2572 hominibus
1964 2531 2074 2570 non

486 2616 725 2687 patiatur
750 2612 1022 2683 injuriam,
1047 2618 1160 2666 toto
1180 2612 1347 2666 corde
1367 2609 1617 2667 omnibus
1641 2609 1876 2663 inimicis
1902 2610 2076 2664 indul-

490 2713 635 2776 geat,
664 2712 720 2759 ct
760 2702 963 2756 nullum
993 2708 1273 2771 peccatum
1302 2708 1599 2765 remaneat,
1627 2702 1770 2770 quod
1798 2703 1916 2772 ejus
1941 2717 2071 2757 con-

487 2792 770 2848 scientiam
796 2790 1062 2853 mordeat,
1091 2797 1146 2843 et
1177 2803 1401 2844 securus
1428 2787 1483 2842 in
1514 2788 1760 2845 oratione
1796 2790 2072 2847 Dominica

488 2886 664 2941 dicat:
700 2883 915 2938 Dimitte
943 2880 1090 2943 nobis
1123 2880 1297 2936 debita
1333 2890 1513 2936 nostra
1540 2880 1677 2935 sicut
1701 2891 1749 2936 et
1776 2899 1869 2937 nos
1894 2882 2074 2938 dimit-

485 2977 643 3031 timus
689 2971 1008 3029 debitaribus
1055 2972 1267 3027 nostris.
1311 2970 1382 3025 Et
1409 2969 1718 3040 implebitur
1754 2971 1808 3026 in
1840 2986 1908 3026 eo
1940 2973 2073 3028 illud

483 3067 627 3136 quod
654 3062 901 3121 Christus
939 3061 996 3116 in
1023 3061 1313 3133 Evangelio
1345 3061 1664 3131 promittere
1686 3061 1933 3134 dignatus
1964 3070 2068 3129 est,

2177 1864 2302 1934 quid
2329 1864 2424 1917 tibi
2463 1862 2693 1919 deterius
2722 1867 3009 1938 contingat.
3045 1865 3240 1923 Octava
3279 1872 3491 1927 remissio
3519 1882 3582 1929 est
3603 1876 3659 1929 in-

2179 1957 2436 2013 tercessio
2465 1964 2795 2025 sanctorum,
2825 1967 2886 2013 ut
2907 1967 2992 2014 est
3018 1959 3147 2014 illud
3172 1979 3185 2015 :
3217 1960 3274 2016 Si
3292 1963 3658 2035 quisinﬁrmatur,

2175 2046 2390 2099 inducat
2416 2047 2740 2117 presbyteros
2768 2047 3020 2104 Ecclesia:
3050 2061 3097 2104 et
3120 2060 3262 2106 orent
3282 2070 3369 2124 pro
3391 2072 3457 2108 eo.
3485 2055 3539 2108 Et
3560 2058 3659 2109 mul-

2176 2144 2283 2190 tum
2311 2137 2447 2191 valet
2470 2134 2610 2208 apud
2650 2136 2936 2194 Dominum
2964 2142 3143 2196 oratio
3168 2143 3297 2212 justi
3329 2144 3527 2200 assidua.
3552 2146 3659 2200 Nona

2176 2231 2425 2286 remissio
2466 2240 2551 2286 est
2592 2232 2963 2288 misericordia
2995 2234 3119 2290 fidei
3160 2236 3410 2302 meritum,
3435 2238 3658 2293 secundum

2174 2318 2300 2385 hoc,
2330 2320 2483 2375 Beati
2508 2321 2888 2389 misericordes,
2930 2326 3181 2395 quoniam
3207 2327 3302 2393 ipsi
3333 2328 3657 2382 misericordiam

2175 2422 2569 2482 consequentur.
2590 2412 2804 2467 Decima
2830 2416 3101 2482 remissio,
3122 2417 3261 2473 salus
3284 2418 3658 2485 aliorumJacolu

2175 2501 2417 2569 apostolo
2444 2500 2778 2558 afﬁrmante:
2822 2503 2927 2571 Qui
2949 2508 3178 2562 conuerti
3217 2509 3385 2578 fecerit
3415 2521 3660 2580 peccatorum

2174 2590 2238 2644 ab
2270 2607 2446 2646 errore
2483 2594 2576 2648 vim
2599 2612 2729 2659 sum,
2762 2596 2983 2651 salvebit
3009 2599 3241 2654 animam
3277 2601 3438 2672 ejus‘a
3459 2610 3603 2664 morte,
3626 2612 3658 2654 et

2173 2677 2445 2746 cooperiet
2492 2680 2878 2736 multitudinem
2923 2694 3275 2753 peccatorum.
3324 2686 3568 2744 Undecima
3601 2704 3663 2741 rc-

2172 2768 2361 2824 missio
2393 2777 2478 2825 est
2519 2771 2849 2844 indulgentia
2886 2782 2941 2830 et
2970 2787 3161 2832 nostra
3202 2779 3454 2843 remissio,
3482 2778 3661 2834 Veritalc

2170 2862 2546 2927 permittente:
2567 2864 2845 2933 Dimittite,
2869 2876 2918 2921 et
2942 2867 3235 2924 dimittetur
3248 2870 3395 2926 vobis.
3411 2871 3661 2926 Duodecimn

2172 2957 2419 3013 remissio
2448 2968 2532 3015 est
2560 2961 2739 3031 passio
2770 2965 3041 3034 martyrii,
3065 2980 3161 3036 spe
3198 2966 3345 3021 unica
3369 2966 3527 3021 salutis
3546 2974 3589 3019 et
3606 2966 3663 3019 in-

2168 3046 2476 3120 dulgentiae,
2516 3060 2571 3107 et
2610 3051 2805 3109 latroni
2835 3062 3063 3111 cruento
3093 3058 3431 3128 respondente
3466 3057 3663 3119 Domino.

484 3156 669 3212 dicens
696 3173 710 3209 :
750 3151 811 3210 Si
848 3152 1155 3208 dimiserttis
1183 3151 1477 3207 hominibus
1512 3161 1727 3223 peccata
1752 3168 1954 3220 eorum,
1984 3152 2065 3208 di-

2170 3139 2358 3206 Amen,
2387 3141 2503 3195 dico
2535 3141 2649 3208 tibi,
2677 3144 2832 3199 hodie
2860 3163 3067 3201 mecum
3095 3149 3198 3202 eris
3218 3150 3270 3203 in
3293 3148 3527 3220 paradiso.
3557 3168 3572 3200 ι

480 3248 649 3302 mittet
688 3245 839 3315 vobis
866 3245 1030 3311 Pater
1057 3252 1225 3299 vester
1265 3242 1484 3301 caelestis
1516 3253 1727 3315 peccata
1770 3254 1960 3299 vestra.
2000 3245 2068 3299 Et

482 3336 655 3392 illud:
695 3336 829 3390 Date
867 3343 916 3389 et
945 3332 1160 3391 dabitur
1201 3333 1373 3399 vobis,
1419 3332 1663 3386 dimittite
1697 3341 1743 3385 et
1776 3332 2067 3387 dimittetur

421 3499 427 3503 .
480 3408 641 3494 uobis,
671 3435 776 3482 etc.
821 3426 961 3481 Ecce
988 3423 1173 3480 dixisti
1215 3432 1268 3479 te
1300 3438 1403 3479 nec
1428 3423 1768 3479 abundanter
1794 3424 2063 3477 frumenta

479 3519 754 3591 colligere,
770 3517 913 3574 unde
936 3518 1137 3574 victum
1157 3524 1251 3570 aut
1267 3516 1524 3572 vestitum
1542 3515 1719 3586 possis
1736 3516 2064 3586 pauperibus

478 3611 631 3677 dare,
659 3624 760 3666 nec
786 3609 1039 3681 iniuriam
1076 3607 1364 3673 sustinere,
1403 3622 1564 3676 quam
1601 3606 1835 3661 inimicis
1862 3606 2063 3662 debeas

479 3700 795 3772 indulgere:
844 3708 902 3755 et
946 3698 1068 3755 ideo
1113 3698 1326 3753 dubitas
1369 3698 1510 3767 quod
1540 3712 1648 3752 non
1691 3698 1891 3753 habeas
1920 3699 2063 3754 unde

478 3790 655 3861 possis
675 3796 895 3861 peccata
919 3797 1010 3845 tua
1041 3788 1324 3844 redimere.
1371 3787 1571 3858 Accipe
1596 3803 1724 3861 ergo
1749 3797 1804 3846 et
1832 3788 2061 3845 ﬁdeliter

478 3890 605 3939 tene
622 3879 941 3952 praclarum
964 3894 1027 3935 ac
1049 3878 1375 3950 prcccipuum
1403 3879 1621 3934 tertium
1638 3894 1808 3949 genus
1828 3878 2060 3936 elcemo-

477 3986 757 4045 synarum.
774 3970 856 4027 Sit
878 3971 1001 4026 vita:
1022 3970 1162 4025 bona
1185 3968 1433 4024 voluntas
1456 3986 1469 4021 :
1493 3984 1681 4024 omnes
1705 3970 1949 4025 homines
1977 3972 2058 4025 di-

475 4064 584 4137 lige
627 4064 768 4121 sicut
810 4062 1075 4133 teipsum:
1122 4076 1222 4131 pro
1267 4059 1516 4116 omnibus
1556 4075 1692 4115 ora:
1733 4071 1787 4114 et
1824 4062 1927 4116 hoc
1954 4063 2056 4116 illis

476 4156 723 4213 desidera
742 4153 886 4225 quod
906 4161 961 4208 et
982 4153 1098 4219 tibi,
1114 4160 1169 4208 et
1186 4152 1451 4208 clamatur
1470 4151 1564 4205 tibi
1592 4151 1660 4206 ab
1683 4151 1887 4222 angelis
1907 4169 1918 4204 :
1935 4149 2057 4207 Pax

475 4245 772 4302 [tantinibus
817 4245 963 4300 bona:
1010 4242 1306 4299 voluntatis.
1353 4243 1421 4298 Et
1449 4244 1577 4313 quia
1622 4242 1763 4297 bona
1806 4243 2055 4299 voluntas

477 4337 594 4408 ipsa
619 4345 706 4392 cst
737 4336 995 4400 Charitas,
1025 4335 1069 4390 si
1102 4334 1246 4390 illam
1273 4334 1473 4390 habere
1512 4334 1768 4400 volueris,
1798 4336 2053 4405 impletur

473 4426 533 4482 in
553 4436 604 4481 te
629 4426 769 4497 quod
790 4425 1047 4494 scriptum
1075 4432 1186 4480 est:
1210 4421 1455 4478 Charitas
1476 4425 1638 4495 operit
1663 4424 2047 4481 multitudinem

472 4526 820 4587 peccatorum.
853 4515 1098 4587 Agnosce
1122 4530 1250 4585 ergo
1274 4515 1399 4584 quia
1426 4514 1635 4570 sublata
1658 4523 1741 4571 est
1764 4517 1941 4572 omnis
1959 4532 2053 4571 ex-

444 4608 682 4679 cusatio
705 4616 1051 4679 peccatorum
1085 4606 1171 4661 vel
1215 4595 1572 4662 contradictio
1614 4613 1726 4660 tua.
1757 4606 1873 4662 Non
1905 4608 2049 4662 enim

471 4698 675 4771 poteris
700 4698 879 4753 dicere
906 4697 1048 4763 quod
1084 4697 1277 4752 bonam
1324 4694 1653 4751 voluntatem
1697 4696 1899 4751 habere
1941 4711 2050 4751 non

469 4788 679 4858 possis,
705 4788 830 4856 quia
852 4796 1031 4857 potest
1066 4788 1182 4842 ﬁeri
1212 4785 1354 4856 quod
1402 4803 1510 4841 non
1552 4788 1721 4842 velis:
1770 4778 2047 4857 nunquam

444 4888 651 4957 ‘tamcn
679 4879 909 4948 probare
932 4879 1138 4949 poteris
1166 4880 1309 4948 quod
1339 4894 1441 4933 non
1480 4879 1674 4949 possis.
1714 4879 1781 4934 Et
1812 4880 1929 4934 ideo
1956 4881 2049 4936 be-

470 4965 662 5023 nelicia
689 4973 744 5023 et
774 4974 883 5020 tam
910 4968 1171 5037 praeclara
1198 4969 1590 5025 medicamenta
1620 4970 1831 5025 Domini
1850 4980 1905 5024 et
1929 4968 2049 5026 Sal-

445 5054 673 5113 vatoris
699 5057 869 5113 nostri
901 5072 1007 5111 non
1030 5057 1377 5130 negligenter,
1404 5060 1497 5114 sed
1524 5059 1755 5115 fideliter
1779 5063 2045 5133 accipere,

465 5160 523 5206 et
549 5150 817 5206 custodire
839 5164 961 5204 cum
994 5149 1163 5219 ipsius
1188 5150 1453 5219 adiutorio
1478 5151 1817 5209 laboremus:
1852 5164 1910 5209 ut
1938 5144 2045 5211 non

466 5240 641 5297 solum
668 5238 1055 5312 indulgentiam
1080 5250 1424 5311 peccatorum
1452 5243 1698 5314 accipere
1716 5240 1851 5309 {sed
1880 5246 2044 5301 etiam

467 5333 536 5388 ad
562 5342 765 5389 aeterna
793 5347 1100 5388 mercamur
1122 5331 1343 5403 prmmia
1372 5335 1674 5402 pervenire.
1708 5356 1727 5388 ι
1770 5367 1842 5377 ——
1861 5335 1919 5392 In
1948 5337 2046 5392 ho-

466 5420 614 5476 milia
641 5421 747 5478 '58:
796 5440 816 5475 ι
861 5421 1046 5477 Prima
1093 5422 1342 5477 remissio
1384 5430 1468 5477 est
1512 5433 1888 5492 peccatorum,
1937 5441 2045 5496 qua

464 5512 805 5582 baptizamur
830 5514 886 5569 in
910 5529 1069 5585 aqua,
1110 5512 1403 5570 secundum
1445 5512 1573 5568 illud
1605 5516 1748 5583 quod
1782 5517 2043 5587 scriptum

465 5612 585 5657 est:
630 5604 753 5661 Nisi
775 5607 890 5678 quis
924 5614 1135 5661 renatus
1169 5605 1324 5676 fuerit
1356 5621 1419 5660 ex
1444 5622 1581 5676 aqua
1610 5615 1656 5659 et
1688 5604 1910 5675 Spiritu,
1940 5623 2043 5664 non

458 5706 626 5765 potest
651 5694 833 5753 videre
857 5712 1068 5767 regnum
1096 5694 1214 5751 Dei.
1248 5694 1495 5753 Secunda
1528 5697 1774 5753 remissio
1802 5698 1883 5753 est
1907 5699 2040 5755 cha-

2239 3231 2441 3303 Eligius
2462 3233 2837 3291 Noviomensis
2863 3237 2913 3291 in
2940 3238 3166 3294 homilia
3191 3238 3224 3292 4
3251 3259 3263 3293 :
3297 3258 3313 3291 ι
3349 3239 3401 3295 Si
3425 3241 3543 3294 enim
3564 3239 3664 3294 inter

2166 3338 2262 3377 vos
2291 3323 2455 3395 aliqui
2478 3332 2636 3391 sunt,
2673 3329 2815 3398 quod
2844 3328 3008 3394 absit,
3051 3332 3142 3401 qui
3174 3346 3231 3386 se
3252 3331 3353 3386 huc
3377 3346 3520 3401 usque
3540 3330 3663 3401 parii-

2167 3415 2388 3470 tentiam
2406 3432 2565 3488 agere
2587 3420 2955 3475 simulaverint
2978 3424 3160 3491 potius
3180 3439 3335 3494 quam
3363 3438 3475 3479 vere
3493 3421 3663 3495 egerint,

2165 3522 2341 3577 neque
2387 3509 2503 3564 istis
2548 3511 2613 3565 de
2650 3511 2744 3566 Dei
2791 3512 3165 3570 misericordia
3208 3515 3556 3585 desperandum
3578 3526 3663 3565 esse

2162 3596 2425 3666 dicimus,
2473 3601 2517 3656 si
2562 3601 2721 3657 hodie
2766 3602 2927 3658 etiam
2960 3606 3032 3660 ad
3062 3607 3237 3677 ipsum
3283 3606 3458 3662 saltem
3497 3619 3551 3659 ex
3584 3613 3662 3656 toto

2162 3692 2324 3747 corde
2348 3702 2751 3758 convertantur,
2785 3695 2923 3765 apud
2947 3712 3111 3766 quem
3132 3698 3306 3754 nullas
3331 3691 3508 3770 patitur
3530 3709 3663 3749 moras

2161 3797 2288 3837 vera
2314 3783 2593 3838 conversio
2611 3825 2625 3851 ,
2655 3786 2865 3840 dicente
2901 3784 3111 3857 Spiritu
3140 3787 3235 3844 Dei
3264 3805 3356 3859 per
3379 3787 3659 3858 prepbetam:

2159 3873 2290 3930 Cum
2314 3892 2606 3931 conversus
2626 3879 2974 3949 ingemueris,
2999 3889 3131 3937 tunc
3153 3882 3330 3937 salvus
3348 3882 3447 3936 eris
3463 3899 3475 3934 :
3494 3889 3538 3935 et
3556 3876 3662 3939 alibi,

2159 3963 2255 4019 Dic
2280 3973 2334 4018 tu
2360 3965 2672 4035 iniquitates
2694 3975 2816 4045 tuas
2840 3968 3009 4039 prior,
3034 3979 3096 4024 ut
3112 3967 3446 4038 justiliceris:
3466 3969 3663 4038 itemque.

2157 4058 2280 4126 quia
2332 4059 2469 4127 apud
2518 4059 2801 4114 Dominum
2844 4061 3223 4119 misericordia
3268 4064 3407 4135 ejus,
3435 4072 3480 4118 et
3502 4061 3662 4132 mpiusa

2155 4148 2295 4216 apud
2316 4163 2436 4201 eum
2461 4150 2772 4220 redemptio.
2800 4150 3041 4222 Denique
3067 4150 3341 4224 multiplex
3369 4149 3662 4208 misericordia

2154 4236 2288 4307 ejus,
2320 4240 2388 4294 ad
2417 4240 2781 4311 expiationem
2811 4242 3134 4310 criminum,
3174 4245 3480 4315 multiplices
3511 4242 3665 4296 fructus

2154 4330 2307 4384 nobis
2331 4332 2659 4400 paenitentia:
2682 4320 3076 4407 contulit-non
3102 4337 3247 4407 enim
3274 4343 3465 4390 tantum
3491 4329 3662 4402 simplici

2158 4420 2247 4475 illo
2283 4422 2611 4491 ptenitcntiae
2657 4425 2874 4479 nomine
2918 4427 3065 4482 salus
3092 4424 3663 4497 mterua‘rcpromittitur,

2157 4511 2225 4565 de
2252 4527 2359 4581 quo
2387 4512 2659 4581 apostolus
2686 4513 2880 4569 Petrus
2905 4535 2917 4567 :
2959 4513 3482 4586 Pmnitcminijgitur
3509 4522 3551 4567 et
3574 4525 3665 4565 con-

2156 4602 2428 4657 vertimini
2445 4611 2502 4656 ut
2522 4603 2802 4659 deleantur
2811 4614 3032 4675 peccata
3048 4616 3253 4662 vestra.
3268 4594 3328 4689 El
3343 4606 3547 4660 Joannes
3567 4601 3666 4668 Bap-

2157 4695 2309 4749 tista:
2339 4693 2701 4751 Paenitentiam
2725 4698 2880 4768 agite,
2900 4701 3336 4773 appropinquabit
3355 4701 3477 4754 enim
3501 4709 3664 4767 regnum

2154 4786 2418 4841 caelorum.
2476 4786 2582 4860 Sed
2625 4790 2786 4844 etiam
2837 4790 2893 4843 lit
2941 4792 3559 4864 absolutio'peccatorum
3596 4802 3666 4855 por

2153 4878 2430 4933 charitatis
2453 4880 2722 4946 affectum,
2747 4897 2844 4951 per
2862 4881 3206 4955 clecmosyna
3217 4902 3329 4939 rum
3361 4885 3576 4943 fructum,
3595 4892 3665 4949 per

2134 4969 2514 5047 [profusionem
2563 4972 2946 5044 lacrymarum,
2979 4974 3488 5047 per’confcssioncm
3521 4971 3662 5028 crimi

2148 5077 2297 5125 num,
2322 5078 2419 5132 per
2439 5063 2619 5118 cordis
2640 5073 2693 5119 et
2714 5065 2959 5135 corporis
2975 5058 3338 5141 allii'Ctionem,
3356 5066 3662 5137 prmcipucqiw

2128 5141 2244 5235 iper
2271 5170 2479 5208 morum
2502 5156 2931 5212 emendationem
2952 5160 2970 5235 ς
3000 5158 3275 5214 interdum
3302 5160 3452 5214 etiam
3475 5170 3557 5227 per
3571 5166 3662 5206 san-

2145 5252 2354 5298 ctorum
2379 5245 2843 5312 intercessionem,
2871 5252 2969 5318 per
2997 5248 3383 5323 indulgentiam
3418 5258 3594 5317 quoque
3616 5254 3659 5292 ac

2149 5335 2520 5415 remissionem
2548 5340 2789 5392 nostram
2827 5353 2929 5406 qua
2958 5339 3313 5407 peccantibus
3340 5339 3391 5393 in
3419 5352 3506 5391 nos
3525 5331 3661 5388 dimito

2151 5426 2343 5481 timus:
2377 5427 2571 5498 quibus
2598 5430 2848 5485 omnibus
2875 5431 3046 5485 modis
3082 5418 3289 5485 aboleri
3324 5444 3469 5501 posse
3490 5431 3659 5496 poetam

2147 5515 2328 5572 divina
2371 5516 2524 5574 testis
2564 5512 2650 5574 est
2690 5519 2984 5589 Scriptura.
3031 5519 3173 5577 Cum
3212 5536 3337 5591 ergo
3380 5511 3657 5587 indulgentia:

2149 5606 2324 5663 aditus
2359 5609 2511 5662 nobis
2540 5607 2802 5666 salutares
2852 5612 2945 5667 Dei
2985 5613 3156 5668 nostri
3178 5613 3406 5684 potentia
3433 5601 3657 5665 inclliibilis

2149 5697 2502 5771 patefecerit,
2548 5705 2668 5775 quis
2715 5706 2883 5762 miser
2931 5706 3354 5763 misericordiam
3392 5713 3440 5762 et
3478 5699 3653 5759 salutem
