3942 6182
359 395 490 451 12⁵39

1189 392 1277 444 AB
1315 389 1484 445 cum
1521 386 1889 443 NOVITATIS
1931 383 2334 439 SUSPICIONE
2370 341 2760 436 “unicus.

3469 384 3608 437 1251!

355 487 681 548 desiderans,
724 481 1098 553 desperatione
1128 482 1304 550 aliqua
1335 481 1634 549 frangatur,
1683 495 1803 533 cum
1853 477 1922 529 ad
1949 480 1996 534 Α
2024 474 2228 526 ritusve
2275 471 2630 525 confessionis
2676 467 2914 532 edendae,
2960 467 3399 536 poenitentixeque
3446 469 3617 540 imva

353 579 557 634 veniam
583 576 744 630 etiam
783 572 1169 641 multiplicibus
1196 571 1449 625 remediis
1477 570 1771 623 invitetur?
1804 589 1823 619 ι

419 666 834 736 Redemptioues
864 664 1028 734 igitur
1053 661 1491 731 pmnitentiarum
1528 659 1712 727 quales
1745 660 1928 728 legun-

354 769 438 814 tur
457 759 555 813 sub
581 756 796 810 nomine
820 751 1086 807 Theodori
1111 751 1239 806 etin
1268 749 1629 804 Pcenitentiali
1661 749 1924 812 Romano,

354 851 564 922 optimae
604 855 729 903 Sunt
773 855 827 901 et
863 844 1270 914 antiquissimae,
1320 859 1456 912 quas
1483 851 1541 896 ut
1577 850 1700 912 pote
1740 841 1930 896 Patres

355 942 554 1013 antiqui
604 941 660 994 in
699 937 996 1006 Scripturis
1029 937 1230 990 sanctis
1276 936 1473 1004 ubique
1517 949 1636 988 esse
1671 933 1930 1002 probatas

353 1033 656 1090 ostendunt.
689 1030 868 1097 Quare
898 1044 928 1082 a
966 1043 1096 1081 vero
1123 1027 1348 1080 multum
1388 1025 1661 1080 aberravit
1687 1024 1736 1078 .l.
1771 1023 1934 1077 Mori-

355 1143 454 1182 nus
481 1125 572 1195 qui
599 1139 693 1177 eas
717 1122 1006 1190 vituperat,
1035 1126 1090 1172 et
1117 1117 1395 1172 contendit
1423 1117 1489 1171 de
1517 1117 1584 1169 iis
1609 1115 1813 1168 nullum
1849 1126 1931 1168 te—

355 1215 664 1272 stimonium
689 1211 1013 1281 octingentis
1039 1219 1093 1264 et
1113 1209 1315 1279 aliquot
1339 1208 1494 1264 annis
1516 1207 1790 1276 antiquius
1810 1222 1935 1276 pro-

357 1309 482 1363 ferri
526 1320 702 1376 posse.
738 1303 852 1356 Etsi
884 1316 1013 1372 ergo
1055 1300 1448 1369 redemptiones
1490 1297 1932 1366 pmuitentiarum

357 1400 454 1456 sub
489 1397 706 1453 nomine
733 1394 999 1448 Theodori
1025 1391 1361 1447 solummodo
1391 1389 1691 1454 retulerim,
1718 1404 1823 1442 non
1849 1387 1931 1440 af-

359 1488 620 1545 firmando
653 1487 720 1540 ad
750 1486 918 1556 ipsius
946 1481 1323 1538 Pmnitentiale
1352 1481 1660 1550 pertinere:
1694 1488 1933 1533 attamen

357 1581 595 1634 rationes
621 1576 816 1645 quibus
840 1572 890 1628 J.
925 1573 1163 1627 Moribus
1199 1572 1266 1625 ad
1303 1571 1354 1625 id
1394 1571 1694 1641 negandum
1728 1569 1933 1630 utitur,

356 1669 552 1722 nullius
575 1680 694 1721 esse
723 1661 977 1735 ponderis
1007 1661 1202 1715 merito
1227 1661 1444 1731 quidem
1480 1673 1544 1713 ac
1565 1656 1690 1726 jure
1714 1656 1934 1712 conclu-

358 1763 482 1816 dere
509 1773 751 1830 possum.

987 1863 1214 1920 CAPUT
1250 1863 1319 1918 Χ.

270 1965 275 1970 ⁵
357 1983 778 2043 Demonstratur,
806 1977 1070 2032 aJoanne
1113 1976 1323 2030 Marino
1366 1993 1471 2029 non
1503 1987 1671 2028 certas
1712 1974 1938 2028 ratione:

425 2065 472 2108 et
513 2068 660 2107 veras
704 2066 893 2104 causa:
939 2047 1320 2102 Pwnitemialis
1379 2045 1637 2099 Theodori
1678 2045 1939 2114 expetitas

428 2125 508 2193 fui
512 2139 614 2177 sse.
1313 2150 1330 2158 --

427 2253 579 2308 Nunc
612 2265 974 2321 proponamus
999 2265 1246 2320 quamam
1276 2249 1381 2304 sint
1424 2248 1662 2302 rationes
1691 2257 1744 2302 et
1765 2262 1942 2302 causa:

358 2362 389 2400 ε
415 2342 464 2399 J.
493 2343 702 2397 Morino
728 2340 904 2394 allatae
929 2344 994 2395 de
1039 2339 1402 2394 Ptenitentiali
1451 2337 1716 2392 Theodori
1766 2339 1943 2392 archi-

359 2435 593 2506 episcopi
623 2432 1028 2488 Cantuarieusis
1078 2449 1096 2482 ‹
1130 2431 1346 2494 Verum,
1374 2431 1546 2498 inquit
1573 2430 1624 2483 in
1648 2429 1944 2499 appendice

360 2526 454 2579 lib.
489 2525 556 2579 de
583 2522 925 2586 Poenitentia,
963 2522 1018 2576 in
1064 2520 1282 2577 Oriente
1319 2528 1373 2576 et
1412 2519 1702 2576 Occidente
1739 2529 1945 2589 tempo-

363 2618 511 2672 ribus
538 2616 825 2678 adnotatis,
854 2622 1057 2668 mutata
1087 2613 1389 2682 disciplina,
1421 2628 1509 2668 res
1545 2613 1705 2667 aliter
1746 2629 1806 2666 se
1844 2614 1944 2667 ba-

361 2709 496 2765 buit.
527 2707 661 2761 Tum
706 2707 852 2762 enim
898 2707 1186 2760 criminum
1228 2720 1672 2775 quorumcunque
1707 2703 1946 2758 occulto-

362 2813 482 2852 rum
510 2796 828 2866 pcenitentia
866 2804 1075 2851 secreto
1122 2795 1373 2863 imposita
1419 2803 1520 2857 est,
1552 2803 1607 2848 et
1637 2810 1701 2848 ea
1733 2803 1944 2848 secreto

361 2896 598 2960 peracta,
626 2895 837 2943 secreto
863 2901 1076 2957 quoque
1107 2887 1471 2942 reconciliatio
1497 2887 1642 2941 facta
1677 2895 1779 2941 est.
1819 2887 1945 2941 ldeo

359 2982 522 3037 etiam
550 2980 881 3050 pmuitentize
910 2979 1066 3033 istius
1085 2979 1362 3033 canonicze
1392 2977 1682 3047 impositio,
1709 2986 1764 3031 et
1782 2992 1945 3032 cano-

360 3071 482 3124 nica
507 3077 628 3139 post
650 3077 922 3139 peractam
960 3069 1103 3123 illam
1131 3069 1507 3138 paenitentiam
1540 3067 1803 3123 absolutio
1828 3068 1945 3138 qui-

359 3165 569 3233 busque
615 3162 944 3233 presbyteris
992 3162 1252 3231 permissa
1301 3161 1418 3216 fuit.
1468 3161 1550 3216 Ab
1596 3176 1662 3216 eo
1700 3169 1940 3231 tempore
1967 3161 2014 3225 C

354 3254 654 3325 iudicatum
679 3261 763 3308 est
788 3269 1023 3309 canones
1047 3271 1152 3310 non
1177 3254 1442 3319 sullicere,
1473 3255 1565 3308 sed
1592 3254 1802 3310 libellos
1822 3270 1944 3310 esse

356 3342 762 3412 componendos
810 3342 866 3396 in
900 3343 1096 3411 quibus
1143 3344 1436 3413 unicuique
1481 3353 1705 3412 peccato
1749 3359 1944 3400 conve-

359 3434 518 3487 niens
545 3443 689 3486 esset
732 3433 1004 3503 assignata
1049 3433 1408 3503 poenitentia:
1457 3435 1509 3488 in
1538 3435 1835 3490 canonibus
1875 3435 1944 3492 ad

363 3523 507 3576 hunc
535 3520 695 3575 [imm
741 3521 908 3574 multa
937 3536 1243 3591 superesse,
1273 3522 1441 3577 multa
1479 3523 1686 3579 deesse.
1741 3523 1944 3593 Super-

361 3620 489 3666 sunt
517 3625 770 3677 canones,
823 3610 1039 3680 plurimi
1083 3610 1308 3677 scilicet,
1363 3612 1456 3682 qui
1501 3613 1567 3668 de
1612 3614 1946 3683 ptenitentiis

360 3701 680 3756 criminibus
705 3701 1044 3770 imponendis
1088 3702 1250 3755 verba
1299 3717 1404 3756 non
1452 3701 1673 3765 faciunt,
1717 3719 1945 3773 quorum

363 3806 622 3845 numerus
644 3790 808 3845 alium
833 3791 989 3860 longe
1030 3801 1267 3861 superat.
1296 3792 1402 3848 Sed
1432 3794 1486 3848 in
1516 3795 1583 3848 iis
1611 3794 1767 3865 longe
1793 3796 1946 3864 plura

363 3884 576 3938 desunt.
613 3882 654 3937 Ι.
703 3882 950 3938 Canones
995 3899 1137 3953 saepe
1164 3885 1232 3940 de
1274 3901 1381 3940 uno
1411 3894 1466 3939 et
1493 3885 1679 3940 eodem
1719 3887 1947 3942 crimine

364 3976 726 4031 diversimode
765 3976 1026 4031 deﬁniunt
1073 3995 1086 4031 :
1128 3978 1418 4033 diversitas
1451 3987 1630 4032 autem
1668 3980 1771 4034 ista
1820 3980 1948 4034 sim-

364 4069 536 4139 plices
563 4070 909 4140 presbyteros
950 4071 1017 4125 ad
1065 4086 1202 4141 quos
1247 4072 1458 4140 privata
1501 4071 1587 4125 illa
1617 4073 1950 4143 paenitentiae

367 4157 640 4228 impositio
684 4159 936 4228 pertinet,
983 4159 1141 4215 facile
1183 4161 1478 4230 perturbat.
1507 4161 1710 4216 Deinde
1746 4162 1952 4216 incom-

367 4249 590 4304 modum
613 4258 700 4304 est
724 4259 780 4305 et
823 4251 965 4306 bono
1001 4253 1250 4322 regimini
1297 4253 1583 4307 adversum
1625 4254 1850 4308 crimina
1895 4255 1950 4308 in

368 4338 561 4392 eadem
592 4339 867 4408 provincia
895 4341 1123 4396 diversis
1149 4341 1322 4396 modis
1347 4343 1545 4411 puniri,
1574 4343 1659 4396 bis
1688 4342 1831 4396 hunc
1855 4355 1949 4397 ca-

370 4444 566 4484 nonem
594 4432 968 4501 sequentibus,
998 4433 1116 4487 istis
1139 4433 1322 4487 alium.
1355 4433 1417 4487 ll.
1442 4433 1836 4504 Nonnunquam
1863 4449 1952 4488 caa

2029 564 2242 627 nendze,
2264 571 2319 615 et
2341 560 2792 616 reconciliationis
2820 557 3136 628 praestandie
3163 573 3268 612 non
3293 559 3618 613 cdisseruut.

2029 653 2115 706 ιν.
2148 652 2555 706 Admonitiones
2583 657 2638 703 et
2687 649 3090 703 exhortationes
3127 648 3508 703 confitentibus
3540 649 3621 702 fa—

2029 741 2270 804 ciendas,
2308 755 2603 810 eorumque
2631 739 2698 793 de
2741 738 3032 792 virtutibus
3057 746 3111 792 et
3135 738 3283 793 vitiis
3302 738 3615 794 instructio-

2031 845 2159 887 nem
2181 845 2289 885 non
2315 836 2614 886 continent.
2651 829 2717 883 ν.
2749 827 2894 884 Sunt
2923 829 3091 884 multa
3117 829 3343 884 crimina
3365 831 3621 902 specialia

2032 922 2225 990 quibus
2247 935 2484 975 canones
2509 920 2888 991 paenitentiam
2926 935 3033 975 non
3057 920 3356 990 imponunt,
3387 936 3618 990 quorum

2033 1022 2212 1064 tamen
2236 1011 2607 1080 pmuitentiam
2642 1012 2817 1065 visum
2861 1018 2946 1065 est
2977 1010 3159 1066 multis
3205 1012 3473 1082 episcopis
3515 1027 3624 1067 non

2031 1115 2153 1154 esse
2180 1101 2505 1170 simplicium
2531 1100 2971 1169 presbyterorum
3020 1100 3246 1154 arbitrio
3279 1101 3626 1156 committen-

2033 1191 2178 1244 dam.
2203 1191 2390 1260 ltaque
2410 1197 2694 1259 postquam
2716 1190 3002 1243 criminum
3025 1190 3266 1244 omnium
3285 1189 3623 1245 occultorum

2033 1295 2192 1350 pmna
2241 1280 2572 1350 quibuslibet
2616 1280 2952 1352 presbyteris
2989 1295 3246 1335 concessa
3294 1290 3396 1344 est,
3454 1281 3626 1337 libelli

2034 1372 2435 1442 pcenitentiales
2461 1381 2661 1442 praeter
2683 1388 2917 1427 canones
2942 1374 3142 1427 conditi
3172 1381 3322 1441 sunt,
3347 1375 3401 1428 in
3431 1375 3628 1444 quibus

2037 1466 2155 1519 haec
2186 1464 2371 1518 omnia
2400 1465 2657 1519 distincte
2704 1465 2758 1517 in
2813 1464 3134 1534 simplicium
3179 1467 3628 1536 presbyterorum

1995 1623 2000 1628 ἢ
2029 1558 2264 1628 gratiam
2294 1566 2350 1612 et
2371 1557 2737 1612 necessariam
2767 1557 3178 1612 instructionem
3205 1561 3623 1624 enarrabantur,

2035 1655 2094 1702 ut
2125 1648 2564 1716 poenitentiarum
2599 1647 3044 1715 imponendarum
3070 1645 3244 1703 ollicio
3267 1647 3481 1720 defungi
3507 1663 3629 1718 pos-

2036 1747 2176 1792 sent.
2206 1738 2379 1791 Antca
2427 1746 2607 1792 autem
2644 1739 2696 1791 id
2727 1754 2834 1791 non
2866 1744 2985 1792 erat
3031 1737 3108 1792 ita
3145 1739 3536 1804 necessarium,
3563 1755 3631 1793 eo

1966 1823 2012 1881 Β
2040 1829 2182 1898 quod
2211 1828 2445 1898 plurium
2491 1829 2719 1883 istorum
2759 1829 3044 1882 criminum
3082 1828 3419 1898 paenitentiae
3445 1839 3632 1882 essent

2039 1919 2289 1989 publicae,
2317 1928 2374 1974 et
2417 1921 2483 1974 ab
2521 1919 2788 1989 episcopis
2834 1919 3214 1988 primariisque
3258 1919 3632 1974 sacerdotibus

2041 2011 2330 2080 imposita),
2362 2011 2452 2078 qui
2483 2009 2640 2064 facile
2663 2018 2918 2080 poterant
2945 2025 3063 2080 quae
3085 2011 3380 2067 canonibus
3407 2011 3632 2067 deerant

2039 2101 2308 2170 supplere.
2352 2101 2584 2156 Istorum
2633 2101 2934 2156 libellorum
2964 2101 3415 2172 pmnitentialium
3439 2103 3494 2156 in
3524 2101 3630 2159 Oc—

2041 2190 2256 2246 cidente
2307 2201 2415 2246 tres
2458 2191 2679 2245 fuerunt
2713 2191 3072 2246 celeberrimi.
3128 2191 3380 2248 Omnium
3423 2194 3636 2264 primus

2043 2289 2126 2334 est
2151 2281 2419 2335 Theodori
2450 2282 2856 2336 Cantuariensis
2883 2283 3295 2354 archiepiscopi.
3319 2303 3340 2336 ι
3375 2331 3402 2348 ο

2115 2358 2544 2414 Fundamentum
2595 2361 2990 2431 praecipuarum
3041 2363 3314 2417 rationum
3350 2361 3400 2416 J.
3433 2363 3627 2418 Morini
3677 2383 3704 2404 ν

2042 2450 2336 2520 propositio
2366 2459 2450 2506 est
2497 2452 2650 2522 cujus
2697 2450 2985 2506 falsitatem
3038 2468 3199 2522 supra
3248 2461 3360 2509 tota
3405 2453 3629 2508 Patrum

2045 2541 2336 2595 traditione
2357 2555 2529 2609 usque
2558 2542 2624 2595 ad
2654 2541 2993 2596 Theodorum
3022 2543 3250 2597 deducta
3295 2543 3637 2597 demonstra-

2043 2631 2239 2685 vimus.
2294 2629 2665 2686 Fundamento
2719 2632 2883 2702 igitur
2929 2630 3044 2699 jam
3081 2646 3292 2697 everso,
3349 2633 3635 2702 praecipua:

2044 2737 2260 2790 quoque
2313 2722 2553 2776 rationes
2605 2730 2883 2776 corruunt.
2937 2722 3204 2788 Quocirca
3253 2738 3360 2775 non
3424 2731 3637 2777 constat

2047 2818 2253 2864 mutata
2297 2809 2580 2878 disciplina
2620 2810 3114 2866 reconciliationem
3147 2820 3204 2866 et
3235 2812 3632 2868 absolutionem

2045 2902 2377 2970 quibuslibet
2406 2903 2735 2972 presbyteris
2781 2917 2901 2957 esse
2951 2903 3314 2973 permissam;
3347 2905 3458 2959 imo
3499 2921 3630 2959 con-

2046 2995 2275 3049 trarium
2301 2995 2500 3065 legitur
2526 2996 2580 3049 in
2609 2993 2974 3049 Poenitentiali
3002 2996 3087 3050 bis
3110 2996 3324 3051 verbis:
3355 3015 3374 3048 ι
3420 2996 3633 3051 Recon-

2045 3084 2252 3140 ciliatio
2277 3085 2656 3154 poenitentium
2688 3085 2742 3139 in
2783 3084 2949 3139 Coena
2976 3084 3188 3140 Domini
3219 3094 3429 3141 tantum
3459 3097 3544 3142 est
3565 3087 3634 3141 ab

2045 3181 2298 3250 episc0po
2333 3188 2388 3234 et
2412 3188 2782 3235 consummata
2803 3180 3143 3251 poenitentia.
3170 3179 3228 3235 Si
3254 3191 3394 3234 'vero
3425 3180 3634 3250 episco-

2043 3286 2114 3342 po
2139 3269 2350 3326 dillicile
2379 3272 2468 3337 sit,
2503 3271 2822 3342 presbytero
2851 3279 3046 3342 potest,
3077 3271 3420 3327 necessitatis
3439 3286 3625 3335 causa,

2043 3363 2286 3433 prmhere
2308 3370 2630 3432 potestatem
2655 3370 2715 3416 ut
2757 3361 2994 3432 impleat.
3028 3381 3046 3415 ι
3080 3361 3252 3429 Quam
3281 3361 3620 3432 disciplinain

2043 3462 2100 3509 et
2124 3468 2247 3508 cum
2273 3453 2596 3523 prtecedenti
2625 3463 2679 3506 et
2700 3453 3044 3521 subsequenti
3066 3451 3287 3507 omnino
3310 3451 3626 3516 convenire,

2042 3547 2362 3603 certissimis
2388 3546 2710 3601 testimoniis
2730 3547 2791 3599 .in
2823 3546 2964 3600 notis
3007 3545 3420 3600 declaravimus.
3459 3544 3620 3598 Deni-

2045 3651 2150 3706 que
2177 3636 2463 3690 diversitas
2491 3635 2805 3703 disciplinze,
2837 3651 2942 3705 qua
2979 3633 3029 3689 εἰ.
3077 3634 3315 3689 Morinus
3354 3635 3635 3688 existima-

2045 3729 2123 3781 vit
2169 3727 2441 3797 simplices
2489 3727 2833 3797 presbyteros
2878 3741 3044 3795 posse
3089 3725 3249 3781 facile
3298 3725 3631 3794 perturbari,

2046 3834 2154 3872 non
2183 3833 2245 3872 ea
2273 3827 2356 3872 est
2380 3818 2517 3872 ratio
2539 3833 2660 3886 qua:
2685 3817 3025 3872 Theodorum
3054 3818 3224 3871 movit
3251 3816 3319 3870 ad
3355 3815 3628 3872 Paeniten-

2047 3908 2172 3962 tiale
2199 3923 2356 3962 suum
2398 3907 2866 3976 componendum;
2899 3921 3021 3961 cum
3049 3922 3080 3961 e
3097 3915 3285 3961 contra
3313 3907 3516 3960 variam
3551 3915 3631 3961 to-

2049 3999 2156 4052 tius
2183 3997 2436 4053 Ecclesiae
2467 4007 2574 4052 tam
2608 3996 2899 4051 Orientalis
2927 4011 3088 4064 quam
3117 3993 3478 4061 Occidentalis
3503 4009 3630 4063 pro—

2088 4096 2238 4143 onat.

2088 4105 2238 4143 onat.

2047 4105 2085 4159 Ρ
2122 4170 2251 4236 Quae
2270 4169 2452 4224 omnia
2473 4169 2726 4222 adversus
2743 4165 2791 4218 J.
2819 4165 3103 4230 Morinum,
3129 4165 3280 4234 cujus
3302 4163 3404 4218 etsi
3425 4163 3630 4217 variam

2053 4258 2507 4326 multiplicemque
2554 4255 2909 4310 eruditionem
2948 4269 3052 4307 non
3093 4253 3295 4324 possim
3323 4266 3429 4306 non
3456 4252 3633 4321 susipi-

2051 4364 2197 4411 cere,
2231 4349 2464 4401 notanda
2517 4355 2697 4400 tamen
2734 4345 2968 4416 iudicavi
3002 4344 3114 4398 solo
3160 4342 3402 4397 veritatis
3447 4355 3633 4396 amore

2053 4438 2333 4508 impulsus,
2381 4445 2433 4491 et
2477 4437 2652 4491 studio
2694 4436 2877 4506 gloria:
2927 4434 3193 4490 Theodori
3241 4431 3632 4502 archiepiscopi

371 4535 544 4578 nones
594 4521 928 4592 simplicibus
981 4527 1312 4597 presbyteris
1361 4527 1576 4581 obscuri
1627 4537 1774 4593 sunt,
1835 4528 1954 4582 ideo
1979 4504 2031 4564 θ
2055 4528 2486 4592 Cantuariensis,
2517 4543 2546 4581 a
2569 4541 2695 4595 quo,
2725 4533 2983 4599 quantum
3002 4526 3180 4597 potui,
3207 4538 3423 4578 omnem
3453 4524 3627 4578 amovi

371 4611 592 4666 clariori
630 4616 978 4683 expressione
1021 4617 1276 4688 indigent.
1329 4618 1411 4673 lll.
1457 4634 1689 4675 canones
1735 4622 1950 4676 modum

2055 4625 2308 4679 novitatis
2341 4624 2719 4692 suspicionem.
