3942 6182
267 339 414 398 1953

1263 337 1577 397 ASCARICI
1617 339 1705 395 ΕΤ
1747 336 2093 395 TUSAREDI
2134 332 2513 392 EPISTOLE.

3383 332 3405 385 l
3416 332 3521 388 234

265 469 407 526 pora
434 459 619 509 essent
640 493 655 518 ,
686 464 863 521 neque
884 447 1118 521 propriis
1140 464 1202 506 ea
1244 451 1438 507 vidisse
1465 452 1637 507 oculis
1659 451 1704 507 si
1735 451 1845 505 sint
1870 453 1921 513 Α
2016 447 2112 503 llis
2143 447 2372 503 exemtis
2400 445 2593 501 salutis
2622 441 2805 499 officio
2831 442 2987 498 mitto
3028 448 3081 497 et
3108 439 3523 497 meminationes

268 546 330 601 in
349 545 468 602 suis
495 553 589 600 aut
617 558 725 598 non
764 543 873 597 sint
901 541 1182 612 sepulcris,
1215 541 1308 596 sed
1335 543 1617 612 antiquum
1652 543 1847 597 solum-

270 637 437 692 modo
465 636 532 695 de
564 643 783 705 patrum
821 634 990 687 vitam
1017 633 1102 688 vel
1131 632 1336 688 obitum
1370 634 1582 704 genesis
1608 632 1848 702 proferat

269 729 521 784 storiam.
552 755 627 767 —
654 723 904 781 Nonnulli
944 739 1073 778 vero
1109 724 1417 795 ignorantes
1445 712 1587 793 quod
1632 724 1848 780 intersit

270 820 423 873 inter
443 832 640 887 corpus
667 825 725 871 et
754 816 988 870 animam
1010 823 1233 884 propter
1257 830 1485 885 corpora
1510 815 1722 869 animus
1746 814 1848 867 mi-

268 909 383 964 seri
411 908 700 964 adstruunt
723 906 1015 962 suscitatus
1039 906 1107 959 ob
1134 905 1262 961 illud
1276 905 1421 974 quod
1452 903 1708 960 scribitur
1736 902 1843 958 Do-

270 1002 483 1057 minam
526 999 882 1055 momordisse
931 996 1198 1053 infernum
1240 1005 1297 1052 et
1330 997 1600 1067 iustorum
1638 1002 1845 1049 tantum

270 1093 485 1147 animas
507 1091 716 1146 emisse
740 1130 756 1155 ,
788 1104 896 1144 non
925 1095 1285 1159 peccatorum.
1317 1086 1419 1142 Alii
1449 1095 1574 1142 sunt
1600 1086 1695 1156 qui
1720 1100 1847 1139 vera

271 1183 641 1241 resurrexisse
662 1182 890 1237 credunt
922 1194 1149 1250 corpora
1169 1220 1185 1245 ,
1217 1186 1274 1233 et
1298 1191 1362 1233 ea
1386 1179 1649 1233 hactenus
1668 1177 1851 1232 vibere

274 1272 571 1328 adfirmant
596 1272 688 1326 sed
716 1271 770 1325 in
794 1270 961 1325 coelis
991 1269 1077 1324 illa
1108 1283 1228 1324 esse
1253 1270 1580 1332 abominant,
1614 1267 1746 1323 illud
1769 1282 1854 1321 sa-

274 1363 646 1419 cratissimum
681 1360 979 1416 obicientes
1004 1358 1281 1415 oraculum
1320 1358 1686 1428 evangelicum
1716 1375 1731 1411 :
1757 1371 1854 1412 ne-

270 1467 366 1508 mo
392 1451 635 1507 ascendit
657 1450 712 1505 in
746 1450 955 1506 coelum
989 1449 1094 1504 nisi
1136 1449 1228 1518 qui
1267 1448 1544 1504 descendit
1581 1446 1648 1502 de
1677 1445 1848 1511 coelo,

272 1540 421 1595 filius
460 1540 694 1596 hominis
726 1548 780 1596 et
815 1539 1017 1595 nullius
1050 1538 1285 1594 hominis
1309 1553 1433 1594 esse
1470 1536 1656 1593 dicunt
1692 1550 1852 1607 posse

272 1633 332 1688 in
360 1631 525 1687 caelis
543 1646 785 1697 carnem,
814 1631 918 1686 nisi
940 1630 1088 1685 illam
1116 1645 1282 1700 quam
1312 1639 1559 1701 paratam
1584 1630 1849 1685 Dominus

273 1721 530 1793 dignatus
571 1729 656 1777 est
699 1722 923 1777 induere
958 1721 1150 1777 salute.
1196 1721 1395 1777 Volunt
1432 1730 1486 1777 et
1512 1722 1600 1777 isti
1639 1722 1854 1777 adicere

274 1810 426 1865 illam
464 1809 577 1879 jam
622 1810 751 1866 dicti
790 1811 933 1866 beati
966 1811 1178 1866 Ysidori
1216 1811 1561 1877 sententiam,
1608 1811 1751 1881 quod
1776 1812 1852 1867 sit

275 1911 400 1972 post
431 1903 876 1957 resurrectionem
917 1903 1121 1957 sanctis
1164 1902 1215 1956 in
1247 1917 1464 1956 carnem
1490 1900 1755 1957 habitatio
1795 1903 1850 1957 in

271 1991 445 2045 caelis
468 1991 749 2061 promissa,
781 1991 962 2047 ethoc
994 1991 1266 2060 pertinere
1294 1999 1578 2047 noscentes
1609 1992 1674 2047 ad
1706 1991 1850 2053 illam

275 2096 419 2147 quae
447 2081 683 2136 omnium
728 2081 832 2135 erit
882 2080 1162 2135 hominum
1217 2081 1545 2136 resurrectio
1590 2081 1757 2136 semel
1796 2082 1851 2135 in

273 2170 481 2227 Christi
525 2172 765 2227 secundo
794 2171 1024 2225 adventu
1056 2170 1196 2225 facta
1220 2212 1234 2237 ,
1284 2179 1341 2225 et
1378 2186 1485 2225 non
1516 2172 1583 2226 ad
1614 2171 1757 2225 illam
1788 2171 1855 2226 de

274 2278 385 2333 qua
414 2259 682 2317 Jhoannes
710 2262 762 2316 in
787 2262 1146 2333 Apocalypsin
1184 2263 1313 2317 dicit
1343 2280 1356 2316 ε
1386 2263 1522 2319 haec
1560 2271 1644 2317 est
1674 2278 1856 2318 resur-

275 2351 454 2408 rectio
473 2352 671 2422 prima.
707 2351 1017 2406 Obtendunt
1044 2360 1260 2422 praeter
1290 2366 1355 2406 ea
1392 2351 1640 2409 homines
1667 2360 1722 2406 et
1750 2350 1854 2405 alia

276 2443 436 2515 plura
463 2441 815 2497 deliramenta
859 2442 1120 2497 neutricia
1149 2457 1288 2513 quae
1309 2443 1489 2513 potius
1532 2443 1688 2498 nobis
1725 2442 1856 2496 insi-

280 2534 515 2589 dendum
544 2547 706 2602 quam
730 2533 839 2586 sint
866 2548 963 2603 per
987 2532 1227 2587 ordinem
1255 2531 1582 2601 replicando.
1617 2531 1727 2587 Nec
1753 2532 1857 2587 hoc

282 2623 452 2678 silere
486 2622 708 2677 debeam
736 2622 880 2692 quod
920 2622 986 2679 de
1022 2621 1253 2690 gloriosa
1300 2630 1356 2677 et
1398 2637 1611 2691 semper
1650 2622 1857 2693 virgine

284 2713 561 2784 genetrice
585 2712 794 2767 Domini
825 2713 993 2767 nostri
1020 2711 1147 2767 Jesu
1175 2712 1374 2768 Christi
1399 2712 1567 2767 Maria
1584 2713 1859 2768 enerviter

282 2801 599 2856 tlnxidicere
628 2816 733 2855 non
776 2802 1102 2857 erubescunt
1126 2817 1226 2857 nec
1254 2811 1531 2867 metuunt,
1561 2802 1702 2871 quod
1725 2802 1859 2857 mihi

283 2894 499 2949 edicere
519 2894 714 2964 pudet,
761 2900 870 2948 tam
898 2909 1238 2949 communem
1276 2893 1525 2951 interisse
1550 2895 1604 2950 in
1628 2908 1858 2963 conspe-

284 2991 380 3037 ctu
407 2982 683 3037 hominum
711 2991 939 3037 mortem
965 2991 1020 3038 et
1042 2984 1094 3037 in
1114 2982 1360 3053 sepulcro
1383 2984 1645 3038 hactenus
1666 2997 1862 3053 corpus

283 3070 405 3139 ejus
434 3071 618 3128 multis
665 3073 838 3127 visum
886 3074 1191 3130 hominibus
1220 3075 1594 3145 requiescere,
1636 3082 1692 3129 et
1736 3074 1860 3143 quia

285 3178 379 3218 me
407 3163 579 3234 igneis
596 3178 786 3219 omnes
822 3163 1078 3234 perfodiri
1103 3141 1343 3234 quotidie
1382 3175 1489 3219 non
1538 3141 1860 3232 cessant—ja-
1890 3141 1935 3203 ε

285 3252 428 3306 culis
465 3260 643 3308 etnec
672 3253 943 3320 minimis;
986 3255 1205 3324 quidam
1235 3255 1379 3310 enim
1415 3255 1507 3325 qui
1548 3255 1678 3310 mihi
1706 3270 1861 3324 Opem

285 3342 438 3398 ferre
464 3344 578 3399 vult
602 3355 693 3400 aut
718 3355 894 3417 potest
916 3349 985 3403 ob
1009 3348 1110 3404 hoc
1137 3364 1335 3419 sugero
1350 3357 1405 3405 et
1430 3358 1684 3420 tanquam
1708 3364 1866 3421 prae-

286 3448 418 3489 sens
443 3435 632 3490 humili
661 3451 823 3505 prece
848 3439 1078 3509 deposco
1112 3448 1169 3495 et
1202 3455 1299 3509 per
1325 3440 1469 3494 illam
1494 3455 1633 3509 quae
1661 3455 1863 3510 exupe-

290 3536 380 3581 rat
407 3542 623 3582 omnem
661 3544 877 3584 sensum
915 3545 1100 3599 pacem
1140 3531 1353 3586 Domini
1384 3530 1509 3586 Jesu
1540 3530 1741 3587 Christi
1771 3532 1867 3586 ob-

288 3624 486 3681 testor,
511 3626 572 3672 ut
597 3618 855 3691 quidquid
886 3621 949 3676 de
974 3620 1077 3677 hac
1102 3637 1163 3676 re
1188 3631 1366 3677 vest:a
1402 3622 1678 3677 beatitudo
1703 3622 1869 3677 sentit

289 3717 391 3760 aut
417 3708 611 3778 legisse
638 3711 838 3765 recolet
857 3712 1094 3767 scribere
1122 3714 1379 3769 ordinetis
1407 3724 1460 3769 et
1482 3714 1611 3769 mihi
1641 3714 1731 3769 diu
1760 3730 1866 3768 non

293 3796 559 3855 differatis
579 3801 926 3872 dirigereJta
955 3818 1177 3873 regnum
1204 3804 1528 3873 possideatis
1551 3804 1867 3859 indetermi-

290 3888 549 3945 naliilem.
580 3890 648 3946 Et
682 3892 840 3950 talem
879 3896 1223 3950 conscribere
1252 3904 1341 3950 tua
1371 3895 1629 3950 sanctitas
1655 3895 1871 3951 ordinet

289 3980 576 4051 epistolam
600 3985 924 4041 testimoniis
952 3986 1241 4042 multorum
1269 3988 1618 4057 adprobatam
1643 4001 1783 4057 quae
1814 3994 1872 4041 et

292 4090 384 4130 me
414 4077 720 4144 instruunt,
751 4087 808 4134 et
845 4089 1028 4149 aperta
1061 4079 1235 4135 fronte
1274 4080 1641 4136 contentiosos
1689 4080 1872 4135 redar-

291 4178 504 4241 guunt,
553 4168 676 4239 quia
714 4171 760 4225 si
808 4170 940 4226 mihi
993 4171 1144 4226 ocius
1176 4179 1355 4226 vestra
1403 4187 1508 4225 non
1560 4171 1873 4225 subvenerit

290 4264 501 4328 cautio,
535 4271 666 4333 puto
705 4275 790 4315 me
820 4258 1058 4315 funditus
1093 4275 1280 4316 eorum
1331 4258 1519 4316 fucisci
1578 4259 1868 4316 morsibus.

292 4354 536 4418 Imitare,
570 4353 782 4407 imitare
812 4350 1036 4405 Domine
1058 4350 1380 4419 patriarcam
1409 4349 1643 4404 Abraam
1668 4356 1724 4403 et
1748 4364 1871 4403 cum

293 4456 384 4503 ter
407 4447 553 4501 senis
577 4453 763 4513 terque
803 4443 1047 4498 centenis
1075 4440 1288 4496 famulis
1317 4439 1523 4497 famoso
1551 4441 1726 4495 victor
1748 4454 1872 4510 pre-

293 4537 374 4592 lio
393 4537 578 4601 vince,
608 4541 928 4604 captumque
957 4532 1179 4587 fratrem
1206 4547 1236 4585 a
1270 4530 1519 4587 Sodomis
1548 4544 1697 4595 erue,
1724 4538 1784 4585 ut
1818 4528 1871 4583 in

292 4644 396 4684 vos
444 4626 732 4697 impleatur
780 4622 1085 4680 Salomonis
1130 4621 1365 4676 veridica
1418 4619 1509 4675 illa
1559 4618 1870 4675 sententia:

292 4721 471 4775 frater
488 4718 579 4787 qui
609 4716 893 4785 adjubatur
913 4730 945 4768 a
971 4713 1141 4767 fratre
1175 4712 1327 4782 quasi
1354 4711 1544 4766 civitas
1565 4710 1738 4765 firma.
1772 4710 1877 4764 Du-

290 4809 421 4881 plex
442 4807 641 4863 etenim
663 4806 747 4861 vel
776 4804 969 4874 triplex
992 4802 1262 4857 funiculus
1283 4801 1501 4857 difﬁcile
1527 4800 1793 4869 rumpitur
1819 4807 1877 4854 et

295 4904 408 4959 duo
430 4901 475 4955 si
497 4900 698 4956 fuerint
722 4914 828 4953 uno
850 4897 950 4952 sub
976 4895 1081 4950 alio
1106 4895 1452 4951 substituitur
1473 4893 1598 4965 quia
1626 4900 1681 4947 et
1710 4898 1880 4947 testu-

291 4994 371 5048 do
397 4992 765 5061 adglomerata
806 4987 1128 5043 certantium
1170 4985 1348 5041 luctus
1386 4982 1544 5039 facile
1573 4982 1752 5039 evadit
1794 4997 1879 5039 Sa-

292 5084 581 5154 gittarum.
617 5079 742 5134 Scio
766 5077 990 5143 etenim,
1021 5077 1133 5132 scio
1170 5090 1267 5131 vos
1300 5074 1615 5144 saepissime
1645 5071 1880 5142 undique

293 5186 572 5241 occupare
597 5170 844 5241 angustia
865 5208 882 5235 ,
915 5169 1011 5222 sed
1037 5166 1082 5222 si
1119 5167 1312 5236 aliquis
1339 5165 1582 5235 inpedire
1609 5162 1880 5218 voluerint

295 5260 651 5317 difficultates
686 5273 781 5315 eas
807 5259 989 5314 vincat
1014 5255 1104 5311 illa
1130 5256 1329 5310 caritas
1348 5268 1486 5325 quae
1508 5252 1676 5307 vincit
1700 5251 1878 5306 omnia

297 5365 359 5410 ct
389 5370 529 5425 quae
549 5370 659 5411 non
686 5370 824 5426 quae
851 5360 980 5409 sunt
1008 5367 1127 5417 sua,
1164 5350 1257 5405 sed
1285 5364 1422 5420 quae
1447 5348 1659 5419 quaerit
1684 5347 1879 5403 aliena.

296 5443 424 5510 Eia,
452 5444 562 5511 eia,
580 5444 652 5499 mi
680 5443 915 5508 domine,
948 5442 1053 5508 eia,
1084 5441 1321 5496 scribere
1350 5454 1455 5492 non
1479 5436 1696 5492 differas
1716 5445 1771 5492 et
1800 5452 1884 5491 me

298 5552 331 5591 a
383 5546 463 5590 tot
501 5534 811 5590 latrantium
842 5533 1034 5588 turmis
1058 5540 1112 5587 et
1140 5530 1378 5600 undique
1407 5528 1676 5584 morsibus
1698 5528 1767 5582 ad
1796 5542 1881 5584 re-

1945 550 2255 596 sanctorum
2283 539 2480 594 vestris
2526 537 2696 593 sacris
2739 535 2961 591 auribus
2995 534 3174 605 pando
3198 574 3212 600 ,
3239 542 3297 589 et
3330 541 3392 589 ut
3419 548 3521 604 pro

1944 645 2031 684 me
2059 642 2220 684 orare
2237 627 2470 698 dignetis
2499 641 2661 697 rogo,
2691 633 2746 680 et
2772 632 2830 678 ut
2852 638 2968 679 mea
2997 622 3283 677 abluantur
3311 619 3525 690 piacula

1944 727 2000 775 et
2022 718 2222 773 liberer
2245 718 2314 772 ab
2352 716 2657 773 infidelibus
2699 718 2789 785 qui
2811 713 3008 769 suntin
3037 711 3258 769 Judaea.
3298 712 3403 767 Per
3429 728 3525 768 vos

1946 808 2066 864 illos
2095 810 2319 864 domuos
2345 814 2402 863 et
2438 822 2755 862 communes
2796 805 3138 862 dulcissimos
3173 802 3313 860 filios
3351 804 3524 873 sospi-

1947 909 2099 956 turae
2135 914 2392 970 exposco.

2438 1146 2666 1186 [USA1520
2673 1146 2732 1186 US
2766 1147 3038 1191 ASCABICO.

2022 1265 2305 1321 Recensita
2350 1263 2654 1320 litterarum
2700 1274 3003 1321 vestrarum
3056 1267 3197 1322 serie
3227 1266 3526 1339 jucundum

1950 1355 2211 1412 Dominus
2236 1354 2469 1411 reddidit
2506 1354 2763 1409 animum.
2790 1370 2991 1421 meum,
3032 1354 3101 1411 ob
3136 1356 3279 1426 quod
3309 1365 3528 1414 vestrae

1950 1448 2084 1504 mihi
2108 1458 2337 1519 patuere
2361 1447 2553 1503 salutis
2571 1447 2789 1502 indicia.
2818 1445 2952 1501 Nam
2980 1448 3025 1502 si
3055 1448 3186 1503 mihi
3214 1448 3396 1519 plures
3416 1464 3533 1503 ma-

1951 1548 2108 1595 neret
2149 1538 2331 1605 lingua
2372 1536 2637 1606 loquellus
2658 1576 2672 1601 ,
2724 1551 2833 1591 non
2878 1551 3094 1607 possem
3136 1538 3349 1593 edicere
3394 1552 3533 1608 quae

1951 1644 2130 1686 meum
2155 1645 2251 1686 cor
2274 1629 2646 1685 inlustraberit
2678 1629 2932 1699 gaudium
2951 1671 2966 1695 ,
2996 1645 3173 1700 quove
3208 1631 3535 1686 exaltaverit

1955 1722 2010 1777 in
2033 1721 2205 1792 iubilo
2243 1729 2304 1775 ut
2324 1720 2492 1775 etiam
2511 1728 2713 1774 metum
2744 1719 3038 1791 longinquo
3064 1728 3308 1787 tempore
3336 1721 3536 1775 redivi-

1886 1790 1930 1849 Β
1955 1790 2083 1867 bum
2122 1811 2375 1882 gaudium
2406 1810 2608 1865 amoris
2634 1810 2826 1875 vestri,
2850 1790 3110 1864 lacrimas
3134 1810 3301 1864 fluere
3339 1809 3533 1865 fecerit

1955 1912 2011 1959 et
2039 1916 2286 1958 maerore
2308 1910 2588 1955 veternum
2624 1899 2971 1955 relebabcrit.
3011 1898 3130 1953 llos
3159 1914 3288 1955 vero
3314 1907 3376 1954 ut
3409 1914 3536 1970 per-

1956 1992 2094 2048 lecta
2152 1998 2239 2047 est
2285 1991 2400 2061 ipsa
2443 1990 2633 2046 relatio
2657 1988 2810 2059 quasi
2850 2003 2881 2042 e
2918 1987 3201 2056 poliandro
3244 1987 3537 2045 suscitatus

1957 2085 2139 2140 statim
2167 2083 2441 2138 Jhoannes
2465 2082 2770 2137 anxietates
2795 2081 3099 2137 forinsecus
3121 2089 3176 2136 et
3194 2084 3538 2138 extrinsecus

1956 2175 2207 2229 manibus
2228 2173 2409 2229 cordis
2432 2172 2654 2226 dextera
2677 2170 2940 2241 laebaque
2967 2171 3208 2226 abiciens
3231 2171 3297 2226 ad
3327 2181 3534 2227 turrem

1957 2264 2126 2320 David
2148 2279 2308 2335 quem
2331 2262 2604 2318 canticum
2625 2262 2961 2317 canticorum
2989 2262 3135 2316 canit
3163 2261 3413 2317 videlicet
3433 2261 3540 2316 for-

1959 2353 2242 2409 titudinem
2291 2351 2727 2422 Scripturarum,
2760 2351 2814 2406 in
2852 2366 2958 2421 qua
2996 2349 3142 2405 mille
3167 2350 3360 2420 clippei
3402 2366 3538 2421 pen—

1959 2444 2088 2500 dent
2109 2452 2165 2497 et
2191 2444 2368 2498 omnis
2400 2450 2674 2498 armatura
2711 2442 2931 2498 fortium
2971 2443 3186 2499 concito
3215 2458 3402 2514 gressu
3433 2458 3532 2498 cu-

1958 2533 2136 2597 curri,
2194 2540 2255 2587 ut
2297 2549 2362 2589 ex
2412 2550 2476 2589 ea
2521 2533 2607 2589 vel
2650 2548 2818 2589 unum
2861 2533 3129 2604 clippeum
3163 2532 3541 2603 frumeumque

1959 2623 2204 2680 tollerem
2229 2665 2244 2688 ,
2274 2640 2372 2695 per
2414 2625 2559 2696 quod
2597 2632 2741 2681 tutus
2779 2641 2812 2681 a
2853 2626 2952 2682 bos
2999 2624 3200 2697 lForte,
3235 2622 3448 2697 ambos]
3492 2634 3545 2680 te

1961 2714 2176 2770 dulcem
2210 2714 2434 2771 fratrem
2462 2732 2494 2771 a
2521 2715 2771 2772 Sodomis
2790 2712 3054 2786 eriperem
3079 2724 3136 2772 et
3162 2730 3296 2770 suae
3315 2730 3542 2785 prospe-
3600 2754 3605 2763 .

1962 2804 2111 2858 ritati
2133 2806 2495 2860 restituerem.
2518 2804 2657 2860 ilinc
2675 2805 2807 2859 mihi
2833 2819 2993 2876 supra
3021 2804 3180 2861 mella
3201 2803 3394 2860 dilecte
3415 2804 3543 2874 quia

1961 2909 2067 2948 non
2112 2909 2301 2949 omnes
2352 2894 2566 2950 codices
2604 2909 2741 2966 quos
2781 2893 2924 2950 volui
2970 2902 3153 2964 presto
3206 2893 3367 2949 habui
3421 2908 3545 2949 cum

1962 2984 2152 3053 grandi
2199 2985 2427 3040 audacia
2475 2985 2673 3039 vestris
2718 2985 3060 3039 orationibus
3088 2984 3290 3040 fretrus
3326 2981 3543 3056 [fretus]

1966 3086 2033 3126 ex
2072 3072 2261 3127 eadem
2293 3081 2443 3128 turre
2474 3089 2639 3128 unum
2667 3072 2930 3143 clippeum
2961 3073 3195 3143 primum
3224 3072 3545 3144 Gregorium

1966 3163 2296 3233 adprehendi
2325 3171 2487 3234 atque
2513 3180 2580 3220 ex
2617 3180 2683 3221 eo
2708 3165 2980 3220 modicum
3011 3164 3319 3219 summatim
3345 3163 3545 3233 carpsi.

1966 3257 2110 3326 quod
2148 3256 2216 3311 ad
2250 3256 2466 3312 illorum
2499 3257 2948 3321 controversiam,
2980 3258 3048 3311 de
3073 3272 3181 3326 quo
3213 3256 3348 3311 satis
3380 3271 3547 3325 oppo-
3600 3292 3605 3299 -

1966 3357 2146 3414 natur,
2184 3364 2321 3419 quae.
2354 3364 2452 3420 per
2480 3364 2648 3419 pauca
2676 3349 2742 3405 de
2763 3365 2869 3419 qua
2891 3348 3163 3418 loquimur
3191 3348 3319 3403 huic
3337 3348 3545 3419 opellae
3583 3387 3587 3392 ν

1966 3439 2024 3493 af
2025 3438 2230 3508 ﬁgenda
2255 3447 2398 3494 sunt.
2422 3439 2727 3496 Contemtio
2746 3440 2888 3495 enim
2907 3479 2925 3505 ,
2949 3448 3011 3493 ut
3036 3438 3111 3493 ait
3135 3438 3446 3509 Apostolus,
3479 3440 3545 3495 ad

1967 3528 2101 3582 nihil
2140 3528 2272 3584 utile
2315 3537 2434 3595 est,
2488 3529 2588 3585 nisi
2631 3530 2699 3585 ad
2739 3530 3145 3585 subversionem
3191 3530 3543 3587 audientium.
3604 3576 3611 3587 .

1969 3618 2159 3675 Melius
2193 3620 2277 3675 isti
2305 3621 2396 3689 qui
2443 3620 2739 3689 sapientiae
2784 3621 3165 3676 contradicunt
3193 3619 3466 3685 facerent,
3498 3621 3545 3676 si

1968 3717 2223 3782 saperent
2267 3709 2335 3763 ad
2382 3708 2756 3774 sobrietatem,
2796 3725 2938 3780 quae
2981 3717 3039 3763 ut
3066 3710 3264 3764 scisma
3308 3708 3549 3779 parvulis

1969 3818 2128 3858 sensu
2157 3804 2212 3857 in
2241 3801 2467 3857 ecclesia
2496 3809 2839 3872 generarent.
2875 3800 3238 3872 Praepulchre
3270 3816 3431 3872 agere
3457 3802 3548 3856 de-

1967 3894 2218 3959 buerunt,
2233 3893 2277 3946 si
2301 3908 2420 3946 cum
2443 3891 2701 3961 apostolis
2719 3892 2969 3948 sederent
2984 3892 3037 3945 in
3060 3892 3332 3947 civitatem
3350 3890 3555 3960 quoad—

1969 3998 2139 4052 usque
2188 3982 2542 4038 iudnerentur
2587 3983 2843 4037 virtutem
2889 3997 2971 4043 ex.
3001 3981 3131 4046 alto,
3182 3991 3238 4036 et
3279 3996 3444 4051 quum
3489 3981 3544 4035 in

1970 4074 2133 4127 corde
2164 4088 2261 4127 suo
2300 4073 2695 4128 absconderem
2719 4071 2934 4141 eloquia
2957 4071 3168 4126 Domini
3199 4078 3258 4126 ut
3293 4085 3396 4125 non
3424 4086 3551 4141 pec-

1971 4169 2181 4229 carent,
2209 4177 2311 4217 nec
2339 4164 2443 4218 hoc
2484 4161 2713 4215 dicimus
2749 4167 2808 4213 ut
2847 4174 2954 4213 non
2998 4158 3296 4228 inquirant,
3347 4159 3443 4214 sed
3490 4168 3551 4213 ut

1973 4248 2169 4305 altiora
2199 4251 2454 4321 mysteria
2491 4247 2713 4319 Spiritui
2758 4256 2947 4303 sancto
2983 4246 3378 4318 derelinquant.
3428 4245 3547 4304 Suf-

1971 4342 2267 4411 ﬁceretque
2303 4340 2409 4394 illis
2448 4354 2572 4393 cum
2614 4337 2765 4393 Raab
2803 4338 3090 4393 meretrice
3117 4339 3170 4393 in
3195 4337 3412 4394 Jherico
3457 4352 3553 4409 per

1974 4432 2267 4489 fenestram
2300 4444 2519 4486 coccum
2556 4429 2806 4485 emittere
2830 4469 2846 4496 ,
2876 4427 3125 4485 videlicet
3152 4444 3251 4499 per
3287 4429 3399 4484 oris
3429 4443 3557 4484 con-

1974 4523 2264 4578 fessionem
2304 4519 2580 4576 Christum
2608 4517 2925 4574 crucifixum
2974 4519 3196 4575 credere
3237 4527 3292 4576 et
3328 4517 3550 4585 salbari,

1975 4612 2331 4680 audirentque
2360 4609 2585 4663 Paulum
2632 4622 2729 4663 vas
2775 4607 3054 4663 electionis
3095 4607 3400 4663 dicentem:
3432 4605 3552 4662 Non

1978 4720 2066 4760 me
2104 4702 2278 4757 fateor
2305 4701 2424 4771 plus
2454 4701 2593 4755 scire
2621 4715 2782 4769 quam
2809 4698 3082 4755 Christum
3117 4707 3172 4754 et
3202 4699 3347 4755 hunc
3383 4697 3559 4754 cruci-

1982 4798 2179 4860 fixum,
2206 4809 2330 4848 nam
2365 4807 2469 4862 qua
2501 4791 2588 4846 isti
2623 4792 2798 4845 fronte
2828 4791 2897 4845 ad
2925 4789 3186 4860 ampliora
3221 4790 3562 4845 mansionum

1982 4890 2196 4951 itinera,
2226 4885 2474 4941 videlicet
2501 4884 2568 4938 ad
2597 4883 2886 4949 decimam,
2914 4881 2969 4936 in
2992 4897 3098 4953 qua
3127 4896 3325 4936 manna
3353 4878 3560 4947 fluitur.

1981 4981 2323 5047 vicesimum,
2351 4977 2683 5034 tricesimum
2705 4974 3013 5046 ceterisque
3039 4975 3270 5042 duabus,
3301 4990 3399 5047 per
3430 4991 3565 5045 quas

1984 5073 2190 5143 majora
2231 5069 2602 5142 intelliguntur
2627 5075 2966 5125 sacramenta
2986 5107 3002 5134 ,
3040 5064 3155 5136 jam
3185 5067 3342 5138 quasi
3366 5064 3565 5121 doctis-

1986 5163 2109 5218 simi
2131 5176 2373 5236 gressum
2398 5160 2644 5224 tendunt,
2675 5157 2878 5213 scalam
2916 5157 3211 5212 ascendere
3231 5153 3314 5210 vel
3342 5157 3563 5213 descen-

1988 5255 2135 5317 dere,
2171 5252 2317 5306 illum
2344 5250 2623 5320 cupientes
2651 5264 2812 5319 quem
2839 5249 2974 5303 vidit
3001 5246 3190 5309 Jacob,
3210 5243 3302 5312 qui
3328 5242 3559 5298 necdum

1989 5344 2363 5399 tenuissimum
2406 5340 2676 5396 tramitem
2702 5340 2897 5395 callere
2921 5337 3129 5407 primae
3158 5333 3427 5389 secundae
3454 5342 3563 5387 ter-

1987 5433 2094 5488 tiae
2116 5439 2342 5502 quartae
2363 5432 2583 5502 quintae
2607 5439 2789 5485 sextae
2815 5426 3072 5495 septimae
3098 5434 3321 5478 octavae
3358 5437 3563 5478 nonae-

1987 5538 2093 5594 que
2122 5522 2454 5578 culeurrunt.
2486 5520 2699 5591 Egressi
2723 5517 2787 5573 de
2812 5515 3019 5585 Egypto
3046 5513 3309 5568 desudent
3332 5527 3566 5582 primum
3620 5584 3627 5589 _

298 5635 449 5682 ctam
480 5626 622 5680 viam
652 5640 831 5681 eruas.
865 5623 940 5678 Ita
961 5637 1173 5692 semper
1210 5618 1510 5687 adjutorcm
1552 5618 1607 5673 in
1637 5618 1888 5672 omnibus
1984 5618 2041 5672 in
2090 5630 2273 5672 eremo
2303 5630 2401 5685 per
2426 5613 2608 5669 multis
2643 5608 2898 5665 anfractis
2924 5615 3085 5679 atque
3132 5605 3419 5678 angustiis,
3458 5620 3562 5675 pu-

298 5718 584 5773 Christum
612 5726 793 5775 vestra
819 5717 1018 5773 habeat
1055 5714 1333 5770 sanctitas.

1991 5718 2154 5780 gnent
2182 5723 2303 5762 cum
2349 5706 2565 5774 regibus
2603 5702 2741 5757 Seon
2773 5709 2827 5755 et
2859 5697 2937 5771 0g
2970 5700 3008 5756 i.
3054 5713 3102 5753 e.
3138 5713 3260 5755 cum
3285 5697 3435 5756 vitiis
3467 5711 3563 5755 seu
