3968 6180
439 299 578 359 1235

1183 301 1517 361 SUPPLEM.
1556 304 1650 362 AD
1686 302 2059 377 AUCTORES
2097 305 2372 366 INCERTI
2410 314 2572 371 ANK]
2612 314 2785 373 δερ.
2825 313 2957 371 Vill.

3550 318 3679 377 1236

436 439 561 480 cum
608 422 851 486 diabolo,
894 436 991 492 per
1022 435 1157 490 quos
1183 423 1380 478 scisma
1401 434 1456 479 et
1484 440 1606 481 eres
1632 437 1657 464 α
1688 425 1742 480 in
1767 424 2009 481 Ecclesia
2040 428 2082 481 Α
2115 437 2293 489 terant
2320 432 2549 503 ingredi,
2571 435 2696 505 quia
2719 449 2819 490 nec
2850 435 2977 490 dum
3005 434 3094 491 ille
3122 443 3343 492 venerat
3375 437 3467 507 qui
3492 436 3686 493 ἰητριουί

435 516 701 579 oriuntur,
733 514 921 584 sicque
939 513 1007 569 ad
1036 528 1289 569 mannam
1319 516 1709 571 comedendum
1731 516 2010 572 accedant.

434 608 571 666 Nam
596 618 653 666 et
697 608 889 664 eadem
915 623 1111 663 manna
1151 624 1259 664 non
1295 608 1416 679 plus
1457 609 1635 681 colligi
1659 609 2011 680 praccipitur,

435 719 599 775 quam
626 702 769 773 quod
792 701 1099 766 sufﬁceret,
1123 702 1170 756 si
1207 702 1333 772 quid
1361 700 1688 772 superﬂuum
1719 703 2013 770 reponeba—

431 804 526 849 tur
566 793 843 849 vermibus
888 792 1168 848 bulliebat.
1211 790 1515 863 lntelligant
1562 807 1704 862 quae
1745 791 2008 857 dicimus;

436 898 535 940 nos
562 897 693 938 vero
721 897 827 937 non
854 888 1070 950 oportet
1127 880 1340 935 illorum
1391 880 1544 950 sequi
1582 881 1799 937 vesania
1834 881 1925 950 qui
1959 881 2011 934 in

432 974 718 1031 ecclesiam
756 987 855 1042 per
888 971 1084 1027 scisma
1127 980 1181 1027 et
1216 973 1608 1028 contemtiones
1658 973 1891 1027 inaniter
1937 972 2014 1025 la-

433 1067 626 1122 borant
667 1066 864 1121 sciolos
888 1081 946 1120 se
975 1064 1269 1121 allecturae
1302 1066 1582 1135 cupientes
1606 1065 1700 1119 sed
1738 1064 2011 1120 declinare

431 1166 488 1212 et
535 1157 628 1212 ubi
680 1156 892 1212 illorum
942 1155 1460 1227 interrogationibus
1508 1171 1615 1211 non
1663 1155 1918 1211 debemus
1956 1157 2009 1210 iu

430 1247 629 1303 astutia
654 1262 830 1317 neque
850 1246 1158 1302 adulterare
1182 1247 1406 1303 verbum
1426 1246 1547 1313 Dei,
1570 1246 1673 1301 sed
1702 1246 1846 1315 loqui
1872 1248 2009 1302 scita

430 1340 487 1397 in
525 1338 963 1396 manifestatione
990 1340 1274 1402 veritatis,
1313 1339 1522 1394 nescita
1557 1338 1864 1407 relinquere
1888 1338 2011 1409 Spi-

374 1428 404 1489 ῗ,
428 1431 560 1486 ritui
582 1439 798 1495 sancto,
836 1437 892 1484 ut
923 1427 1080 1497 juxta
1106 1429 1339 1499 Esayam
1378 1442 1550 1497 usque
1578 1437 1798 1482 nostrae
1836 1428 2010 1483 ﬁdelis

427 1521 539 1576 sint
573 1530 634 1576 ut
662 1536 842 1592 regem
869 1526 1111 1576 nostrum
1144 1519 1328 1574 videre
1356 1520 1412 1573 iu
1445 1518 1643 1575 decore
1681 1535 2006 1576 mereamur.

499 1611 597 1667 llis
624 1610 887 1681 praefatis
917 1610 1042 1681 quia
1074 1610 1143 1666 de
1177 1609 1392 1664 illorum
1436 1617 1749 1664 sanctorum
1777 1626 1914 1679 quos
1940 1611 2011 1666 ab

426 1703 623 1760 inferni
670 1703 908 1760 claustra
949 1702 1218 1758 mediator
1246 1701 1340 1755 Dei
1382 1710 1438 1755 et
1477 1702 1718 1758 hominis
1756 1702 2008 1759 Christus

423 1792 582 1850 Jesus
607 1808 797 1849 eruere
842 1793 1094 1865 dignatus
1134 1800 1219 1848 est
1247 1792 1300 1847 in
1326 1801 1506 1847 vestra
1534 1793 1760 1863 epistola
1801 1795 2006 1848 mentio

423 1896 508 1944 est
537 1886 701 1953 facta,
732 1886 961 1956 ideoque
987 1898 1056 1940 ex
1094 1884 1364 1955 majorum
1390 1892 1700 1941 nostrorum
1728 1885 2006 1941 codicibus

420 1978 720 2036 sententias
740 1992 879 2047 quas
914 1977 1219 2046 carpsimus
1241 1975 1368 2031 huic
1404 1976 1653 2047 paginae,
1683 1984 1744 2031 ut
1777 1992 1877 2032 nos
1917 1991 2005 2031 ve-

421 2079 533 2126 stra
563 2070 828 2126 sanctitas
862 2067 1045 2124 facere
1082 2067 1294 2133 maluit,
1331 2068 1459 2123 licet
1500 2083 1607 2123 non
1644 2077 1704 2123 ut
1735 2068 1877 2124 volui
1908 2069 2003 2124 sed

418 2171 483 2218 ut
510 2163 657 2233 potui
684 2162 919 2231 scriptas
945 2160 1210 2231 protrahi.

490 2257 541 2310 ί.
574 2256 728 2324 Quod
757 2263 881 2311 ante
911 2255 1202 2310 adventum
1232 2254 1547 2310 mediatoris
1566 2254 1661 2308 Dei
1687 2262 1743 2309 et
1766 2254 2001 2310 hominis

417 2360 613 2401 omnes
633 2353 691 2400 et
716 2344 842 2400 boni
868 2352 922 2400 et
943 2345 1072 2399 mali
1105 2344 1175 2400 ad
1212 2344 1409 2399 inferni
1436 2344 1679 2399 claustra
1707 2344 2003 2400 descende-

419 2437 551 2494 rint.
582 2437 635 2494 2.
662 2436 817 2505 Quod
837 2437 1105 2493 bonorum
1128 2438 1343 2493 animae
1362 2437 1611 2507 quamvis
1632 2438 1700 2493 ad
1727 2436 2001 2494 infernum

417 2529 812 2585 descenderent
845 2543 1051 2599 poenas
1086 2543 1195 2584 non
1224 2528 1468 2584 luebunt.
1504 2530 1560 2584 3.
1597 2527 1750 2596 Quod
1794 2528 1999 2585 electe-

413 2634 536 2675 rum
564 2618 778 2674 animus
801 2618 1140 2675 solummodo
1158 2618 1412 2675 dominus
1442 2619 1512 2674 ab
1538 2619 1735 2675 inferni
1762 2619 1998 2677 claustra

413 2708 579 2774 eruit,
623 2720 730 2762 non
774 2709 1151 2777 reproborum.
1189 2698 1243 2762 ι.
1286 2707 1438 2776 Quoi
1491 2710 1686 2775 sancti,
1734 2710 1825 2779 qui
1872 2726 1995 2766 cum

413 2796 632 2852 Christo
663 2803 1016 2851 surrexerunt
1042 2796 1297 2867 gloriosa,
1328 2798 1364 2851 i.
1388 2813 1437 2852 e.
1469 2799 1735 2869 spiritalia
1756 2802 1996 2870 percepti

410 2895 541 2945 sunt
578 2903 807 2959 corpora
831 2928 848 2953 ,
891 2888 1071 2958 qualia
1114 2903 1214 2944 nos
1251 2898 1577 2960 excepturos
1612 2891 1667 2945 in
1700 2890 1883 2946 futura
1912 2907 1998 2948 re-

410 2979 748 3036 surrectione
780 2988 1147 3049 expectamus.
1180 2980 1233 3035 5.
1264 2980 1401 3048 Quia
1435 2981 1734 3053 gloriﬁcata
1777 2983 1994 3039 illorum

411 3077 751 3133 sanctorum,
801 3069 869 3125 de
917 3071 1040 3141 quis
1086 3071 1297 3142 agimus
1344 3080 1695 3128 surrexerunt
1740 3089 1986 3145 corpora.

410 3163 465 3218 6.
497 3163 633 3232 Quia
657 3161 995 3221 Jherusalem
1034 3166 1124 3222 ubi
1160 3166 1258 3223 visi
1284 3176 1406 3222 sunt
1438 3170 1693 3226 celestem
1723 3171 1870 3226 illum
1902 3173 1993 3226 de-

406 3269 599 3311 vemus
657 3255 976 3328 intelligere.
1032 3257 1082 3311 7.
1136 3256 1213 3314 De
1260 3261 1449 3315 eadem
1499 3258 1835 3317 Jlierusalem
1864 3303 1879 3328 ,
1932 3271 1995 3317 ut

405 3355 699 3418 utrumque
732 3348 1098 3419 intelligamus
1137 3349 1429 3405 coelestem
1479 3357 1642 3420 atque
1686 3360 1986 3407 terrenum.

405 3440 440 3495 8
475 3437 630 3507 Quod
672 3457 780 3495 non
821 3455 1013 3496 omnes
1041 3442 1214 3496 sancti
1242 3457 1377 3512 quos
1421 3442 1490 3497 ab
1519 3441 1716 3498 inferni
1751 3442 2019 3500 claustra'

404 3529 549 3586 eruit
574 3528 823 3586 Christus
844 3530 898 3585 in
929 3545 1093 3586 carne
1122 3539 1560 3596 resurrexerunt,
1592 3532 1687 3587 sed
1715 3543 1766 3586 ut
1797 3548 1991 3589 secun-

405 3625 533 3681 dum
570 3625 645 3680 ait
675 3625 1014 3697 evangelium
1040 3626 1217 3681 multi.
1243 3627 1295 3681 9.
1328 3624 1407 3680 De
1441 3640 1507 3681 eo
1537 3628 1677 3696 quod
1708 3629 1762 3682 in
1788 3644 1989 3699 apoca-

402 3716 564 3785 lipsin
593 3714 792 3769 dicitur
823 3716 961 3770 haec
988 3718 1318 3771 resurrectio
1354 3715 1529 3785 prima
1565 3725 1617 3771 et
1646 3725 1850 3772 cetera.
1896 3718 1984 3772 10.

403 3805 482 3862 De
511 3819 577 3861 eo
603 3805 745 3875 quod
776 3805 1114 3875 evangelium
1152 3806 1228 3859 ait
1263 3823 1277 3859 :
1311 3820 1472 3859 nemo
1509 3806 1747 3861 ascendit
1778 3807 1830 3862 in
1865 3824 1988 3863 coe-

404 3898 538 3962 lum,
582 3897 684 3952 nisi
729 3896 819 3966 qui
846 3896 1125 3952 descendit
1167 3897 1234 3951 de
1262 3896 1413 3951 coelo
1442 3896 1583 3952 illius
1608 3898 1861 3954 hominis.
1897 3902 1984 3957 Η.

401 3989 479 4046 De
506 3989 737 4058 gloriosa
762 3987 928 4043 Maria
951 3988 1094 4057 quod
1120 3988 1266 4043 nulla
1298 3988 1466 4042 storia
1504 4003 1625 4043 eam
1656 3990 1843 4046 doceat
1868 4007 1988 4061 pas-

399 4081 552 4136 sione
575 4088 667 4133 aut
692 4078 933 4150 qualibet
962 4086 1138 4133 morte
1170 4078 1409 4133 multari.

473 4173 525 4227 t.
565 4169 718 4239 Quo'l
746 4177 871 4225 ante
892 4171 1179 4225 adventum
1211 4171 1525 4228 mediatoris
1554 4174 1646 4228 Dei
1675 4181 1730 4228 et
1750 4174 1984 4230 hominis

396 4279 584 4320 omnes
599 4262 792 4318 etboni
814 4270 869 4317 et
894 4262 1021 4317 mali
1054 4264 1120 4317 ad
1137 4261 1333 4318 inferni
1353 4264 1589 4321 claustra
1606 4267 1984 4323 descenderint

395 4354 460 4410 1³⁸.
484 4352 779 4423 Gregorius
829 4354 883 4408 in
914 4354 1066 4409 libris
1105 4355 1388 4410 moralium
1434 4356 1514 4412 sic
1539 4356 1778 4427 loquitur
1809 4375 1825 4412 :
1852 4357 1982 4414 Om-

2021 3128 2067 3191 C

2118 518 2351 574 claustra
2398 536 2496 577 sua
2525 523 2880 580 descensione
2903 523 3139 582 solbcret
3172 534 3228 581 et
3268 524 3537 593 iustorum
3572 528 3686 583 ani-

2116 611 2302 667 masin
2324 622 2584 682 perpetua
2610 616 2738 670 sede
2756 615 3085 673 conlocaret.
3112 615 3244 671 Item
3268 618 3380 687 ipse
3400 618 3455 672 in
3481 618 3687 675 eisdem

2115 699 2317 756 dictis:
2346 701 2563 759 Priores
2610 704 2786 760 sancti
2813 706 2882 760 ab
2917 703 3114 759 inferni
3152 705 3284 761 locis
3314 706 3536 761 liberari
3580 723 3687 763 nou

2113 798 2430 860 potuerunt,
2453 794 2579 864 quia
2601 809 2702 850 nec
2731 796 2858 851 dum
2887 804 3111 852 venerat
3152 797 3245 866 qui
3270 798 3401 854 illuc
3427 800 3548 854 sine
3572 799 3687 855 cul-

2113 897 2179 952 pa
2211 883 2565 940 descenderet
2592 893 2651 939 ut
2673 900 2769 940 eos
2790 887 2882 956 qui
2909 886 2982 940 ibi
3019 887 3345 942 tenebantur
3371 904 3472 959 pro
3515 889 3690 961 origi-

2113 971 2223 1025 nali
2257 980 2479 1040 peccato
2499 990 2531 1027 a
2554 974 2710 1045 culpa
2734 974 3008 1030 liberaret.

2182 1063 2236 1117 ἢ.
2269 1063 2423 1130 Quod
2447 1063 2710 1120 bonorum
2741 1066 2952 1121 animae
2978 1068 3228 1136 quamvis
3251 1068 3318 1121 ad
3354 1067 3565 1123 inferna
3593 1070 3691 1125 tle-

2112 1156 2419 1211 scenderint
2447 1170 2649 1227 poenas
2677 1172 2781 1211 non
2803 1158 3045 1219 luebant.
3081 1158 3223 1212 idem
3251 1159 3441 1215 doctor
3469 1159 3524 1213 in
3558 1161 3699 1230 ipsis

2113 1246 2435 1302 tractatibus
2456 1247 2628 1302 dicit:
2658 1248 2797 1302 Ante
2834 1248 3193 1319 redemptoris
3232 1248 3404 1304 nostri
3438 1249 3693 1305 incarna-

2112 1338 2588 1407 tioncmjustorum
2611 1339 2823 1394 animae
2848 1354 2955 1395 non
2980 1339 3053 1393 ita
3082 1339 3149 1393 ad
3174 1338 3444 1394 infernum
3471 1340 3694 1395 descen-

2110 1428 2254 1483 disse
2280 1429 2606 1494 creduntur,
2646 1438 2706 1484 ut
2745 1429 2801 1484 in
2844 1428 2977 1484 locis
3005 1429 3323 1499 poenalibus
3349 1438 3687 1495 tenerentur,

2112 1517 2140 1557 δ
2172 1526 2230 1572 ut
2265 1519 2323 1573 in
2366 1520 2735 1589 superioribus
2765 1519 2898 1589 justi
2936 1521 3341 1590 requiescerent
3378 1529 3436 1576 et
3464 1522 3518 1575 iu
3549 1521 3691 1578 infe-

2111 1610 2347 1667 rioribus
2403 1611 2588 1681 injusti
2636 1612 2969 1669 crucientur.
3032 1612 3169 1668 Item
3219 1615 3368 1684 ipse:
3406 1611 3688 1669 Justorum

2111 1702 2328 1758 animae
2353 1716 2453 1773 per
2496 1701 2812 1760 mediatoris
2847 1703 3137 1759 adventum
3170 1706 3493 1777 quandoque
3531 1714 3689 1761 erant

2041 1777 2077 1832 Β
2109 1792 2177 1845 ab
2206 1790 2399 1847 inferni
2427 1791 2561 1848 locis
2585 1795 2831 1861 quamvis
2875 1811 2981 1849 non
3002 1795 3320 1864 poenalibus
3351 1796 3688 1861 liberandae,

2106 1881 2178 1936 ob
2204 1882 2307 1936 hoc
2326 1882 2387 1935 B.
2417 1879 2519 1937 Job
2551 1883 2681 1938 dicit
2708 1901 2720 1935 :
2761 1884 3033 1940 constitue
3060 1884 3195 1939 mihi
3222 1893 3457 1955 tempus,
3503 1885 3558 1940 in
3580 1903 3689 1956 quo

2104 1973 2410 2029 recorderis
2444 1973 2547 2028 mei
2577 1990 2590 2039 ;
2624 1974 2924 2045 Agustinus
2951 1992 3169 2046 quoque
3212 1976 3289 2030 ait
3318 1993 3332 2030 :
3364 1978 3687 2047 priusquam

2104 2063 2414 2133 redemptor
2439 2073 2624 2119 noster
2650 2073 2821 2120 morte
2850 2081 2948 2120 sua
2971 2066 3189 2120 humani
3217 2066 3433 2134 generis
3454 2081 3690 2135 poenam

2103 2154 2359 2220 solveret,
2390 2168 2486 2211 eos
2514 2156 2609 2225 qui
2638 2155 2890 2211 coelestia
2926 2158 3134 2225 patriae
3163 2158 3280 2211 vias
3309 2158 3501 2214 sectati
3530 2165 3687 2221 sunt,

2101 2254 2224 2315 post
2243 2260 2520 2315 egressum
2546 2247 2727 2302 carnis
2750 2245 2944 2301 inferni
2966 2246 3205 2301 claustra
3233 2253 3552 2312 tenuerunt,
3578 2262 3687 2302 non

2102 2345 2163 2393 ut
2185 2352 2357 2407 poena
2398 2338 2553 2407 quasi
2575 2347 2889 2407 peccatores
2913 2337 3175 2408 plecteret
3199 2378 3215 2403 ,
3244 2338 3337 2393 sed
3373 2347 3434 2392 ut
3463 2352 3562 2392 eos
3586 2351 3689 2407 per

2102 2431 2407 2499 ingressum
2449 2428 2764 2485 mediatoris
2794 2436 2978 2483 reatus
3021 2428 3230 2498 primae
3261 2427 3453 2497 culpae
3503 2425 3686 2482 absol-

2101 2527 2274 2576 voret.

2170 2619 2223 2673 5.
2264 2618 2419 2686 Quod
2444 2618 2738 2674 electorum
2769 2618 2981 2672 animus
3009 2616 3348 2673 solummodo
3378 2617 3446 2671 ab
3477 2615 3678 2671 inferni

2099 2708 2334 2763 claustra
2355 2708 2517 2772 eruit,
2544 2721 2651 2761 non
2676 2704 3047 2776 reproborum,
3072 2713 3293 2760 sanctus
3320 2705 3433 2774 ipse
3469 2701 3682 2773 Grego-

2098 2800 2213 2853 rius
2245 2799 2299 2853 in
2348 2799 2433 2854 his
2455 2798 2614 2854 dictis
2648 2796 2932 2851 moralium
2970 2796 3238 2865 loquitur:
3282 2809 3391 2849 non
3417 2794 3573 2849 enim
3609 2793 3679 2847 ab

2098 2888 2310 2945 inferno
2336 2890 2549 2943 rediens
2585 2888 2847 2943 Dominus
2896 2887 3097 2942 electos
3123 2886 3281 2940 simul
3317 2895 3372 2941 et
3415 2887 3681 2954 reprobus

2097 2983 2286 3049 traxit,
2312 2983 2415 3039 sed
2445 2982 2534 3037 ille
2559 2982 2752 3037 exinde
2777 2982 2959 3037 omnia
2988 2979 3263 3045 substulit,
3286 2993 3428 3048 quae
3454 2978 3563 3031 sibi
3594 2978 3682 3031 in-

2098 3073 2339 3129 haesisse
2365 3073 2673 3143 praescivit.
2707 3073 2810 3127 Per
2836 3072 3031 3127 Oscam
3063 3071 3381 3141 prephetam
3414 3067 3681 3122 Dominus

2098 3162 2231 3218 dicit
2255 3182 2269 3218 :
2293 3178 2388 3218 ero
2417 3178 2565 3217 mors
2590 3170 2705 3227 tua,
2728 3176 2762 3218 ο
2791 3176 2959 3226 mors,
2987 3175 3082 3216 ero
3106 3174 3322 3215 morsus
3348 3165 3479 3213 tuus
3509 3155 3679 3212 infer-

2095 3269 2184 3309 ne.
2209 3253 2361 3323 Quod
2382 3254 2525 3308 eaim
2556 3254 2852 3309 occidimus
2878 3254 3087 3324 agimus
3108 3259 3167 3306 ut
3190 3250 3407 3321 penitus
3432 3266 3543 3305 non
3570 3250 3674 3313 sit;

2094 3357 2159 3398 ex
2197 3357 2264 3398 eo
2312 3344 2455 3399 enim
2484 3344 2629 3412 quod
2677 3343 3001 3406 mordemus,
3037 3348 3246 3412 partem
3299 3340 3678 3394 abstrahimus

2091 3445 2411 3507 partemque
2450 3437 2824 3508 relinquimus.
2868 3434 3002 3502 Quia
3038 3451 3164 3505 ergo
3213 3435 3267 3488 in
3314 3433 3508 3488 electis
3561 3432 3681 3486 suis

2091 3527 2338 3583 funditus
2377 3529 2628 3583 dominus
2648 3527 2849 3583 occidit
2892 3534 3142 3591 mortem,
3174 3540 3322 3580 mors
3360 3524 3561 3579 mortis
3580 3539 3674 3578 ex-

2090 3620 2229 3674 stitit
2253 3635 2267 3685 ;
2292 3619 2418 3690 quia
2446 3634 2578 3674 vero
2604 3635 2669 3674 ex
2694 3618 2904 3673 inferno
2930 3626 3141 3688 partem
3167 3615 3387 3671 abstulit
3432 3624 3675 3686 partem-

2088 3726 2196 3784 que
2217 3713 2437 3784 reliquit
2458 3754 2472 3777 ,
2504 3728 2609 3767 non
2652 3712 2850 3767 occidit
2885 3711 3125 3765 funditus
3148 3710 3240 3765 sed
3272 3706 3575 3764 momordit
3595 3708 3673 3762 in—

2088 3806 2324 3861 fernum.
2355 3806 2497 3875 Ergo
2523 3805 2697 3874 inquit
2715 3818 2862 3859 mors
2893 3811 2982 3858 tua
3009 3817 3043 3857 o
3070 3802 3291 3865 mors,i.
3311 3816 3364 3856 e.
3396 3801 3451 3855 in
3482 3798 3672 3854 electis

2088 3898 2225 3952 meis
2239 3905 2292 3952 te
2329 3896 2572 3952 funditus
2594 3896 2822 3965 perime.
2869 3893 2976 3948 Ero
3000 3908 3214 3948 morsus
3245 3900 3393 3956 tuus,
3431 3888 3664 3949 inferne,

2086 3986 2212 4057 quia
2234 3987 2462 4043 sublatis
2484 3987 2564 4042 eis
2592 3996 2643 4041 te
2667 4002 2734 4041 ex
2762 3993 2916 4056 parte
2944 3982 3224 4054 transﬁgo.

2155 4101 2209 4156 4.
2248 4101 2401 4170 Quod
2424 4102 2597 4156 sancti
2620 4101 2710 4169 qui
2750 4116 2871 4155 curn
2919 4100 3142 4155 Christo
3167 4105 3526 4152 surrexerunt
3555 4096 3665 4167 glo-

2084 4192 2248 4257 riosa,
2268 4192 2303 4245 i.
2330 4206 2379 4247 e.
2414 4191 2677 4262 spiritalia
2696 4190 2935 4259 percepti
2965 4196 3352 4257 suntcorpora,
3371 4186 3556 4256 qualia
3573 4201 3667 4241 nos

2082 4291 2403 4352 excepturos
2426 4282 2480 4336 in
2501 4280 2680 4335 futura
2713 4279 3111 4335 resurrectione
3165 4285 3526 4348 expectamus
3552 4291 3664 4331 om-

2082 4375 2165 4428 nis
2204 4372 2504 4427 catltolicus
2543 4387 2648 4426 non
2703 4371 2927 4441 ambigit
2978 4369 3198 4424 crelcre
3219 4376 3274 4422 et
3314 4368 3657 4437 praedicare.

395 4446 487 4502 “is
514 4448 678 4501 homo
706 4445 953 4516 quamvis
981 4445 1215 4500 mundae
1250 4446 1618 4519 probataeque
1644 4450 1789 4505 "me
1815 4449 1979 4505 τυθτίῑ
2010 4482 2054 4535 ι)
2081 4462 2216 4518 Nam
2246 4463 2370 4518 dum
2401 4464 2466 4517 de
2510 4462 2623 4532 ipsa
2656 4462 3052 4517 resurrectione
3086 4459 3384 4529 Gregorius
3413 4459 3662 4514 beatissi-

395 4543 525 4591 ante
547 4537 834 4591 adventum
886 4535 1201 4590 mediatoris
1222 4535 1317 4591 Dci
1348 4544 1405 4591 et
1431 4539 1667 4594 hominis
1687 4540 1752 4594 ad
1785 4540 1979 4598 inferni

393 4627 630 4683 claustra
684 4627 1013 4684 descendere
1064 4626 1285 4682 dubium
1317 4644 1425 4683 non
1454 4638 1539 4684 est
1563 4671 1576 4693 ,
1610 4647 1775 4701 quum
1818 4633 1981 4688 homo

393 4721 486 4790 qui
515 4736 614 4791 per
643 4736 701 4776 se
725 4720 939 4786 cecidit,
966 4735 1065 4791 per
1092 4735 1150 4775 se
1170 4721 1237 4775 ad
1263 4722 1505 4790 paradisi
1526 4723 1767 4792 requiem
1804 4725 1981 4780 redire

393 4826 503 4868 non
526 4811 721 4881 potuit,
771 4812 875 4866 nisi
905 4810 1113 4865 veniret
1170 4810 1260 4867 ille
1287 4812 1378 4881 qui
1418 4826 1550 4867 suae
1592 4814 1980 4869 incarnationis

390 4901 653 4975 mysterio
675 4900 913 4971 ejusdem
934 4902 1089 4956 nobis
1111 4901 1349 4971 paradisi
1392 4902 1496 4957 iter
1536 4903 1793 4973 aperiret.
1820 4903 1976 4960 Unde

388 5000 542 5051 recte
586 4992 781 5047 beatus
833 4988 934 5044 Job
969 4990 1254 5046 Dominum
1300 4994 1538 5062 postulat
1583 4994 1769 5049 dicens
1802 5012 1814 5048 :
1844 4996 1975 5065 quis

386 5087 522 5144 mihi
549 5085 756 5142 tribuat
783 5095 843 5141 ut
865 5084 1080 5140 inferno
1107 5093 1360 5159 protegas
1385 5103 1493 5154 me,
1519 5087 1807 5143 Psalmista
1836 5104 1973 5159 quo-

385 5194 492 5248 que
519 5177 596 5233 ait
628 5195 642 5232 :
667 5175 913 5248 eripuisti
938 5176 1175 5231 animam
1194 5192 1369 5232 meam
1397 5193 1464 5232 ex
1493 5178 1707 5234 inferno
1738 5177 1968 5235 inferio-

384 5271 529 5325 ri.—
549 5268 683 5325 Item
709 5270 852 5340 ipse:
887 5268 1091 5325 Omnes
1113 5268 1269 5324 electi
1299 5271 1391 5339 qui
1430 5278 1556 5326 ante
1587 5270 1975 5328 adventumre-

382 5360 680 5431 demptoris
707 5362 876 5416 nostri
898 5368 1166 5416 venerunt
1194 5361 1249 5415 in
1285 5361 1390 5416 hoc
1413 5360 1612 5417 mundo
1640 5365 1967 5432 quantumli-

380 5449 472 5504 bet
500 5450 759 5506 virtutum
775 5450 1128 5523 iustitiaeque
1158 5451 1401 5515 aberent,
1434 5467 1465 5507 e
1493 5453 1809 5523 corporibus
1835 5454 1967 5510 edu-

380 5540 452 5595 cti
477 5542 531 5596 in
555 5541 677 5596 sinu
730 5542 984 5598 caelestis
1011 5543 1222 5614 patriae
1268 5544 1453 5600 statim
1502 5545 1650 5600 nullo
1685 5544 1845 5600 modo
1868 5560 1963 5600 oo-

454 5660 476 5688 ο
507 5647 564 5702 id
595 5658 679 5704 est
705 5650 940 5705 haereses
968 5666 1060 5704 seu
1087 5667 1321 5709 errores.

2080 4570 2203 4609 mus
2237 4562 2477 4607 sanctam
2525 4567 2899 4607 romanenscm
2951 4549 3235 4606 ecclesiam
3277 4550 3366 4603 vel
3396 4564 3496 4619 per
3543 4563 3659 4603 eam

2078 4645 2383 4698 universam
2421 4644 2732 4698 institueret
2764 4643 2818 4696 in
2847 4642 3039 4697 omelia
3061 4641 3234 4713 prima
3264 4638 3389 4695 libri
3440 4638 3661 4695 secundi

2078 4738 2152 4791 ita
2198 4734 2394 4790 affatur
2421 4754 2434 4789 :
2467 4735 2629 4791 Forte
2670 4752 2700 4789 a
2726 4750 2785 4790 se
2817 4734 3015 4804 aliquis
3039 4733 3217 4790 dicat:
3251 4732 3379 4802 jure
3408 4731 3657 4787 Christus

2078 4826 2316 4883 surrexit
2343 4826 2576 4896 quicum
2609 4826 2753 4881 Deus
2784 4834 2927 4880 esset
2960 4827 3131 4881 teneri
3176 4840 3206 4878 a
3236 4835 3409 4880 morte
3436 4841 3542 4879 non
3568 4839 3657 4895 pn-

2078 4918 2180 4973 tuit
2208 4934 2222 4982 ;
2253 4917 2318 4971 ad
2349 4916 2719 4971 instruendam
2751 4931 2883 4987 ergo
2913 4916 3272 4986 ignorantiam
3298 4924 3560 4979 nostram,
3591 4914 3656 4967 ad

2075 5005 2532 5061 corroborandam
2567 5005 2937 5059 infirmitatem
2956 5013 3193 5059 nostram
3217 5020 3346 5059 suae
3372 5019 3651 5059 resurrec-

2076 5096 2239 5153 tionis
2261 5096 2565 5167 cxemplum
2613 5093 2859 5152 sufﬁcere
2896 5096 3089 5160 noluit,
3126 5095 3272 5151 solus
3301 5096 3354 5150 in
3400 5096 3493 5150 illo
3522 5104 3654 5149 tem-

2074 5204 2206 5259 pore
2236 5196 2481 5243 mortuus
2510 5196 2593 5242 est
2618 5196 2672 5242 et
2702 5196 2881 5242 tamen
2931 5188 3079 5243 solus
3122 5187 3347 5242 minime
3389 5186 3645 5243 surrexit.

2074 5278 2207 5333 Nam
2241 5280 2500 5349 scriptum
2533 5286 2659 5332 est:
2709 5277 2878 5332 multa
2917 5290 3142 5347 corpora
3177 5283 3489 5331 sanctomm
3513 5317 3528 5338 ,
3559 5275 3649 5344 qui

2073 5370 2407 5423 dormierant
2456 5378 2849 5432 surrexerunt;
2907 5367 3083 5421 ablata
3135 5375 3261 5421 sunt
3286 5381 3420 5439 ergo
3469 5366 3646 5421 omnia

2072 5468 2389 5531 argumenta
2411 5459 2689 5529 perﬁdiae.
2732 5456 2811 5514 Ne
2836 5458 2956 5529 quis
2980 5458 3124 5512 enim
3170 5459 3310 5513 dicat
3340 5470 3560 5529 sperare
3583 5457 3647 5510 de
3674 5532 3679 5535 _

2070 5565 2128 5605 se
2157 5566 2259 5605 non
2289 5551 2445 5605 debet
2473 5551 2655 5614 homo,
2685 5551 2828 5620 quod
2857 5549 2910 5603 in
2938 5564 3102 5603 carne
3124 5565 3219 5603 sua
3252 5549 3464 5605 exibuit
3486 5548 3644 5605 homo

453 5711 482 5755 ι
511 5716 644 5772 Nota
675 5719 908 5790 margini
946 5723 1176 5790 eseripta
1200 5724 1386 5777 addit:
1420 5724 1509 5778 sed
1536 5741 1642 5777 e‘sc
1686 5727 1954 5795 superiora
1989 5724 2180 5794 inferni
2211 5726 2347 5792 (ora,
2387 5726 2492 5780 alia
2524 5744 2632 5781 esse
2662 5728 2917 5797 inferiora
2941 5728 3253 5781 credendum
3286 5740 3360 5782 est
