3968 6180
242 376 377 432 1:237

1267 342 1580 431 ascanio:
1617 372 1706 428 nr
1744 348 2090 430 russam
2122 369 2512 428 meram.

3370 379 3506 434 1233

240 492 407 551 Deus,
436 502 565 543 ecce
594 500 715 542 cum
742 486 852 541 Dea
878 486 1125 542 homines
1174 486 1541 542 resurrexisse
1566 486 1818 558 cognobi-
1848 484 1897 544 Α
1926 489 2336 536 resurrcxerunt
2361 488 2416 536 et
2441 486 2805 552 apparuerunt
2830 480 3011 539 multis
3032 492 3086 543 et
3113 482 3509 553 ingressi’sunt

238 594 380 645 mus,
408 584 463 632 et
489 592 626 647 quos
656 593 819 646 puros
858 578 1103 633 homines
1130 593 1238 632 non
1268 577 1599 632 dubitamus.
1634 578 1692 633 Si
1722 579 1822 649 igi-

238 677 328 721 tur
346 665 592 721 membra
619 666 974 736 redemptoris
996 669 1166 722 nostri
1190 683 1396 733 smnus,
1414 683 1821 737 praesumamus

237 761 293 815 in
324 759 484 813 nobis
506 758 649 828 quod
679 768 888 829 gestum
920 768 1132 815 constat
1177 759 1230 814 in
1255 761 1432 831 capite
1458 778 1474 825 ;
1519 761 1562 815 si
1594 758 1821 815 multum

238 867 335 906 nos
364 849 666 922 abiecimus
699 868 918 923 sperare
974 852 1231 909 debemus
1254 854 1306 909 in
1338 854 1493 910 nobis
1528 869 1628 910 nos
1652 870 1823 910 mem-

234 944 335 999 bra
359 944 552 999 ultima
578 944 722 1014 quod
761 946 826 1001 de
868 945 1127 1001 membris
1163 948 1280 1017 ejus
1325 946 1697 1018 superioribus
1727 964 1820 1002 au-

236 1034 494 1088 divimus.
545 1034 689 1091 Haec
723 1042 853 1090 sunt
893 1036 1035 1092 illius
1077 1037 1403 1092 sanctissimi
1452 1039 1639 1093 verba.
1684 1037 1820 1092 Dum

236 1125 371 1182 dicit
391 1143 491 1183 nos
524 1128 766 1182 membra
794 1127 979 1183 ultima
1028 1128 1184 1183 talem
1218 1144 1436 1200 sperare
1467 1131 1823 1186 resurrectio-

234 1234 362 1273 nem
386 1217 604 1288 qualem
631 1219 999 1273 habueruntet
1023 1219 1118 1283 illi,
1144 1227 1329 1291 aperte
1352 1236 1449 1275 nos
1475 1220 1823 1290 instruitglo—

236 1310 441 1365 riosam
496 1310 615 1364 illos
647 1310 684 1364 i.
734 1326 783 1365 e.
835 1311 1166 1379 spiritualem
1222 1312 1523 1381 suscepisse
1577 1327 1818 1377 carnem,

236 1400 457 1468 qualem
494 1401 546 1455 in
580 1399 759 1456 futuro
794 1417 892 1455 nos
929 1404 1203 1472 accepturi
1237 1402 1458 1458 erimus.
1516 1402 1631 1457 Non
1675 1404 1820 1457 enim

236 1492 324 1546 iile
354 1493 457 1546 nisi
486 1492 552 1548 de
581 1492 758 1548 futura
789 1492 1113 1564 loquebatur
1138 1496 1556 1550 resurrectione.

305 1580 359 1636 5.
398 1581 537 1650 Quia
564 1578 861 1652 glariﬁcata
886 1583 1101 1637 illarum
1144 1591 1456 1639 sanctarum
1484 1626 1499 1648 ,
1539 1586 1604 1639 de
1626 1584 1822 1654 quibus

236 1672 468 1741 agimus,
515 1684 866 1727 surrexerunt
920 1689 1147 1751 corpora
1197 1674 1250 1728 in
1292 1673 1512 1727 oracula
1560 1676 1822 1745 septimae

236 1763 449 1818 sabbati
501 1764 603 1819 hac
630 1763 881 1820 tubarum
926 1767 1158 1835 paschae
1202 1768 1273 1821 ita
1310 1766 1503 1823 affatus
1534 1776 1616 1823 est
1646 1786 1656 1822 ι
1686 1769 1819 1824 San-

1926 580 2170 628 sanctam
2227 572 2521 628 civitatem.
2576 572 2776 627 Illama
2831 575 3107 644 apostolus
3159 577 3334 632 dicit:
3369 594 3510 648 quae

1923 678 2113 717 verum
2134 678 2349 719 sursum
2371 671 2453 719 est
2474 652 2811 719 Jherusalem
2836 664 3005 720 libera
3028 674 3128 733 est,
3162 682 3305 736 quae
3335 676 3510 725 mater

1923 753 2163 808 omnium
2194 761 2524 808 nostrorum.
2553 753 2705 810 Unde
2726 765 2780 809 et
2800 753 2904 810 Ose
2939 758 3199 828 propheta
3226 774 3291 813 ex
3313 775 3505 830 persa-

1923 859 1993 898 na
2022 858 2209 899 eorum
2234 843 2364 901 dicit
2395 863 2407 899 :
2438 846 2651 900 sanavit
2676 861 2775 900 nos
2796 856 2919 917 post
2943 849 3186 915 biduum,
3210 850 3298 906 die
3317 867 3504 908 verum

1923 935 2079 988 tertia
2108 936 2440 1006 resurgimus
2467 944 2523 991 et
2538 936 2772 993 vibimus
2798 938 2851 992 in
2874 948 3165 1010 conspectu
3191 940 3327 1011 ejus.

1996 1024 2047 1078 7.
2079 1025 2156 1081 Dc
2185 1026 2372 1081 eadem
2397 1020 2736 1082 Jherusalem
2778 1037 2839 1083 ut
2866 1039 3100 1099 utraque
3142 1031 3512 1107 intelligamus

1922 1115 2212 1171 caelestem
2238 1124 2399 1185 atque
2451 1125 2742 1173 terrenam.
2789 1120 2864 1174 De
2894 1119 2978 1174 his
3009 1130 3229 1175 sanctus
3268 1120 3513 1178 Jlieroni-

1925 1220 2047 1259 mus
2070 1204 2474 1259 bethlemiticae
2520 1205 2782 1261 ecclesiae
2812 1210 3001 1264 doctor
3034 1220 3089 1265 et
3131 1213 3414 1285 presbyter
3453 1215 3506 1269 in

1923 1292 2065 1348 libro
2115 1303 2309 1362 quarto
2351 1295 2810 1350 comentariarum
2864 1300 3167 1369 expositum
3211 1303 3509 1356 secundum

1925 1384 2255 1441 Matthaeum
2294 1387 2369 1441 ita
2408 1395 2500 1458 ayt
2532 1406 2544 1441 :
2580 1385 2840 1444 Sanctam
2862 1392 3159 1456 civitatem,
3191 1393 3242 1446 in
3272 1409 3379 1463 qua
3406 1394 3509 1449 visi

1924 1483 2049 1532 sunt
2088 1486 2439 1549 resurgentes
2465 1487 2558 1533 aut
2587 1478 2888 1536 Jerusalem
2918 1482 3205 1538 caelestem
3239 1485 3507 1558 intelliga-

1924 1584 2066 1635 mus,
2100 1578 2194 1624 aut
2232 1571 2373 1625 hanc
2401 1578 2673 1627 terrenam
2726 1588 2867 1643 quae
2905 1581 3031 1628 ante
3081 1582 3267 1630 sancta
3308 1575 3505 1642 fuerat,

1924 1673 2063 1728 quae
2085 1659 2154 1713 ob
2202 1660 2254 1714 id
2287 1668 2470 1715 sancta
2500 1660 2890 1731 appellabatur,
2919 1671 3141 1734 propter
3170 1663 3427 1735 templum
3455 1675 3511 1719 et

1925 1760 2172 1808 sanctum
2204 1761 2533 1808 sanctarum.
2563 1752 2715 1821 Quod
2740 1764 2921 1810 autem
2948 1754 3080 1810 dicit
3106 1774 3125 1807 ‹
3145 1767 3510 1826 apparuerunt

236 1864 448 1909 ciorum
486 1870 712 1925 corpora
740 1855 1009 1911 viviﬁcam
1048 1867 1381 1928 consurgunt
1420 1879 1431 1912 ς
1464 1858 1813 1925 εὼἰιειουιυιῃ,
1847 1861 1894 1920 Β
1926 1850 2163 1915 multis,»
2196 1843 2500 1905 ostenditur
2528 1865 2635 1905 non
2665 1850 2933 1923 generalis
2970 1851 3138 1907 fuisse
3180 1854 3510 1910 resurrectio

236 1947 382 2016 quod
426 1948 701 2018 paulisper
744 1948 990 2019 jacuerat
1040 1954 1210 2023 surgit
1261 1953 1517 2026 gloriosa.
1570 1952 1707 2009 Item
1760 1956 1813 2009 in

234 2029 424 2090 eadem
452 2038 752 2093 ebdomada
790 2049 982 2110 quarta
1008 2044 1217 2098 sabbati
1243 2062 1255 2097 :
1302 2044 1443 2099 sicut
1465 2045 1593 2099 olim
1621 2053 1673 2101 te
1700 2040 1818 2102 ma-

236 2128 416 2183 riente
449 2137 659 2185 mortua
691 2147 918 2202 corpora
945 2143 1318 2197 surrexerunt,
1369 2135 1439 2189 ita
1466 2151 1609 2191 nunc
1629 2136 1684 2191 in
1714 2136 1819 2193 hac

233 2219 657 2275 resurrectionis
694 2227 817 2276 tuae
859 2220 1150 2277 festivitate
1180 2241 1193 2290 ;
1225 2224 1419 2294 sepulti
1445 2225 1501 2279 in
1541 2212 1833 2299 aeternam

232 2308 482 2376 requiem
512 2308 910 2366 transferuntur
935 2322 987 2368 et
1009 2313 1055 2368 si
1078 2328 1307 2383 corpora
1331 2324 1686 2371 surrexerunt
1711 2333 1818 2387 qua

233 2397 418 2454 fronte
466 2410 526 2456 ut
558 2403 695 2473 aytis
725 2403 935 2459 animas
969 2406 1231 2459 adserunt
1260 2407 1642 2475 resurrexisse,
1691 2408 1819 2463 dum

233 2491 421 2546 anima
452 2492 753 2549 substantia
784 2495 1045 2565 spiritalis
1075 2495 1145 2550 sit
1172 2498 1226 2551 et
1249 2496 1583 2566 incorporea.
1622 2497 1734 2575 Aut
1771 2499 1819 2553 si

234 2594 469 2650 corpora
500 2593 553 2638 et
601 2596 704 2639 non
736 2584 1033 2656 gloriﬁcata
1082 2595 1455 2652 surrexerunt,
1491 2588 1725 2658 qualiter
1756 2604 1821 2643 ea

233 2669 489 2725 adstruat
531 2672 726 2727 iterum
762 2683 820 2728 ut
867 2674 1133 2729 Lazarum
1176 2677 1520 2731 moriturum.
1574 2675 1727 2733 Sicut
1754 2678 1827 2733 ad

231 2765 337 2818 hac
372 2763 426 2817 in
465 2765 652 2818 eadem
688 2766 984 2821 ebdomada
1012 2776 1165 2822 sexta
1186 2768 1395 2829 sabbati
1424 2770 1490 2824 de
1512 2770 1691 2840 ipsum
1715 2787 1825 2827 meo

234 2851 530 2926 tninit‘qui
550 2858 673 2912 dam
691 2859 803 2929 jam
832 2859 972 2913 dicta
994 2901 1007 2924 ,
1040 2859 1270 2931 gloriosa
1302 2859 1568 2915 vibiﬁcata
1595 2877 1821 2932 corpora

228 2946 555 3018 perenniter
599 2957 972 3020 regnaturum,
1000 2965 1188 3006 eorum
1219 2967 1434 3024 quoque
1482 2952 1826 3024 suifraganti—

231 3037 336 3093 bus
364 3039 576 3093 meritis
602 3039 695 3109 qui
731 3056 851 3095 cum
883 3040 1046 3095 unica
1092 3040 1203 3095 tilio
1235 3048 1327 3096 tua
1365 3042 1467 3098 sibi
1508 3051 1822 3098 meruerunt

230 3143 528 3199 resurgere
549 3130 614 3184 de
653 3129 912 3201 sepulcris
936 3133 1223 3187 concordia
1246 3133 1300 3188 in
1331 3133 1485 3189 nobis
1527 3134 1705 3205 vigeat
1731 3151 1822 3190 ea-

1921 1952 2059 2010 Quae
2089 1942 2343 1996 omnibus
2385 1951 2691 2012 appareret,
2725 1942 2819 1998 sed
2855 1944 3104 2013 specialis
3134 1944 3200 1998 ad
3244 1932 3508 2015 plurimos

1919 2041 1981 2086 ut
2008 2032 2044 2087 ii
2088 2032 2334 2087 viderent
2376 2032 2468 2103 qui
2498 2048 2724 2088 cernere
2756 2036 3124 2090 merebantur.
3179 2033 3321 2091 llaec
3370 2044 3504 2091 sunt

1920 2124 2064 2180 dicta
2092 2125 2237 2182 beati
2265 2123 2580 2179 Jheronimi.
2613 2124 2788 2193 Quum
2817 2141 2945 2196 ergo
2967 2127 3021 2181 in
3046 2135 3276 2196 utraque
3305 2126 3496 2183 Jhcru—

1921 2215 2091 2272 salem
2124 2232 2223 2271 nos
2243 2215 2543 2284 intelligere
2573 2216 2764 2271 maluit
2796 2216 3010 2272 visuros
3039 2226 3312 2273 terrenam
3337 2226 3500 2287 atque

1921 2308 2234 2374 caelestem,
2260 2324 2360 2364 cur
2386 2309 2475 2365 isti
2516 2310 2876 2365 eantemtiase
2919 2310 3210 2366 caelestem
3239 2311 3361 2367 illos
3412 2328 3504 2367 nes

1922 2405 2052 2471 gant
2085 2400 2420 2455 ascendere?
2454 2398 2803 2469 Nequaquam
2828 2401 2974 2454 enim
3015 2409 3076 2456 ut
3102 2401 3390 2458 caelestem
3421 2404 3503 2457 in-

1898 2483 2289 2560 'telligeremus
2311 2490 2541 2558 diceret,
2579 2490 2637 2545 “si
2688 2491 2743 2545 in
2767 2490 3070 2563 gloriﬁcata
3121 2508 3285 2549 carne
3306 2509 3398 2550 eos
3427 2510 3508 2549 re-

1921 2581 2232 2637 surrexisse
2266 2572 2507 2652 negaret.

1994 2674 2047 2728 8.
2078 2672 2233 2740 Quod
2272 2690 2380 2728 non
2419 2688 2610 2729 omnes
2639 2675 2811 2731 sancti
2841 2690 2979 2745 quas
3030 2676 3096 2732 ab
3134 2673 3332 2732 inferni
3363 2677 3510 2734 clau—

1920 2765 2206 2820 striseruit
2224 2765 2472 2821 Christus
2494 2766 2548 2820 in
2573 2780 2737 2821 carne
2764 2774 3200 2833 resurrcxerunt,
3225 2768 3320 2823 sed
3346 2768 3499 2826 multi

1922 2862 1982 2908 ut
2027 2860 2273 2909 sanctum
2331 2854 2667 2925 evangelium
2709 2862 2818 2927 ayt.
2867 2854 3188 2912 Ambrosius
3252 2868 3511 2929 praecep—

1923 2951 2013 2998 tor
2044 2943 2333 3016 Augustini
2364 2945 2420 2999 in
2442 2947 2692 3002 doemate
2713 2946 2918 3003 Christi
2944 2948 2999 3002 in
3028 2947 3279 3004 homeliis
3300 2948 3515 3005 exameo'

1927 3053 2026 3092 ron
2050 3037 2125 3091 ita
2153 3037 2391 3107 loquitur
2417 3053 2431 3090 :
2464 3037 2597 3093 Pars
2628 3039 2892 3108 quaedam
2922 3040 3267 3109 antiquorum
3294 3048 3511 3110 patrum

1924 3146 2050 3186 cum
2080 3129 2298 3186 Christo
2324 3130 2378 3184 in
2410 3145 2574 3185 carne
2600 3130 2836 3202 resurgit
2862 3172 2879 3197 ,
2909 3139 2970 3186 ut
2996 3140 3183 3188 nostra
3206 3132 3512 3189 resurectia

228 3218 420 3276 ritatis
446 3229 502 3275 et
523 3222 567 3276 si
595 3236 694 3292 pro
723 3223 879 3279 nobis
905 3222 1268 3295 suﬁ‘ragantur
1285 3231 1340 3279 et
1374 3241 1403 3279 a
1424 3241 1532 3295 quo
1556 3233 1682 3280 sunt
1701 3242 1819 3282 sus—
1844 3223 1893 3287 C
1922 3223 2124 3290 absque
2141 3220 2496 3292 ambiguitate
2524 3219 2773 3276 veniente
2797 3219 2994 3275 iterum
3026 3220 3119 3276 illo
3139 3221 3370 3277 abanter
3390 3235 3510 3293 spe-

234 3314 408 3378 citati,
427 3330 600 3384 quare
613 3330 720 3370 non
736 3316 1060 3371 erubescunt
1075 3316 1300 3386 improbi
1331 3317 1511 3371 dicere
1533 3332 1626 3391 eos
1646 3327 1821 3376 morte

233 3405 479 3460 secunda
514 3406 804 3476 gustasse?

302 3495 357 3549 6.
400 3494 539 3561 Quia
563 3493 862 3550 Jerusalem
887 3496 979 3551 ubi
1025 3497 1125 3551 visi
1149 3504 1274 3551 sunt
1307 3497 1384 3562 hi,
1415 3497 1649 3567 quicum
1672 3498 1826 3555 Chri-

231 3594 317 3640 sto
345 3588 773 3639 resurrexer‘uut
794 3584 1081 3639 caelestem
1113 3585 1256 3639 illam
1281 3586 1538 3641 debemus
1565 3587 1826 3659 intellige-

232 3692 312 3732 re.
340 3676 400 3730 In
425 3676 619 3730 eadem
664 3677 838 3731 adhuc
859 3676 970 3746 jam
1002 3685 1354 3732 memoratam
1384 3679 1741 3735 ebdomadam
1770 3681 1823 3736 in

232 3766 401 3820 tertia
454 3764 664 3819 sabbati
693 3765 833 3821 sicut
860 3767 1110 3837 superius
1155 3767 1267 3822 dixi
1299 3769 1352 3823 in
1381 3770 1603 3825 oracula
1643 3784 1705 3826 ea
1732 3788 1825 3843 pec

232 3852 358 3911 titio
388 3872 533 3927 quae
560 3872 658 3927 pro
685 3857 929 3912 aratione
958 3857 1228 3913 dominica
1253 3859 1451 3914 dicitur
1482 3861 1563 3915 sic
1587 3860 1821 3918 aﬁatur:

233 3949 302 4003 ad
367 3948 672 4003 terribilem
705 3956 921 4004 tronum
974 3949 1164 4004 altaris
1211 3966 1374 4007 cursu
1421 3954 1633 4009 concita
1672 3963 1828 4024 pater

230 4038 583 4107 omnipotens
602 4045 957 4108 properantes
979 4055 1231 4110 rogamus
1251 4048 1311 4095 ut
1334 4042 1575 4097 omnium
1599 4053 1825 4114 peccata

230 4129 248 4182 l
286 4129 496 4184 bentur
528 4137 581 4183 et
610 4131 665 4183 in
689 4129 1057 4201 indulgentiali
1078 4139 1312 4202 ungento
1335 4149 1456 4189 esse
1473 4135 1827 4193 ecclesiastici

231 4222 486 4291 corporis
509 4222 827 4277 solidentur.
862 4222 979 4291 Qua
1007 4226 1278 4295 possimus
1300 4226 1504 4283 nostris
1523 4243 1645 4283 cum
1668 4245 1829 4285 rena-

229 4313 303 4365 tis
343 4310 644 4366 infantibus
676 4313 945 4383 respirare
962 4322 1015 4369 et
1039 4331 1161 4370 cum
1199 4317 1427 4373 mortuis
1472 4319 1743 4374 suscitatis
1772 4319 1828 4375 in

227 4398 577 4457 Jberusalem
591 4405 880 4459 caelestem
900 4405 1247 4461 medullatum
1271 4415 1547 4477 portantes
1565 4409 1827 4466 sacriﬁcia

227 4493 491 4550 introire.
515 4525 587 4535 —
612 4493 748 4549 Item
789 4496 1135 4553 beatissimus
1160 4497 1489 4556 Heronimus
1522 4503 1577 4556 in
1600 4501 1823 4575 epistola

1924 3321 2043 3367 retu
2051 3327 2095 3365 ι’.

1994 3407 2047 3462 9.
2073 3407 2148 3462 De
2178 3421 2241 3461 eo
2284 3406 2426 3476 quod
2476 3407 2529 3460 in
2561 3405 2895 3476 apocalipsin
2929 3406 3126 3460 dicitur
3151 3407 3287 3461 haec
3333 3421 3509 3461 resur-

1923 3497 2093 3561 rectio
2124 3496 2302 3568 prima
2344 3505 2399 3553 et
2434 3506 2633 3553 cetera.
2677 3496 3025 3554 Jlteronimus
3058 3498 3509 3570 Victarianusque

1925 3588 1997 3643 ita
2023 3596 2191 3658 ayunt
2219 3605 2232 3641 :
2267 3586 2585 3642 Resurectio
2622 3587 2796 3656 prima
2836 3602 2982 3641 nunc
3010 3594 3095 3641 est
3136 3602 3235 3657 per
3262 3586 3422 3642 ﬁdem
3453 3587 3509 3642 in

1924 3679 2102 3733 anima
2128 3693 2252 3733 cum
2282 3693 2387 3748 qua
2429 3677 2740 3746 pervenitur
2774 3678 2840 3733 ad
2867 3677 3201 3748 baptismum
3229 3679 3511 3735 absolutus

1926 3772 1992 3825 ab
2025 3768 2275 3841 originali
2327 3777 2555 3838 peccato
2590 3768 2845 3823 introitus
2893 3768 2949 3822 in
2982 3784 3205 3839 regnum
3236 3769 3351 3825 Dei.
3402 3770 3512 3825 Re-

1926 3877 2091 3931 gnum
2126 3860 2314 3929 utique
2344 3875 2451 3915 non
2480 3859 2653 3914 solum
2684 3857 2815 3913 illud
2842 3860 2988 3928 quod
3036 3859 3152 3914 sine
3183 3858 3288 3915 ﬁne
3311 3875 3504 3931 perpe-

1924 3956 2077 4004 tuum
2107 3949 2310 4005 sanctis
2329 3949 2454 4015 erit,
2486 3951 2655 4004 sedet
2680 3963 2825 4003 nunc
2850 3949 2904 4003 in
2931 3964 3039 4019 quo
3066 3949 3316 4005 Christus
3346 3951 3398 4004 in
3424 3965 3506 4006 ec-

1926 4038 2089 4093 clesia
2118 4038 2381 4094 catholica
2414 4044 2625 4108 regnat.
2679 4037 2828 4104 Quae
2856 4039 3185 4093 resurrectio
3231 4054 3338 4094 non
3386 4056 3509 4109 per-

1926 4131 2096 4185 mittit
2142 4130 2394 4185 homines
2428 4129 2661 4183 transire
2689 4128 2755 4182 ad
2811 4136 3038 4182 mortem
3090 4129 3401 4183 secundam.
3434 4128 3512 4184 De

1927 4220 2031 4274 hac
2077 4220 2473 4274 resurrectione
2519 4218 2649 4272 dicit
2688 4207 3075 4287 apostolusési
3134 4218 3510 4275 resurrexistis

1926 4325 2051 4365 cum
2075 4310 2313 4372 Christo,
2338 4320 2476 4379 quae
2499 4324 2713 4363 sursum
2736 4315 2862 4362 sunt
2886 4309 3155 4379 quaerite.

1998 4398 2087 4453 10.
2137 4398 2218 4453 Illi
2250 4413 2400 4464 vero,
2458 4398 2550 4468 qui
2585 4396 2964 4454 contradicunt
3016 4398 3302 4455 dicentes:
3342 4399 3510 4455 Nemo

1928 4489 2240 4545 aseenditin
2271 4488 2501 4553 coelum,
2531 4488 2635 4543 nisi
2663 4489 2752 4558 qui
2780 4489 3058 4545 descendit
3091 4491 3159 4546 de
3184 4490 3337 4546 caelo
3365 4491 3506 4546 ﬁlius

228 4584 298 4639 ad
331 4584 657 4640 Etiodomm
691 4602 790 4656 pro
813 4594 986 4642 morte
1008 4587 1289 4658 Nepotiani
1318 4592 1639 4663 presbyteri,
1680 4610 1819 4664 quae
1851 4574 1900 4636 Ι)
1923 4577 2176 4642 hominis,
2205 4576 2594 4649 legantlibrum
2624 4579 2768 4634 beati
2795 4578 2994 4635 Juliani
3020 4596 3126 4636 non
3151 4580 3384 4637 Pamerii
3411 4584 3505 4639 sed

224 4685 284 4730 ct
306 4674 577 4745 epitaﬁan
600 4683 844 4742 vocatur,
894 4677 1036 4733 inter
1061 4678 1163 4732 alia
1188 4679 1339 4748 plura
1365 4681 1443 4735 sic
1466 4697 1623 4737 orsus
1642 4692 1724 4737 est
1748 4684 1827 4738 di-

225 4777 363 4818 cere
396 4780 411 4816 :
441 4761 607 4816 Multa
643 4779 872 4834 corpora
899 4776 1209 4821 sanctorum
1235 4766 1619 4825 dormientium
1649 4788 1830 4827 resur-

226 4862 503 4911 rexerunt
523 4862 577 4910 et
592 4865 958 4925 apparuerunt
983 4857 1034 4910 in
1051 4866 1294 4912 sanctum
1311 4857 1647 4914 Jhernsalem
1664 4863 1834 4917 coele-

226 4955 402 5012 stem;
436 4956 490 5001 et
512 4954 641 5001 tunc
666 4946 942 5015 impletum
965 4955 1048 5001 est
1074 4947 1202 5001 illud
1224 4948 1494 5017 eulogium
1517 4967 1528 5001 :
1554 4966 1714 5019 surge
1734 4953 1827 5020 qui

226 5037 453 5093 dormis
501 5044 557 5091 et
588 5035 930 5091 inluminabit
973 5045 1024 5092 te
1068 5036 1336 5093 Christus.
1390 5037 1583 5092 Patent
1628 5048 1681 5093 et
1721 5040 1822 5094 alia

224 5129 399 5198 plura
431 5127 772 5182 diversorum
807 5128 1085 5182 doctarum
1125 5128 1189 5182 de
1220 5130 1321 5184 hac
1369 5145 1447 5195 re,
1489 5145 1627 5200 quae
1664 5135 1823 5187 modo

225 5238 345 5277 non
376 5230 508 5276 sunt
555 5220 733 5275 adlata
757 5221 960 5276 nostris
1007 5223 1405 5292 conspectibus.
1441 5221 1545 5276 Sed
1577 5238 1638 5278 ea
1685 5238 1822 5293 quae

227 5314 301 5367 ab
326 5323 596 5382 praesens
624 5312 958 5381 repperimus
984 5352 999 5376 ,
1033 5312 1077 5366 si
1101 5320 1155 5367 et
1190 5328 1359 5380 pauca
1390 5312 1527 5368 aduc
1582 5315 1825 5370 testimo-

227 5404 326 5456 nia
360 5401 708 5472 proi'cramus
732 5417 746 5466 ;
774 5400 966 5455 beatus
1011 5400 1237 5455 Rufinus
1280 5402 1561 5473 presbyter
1594 5403 1647 5456 in
1675 5418 1825 5458 com-

228 5491 533 5546 nientariis
568 5491 683 5547 suis
704 5492 948 5561 exposito
992 5492 1059 5545 de
1092 5492 1333 5562 symbolo
1386 5492 1460 5547 ita
1490 5494 1630 5549 inter
1668 5495 1821 5564 plura

227 5582 486 5653 loquitur
518 5601 532 5636 :
564 5582 739 5650 Quum
763 5582 1011 5637 Christus
1039 5583 1279 5638 surrexit
1298 5594 1643 5639 monumenta
1674 5600 1824 5656 aper-

225 5685 283 5729 ta
320 5680 478 5739 sunt,
526 5681 583 5729 et
612 5674 779 5729 multa
808 5689 1039 5743 corpora
1089 5683 1402 5731 sanctarum
1441 5676 1821 5733 dormientium
1860 5686 1894 5745 λ’

1926 4671 2167 4726 Toletani
2195 4671 2288 4740 qui
2334 4670 2603 4726 vocitatur
2630 4673 2972 4738 antieimena,
3006 4674 3098 4744 qui
3144 4683 3392 4746 patratus
3418 4685 3504 4731 est

1929 4768 1995 4821 de
2030 4766 2114 4821 bis
2142 4766 2303 4820 rebus
2327 4780 2467 4835 quae
2490 4766 2763 4821 contraria
2799 4766 2852 4821 in
2886 4765 3182 4837 Scripturis
3230 4777 3508 4834 resonant,

1930 4864 2024 4917 sed
2050 4876 2153 4916 non
2174 4861 2445 4917 contraria
2476 4860 2543 4914 ab
2568 4861 2652 4914 his
2674 4861 2767 4928 qui
2795 4860 2943 4930 vigili
2966 4876 3127 4916 sensu
3149 4858 3510 4932 Scriptorum,

1927 4956 1972 5008 si
1989 4954 2238 5008 mundam
2255 4953 2552 5022 inquirunt,
2576 4950 2921 5022 intelligenda
2942 4961 3089 5019 sunt,
3103 4954 3244 5009 sicut
3258 4954 3515 5024 suntplu-

1925 5062 2093 5115 raque
2121 5046 2241 5099 istis
2262 5045 2393 5099 latet
2411 5061 2424 5109 ;
2439 5051 2495 5098 et
2512 5052 2639 5098 tunc
2655 5050 2836 5097 tacere
2874 5045 3128 5100 studeant
3156 5054 3211 5101 et
3222 5060 3333 5101 non
3359 5045 3507 5114 loqui

1927 5151 2066 5206 quae
2095 5132 2499 5190 ncsciunt.-—Si
2516 5132 2844 5189 anticimena
2868 5134 3024 5190 abest
3044 5143 3265 5189 currant
3284 5135 3350 5188 ad
3363 5135 3509 5204 Agu-

1938 5228 2140 5283 stinum
2172 5235 2228 5281 et
2250 5225 2427 5295 ipsum
2459 5224 2737 5294 inquirant
2760 5225 2815 5279 in
2837 5224 2977 5280 libro
3015 5224 3368 5278 hameliarum
3388 5230 3511 5278 cata

1929 5320 2250 5384 Jhoannem,
2269 5325 2324 5373 et
2337 5317 2511 5387 ipsum
2530 5317 2674 5372 hunc
2695 5316 2872 5372 locum
2888 5314 3507 5385 audiantexplorantem.

1931 5411 2075 5465 Dicit
2099 5411 2244 5464 enim
2280 5427 2292 5463 τ
2322 5424 2390 5462 ne
2426 5422 2531 5477 qua
2564 5407 2786 5462 territus
2813 5407 2866 5460 in
2898 5405 3009 5459 Deo
3054 5404 3365 5468 sentiretur,
3382 5403 3507 5461 ideo

1931 5505 2131 5561 dixisse
2153 5502 2429 5561 Christum
2456 5502 2751 5565 credimus,
2772 5511 2929 5552 nemo
2955 5495 3199 5551 ascendit
3222 5496 3276 5550 in
3300 5498 3507 5553 coelum

1931 5596 2033 5651 nisi
2066 5598 2156 5666 qui
2197 5594 2476 5650 descendit
2520 5594 2586 5648 de
2613 5590 2762 5646 coelo
2803 5587 3040 5643 hominis
3068 5587 3315 5645 videlicet
3355 5586 3514 5644 Chri-

1931 5691 2047 5738 stus
2070 5685 2200 5739 deus
2220 5691 2276 5738 et
2299 5684 2460 5737 homo
2485 5670 2590 5735 una
2618 5690 2868 5748 persona.
2901 5674 2959 5731 Si
2983 5678 3103 5746 quis
3122 5693 3250 5734 vero
3274 5677 3505 5751 amplius

304 5803 331 5830 ι
368 5789 429 5844 In
452 5789 697 5859 margine
709 5803 870 5842 manu
888 5789 1203 5860 posterioris
1227 5790 1420 5845 aetatis
1436 5791 1672 5846 additum
1693 5798 1807 5848 est:
1849 5793 1961 5848 sine
1978 5793 2135 5849 dubio
2160 5780 2389 5866 ingressu
2412 5800 2645 5848 sam-(am
2667 5788 2925 5844 civitatem
2953 5789 3017 5845 de
3039 5807 3162 5848 qua.
