3944 6462
189 407 294 472 737

1147 415 1429 476 ORATIO
1465 417 1564 478 VI.
1587 441 1655 454 ·-
1689 416 1771 477 ΙΝ
1811 416 2140 478 SANCTOS
2175 419 2538 485 ANGELOS.

3343 433 3449 499 738

189 524 472 595 πλαγέντα
507 525 608 597 τήν
631 526 909 597 ἄφραστον
943 529 1040 584 καὶ
1076 529 1465 602 ἀκατάληπτον
1496 533 1754 600 συγκατά·

1881 530 2212 601 repleturus.
2247 532 2484 606 Ideoque
2530 536 2746 592 attoniti
2785 538 2855 594 ob
2885 554 3006 596 eam
3034 541 3362 612 insperatam
3392 559 3449 604 et

189 619 372 682 δασιν,
415 621 513 676 καὶ
555 620 914 692 θαυμάσαντα
941 623 1042 694 τὴν
1074 624 1312 694 ἄρρητον
1349 626 1416 694 ἢν
1459 626 1539 690 είς
1563 623 1773 697 ἀνθρώ-

187 730 326 778 πους
361 715 591 784 ἔμελλεν
639 716 1010 770 ἐνδείκνυσθαι
1042 715 1142 789 τὴν
1170 717 1366 770 ἐαυτοῦ
1405 719 1770 789 ἀποκάλυψιν,

185 806 542 878 εὐχαριστίας
605 806 745 876 ὁμοῦ
806 808 900 861 καὶ
948 808 1266 880 ἐκπλήξεως
1321 809 1771 880 ἀνακεκράγεσαν

187 898 360 966 ῦμνον
410 897 707 968 βοήσαντα,
733 899 958 970 Ἄγιος,
997 900 1183 969 ἅγιος,
1217 900 1383 969 ἅγιος
1409 903 1624 969 Κύριος
1660 906 1770 956 Σα-

185 989 363 1056 ϐαὼθ,
405 991 651 1058 πλήρης
677 992 846 1046 πᾶσα
873 993 912 1060 ἠ
952 989 1026 1062 γῆ
1062 992 1173 1060 τῆς
1202 993 1388 1061 δόξης
1421 994 1637 1049 αὑτοῦ·
1671 995 1770 1066 τὴν

187 1081 496 1150 μέλλουσαν
521 1083 631 1136 τῶν
665 1083 1001 1151 Ἐκκλησιῶν
1021 1083 1177 1151 δόξαν
1199 1086 1609 1156 προφητεύοντα
1638 1089 1771 1158 Χρι-

184 1173 309 1226 στὸν
347 1173 420 1228 τά
450 1175 845 1245 μακαριώτατα
873 1176 1125 1247 Σεραφίμ
1148 1192 1162 1206 ο
1190 1175 1273 1230 διό
1301 1195 1465 1249 φησιν
1494 1178 1576 1232 ὅτι
1604 1179 1770 1252 ἐπλή-

184 1262 282 1333 σθη
322 1265 479 1318 πᾶσα
527 1266 562 1336 ή
590 1265 663 1336 γῆ
697 1267 796 1337 τῆς
843 1266 1000 1336 δόξης
1037 1267 1238 1321 αὐτοῦ’
1273 1268 1376 1340 ὅρα
1427 1271 1480 1324 τί
1525 1271 1762 1341 γίνεταιο

193 1353 479 1425 Ἐπήρθη,
516 1359 671 1428 φησὶ,
715 1359 782 1413 τὸ
827 1359 1166 1430 ὑπέρθυρον
1211 1363 1330 1417 ἀπὸ
1374 1365 1487 1433 τῆς
1533 1366 1763 1436 φωνῆς’

179 1451 465 1504 τουτέστιν
492 1453 709 1523 ἐπήρθη
740 1455 773 1524 ὴ
803 1454 1009 1509 ἀνωθεν
1039 1456 1338 1526 συνέχουσα
1359 1456 1449 1510 τὸν
1475 1458 1764 1513 Ἰουδαϊκὸν

181 1544 307 1596 ναὸν
342 1545 440 1598 καὶ
472 1545 600 1598 λαὸν
644 1545 821 1616 σκέπη
867 1549 961 1601 καὶ
986 1547 1292 1620 ἀντίληψις,
1328 1551 1424 1604 καὶ¹
1454 1551 1698 1623 ἐπλήσθη
1735 1553 1765 1607 ὁ

178 1630 324 1699 οἶκος
352 1636 588 1703 καπνοῦ,
613 1637 780 1708 ήγουν
808 1639 1140 1710 ἐρημώσεως
1161 1643 1255 1696 καὶ
1285 1643 1529 1710 σκότους,
1556 1643 1763 1715 πλάνης

178 1728 271 1779 καὶ
300 1727 584 1795 ἀγνωσίας
606 1745 621 1759 ο
655 1729 951 1800 προσέχετε
987 1733 1136 1804 μετὰ
1155 1734 1461 1808 ἀκριϐείας,
1503 1754 1760 1808 παρακα-

176 1817 250 1871 λῶ
272 1837 286 1850 ·
319 1821 412 1873 ὅτε
447 1816 516 1892 ἦν
543 1823 576 1892 ἠ
606 1822 679 1892 γῆ
706 1825 858 1878 πᾶσα
884 1824 1070 1890 ἄδοξος
1098 1827 1157 1880 ἐν
1177 1829 1352 1900 πλάνῃ
1375 1830 1470 1883 καὶ
1491 1830 1756 1903 ἀγνωσία,

1873 623 2484 690 incomprehensibilem
2503 629 3048 700 condescensionem,
3069 636 3444 710 mirantesque

1872 714 2200 772 ineﬂahilem
2234 734 2398 783 quam
2431 721 2748 778 hominibus
2770 722 3010 779 Verbum
3033 724 3306 782 facturum
3331 745 3448 784 erat

1871 807 2070 863 suimet
2098 809 2512 883 reyelationem,
2567 816 2865 883 gratiarum
2908 817 3152 875 simulet
3201 823 3445 891 stuporis

1871 896 2132 969 hymnum
2184 905 2454 958 canebant
2491 905 2791 964 clamantes
2827 924 2840 961 :
2878 908 3106 966 Sanctus
3135 952 3151 978 ,
3203 924 3442 982 sanctus,

1870 999 2083 1042 sanctus
2099 989 2357 1045 Dominus
2380 992 2518 1048 Deus
2537 992 2792 1062 Sabaoth,
2820 999 2973 1067 plena
3001 1010 3076 1054 est
3112 1004 3278 1058 omnis
3302 1015 3442 1059 terra

1869 1075 2041 1149 gloria
2063 1084 2177 1152 ejus
2201 1085 2281 1150 ‘7;
2308 1083 2589 1141 Christum
2626 1089 2897 1156 videlicet,
2929 1094 3022 1163 qui
3048 1093 3301 1150 Ecclesiae
3331 1097 3445 1168 glo-

1869 1172 1951 1226 ria
1983 1171 2202 1230 futurus
2233 1183 2375 1243 erat,
2397 1175 2468 1230 ita
2500 1177 2936 1235 vaticinabantur
2961 1183 3258 1239 beatissimi
3283 1184 3445 1241 Sera-

1868 1261 2051 1331 pliim;
2106 1262 2354 1329 idcirco,
2421 1266 2576 1320 aiunt
2627 1268 2843 1337 plenam
2899 1273 3207 1330 universam
3242 1284 3438 1330 terram

1867 1353 2037 1423 gloria
2092 1353 2266 1411 illius.
2307 1355 2437 1412 Vide
2497 1359 2625 1429 quid
2677 1359 2882 1416 factum
2919 1363 3008 1419 sit.
3051 1364 3327 1421 Etevatum
3363 1379 3439 1424 est

1865 1446 2264 1514 superliminare
2293 1465 2326 1502 a
2356 1467 2476 1504 voce
2499 1451 2844 1507 clamantium
2870 1454 2937 1524 “,
2972 1457 3025 1511 id
3047 1466 3131 1512 est
3162 1461 3439 1518 sublatum

1865 1535 2005 1602 fuit,
2063 1541 2207 1609 quod
2246 1539 2539 1598 Judaicum
2577 1545 2833 1615 templum
2868 1548 3234 1621 populumque
3269 1554 3440 1607 conti-

1865 1631 2029 1684 nebat
2059 1641 2273 1700 septum
2303 1640 2359 1686 et
2389 1640 2654 1701 tutamen,
2699 1644 2753 1692 et
2795 1637 2989 1692 domus
3033 1637 3183 1695 fumo
3211 1643 3437 1710 repleta,

1864 1719 1916 1774 id
1949 1729 2035 1775 est
2085 1722 2412 1788 solitudine,
2468 1725 2725 1790 tenebris,
2752 1741 2941 1782 errore
2972 1740 3027 1783 et
3059 1729 3296 1786 inscitia.
3337 1732 3436 1786 At-

1864 1814 2066 1869 tendite
2095 1815 2420 1886 diligenter,
2474 1833 2681 1888 quaeso.
2725 1818 2956 1886 Quando
3009 1822 3261 1877 universa
3293 1832 3437 1877 terra

173 1911 392 1983 πλήρης
411 1907 481 1983 ἦν
510 1915 538 1966 ὁ
568 1909 716 1977 οῐκος
739 1915 834 1968 τοῦ
863 1918 991 1970 ναοῦ
1020 1917 1116 1970 τοῦ
1146 1895 1435 1973 ’ίουδαέκοῦ
1466 1895 1643 1990 δόξης·
1671 1895 1754 1976 ὅτε

1862 1908 1916 1963 in
1957 1907 2253 1977 ignominia
2281 1924 2472 1965 errore
2496 1919 2550 1966 et
2579 1909 2795 1966 inscitia
2825 1913 3170 1978 versabatur,
3195 1921 3323 1969 tunc
3337 1914 3435 1968 Ju-

171 2003 225 2057 δὲ
267 2007 426 2058 πᾶσα
460 2005 493 2073 ή
521 2008 592 2076 γῆ
627 2007 844 2078 πλήρης
889 2009 1048 2078 δόξης
1096 2011 1194 2063 καὶ
1235 2011 1583 2080 ἐπιγνώσεως
1623 2013 1759 2067 Θεοῦ

171 2097 388 2164 γέγονε,
426 2097 570 2153 Τότε
619 2102 654 2154 ό
703 2095 870 2167 οἶκος
906 2100 1014 2155 τοῦ
1041 2102 1291 2170 Ἰσραὴλ
1335 2103 1615 2173 ἐπλήσθη
1657 2120 1760 2158 κα-

170 2190 353 2254 πνοῦ,
387 2190 712 2256 σϐεσθέντος
739 2193 921 2257 αὐτοῖς
949 2193 1045 2248 τοῦ
1077 2193 1304 2266 νομικοῦ
1347 2195 1538 2264 λύχνου
1567 2213 1582 2228 ο
1610 2197 1759 2260 δπως

170 2284 339 2351 φησὶν
368 2283 398 2336 δ
429 2283 685 2354 Χριστὸς,
717 2286 766 2338 οἱ
803 2285 880 2356 μὴ
910 2283 1199 2356 βλέποντες
1232 2288 1412 2358 ἡμεῖς,
1446 2287 1757 2359 βλέψωμενο

167 2377 213 2429 οἱ
262 2376 324 2429 δὲ
379 2377 672 2447 βλέποντες
731 2379 993 2447 Ἰουδαῖοι,
1035 2378 1229 2450 τυφλοὶ
1270 2381 1573 2450 γένωνταιο
1619 2381 1759 2436 ἀλλά

157 2470 344 2523 ’ταῦτα
380 2470 484 2540 μὲν
525 2470 776 2536 Ἡσαΐας.

236 2560 316 2626 ς’.
374 2560 608 2632 Ἰζεκιὴλ
657 2562 714 2616 δέ
745 2562 926 2630 πάλιν,
949 2563 980 2615 ό
1012 2563 1149 2634 πρὸς
1175 2563 1452 2631 θεοπτίας,
1474 2566 1523 2619 εἰ
1551 2565 1646 2620 καί
1672 2583 1758 2630 τις

167 2654 353 2716 ἄλλος,
383 2653 480 2705 τὸν
515 2653 642 2707 νοῦν
669 2655 990 2725 ἐπιτηδείας
1016 2655 1176 2727 ἔχων,
1209 2658 1270 2711 οὐ
1313 2659 1475 2728 μόνον
1501 2660 1582 2724 δὶς
1620 2661 1759 2716 ἀλλά

165 2745 532 2814 τετράμορφα
563 2743 679 2808 ζῶα
707 2746 836 2810 τοὺς
863 2747 1128 2802 ἀνωτάτω
1158 2747 1270 2802 τῶν
1308 2750 1614 2820 ἀσωμάτων
1655 2753 1756 2820 ἀγ-

166 2836 344 2904 γέλων
383 2835 699 2906 τεθεώρηκε
729 2836 877 2902 νόας,
913 2837 1418 2907 προδιατυποῦντας
1460 2834 1614 2908 οἴμαι
1642 2857 1755 2894 οσα-

167 2929 282 2997 φῶς
331 2930 430 2981 καὶ
475 2931 533 2981 ἐν
562 2929 746 2993 αὐτοῖς
774 2928 1240 3000 ἐνανθρωπήσεως
1267 2930 1362 2984 τοῦ
1406 2931 1754 3004 Ἐμμανουήλ

167 3024 230 3074 ὲκ
283 3021 576 3091 Παρθένου
633 3021 972 3092 μυστήριον·
1005 3022 1318 3093 περιείχετο
1366 3025 1477 3095 γὰρ
1534 3027 1592 3079 ἐν
1641 3027 1753 3088 τοῖς

165 3110 329 3175 ζώοις
362 3109 505 3175 εἶδος
544 3110 832 3180 ἀνθρώπου
860 3112 954 3166 καὶ
987 3113 1174 3183 σχῆμα
1203 3113 1327 3184 βοὸς
1351 3115 1445 3168 καὶ
1475 3115 1538 3168 τὺ
1565 3117 1753 3188 τρίτον

163 3203 405 3268 λέοντος,
447 3203 509 3255 τὸ
539 3203 584 3256 δ’
609 3201 883 3274 ἀνώτερον
908 3203 1138 3269 τούτοις,
1169 3204 1331 3258 ἀετοῦ
1352 3220 1368 3236 ο
1405 3205 1482 3270 ώς
1519 3207 1628 3277 γὰρ
1659 3207 1749 3260 ἄν·
1777 3227 1819 3286 C

164 3298 409 3369 θρωπος,
461 3295 678 3368 ἀληθῶς
724 3296 899 3367 ἐφάνη
951 3297 1045 3350 ἐπὶ
1091 3295 1196 3366 γῆς
1227 3296 1482 3369 Χριστὸς,
1518 3300 1546 3351 ὁ
1584 3299 1752 3362 ὅντως

163 3389 302 3459 ὁμοῦ
349 3389 487 3452 Θεός
533 3405 593 3442 τε
640 3387 736 3442 καὶ
767 3388 1190 3460 ἀνθρωποςοώς
1235 3387 1362 3458 βοῦς
1409 3390 1491 3450 είς
1536 3390 1751 3458 σφαγὴν

165 3481 307 3552 ὑπὲρ
334 3481 434 3551 τῆς
465 3479 561 3534 τοῦ
584 3479 791 3549 κόσμου
817 3479 1092 3551 σωτηρίας
1113 3493 1128 3508 ·
1155 3477 1233 3541 ώς
1255 3478 1412 3543 λέων,
1441 3479 1665 3550 δυνάμει
1688 3481 1752 3533 ἐκ

165 3575 383 3645 νεκρῶν
413 3573 723 3644 ἐξεγερθεὶς
761 3572 960 3644 ἀνέστη
985 3588 998 3603 ·
1041 3572 1118 3636 ὼς
1149 3571 1329 3638 ἀετὸς,
1369 3573 1448 3636 είς
1491 3572 1752 3642 οὐρανοὺς

167 3667 408 3737 ὑψωθεὶς
451 3665 731 3736 ἀνελήφθη
751 3681 766 3696 ·
802 3665 836 3737 ἢ
869 3666 964 3720 καὶ
991 3665 1164 3729 οὕτως
1195 3665 1359 3719 πάλιν
1388 3664 1482 3718 ἐπὶ
1510 3664 1749 3734 Χριστοῦ

165 3759 475 3830 ἐκληπτέον
503 3757 571 3811 τά
593 3758 739 3823 ζῶα·
772 3758 1082 3826 ἄνθρωπος,
1118 3757 1194 3819 ὡς
1218 3755 1378 3823 λόγος
1409 3755 1628 3825 λογικὸς
1657 3757 1749 3809 καὶ

165 3851 330 3906 εἰκὼν
377 3849 475 3904 τοῦ
517 3849 652 3903 Θεοῦ
685 3850 781 3902 τοῦ
817 3848 1073 3920 ἀοράτου,
1107 3848 1194 3902 διὰ
1231 3847 1291 3901 τὸ
1315 3848 1414 3918 τῆς
1443 3846 1625 3918 ψυχῆς
1652 3848 1749 3902 καὶ

163 3943 256 3997 τοῦ
290 3942 387 3996 νοῦ
427 3943 611 4014 νοερὸν
645 3943 740 3996 καὶ
768 3943 999 4013 ἀόρατον
1022 3957 1037 3970 °
1069 3939 1219 4012 βοῦς,
1251 3941 1326 4004 ὼς
1356 3939 1580 4002 δυνατὸς
1608 3940 1746 4011 ἀρχ-

168 4039 347 4104 ιερεὺς
389 4036 488 4089 καὶ
525 4035 618 4089 τὸν
649 4035 811 4104 ζυγὸν
842 4033 938 4088 τοῦ
969 4032 1205 4103 σταυροῦ
1236 4031 1332 4086 ἐπὶ
1355 4031 1445 4085 τὸν
1475 4024 1624 4101 ὦμον
1654 4031 1748 4100 φὲυ

170 4145 296 4196 ρων,
322 4129 421 4180 καὶ
439 4127 575 4219 ημῖν
599 4128 712 4189 τοῖς
740 4125 956 4195 ἀλόγοις
983 4127 1043 4179 ἐν
1065 4124 1142 4195 τῷ
1163 4124 1308 4194 τόκῳ
1331 4122 1748 4219 μφα-τνιάσας

164 4221 222 4272 ἐν
251 4213 522 4290 Βηθλεέμ,
556 4217 654 4271 καλ⁵
699 4216 791 4272 τὸν
821 4217 1024 4286 σπόρον
1053 4215 1147 4270 τοῦ
1183 4214 1536 4283 εύαγγελικοῦ
1587 4213 1746 4280 λόγου

165 4313 316 4387 πάσῃ
361 4316 430 4383 τῇ
475 4314 545 4383 γῇ
589 4310 966 4382 κατασπείρας
1035 4310 1172 4362 λέων
1197 4309 1273 4372 ώς
1305 4307 1556 4378 βασιλεὺς
1581 4305 1746 4377 ’ήμῶν

162 4405 271 4457 τῶν
312 4420 447 4457 ποτε
477 4403 686 4474 ἀγρίων
721 4403 816 4456 καὶ
847 4402 1141 4473 ἀνημέρων
1183 4401 1279 4454 καὶ
1308 4398 1620 4470 αίμοὸόρων
1651 4398 1746 4450 καὶ

165 4495 520 4567 σαρκοόὀρων
552 4495 879 4564 ἀκαθάρτων
908 4495 1080 4548 ἐθνῶν
1105 4511 1118 4525 ⁸
1183 4494 1576 4548 Ἐϐασίλευσε
1609 4495 1741 4566 γὰρ,

1860 2003 2001 2058 daici
2035 2003 2218 2074 templi
2253 2003 2540 2059 :ediﬁcium
2583 2005 2804 2074 plenum
2835 2006 3004 2075 gloria
3037 2007 3159 2063 fuit.
3203 2008 3436 2075 Quando

1865 2103 2051 2147 autem
2094 2094 2350 2150 universa
2381 2105 2520 2151 terra
2544 2095 2716 2166 gloria
2746 2110 2800 2151 et
2828 2095 2924 2151 Dei
2947 2098 3254 2169 cognitione
3275 2100 3432 2170 plena

1858 2185 2055 2249 evasit,
2092 2195 2224 2241 tunc
2246 2186 2436 2242 domus
2473 2187 2692 2243 lsraelis
2716 2189 2861 2258 fumo
2891 2189 3091 2259 repleta
3124 2200 3202 2245 est
3230 2193 3297 2257 δ’,
3337 2207 3435 2248 cx-

1859 2276 2062 2332 stinCIo
2104 2279 2236 2348 ipsis
2285 2279 2442 2350 legali
2473 2279 2840 2344 candelabro;
2882 2289 2964 2347 ut,
3003 2281 3148 2337 sicut
3179 2281 3436 2341 Christus

1857 2369 1995 2423 dixit
2021 2370 2090 2436 ⁵ο,
2136 2386 2239 2425 nos
2273 2382 2430 2426 antea
2469 2371 2605 2426 nihil
2645 2372 2891 2429 videntes
2915 2415 2932 2440 ,
2986 2375 3298 2432 videremus
3331 2395 3344 2431 :
3379 2387 3434 2432 et

1858 2462 1950 2532 qui
1988 2462 2244 2517 videbant
2275 2461 2470 2527 Judaei,
2497 2465 2623 2518 cmci
2654 2465 2866 2519 ﬁerent.
2901 2465 3177 2523 Hactenus
3202 2468 3391 2524 Isaias.

1927 2551 1980 2608 6.
2017 2553 2266 2609 Ezechiel
2299 2555 2428 2609 item
2455 2555 2525 2622 ³¹,
2557 2555 2650 2626 qui
2685 2556 2752 2611 ad
2779 2557 2873 2612 Dei
2899 2558 3160 2626 visiones,
3194 2561 3240 2614 si
3280 2561 3433 2632 quis-

1855 2660 2020 2715 quam
2054 2647 2218 2713 alius,
2245 2656 2479 2703 mentem
2530 2659 2903 2719 comparatam
2939 2650 3130 2706 habuit
3159 2691 3176 2715 ,
3213 2669 3318 2709 non
3372 2665 3432 2711 ut

1856 2738 2107 2794 biformia
2159 2751 2399 2808 tantum,
2459 2741 2554 2796 sed
2605 2751 2664 2795 ut
2712 2743 3106 2812 quadriforinia
3151 2747 3427 2813 animalia,

1855 2847 2123 2902 supernas
2159 2833 2608 2903 incorporeorum
2663 2836 2982 2904 angelorum
3035 2837 3167 2894 vidit
3193 2851 3429 2905 mentes,

1854 2924 2350 2995 praaﬁgurantesmt
2371 2926 2817 2992 reor,manifeste
2842 2928 2926 2983 bis
2947 2928 3138 2985 formis
3161 2931 3429 2987 incarnati

1853 3016 1906 3069 in
1944 3013 2169 3086 Virgine
2205 3013 2578 3072 Emmanuelis
2612 3019 2957 3088 mysterium.
2993 3019 3164 3075 Erant
3205 3022 3258 3075 in
3308 3024 3430 3076 ani-

1853 3105 2088 3160 malibus
2129 3104 2304 3159 forma
2341 3106 2600 3174 hominis,
2629 3107 2797 3177 ﬁgura
2827 3108 2984 3166 bovis
3016 3118 3181 3181 atque
3221 3111 3427 3179 leonis;

1853 3206 1908 3251 et
1935 3195 2020 3252 bis
2050 3195 2364 3265 sublimior,
2397 3199 2611 3268 aquilas.
2659 3198 2906 3272 Namque
2947 3209 3007 3256 ut
3051 3203 3216 3259 homo
3242 3246 3258 3272 ,
3303 3220 3430 3260 vere

1855 3288 2110 3359 apparuit
2164 3290 2218 3344 in
2265 3297 2409 3345 terra
2447 3290 2737 3357 Christus,
2779 3293 2872 3362 qui
2910 3308 3037 3348 vere
3082 3293 3226 3352 Deus
3263 3296 3428 3352 simul

1852 3392 2008 3438 estet
2039 3383 2225 3437 homo.
2256 3380 2326 3437 Ut
2359 3381 2480 3447 bos,
2518 3384 2584 3437 ad
2620 3384 2822 3440 caedem
2858 3396 3080 3455 propter
3112 3388 3302 3443 mundi
3340 3403 3428 3444 sa-

1852 3475 2043 3531 lutem.
2094 3474 2162 3531 Ut
2184 3477 2302 3543 leo,
2340 3485 2588 3547 potenter
2627 3492 2657 3532 a
2716 3478 2950 3535 mortuis
2995 3483 3315 3536 resurrexit.
3355 3478 3430 3536 Ut

1851 3570 2060 3638 aquila,
2103 3569 2155 3622 in
2186 3569 2385 3624 cmlum
2435 3568 2686 3624 sublimis
2737 3572 3078 3626 conscendit.
3127 3570 3223 3627 Vel
3269 3572 3429 3628 aliter

1850 3664 2014 3717 etiam
2047 3661 2115 3716 de
2135 3661 2354 3717 Christo
2387 3661 2712 3731 explicanda
2735 3671 2865 3716 sunt
2895 3663 3151 3717 animalia
3186 3681 3200 3716 :
3238 3663 3426 3729 homo,

1850 3763 1910 3809 ut
1939 3753 2175 3808 Verbum
2209 3753 2479 3808 rationale
2512 3761 2567 3806 et
2598 3753 2773 3821 imago
2800 3752 2893 3806 Dei
2935 3752 3222 3808 invisibilis
3242 3793 3258 3816 ,
3296 3770 3424 3823 pro-

1847 3855 1972 3916 pter
1999 3845 2195 3900 animae
2218 3859 2282 3900 ac
2313 3845 2514 3899 mentis
2547 3844 2969 3898 intellectualem
3003 3844 3109 3897 vim
3139 3853 3196 3897 et
3237 3843 3426 3898 invisi-

1848 3937 2011 3993 bilem
2040 3955 2052 3992 :
2085 3937 2205 4001 bos,
2242 3945 2305 3990 ut
2347 3943 2538 4004 potens
2593 3934 2853 3990 sacerdos
2874 3975 2890 4000 ,
2925 3944 2983 3990 et
3014 3936 3194 3990 crucis
3228 3935 3424 4005 jugum

1848 4031 2090 4085 humeris
2137 4027 2348 4092 ferens,
2396 4035 2452 4081 et
2498 4026 2790 4081 nobiscum
2848 4040 2948 4081 ceu
2983 4025 3422 4092 irrationalibus,

1847 4134 2037 4193 partus
2062 4129 2327 4189 tempore,
2349 4119 2490 4188 apud
2511 4116 2883 4173 Bethleemum
2918 4118 2971 4170 in
3001 4117 3228 4188 praasepi
3263 4133 3424 4188 repo-

1848 4215 2027 4277 situs,
2086 4225 2384 4281 semenque
2424 4208 2721 4278 evangelici
2759 4208 2907 4263 verbi
2960 4223 3056 4277 per
3112 4213 3422 4264 universam

1848 4316 2050 4360 terram
2087 4303 2476 4358 disseminans.
2512 4299 2644 4366 Leo,
2672 4308 2732 4353 ut
2755 4314 2852 4353 rex
2882 4307 3100 4362 noster,
3148 4300 3242 4368 qui
3290 4308 3423 4358 tunc

1845 4409 2066 4451 eramus
2098 4395 2379 4448 silvestres
2410 4399 2463 4445 et
2495 4391 2620 4444 saevi
2657 4398 2710 4444 et
2742 4389 3141 4459 sanguinolenti
3191 4398 3246 4445 et
3300 4405 3421 4446 car-

1848 4492 2023 4546 nivori
2068 4489 2375 4558 impurique
2425 4484 2948 4554 ethnici:Regnavit
2998 4485 3185 4550 enim,
3237 4485 3416 4554 inquit

164 4592 350 4658 φησὶν,
375 4592 408 4643 ό
431 4588 577 4654 Θεὸς
603 4587 702 4641 ἐπὶ
734 4589 805 4641 τὰ
833 4587 1010 4652 ἔθνη·
1037 4589 1099 4639 ού
1134 4587 1292 4656 μόνον
1322 4587 1379 4639 δὲ
1408 4586 1546 4639 λέων
1571 4589 1598 4640 ό
1624 4587 1749 4658 Χρι-

1857 4585 2162 4654 Scriptura,
2199 4582 2339 4636 Deus
2368 4596 2523 4648 super
2542 4587 2720 4648 gentes
2750 4576 2816 4629 “.
2864 4575 3052 4646 Neque
3097 4573 3182 4630 leo
3210 4585 3418 4631 tantum

166 4686 308 4750 στδς,
337 4683 477 4736 ἀλλά
501 4683 598 4736 καὶ
626 4682 864 4752 σκύμνος
886 4681 1118 4743 λέοντος,
1151 4680 1225 4745 ὥς
1258 4697 1390 4750 φησι
1422 4679 1553 4750 περὶ
1581 4680 1747 4733 αὑτοῦ

175 4776 394 4840 Ίακὼὸ,
431 4775 682 4829 τουτέστι
731 4774 1000 4844 βασιλέως
1048 4773 1183 4836 υίὸς,
1220 4774 1284 4825 ἐκ
1318 4770 1600 4840 βασιλικοῦ
1644 4788 1749 4825 πα-

163 4871 287 4938 τρὸς
314 4867 627 4938 προελθών·
651 4867 732 4920 διὸ
756 4866 850 4920 καὶ
877 4865 1033 4930 ἀετὸς
1064 4865 1140 4929 ώς
1172 4863 1424 4936 βασιλεὺς
1449 4863 1560 4916 τῶν
1584 4863 1750 4933 ούρα-

163 4962 286 5014 νίων
329 4959 598 5014 πετεινῶν
643 4957 961 5029 πτερωτῶν,
993 4958 1197 5029 νοερῶν
1243 4955 1550 5025 ἀγγελικῶν
1580 4955 1751 5023 ἁγίων

162 5054 480 5122 δυνάμεων·
516 5049 834 5121 πτερωτῶν,
867 5049 942 5114 ώς
993 5049 1151 5120 ήμῶν
1209 5049 1317 5102 τῶν
1370 5047 1466 5101 τοῦ
1507 5045 1743 5118 Χριστοῦ

162 5145 394 5198 νεοττῶν
455 5142 840 5197 σκεπαστικῶν
915 5143 1090 5197 οὐσῶν
1162 5142 1257 5196 παλ⁵
1317 5141 1740 5212 φρουρητικῶν·

163 5235 592 5318 πτερωτῶνηώς
634 5235 935 5305 εύκινήτων
982 5237 1078 5289 καὶ
1114 5234 1225 5288 τῶν
1265 5233 1470 5302 γηΐνων
1524 5233 1743 5286 πάντων

164 5328 513 5399 ὐζηλατέρως
554 5325 790 5395 ἐχόντων
811 5342 828 5359 ο
855 5323 1171 5395 πτερωτῶν,
1207 5323 1282 5386 ὡς
1307 5322 1386 5392 τῷ
1421 5320 1549 5391 θείῳ
1578 5320 1741 5390 ἔρωτι

166 5421 490 5486 ἀεικινήτως
524 5417 619 5470 καὶ
647 5415 959 5485 ἀκορέστως
1003 5416 1235 5484 ἐχόντων
1257 5431 1270 5445 '
1311 5411 1739 5483 πολυομμάτων,

167 5514 231 5576 ὡς
268 5511 352 5583 τῷ
386 5510 520 5581 θείῳ
553 5509 693 5580 φωτὶ
725 5509 997 5571 πλουσίως
1026 5507 1472 5577 ἐλλαμπομένων,
1513 5505 1610 5558 καὶ
1642 5503 1747 5556 ὑπό

165 5622 306 5668 τινος
347 5604 482 5675 ῦλης
520 5603 655 5674 πρὸς
690 5601 924 5675 θεωρίαν
953 5599 1054 5654 οὐκ
1093 5597 1595 5667 ἀντισκοτουμὲνων
1617 5612 1631 5626 ·
1663 5596 1743 5649 διὸ

1844 4677 2115 4739 Christus,
2138 4687 2328 4728 verum
2364 4674 2528 4724 etiam
2557 4669 2728 4722 leonis
2763 4666 2994 4730 catulus,
3041 4676 3100 4718 ιιι
3127 4665 3202 4719 ait
3230 4665 3296 4719 de
3327 4666 3423 4720 illo

1846 4767 2085 4822 Iacobus
2113 4765 2198 4831 ⁵³;
2230 4764 2282 4817 id
2327 4773 2408 4817 est
2436 4761 2578 4830 regis
2609 4759 2772 4823 ﬁlius,
2804 4773 2866 4811 cx
2911 4757 3078 4826 regali
3113 4765 3266 4828 patre
3295 4772 3423 4826 pro-

1847 4859 2068 4915 cedens.
2109 4855 2237 4910 ldeo
2264 4856 2426 4909 etiam
2466 4851 2672 4922 aquila,
2705 4859 2766 4903 ut
2797 4847 3103 4903 ctelestium
3137 4847 3421 4902 volucrum

1849 4954 2116 5007 alatorum
2151 4963 2268 5015 rex,
2313 4947 2366 5001 id
2406 4954 2491 5000 est
2518 4942 2884 5014 angelicarum
2909 4979 2923 5005 ,
2972 4939 3420 4994 intellectualium

1848 5059 1911 5098 ac
1941 5053 2252 5097 sanctarum
2273 5045 2620 5108 potestatum.
2675 5034 2864 5088 Alatos
2888 5032 3037 5097 dicit,
3061 5045 3161 5085 ceu
3186 5045 3308 5096 nos,
3331 5033 3420 5100 qui

1846 5136 2049 5191 Christi
2087 5147 2278 5188 sumus
2307 5131 2457 5200 pulli,
2486 5134 2837 5197 contegentes
2876 5139 2940 5179 ac
2987 5130 3231 5178 tutantes
3261 5140 3275 5176 :
3311 5123 3424 5176 ala-

1848 5239 1953 5292 tos,
1984 5237 2043 5281 ut
2061 5227 2253 5297 agiles,
2277 5233 2331 5278 ct
2355 5237 2520 5292 supra
2544 5229 2754 5276 terrena
2779 5217 2962 5272 omnia
3003 5215 3110 5270 alte
3137 5215 3418 5270 volantes:

1847 5323 2040 5386 alatos,
2079 5329 2138 5374 ut
2166 5320 2350 5374 divino
2384 5329 2570 5370 amore
2617 5313 2955 5366 incessanter
2999 5317 3056 5364 et
3093 5309 3213 5364 sine
3257 5309 3422 5362 satic-

1850 5425 1956 5468 tate
1984 5412 2246 5466 fruentes.
2288 5407 2636 5463 Multioculos
2670 5417 2889 5474 quoque
2921 5400 3072 5468 dicit,
3099 5415 3200 5456 ceu
3231 5399 3422 5454 divino

1856 5505 2062 5559 lumine
2113 5501 2456 5556 abundanter
2504 5495 2843 5560 illustratos,
2885 5492 3143 5561 nullaque
3194 5489 3419 5543 materia

1851 5596 2146 5668 quominus
2193 5589 2625 5661 contemplentur
2667 5586 2983 5643 infuscatos.
3036 5583 3162 5640 Ideo
3196 5582 3424 5653 spiritus

234 5813 275 5842 ⁵⁷
308 5813 411 5865 lsa.
447 5827 523 5877 vi,
550 5811 605 5865 4.
683 5809 727 5841 “
769 5807 902 5863 ibid.
938 5806 992 5860 5.
1068 5804 1114 5837 "
1140 5801 1273 5858 ibid.
1328 5803 1373 5836 ⁸ο
1415 5800 1605 5857 Matth.
1641 5815 1754 5866 xui,

1857 5833 1880 5855 ι.
1957 5798 2001 5829 ⁵³
2045 5793 2248 5853 Ezech.
2283 5809 2319 5861 ι,
2351 5792 2374 5847 l
2412 5805 2564 5861 seqq.
2646 5789 2689 5819 "
2721 5784 2863 5841 Psal.
2927 5798 3076 5848 xm,
3107 5782 3160 5836 9.
3204 5779 3247 5812 ⁸³
3282 5777 3419 5833 Cen.

174 5899 314 5948 XLIX,
361 5888 412 5938 9.
