3944 6466
504 400 615 463 739

1684 391 1742 453 S.
1779 388 2171 450 THEODORI
2209 389 2551 450 STUDITZE

3635 390 3749 452 740

506 510 669 567 etiam
694 507 974 570 dicuntur,
1006 511 1067 559 ut
1097 500 1489 558 immateriales
1512 537 1528 563 ,
1559 496 1891 568 incorporei,
1924 494 2065 551 invi-
2095 546 2098 556 ,

2202 495 2261 547 παὶ
2322 495 2611 565 πνεύματα
2675 496 2944 566 λέγονται,
2999 500 3077 565 ὡς
3130 500 3269 557 άῦλα
3326 505 3421 558 καὶ
3470 508 3751 581 ἀσώματα

507 600 717 667 sibiles,
760 597 1121 660 immortales,
1149 595 1292 650 haud
1320 593 1493 649 crassi
1522 591 1616 647 sed
1648 590 1825 655 aerei,
1857 589 2069 659 gratiae-

2202 587 2266 640 ;α“ι
2327 588 2535 658 ἀόρατα
2593 590 2690 645 καὶ
2753 592 3149 667 ἀναψηλάφητα
3202 599 3298 654 καὶ
3343 601 3593 658 ἀθάνατα
3648 609 3753 660 καὶ

508 706 618 764 que
646 690 909 748 beneﬁcio
940 685 1381 758 incorruptibiles
1417 692 1473 740 et
1513 680 2000 752 inesstinguibiles.

580 886 638 942 7.
665 884 800 942 Rem
829 882 923 939 tibi
947 880 1276 953 persuadeat
1316 880 1483 936 etiam
1517 880 1607 935 ille
1638 880 1863 951 angelus
1887 878 2074 934 Domi-

511 978 591 1045 ni,
629 976 725 1048 qui
756 990 884 1033 cum
916 976 1093 1045 ipsius
1113 973 1322 1029 Domini
1359 973 1541 1043 specie
1567 972 1797 1026 venitad
1824 973 2075 1025 Azariam

512 1072 749 1142 ejusque
785 1069 965 1126 socios
991 1069 1073 1135 “;
1128 1069 1175 1124 is
1228 1068 1319 1138 qui
1352 1082 1476 1123 cum
1510 1066 1580 1121 sit
1609 1065 1799 1136 igneus
1830 1065 2075 1135 spiritus,

513 1179 707 1235 rogum
748 1160 1061 1233 frigefecit;
1101 1159 1195 1231 qui
1228 1159 1368 1215 roris
1398 1159 1579 1229 potius
1618 1172 1782 1227 quam
1828 1156 1969 1226 ignis
2002 1154 2080 1210 fe-

514 1270 698 1310 racem
729 1253 1006 1307 ﬂammam
1039 1251 1234 1307 eﬂ‘ecit.
1267 1250 1530 1321 Quodque
1562 1250 1823 1306 miraculo
1853 1249 2080 1305 mirabi-

515 1344 622 1401 lius
644 1354 746 1410 est,
784 1358 877 1398 eos
893 1358 1031 1411 quos
1056 1342 1196 1396 intra
1227 1350 1467 1396 ventrem
1499 1340 1714 1395 ﬂamma
1737 1347 2079 1409 conceperat,

516 1438 727 1509 peperit
760 1437 998 1491 illaesos:
1026 1436 1116 1504 qui
1151 1445 1328 1489 autem
1358 1444 1512 1488 extra
1564 1449 1725 1488 suum
1764 1442 2081 1499 conceptum

516 1537 708 1592 erant,
743 1542 841 1582 eos
884 1536 944 1580 ut
986 1525 1184 1594 impios
1219 1522 1608 1592 pessumdedit.
1658 1520 1769 1576 Hoc
1825 1522 2083 1575 nimirum

518 1620 719 1673 divinae
741 1617 957 1672 virtutis
985 1616 1171 1681 robur,
1228 1615 1405 1685 angeli
1463 1615 1705 1685 potentia
1765 1614 2084 1680 fortissima,

519 1709 763 1778 adeoque
792 1706 965 1760 valida
994 1714 1053 1760 ut
1085 1706 1395 1758 universum
1423 1703 1684 1759 mundum
1724 1718 1831 1758 nno
1878 1711 2088 1772 tempo-

2169 679 2359 749 ἀπαχῆ
2392 680 2486 733 καὶ
2512 680 2672 753 ἀέρια
2699 684 2836 755 (Η),
2872 687 2968 741 καὶ
3022 688 3205 760 χάριτι
3255 693 3511 767 ἀφθαρτά
3544 714 3609 750 τε
3651 700 3755 752 καὶ

2171 770 2457 841 ἀνόλεθρα.

2244 863 2311 927 ζ’.
2340 866 2451 919 Καὶ
2479 868 2712 923 πειθέτω
2745 889 2805 926 σε
2832 875 2861 927 6
2903 869 3132 944 ἄγγελος
3188 880 3393 952 Κυρίου
3444 885 3526 949 είς
3579 885 3757 941 αὑτοῦ

2174 955 2269 1047 τοῦ
2291 958 2498 1030 Κυρίου
2523 965 2905 1030 συγκατελθὼν
2924 968 2983 1021 τὸ
3000 964 3139 1034 εἶδος
3154 974 3266 1036 τοῖς
3294 975 3424 1046 περὶ
3459 978 3753 1047 Ἀζαρίαν,

2176 1045 2205 1097 6
2227 1047 2583 1119 πυρέμψυχος
2607 1052 2698 1105 καὶ
2726 1054 2826 1125 τὴν
2854 1056 3032 1127 πυράν
3057 1058 3268 1130 ψύχων,
3333 1045 3377 1117 6
3413 1045 3759 1138 δροσοφόρον

2178 1140 2301 1193 ἀντὶ
2336 1142 2618 1227 πυρφόρου
2676 1146 3012 1212 ἀποτελέσας
3060 1150 3161 1223 τὴν
3194 1153 3367 1224 φλόγα
3390 1172 3407 1188 ⁸
3439 1157 3502 1211 τὸ
3550 1158 3611 1213 δὲ
3650 1162 3760 1216 τοῦ

2181 1232 2493 1301 παραδόξου
2537 1236 2988 1308 παραδοξότερον,
3022 1241 3103 1295 ὃτι
3132 1243 3225 1308 οὓς
3261 1246 3362 1315 μὲν
3391 1246 3540 1302 ἔνδον
3570 1250 3649 1315 ὡς
3694 1255 3759 1306 ἐν

2184 1325 2386 1395 γαστρὶ
2418 1326 2710 1380 συνέλαϐεν
2733 1331 2766 1399 ὴ
2799 1330 2949 1398 φλὸξ.
2975 1332 3288 1405 ἀπεκύησεν
3316 1338 3577 1404 ἀϐλαϐεῖς
3609 1359 3627 1375 ⁸
3657 1346 3762 1411 οὓς

2181 1415 2239 1468 δὲ
2261 1416 2418 1480 ἐκτὸς
2462 1418 2843 1490 ἀσυλλήπτους
2865 1423 3003 1493 ἀμφ’
3052 1426 3223 1497 αὐτὴν
3277 1435 3578 1502 περιεῖχεν,
3631 1436 3764 1489 ἐλυ-

2187 1508 2408 1576 μαίνετο
2446 1510 2663 1575 ἀσεϐεῖς
2688 1527 2702 1541 ⁸
2750 1512 2910 1568 τοῦτο
2950 1518 3121 1587 ῥοπῆς
3142 1518 3291 1584 θείας
3338 1522 3622 1593 δυνάμεως
3654 1528 3766 1595 ἀγ-

2184 1601 2345 1669 γέλου
2371 1602 2588 1669 ἐξουσία
2618 1606 2911 1678 παναλκὴς.
2928 1610 3024 1663 καὶ
3048 1610 3221 1675 οὕτως
3245 1614 3525 1685 ρωμαλέα,
3557 1616 3635 1680 ὼς
3658 1622 3767 1673 καὶ

2186 1696 2390 1764 κόσμον
2442 1696 2563 1751 ὅλον
2616 1700 2675 1751 ὲν
2733 1700 3011 1772 ἀκαριαίῳ
3065 1704 3335 1776 δυναμένη
3398 1707 3765 1779 ὁλοθρεύειν⁸

521 1801 599 1855 ris
630 1806 833 1869 puncto
856 1798 1027 1868 possit
1059 1797 1410 1866 pessumdare
1482 1795 1658 1850 Testis
1691 1793 2086 1860 Senacherimi,

2202 1786 2285 1838 cal.
2310 1787 2515 1857 μάρτυς
2541 1789 2575 1857 ή
2607 1789 2748 1842 me
2776 1790 3082 1863 Σεναχερὶμ
3132 1795 3253 1878 ἐνὸς
3306 1798 3541 1866 ἀγγέλου
3607 1802 3766 1857 θείου

522 1905 618 1960 per
644 1904 812 1943 unum
839 1888 1115 1957 angelum,
1144 1884 1435 1941 Chaldaiea
1469 1894 1731 1940 nocturna
1750 1885 1949 1952 clades,
1982 1899 2089 1953 qua

522 1993 740 2037 centum
769 1979 1043 2049 octoginta
1071 1980 1313 2047 quinque
1357 1978 1584 2033 millium
1617 1979 1903 2033 multitudo
1934 1980 2093 2035 tacite

522 2086 579 2129 et
602 2075 808 2142 absque
833 2070 1013 2143 gladio
1042 2070 1322 2125 interfecta
1350 2069 1451 2125 fuit
1472 2071 1519 2105 ⁵⁸
1544 2088 1559 2125 :
1588 2072 1733 2140 quod
1760 2080 1820 2126 ut
1840 2088 1984 2127 nunc
2004 2088 2092 2127 ce-

523 2167 747 2223 lerrime
772 2165 839 2219 de
864 2164 1226 2234 praesentibus
1258 2178 1475 2233 quoque
1491 2162 1758 2220 Chaldaeis
1783 2166 1895 2228 ﬁat,
1925 2164 2089 2219 Deum

532 2272 812 2327 rogamus.
845 2255 975 2311 Item
1001 2256 1296 2310 translatus
1317 2256 1451 2310 satis
1473 2256 1661 2310 leviter
1691 2254 1792 2311 fuit
1814 2259 1883 2312 ab
1902 2259 2094 2326 angelo

525 2350 877 2407 immateriali
929 2349 1223 2403 niaterialis
1268 2362 1607 2419 carneusque
1651 2347 1972 2403 llahacueus
2027 2351 2095 2403 de

529 2442 834 2498 Jerusalem
886 2441 1087 2497 llnibus
1122 2440 1447 2513 Babylonem
1484 2456 1673 2511 usque,
1704 2442 1883 2496 cibum
1916 2440 2095 2496 ferens

527 2536 792 2606 propheta
826 2534 998 2588 sodali
1056 2548 1158 2587 suo
1204 2533 1479 2605 propheta:
1521 2535 1766 2599 Danieli,
1814 2535 1908 2603 qui
1944 2535 2094 2588 lacus

535 2640 757 2683 carcere
774 2624 1117 2679 detinebatur
1146 2644 1159 2679 :
1197 2627 1583 2694 ingressusque
1606 2633 1689 2679 est
1713 2626 1840 2679 illuc
1866 2633 1919 2678 et
1942 2625 2098 2679 rediit

529 2717 821 2774 incolumis
836 2698 908 2780 ⁸⁸,
931 2715 1001 2770 ob
1033 2715 1368 2785 ﬁgurandam
1391 2714 1591 2769 Christi
1631 2716 1982 2785 sepulturam,
2022 2716 2097 2769 la-

529 2826 629 2867 cus
659 2809 836 2881 sigilla
866 2809 1068 2863 intacta
1100 2822 1428 2862 conservans
1458 2826 1472 2862 :
1505 2816 1564 2862 ut
1588 2808 1726 2862 sicut
1757 2808 2006 2864 Christus
2032 2826 2095 2865 ex

532 2910 712 2959 morte
744 2899 1068 2969 inferisque,
1104 2901 1185 2954 sie
1212 2898 1375 2955 etiam
1405 2899 1667 2968 propheta
1709 2914 1775 2952 ex
1823 2897 1954 2953 feris
2003 2916 2099 2954 an-

534 2992 925 3065 tbropophagis
959 2991 1162 3047 rediret
1205 2991 1531 3057 incolumis,
1584 2990 1872 3046 demittens
1921 2993 2099 3061 potius

533 3099 664 3140 orco
713 3078 834 3138 eos'
864 3081 959 3153 qui
991 3081 1170 3152 ipsum
1229 3081 1295 3136 ad
1354 3096 1544 3135 orcum
1594 3082 1916 3137 detulerant.
1947 3080 2100 3135 Sicut

2187 1878 2467 1950 Χαλδαῖκὴ
2500 1881 2851 1953 νυκτολεθρία
2893 1883 3104 1953 θνῆσις,
3132 1868 3396 1961 ’ἀψοφητὶ
3440 1892 3638 1945 ἑκατὸν
3661 1896 3769 1963 ὀγ-

2187 1966 2452 2037 δοήκοντα
2472 1971 2633 2023 πέντε
2665 1971 2920 2042 χιλιάδων
2945 1977 3156 2047 πληθὺν
3187 1979 3341 2048 ἀξιφὶ
3368 1980 3768 2037 θανατώσασσ⁸

2189 2059 2224 2130 ἢ
2261 2062 2324 2131 δὴ
2355 2063 2593 2146 τάχιστα
2614 2064 2707 2118 καὶ
2730 2066 2824 2119 νῦν
2837 2068 3109 2123 τελεῖσθαι
3137 2073 3195 2125 ἐν
3212 2075 3326 2136 τοῖς
3360 2077 3591 2146 παροῦσι
3615 2080 3774 2132 Χαλ-

2190 2152 2359 2217 δαίοις
2393 2155 2503 2224 (12)
2532 2144 2666 2208 Θεὸν
2708 2158 3051 2231 ἱκετεύομεν
3096 2144 3487 2236 μετεκομίζετο
3542 2170 3601 2223 δὲ
3667 2175 3773 2228 καὶ

2192 2243 2406 2313 κούφως
2446 2246 2549 2299 ὑπὸ
2572 2249 2868 2317 ἀγγελικοῦ
2897 2252 3064 2306 ἀΰλου
3094 2255 3123 2307 6
3183 2256 3369 2321 ἐνυλός
3399 2278 3455 2313 τε
3502 2263 3597 2315 καὶ
3631 2282 3773 2337 σαρ-

2193 2337 2425 2406 κοφόρος
2465 2339 2777 2412 Ἀϐεακοὺμ
2804 2342 2862 2409 ἐξ
2890 2345 3055 2415 ὁρίων
3098 2346 3452 2421 Ἰερουσαλὴμ
3482 2354 3622 2423 πρὸς
3652 2357 3771 2410 Βα-

2195 2426 2428 2520 ϐυλῶνα,
2454 2431 2853 2501 ἐπιφερόμενος
2884 2436 2913 2487 6
2939 2443 3226 2509 προφήτης
3255 2441 3336 2509 τῷ
3386 2451 3772 2520 συμπροφήτῃ

2194 2518 2390 2589 Δανιὴλ
2423 2522 2649 2593 τροφὴν,
2683 2525 2886 2582 λάκκου
2919 2534 3133 2603 φρουρᾷ
3156 2533 3277 2586 τότε
3309 2534 3631 2606 ὑπάρχοντι,
3671 2518 3774 2594 καί

2193 2610 2365 2681 είσῄει
2395 2613 2529 2682 ὁμοῦ
2565 2616 2659 2669 καὶ
2690 2618 2841 2689 ἐξῄει
2867 2622 3212 2691 άλυμάντως,
3243 2626 3325 2689 είς
3383 2629 3625 2698 Χριστοῦ
3669 2637 3775 2687 τά·

2198 2718 2299 2769 φου
2329 2704 2499 2758 τύπον
2531 2708 2830 2779 τηροῦντας
2870 2712 3189 2779 ἐνλακκίους
3230 2721 3531 2787 σφραγῖδας
3553 2737 3569 2753 ⁸
3599 2723 3669 2775 ἵν’
3690 2726 3775 2788 ὡς

2199 2796 2263 2847 ἐκ
2287 2796 2518 2851 θανάτου
2549 2802 2641 2853 καὶ
2675 2801 2800 2873 ᾅδου
2823 2803 3079 2886 Χριστὸς,
3120 2807 3318 2882 ἀνέλθῃ
3353 2812 3445 2864 καὶ
3475 2819 3775 2886 προφήτης

2201 2888 2394 2951 σωθεὶς
2425 2892 2487 2943 ἐκ
2518 2890 2700 2961 θηρῶν
2746 2883 3116 2969 ἀώρολέθρων
3174 2901 3477 2972 ἀντιχαλῶν
3540 2906 3619 2975 τῷ

2199 2983 2325 3043 τοὺς
2354 2982 2512 3034 αὑτὸν
2541 2984 2599 3034 ἐν
2627 2984 2705 3052 τῷ
2735 2985 2837 3058 ᾄδῃ
2870 2990 3306 3058 κατενέγκαντας
3331 3009 3345 3024 ⁸
3395 2994 3649 3068 καθάπερ
3677 3001 3777 3052 ἐπὶ

2200 3072 2308 3123 τῶν
2342 3073 2644 3138 Χαλδαίων,
2677 3077 2944 3141 ίσοτύπως
2978 3082 3271 3150 γεγένηται
3294 3083 3433 3155 αὕτη
3465 3076 3497 3157 ἦ
3532 3087 3635 3155 τῆς
3658 3090 3774 3159 da“-

534 3183 731 3231 contra
780 3173 1099 3236 Chaldmos,
1152 3172 1223 3225 ita
1263 3172 1364 3225 hoc
1409 3171 1636 3241 contigit
1662 3172 1863 3228 decreti
1905 3172 1993 3225 Dei
2026 3175 2098 3225 in-

2203 3178 2304 3229 φου
2343 3163 2476 3216 Θεοῦ
2504 3165 2796 3231 ἀδέκαστος
2827 3169 2973 3240 δίκη,
3001 3171 3111 3226 Τοῦ
3138 3174 3455 3243 ποιοῦντος
3480 3179 3621 3245 τοὺς
3675 3182 3781 3250 ἆγε

537 3274 853 3333 corruptum
875 3262 1166 3331 judicium,
1191 3261 1281 3328 qui
1312 3259 1439 3327 facit
1472 3262 1681 3326 angelos
1711 3276 1832 3314 suos
1861 3262 2100 3330 spiritus,

538 3364 588 3409 et
616 3353 887 3407 ministros
915 3366 1036 3404 suos
1060 3350 1229 3420 ignem
1262 3349 1628 3415 ardentem";
1655 3361 1816 3419 prout
1852 3350 1903 3403 in
1936 3352 2105 3406 sacris

538 3444 763 3501 Litteris
801 3443 941 3498 beati
972 3442 1150 3511 angeli
1177 3457 1317 3510 saepe
1345 3442 1729 3506 nominantur,
1768 3458 1865 3496 ceu
1916 3444 2107 3496 huma-

542 3550 734 3590 narum
771 3533 1086 3603 passionum
1110 3541 1449 3600 purgatores,
1470 3531 1814 3583 amliurentcs
1839 3531 2108 3599 castigan-

542 3638 736 3696 tesque
781 3638 902 3695 qua:
940 3632 1066 3678 sunt
1082 3624 1193 3677 Deo
1221 3613 1513 3689 contraria,
1540 3623 1824 3692 lucemque
1845 3624 2107 3679 obscura-

541 3719 613 3774 tis
647 3714 969 3770 mortalibus
1010 3715 1401 3783 impertientes.

614 3807 669 3862 8.
712 3805 990 3876 Equorum
1017 3820 1236 3875 quoque
1274 3806 1464 3876 ﬁguris
1504 3808 1989 3877 repraesentantur,
2051 3814 2109 3860 ut

543 3900 838 3955 Zacharias
883 3899 960 3952 ait
998 3898 1067 3962 ⁸⁸,
1114 3898 1243 3967 quia
1299 3913 1388 3951 res
1443 3897 1627 3951 divina
1678 3878 1930 3965 qualibet
1966 3896 2108 3950 facili

542 3975 703 4048 cursu
736 3993 926 4046 utitur.
962 3989 1092 4045 Item
1121 3990 1278 4060 quasi
1306 3990 1477 4060 igneae
1509 4000 1638 4046 rotae
1687 3990 1784 4045 visi
1832 4002 1977 4052 sunt,
2009 4006 2108 4044 ceu

543 4085 637 4155 qui
673 4084 947 4140 ccclestem
980 4083 1248 4151 sphaeram
1280 4084 1621 4137 circumeunt
1665 4083 1831 4137 simul
1871 4092 1926 4135 et
1959 4083 2111 4136 habi-

545 4186 681 4232 tant.
738 4174 851 4230 Vox
884 4176 1082 4245 quippe
1117 4177 1336 4229 tonitrui
1385 4179 1461 4231 tui
1496 4178 1551 4230 in
1588 4186 1706 4230 rota
1734 4178 1801 4229 δ’.
1845 4178 2024 4243 Quare
2058 4185 2113 4231 et

545 4284 712 4324 curru
737 4269 896 4340 igneo
928 4267 1075 4323 Elias
1113 4266 1398 4325 Thesbites
1431 4270 1495 4323 de
1528 4279 1670 4325 terra
1698 4272 1995 4325 assumitur
2025 4271 2068 4301 ⁸ο
2094 4287 2109 4324 :

547 4361 642 4432 qui
674 4370 828 4432 typus
858 4360 1183 4416 manifestus
1218 4362 1339 4428 fuit,
1361 4361 1718 4433 quadriiugus
1750 4362 1959 4418 scilicet
1985 4378 2111 4416 cur-

2204 3254 2420 3321 γέλους
2444 3258 2629 3312 αὐτοῦ
2657 3263 2989 3330 πνεύματα,
3030 3265 3131 3319 καὶ
3186 3267 3327 3334 τοὺς
3383 3272 3777 3341 λειτουργοὺς

2205 3348 2391 3404 αὐτοῦ
2415 3350 2533 3419 πῦρ
2580 3352 2809 3424 φλέγτδν
2833 3372 2847 3387 ⁸
2890 3356 3014 3410 καθ’
3042 3358 3078 3414 ἃ
3107 3360 3213 3413 ὑπὸ
3237 3361 3343 3414 τῶν
3385 3363 3546 3433 ίερῶν
3593 3364 3781 3433 λόγων

2206 3440 2256 3491 οἱ
2293 3442 2551 3512 μακάριοι
2577 3449 3073 3520 προσαγορεύονται
3104 3452 3347 3522 ἄγγελοι,
3368 3450 3526 3525 οἶμαι
3553 3474 3681 3519 που,
3700 3459 3783 3523 ὡς

2209 3533 2536 3603 καθαρτικοὶ
2577 3539 2837 3604 πολλάκις
2868 3541 2978 3595 τῶν
3007 3544 3365 3615 ἀνθρωπίνων
3399 3546 3608 3611 παθῶν,
3642 3567 3783 3602 καυ-

2211 3627 2387 3676 στικοὶ
2416 3624 2507 3678 καὶ
2537 3636 2899 3700 τιμωρητικοὶ
2925 3634 3033 3686 τῶν
3055 3637 3313 3689 ἐναντίων
3352 3637 3511 3702 Θεοῦ,
3542 3640 3635 3693 καὶ
3658 3658 3779 3709 φω-

2210 3715 2302 3776 τὸς
2332 3718 2674 3784 μεταδοτικοὶ
2712 3723 2824 3784 τοῖς
2853 3713 3181 3791 ἀφωτίστοις
3220 3726 3450 3796 βροτῶν.

2281 3812 2351 3875 η’.
2384 3808 2594 3860 Ἵππων
2621 3810 2679 3862 δὲ
2706 3811 2868 3864 πάλιν
2900 3813 3134 3883 ὁρῶνται
3194 3820 3306 3881 τοῖς
3345 3820 3639 3890 σχήμασιν,
3700 3823 3783 3887 ὡς

2210 3898 2483 3967 Ζαχαρίας
2510 3891 2695 3969 φησιν,
2735 3902 2811 3966 ὡς
2842 3902 3122 3976 ὀξυπόρως
3149 3910 3310 3962 παντὶ
3343 3911 3419 3982 τῷ
3473 3913 3600 3985 Θείῳ
3658 3915 3782 3968 δια·-

2210 3990 2452 4057 τρέχοντι
2478 4006 2491 4019 ⁸
2516 3990 2724 4060 τροχῶν
2749 3992 2807 4044 δὲ
2847 3995 3093 4065 πυρίνων
3130 3998 3206 4062 ὡς
3237 4000 3330 4053 τὸν
3363 4003 3616 4073 οὐράνιον
3679 4025 3781 4059 πε-

2212 4081 2556 4153 ριπολοῦντες
2580 4085 2717 4155 ὁμοῦ
2751 4088 2846 4140 καὶ
2874 4090 3150 4155 οἰκοῦντες
3182 4095 3372 4165 τροχόν
3395 4112 3410 4127 ⁸
3443 4098 3614 4166 Φωνὴ
3670 4102 3783 4170 γὰρ

2211 4175 2366 4243 φησι,
2399 4174 2508 4244 τῆς
2530 4177 2799 4247 ,βροντῆς
2824 4196 2941 4236 σου
2968 4184 3039 4238 ἐν
3062 4182 3141 4249 τῷ
3195 4184 3385 4256 τροχῷ
3412 4204 3426 4217 ⁸
3460 4190 3540 4243 διὸ
3587 4192 3683 4243 καὶ
3720 4195 3784 4244 ἐν

2214 4266 2419 4336 ἅρματι
2489 4269 2659 4339 πυρὸς
2700 4271 2878 4326 Ἠλίου
2929 4275 2957 4326 6
3005 4275 3269 4347 Θεσϐίτης
3332 4278 3439 4333 ἀπὸ
3488 4281 3592 4350 γῆς
3643 4283 3785 4335 ἀνα-

2212 4358 2545 4428 λαμϐάνεται
2568 4378 2581 4391 ⁸
2615 4363 2752 4433 ὅπερ
2782 4365 2949 4429 τύπος
3002 4363 3070 4438 ἦν
3101 4369 3296 4441 σαφὴς,
3333 4374 3394 4424 τὸ
3432 4372 3531 4442 μὲν
3552 4373 3778 4443 τέθριπα

546 4472 665 4519 rus,
716 4455 974 4523 quoniam
1008 4470 1074 4508 ex
1120 4464 1357 4524 quatuor
1405 4458 1689 4511 elementis
1746 4471 1997 4511 concreta
2029 4469 2098 4512 est

2213 4463 2314 4499 πον
2343 4446 2495 4518 ἅρμα
2528 4452 2591 4502 ἐκ
2611 4451 2720 4502 τῶν
2754 4453 3035 4524 τεσσάρων
3081 4457 3360 4527 στοιχείων
3416 4466 3784 4531 συγκειμένης

549 4557 737 4603 nostra
769 4557 987 4611 natura,
1027 4562 1137 4601 non
1165 4548 1283 4602 sine
1314 4563 1418 4615 qua
1451 4549 1503 4602 in
1541 4549 1737 4603 cmlum
1766 4564 1955 4604 sursus
1980 4566 2109 4604 con-

549 4636 762 4691 scendit
809 4638 901 4704 qui
938 4637 1077 4691 hanc
1107 4636 1339 4705 gestavit
1365 4645 1421 4691 et
1463 4636 1640 4701 rexit,
1706 4646 1865 4707 prout
1920 4638 2111 4703 voluit,

551 4728 703 4784 Deus
729 4726 988 4784 Verbum.
1024 4727 1159 4799 Equi
1193 4738 1372 4784 autem
1408 4731 1671 4801 regalium
1698 4747 1917 4786 currum
1947 4772 1961 4796 ,
1990 4747 2117 4785 san-

550 4830 760 4876 ctorum
793 4820 1108 4891 angelorum
1142 4822 1322 4892 imago
1367 4832 1559 4877 erant:
1593 4822 1794 4878 Currus
1825 4827 1968 4878 enim
1998 4824 2115 4891 Dei,

552 4912 729 4982 inquit
753 4952 768 4977 ,
804 4912 978 4965 decem
1022 4912 1193 4965 millia
1220 4915 1603 4967 convivantium
1636 4924 1684 4968 et
1725 4914 1915 4983 festum
1960 4931 2120 4985 agen-

556 5004 690 5059 tium
721 5005 786 5057 “.
820 5004 1047 5074 Aspexit
1083 5006 1245 5058 etiam
1272 5004 1460 5060 Daniel
1494 5005 1548 5059 in
1582 5006 1789 5061 visione
1816 5006 1989 5060 virum
2021 5009 2121 5061 huc

556 5110 716 5150 mana
747 5111 980 5167 prorsus
1019 5097 1199 5165 specie
1235 5096 1289 5150 in
1342 5097 1542 5151 throno
1586 5096 1862 5153 sedentem
1890 5138 1906 5161 ,
1964 5099 2120 5152 Anti-

555 5204 725 5259 quum
761 5189 971 5243 dierum
1023 5188 1191 5243 Deum
1227 5207 1240 5243 :
1278 5188 1349 5242 Et
1384 5189 1558 5244 millia
1598 5190 1826 5243 millium
1855 5230 1870 5256 ,
1925 5190 2120 5260 inquit,

560 5280 873 5334 assistebant
901 5283 984 5347 ei,
1018 5291 1068 5335 et
1101 5280 1245 5334 mille
1280 5280 1543 5350 myriades
1576 5281 1947 5335 ministrabant
1980 5284 2027 5335 ei
2056 5284 2120 5337 ⁵⁸.

630 5423 678 5457 ⁸⁸
711 5423 753 5477 ll
782 5422 961 5477 Paral.
991 5438 1143 5486 xxvr,
1184 5422 1251 5474 i7
1291 5437 1443 5491 seqq.

1544 5422 1589 5454 ⁵⁵
1614 5419 1680 5473 ιν
1747 5419 1879 5489 Reg.
1912 5438 2024 5485 six,
2057 5424 2145 5479 55.

2215 4539 2370 4609 ἡμῶν
2399 4540 2634 4609 φύσεως,
2672 4543 2789 4612 μεθ’
2807 4540 2874 4617 ἧς
2900 4547 2995 4600 καὶ
3028 4549 3109 4611 είς
3128 4548 3353 4619 οὐρανὸν
3381 4551 3588 4605 ἀνωθεν
3614 4554 3783 4625 ἀνῆλ-

2211 4632 2303 4684 θεν
2328 4634 2357 4685 6
2384 4633 2589 4704 ταύτην
2622 4637 2859 4705 φορέσας
2896 4640 2990 4692 καὶ
3016 4642 3309 4711 ἡνιοχήσας
3329 4643 3513 4708 καθὼς
3540 4646 3782 4720 ἠϐουλή-

2212 4724 2277 4794 θη
2305 4725 2436 4789 Θεὸς
2471 4727 2663 4796 Δόγος.
2686 4730 2747 4782 Οί
2777 4730 2834 4783 δὲ
2866 4732 3023 4785 ἵπποι
3050 4734 3158 4786 τῶν
3172 4734 3464 4803 βασιλικῶν
3489 4737 3787 4807 ὀχημάτων

2214 4817 2385 4885 ἁγίων
2409 4820 2660 4887 ἀγγέλων
2695 4822 2941 4895 ὑπῆρχον
2976 4826 3281 4894 ὑπόδειγμα
3310 4842 3325 4857 ⁸
3360 4828 3436 4882 Τὸ
3483 4832 3593 4899 τὰρ
3626 4831 3787 4900 ἅρμα

2216 4910 2320 4964 τοῦ
2349 4912 2517 4975 Θεοῦ,
2535 4915 2685 4982 φησὶ,
2710 4918 3149 4983 μυριοπλάσιον
3171 4919 3437 4986 χιλιάδες
3457 4922 3784 4989 εὐθηνούνι

2217 5018 2336 5055 των
2366 5006 2463 5058 καὶ
2500 5000 2933 5071 ἑορταζόντων-’⁸
2975 5003 3082 5061 εῐδε
3121 5009 3180 5063 δὲ
3234 5012 3329 5063 καὶ
3367 5012 3567 5083 Δανιὴλ
3622 5011 3699 5075 ὡς
3724 5015 3785 5067 ἐν

2216 5097 2404 5165 ὁράσει
2432 5097 2598 5165 ἄνδρα
2626 5097 2789 5150 πάλιν
2813 5100 3281 5172 ἀνθρωπόμορφον
3313 5104 3405 5156 ἐπὶ
3431 5102 3620 5173 θρόνου
3669 5105 3785 5157 ἐνι-

2217 5190 2500 5261 δρυμένον,
2530 5191 2620 5244 τὸν
2634 5192 2866 5245 Παλαιὸν
2894 5193 3003 5247 τῶν
3023 5194 3244 5267 ἡμερῶν
3269 5195 3402 5250 Θεόν
3424 5212 3437 5227 ⁸
3468 5196 3577 5251 Kal
3597 5197 3787 5265 χίλιαι

2218 5283 2507 5352 χιλιάδες,
2545 5286 2697 5354 φησὶ,
2730 5286 3242 5352 παρειστήκεισαν
3267 5285 3426 5352 αὐτῷ
3462 5288 3558 5340 καὶ
3581 5288 3787 5357 μύριαι

2222 5426 2293 5497 ζ⁵⁶
2316 5426 2451 5497 Dan.
2487 5426 2688 5493 xw,!32
2710 5444 2861 5495 seqq.
2956 5429 3001 5460 ⁸⁷
3028 5427 3173 5484 Psal.
3205 5445 3321 5493 cm,
3353 5430 3423 5497 4;
3455 5428 3619 5486 llebr.
3656 5447 3695 5492 ι.
3728 5432 3780 5486 7.

560 5492 608 5527 ⁸⁸
646 5493 874 5548 Zaehar.
914 5508 951 5557 ι,
983 5494 1036 5547 8.
1091 5482 1138 5524 ’ί
1167 5491 1313 5547 Psal.
1348 5482 1535 5555 ιξίινι,
1564 5492 1651 5545 19.
1719 5491 1771 5521 ⁸⁸
1804 5482 1869 5542 ΠΙ
1907 5482 2039 5560 lieg.
2073 5511 2098 5547 n

2204 5482 2250 5551 lt
2329 5498 2371 5529 “
2400 5495 2546 5552 Psal.
2583 5482 2753 5563 ῖκνιι,
2787 5482 2874 5553 IIIS.
2952 5500 2995 5530 “
3026 5482 3171 5557 Dan.
3195 5482 3386 5565 vu,'9:

632 5658 745 5729 (ll)
778 5657 853 5711 De
884 5657 1187 5729 substantia
1222 5657 1536 5729 angelorum
1566 5668 1707 5729 notae
1736 5664 1863 5713 sunt
1896 5654 2119 5713 Patrum

560 5727 725 5785 variae
755 5729 1056 5797 opiniones.
1093 5727 1318 5784 Videsis
1333 5730 1521 5783 saltem
1551 5728 1853 5783 Petavium.

636 5798 748 5869 (12)
778 5798 1053 5869 lntelligit,
1089 5811 1218 5870 puto
1239 5841 1254 5869 ,
1299 5798 1616 5857 Theodorus
1648 5799 2125 5861 Molrammedanos

2224 5664 2318 5734 qui
2343 5680 2407 5720 ex
2436 5666 2625 5720 intima
2642 5667 2766 5722 Asia
2799 5669 3063 5725 adversus
3087 5669 3333 5725 Graecum
3351 5672 3781 5735 Christianorum

2228 5737 2515 5807 imperium
2542 5740 2756 5809 magnis
2781 5740 2988 5798 viribus
3018 5744 3397 5800 adventabant.
