3944 6456
133 397 232 468 741
1071 415 1353 477 ORATIO
1385 417 1485 478 VI.
1514 419 1680 479 —1N
1745 419 2073 483 SANCTOS
2117 424 2482 489 ANGELOS.
3315 435 3422 500 742

122 526 418 595 μυριάδες
466 528 893 600 ἐλειτούργουν
955 532 1154 599 αὐτῷ·
1217 535 1354 588 ἀλλά
1409 536 1582 592 ταῦτα
1629 537 1699 607 μὲ

1833 535 1936 592 Sed
1979 540 2090 595 haec
2123 543 2362 610 quidem,
2391 554 2444 598 et
2470 558 2814 616 quaecunque
2839 545 3152 617 hujusmodi
3181 561 3330 622 sunt,
3360 558 3416 613 in

129 622 226 674 καὶ
257 623 361 674 ὅσα
387 622 612 679 τοιαῦτα
641 627 700 676 ὲν
737 627 802 695 τῇ
835 625 1154 697 ΙΙαλαιᾷ,ὠς
1179 629 1236 681 ὲν
1255 629 1496 700 δράμασι
1520 631 1613 684 καὶ
1635 632 1699 683 ὅτι

1844 627 2036 688 Vetere
2056 630 2410 688 Testamento
2429 636 2733 692 visionibus
2757 647 2810 692 et
2833 641 3267 709 apparitionibus
3285 644 3418 717 figu-

126 713 350 776 τασίαις
375 714 732 768 διετυποῦντο
789 719 913 771 ἐπεὶ
927 718 1052 771 οὗτε
1081 719 1269 774 οὐσίαν
1297 721 1432 774 Θεοῦ
1459 721 1583 775 οὔτε
1600 741 1699 794 μορ

1841 721 2135 790 rebantur;
2162 729 2418 795 quoniam
2447 728 2540 784 Dei
2564 731 2926 788 substantiam
2952 750 3130 804 neque
3159 736 3414 809 formam,

126 806 258 876 φὴν,
305 807 432 858 οὔτε
478 808 665 878 σχῆμα
693 807 820 862 οὔτε
853 809 990 874 εἰδος
1027 810 1153 864 οὔτε
1192 810 1387 875 κάλλος
1425 831 1507 876 τις
1540 813 1699 866 τῶνὲ

1833 826 2012 882 neque
2023 815 2275 886 ﬁguram,
2295 833 2470 890 neque
2487 821 2934 894 spcciem,ueque
2950 806 3414 895 pulchritudinem

130 899 302 966 σαρκὶ
348 892 460 951 εἶδε
506 898 878 965 πώποτε,οῦτε
905 901 1139 956 εἰδέσθαι
1167 902 1411 971 δύναται,
1437 903 1511 968 ὼς
1539 906 1567 957 6
1593 903 1699 973 ἰερὸ

1830 904 2127 975 quisquam
2173 908 2228 961 in
2270 925 2432 966 carne
2463 914 2655 969 vivens
2704 931 2945 985 unquam
2978 922 3210 987 aspexit,
3242 938 3418 992 neque

126 990 282 1058 ἡμᾶς
339 989 584 1044 διδάσκει
646 993 820 1060 Λόγος
844 1007 859 1022 '
920 993 1037 1047 ἀλλ’
1094 993 1217 1049 οὔτε
1253 995 1488 1066 ἀγγέλου
1517 995 1616 1066 τὴν
1634 995 1728 1048 οὐ-

126 1083 252 1136 σίαν
287 1083 322 1152 ἦ
353 1100 440 1148 τις
485 1086 702 1155 ἴσχυσεν
735 1085 768 1158 ἢ
797 1086 1077 1143 ἐθεάσατο.

204 1264 278 1321 θ’.
310 1264 528 1318 Οὐκοῦν
554 1265 717 1336 δεῦρο
746 1266 857 1320 ἀπὸ
882 1268 981 1337 τῆς
1020 1268 1179 1331 σκιᾶς
1209 1269 1302 1323 ἐπὶ
1355 1272 1456 1343 τὴν
1509 1273 1718 1344 Καινὴν

121 1354 408 1425 Διαθήκην
429 1355 673 1424 διάϐηθι,
698 1357 797 1410 καὶ
828 1356 926 1422 τὰς
947 1359 1249 1428 ἀγγελικάς
1276 1364 1599 1436 τρανότερον
1615 1366 1722 1420 δια-

120 1446 310 1510 κονίας
331 1447 708 1502 κατόπτευσον
740 1466 756 1481 ο
774 1451 898 1516 ἥκει
915 1449 1121 1521 μὲνοῦν
1175 1471 1307 1507 ποτε
1332 1455 1608 1526 χοράρχης
1625 1456 1721 1509 καὶ

119 1539 227 1591 τῶν
293 1540 612 1612 προκρίτων
667 1545 696 1596 6
755 1543 980 1616 ἔξαρχος
1029 1545 1129 1616 τῆς
1205 1547 1468 1602 ἀνωτάτω
1515 1549 1719 1621 φύτλης

118 1630 226 1685 τῶν
291 1632 610 1700 ἀσωμάτων
670 1633 1020 1706 λειτουργῶν,
1058 1639 1348 1710 ὲκφάντωρ
1411 1641 1716 1714 θεομύστης

118 1720 225 1773 τῶν
279 1723 616 1794 ἀπορρήτων
665 1724 762 1777 τοῦ
818 1725 956 1779 Θεοῦ
1024 1727 1162 1798 πρὸς
1228 1729 1551 1800 ἀνθρώπους
1614 1749 1712 1802 μυ-

119 1817 386 1887 στηρίων,
443 1817 688 1888 Γαϐριὴλ
751 1818 781 1872 6
835 1819 1139 1884 θεοείκελος
1190 1812 1414 1892 λάτρις’
1446 1825 1708 1894 φερέχαι-

120 1880 237 1979 ρος..
263 1880 574 1980 χοροποιὸς,
631 1880 770 1982 πρὸς
832 1911 933 1983 τὴν
1013 1880 1266 1984 βροτείαν
1297 1880 1492 1985 ’φῦσιν
1518 1880 1540 1981 ⁸,
1585 1880 1703 1970 "aut
1741 1880 1782 1938 Β

117 2003 253 2072 πρὸς
326 2002 681 2074 πανάφθορον
746 2004 961 2075 κόρην·
1022 2005 1162 2077 πρὸς
1222 2006 1290 2076 ἢν
1351 2006 1526 2077 εἰσῄει
1601 2009 1701 2077 τὴν

119 2097 336 2166 μορφὴν
370 2095 542 2150 αὐτοῦ
583 2095 707 2149 κατ’
740 2097 948 2164 οὐσίαν,
992 2098 1066 2161 ὡς
1103 2097 1250 2151 ἔστιν
1292 2098 1600 2161 ἐπιδεικνὺς
1633 2101 1698 2169 τῇ

117 2189 452 2259 πανσέμνῳ*
483 2191 620 2259 μόνη
674 2190 784 2260 γάρ
817 2191 849 2260 ὴ
906 2191 1037 2258 ἀγία
1076 2190 1458 2255 Θεοτόκος,ὦς
1513 2210 1699 2261 φασιν,

116 2282 420 2352 ἀγγελικὴν
468 2281 545 2345 ὡς
589 2281 703 2335 ἔστι
735 2283 829 2335 καὶ
852 2283 926 2346 ὡς
952 2283 1199 2352 γέγονεν,
1236 2285 1437 2338 ἰδέσθαι
1479 2285 1701 2355 δεδύνη-

116 2390 223 2437 ται,
258 2373 330 2426 ἶν’
355 2375 424 2426 ἐκ
443 2371 540 2426 τοῦ
566 2372 796 2436 κάλλους
816 2373 910 2426 τοῦ
935 2374 1186 2429 δουλικοῦ
1217 2376 1618 2448 ὑπερθαυμάσῃ
1640 2377 1702 2430 τὸ

117 2466 306 2530 κάλλος
327 2467 396 2520 τὸ
411 2467 746 2521 Δεσποτικόν
778 2484 792 2498 ο
820 2467 899 2522 διὸ
928 2468 1026 2522 καὶ
1053 2469 1350 2540 προστάξει
1383 2470 1503 2542 θείᾳ
1528 2470 1700 2543 εἰσῄει

116 2560 249 2630 πρὸς
313 2560 497 2631 αὐτὴν
551 2561 580 2613 6
630 2560 1095 2632 ἀρχιστράτηγος,
1154 2562 1352 2627 κάλλος
1416 2564 1702 2635 ἀμήχανον

117 2655 248 2724 αὐτῇ
285 2653 729 2724 ἐνδεικνύμενος,
762 2656 859 2708 καὶ
896 2655 1117 2727 μορφὴν
1151 2657 1336 2710 αὐτῶν
1380 2657 1491 2712 τῶν
1541 2659 1698 2730 ἡλια-

117 2747 226 2800 κῶν
279 2747 524 2802 ἀκτίνων
588 2747 976 2819 λαμπροτέραν
1049 2749 1464 2818 τυγχάνουσαν,
1519 2751 1704 2820 ἡρέμα

117 2838 548 2907 προσδιανοίγων
578 2841 642 2908 τῇ
703 2839 927 2909 ἀφθόρῳ
958 2838 1056 2910 τὴν
1088 2839 1438 2911 πανάφθορον
1480 2842 1577 2910 τῆς
1624 2843 1703 2894 οἰ-

117 2932 266 2994 κείας
304 2931 530 3001 μορφῆς
570 2930 811 3001 ἰδιότητα
837 2945 850 2960 ⁸
884 2931 1006 2986 ὅθεν
1039 2931 1137 2985 καὶ
1168 2927 1308 2986 εἶδεν
1340 2928 1476 2996 εἶδος
1504 2934 1701 3004 μικροῦ

119 3027 207 3076 καὶ
228 3025 403 3077 ἀϊδίου
427 3025 708 3094 ἀπορροῆς
728 3023 1174 3095 ἀνταπαύγασμα
1193 3040 1206 3053 °
1232 3019 1371 3079 εῖδεν
1387 3024 1535 3095 ὥραν
1563 3026 1703 3096 ὑπὲρ

117 3115 258 3185 ῶραν
289 3115 645 3187 ὡραϊσμένην
663 3115 995 3188 ὡραιότητκ
1011 3132 1025 3145 ·
1054 3111 1160 3170 εἶδε
1180 3116 1410 3179 κάλλους
1435 3117 1703 3187 λαμπηδό-

115 3225 180 3260 να
213 3209 373 3277 ξένην
404 3206 438 3276 ἢ
467 3206 608 3261 κατά
649 3206 936 3277 συνήθειαν
969 3223 984 3239 ·
1020 3199 1162 3260 εἶδεν
1195 3207 1382 3268 οὐσίας
1409 3207 1700 3274 ἀσωμάτου
1730 3220 1773 3280 c

119 3298 491 3371 μαρμαρυγὰς
537 3297 986 3370 ὑπερὸαλλοῦσας
1029 3299 1129 3362 τάς
1164 3299 1397 3369 ήλιακάς
1420 3315 1434 3329 °
1472 3295 1580 3352 εἶδε
1610 3301 1698 3351 λο-

116 3393 269 3458 γικοῦ
324 3391 611 3462 έωσφόρου
649 3389 880 3456 ἀείζωον
911 3391 1092 3460 αὑγήν
1128 3407 1142 3421 ο
1177 3386 1287 3444 εἶδε
1331 3391 1504 3459 φλόγα
1535 3390 1696 3459 ψυχι-

117 3484 213 3554 κὴν
237 3524 254 3547 ,
287 3481 478 3554 νοεροῦ
521 3483 692 3551 φάους
726 3483 1250 3553 συναστράπτουσαν
1300 3482 1492 3552 αἴγλην
1527 3501 1541 3515 ο
1575 3483 1698 3535 ὃθεν

117 3575 186 3638 ὡς
212 3576 313 3629 οὐκ
347 3576 515 3630 άῦλον
548 3575 941 3629 κατατέθεικεν
973 3577 1006 3646 ἡ
1049 3577 1361 3647 πάνσεμνος
1401 3574 1495 3628 τοῦ
1529 3575 1696 3642 ἀγγέ-

117 3668 202 3721 λου
246 3669 345 3740 τὴν
381 3667 618 3738 θεωρίαν
663 3668 798 3737 ὁμοῦ
831 3667 928 3721 καὶ
981 3669 1295 3739 συντυχίαν,
1329 3667 1404 3731 ὡς
1455 3667 1638 3721 ἰδίὗσα
1671 3667 1699 3719 ὃ

117 3762 240 3831 άλλη
284 3763 385 3815 οὐκ
419 3761 643 3826 ἐδέξατο
672 3761 855 3830 φύσις.

185 3853 234 3909 ι’.
267 3857 559 3924 Δεσμείται
603 3854 659 3907 δὲ
722 3854 817 3906 καὶ
859 3852 1136 3924 Ζαχαρίας
1181 3854 1247 3921 τῇ
1293 3850 1508 3921 ἀφωνία
1539 3850 1696 3918 ἁγίου

118 3948 424 4018 ἀπιστήσας
484 3945 764 4014 ἀγγέλουο
825 3945 950 3997 ἐπεὶ
995 3944 1106 4015 γὰρ
1173 3943 1398 4013 ἔμελλεν
1433 3944 1515 4005 εἰς
1580 3942 1697 4009 φῶς

120 4039 480 4112 προέρχεσθαι
515 4040 576 4091 ὲκ
602 4036 842 4108 γαστρὸς
867 4039 895 4090 6
914 4037 1008 4090 τοῦ
1035 4036 1214 4105 φωτὸς
1242 4035 1554 4107 πρόδρομος
1601 4034 1696 4087 τοῦ

119 4132 365 4203 ἀληθινοῦ
413 4131 690 4202 Ἰωάννης,
726 4128 957 4201 ἡφωνὴ
1002 4127 1246 4199 δηλονότι
1291 4128 1398 4182 τοῦ
1426 4126 1698 4192 ,ϐοῶντος

120 4226 182 4277 ἐν
210 4224 284 4293 τῇ
313 4223 517 4294 ἐρήμῳ
551 4225 682 4294 ἡμῖν
715 4224 829 4286 τοῖς
880 4220 938 4288 ἐξ
995 4220 1165 4273 ἐθνῶν
1204 4219 1533 4290 Ἐκκλησίας
1554 4259 1568 4283 ,
1600 4218 1696 4271 τοῦ

121 4319 275 4387 νόμου
307 4319 544 4388 γέροντα
578 4315 755 4383 λέγων
779 4332 797 4350 ο
830 4307 892 4367 οῦ
927 4314 1098 4368 τύπον
1138 4313 1422 4384 ὲκκληρῶν
1455 4313 1482 4364 6
1515 4311 1698 4380 πατὴρ

122 4407 412 4478 Ζαχαρίας,
460 4405 748 4474 προτίκτει
813 4404 907 4458 τοῦ
967 4404 1206 4473 Χριστοῦ
1263 4405 1439 4475 μῆνας
1490 4402 1548 4469 ἒξ
1607 4403 1698 4454 τὸν

134 4498 379 4569 Ἰωάννην
412 4516 426 4530 ·
465 4501 589 4552 Οὐκ
638 4493 720 4567 ἦν
755 4497 864 4568 γὰρ
897 4497 1129 4561 ἐκεῖνος
1159 4497 1227 4550 τὸ
1281 4495 1408 4564 φῶς
1434 4512 1449 4527 ο
1489 4495 1582 4548 καὶ
1611 4494 1699 4548 διὰ

121 4590 269 4645 τοῦτο
321 4590 434 4662 πρὸ
483 4590 543 4654 ἓξ
582 4589 696 4659 ἔχει
735 4589 827 4642 τὸν
865 4588 1124 4659 Ἰωάννην
1152 4605 1166 4619 ο
1212 4587 1332 4657 μεθ’
1362 4588 1420 4640 ὃν
1454 4587 1692 4657 Χριστὸς

121 4682 323 4753 ἐτέχθη,
356 4683 435 4744 ὡς
463 4681 666 4751 ἑϐδόμη
718 4695 805 4743 τις
848 4679 1032 4749 ἡμέρα
1065 4695 1078 4710 ·
1116 4678 1278 4741 αὐτὸς
1307 4678 1414 4748 γάρ
1438 4679 1583 4731 ἐστιν
1614 4677 1688 4740 ὡς

123 4774 323 4842 ἀληθῶς
349 4773 515 4844 ἡμῶν
549 4770 789 4842 μυστικὴ
806 4769 913 4822 τῶν
937 4770 1233 4824 Σαϐϐάτων
1261 4771 1591 4832 ἀνάπαυσις,
1625 4769 1691 4838 ἣν

125 4864 406 4934 εὐλόγησεν
439 4865 467 4916 ό
497 4862 605 4916 τῶν
636 4862 775 4915 ὅλων
803 4861 936 4919 Θεδς
970 4860 1064 4912 καὶ
1097 4861 1324 4931 ἡγίασεν
1349 4879 1362 4892 ο
1399 4863 1480 4913 ὃτι
1511 4861 1569 4912 ἐν
1596 4860 1692 4913 αὐ-

123 4959 180 5026 τῇ
212 4959 302 5010 καὶ
340 4955 411 5010 δι’
433 4955 604 5025 αὐτῆς
627 4953 977 5008 κατέπαυσεν
1004 4952 1111 5004 ἀπὸ
1135 4953 1356 5006 πάντων
1382 4951 1489 5006 τῶν
1514 4951 1691 5021 ἔργων

125 5049 272 5102 αὑτοῦ
297 5065 311 5078 ·
341 5049 440 5102 καὶ
490 5047 654 5109 αὐτός
698 5047 847 5099 ἐστιν
879 5045 1047 5108 δντως
1081 5043 1286 5114 ἀληθὴς
1312 5043 1412 5113 τῆς
1445 5043 1692 5112 μεγάλης

126 5139 306 5208 βουλῆς
345 5138 441 5193 τοῦ
461 5138 677 5211 Πατρὺς
703 5137 1095 5207 Ἀρχάγγελος,
1121 5137 1215 5190 καὶ
1240 5135 1400 5198 αὐτὸς
1432 5135 1633 5206 Κύριος
1664 5137 1692 5188 6

125 5235 239 5297 θεὸς
261 5234 551 5303 δυνάμεων
583 5247 597 5259 ’
630 5229 820 5300 διόπερ
854 5229 1001 5300 αὑτῷ
1032 5230 1319 5283 ὑπείκουσι
1351 5230 1443 5282 καὶ
1466 5229 1686 5282 δουλεύ-

126 5342 228 5378 ουσι
281 5327 378 5380 καὶ
441 5320 782 5376 διακονοῦσιν
855 5323 913 5374 ὲν
974 5322 1140 5374 παντὶ
1192 5323 1377 5392 τρόπῳ
1434 5321 1527 5374 καὶ
1597 5323 1686 5374 τό-

235 5417 330 5484 τῆς
382 5415 654 5482 ὲνσάρκου
715 5413 1027 5483 οἰκονομίας
1083 5412 1250 5465 αὑτοῦ
1293 5414 1341 5465 οἰ
1380 5413 1528 5481 ἀγιοι
1592 5414 1689 5466 καὶ

128 5506 484 5577 φιλάνθρωποι
515 5507 590 5568 ὠς
635 5504 1001 5574 φιλανθρώπῳ
1027 5505 1272 5575 Δεσπὸτῃ
1319 5505 1369 5556 οἰ
1421 5505 1643 5572 ἄγγελοι
1673 5522 1684 5534 ·

129 5600 207 5652 καί
246 5618 373 5653 ποτε
437 5599 538 5670 μὲν
588 5596 757 5650 αὐτοῦ
811 5596 1166 5667 γεννηθέντος
1196 5597 1260 5649 τὸ
1297 5597 1438 5651 κατὰ
1482 5599 1684 5667 σάρκα,

129 5690 332 5758 ἄγγελοι
387 5687 841 5761 πρωτογνὼστως
888 5690 1005 5752 τοῖς
1051 5687 1306 5758 ποιμέσιν
1356 5689 1684 5759 ἐπέστησαν,

134 5782 609 5851 μυοταγωγοῦντες
637 5779 860 5842 τούτους
887 5782 956 5849 τῇ
993 5780 1049 5831 ὲν
1075 5777 1321 5850 Βηθλεὲμ
1350 5781 1516 5834 αὑτοῦ
1546 5799 1681 5851 φατ-

1724 4577 1769 4636 D

188 5898 230 5932 ⁸³
261 5900 365 5954 lsa.
403 5915 488 5962 ιι,
525 5898 578 5952 5.
659 5899 703 5930 ⁸³
731 5896 888 5954 Joau.
921 5899 1053 5970 1,8.

1828 999 2073 1067 aspicere
2099 1010 2298 1071 potest,
2328 1018 2428 1060 ceu
2460 1021 2630 1061 sacra:
2675 1023 2775 1064 nos
2800 1009 2999 1064 docent
3027 1010 3265 1067 Litterae.
3306 1015 3412 1070 Sed

1829 1104 1900 1146 ne
1925 1093 2100 1164 angeli
2122 1096 2342 1166 quidem
2370 1101 2734 1154 substantiam
2771 1103 3062 1174 quisquam
3107 1107 3286 1175 potuit
3335 1109 3415 1161 vi-

1826 1181 1976 1237 dere.

1894 1273 1947 1328 9.
1982 1275 2093 1346 Age
2123 1275 2306 1348 itaque
2334 1278 2403 1333 ab
2429 1279 2638 1335 umbris
2661 1280 2728 1334 ad
2756 1280 2970 1338 Novum
2997 1283 3404 1343 Testamentum

1823 1365 2018 1428 transi,
2039 1375 2092 1419 et
2121 1368 2360 1436 angelica
2401 1372 2776 1439 perspicacius
2817 1375 3124 1432 ministeria
3159 1389 3406 1433 contem—

1821 1453 1989 1523 plare.
2020 1454 2178 1511 Venit
2209 1459 2507 1527 aliquando
2542 1462 2696 1517 chori
2729 1464 2926 1522 ductor
2951 1505 2966 1529 ,
3019 1477 3073 1523 et
3103 1469 3402 1526 electorum

1819 1547 2037 1615 superni
2055 1559 2233 1604 coetus
2253 1551 2706 1621 incorporearum
2728 1557 3100 1613 ministrorum
3127 1561 3402 1631 princeps,

1818 1635 2080 1707 mysticus
2110 1653 2441 1694 arcanorum
2479 1639 2574 1696 Dei
2616 1646 3002 1714 mysteriorum
3051 1649 3194 1718 apud
3227 1649 3406 1704 homi-

1817 1745 1914 1784 nes
1947 1731 2239 1795 revelator,
2272 1732 2522 1798 Gabriel,
2572 1734 2680 1790 Deo
2708 1738 2902 1793 similis
2932 1738 3188 1802 famulus,
3219 1744 3402 1812 gaudii

1814 1831 1870 1876 et
1889 1822 2087 1877 laetitia:
2110 1824 2338 1879 nuntius
2371 1826 2686 1882 mortalium
2719 1838 2962 1896 naturae,
3005 1832 3071 1886 ad
3120 1834 3403 1906 integerri-

1811 1929 1956 1967 mam
1987 1915 2266 1984 puellam;
2316 1916 2384 1970 ad
2441 1934 2608 1988 quam
2664 1929 2748 1975 est
2805 1923 3110 1992 ingressus,
3164 1925 3400 1984 formam

1803 2019 1979 2069 suam,
2014 2006 2194 2074 qualis
2217 2006 2336 2075 ejus
2357 2008 2666 2065 substantia
2697 2022 2800 2077 est,
2841 2018 3162 2071 venerendaa
3188 2016 3398 2091 Virgini

1802 2095 2115 2150 ostendens.
2137 2096 2266 2174 Sola
2298 2100 2442 2153 enim
2481 2111 2668 2156 sancta
2704 2102 2957 2172 Deipara,
2996 2117 3056 2161 ut
3088 2110 3261 2174 aiunt,
3296 2127 3399 2166 an-

1803 2179 2029 2248 gelicam
2063 2180 2139 2234 uti
2155 2173 2349 2248 'reapse
2366 2190 2469 2246 est,
2505 2193 2667 2253 utque
2685 2196 2865 2241 creata
2883 2187 3006 2255 fuit,
3027 2173 3273 2246 naturam
3316 2196 3400 2248 vi-

1802 2269 1931 2325 dere
1948 2271 2145 2340 potuit,
2165 2281 2225 2326 ut
2250 2273 2302 2326 iu
2335 2272 2523 2328 famuli
2547 2275 2885 2333 formositate
2909 2280 3245 2338 Dominicam
3273 2287 3395 2355 pul-

1803 2362 2168 2418 chritudinem
2184 2365 2699 2425 admirareturJdeo
2713 2369 2898 2426 divino
2916 2377 3173 2428 mandato
3190 2377 3399 2447 ingres-

1803 2470 1896 2510 sus
1916 2466 1999 2510 est
2023 2456 2089 2510 ad
2108 2470 2226 2510 eam
2269 2458 2631 2530 archangelus
2654 2477 2924 2519 summam
2950 2466 2998 2520 ei
3034 2468 3395 2536 pulchritudi-

1802 2560 1924 2600 nem
1939 2548 2605 2622 ostendens,formamque
2630 2555 2760 2622 ipsis
2787 2557 2952 2613 radiis
2969 2561 3240 2618 solaribus
3261 2565 3398 2620 luci-

1802 2640 2010 2694 diorem
2034 2680 2049 2705 ,
2088 2642 2294 2696 sensim
2331 2646 2580 2714 aperiens
2606 2662 2756 2716 purae
2797 2651 3000 2721 Virgini
3036 2656 3392 2723 purissimam

1803 2730 2168 2787 formositatis
2214 2750 2328 2789 sua:
2369 2738 2780 2806 proprietatem.
2836 2741 2994 2798 Unde
3043 2747 3209 2800 etiam
3260 2749 3396 2803 vidit

1803 2827 2066 2896 speciem,
2085 2828 2271 2883 aeterni
2293 2832 2686 2899 propemodum
2713 2831 2901 2888 ﬂuenti
2928 2835 3188 2891 reﬂexum
3213 2840 3396 2908 splen-

1803 2917 2014 2973 dorem.
2065 2918 2214 2974 Vidit
2263 2920 2658 2976 formositatem
2717 2925 3059 2981 formositate
3104 2933 3391 2998 majorem,

1804 3019 2059 3064 ornatum
2109 3012 2284 3080 ipsius
2326 3023 2559 3068 ornatus
2596 3032 2611 3070 :
2642 3015 2776 3070 vidit
2823 3020 3173 3088 peregrinum
3216 3023 3394 3090 splen-

1804 3101 1991 3156 dorem
2017 3113 2283 3172 etpraater
2313 3105 2532 3160 solitum
2561 3124 2574 3160 :
2609 3108 2744 3161 vidit
2778 3108 3120 3180 incorporea:
3142 3114 3394 3168 substan-

1806 3194 1892 3248 tia:
1934 3194 2170 3265 fulgores
2225 3196 2500 3252 solaribus
2544 3200 2858 3267 superiores
2892 3219 2904 3255 :
2938 3202 3076 3256 vidit
3107 3205 3390 3262 rationalis

1804 3283 2021 3338 iuciferi
2055 3301 2274 3354 semper
2303 3288 2486 3342 vivum
2517 3289 2862 3357 Splendorem
2888 3309 2901 3345 :
2927 3293 3062 3348 vidit
3091 3296 3389 3352 animatam

1800 3373 2099 3438 flammam,
2129 3377 2513 3432 intellectualis
2539 3379 2678 3434 lucis
2705 3381 3018 3437 rutilantem
3062 3385 3388 3443 claritatem.

1799 3463 1979 3530 Quare
2007 3475 2268 3537 tanquam
2301 3484 2408 3522 non
2442 3471 2855 3526 immaterialem
2884 3477 3192 3530 veneranda
3227 3477 3389 3550 Virgo

1799 3559 2014 3628 excepit
2050 3562 2229 3630 angeli
2265 3561 2528 3616 visionem
2567 3573 2731 3634 atque
2761 3579 3087 3636 occursum;
3136 3585 3235 3626 ceu
3267 3589 3388 3643 quae

1800 3652 2030 3718 viderat,
2058 3656 2202 3721 quod
2238 3655 2328 3708 alii
2365 3671 2646 3726 nunquam
2682 3659 2910 3730 contigit
2939 3671 3171 3718 naturae.

1879 3850 1962 3904 10.
2000 3849 2181 3907 Mutus
2235 3853 2293 3907 fit
2321 3852 2637 3919 Zacharias,
2673 3855 2766 3924 qui
2813 3857 3008 3926 angelo
3039 3870 3232 3916 sancto
3277 3880 3383 3918 non

1798 3941 2105 3996 crediderat
2135 3961 2147 3996 :
2184 3944 2311 4012 quia
2348 3945 2554 3999 scilicet
2583 3962 2944 4015 processurus
2987 3958 3106 4004 erat
3129 3966 3192 4005 ex
3224 3963 3385 4007 utero

1799 4034 1852 4089 in
1889 4035 2091 4099 lucem,
2132 4050 2271 4090 vera:
2302 4036 2438 4092 lucis
2477 4053 2786 4107 praecursor
2807 4039 3066 4108 Joannes,
3089 4060 3188 4098 v0.1:
3221 4046 3383 4099 nimi-

1799 4140 1918 4178 rum
1950 4125 2232 4179 clamantis
2261 4127 2315 4178 in
2349 4128 2554 4180 deserto
2583 4128 2647 4192 ⁸⁸,
2701 4131 2859 4184 nobis
2906 4133 2998 4199 qui
3032 4149 3095 4186 ex
3139 4134 3380 4202 gentiqu

1800 4216 2043 4270 Ecclesia
2075 4232 2283 4279 sumus,
2310 4217 2445 4288 legis
2470 4228 2806 4274 senectutem
2844 4222 3170 4278 edicturus:
3214 4227 3377 4295 cujus

1799 4316 1986 4378 typum
2042 4325 2235 4379 gerens
2290 4308 2582 4366 Zacharias
2625 4312 2909 4382 gignitsex
2935 4325 3062 4370 ante
3100 4317 3378 4372 Christum

1800 4400 2087 4455 mensibus
2135 4400 2401 4458 Joannem
2437 4421 2451 4457 :
2509 4403 2634 4459 Non
2674 4408 2816 4460 enim
2864 4416 2979 4461 erat
3032 4409 3122 4462 ille
3165 4411 3260 4464 lux
3282 4411 3376 4478 ἐς

1801 4491 2034 4560 ideoque
2067 4505 2192 4547 ante
2213 4509 2304 4548 sex
2345 4510 2563 4550 menses
2593 4500 2843 4568 suscepit
2881 4500 3051 4553 ﬁlium
3083 4499 3376 4557 Joannem.

1796 4584 1925 4638 Post
1966 4602 2127 4654 quem
2153 4585 2406 4641 Christus
2436 4598 2597 4642 natus
2618 4599 2723 4656 est,
2742 4606 2840 4645 ceu
2875 4593 3103 4661 septima
3127 4597 3376 4662 quaedam

1789 4674 1925 4729 dies.
1968 4675 2087 4744 Ipse
2121 4676 2266 4729 enim
2298 4692 2424 4732 vere
2453 4678 2610 4733 nobis
2640 4689 2724 4735 est
2752 4684 2978 4751 mystica
3015 4683 3377 4741 Sabbaforum

1789 4768 2031 4836 requies,
2091 4769 2181 4822 cui
2231 4770 2505 4825 benedixit
2562 4774 2894 4828 universalis
2940 4775 3106 4841 Deus,
3160 4787 3214 4832 et
3255 4794 3375 4832 eaut

1790 4861 2190 4926 sanctificavit;
2229 4862 2355 4931 quia
2383 4862 2434 4915 in
2464 4863 2578 4931 ipsa
2601 4871 2654 4915 et
2685 4875 2903 4934 pr0pter
2935 4867 3106 4935 ipsam
3134 4868 3201 4921 ab
3226 4869 3375 4922 omni

1791 4964 1956 5020 opere
1994 4965 2096 5005 suo
2119 4953 2404 5021 requievit.
2442 4951 2503 5004 Et
2538 4952 2654 5020 ipse
2684 4962 2767 5007 est
2797 4969 2987 5023 reapse
3016 4971 3174 5010 verus
3198 4961 3375 5028 tttagui

1797 5043 2009 5111 paterni
2045 5043 2257 5097 consilii
2285 5043 2666 5113 archangelus,
2703 5044 2816 5114 ipse
2843 5047 3106 5102 Dominus
3136 5063 3200 5103 ac
3232 5049 3376 5106 Dens

1796 5135 2088 5191 virtutum.
2152 5133 2495 5205 Quapropter
2557 5136 2657 5205 ipsi
2711 5137 3100 5207 subjiciuntur,
3143 5150 3198 5194 et
3259 5157 3376 5195 Scr-

1797 5229 1975 5291 viunt,
2008 5239 2171 5297 atquc
2228 5229 2546 5283 ministrant
2577 5231 2908 5285 omnimodis
2952 5242 3004 5286 et
3055 5234 3202 5286 omni
3251 5235 3374 5289 loco

1797 5339 1892 5392 per
1923 5339 2088 5377 omne
2127 5324 2525 5378 incarnationis
2570 5335 2785 5393 tempus
2839 5327 3013 5380 sancti
3060 5339 3111 5382 et
3149 5329 3372 5398 benigni

1798 5430 1895 5469 ceu
1927 5422 2119 5468 sancto
2143 5423 2195 5466 et
2229 5414 2464 5484 benigno
2500 5414 2728 5469 Domino
2771 5417 2970 5485 angeli.
3007 5417 3218 5472 Etenim
3246 5431 3372 5472 nato

1795 5507 1890 5560 illo
1923 5506 1975 5559 in
2014 5521 2200 5571 carne,
2236 5508 2410 5576 angeli
2441 5508 2628 5576 prima:
2671 5509 2875 5563 notitia:
2907 5521 3158 5564 auctores
3183 5523 3370 5580 pasto-

1793 5597 1945 5650 ribus
1976 5595 2219 5660 fuerunt,
2272 5598 2588 5652 nuntiantes
2632 5599 2795 5666 hujus
2827 5601 2966 5668 apud
2997 5600 3366 5655 Bethleemutn

1793 5688 1848 5741 in
1879 5687 2107 5757 praesepi
2169 5688 2532 5743 nativitatem.
2586 5689 2818 5759 Moxque
2863 5692 3197 5747 admirantes
3249 5708 3367 5749 ma-

1792 5795 1956 5850 gnum
1989 5779 2107 5850 ejus
2138 5789 2190 5833 et
2226 5780 2561 5848 insperatum
2600 5782 2652 5836 in
2696 5783 3024 5852 paupercula
3063 5781 3235 5836 forma
3266 5782 3366 5837 hu-
