3944 6430
569 390 674 457 743

1760 385 1818 444 S.
1853 381 2247 443 THEODORI
2288 381 2636 443 STUDIT/E

3719 379 3824 444 7M

568 496 901 556 manationis
962 494 1305 568 mysterium,
1359 492 1544 549 Gloria
1596 494 1651 547 in
1697 494 1918 547 exelesis
1978 493 2143 546 Deo"

2258 494 2448 564 voﬁémo
2513 494 2812 562 γεννήσει·
2847 495 2942 546 καὶ
2990 488 3147 558 αὖθις
3199 492 3535 561 ἀγασθέντες
3569 494 3630 548 :6
3683 497 3828 565 μέγα

568 588 858 659 magniﬁce
888 589 1141 657 elataque
1170 602 1300 643 voce
1351 587 1680 642 clamaruut.
1715 586 1846 640 Item
1898 583 2146 655 angelus,

568 699 667 738 ceu
694 680 964 736 luminare
989 681 1212 736 caeleste
1262 681 1316 734 in
1359 679 1529 734 stella:
1570 680 1798 749 figuram
1827 691 2145 741 conversus,

570 776 672 829 via:
718 774 827 828 dux
883 773 989 827 fuit
1019 773 1214 844 magis,
1269 788 1471 827 vocans
1500 771 1568 826 ad
1617 771 1757 824 viam
1799 785 1920 840 quae
1975 769 2146 823 dicit:

571 865 684 936 Ego
708 881 827 919 sum
858 865 942 920 via
971 865 1035 919 ‘°.
1067 863 1283 919 Rursus
1304 863 1591 918 oraculum
1619 862 1731 916 edit
1757 860 2002 930 angelus,
2027 865 2152 929 post

570 973 854 1027 magorum
901 958 1230 1022 discessum,
1295 955 1557 1025 Josepho,
1602 964 1663 1008 ut
1704 969 1829 1009 cum
1882 953 2052 1007 Matre
2087 968 2151 1007 ac

569 1049 700 1105 Jesu
758 1050 812 1103 in
854 1045 1148 1119 Egyptum
1205 1048 1485 1118 migraret.
1545 1045 1888 1115 Disceditque
1939 1045 2151 1116 fugiens

574 1141 721 1198 Deus
748 1142 816 1196 ab
847 1141 1087 1205 homine,
1138 1155 1339 1194 arcano
1386 1138 1701 1194 oeconomiae
1726 1138 1972 1201 consilio,
2006 1137 2148 1191 haud

569 1235 820 1304 equidem
856 1242 1086 1288 mortem
1144 1233 1360 1298 timens,
1397 1232 1488 1302 qui
1524 1240 1605 1286 est
1651 1230 1932 1284 hominum
1961 1230 2148 1298 judex,

572 1330 664 1383 sed
695 1328 790 1383 tibi
821 1327 1048 1396 ﬁguram
1114 1326 1527 1395 exemplumque
1575 1324 1845 1394 praebens,
1911 1323 2152 1391 ﬁnesque

571 1421 786 1475 timoris
820 1429 874 1474 et
907 1419 1081 1472 virilis
1115 1419 1306 1484 animi,
1337 1416 1684 1487 quandonam
1718 1415 1878 1470 etubi
1901 1423 1951 1469 et
1985 1429 2153 1485 quare

571 1511 974 1584 opportunitate
1026 1510 1083 1565 in
1115 1510 1328 1564 cunctis
1361 1508 1620 1563 utendum
1674 1509 1762 1563 sit.
1813 1507 1930 1561 Non
1971 1516 2150 1562 tamen

573 1622 744 1676 usque
772 1606 838 1659 ad
869 1603 1164 1676 Egyptum
1202 1599 1581 1656 tantummodo
1608 1603 1924 1672 angelorum
1973 1600 2152 1655 famu-

571 1696 713 1751 latus
755 1695 1042 1749 Dominum
1081 1708 1239 1750 suum
1294 1693 1586 1748 comitatus
1630 1701 1735 1758 est,
1772 1692 1864 1746 sed
1895 1693 2056 1746 etiam
2086 1709 2152 1746 ex

570 1781 806 1853 Egypto
839 1782 1069 1837 reditum
1099 1781 1325 1851 angelus
1349 1779 1588 1849 Josepho
1617 1780 1836 1836 indixit.

645 1874 731 1928 Η.
769 1873 970 1927 Deinde
997 1888 1124 1927 vero
1159 1873 1288 1942 quid
1320 1872 1344 1926 ?
1377 1872 1491 1925 Alia
1544 1887 1762 1942 quoque
1823 1874 1892 1927 ab
1949 1872 2152 1942 angelis

574 1964 812 2020 factitata
852 1964 1110 2033 reperies.
1145 1964 1334 2034 Angeli
1370 1962 1638 2032 siquidem
1669 1965 1735 2018 ad
1769 1963 2154 2033 Jesumbapti-

572 2064 756 2108 zatutn
817 2053 1164 2106 ministrandi
1203 2054 1375 2121 gratia
1411 2052 1468 2106 in
1501 2053 1716 2108 deserto
1765 2064 2148 2109 accesserunt:

571 2161 680 2200 non
721 2142 867 2214 quod
901 2157 1138 2211 unquam
1168 2157 1197 2195 a
1224 2142 1454 2197 Domino
1491 2157 1591 2197 suo
1619 2141 1944 2208 abfuissent,
1973 2144 2066 2199 sed
2095 2153 2154 2199 ut

574 2250 717 2303 tu,o
762 2236 956 2301 ﬁdelis,
1008 2235 1282 2299 crederes,
1353 2236 1636 2290 hominem
1702 2236 2031 2305 baptizatum
2098 2246 2150 2292 et

572 2330 894 2384 munditiem
928 2338 1367 2392 conservantem,
1409 2329 1629 2397 angelos
1671 2329 2016 2382 invisibiliter
2047 2328 2152 2380 mi-

573 2423 778 2476 nistros
804 2419 1170 2488 custodesque
1219 2421 1438 2474 habere.
1484 2420 1636 2474 Unde
1668 2426 1721 2473 et
1774 2419 1826 2473 in
1863 2417 2151 2472 Probatica

574 2513 807 2581 piscina,
839 2508 905 2561 ad
966 2509 1218 2577 baptismi
1273 2509 1522 2577 ﬁguram,
1559 2510 1785 2580 angelus
1842 2508 2155 2564 sanatiOnes

574 2603 983 2671 faciebatzqua
1045 2602 1097 2654 in
1152 2601 1361 2668 piscina
1414 2603 1592 2670 magni
1653 2601 1867 2655 consilii
1923 2602 2152 2670 angelus

575 2695 826 2751 Christus
857 2693 1065 2749 homini
1115 2693 1229 2762 jam
1268 2693 1491 2764 triginta
1541 2703 1594 2748 et
1624 2702 1746 2747 octo
1795 2709 1968 2747 annos
1995 2708 2153 2762 para-

576 2788 739 2859 lytico
787 2788 1019 2843 salutem
1073 2786 1341 2842 contulit:
1375 2786 1493 2856 ipse
1543 2783 1824 2838 tricesimo
1867 2782 1991 2836 vitae
2040 2796 2154 2837 sua:

574 2896 721 2935 anno
750 2880 1077 2949 baptizatus,
1104 2888 1156 2933 et
1190 2878 1332 2932 illius
1381 2877 1627 2948 quinque
1665 2890 1858 2931 sensus
1886 2873 1989 2929 ﬁde
2030 2873 2153 2928 Tri-

575 2973 762 3026 nitatis
796 2971 1127 3041 prodigiose,
1153 2985 1376 3024 sanans.
1409 2969 1513 3024 Sed
1547 2984 1738 3038 parum
1788 2965 1978 3027 abfuit,
2022 2967 2152 3036 quin

573 3067 719 3136 quod
749 3077 831 3118 est
884 3079 993 3133 prae
1039 3065 1250 3117 caeteris
1293 3079 1569 3118 sumtnutn
1609 3075 1664 3118 et
1711 3062 2039 3126 mirabilius,
2097 3062 2154 3114 in

576 3155 748 3211 sacris
779 3154 1027 3208 historiis
1066 3154 1134 3208 dc
1182 3155 1394 3223 angelis
1425 3147 1684 3218 relatum,
1717 3154 1979 3209 indictum
2014 3167 2152 3223 praa-
2181 3176 2228 3240 ο

578 3246 821 3300 tet-irem.
872 3242 1044 3309 Quale
1098 3257 1228 3298 vero
1284 3253 1368 3299 est
1433 3243 1579 3298 hoc?
1610 3243 1690 3297 Illi
1745 3243 1953 3298 scilicet
2006 3242 2154 3296 circa

574 3336 778 3391 Christi
819 3336 1093 3391 viviﬁcum
1145 3336 1460 3405 sepulcrum
1491 3334 1849 3404 inexspectati
1879 3344 1932 3389 et
1967 3333 2155 3388 multi-

577 3430 781 3485 formes
813 3432 1004 3501 angeli,
1037 3447 1270 3501 quorum
1301 3447 1427 3486 vere
1463 3432 1733 3503 peregrini
1762 3439 1816 3487 et
1833 3431 2002 3489 relatu
2037 3446 2155 3485 ma-

574 3525 724 3595 jores
759 3525 978 3578 fuerunt
1001 3540 1065 3578 eo
1114 3525 1170 3578 in
1209 3525 1329 3578 loco
1363 3524 1643 3581 se‘rmones
1674 3535 1836 3595 atque
1889 3523 2152 3594 prodigia.

577 3613 693 3680 Qua
731 3615 781 3666 in
835 3629 892 3667 re
928 3613 1054 3666 illud
1118 3613 1172 3666 in
1227 3613 1419 3682 primis
1483 3613 1673 3668 sedulo
1737 3615 2154 3676 animadvertes,

578 3702 854 3776 quomodo
883 3702 1063 3757 cuncti
1114 3701 1334 3757 Christo
1362 3701 1545 3755 dilecti
1599 3703 1884 3772 terrigenae
1937 3718 2159 3758 currere

578 3796 706 3849 illuc
734 3793 1005 3857 dicantur,
1039 3794 1131 3848 sed
1173 3810 1423 3863 supernae
1471 3803 1677 3849 natura:
1735 3795 1943 3864 absque
1993 3810 2156 3850 cursu

578 3889 689 3943 illic
735 3888 993 3942 sedentes
1025 3897 1339 3956 appareant.
1378 3885 1574 3942 Petrus
1628 3887 1811 3955 itaque
1855 3902 2158 3956 exsurgens

578 3983 643 4034 ad
697 3987 1110 4034 monumentum
1169 3978 1472 4043 currebat;
1523 3977 1618 4032 sed
1669 3977 1811 4032 alius
1855 3977 2158 4043 discipulus

579 4073 741 4126 Petro
794 4072 957 4126 citius
1038 4071 1415 4142 praecucurrit.
1459 4069 1523 4124 Et
1594 4068 1763 4124 Maria
1846 4068 2159 4140 Magdalene

577 4165 770 4229 currit,
805 4163 1056 4233 venitque
1091 4163 1158 4217 ad
1216 4161 1492 4217 Simonem
1527 4161 1764 4217 Petrum.
1803 4162 1867 4215 Et
1915 4162 2032 4216 aliae
2052 4160 2159 4215 Ma-

577 4258 672 4310 ria:
710 4256 1007 4310 currebant
1059 4254 1310 4307 nuntium
1349 4254 1584 4308 ferentes
1630 4254 1932 4322 discipulis.
1970 4251 2072 4307 Sed
2107 4253 2153 4307 ei

580 4351 682 4402 illae
721 4347 862 4417 apud
890 4345 1133 4400 Marcum
1166 4347 1421 4400 mulieres
1479 4346 1683 4400 cursim
1717 4360 1747 4399 a
1802 4353 2155 4400 monumento

580 4440 848 4510 fugerunt.
891 4440 960 4493 At
988 4455 1095 4494 non
1127 4439 1198 4493 ita
1232 4439 1408 4509 angeli
1441 4454 1605 4492 cursu
1643 4446 1889 4504 utuntur,
1926 4437 2020 4492 sed
2046 4436 2156 4491 illic

580 4534 791 4598 sedent,
827 4533 966 4585 alius
999 4532 1064 4585 ad
1091 4540 1274 4601 caput,
1305 4533 1445 4587 alius
1479 4534 1541 4585 ad
1563 4531 1678 4585 saxi
1711 4530 1897 4600 pedes,
1930 4531 2019 4584 ubi
2040 4545 2154 4583 cor—
2184 4518 2231 4579 D

582 4642 682 4695 pus
713 4623 839 4680 Jcsu
877 4625 1145 4694 iacuerat,
1182 4631 1236 4677 et
1274 4624 1365 4677 alii
1392 4624 1612 4694 quidem
1659 4623 1822 4688 intra,
1869 4622 2034 4692 lapidi
2065 4621 2152 4675 in-

579 4719 772 4772 sident.

649 4891 736 4944 12.
784 4890 921 4957 Quid
966 4905 1094 4960 ergo
1142 4889 1271 4944 hinc
1315 4889 1624 4945 discimus?
1668 4887 1873 4959 Nempe
1914 4905 2009 4946 eos
2057 4893 2150 4960 qui

580 4987 818 5039 nondum
849 4984 1030 5037 divina
1065 4983 1322 5054 mysteria
1365 4993 1749 5052 susceperunt,
1784 5000 1880 5038 ceu
1930 4985 2153 5055 terrige-

583 5089 681 5128 nas
705 5113 718 5137 ,
750 5073 949 5127 'merito
985 5088 1205 5127 currere
1226 5114 1242 5138 ,
1274 5073 1416 5127 sicut
1449 5074 1612 5126 etiam
1649 5071 1851 5126 Paulus
1880 5073 1956 5127 ait
1982 5072 2026 5104 ⁸⁷
2051 5114 2065 5139 ,
2095 5083 2152 5128 ut

583 5165 1061 5232 comprehendant.
1088 5162 1224 5217 Nam
1256 5163 1321 5216 ad
1358 5164 1613 5216 dilectum
1638 5165 1728 5233 qui
1763 5167 1952 5231 currit,
1984 5181 2148 5221 cursu

584 5257 778 5311 utitur.
809 5256 932 5311 Ideo
965 5258 1169 5313 sedisse
1205 5258 1463 5312 dicuntur
1485 5261 1626 5329 apud
1671 5261 1979 5330 sepulcrum
2026 5277 2151 5314 san-

584 5346 815 5401 ctissimi
855 5349 1070 5418 angeli,
1107 5364 1202 5403 ceu
1236 5349 1343 5416 iam
1378 5351 1529 5420 gnari
1569 5351 1874 5404 divinorum
1908 5367 2155 5407 resurre—

583 5440 779 5495 ctionis
829 5441 1257 5510 mysteriorum:
1306 5445 1398 5496 sed
1448 5442 1584 5496 alius
1627 5444 1845 5511 quidem
1884 5444 1949 5496 ad
1992 5454 2155 5512 caput

584 5533 734 5586 sedet
761 5573 774 5595 ,
810 5536 934 5601 quia
970 5533 1204 5590 fortasse
1237 5535 1628 5590 excelsioribus
1661 5537 1935 5605 mysteriis
1974 5537 2154 5591 initia-

584 5632 672 5679 tus
707 5641 720 5679 :
765 5624 903 5678 alius
939 5624 1004 5678 ad
1038 5627 1232 5694 pedes.
1275 5628 1400 5695 quia
1443 5630 1671 5682 fortasse
1701 5627 2021 5681 inferiorum
2054 5630 2150 5682 ali-

657 5830 701 5862 "
732 5829 867 5887 Luc.
892 5848 949 5898 tt,
986 5834 1067 5888 Η.
1147 5834 1367 5890 "Joan.
1402 5853 1510 5905 λιν,
1541 5837 1597 5907 6,
1693 5838 1737 5870 ⁸⁷
1779 5837 1794 5890 Ι
1827 5838 1954 5892 Cur.
1992 5855 2064 5902 ix,
2097 5836 2190 5892 24.

2185 1841 2226 1896 Β

2253 588 2350 640 καὶ
2399 587 2701 658 παράδοξον
2751 588 2916 641 αὐτοῦ
2943 588 3044 657 τῆς
3072 589 3512 658 πτωχοπρεποῦς
3548 589 3829 659 ὲνανθρω-

2250 679 2468 748 πὴσεως
2504 681 2820 750 μυστήριον,
2836 679 2917 745 :6,
2943 681 3115 744 Δόξα,
3137 677 3431 749 λαμπρῶς,
3454 681 3522 735 ἐν
3544 682 3827 750 ὑψίστοις

2253 767 2373 834 Θεῷ
2380 821 2396 847 ⁹
2419 770 2755 840 διαπρυσίως
2779 771 3078 840 ἐκέκραγον
3100 787 3114 801 ·
3137 771 3232 825 κα)⁸
3257 771 3484 841 ἄγγελος
3502 772 3575 836 ὡς
3603 773 3834 844 φωστὴρ

2251 862 2500 929 οὐράνιος
2553 863 2635 926 εἰς
2693 863 2922 934 ἀστέρος
2973 865 3146 917 τύπον
3202 864 3533 934 μορφωθεὶς,
3566 867 3669 936 τὴν
3713 867 3832 919 ὁδὸν

2251 951 2525 1007 ὡδοποίει·
2570 955 2766 1025 μάγοις
2842 955 3024 1009 καλῶν
3115 956 3249 1028 πρὸς
3337 955 3436 1028 τὴν
3519 958 3639 1012 ὁδὸν
3730 961 3834 1029 τὴν

2252 1044 2515 1113 λέγουσαν
2545 1063 2558 1076 ·
2603 1048 2748 1117 Ἐγώ
2811 1049 2927 1117 εἰμι
2989 1047 3129 1115 ὁδός
3158 1064 3173 1080 '
3213 1050 3573 1120 χρησμοτοδεῖ
3618 1052 3679 1105 δὲ
3737 1055 3834 1106 καὶ

2253 1139 2416 1191 πάλιν
2466 1135 2622 1202 αὖθις
2672 1141 2920 1210 ἄγγελος,
2955 1141 3426 1213 ἀναχωρησάντων
3474 1143 3583 1196 τῶν
3612 1145 3830 1214 μάγων,

2269 1229 2486 1300 Ἰωσὴφ,
2538 1232 2633 1284 σὺν
2693 1235 2758 1303 τῇ
2818 1233 3001 1304 Μητρὶ
3055 1234 3149 1287 καὶ
3217 1232 3392 1305 Ἰησοῦ
3448 1236 3549 1304 τὴν
3599 1235 3834 1308 ἔπαρσιν

2255 1321 2528 1373 ποιεῖσθαι
2553 1321 2639 1372 ἐπ’
2673 1322 2948 1387 Αἴγυπτον
2973 1338 2987 1353 ο
3031 1323 3124 1375 καὶ⁵
3149 1323 3357 1394 οἴχεται
3391 1325 3570 1393 φυγὰς
3598 1326 3740 1389 Θεὸς
3771 1330 3834 1380 ἐκ

2256 1410 2450 1482 βροτοῦ
2488 1415 2868 1480 οἰκονομικῶς,
2887 1413 2946 1468 ού
2974 1414 3211 1485 φρίττων
3232 1415 3425 1483 θνητὸν
3453 1418 3482 1470 6
3506 1418 3702 1490 κριτὴς
3723 1420 3834 1472 τῶν

2255 1501 2482 1573 βροτῶν,
2514 1503 2650 1557 ἀλλά
2677 1520 2760 1556 σοι
2784 1504 2953 1557 τύπον
2980 1505 3074 1556 καὶ
3097 1504 3282 1558 εἰκόνα
3311 1505 3509 1572 διδοὺς,
3535 1507 3630 1559 καὶ
3671 1508 3834 1579 ὄρους

2252 1594 2456 1657 δειλίας
2491 1595 2583 1647 καὶ
2615 1594 2888 1665 ἀνδρείας,
2917 1594 3046 1648 πότε
3071 1597 3168 1650 καὶ
3194 1595 3298 1650 ποῦ
3327 1598 3419 1650 καὶ
3457 1598 3653 1669 καιρὸν
3696 1601 3835 1652 εἰδέ-

2254 1703 2341 1737 ναι
2369 1687 2479 1748 τοῖς
2508 1685 2675 1742 πᾶσιν
2704 1701 2717 1714 ·
2751 1686 2812 1737 οὐ
2844 1685 3008 1754 μέχρι
3033 1685 3090 1738 δὲ
3133 1685 3410 1754 Αἰγύπτου
3440 1688 3475 1758 ὴ
3513 1687 3622 1741 τῶν
3663 1689 3836 1757 ἀγγέ-

2254 1774 2360 1826 λων
2383 1775 2515 1844 πρὸς
2537 1775 2628 1828 τὸν
2655 1775 2862 1828 ἑαυτῶν
2892 1777 3170 1846 Δεσπότην
3194 1775 3527 1847 λειτουργία,
3565 1777 3704 1832 ἀλλά
3738 1781 3836 1832 καὶ

2254 1867 2349 1918 ἀπ’
2380 1865 2656 1934 Αἰγύπτου
2679 1865 2910 1934 ἄγγελος
2938 1865 3016 1937 τῷ
3058 1866 3253 1938 Ἰωσὴφ
3282 1867 3476 1937 μηνύει
3502 1867 3603 1938 τὴν
3628 1869 3832 1933 ἔξοδον.

2328 1956 2416 2011 ια’.
2446 1954 2578 2012 Εἶτα
2610 1958 2701 2024 τίς
2742 1960 2839 2012 καὶ
2881 1959 2950 2012 τά
2987 1958 3122 2013 ἄλλα
3150 1961 3279 2031 περὶ
3319 1961 3567 2029 ἀγγέλων
3600 1961 3789 2032 εὕροις
3821 1979 3833 1991 ·

2254 2048 2475 2121 ἀγγελοι
2513 2051 2610 2122 μὲν
2635 2052 2713 2124 τῷ
2757 2052 2933 2123 ἰησοῦ
2965 2051 3320 2122 βαπτισθέντι
3353 2054 3411 2105 ὲν
3438 2055 3506 2124 τῇ
3531 2054 3732 2126 ἐρήμῳ
3757 2057 3838 2118 εἰς

2253 2143 2530 2196 διακονίαν
2553 2143 2950 2215 προσέρχονται
2978 2161 2992 2174 ·
3015 2144 3114 2214 οὐχ
3141 2145 3225 2198 ὅτι
3249 2143 3469 2198 πώποτε
3496 2143 3592 2198 τοῦ
3621 2145 3837 2201 ἑαυτῶν

2253 2235 2524 2288 Δεσπότου
2559 2235 2899 2306 ἀπέστησαν,
2936 2236 3050 2290 ἀλλ’
3075 2238 3224 2301 ὅπως
3263 2238 3327 2292 σὺ
3355 2237 3637 2309 πιστωθῇς
3681 2240 3713 2292 6
3748 2255 3809 2291 πι

2256 2324 2400 2387 στὸς,
2431 2325 2514 2378 ὅτι
2567 2323 2891 2394 βαπτισθεὶς
2937 2327 3031 2379 καὶ
3069 2326 3354 2394 φυλάττων
3380 2326 3481 2396 τὴν
3537 2327 3836 2400 κάθαρσιν,

2253 2415 2519 2482 ἀγγέλους
2548 2414 2797 2486 ἀοράτως
2825 2416 2962 2485 πρὸς
2992 2417 3268 2472 διακονίαν
3295 2419 3388 2473 καὶ
3408 2421 3642 2491 τήρησιν
3672 2424 3838 2492 κομί-

2255 2504 2445 2569 ζεταιο
2474 2505 2595 2558 ὅθεν
2643 2509 2737 2559 καὶ
2790 2508 2848 2561 ὲν
2903 2509 2969 2578 τῇ
3004 2507 3318 2579 Προϐατικῇ
3362 2509 3730 2589 κολυμϐήθρα
3760 2515 3839 2575 εἰς

2251 2595 2393 2650 τύπο
2406 2597 2531 2651 ντοῦ
2554 2596 2931 2670 βαπτίσματος
2959 2600 3188 2668 ἀγγεσλος
3215 2600 3312 2664 τὰς
3341 2602 3510 2666 ἰάσεις
3529 2604 3838 2658 ἐνεδείκνυ-

2250 2705 2312 2742 το
2335 2731 2350 2755 ,
2377 2690 2436 2743 ὲν
2533 2692 2560 2744 6
2586 2691 2687 2762 τῆς
2723 2692 2969 2764 μεγάλης
2997 2692 3194 2764 βουλῆς
3225 2693 3489 2762 Ἀγγελος
3513 2698 3541 2749 6
3571 2697 3834 2766 Χριστὸς,

2251 2780 2338 2834 διὰ
2361 2785 2655 2852 τριάκοντα
2678 2785 2772 2838 καὶ
2796 2783 2941 2839 όκτὼ
2962 2785 3102 2840 ἑτῶν
3121 2785 3198 2857 τῷ
3220 2786 3516 2859 παραλύτῳ
3535 2788 3839 2860 ἐχαρίσατο

2255 2873 2432 2927 ῐασιν·
2466 2878 2893 2946 τριακονταέτης
2945 2877 3365 2950 βαπτιζόμενος,
3393 2880 3488 2934 καὶ
3519 2881 3621 2945 τὰς
3671 2885 3837 2936 πέντε

2253 2967 2446 3020 τούτου
2471 2969 2752 3041 αἰσθήσεις
2795 2974 2864 3041 τῇ
2909 2971 3092 3026 πίστει
3119 2973 3219 3043 τῆς
3246 2973 3476 3045 Τριάδος
3507 2977 3838 3047 παραδόξως

2260 3058 2510 3128 ἰώμενος.
2543 3061 2742 3133 Μικρῳ
2772 3065 2865 3116 καὶ
2903 3064 3034 3118 αὐτὸ
3055 3064 3117 3118 τὸ
3153 3065 3372 3121 πάντων
3395 3067 3837 3138 κορυφαιότατον

2258 3150 2353 3203 καὶ
2384 3150 2834 3224 θαυμασιώτερον
2865 3157 2922 3208 ἐν
2952 3156 3282 3227 πράγμασιν
3309 3157 3477 3228 ἰεροῖς
3496 3159 3625 3230 περὶ
3661 3159 3839 3229 ἀγγέ-

2256 3240 2364 3294 λων
2417 3241 2737 3312 φερόμενον,
2764 3242 2841 3312 τῷ
2897 3245 3042 3316 λόγῳ
3107 3246 3462 3318 παρέδραμον
3489 3265 3504 3281 ο
3576 3253 3741 3303 ποῖον
3783 3253 3838 3304 δὲ

2254 3333 2451 3400 τοῦτο;
2482 3334 2606 3397 τοὺς
2653 3333 2796 3388 κατὰ
2837 3334 2928 3388 τὸν
2965 3336 3064 3406 τῆς
3095 3335 3243 3409 ζωῆς
3276 3338 3841 3412 Χριστοῦξωηερόρον

2255 3427 2428 3495 τάφον
2454 3425 2794 3500 παραδόξους
2820 3444 2882 3480 τε
2912 3428 3004 3481 καὶ
3029 3428 3405 3499 πολυτρόπους
3432 3432 3732 3501 ἀγγέλους,
3765 3427 3842 3488 ὧν

2256 3520 2332 3583 ὼς
2361 3521 2574 3590 ἀληθῶς
2603 3520 2726 3585 ξένα
2754 3521 2849 3574 καὶ
2873 3521 3012 3591 ὑπὲρ
3053 3519 3213 3590 λόγον
3241 3521 3310 3575 τὰ
3351 3523 3492 3578 κατά
3515 3526 3684 3578 τόπον
3735 3545 3841 3598 κηο

2261 3611 2515 3681 ρύγματα
2544 3614 2638 3665 καὶ
2668 3613 2949 3682 θαυμάσια
2977 3630 2989 3643 ·
3027 3615 3086 3666 ὲν
3114 3607 3197 3676 οἷς
3219 3618 3516 3686 σκοπήσεις
3549 3619 3844 3688 ἐπιμελῶς

2257 3707 2365 3775 πρὸ
2397 3706 2511 3758 τῶν
2554 3706 2731 3760 ἄλλων
2760 3708 2957 3775 έκεῖνο,
2986 3706 3106 3771 πῶς
3135 3709 3234 3779 μὲν
3273 3709 3509 3774 ἅπαντες
3533 3713 3586 3764 οἰ
3609 3713 3844 3784 Χριστῷ

2258 3799 2580 3867 προσφιλεῖς
2610 3803 2869 3870 γηγενεῖς
2891 3803 3109 3872 τρέχειν
3134 3802 3251 3856 ἐκεῖ
3272 3802 3540 3871 λέγονται,
3567 3805 3621 3858 αἰ
3651 3806 3713 3859 δὲ
3740 3808 3845 3876 φύ-

2260 3909 2372 3954 σεις
2419 3893 2475 3944 αί
2510 3893 2778 3962 ἀνώτεραι
2824 3893 3021 3963 ἀδρομὶ
3069 3894 3397 3959 καθέζεσθαι
3445 3896 3737 3963 φαίνονται
3769 3915 3784 3930 ·
3817 3901 3845 3951 6

2262 3986 2362 4054 μὲν
2393 3984 2485 4037 οὖν
2519 3985 2724 4054 Πέτρος
2749 3986 2989 4050 ἀναστὰς
3037 3986 3271 4058 ἔδραμεν
3300 3986 3395 4040 ἐπὶ
3430 3987 3491 4040 :6
3527 3993 3805 4058 μνημεῖον
3829 4007 3840 4020 ·

2258 4078 2286 4128 6
2311 4075 2366 4128 δὲ
2394 4075 2553 4138 ἄλλος
2579 4076 2828 4146 μαθητὴς
2865 4077 3175 4149 προέδραμε
3213 4079 3401 4149 τάχιον
3441 4079 3535 4132 τοῦ
3576 4080 3795 4151 Πέτρου
3829 4100 3844 4114 ’

2259 4168 2353 4220 καὶ
2408 4167 2592 4239 Μαρία
2633 4168 3031 4240 ἡΜαγδαληνὴ
3062 4171 3244 4240 τρέχει
3297 4173 3392 4224 καὶ
3425 4172 3641 4242 ἔρχεται
3700 4176 3847 4246 πρὸς

2258 4260 2476 4329 Σίμωνα
2513 4259 2720 4332 Πέτρον
2750 4274 2763 4287 ⁸
2800 4260 2894 4314 καὶ
2929 4261 2986 4314 αἱ
3016 4261 3172 4314 ἄλλαι
3199 4261 3410 4332 Μαρίαι
3445 4264 3688 4334 ἔδραμον
3728 4269 3845 4319 άπ-

2257 4351 2617 4420 αγγέλλουσαι
2642 4353 2755 4417 τοῖς
2781 4352 3048 4424 μαθηταῖς
3076 4370 3091 4384 ο
3122 4352 3213 4407 καὶ
3239 4354 3294 4406 αἱ
3320 4354 3462 4407 κατά
3491 4356 3582 4408 τὸν
3607 4358 3847 4428 Μάρκον

2256 4443 2456 4512 ὁμοίως
2509 4443 2566 4496 ὲν
2605 4444 2789 4515 δρόμῳ
2838 4445 3040 4514 ἔφυγον
3085 4445 3192 4498 ἀπὸ
3239 4444 3331 4498 τοῦ
3365 4448 3631 4516 μνημείου
3664 4465 3680 4478 ·
3723 4451 3847 4503 ἀλλ’

2257 4537 2356 4607 οὐχ
2403 4535 2576 4600 οὓτως
2608 4536 2798 4593 ἐνθάδε
2829 4537 3016 4608 δρόμῳ
3060 4539 3414 4607 ἐμφαίνονται
3449 4540 3786 4612 καθήμενοι,
3819 4550 3848 4595 6

2257 4623 2312 4675 δὲ
2369 4623 2505 4693 πρὸς
2557 4626 2621 4695 τῇ
2675 4625 2905 4696 κεφαλῇ,
2938 4627 3030 4678 καὶ
3087 4628 3244 4691 ἄλλος
3297 4629 3434 4699 πρὸς
3489 4634 3602 4694 τοῖς
3651 4635 3844 4697 ποσὶν,

2260 4713 2390 4764 ὅπου
2446 4713 2624 4766 ἔκειτο
2675 4714 2735 4766 :6
2767 4719 2923 4782 σῶμα
2953 4716 3047 4768 τοῦ
3086 4717 3260 4783 Ἰησοῦ
3283 4736 3294 4748 ·
3323 4720 3415 4771 καὶ
3445 4720 3494 4772 οἰ
3529 4720 3628 4790 μὲν
3654 4722 3845 4787 ἐντὸς,

2258 4804 2305 4855 οἱ
2335 4803 2390 4857 δὲ
2423 4804 2577 4866 ἐκτὸς
2603 4805 2788 4858 ἐπάνω
2825 4804 2920 4858 τοῢ
2943 4805 3092 4859 λίθου
3124 4808 3263 4868 καθή
3276 4824 3444 4877 μενοι.

2334 4895 2419 4965 ιβ’.
2452 4891 2627 4949 Τίοῦν
2654 4896 2742 4948 διὰ
2781 4896 2986 4950 τούτων
3037 4899 3380 4968 μανθάνομεν
3404 4919 3419 4966 ;
3445 4902 3526 4954 ὅτι
3571 4902 3618 4954 οἰ
3663 4905 3850 4974 μήπω

2256 4986 2324 5040 τὰ
2341 4987 2461 5041 θεῖα
2481 4988 2879 5051 καταλαϐόντες
2904 4990 3198 5059 μυστήρια,
3220 4991 3296 5053 ὡς
3318 4993 3585 5061 γηγενεῖς,
3607 4991 3850 5056 δικαίως

2255 5079 2561 5149 τρέχουσιν,
2594 5078 2668 5140 ὠς
2707 5079 2800 5130 καὶ
2832 5078 3043 5143 Παῦλός
3089 5097 3279 5149 φησιν,
3311 5081 3398 5134 ἵνα
3441 5082 3801 5138 καταλάϐωσι
3830 5104 3845 5119 ·

2259 5170 2392 5239 πρὸς
2418 5169 2524 5240 γὰρ
2552 5169 2610 5221 :6
2643 5169 2977 5238 ποθούμενον
3008 5175 3035 5224 6
3069 5175 3279 5244 τρέχων
3319 5176 3499 5245 τρέχει
3521 5189 3534 5203 ·
3571 5175 3652 5229 διὸ
3702 5180 3848 5232 καθ-

2257 5261 2420 5329 ῆσθαι
2449 5260 2694 5328 λέγονται
2733 5262 2790 5314 ὲν
2822 5262 2897 5331 τῷ
2932 5265 3089 5332 τάφῳ
3113 5265 3160 5316 οἱ
3203 5267 3451 5331 πανάγιοι
3486 5267 3734 5334 ἄγγελοι,
3767 5270 3848 5334 ὡς

2258 5352 2356 5422 ἥδη
2387 5352 2744 5419 γινώσκοντες
2769 5353 2835 5406 τά
2860 5353 2979 5406 θεῖα
3012 5354 3111 5424 τῆς
3140 5355 3488 5419 ἀναστάσεως
3517 5365 3806 5430 μυστήρια
3831 5382 3844 5392 ·

2258 5443 2371 5495 ἀλλ’
2403 5447 2429 5496 6
2460 5445 2558 5515 μὲν
2587 5445 2722 5513 πρὸς
2751 5449 2816 5516 τῇ
2847 5447 3055 5518 κεφαλῇ
3084 5448 3336 5517 κάθηται,
3363 5451 3491 5513 ἴσως
3507 5451 3581 5512 ὡς
3608 5453 3675 5504 τά
3701 5454 3847 5524 ὑψη-

2258 5536 2453 5605 λότερα
2491 5538 2836 5608 μεμυημένος
2867 5541 3140 5610 μυστήρια
3165 5558 3178 5571 ’
3216 5543 3242 5593 6
3273 5540 3328 5593 δὲ
3375 5543 3509 5612 πρὶς
3537 5546 3651 5605 τοῖς
3685 5551 3846 5609 ποσὶ,

2257 5629 2395 5698 τάχα
2421 5628 2526 5683 τῶν
2550 5629 2876 5700 κατωτέρων
2908 5631 3069 5684 τινῶν
3096 5635 3524 5705 μυστηρίωψκαὶ
3544 5635 3848 5691 διακονιῶν
