3944 6454
162 386 272 455 745

1120 401 1400 464 ORATIO
1434 403 1606 465 VI.-
1637 406 1719 466 IN
1760 407 2084 474 SANCTOS
2128 420 2486 486 ANGELOS.

3323 449 3426 514 746

160 500 483 574 λειτουργὸς
511 506 793 576 γενόμενος
813 525 826 540 '
855 509 948 564 καὶ
972 509 1019 563 οἱ
1048 512 1146 581 μὲν
1162 512 1398 584 ὁρῶντες
1427 516 1502 579 ὡς
1518 518 1586 570 τὰ
1607 536 1709 588 κρυ

1814 576 1815 580 η
1849 535 1981 591 Quot
2006 533 2409 598 mysteriorum
2451 545 2612 607 atque
2655 540 2952 602 omciorum
2988 551 3236 612 minister
3262 571 3423 616 erat:

159 594 405 667 πτότερα
443 597 867 664 διασκοποῦντες
899 601 1179 672 θαυμάσια
1231 607 1330 675 τῆς
1376 607 1626 679 θεότητος
1652 628 1663 639 ο
1696 613 1743 664 oi

156 685 216 738 δὲ
245 688 428 751 ἐκτὸς,
465 688 594 754 ἴσως
619 691 695 755 ὼς
716 693 779 746 τὸ
801 695 899 764 τῆς
936 696 1267 767 σαρκώσεως
1296 700 1530 770 Χριστοῦ
1563 702 1745 778 θαῦμα

157 778 530 850 κηρύττοντες
551 798 565 812 '
601 785 695 838 καὶ
718 785 876 849 ἄλλος
900 786 958 840 ὲν
986 791 1100 852 τοῖς
1139 790 1330 857 δεξιοῖς
1356 793 1610 863 κάθηται,
1637 797 1742 864 ψυο

156 869 273 936 χῶν
303 870 535 924 δικαίων
559 875 655 926 καὶ
709 875 899 942 δεξιῶν
948 877 1083 930 Θεοῦ
1134 884 1493 950 μυσταγωγὸς
1525 886 1744 954 γινόμε-

154 975 292 1022 νος·
331 962 471 1015 ἀλλὰ
522 965 620 1018 καὶ
683 967 978 1021 νεανίσκων
1040 973 1351 1040 προσώποις
1410 973 1744 1045 ὠραϊσμένοι

151 1052 418 1120 ὁρῶνται,
460 1055 575 1108 τῶν
623 1059 922 1113 νεανίσκων
965 1061 1059 1114 καὶ
1104 1063 1427 1134 άθραύστων
1472 1068 1564 1120 καὶ
1602 1068 1740 1139 ἀγη-

157 1144 341 1212 ράτων
371 1147 466 1200 καὶ
506 1147 826 1219 ἀφθάρτων,
856 1152 949 1205 καὶ
991 1152 1051 1205 τὸ
1097 1155 1355 1219 εὐσταλὲς
1383 1157 1476 1210 καὶ
1515 1159 1739 1229 φιλάρε-

148 1249 245 1286 τον
270 1235 372 1304 τῆς
403 1238 614 1292 ἑαυτῶν
642 1240 858 1309 φύσεως
887 1243 1026 1314 πρὸς
1057 1245 1190 1298 Θεὸν
1212 1246 1300 1300 διὰ
1327 1250 1425 1319 τῆς
1455 1267 1737 1304 νεανισκο-

151 1327 360 1394 φανοῦς
389 1330 754 1400 αίνιττόμενοι
811 1333 997 1406 ὥρας·
1042 1337 1166 1390 ὅθεν
1219 1340 1311 1391 καὶ
1355 1341 1414 1392 ἐν
1447 1342 1737 1411 ἐσθήσεσιν

150 1421 633 1488 άστραπτούσαις.
666 1424 804 1494 ὁμοῦ
836 1443 893 1479 τε
922 1427 1009 1481 ἵνα
1037 1427 1250 1493 δείξωσι
1282 1430 1342 1483 τὺ
1364 1430 1615 1504 λαμπρὸν
1644 1434 1736 1487 κα)⁹

147 1505 387 1560 ἄσπιλον
419 1511 514 1562 καὶ
540 1513 805 1582 ἐρωτικὸν
837 1515 935 1586 τῆς
962 1517 1202 1586 Χριστοῦ
1230 1520 1600 1585 ἀναστάσεως,
1638 1524 1734 1577 καὶ

145 1597 206 1650 τὸ
235 1598 489 1671 ᾶρῤυπον
519 1603 613 1655 καὶ
661 1603 866 1668 ἀπαθὲς
912 1606 1006 1660 καὶ
1045 1607 1382 1678 ἀκηλίδωτον
1422 1613 1603 1682 χάριτι
1636 1615 1734 1684 τῆς

145 1689 361 1744 ἑαυτῶν
413 1691 666 1761 φύσεως·
701 1697 822 1750 ἐπεὶ
882 1699 990 1770 γάρ
1042 1700 1296 1774 δεύτερον
1349 1705 1466 1774 φῶς
1506 1706 1644 1776 μετὰ
1671 1707 1732 1760 τὸ

144 1780 388 1852 πρῶτον,
423 1783 452 1835 ὃ
482 1785 600 1836 ἐστι
620 1785 680 1839 τὸ
702 1786 817 1855 φῶς
839 1789 946 1842 τῶν
977 1791 1192 1860 φώτων,
1217 1793 1433 1862 λέγεται
1458 1797 1688 1866 ἄγγελος
1715 1816 1727 1829 ·

1855 625 1908 668 ct
1936 617 2027 670 alii
2062 620 2281 687 quidem
2316 637 2625 695 spectantes
2651 671 2665 695 ,
2700 637 2854 705 quasi
2889 644 3182 702 secretiora
3218 650 3424 709 riman‘

1809 768 1812 772 ί
1852 713 1932 760 tes
1958 710 2203 782 prodigia
2228 715 2529 773 divinitatis
2559 738 2572 774 :
2621 724 2713 778 alii
2744 737 2894 785 extra
2916 770 2930 796 ,
2971 733 3205 795 fortasse
3234 754 3420 814 utpote

1849 797 2244 860 incarnationis
2298 807 2498 865 Christi
2546 815 2850 888 prodigium
2903 797 3418 894 praedicantesgvet

1847 891 1987 948 alius
2016 894 2069 949 in
2098 895 2316 953 dextera
2349 910 2501 970 parte
2546 907 2731 977 sedet,
2781 891 2913 982 quia,
2946 919 3218 987 justarum
3260 937 3316 982 et

1845 983 2065 1042 dextera
2119 988 2216 1046 Dei
2270 993 2719 1056 collocandarum
2769 1007 3076 1066 animarum
3130 1019 3408 1094 magister.

1845 1074 1948 1132 Sed
1977 1089 2030 1134 et
2055 1081 2479 1142 adolescentium
2505 1092 2859 1161 pulchrorum
2893 1100 3080 1159 formis
3107 1074 3299 1166 ὁποι-ί

1842 1179 2035 1237 parent
2055 1211 2069 1236 ,
2099 1173 2524 1236 adolescentium
2551 1223 2567 1247 ,
2603 1186 2824 1258 inquam
2852 1234 2864 1254 .
2897 1173 3368 1267 integerrilnoruni
3391 1245 3406 1269 ,

1841 1259 1978 1313 seuii
2008 1269 2063 1316 et
2090 1268 2418 1336 corruptela:
2443 1277 2775 1347 expertium,
2809 1285 2901 1353 qui
2934 1299 3274 1350 constantem
3307 1313 3408 1353 na-

1839 1355 1974 1403 turae
2005 1366 2119 1407 suae
2146 1371 2273 1426 erga
2304 1359 2472 1416 Deum
2505 1366 2781 1436 virtutem,
2809 1374 3035 1442 juvenili
3068 1383 3407 1448 formositate

1837 1437 2145 1543 designant.
2176 1445 2351 1513 Quare
2388 1461 2441 1506 et
2470 1457 2709 1513 vestibus
2741 1437 3003 1533 apparent

1836 1535 1896 1580 ut
1956 1529 2122 1585 simul
2179 1535 2553 1599 demonstrent
2598 1529 2957 1620 splendidam,
2995 1529 3401 1624 immvaculatani

1835 1620 2234 1694 amabilemque
2255 1629 2455 1688 Christi
2480 1644 2894 1700 resurrectionis
2914 1653 3181 1721 speciem;
3213 1669 3265 1712 et
3289 1663 3402 1716 col-

1834 1705 1996 1763 latam
2041 1711 2282 1780 ipsorum
2329 1731 2538 1780 naturae
2575 1742 2605 1781 a
2644 1730 2822 1787 divina
2844 1705 3020 1805 gratia
3044 1746 3397 1818 munditiem,

1834 1795 2353 1875 impassibilitatem,
2386 1822 2549 1884 atque
2576 1795 3011 1888 impeccantiam.

141 1873 338 1927 τούτου
374 1875 537 1947 χάριν
571 1880 665 1931 καὶ
696 1880 983 1952 ἐσθήσεσιν
1015 1885 1480 1956 άστραπτούσαις.
1522 1892 1616 1944 καὶ
1656 1891 1710 1946 ὡς

144 1968 395 1988 μμηι
461 1971 548 1988 ην.
597 1971 610 1988 .
772 1972 783 1988 .
901 1978 912 1988 .
1076 1978 1086 1988 .
1272 1974 1297 1988 .
1595 1984 1619 1988 _

2341 1873 2345 1875 γ
2461 1873 2477 1884 ,
2651 1873 2668 1888 .
2698 1873 3011 1884 τ------.-....
3047 1873 3259 1892 mem...
3310 1873 3396 1901 ,υ-

1834 1891 2070 1947 cundum
2102 1895 2286 1954 lumen
2330 1915 2451 1973 post
2495 1911 2729 1979 primum
2756 1955 2770 1979 ,
2824 1920 2969 1987 quod
3011 1934 3095 1980 est
3129 1927 3396 1988 luminum

139 1968 422 2040 ἀστραπὴ,
458 1971 556 2023 καὶ
580 1971 656 2034 ὡς
700 1972 833 2042 χιὼν
866 1978 916 2028 οί
957 1978 1208 2052 πανίεροι
1242 1974 1388 2034 οῦτοι
1438 1984 1725 2056 φωστῆρες

137 2061 252 2122 τοῖς
283 2058 464 2124 ἀξίοις
489 2061 848 2130 ἑμφαίνονται
876 2081 888 2094 ·
921 2067 980 2121 ὲν
1016 2062 1099 2131 οἷς
1127 2069 1187 2120 ού
1220 2070 1483 2141 πάρεστιν
1500 2074 1558 2125 ού
1583 2076 1726 2144 χρῶ-

141 2167 238 2219 μα,
279 2151 343 2205 οὗ
373 2151 556 2222 σῶμα,
587 2154 649 2206 ού
689 2154 978 2226 πτέρυγες,
1009 2159 1108 2212 ούκ
1135 2161 1391 2232 ὲνπηχεῖς
1415 2162 1720 2235 βραχίονες,

136 2240 195 2290 οὐ
237 2239 565 2312 θριξοφόρος
612 2245 847 2314 κορυφὴ,
896 2247 996 2299 οὐκ
1045 2247 1230 2318 ὄρθιον
1268 2251 1580 2323 ἀνάστημα,
1615 2255 1723 2310 οὐδ’

136 2332 274 2395 ὅλως
301 2350 357 2386 τι
413 2334 524 2386 τῶν
556 2335 698 2389 κατὰ
741 2337 840 2408 τὴν
870 2337 1054 2392 ἔνυλον
1082 2341 1374 2412 ὁρωμένων
1403 2345 1437 2416 ἢ
1468 2348 1720 2417 κινουμέ-

136 2440 240 2476 νων
273 2423 461 2492 φύσιν.
496 2423 561 2479 Et
594 2427 854 2491 πολλάκις
878 2430 937 2482 ὲν
971 2430 1144 2494 θείαις
1193 2433 1482 2499 ὀπτασίαις
1507 2436 1719 2510 ἀνθρω-

137 2515 438 2585 πομόρφως
482 2517 861 2587 ἐπιφαίνεσθαι
909 2519 1178 2589 λέγονται,
1249 2525 1364 2577 ἀλλ’
1409 2527 1517 2582 οὐδ’
1549 2531 1719 2595 αὑτὰς

133 2607 336 2671 ταύτας
366 2610 436 2670 ἃς
463 2612 838 2683 περικείμενοι
873 2616 1258 2688 Ἴπροσηγορίας,
1283 2621 1382 2689 τῆς
1399 2621 1604 2676 τούτων
1623 2625 1716 2677 ού-

135 2699 256 2762 σίας
303 2701 656 2768 σημαντικὰς
707 2703 1109 2777 ὑπειλήφαμεν,
1157 2709 1292 2763 ἀλλὰ
1336 2711 1475 2781 πρὸς
1517 2714 1615 2779 τὰς
1639 2717 1717 2768 οἰ-

135 2791 286 2856 κείας
327 2792 536 2862 μᾶλλον
563 2795 845 2866 ἐνεργείας
894 2799 959 2852 ἐκ
996 2800 1155 2868 Θεοῦ,
1185 2803 1276 2857 καὶ
1311 2804 1420 2858 τῶν
1451 2805 1716 2877 θεολόγων

132 2881 342 2954 ἀνδρῶν
377 2885 712 2955 ἐκομίσαντο
735 2903 748 2917 ο
785 2889 877 2942 καί
908 2906 972 2958 γε
988 2890 1195 2960 ὤφελον
1216 2911 1229 2924 ·
1261 2896 1354 2948 καὶ
1373 2898 1480 2969 γὰρ
1494 2900 1618 2969 ἐμοί
1651 2918 1714 2970 γε

133 2977 435 3030 σκόπευσον
456 2977 650 3043 οὔτως.
668 2980 946 3050 Ἄγγελοι,
958 2983 1397 3054 ὼςάγγέλλοντες
1407 2990 1713 3062 ἀνθρώποις

130 3067 193 3119 τὰ
215 3066 337 3121 θεῖα
355 3068 700 3140 βουλεύματα
723 3074 818 3126 καὶ
834 3073 1057 3129 ἄλλοθεν
1073 3076 1382 3146 άγοντες.Ἀ
1394 3082 1708 3152 ρχάγγελοι,

132 3158 212 3212 ῐνα
242 3163 309 3214 σὺ
330 3161 512 3233 μάθῃς
527 3164 621 3216 καὶ
637 3165 695 3216 ὲν
721 3164 1032 3237 ἀνθρώποις
1051 3170 1206 3234 τάξιν
1234 3175 1326 3225 καὶ
1353 3175 1706 3243 κατάστασιν,

128 3245 191 3320 ἧς
236 3251 414 3317 τύπος
482 3253 578 3307 καὶ⁵
633 3256 668 3325 ἡ
730 3255 1040 3328 Ἐκκλησία
1096 3260 1456 3335 καθέστηκεν.
1519 3269 1709 3341 ’Δρχαὶ

125 3342 178 3397 δὲ
220 3343 387 3398 πάλιν
439 3344 708 3413 λέγονται,
743 3346 818 3411 ὠς
841 3347 1168 3420 ἐξάρχουσαι
1197 3355 1332 3424 πρὸς
1361 3357 1709 3417 διδασκαλίαν

130 3434 216 3487 καὶ
245 3435 536 3504 φωτισμὸν
576 3435 686 3489 τῶν
713 3439 1008 3513 κατωτέρω
1031 3448 1491 3517 προσταγμάτων.
1515 3451 1698 3517 Ἐξου-

130 3525 259 3591 σίαι,
287 3524 638 3595 ὠςβασιλικά
661 3529 758 3582 καὶ
796 3529 1094 3587 δεσποτικὰ
1128 3539 1506 3610 περικείμεναι
1541 3544 1706 3608 ἀξιώ-

130 3631 290 3684 ματα.
331 3615 629 3686 Δυνάμεις,
649 3617 727 3681 ὡς
755 3621 941 3690 χάριτι
965 3623 1145 3694 πάσης
1170 3626 1453 3693 ἀσθενείας
1481 3634 1576 3686 καὶ
1597 3636 1704 3687 πά-

128 3707 246 3772 θους
280 3709 378 3763 καὶ
413 3708 650 3763 θανάτου
671 3710 964 3783 άνὼτεραι.
995 3712 1210 3784 Θρόνοι,
1249 3718 1324 3782 ὡς
1364 3724 1705 3780 ὲπαναπαυο·

129 3799 284 3868 μένου
309 3799 405 3853 τοῦ
440 3799 578 3853 Θεοῦ
618 3803 686 3872 τῇ
726 3801 932 3855 τούτων
962 3804 1209 3878 πολιτείᾳ
1241 3809 1336 3862 καὶ
1365 3809 1697 3886 λειτουργία.

127 3892 477 3963 κυριότητες,
520 3894 596 3958 ὼς
633 3895 1139 3968 ὲμπεπιστευμέναι
1178 3900 1282 3954 ὑπὸ
1330 3903 1425 3957 τοῦ
1459 3906 1596 3960 Θεοῦ
1620 3910 1700 3972 είς

127 3985 378 4054 πρόνοιαν
411 3990 508 4038 καὶ
533 3985 807 4057 σωτηρίαν
842 3987 939 4042 καὶ
975 3992 1345 4060 χειραγωγίαν
1380 3995 1459 4067 τῷ
1490 3998 1699 4070 ἀνθρωο

125 4077 256 4147 πίνῳ
290 4078 463 4145 γένει,
495 4078 592 4131 καὶ
619 4077 695 4142 ὡς
729 4078 1022 4134 ἀδούλωτοι
1061 4083 1244 4153 χάριτι
1289 4085 1472 4158 πάσης
1513 4090 1698 4146 λοιπὸν

125 4168 398 4239 ὲμπαθοῦς
427 4171 702 4240 κινήσεως
748 4173 843 4224 καὶ
879 4175 1228 4240 ἐκπτώσεως.
1259 4177 1533 4250 Σεραφὶμ,
1559 4183 1696 4255 ὅπερ

123 4266 178 4333 τῇ
212 4261 489 4332 Ἐϐραίων
517 4263 669 4332 φωνῇ
695 4263 945 4334 πύρωσις
980 4267 1363 4336 ἑρμηνεύεται,
1394 4271 1469 4333 ὡς
1493 4274 1696 4344 ἑτέρων

121 4353 450 4426 καθαρτικαὶ
493 4355 592 4408 καὶ
633 4358 960 4423 φωτιστικαὶ
1010 4358 1188 4413 οὐσίαι
1233 4364 1601 4434 τυγχάνουσι·
1627 4370 1692 4423 τά

121 4444 168 4498 δὲ
192 4446 452 4500 ἀνώτατα
494 4447 716 4502 πάντων
749 4450 844 4501 καὶ
875 4450 1173 4522 πλησιόθεα
1206 4456 1489 4530 Χερουσὶμ
1510 4499 1523 4524 ,
1556 4464 1691 4533 ὅπερ

121 4538 269 4593 πάλιν
295 4538 502 4612 πλῆθος
523 4539 891 4610 ἑρμηνεύεται
917 4543 1190 4611 γνώσεως.

179 4806 264 4874 ιγ’.
297 4805 521 4879 Ταύτην
545 4811 675 4880 ἡμῖν
701 4813 727 4864 6
744 4812 1180 4885 ἀρχιστράτηγος
1205 4818 1314 4873 τῶν
1333 4819 1580 4892 ἀγγέλων
1600 4829 1691 4899 σή-

121 4914 272 4967 μερον
292 4899 426 4967 περὶ
447 4901 695 4967 ἀγγέλων
710 4905 882 4958 εἰπεῖν
922 4907 1239 4979 ὑφηγήσατο
1264 4928 1278 4943 ⁸
1311 4909 1471 4968 αὗταί
1491 4935 1549 4970 τε
1578 4919 1689 4973 τῶν

118 4987 415 5060 ἀσωμάτων
431 4992 588 5047 ἐννέα
600 4993 803 5060 τάξεις,
826 4997 915 5052 καὶ
937 4999 1134 5073 δεκάτη
1153 5004 1182 5055 6
1207 5003 1491 5075 ἄνθρωπος
1517 5026 1528 5039 ·
1550 5011 1686 5063 εἰσὶν

119 5080 194 5134 οὖν
211 5083 347 5135 δέκα
368 5083 605 5154 τάξειςῆ
632 5085 897 5158 δραχμαὶ,
921 5093 1048 5163 περὶ
1082 5089 1156 5147 ὦν
1192 5113 1355 5166 φησιν
1377 5102 1406 5152 ὁ
1429 5101 1680 5171 Χριστός.

125 5189 139 5222 ι
159 5172 314 5234 Εττις
337 5176 478 5244 γυνὴ
499 5173 695 5244 ἔχουσα
710 5177 958 5248 δραχμάς
986 5182 1139 5250 δέκα,
1162 5187 1257 5239 ἐὰν
1298 5190 1535 5263 ἀπολέσῃ
1557 5195 1686 5262 μίαν

120 5265 164 5328 ἐξ
183 5264 386 5329 αὐτῶν,
402 5266 463 5318 οὐ
478 5265 533 5318 δὲ
553 5267 734 5335 ἅψασα
753 5269 943 5340 λύχνον
967 5274 1297 5347 άναζητήσει
1321 5281 1524 5352 ταύτην
1550 5303 1562 5348 ;
1593 5286 1685 5339 καὶ

120 5354 197 5407 ἰὰν
211 5355 372 5426 εὕρῃ.
404 5359 759 5424 συγκαλεῖται
783 5363 880 5425 τὰς
897 5363 1054 5432 φίλας
1071 5369 1160 5420 καὶ
1181 5370 1278 5433 τάς
1301 5374 1565 5442 γείτονας,
1599 5378 1684 5429 λέν

119 5459 292 5510 γοντα,
343 5449 668 5520 Συγχάρητέ
725 5470 814 5521 μοι
843 5456 924 5508 ὅτι
980 5453 1143 5527 ηὗρον
1190 5463 1288 5531 τὴν
1334 5465 1584 5538 δραχμὴν
1618 5472 1684 5541 ἢν

118 5538 359 5594 ἁπιὶιλεσα
392 5557 405 5569 ·
449 5559 466 5591 ι
503 5543 538 5611 ἦ
559 5560 643 5605 τις
666 5539 734 5614 ἦν
754 5549 846 5599 καὶ
872 5550 930 5600 τὸ
957 5552 1229 5621 πρόϐατον
1249 5556 1309 5608 τὸ
1329 5559 1604 5623 ἀπολωλὸς
1622 5538 1684 5614 ἐκ

118 5633 208 5686 τῶν
268 5638 787 5705 ἑννενηκονταεννέα
837 5641 946 5694 τῶν
994 5643 1068 5714 μὴ
1113 5647 1500 5703 ἀπολωλότων·
1543 5657 1680 5725 ὅπερ

118 5723 354 5795 ὁποιμὴν
388 5727 415 5776 6
445 5727 610 5791 καλὸς
664 5732 758 5782 καὶ
800 5732 1000 5800 ἀγαθὸς
1042 5740 1134 5790 καὶ
1173 5740 1551 5810 φιλάνθρωπος
1581 5723 1679 5816 σύγ(

121 5815 403 5888 ὑπερεῖδεν,
450 5819 567 5872 ἀλλ’
599 5818 924 5894 άνεζήτησε,
980 5831 1072 5882 καὶ
1126 5832 1298 5903 εὑρὼν
1346 5839 1436 5889 ἐπὶ
1473 5839 1539 5891 τά
1576 5839 1675 5910 ὅρη

432 5913 706 5979 ΡΑτιιοι.
741 5917 856 5975 Gs.
893 5920 1084 5980 XCIX.

1719 4594 1771 4652 D

1830 1979 2036 2050 lumen,
2071 1987 2272 2046 dicitur
2305 2008 2427 2052 esse
2451 2002 2696 2071 angelus.
2737 2005 3026 2079 Propterea
3058 2028 3113 2073 et
3141 2019 3194 2074 in
3231 2027 3396 2079 vesti-

1826 2069 1929 2128 bus
1947 2076 2256 2174 splendidis
2275 2124 2290 2148 ,
2321 2097 2375 2141 et
2414 2069 2577 2147 veluti
2607 2093 2817 2168 fulgur,
2844 2069 2953 2158 aut
2983 2069 3110 2174 nis
3141 2069 3394 2173 ἶίεεξξ-

1825 2165 2134 2224 cratissima
2164 2171 2454 2233 luminaria
2481 2182 2660 2253 dignis
2686 2165 2949 2259 apparent
2979 2212 2993 2248 :
3026 2165 3395 2266 quibus—alit»

1823 2257 1917 2324 qui
1945 2274 2123 2330 neque
2153 2266 2305 2321 color
2330 2282 2445 2334 est,
2480 2291 2657 2346 neque
2686 2296 2905 2353 corpus,
2940 2302 3116 2360 neque
3144 2293 3392 2361 alae,.ne-

1822 2359 1928 2416 que
1957 2349 2187 2410 brachia
2214 2360 2298 2414 vel
2329 2363 2496 2418 cubiti
2522 2407 2536 2432 ,
2571 2383 2750 2440 neque
2779 2349 2978 2434 comati
3005 2349 3262 2452 vertices,
3290 2405 3390 2447 ne-

1818 2719 2002 2786 specie
2022 2737 2284 2793 apparere
2315 2728 2592 2800 dicuntur,
2617 2753 2727 2793 non
2748 2748 2927 2798 tamen
2958 2746 3056 2804 has
3079 2749 3224 2820 ipsas
3247 2719 3387 2826 quas

1816 2817 2010 2875 gerunt
2045 2814 2456 2886 appellationes,
2481 2836 2670 2879 eorum
2708 2829 3028 2889 substantiae
3066 2814 3386 2908 significati-

1815 2911 1910 2952 vas
1945 2908 2201 2968 putamus
2225 2947 2239 2972 ,
2282 2909 2374 2963 sed
2414 2925 2508 2968 eas
2550 2917 2733 2985 potius
2770 2935 2800 2975 a
2839 2928 3077 2996 propriis
3113 2931 3203 2988 Dei
3245 2947 3382 2993 nutu

1814 2995 2223 3061 operationibus
2243 3039 2256 3064 ,
2282 3008 2446 3072 atque
2493 3021 2523 3060 a
2560 3009 2829 3085 theologis
2862 2995 3175 3082 hominibus
3204 3032 3383 3087 sortiti

1815 3094 1959 3139 sunt.
1995 3086 2060 3140 Et
2096 3092 2314 3158 quidem
2363 3096 2438 3151 ita
2478 3099 2596 3154 ﬁeri
2641 3108 2906 3174 oportuit.
2957 3110 3092 3169 Nam
3129 3134 3380 3184 mecum.

1813 3193 2034 3246 quaeso,
2064 3185 2372 3243 considera.
2422 3189 2612 3264 Angeli
2644 3194 2860 3265 (nuntii
2886 3202 2903 3270 )
2929 3203 3221 3274 dicuntur,
3253 3215 3382 3283 quia

1813 3271 2070 3326 nuntiant
2123 3273 2436 3336 hominibus
2480 3283 2661 3341 divina
2711 3293 2936 3348 consilia
2969 3334 2985 3360 ,
3048 3307 3103 3352 et
3159 3271 3382 3362 aliunde

1809 3358 2058 3418 afferunt.
2091 3364 2418 3440 Archangeli
2444 3414 2458 3439 ,
2492 3383 2552 3428 ut
2574 3376 2756 3436 discas
2796 3382 2848 3438 in
2885 3358 3202 3449 hominibus
3243 3358 3381 3466 quo:

1808 3467 1914 3522 que
1959 3457 2316 3516 constitutum
2355 3464 2602 3522 ordinem
2659 3485 2782 3528 esse
2830 3475 3060 3544 debere,
3104 3457 3277 3551 cujus.
3301 3491 3377 3545 rei

1809 3552 1968 3614 typus
1993 3544 2230 3605 Ecclesia
2259 3561 2363 3608 est.
2389 3553 2731 3628 Principatus
2754 3564 2881 3621 item
2913 3544 3192 3640 dicuntur,
3219 3583 3377 3647 quasi

1805 3636 2078 3709 principes
2111 3642 2179 3696 ad
2209 3645 2574 3715 magisterium
2617 3661 2672 3707 et
2727 3636 3184 3721 illuminationem
3227 3636 3379 3726 ordi-

1804 3745 1933 3784 num
1962 3730 2304 3789 inferiorum.
2337 3736 2658 3807 Potestates,
2690 3753 2749 3799 ut
2783 3750 2948 3818 regali
2989 3752 3377 3831 dominicaque

1802 3822 2064 3892 dignitate
2093 3825 2325 3894 praediti.
2361 3828 2635 3899 Virtutes,
2662 3846 2722 3890 ut
2753 3842 2942 3908 gratiae
2972 3845 3241 3905 beneiicio
3272 3822 3371 3908 ἑυ-

1796 3911 2021 3981 juslibet
2057 3916 2421 3986 inﬁrmitatis,
2463 3927 2736 3990 passionis
2759 3944 2825 3986 ac
2855 3936 3048 3992 mortis
3073 3938 3370 4002 immunes.

1801 4004 2003 4061 Throui
2025 4047 2044 4076 ,
2079 4023 2178 4064 ceu
2212 4009 2323 4066 Deo
2356 4013 2409 4066 in
2446 4015 2640 4071 horum
2678 4028 3094 4084 conversatione
3123 4042 3177 4086 et
3208 4035 3372 4091 mini-

1800 4100 1968 4156 sterio
2002 4103 2338 4160 considente.
2373 4105 2787 4169 Dominationes
2814 4157 2828 4182 ,
2862 4133 2963 4174 ceu
2994 4123 3196 4192 quibus
3229 4128 3368 4186 Deus

1798 4193 2074 4248 commisit
2111 4211 2320 4263 curam,
2357 4200 2611 4270 salutem,
2644 4205 3110 4285 dircctionemque
3144 4218 3371 4277 humani

1798 4287 2035 4357 generis,
2067 4299 2121 4344 et
2145 4290 2274 4360 quia
2304 4295 2491 4363 gratiae
2523 4296 2788 4353 beneficio
2823 4318 3102 4374 nunquam
3131 4311 3371 4369 servient

1797 4378 1892 4432 ulli
1932 4381 2249 4448 passionum
2287 4387 2456 4439 motui
2503 4396 2558 4441 et
2611 4389 2809 4460 lapsui.
2847 4392 3134 4467 Seraphim
3162 4438 3177 4464 ,
3221 4406 3368 4473 quod

1798 4485 1994 4527 nomen
2023 4474 2076 4527 in
2111 4473 2463 4533 Hebraeorum
2505 4480 2689 4552 lingua
2736 4483 2946 4555 igneam
2987 4494 3367 4552 accensionem

1798 4562 2221 4635 interpretamur
2241 4609 2256 4631 ,
2289 4579 2549 4640 tanquam
2583 4574 2813 4631 aliorum
2841 4583 3139 4650 purgativae
3165 4595 3218 4640 et
3241 4587 3369 4642 illu-

1801 4657 2107 4712 minatorire
2157 4660 2491 4718 substantiae.
2533 4662 2824 4721 Cherubim
2856 4710 2871 4733 ,
2919 4673 3064 4739 quod
3114 4673 3243 4729 item
3277 4693 3369 4731 vo-

1798 4749 2049 4802 cabulum
2083 4751 2505 4820 interpretamur
2543 4757 2933 4824 plenitudinem
2962 4763 3224 4821 scientiae.

1867 4838 1954 4892 15.
1991 4839 2140 4895 Hanc
2171 4843 2325 4897 nobis
2359 4845 2516 4900 hodie
2541 4849 2824 4903 materiam
2859 4867 3108 4909 summus
3131 4854 3237 4911 dux
3271 4873 3369 4913 an-

1795 4929 2038 4999 gelorum
2077 4948 2142 4986 ex
2171 4934 2281 4987 alto
2312 4936 2508 4990 obtulit
2540 4938 2753 4994 dicendi
2785 4942 2853 4997 de
2875 4944 3103 5013 angelis.
3138 4945 3200 5002 Hi
3237 4961 3364 5006 sunt

1797 5038 1988 5077 novem
2040 5022 2489 5094 incorporeorum
2546 5030 2822 5087 ordines:
2880 5034 3124 5094 decimus
3179 5053 3361 5099 autem

1793 5114 1928 5169 ordo
1981 5116 2167 5171 homo.
2224 5117 2363 5172 Sunt
2409 5120 2593 5190 itaque
2637 5122 2821 5178 decem
2872 5127 3089 5184 ordines
3135 5133 3361 5189 totidem

1791 5207 2084 5270 drachma,
2117 5210 2182 5262 de
2213 5211 2412 5279 quibus
2447 5213 2698 5268 Christus
2724 5215 2798 5269 ait
2828 5231 2843 5268 :
2882 5235 2900 5266 ι
2928 5217 3120 5275 Mulier
3153 5224 3361 5282 habens

1790 5297 1975 5351 decem
2014 5298 2326 5362 drachmas.
2351 5303 2393 5354 si
2427 5317 2588 5356 unam
2621 5320 2685 5357 ex
2721 5304 2802 5359 his
2825 5308 3144 5376 perdiderit,
3180 5330 3360 5373 nonne

1790 5404 2017 5446 accensa
2054 5390 2270 5446 lucerna
2297 5405 2502 5462 quaeret
2531 5411 2647 5449 eam
2674 5399 2696 5449 ?
2729 5397 2792 5452 Et
2829 5401 2872 5454 si
2899 5401 3185 5468 invenerit,
3221 5412 3357 5462 ami-

1790 5495 1881 5535 cas
1913 5494 2204 5553 congregat
2235 5485 2583 5556 vicinasque,
2631 5491 2815 5545 dicens
2847 5510 2858 5546 :
2892 5493 3356 5563 Congratulamiui

1795 5573 1924 5625 mihi
1951 5611 1964 5633 ,
2010 5576 2134 5642 quia
2170 5575 2350 5630 iuveni
2384 5578 2697 5634 drachmam
2721 5598 2882 5651 quam
2935 5587 3298 5651 perdideram.
3330 5613 3349 5645 ι

1796 5664 1937 5717 Idem
1978 5665 2223 5721 decimus
2253 5670 2405 5730 ordo,
2432 5686 2524 5724 seu
2556 5672 2738 5737 homo,
2764 5683 2849 5729 est
2878 5677 2996 5730 ovis
3023 5693 3144 5746 quae
3181 5686 3356 5751 perie—

1789 5763 1872 5804 rat
1906 5755 2044 5806 inter
2077 5758 2363 5824 nonaginta
2395 5774 2586 5813 novem
2631 5763 2931 5818 incolumes
2959 5781 2972 5830 ;
3011 5781 3173 5835 quam
3200 5787 3354 5841 egre;

1788 5843 1906 5910 gius
1953 5856 2134 5914 pastor
2159 5888 2171 5912 ,
2209 5849 2384 5905 bonus
2423 5860 2584 5921 atque
2623 5853 2908 5922 benignus,
2939 5871 3047 5910 non
3081 5861 3348 5928 neglexit.

2838 5947 2910 6002 2h
