3926 6438
535 379 637 442 747

1733 381 1793 440 S.
1833 380 2226 442 THEODORI
2263 383 2610 446 STUDlT/E

3689 394 3798 461 748

538 499 634 553 sed
683 496 1046 568 conquisivit,
1096 496 1481 568 inventamque
1540 498 1592 551 in
1638 498 1919 553 tuentibus
1958 497 2102 553 colli-

2214 501 2306 554 καὶ
2332 519 2459 566 τους
2490 503 2712 574 βουνοὺς
2748 505 2874 570 τοὺς
2909 505 3249 578 Ἑλληνικοὺς
3293 511 3477 576 κακῶς
3509 514 3801 587 πλανώμεο

539 592 762 661 δυειιυο
779 589 1014 645 ethnicis
1045 589 1184 644 male
1215 599 1488 644 errantem
1532 600 1585 645 et
1624 589 1783 644 idolis
1820 589 2114 644 immolan-

541 691 649 738 tem
706 685 982 737 revocavit
1009 723 1024 747 ,
1066 694 1120 738 et
1161 682 1473 752 impositam
1515 681 1760 737 humeris
1801 683 2016 737 reduxit
2049 683 2117 738 ad

542 790 650 830 non
679 791 969 829 erroneum
1001 791 1226 845 gregem
1246 791 1363 830 cam
1391 789 1515 847 qua
1537 775 1690 830 devia
1723 775 1930 841 fuerat,
1955 786 2119 845 atque

539 867 683 920 inter
719 866 928 920 caelites
968 866 1220 921 reducem
1254 868 1688 932 connumeravit,
1730 875 1783 920 et
1815 876 2018 920 aeterno
2043 882 2120 921 re-

539 975 646 1030 gno
676 959 931 1028 dignatus
965 968 1086 1022 est;
1128 974 1238 1028 quo
1269 960 1424 1014 nobis
1447 960 1700 1014 omnibus
1722 958 1881 1027 potiri
1907 960 2122 1011 contin-

539 1058 650 1125 gat,
683 1049 854 1119 gratia
877 1056 930 1102 et
955 1047 1282 1118 benignitate
1310 1049 1524 1103 Domini
1551 1049 1723 1103 nostri
1745 1047 1870 1102 Jesu
1896 1047 2123 1113 Christi,

539 1155 663 1196 cum
697 1153 805 1209 quo
837 1139 1010 1209 gloria
1051 1140 1122 1194 sit
1152 1139 1298 1194 Patri
1329 1149 1384 1195 et
1419 1150 1610 1195 sancto
1642 1140 1854 1194 vivifico
1888 1139 2124 1194 consub-

539 1231 778 1286 stantiali
812 1229 1060 1300 Spiritui,
1100 1247 1244 1287 nunc
1273 1243 1328 1286 et
1359 1247 1574 1302 semper
1615 1241 1670 1287 et
1704 1232 1757 1286 in
1791 1231 1992 1287 saecula
2021 1244 2121 1285 sa:-

537 1321 810 1376 culorum.
842 1320 1037 1374 Amen.
1275 1391 1318 1446 γ

697 1464 763 1519 In
787 1461 1115 1519 nativitatem
1134 1393 1580 1590 subiugi-inplicta
1609 1461 1965 1519 Prcecursoria

1229 1546 1456 1590 αυιιειω.

1229 1546 1456 1604 αρηειίε.

2224 613 2313 650 νον
2375 596 2469 650 καὶ
2522 596 2777 663 θυσιάζον
2843 599 3200 669 ἐπέστρεψεν,
3257 602 3352 655 καὶ
3410 604 3689 673 βαστάσας

2225 688 2427 759 ποίμνῃ
2458 689 2525 758 τῇ
2555 689 2784 743 ἀπλανεί
2820 689 2883 742 τὸ
2934 691 3375 761 πεπλανημένον,
3406 696 3489 758 είς
3535 698 3805 769 οὐρανοὺς

2224 778 2520 848 ἀναγαγὼν
2565 781 2958 851 συνηρίθμησε,
2992 783 3088 834 καὶ
3141 783 3239 851 τῆς
3285 782 3562 852 βασιλείας
3590 789 3692 858 τῆς
3723 793 3807 844 αι-

2224 870 2389 923 ωνίου
2420 868 2759 939 κατηξίωσεν
2784 886 2798 900 ο
2824 865 2892 942 ἦς
2935 873 3145 939 γένοιτο
3197 873 3404 937 πάντας
3429 877 3576 944 ἡμᾶς
3605 879 3803 933 ἐπιτυ-

2227 962 2363 1029 χεῖν,
2395 960 2581 1031 χάριτι
2610 960 2706 1013 καὶ
2740 961 3122 1033 φιλανθρωπίᾳ
3141 962 3236 1016 τοῦ
3263 965 3468 1033 Κυρίου
3496 968 3655 1037 ήμῶν
3692 969 3804 1038 Ἰη-

2228 1051 2322 1103 σοῦ
2385 1050 2642 1122 Χριστοῦ,
2709 1052 2830 1123 μεθ’
2862 1048 2922 1108 οὗ
2966 1052 3045 1123 τῷ
3108 1054 3281 1125 Πατρὶ
3326 1058 3536 1126 ήδὸξα,
3570 1060 3685 1130 ἅμα
3719 1062 3805 1132 τῷ

2225 1140 2365 1210 ἁγίῳ
2399 1142 2485 1192 καὶ
2518 1139 2768 1211 ζωοποιῷ
2797 1143 3070 1213 ὁμοουσίῳ
3102 1144 3403 1215 Πνεῦματι,
3433 1148 3528 1202 νῦν
3569 1152 3664 1204 καὶ
3682 1152 3802 1220 ἀεὶ,

2223 1231 2319 1283 καὶ
2345 1231 2425 1293 εἰς
2455 1231 2582 1293 τοὺς
2608 1230 2814 1293 αἰῶνας
2835 1233 2944 1284 τῶν
2964 1232 3199 1288 αἰώνων.
3245 1236 3443 1310 Ἀμήν.

2217 1458 2319 1524 Είς
2357 1457 2423 1512 τὸ
2460 1457 2736 1528 γενέσιον
2758 1459 2864 1538 τοῦ
2896 1394 3090 1538 drt'zoi)_
3109 1464 3418 1538 προφήτου
3451 1465 3804 1538 Προδρόμου

2752 1531 3092 1587 Βαπτιστοῦ
3133 1531 3263 1604 (15).

1785 1625 1918 1680 Anc.
1957 1624 2083 1685 ΜΑι,
2118 1623 2220 1676 loc.
2251 1620 2345 1673 cit.
2371 1635 2424 1685 p.
2458 1621 2544 1674 55.

1761 1625 1918 1695 (ANG.
1957 1624 2083 1685 ΜΑι,

611 1721 664 1774 I.
703 1718 760 1774 Si
795 1719 968 1774 vocali
1001 1719 1161 1774 alicui
1197 1718 1441 1774 lusciniae
1494 1731 1663 1772 verno
1703 1728 1808 1771 tem
1823 1733 1951 1788 pore
1985 1731 2102 1771 suat

2212 1663 2220 1675 .
2251 1621 2345 1673 cit.
2411 1660 2424 1673 .
2458 1621 2544 1674 55.

2289 1621 2612 1782 α’.Ρ’Ληδό)νι
2640 1713 2746 1766 τινὶ
2801 1714 3105 1786 πολυφώνῳ
3134 1714 3307 1787 εὑηχα
3339 1717 3636 1791 κελᾳδούσῃ
3665 1725 3800 1793 περὶ

534 1812 674 1868 vitor
729 1811 1009 1866 resonanti
1053 1821 1239 1865 nostra
1265 1809 1463 1864 similis
1493 1816 1641 1864 esset
1661 1809 1858 1874 oratio,
1887 1808 2110 1862 laudare

533 1901 874 1971 aliquantum
922 1915 1175 1972 magnam
1234 1900 1380 1954 illam
1438 1899 1686 1954 veritatis
1728 1914 1955 1966 vocem,
1989 1913 2109 1968 quae

534 1995 696 2050 hodie
734 1995 979 2050 nascitur
1004 2033 1020 2059 ,
1078 1993 1305 2048 forsitan
1333 2001 1520 2063 posset
1550 2006 1566 2046 :
1601 1992 1695 2048 sed
1723 2007 1846 2047 cum
1887 1991 2108 2061 gracilis

535 2097 704 2158 atque
752 2087 959 2142 absona
992 2085 1064 2140 sit
1091 2085 1266 2139 oratio
1292 2096 1478 2140 nostra
1506 2123 1522 2150 ,
1555 2084 1830 2154 quomodo
1867 2083 2109 2138 laudabit

534 2194 791 2248 magnum
824 2179 989 2233 decus
1020 2176 1408 2247 prophetarum
1437 2177 1459 2228 ?
1504 2177 1784 2246 quomodo
1811 2175 2109 2230 celebrabit

532 2271 788 2324 eximiam
816 2269 1187 2340 apostolorum
1221 2267 1538 2338 dignitatem
1565 2267 1588 2319 ?
1635 2267 1912 2334 quomodo
1939 2266 2106 2336 glori-

533 2363 716 2416 ficabit
755 2363 1094 2432 peregrinam
1126 2370 1421 2430 martyrum
1472 2358 1745 2428 gloriam?
1792 2357 1963 2413 Porro
2003 2358 2106 2414 hoc

532 2453 665 2507 mihi
719 2467 937 2523 quoque
985 2450 1443 2507 considerandum
1490 2460 1614 2516 est,
1667 2450 1813 2520 quod
1860 2450 1913 2504 in
1983 2450 2106 2505 aliis

529 2546 746 2615 quidem
779 2544 985 2599 sanetis
1013 2586 1028 2610 ,
1080 2544 1219 2598 alius
1260 2544 1425 2596 alium
1481 2543 1753 2607 laudavit,
1791 2542 1969 2598 celsus
1997 2542 2105 2597 ccl-

528 2655 676 2705 sum,
715 2639 893 2693 tninor
917 2638 1184 2692 minorem
1210 2654 1224 2692 :
1252 2639 1345 2692 sed
1372 2639 1490 2705 ejus
1521 2636 1615 2706 qui
1652 2652 1798 2690 nunc
1827 2637 2099 2701 laudatur,

527 2742 658 2788 ante
698 2746 891 2786 omnes
924 2732 1039 2801 ipse
1068 2729 1342 2794 Christus,
1381 2729 1524 2784 Deus
1557 2746 1620 2784 ac
1655 2731 1880 2791 veritas,
1913 2729 2102 2782 laudes

526 2824 915 2895 pronuntiavit.
939 2824 1028 2876 Ait
1054 2824 1199 2876 enim
1225 2839 1236 2874 :
1266 2821 1440 2890 Major
1461 2820 1668 2875 Joanne
1690 2821 1935 2890 Baptista
1963 2822 2102 2874 inter

528 2926 679 2970 natos
721 2915 999 2968 mulierum
1043 2929 1146 2967 non
1195 2915 1426 2966 surrexit
1458 2913 1521 2965 ⁸⁸.
1569 2910 1703 2976 Quia
1753 2914 1916 2982 igitur
1954 2920 2102 2965 tanta

2212 1805 2312 1870 τὰς
2359 1807 2581 1877 ὲαρινὰς
2619 1807 2769 1878 ὥρας
2810 1807 3003 1872 ἐοικὼς
3050 1811 3184 1879 ήμϊν
3242 1812 3270 1864 6
3313 1811 3490 1880 λόγος,
3542 1807 3700 1884 εὗρεν
3729 1816 3803 1870 ἂν

2210 1897 2353 1967 τάχα
2391 1898 2454 1950 ἐκ
2494 1898 2691 1969 μικροῦ
2712 1899 3022 1970 ἀνυμνῆσαι
3051 1901 3152 1971 τὴν
3195 1902 3441 1974 μεγάλην
3480 1905 3664 1976 φωνήν
3693 1909 3802 1978 τῆς

2211 1989 2472 2061 ἀληθείας
2497 1992 2739 2060 σήμερον
2763 1993 3203 2066 ἀποκυουμένην*
3221 1996 3344 2048 ἐπεὶ
3367 1995 3421 2049 δέ
3453 1999 3599 2051 ἐστιν
3626 2001 3804 2067 ἰσχνο-

2210 2082 2348 2153 επὴς
2378 2083 2471 2135 καὶ
2504 2083 2783 2151 δύσφωνος
2819 2083 2980 2151 ἄγαν,
3018 2085 3136 2149 πῶς
3167 2087 3400 2158 ὑμνήσει
3423 2089 3484 2140 τὸ
3516 2089 3659 2159 μέγα
3683 2091 3801 2144 τῶν

2211 2170 2506 2242 προφητῶν
2534 2171 2717 2238 κλέοςς
2757 2171 2872 2235 πῶς
2904 2173 3106 2227 αἰνέσει
3135 2175 3194 2229 τὸ
3218 2176 3493 2245 ἐξαίρετον
3525 2179 3633 2233 τῶν
3658 2181 3802 2234 ἀπο-

2213 2263 2413 2317 στόλων
2447 2265 2646 2334 γέρας;
2677 2265 2792 2328 πῶς
2825 2265 3040 2330 δοξάσει
3077 2268 3139 2321 τὸ
3174 2270 3324 2336 ξένον
3356 2272 3464 2325 τῶν
3499 2274 3801 2344 μαρτύρων

2211 2356 2416 2422 σέσας;
2473 2356 2581 2409 Καί
2616 2374 2705 2428 μοι
2747 2357 3052 2427 σκοπητέον
3084 2361 3266 2427 τοῦτο,
3295 2363 3376 2416 ὅτι
3407 2364 3500 2417 ἐπὶ
3540 2366 3642 2434 μὲν
3683 2367 3801 2421 τῶν

2209 2446 2384 2500 ἄλλων
2424 2447 2620 2515 ἀγίων,
2671 2447 2829 2512 ἄλλος
2880 2449 3043 2502 ἄλλου
3103 2450 3349 2524 διείληφε
3389 2455 3456 2507 τά
3510 2456 3795 2526 ἐγκώμια,

2208 2539 2409 2609 ὑψηλὸς
2438 2539 2665 2609 ὑψηλοῦ,
2687 2541 2782 2594 καὶ
2815 2543 3040 2612 μετρίου
3068 2544 3456 2615 μετριώτερος·
3487 2546 3579 2598 τοῦ
3605 2547 3660 2599 δὲ
3695 2547 3798 2602 νῦν

2207 2631 2624 2701 εὑφημουμένου
2649 2633 2754 2704 πρὸ
2772 2633 2882 2686 τῶν
2913 2634 3108 2700 ἄλλων,
3142 2637 3303 2700 αὐτὸς
3331 2638 3565 2706 Χριστὸς
3594 2639 3622 2690 6
3656 2639 3798 2705 Θεὸς

2206 2725 2239 2793 ἡ
2263 2723 2508 2793 ἀλήθεια·
2543 2724 2676 2794 φησι
2710 2724 2838 2795 γάρ·
2871 2727 3096 2787 Μείζων
3124 2729 3406 2783 Ἰωάννου
3430 2729 3536 2784 τοῦ
3567 2733 3798 2787 Βαιτι-

2206 2813 2357 2868 στοῦ
2408 2813 2477 2867 ἐν
2534 2816 2845 2885 γεννητοῖς
2911 2820 3213 2883 γυναικῶν
3272 2821 3383 2872 οὐκ
3451 2819 3794 2890 ἐγήγερται.

2220 2905 2371 2957 Ἐπεὶ
2411 2904 2505 2958 οὖν
2540 2906 2794 2968 τοσοῦτος
2829 2907 3111 2977 περίεστιν
3141 2910 3168 2961 ὀ
3210 2908 3430 2973 ἔπαινος
3455 2911 3533 2980 τῷ
3564 2913 3794 2985 μεγάλῳ

527 3011 766 3077 suppetit
832 3021 1028 3076 magno
1095 3004 1427 3060 Praecursori
1480 3005 1853 3075 sublimisque
1893 3005 2013 3059 laus
2071 3019 2102 3059 a

2212 2997 2506 3068 Προδρόμῳ
2541 2997 2947 3067 ἀνυπέρϋλητος
3000 3001 3064 3052 ἐκ
3115 2999 3209 3052 τοῦ
3271 3001 3533 3056 ἀνωτάτω
3581 3003 3791 3071 Λόγου,

527 3114 796 3169 supremae
840 3098 1186 3152 auctoritatis
1229 3097 1447 3162 Verbo;
1509 3112 1638 3150 num
1698 3097 1744 3151 is
1799 3095 1977 3150 adhuc
2018 3095 2103 3148 in-

529 3192 673 3261 diget
711 3190 909 3261 exiguo
943 3198 1130 3244 nostro
1161 3204 1434 3252 sermone,
1465 3201 1497 3242 ο
1532 3187 1764 3242 studiosi
1793 3187 2105 3242 auditores?

527 3281 718 3350 Absit;
775 3281 872 3339 sed
905 3282 1100 3338 servile
1130 3280 1494 3350 persolventes
1516 3280 1755 3333 debitum
1783 3321 1797 3344 ,
1849 3287 1902 3332 et
1927 3277 2104 3332 Patris

524 3376 738 3444 iussum
768 3383 1127 3442 exsequentes
1151 3411 1167 3438 ,
1214 3381 1268 3427 et
1295 3373 1448 3441 quasi
1494 3386 1557 3426 ex
1594 3370 1708 3425 sola
1741 3369 2104 3424 Praecursoris

530 3466 806 3520 mentione
848 3463 1223 3519 sanctificandl
1266 3463 1440 3518 simus
1465 3505 1478 3528 ,
1535 3471 1775 3516 nostram
1817 3461 2101 3514 audaciam

527 3558 898 3614 ostendemus.

608 3650 666 3703 2.
700 3649 943 3719 Agedum
993 3651 1156 3716 igitur
1186 3647 1328 3702 diem
1356 3645 1552 3701 festum
1581 3645 1694 3714 jam
1727 3645 2060 3700 celebremus
2087 3685 2101 3710 ,

525 3738 594 3794 ad
666 3739 900 3792 natalem
957 3736 1334 3791 honorandum
1408 3734 1678 3804 frequenti
1755 3735 2104 3790 multitudine

526 3832 919 3886 conveniamus
946 3869 960 3893 ,
1017 3844 1191 3896 neque
1225 3829 1421 3883 accolae
1451 3830 1828 3883 tantummodo
1853 3869 1868 3892 ,
1916 3843 2102 3882 verum

524 3924 689 3979 etiam
738 3923 990 3977 universa
1039 3921 1424 3976 intellectualis
1471 3919 1729 3975 Jordanis
1780 3921 1952 3990 regio.
2009 3919 2103 3973 Υἱ-

525 4017 751 4069 deantus
802 4013 1145 4084 peregrinum
1206 4014 1568 4083 mysterium;
1629 4022 1936 4082 spectemus
2009 4028 2104 4066 ne-

525 4110 731 4178 gotium
782 4106 943 4161 hodie
1004 4116 1200 4174 praeter
1266 4120 1483 4158 omnem
1566 4121 1712 4173 spem
1789 4111 2100 4172 patratum,

525 4199 933 4254 consideremus
964 4196 1241 4251 Zachariae
1274 4211 1360 4251 res
1381 4236 1396 4260 ,
1425 4196 1780 4266 vicissimque
1812 4211 2104 4251 narremus

525 4305 648 4361 quae
685 4289 970 4345 Elisabetze
1021 4299 1170 4342 sunt.
1237 4286 1352 4341 Non
1403 4304 1469 4342 ex
1511 4289 1770 4343 obscuris
1824 4304 1953 4359 ergo
2004 4303 2103 4357 pa-

2210 3091 2285 3159 μή
2333 3107 2385 3142 τι
2425 3089 2531 3158 ἄρα
2564 3089 2745 3159 ἐνδεής
2799 3093 2912 3144 ἐστι
2953 3092 3052 3162 τῆς
3084 3094 3357 3164 ἡμετέρας
3395 3093 3790 3167 βραχυλογίας,

2204 3175 2249 3233 ὧ
2283 3181 2752 3251 φιλακροάμονες;
2797 3184 3008 3252 ’Λπαγε
3029 3199 3042 3214 °
3075 3183 3212 3237 ἀλλά
3269 3185 3512 3240 δουλικὸν
3557 3188 3793 3242 ἀποτιν-

2205 3273 2391 3338 νύντες
2441 3275 2634 3346 χρέος,
2695 3274 2787 3328 καὶ
2840 3277 3110 3347 Πατρικδν
3160 3277 3270 3348 (14)
3332 3278 3793 3349 ἀποπληροῦντες

2204 3366 2617 3436 ἐπίταγμα,καὶ
2646 3366 2720 3428 ώς
2749 3368 3206 3439 ἀγιασθησόμενοι
3238 3371 3301 3423 ὲκ
3335 3371 3502 3441 μόνης
3533 3371 3630 3441 τῆς
3658 3374 3797 3442 περὶ

2202 3463 2293 3515 τὸν
2323 3462 2642 3533 Πρόδρομον
2670 3463 3054 3534 ὑπομνήσεως,
3090 3464 3151 3517 τὸ
3174 3466 3445 3536 τολμηρὸν
3475 3466 3633 3536 ήμῶν
3666 3467 3798 3518 ὲπιο

2201 3552 2550 3624 δεικνύμεθα.

2277 3647 2342 3716 β’.
2384 3646 2553 3717 Δεῦρο
2581 3646 2644 3718 δὴ
2675 3641 2771 3700 οὖν
2805 3647 2993 3700 λοιπὸν
3029 3647 3128 3717 τὴν
3170 3647 3381 3718 ἡμέραν
3412 3647 3790 3716 ὲορτάσωμεν,

2203 3741 2272 3793 τὰ
2320 3740 2414 3792 τοῦ
2466 3740 2711 3806 γενεσίου
2756 3738 3239 3807 πανηγυρίσωμεν,
3278 3738 3377 3806 οὑχ
3423 3738 3474 3790 οἱ
3508 3738 3794 3807 περίοικοι

2208 3833 2388 3901 μόνον,
2421 3831 2556 3883 ἀλλὰ
2597 3831 2690 3883 καὶ
2741 3832 2891 3882 πᾶσα
2932 3832 2965 3898 ή
2996 3827 3089 3882 τοῦ
3136 3828 3326 3900 νοητοῦ
3357 3829 3620 3900 Ἰορδάνου
3670 3831 3792 3902 (15)

2205 3925 2529 3994 περίχωρος⁸
2557 3923 2753 3993 ἴδωμεν
2779 3923 2838 3975 τὸ
2867 3922 3196 3993 ξενοπρεπὲς
3233 3922 3554 3992 μυστήριον,
3584 3922 3794 3992 ἴδωμεν

2203 4019 2263 4072 τὸ
2313 4018 2630 4088 παραδόξως
2686 4017 3010 4086 τελούμενον
3060 4019 3322 4088 σήμερον,
3356 4018 3803 4089 κατανοήσωμεν

2204 4110 2272 4163 τὰ
2312 4109 2405 4161 τοῦ
2458 4109 2746 4180 Ζαχαρίου,
2782 4107 3346 4178 ἀνθομολογησώμεθα
3381 4108 3447 4162 τά
3491 4108 3588 4177 τῆς
3639 4107 3794 4163 Ἐλια-

2207 4200 2396 4255 σάὸετ.
2433 4201 2545 4252 Οὑκ
2574 4198 2630 4266 ἐξ
2658 4199 2900 4267 ἀγεννῶν
2930 4199 3108 4252 τοίνυν
3133 4199 3355 4267 γονέων,
3373 4199 3459 4252 ἵνα
3485 4198 3791 4253 κάντεῦθεν

2203 4293 2396 4363 δειχθῇ
2423 4293 2678 4363 μέγιστος
2707 4295 2733 4345 6
2761 4293 3094 4364 Πρόδρομος,
3129 4291 3264 4345 ἀλλὰ
3313 4292 3404 4343 καὶ
3435 4291 3557 4343 λίαν
3581 4291 3789 4360 ἐπισή-

526 4383 809 4446 rentibus,
856 4389 915 4434 ut
963 4381 1088 4434 hinc
1133 4380 1297 4434 etiam
1357 4380 1628 4434 maximus
1660 4388 1921 4450 appareat
1963 4378 2101 4433 Prae-

2212 4402 2324 4456 μων
2358 4384 2450 4437 καὶ
2478 4383 2792 4452 περιδόξων·
2834 4385 2862 4436 6
2918 4383 3013 4452 μὲν
3044 4381 3153 4452 γὰρ
3187 4382 3396 4450 Ἀαρών
3425 4398 3506 4443 τις
3536 4381 3632 4433 καὶ
3683 4380 3792 4452 τὴν

523 4491 740 4542 cnrsor,
774 4475 868 4532 sed
894 4491 960 4530 ex
990 4475 1296 4529 illustribus
1322 4475 1648 4546 inclytisque
1675 4475 1935 4529 nascitur.
1961 4471 2095 4526 Nam

524 4568 660 4622 alter
686 4567 899 4636 quidem
948 4575 1068 4620 erat
1119 4566 1284 4619 veluti
1327 4568 1508 4620 Aaron
1567 4576 1784 4635 propter
1828 4581 1993 4620 canos
2046 4574 2100 4618 et

522 4659 843 4726 dignitatem
871 4696 885 4720 ,
938 4657 1261 4712 sacerdotali
1310 4665 1458 4711 veste
1487 4657 1710 4710 indutus
1745 4674 1758 4709 :
1791 4654 2050 4725 peetorali
2081 4693 2095 4719 ,

521 4749 743 4819 inquam
776 4791 791 4815 ,
850 4757 904 4803 et
960 4748 1396 4818 superhumerali
1431 4790 1445 4811 ,
1518 4749 1758 4817 pedere,
1825 4748 2095 4802 litnbriata

521 4846 731 4903 tunica,
793 4841 1006 4906 cidari,
1052 4852 1214 4909 atque
1271 4856 1429 4906 zona,
1500 4857 1619 4910 qua:
1676 4841 1857 4894 omnia
1921 4856 2095 4905 auro,

520 4934 1080 5007 gemmis,hyacintlto
1102 4973 1116 4997 ,
1151 4934 1421 5004 byssoque
1445 4943 1601 4987 erant
1648 4935 1854 4987 variata
1890 4953 1902 4988 :
1934 4943 2097 5004 atque

519 5029 591 5083 ita
644 5029 694 5081 in
734 5028 934 5083 Sancta
966 5038 1279 5082 sanctorum
1313 5025 1719 5096 ingrcdiebatur
1755 5041 1848 5095 per
1883 5034 2095 5094 tempus

588 5146 633 5177 ⁸⁸
668 5145 856 5199 Matth.
895 5159 970 5209 xt,
1005 5142 1093 5200 H.

589 5265 698 5333 (15)
741 5261 1051 5333 Orationem
1096 5259 1235 5333 hanc
1262 5255 1590 5333 erili-ibuerat
1619 5251 1812 5331 Latine
1844 5259 2082 5333 tantum-

517 5322 693 5388 modo,
735 5331 1091 5386 Combelisius
1152 5331 1202 5378 in
1253 5324 1580 5378 Bibliotheca
1636 5322 2077 5382 conciouatoria,

516 5414 558 5458 ι.
598 5404 707 5467 νιι,
747 5418 799 5470 p.
837 5400 956 5454 129.
999 5399 1107 5452 Nos
1155 5411 1300 5470 nunc
1340 5394 1525 5470 (faece
1556 5393 1792 5470 primum
1834 5407 1899 5444 ex
1935 5388 2084 5470 Vali-

517 5491 654 5528 cano
685 5461 866 5526 codice
899 5473 1164 5524 eruimus.
1201 5465 1317 5519 Jam
1343 5462 1654 5518 Combelisii
1683 5461 2086 5530 interpretatio-

518 5560 642 5598 nem
683 5557 823 5611 szepe
851 5541 1082 5594 libenter
1112 5537 1286 5611 secuti
1319 5549 1528 5594 sumus,
1560 5547 1702 5600 saepe
1729 5534 1892 5611 etiam
1924 5533 1991 5611 ab
2021 5545 2084 5583 ea

515 5601 892 5675 discessimus,
927 5619 1038 5663 tum
1072 5609 1143 5662 ob
1188 5609 1321 5660 alias
1351 5620 1568 5665 causas,
1614 5612 1723 5675 tum
1758 5603 1883 5670 quia
1923 5601 2086 5654 Com-

511 5685 741 5738 belisius
773 5673 988 5735 Graecas
1027 5679 1294 5732 dictiones
1325 5689 1430 5728 non
1470 5688 1576 5727 una
1619 5673 1734 5726 vice
1768 5688 1929 5741 prave
1968 5686 2086 5724 om-

519 5756 647 5807 nino
692 5752 1087 5819 explicaverat;
1139 5747 1190 5802 id
1224 5747 1371 5816 quod
1407 5742 1724 5812 pltilellencs
1768 5757 1890 5796 vere
1924 5757 1953 5794 a
1999 5755 2084 5794 me

515 5825 623 5879 dici
659 5821 1013 5891 comperient.

2207 4478 2398 4530 πολιὰν
2454 4476 2548 4529 καὶ
2595 4476 2690 4544 τὴν
2721 4472 2897 4538 ἀξίαν,
2936 4473 3034 4543 τὴν
3067 4471 3347 4543 ἱερατικὴν
3387 4471 3580 4543 στολὴν
3607 4472 3792 4541 ἡμφι-

2206 4568 2455 4636 εσμένος,
2485 4567 2544 4618 τὸ
2576 4563 2925 4635 περιστήθιόν
2953 4579 3116 4633 φημι,
3141 4562 3238 4632 τὴν
3262 4561 3530 4631 ἐπωμίδα,
3559 4561 3652 4613 τὸν
3679 4578 3792 4614 πο-

2203 4660 2364 4729 δήρη,
2406 4657 2496 4709 τόν
2535 4673 2593 4708 τε
2621 4653 3044 4723 κοσσὺμὸρωτον
3071 4652 3295 4722 χιτῶνα,
3335 4651 3434 4721 τὴν
3465 4650 3680 4720 κίδαρίν
3723 4668 3791 4704 τε
3819 4637 3831 4643 ”

2204 4752 2299 4804 καὶ
2337 4749 2538 4818 ζώνην,
2568 4745 2636 4800 τά
2669 4747 2732 4798 ὲκ
2764 4743 2968 4814 χρυσοῦ
2993 4761 3051 4796 τε
3083 4744 3179 4797 καὶ
3216 4742 3376 4796 λίθων
3398 4743 3492 4795 καὶ
3521 4741 3789 4794 ὑακίνθου

2205 4841 2297 4894 καὶ⁵
2347 4838 2547 4909 βύσσου
2601 4835 3014 4904 πεποικιλμένα·
3053 4835 3146 4887 καὶ
3195 4833 3365 4896 οὑτως
3394 4834 3471 4895 είς
3501 4831 3570 4885 τά
3613 4832 3791 4901 ’Ἅγια

2204 4933 2313 4986 τῶν
2344 4931 2514 5000 ἁγίων
2559 4927 2766 4990 εἰσιὼν,
2798 4927 2937 4979 κατὰ
2979 4927 3073 4997 τὴν
3107 4926 3412 4996 ὲφημερίαν
3439 4924 3539 4994 τῆς
3567 4927 3790 4994 ἱερουρ-

2205 5028 2328 5095 γίας
2361 5042 2374 5056 ο
2422 5025 2455 5094 ή
2501 5021 2555 5074 δὲ
2607 5020 2704 5089 τῆς
2738 5019 2954 5089 Σάρρας
3012 5017 3280 5086 ίσοκ).εὴς,
3334 5017 3429 5069 κα)⁸
3489 5015 3688 5086 μᾶλλον
3727 5016 3788 5070 δὲ

2264 5251 2382 5333 (Ην)¹
2417 5249 2562 5304 Satis
2592 5259 2847 5333 constare
2882 5249 3095 5328 videtur
3121 5245 3396 5333 Studitam
3429 5253 3587 5333 aetate
3620 5244 3789 5323 juve-

2193 5314 2288 5376 nili
2337 5314 2620 5390 plerasque
2668 5320 2765 5373 has
2805 5319 3168 5394 panegyricas
3193 5314 3500 5394 orationes
3529 5315 3782 5394 dixisse,

2192 5407 2300 5461 quo
2337 5384 2592 5459 tempore
2651 5384 2866 5461 nonnisi
2913 5384 3068 5461 jussu
3107 5387 3204 5461 _vel
3260 5384 3500 5461 episcopi
3555 5384 3642 5437 sui
3691 5386 3784 5440 vel

2193 5458 2402 5516 abbatis
2442 5458 2756 5514 monasterii
2808 5458 3118 5512 concionari
3152 5465 3382 5524 poterat.
3435 5458 3608 5524 Quem
3654 5469 3782 5524 mo:-

2191 5549 2305 5587 rem
2353 5533 2405 5585 in
2445 5529 2706 5599 Gregorio
2732 5543 2948 5598 quoque
2993 5523 3334 5580 Antio’cheno
3377 5523 3579 5578 videsis
3629 5523 3782 5592 apud

2193 5618 2293 5657 nos
2326 5612 2363 5655 t.
2396 5599 2461 5661 ll,
2484 5616 2534 5661 p.
2571 5601 2694 5653 55⁵1.

2266 5616 2694 5740 δὲδιῖοῐίιὶἓιῖοιέ
2738 5667 2990 5740 baptismi
3054 5664 3362 5736 symbolum
3407 5664 3480 5740 _i_n
3537 5662 3780 5740 mttsivis

2202 5731 2483 5796 Romanis.
2528 5739 2622 5795 llic
2655 5740 2785 5796 dicit
2810 5731 3122 5808 baptizatos
3152 5749 3364 5792 omnes.
3405 5735 3457 5788 id
3491 5742 3576 5788 est
3611 5731 3780 5787 Chri-

2203 5812 2430 5867 stianos.
