3926 6444
189 427 299 493 749

879 437 1160 500 ORATIO
1197 441 1330 504 VII.
1369 470 1436 479 —
1471 446 1553 506 IN
1590 448 1649 507 S.
1672 447 1990 510 JOANNIS
2026 450 2236 512 BAPT.
2264 452 2777 521 NATIVITATEM

3339 477 3441 541 750

189 541 524 614 ὑπερκλεὴς,
580 541 658 609 ώς
702 547 796 599 καὶ
844 551 911 619 τῇ
972 551 1276 624 Θεομήτορι
1333 557 1732 644 ἀγχιστεύουσα

1877 561 2168 618 ministerii
2198 565 2305 620 sui.
2353 564 2450 622 llla
2493 584 2625 624 vero
2662 571 2809 629 Sara
2857 575 3026 644 gloria
3057 581 3312 652 aqualis,
3353 592 3440 646 vel

190 633 356 703 γεννᾷ
380 634 492 705 γὰρ
517 635 581 687 ἐκ
607 637 944 707 στειρώσεως
966 641 1086 694 κατ’
1103 643 1435 713 ἐπαγγελίαν
1457 648 1556 701 οὐκ
1574 640 1770 704 Ἰσαὰκ

187 722 375 777 δοῦλον
406 725 543 778 Θεοῦ
572 727 860 794 κληθέντα,
896 730 1014 782 ἀλλ’
1044 731 1299 804 Ἰωάννην
1326 736 1418 789 τὸν
1454 739 1606 806 φίλον
1634 742 1769 812 γνή-

189 833 301 871 σιον
331 818 540 887 Κυρίου
581 819 1020 889 χρηματίσαντα.
1048 825 1110 875 Ὦ
1139 825 1335 892 ἀγόνου
1368 828 1557 895 νηδύος
1591 832 1768 883 τοιοῠο

186 923 276 960 τον
329 911 752 981 κυοφορησάσης
783 912 946 965 παῖδα
972 914 984 966 l
1014 914 1060 966 ὣ
1110 917 1362 988 ἀκάρπου
1401 921 1640 990 ἀρούρας
1672 939 1767 993 τη-

184 999 453 1068 λικαύτην
522 1000 905 1072 βλαστησὼτης
962 1006 1239 1077 ἄσταχυν·
1304 1009 1391 1064 διὰ
1452 1012 1607 1065 τοῦτο
1665 1016 1765 1068 οὐκ

183 1091 527 1162 ἀποκνητέον
564 1093 634 1146 τὰ
676 1095 771 1147 τοῦ
828 1097 1344 1166 μεγαλοφωνοτάτου
1385 1103 1610 1159 Ἡσαΐου
1643 1125 1764 1160 και-

182 1181 402 1252 κότερόν
456 1200 575 1246 πως
624 1185 717 1236 καὶ
767 1186 902 1257 πρὸς
934 1188 1104 1260 αὐτὴν
1137 1191 1614 1262 ἀποφθέγξασθαι·
1645 1184 1762 1254 Εὺλ

179 1271 498 1341 φράνθητι,
529 1273 734 1342 στεῖρα
761 1277 800 1343 ἡ
831 1280 904 1332 οὺ
933 1280 1248 1341 zlxtova'a:
1263 1285 1461 1352 ῥῆξον
1489 1289 1588 1341 καὶ
1609 1290 1761 1358 βόη-

178 1380 314 1430 σον,
333 1367 374 1433 ἠ
405 1367 519 1419 οὐκ
546 1366 867 1435 ὠδίνουσα,
896 1372 973 1424 ὅτι
1009 1372 1308 1445 ἐξήνθησας
1334 1380 1397 1430 ἐκ
1425 1379 1522 1448 τῆς
1549 1381 1757 1451 ἐρήμου

181 1457 398 1527 μήτρας
428 1456 490 1509 τὸ
532 1457 718 1527 κρίνον
746 1459 844 1528 τῆς
876 1461 1120 1528 ἁγνείας,
1159 1464 1220 1516 τὸ
1271 1466 1421 1534 ῥόδον
1456 1469 1559 1538 τῆς
1593 1488 1756 1524 πνευ-

181 1550 420 1618 ματικῆς
476 1548 756 1620 εὑοδμίας,
817 1551 908 1604 τὸν
971 1551 1212 1622 λειμῶνα
1258 1557 1358 1627 τῆς
1412 1559 1755 1632 ἀγαθοφόρου

177 1640 530 1710 ἐγκρατείας,
557 1641 647 1695 τὸν
668 1644 989 1716 ήμεροφανῆ
1035 1647 1334 1721 λαμπτῆρα
1383 1651 1484 1722 τῆς
1517 1655 1753 1725 Χριστοῦ

176 1729 525 1798 ἐπιφανείας,
560 1732 814 1805 Ἰωάννην
857 1737 947 1791 τὸν
981 1737 1376 1813 θεοπρόόλητον
1411 1748 1752 1818 στρατιώτην

1871 654 2054 722 potius
2099 658 2386 725 superior,
2426 669 2614 731 utpote
2645 662 2740 718 Dei
2776 665 3002 724 Matrem
3037 676 3434 747 propinquitate

1872 744 2216 815 contingens.
2271 746 2420 802 Parit
2487 753 2629 806 enim
2691 771 2754 809 ex
2813 761 3098 818 sterilitate
3139 744 3432 826 secundum

1868 833 2334 902 promissionem,
2394 840 2538 894 haud
2599 841 2842 900 lsaacum
2903 849 3000 905 Dei
3053 870 3272 912 servum
3335 877 3436 915 vo-

1867 935 2049 979 catum
2091 922 2172 989 ",
2227 929 2320 983 sed
2349 927 2612 988 Joannem
2663 937 2752 1005 qui
2787 955 2948 996 verus
2981 941 3194 1002 Domini
3229 953 3438 1008 exstitit

1867 1017 2094 1072 amicus.
2149 1016 2194 1072 Ο
2247 1018 2487 1076 sterilem
2533 1033 2790 1095 uterum,
2841 1033 2936 1101 qui
2989 1037 3150 1092 talem
3199 1043 3435 1110 gestavit

1864 1104 2038 1161 ﬁlium
2066 1109 2079 1162 !
2105 1108 2149 1164 Ο
2180 1109 2586 1170 infructuosum
2615 1133 2827 1188 agrum,
2858 1127 2950 1194 qui
2983 1126 3089 1183 tale
3112 1104 3432 1205 tantumque

1863 1195 2072 1263 spicum
2142 1201 2500 1267 germinavit!
2571 1204 2935 1271 Quamobrem
2987 1229 3093 1273 non
3158 1230 3240 1276 est
3295 1195 3430 1280 cun-

1861 1284 2120 1341 ctanduni
2149 1291 2314 1344 verba
2345 1293 2432 1346 illa
2479 1298 2808 1355 vocalissimi
2844 1302 2994 1361 lsaia
3024 1324 3161 1367 novo
3190 1316 3426 1384 quodam

1860 1381 2024 1434 modo
2045 1383 2110 1437 de
2129 1385 2245 1453 ipsa
2274 1387 2488 1444 dicere:
2515 1390 2744 1462 Lazare,
2764 1402 2962 1456 sterilis
2989 1420 3104 1472 qua
3128 1381 3229 1461 non
3259 1415 3430 1479 paris;

1859 1486 2073 1542 erumpe
2101 1484 2150 1528 et
2191 1477 2520 1550 clama,qua
2545 1500 2645 1537 non
2677 1492 2913 1554 parturis
2947 1490 3027 1559 ὀ,
3066 1477 3324 1566 quoniam
3365 1520 3434 1560 ex

1859 1562 2071 1620 deserta
2102 1569 2330 1626 matrice
2361 1581 2452 1628 tua
2481 1574 2657 1631 lilium
2688 1577 2927 1639 efﬂoruit
2947 1562 3280 1660 sanctitatis,
3309 1611 3430 1650 rosa

1859 1653 2121 1721 spiritalis
2161 1661 2466 1728 suavitatis,
2495 1677 2711 1734 pratum
2745 1672 2894 1728 utilis
2919 1653 3302 1748 continentia,
3335 1683 3428 1740 fax

1858 1742 2093 1801 interdiu
2127 1764 2345 1820 quoque
2390 1758 2686 1826 conspicua
2720 1759 2920 1818 Christi
2943 1767 3235 1840 adventus,
3275 1742 3410 1831 Joan

173 1821 264 1875 τοῦ
314 1823 573 1893 οὐρανίου
627 1825 908 1895 βασιλέως,
974 1830 1067 1883 τὸν
1103 1831 1323 1903 ἄριστον
1367 1835 1467 1906 τῆς
1515 1840 1746 1909 Χριστοῦ

1855 1850 1953 1891 nes
2005 1853 2035 1893 a
2103 1837 2210 1896 Deo
2261 1844 2465 1902 electus
2523 1851 2679 1906 miles
2717 1853 2952 1911 calestls
2981 1860 3153 1930 regis,
3185 1867 3422 1935 optimus

172 1920 546 1983 νυμφαγωγὸν
574 1916 929 1987 Ἐκκλησίας,
957 1921 1046 1975 τὸν
1073 1924 1336 1996 ἁσίγητον
1367 1906 1622 2000 μάρτυρα
1654 1934 1746 2002 τῆς

172 2001 341 2028 ιη---
399 2005 650 2028 m_n-._-,
707 2007 742 2028 ..
808 2011 820 2028 ρ
1046 2014 1058 2028 .
1165 2016 1189 2028 -
1348 2016 1360 2028 .
1584 2024 1592 2028 .

2731 1906 2951 1911 me---"
2981 1906 3153 1930 ηοω,
3186 1906 3216 1918 ν
3258 1906 3422 1924 ...ηυο

1857 1925 2113 1984 Ecclesia
2187 1931 2390 1991 Christi
2458 1943 2895 2015 paranymphus,
2947 1953 3098 2007 testis
3147 1906 3428 2028 nunquam

169 2001 341 2066 ὅντως
393 2005 674 2077 ἀληθείας,
707 2007 957 2082 Ἰωάννην
1010 2014 1101 2067 τὸν
1160 2016 1481 2088 διαπρύσιον
1533 2001 1752 2091 κήρυκα

168 2097 269 2167 τῆς
301 2100 621 2168 μετανοίας,
652 2102 745 2155 τὸν
772 2105 832 2156 ἐν
865 2105 1076 2176 σώματι
1105 2107 1334 2176 ἄγγελον
1368 2112 1462 2165 τοῦ
1517 2116 1747 2184 Κυρίου,

168 2190 258 2242 τὸν
298 2190 616 2262 ἑκφάντορα
634 2193 728 2246 τοῦ
750 2195 946 2263 Ἀμνοῦ
967 2197 1060 2248 τοῦ
1092 2199 1337 2268 αἴροντος
1358 2201 1455 2273 τὴν
1475 2205 1751 2276 ἁμαρτίαν

165 2279 260 2333 τοῦ
324 2283 555 2352 κόσμου·
606 2285 702 2337 καὶ
746 2285 854 2338 οὐδ’
894 2285 959 2339 ἂν
1013 2288 1180 2342 αὑτοῦ
1238 2292 1591 2364 περιλάϐοιμι
1653 2298 1752 2361 τὰς

164 2373 345 2439 ἀξίας,
400 2375 505 2427 κᾶν
558 2374 726 2429 πλείω
760 2376 1058 2448 προσθείην
1105 2381 1204 2452 τῆς
1232 2382 1478 2455 κλήσεως
1525 2386 1593 2438 τὰ
1631 2388 1751 2440 ὀνό-⁸

168 2481 338 2535 ματα·
376 2464 730 2535 πολυώνυμος
777 2466 885 2537 γάρ
909 2469 992 2533 τίς
1037 2472 1172 2540 ἐστι,
1213 2474 1310 2527 καὶ
1353 2474 1659 2542 πολυάξιος,
1688 2479 1749 2532 τὸ

166 2557 356 2626 μεῖξον
404 2558 556 2628 παρὰ
589 2557 797 2624 πάντας
833 2561 961 2626 τοὺς
1017 2566 1276 2634 χριστοὺς
1311 2569 1516 2636 Κυρίου
1547 2571 1744 2642 κεκλης

165 2637 437 2720 ρωμένος.

231 2769 305 2830 γ’.
346 2764 460 2817 Καὶ
489 2764 622 2833 γοῦν
654 2767 882 2838 τιμᾶται
911 2769 1008 2822 καὶ
1033 2769 1218 2824 Ἰσαὰκ
1250 2770 1346 2824 τοῦ
1400 2774 1743 2843 προπάτορος

161 2858 220 2912 τὸ
244 2858 516 2926 γενέσιον,
555 2860 723 2932 ὅνπερ
767 2862 958 2933 Σάρρα
990 2863 1331 2919 συλλαϐοῦσα
1369 2867 1463 2920 καὶ
1509 2867 1744 2919 τεκοῦσα

162 2951 278 3005 υἱὸν
341 2953 427 3014 είς
465 2951 661 3022 γῆρας,
697 2948 817 3006 εἶτα
883 2954 979 3006 καὶ
1021 2955 1270 3019 εἰποῦσα,
1299 2954 1400 3019 Τίς
1425 2957 1751 3025 ἀναγγελεῖ

171 3043 436 3112 Ἀϐραὰμ
468 3042 558 3094 ὅτι
591 3041 828 3110 θηλάζει
857 3042 1058 3110 Σάρῤα
1115 3044 1388 3110 παιδίον;
1439 3047 1524 3114 ἐφ’
1553 3041 1597 3115 ᾧ
1649 3048 1744 3101 καὶ

163 3134 410 3204 μεγάλην
451 3133 615 3204 δοχὴν
641 3134 813 3187 ποιῶν
845 3136 1092 3202 φαίνεται
1120 3136 1178 3188 ἐν
1209 3135 1394 3209 ήμέρᾳ
1432 3139 1531 3208 τῆς
1574 3140 1740 3195 αὑτοῦ

1857 2013 2054 2069 tacitus
2081 2015 2201 2086 ejus
2224 2059 2239 2083 ,
2285 2036 2406 2092 qua
2441 2041 2567 2081 vere
2600 2036 2702 2096 est,
2724 2013 3016 2101 ‘veritatis,
3048 2013 3425 2116 Joannes-pot;L

1855 2106 2094 2163 nitentia
2152 2127 2389 2171 canorus
2449 2135 2658 2188 praeco,
2714 2138 2837 2179 cum
2894 2143 3123 2199 corpore
3204 2138 3430 2206 angelus

1856 2194 2104 2268 Domini,
2152 2203 2314 2260 index
2350 2208 2486 2277 Λευὶ
2535 2211 2630 2281 qui
2693 2216 2829 2270 tollit
2881 2194 3158 2289 peccatum
3212 2194 3423 2287 mundi.

1852 2283 2042 2363 Neque
2097 2293 2304 2359 possim
2342 2297 2461 2365 ejus
2511 2301 2797 2371 complecti
2846 2283 3198 2378 dignitatem,
3251 2283 3427 2386 quan;

1856 2380 2054 2434 tumvis
2103 2385 2323 2439 nomina
2366 2390 2792 2459 appellationum
2845 2401 3200 2471 multiplicem
3238 2425 3252 2474 ;
3296 2425 3423 2478 per-

1851 2470 2050 2526 multos
2083 2475 2228 2528 enim
2267 2477 2452 2535 titulos
2479 2481 2878 2559 dignitatesque
2901 2470 3084 2561 habet,
3111 2470 3285 2568 majus
3300 2470 3423 2572 'pra

1849 2563 2103 2618 omnibus
2134 2563 2352 2623 Domini
2386 2574 2565 2630 unctis
2599 2575 2841 2634 ofﬁcium
2874 2584 3120 2643 sortitus.

1919 2761 1970 2817 3.
2011 2763 2155 2823 Sane
2204 2770 2258 2823 in
2295 2770 2504 2829 honore
2533 2775 2766 2833 habetur
2817 2781 2992 2840 lsaaci
3031 2803 3250 2858 quoque
3293 2807 3420 2861 pro-

1847 2854 2109 2921 genitoris
2167 2863 2442 2928 nativitas,
2513 2882 2674 2936 quem
2730 2886 2856 2928 cum
2901 2881 3240 2950 concepisset
3282 2884 3420 2942 Sara

1846 2943 2018 2999 ﬁlium
2050 2956 2104 3002 et
2133 2949 2186 3003 in
2221 2963 2499 3012 senectute
2518 2964 2842 3030 peperisset,
2862 2968 2999 3023 dixit
3033 2989 3046 3024 :
3073 2943 3101 3022 ἰ
3127 2972 3255 3036 Qui:
3286 2993 3419 3030 nun-

1845 3034 2000 3090 tiabit
2028 3038 2329 3097 Abrahamo
2352 3050 2488 3115 quod
2511 3051 2652 3105 Sara
2675 3055 2900 3123 ﬁliolum
2929 3034 3193 3117 Iactet“?
3226 3085 3244 3117 ι
3279 3066 3420 3134 Quo-

1845 3127 1990 3183 circa
2025 3147 2280 3200 magnum
2309 3153 2527 3209 quoque
2556 3157 2777 3202 constat
2805 3161 3013 3218 patrem
3059 3153 3252 3213 fecisse
3282 3174 3418 3214 eon-

159 3224 671 3293 ἀπογαλακτίσεως.
723 3226 834 3278 Καὶ
889 3227 1118 3294 τιμᾶται
1162 3228 1325 3282 πάλιν
1383 3229 1621 3300 Σαμψὼν
1661 3231 1741 3304 [τὸ

1852 3217 2044 3274 vivium
2079 3223 2166 3279 die
2186 3225 2566 3288 ablactationis
2590 3237 2729 3304 ejus.
2767 3217 3076 3300 l-lonoratur
3107 3247 3234 3302 item
3264 3260 3420 3307 nata-

160 3314 428 3388 γενέσιον]
454 3315 550 3369 τοῦ
582 3314 868 3386 τεχθέντος
897 3318 1096 3371 Μανωὲ
1144 3320 1265 3373 κατ’
1295 3323 1648 3390 ἐπαγγελίαν,
1680 3327 1744 3377 ὲκ

163 3409 384 3479 στείρας
414 3407 510 3460 καὶ
537 3407 703 3471 αὐτὸς
732 3409 1134 3478 προερχόμενος
1153 3425 1170 3442 ο
1213 3409 1291 3478 ὂς,
1324 3415 1510 3480 φησὶν,
1536 3415 1598 3466 οὐ
1628 3414 1744 3465 πίε-

162 3517 246 3554 ται
275 3495 425 3553 οἶνον
478 3499 574 3551 καὶ
622 3498 836 3568 σίκερα,
867 3499 960 3550 καὶ
988 3499 1048 3551 ού
1076 3499 1150 3568 μὴ
1188 3500 1336 3572 φάγῃ
1367 3503 1474 3554 πᾶν
1500 3502 1746 3573 ἀκάθαρ-

160 3609 268 3645 τονο
308 3591 409 3644 καὶ
427 3590 593 3652 αὐτὸς
623 3588 846 3657 ἄρξεται
881 3588 1074 3653 σώζειν
1104 3590 1193 3644 τὸν
1221 3591 1438 3661 Ἰσραὴλ
1469 3594 1532 3645 ὲκ
1561 3594 1745 3664 χειρὸς

161 3683 499 3754 ἀλλοφύλων.
531 3682 650 3735 Ἔτι
678 3681 736 3735 δὲ
770 3680 908 3751 πρὸς
945 3681 1175 3748 τούτοις,
1212 3682 1298 3736 ἵνα
1322 3685 1390 3737 τά
1428 3685 1536 3738 τῶν
1568 3686 1745 3740 ἄλλων

161 3775 444 3846 παραθέω,
503 3774 598 3828 καὶ⁵
641 3773 900 3841 Σαμουὴλ
936 3773 1029 3826 τοῦ
1065 3775 1132 3828 τὰ
1175 3775 1486 3846 ἔμπροσθεν
1520 3778 1743 3847 βλέπον-

163 3882 269 3931 τος,
291 3866 352 3919 ὃν
377 3865 567 3917 ἔτεκεν
600 3866 632 3933 ἠ
663 3865 1046 3933 πολυΰμνητος
1084 3864 1250 3917 Ἀννα
1277 3866 1353 3934 τῷ
1389 3867 1542 3938 ἀνδρὶ
1568 3869 1743 3938 αὐτῆς

173 3957 428 4027 Ἐλκανᾷ,
457 3955 770 4025 ἀναθεμένη
803 3955 868 4008 ἐκ
899 3954 1133 4026 βρέφους
1182 3956 1261 4027 τῷ
1305 3957 1443 4029 Θεῷ.
1477 3961 1620 4013 Ἀλλ’
1649 3961 1742 4014 οὗ-

160 4069 272 4115 πως
296 4052 398 4122 τῆς
417 4049 666 4102 Ἰωάννου
687 4049 1022 4119 τετυχήκασι
1052 4051 1491 4121 μεγαλειότητος,
1525 4055 1741 4123 ἀγαπη-

159 4144 256 4198 τοί⁸
297 4143 436 4197 διότι
464 4143 516 4195 οἱ
554 4142 652 4212 μὲν
693 4141 800 4211 πρὸ
829 4141 996 4210 νόμου
1020 4140 1114 4193 τοῦ
1138 4141 1409 4209 γραπτοῦ,
1438 4144 1484 4194 οἱ
1514 4143 1569 4195 δὲ
1605 4145 1742 4212 μετά

161 4240 317 4308 νόμον
341 4253 355 4266 °
390 4237 650 4304 Ἰωάννης
675 4233 731 4285 δὲ
759 4235 787 4285 ό
831 4233 946 4295 υίὸς
979 4234 1249 4304 Ζαχαρίου
1284 4234 1378 4287 τοῦ
1426 4236 1618 4304 ἱερέως
1647 4239 1740 4289 καὶ

170 4331 447 4385 ,Ελισάὅετ
495 4329 595 4396 τῆς
653 4325 1000 4395 θαυμασίας,
1053 4327 1388 4396 προεισόδιον
1435 4328 1595 4392 ἄνθος
1643 4330 1740 4399 τῆς

159 4421 394 4492 Χριστοῦ
421 4417 748 4489 παρουσίας,
778 4417 1035 4470 ἀνέθαλλε
1078 4419 1243 4489 μέσον
1266 4419 1431 4489 νόμου
1461 4420 1558 4474 καὶ
1584 4420 1740 4490 χάρι·

159 4533 244 4577 τος
273 4512 576 4584 ἀναφανείς
600 4525 616 4540 ο
648 4509 968 4580 προηύγασε
1006 4510 1113 4580 γάρ
1140 4512 1169 4563 ό
1197 4509 1389 4581 νοητὸς
1437 4512 1734 4582 ἑωσφόρος,

1849 3311 1915 3366 lis
1956 3313 2261 3385 Samsonis,
2303 3337 2464 3391 quem
2498 3326 2694 3386 Manue
2738 3333 2906 3389 ﬁlium
2937 3341 3177 3410 suscepit
3221 3359 3417 3400 secun-

1846 3403 1974 3458 dum
2024 3409 2468 3482 promissionem,
2505 3419 2572 3473 de
2607 3431 2780 3478 matre
2811 3428 2982 3481 sterili
3031 3431 3285 3488 similiter
3325 3450 3418 3490 or-

1847 3503 1960 3549 tum
1995 3503 2153 3569 ;qui,
2188 3512 2246 3559 ut
2278 3503 2354 3559 ait
2400 3505 2770 3579 Scriptura",
2820 3518 3090 3578 bibiturus
3134 3540 3244 3580 non
3300 3538 3420 3584 erat

1847 3592 2034 3646 vinum
2085 3609 2263 3664 neque
2313 3598 2565 3666 siceram,
2609 3619 2707 3659 nec
2737 3606 3080 3666 immundum
3118 3615 3416 3686 quidquam

1846 3685 2274 3741 manducaturus
2304 3707 2319 3753 ;
2350 3690 2604 3762 idemque
2634 3694 2847 3753 initium
2887 3700 3132 3759 facturus
3168 3685 3418 3764 salvandi

1847 3774 2060 3831 lsraelis
2107 3777 2175 3833 de
2227 3780 2657 3853 alienigenarum
2694 3805 2881 3846 manu.
2931 3794 3128 3852 Prater
3184 3800 3304 3864 hos,
3358 3811 3420 3856 ut

1845 3866 1980 3922 alios
2027 3870 2297 3936 omittam,
2340 3871 2633 3943 Samuelis,
2686 3881 2780 3948 qui
2835 3898 2920 3939 res
2971 3885 3023 3939 in
3071 3897 3414 3946 antecessum

1844 3958 2078 4023 videbat,
2110 3962 2412 4018 honoratur
2440 3969 2640 4024 natalis
2666 3989 2680 4036 ;
2703 3987 2863 4040 quem
2893 3979 3101 4043 peperit
3128 3981 3417 4038 celeberri-

1843 4063 1932 4103 ma
1959 4049 2114 4106 Anna
2150 4053 2267 4108 viro
2313 4071 2414 4112 suo
2456 4056 2728 4125 Helcana,
2757 4073 2811 4119 et
2837 4065 2908 4120 ab
2937 4067 3166 4125 infantia
3198 4071 3308 4127 Deo
3336 4075 3417 4129 di-

1844 4144 2006 4198 cavit.
2042 4144 2266 4203 Sed‘isti
2299 4165 2407 4204 non
2436 4158 2671 4210 assecuti
2706 4167 2835 4212 sunt
2875 4156 3104 4217 Joannis
3142 4167 3414 4221 excellen-

1843 4231 1998 4297 tiam,
2032 4249 2064 4286 ο
2090 4235 2278 4291 dilecti
2308 4255 2323 4303 ;
2370 4255 2496 4293 nam
2537 4246 2734 4311 partim
2786 4258 2911 4303 ante
2950 4249 3121 4321 legem
3153 4257 3413 4324 scriptam

1843 4321 2082 4392 fuerunt,
2115 4330 2310 4396 partim
2334 4343 2459 4401 post
2486 4335 2676 4407 legem.
2719 4338 2958 4398 Joannes
2988 4354 3168 4402 autem
3201 4321 3413 4406 Zacha-

1843 4416 1937 4470 ria
1968 4421 2269 4477 sacerdotis
2293 4434 2347 4479 et
2379 4427 2621 4484 miriﬁca
2663 4429 2950 4489 Elisabeta
2977 4436 3145 4506 ﬁlius;
3175 4441 3414 4509 pullula-

1843 4512 1919 4562 vit
1949 4509 2049 4565 llos
2082 4516 2396 4580 praecedens
2430 4518 2633 4576 Christi
2679 4525 2996 4591 adventum,
3027 4532 3241 4589 medius
3270 4534 3415 4592 inter

160 4571 440 4678 σημαίνων
464 4571 572 4674 τὴν
597 4571 865 4671 ἀνατολὴν
897 4601 991 4654 τοῦ
1018 4571 1215 4655 ⁷Ὶίλίου
1244 4603 1342 4672 τῆς
1363 4603 1730 4674 δικαιοσύνης·

1852 4571 2099 4668 legemet
2121 4607 2347 4673 gratiam
2406 4623 2690 4680 apparens.
2753 4616 3010 4672 Praluxit
3037 4621 3181 4676 enim
3207 4624 3414 4680 intelle-

157 4699 496 4770 προέδραμεν
526 4697 554 4747 ό
593 4690 932 4758 στρατιώτης
963 4692 1139 4763 δηλῶν
1165 4693 1264 4764 τὴν
1303 4693 1398 4746 τοῦ
1450 4694 1731 4764 παμϐασι-

157 4791 284 4854 λέως
317 4787 621 4858 ἐπιδημίαν
643 4799 656 4813 ·
710 4780 872 4851 ἦλθεν
918 4786 946 4836 ὁ
993 4785 1357 4855 νυμφαγωγὸς
1387 4787 1606 4856 μηνύων
1632 4789 1730 4858 τὴν

155 4881 473 4934 ἐπιστασίαν
509 4877 603 4931 τοῦ
631 4878 889 4945 νυμφίου·
920 4875 1014 4929 καὶ
1046 4876 1095 4927 οἱ
1123 4876 1223 4946 μὲν
1265 4877 1403 4945 μετά
1434 4893 1586 4940 τινας
1611 4894 1733 4931 και-

156 4977 275 5043 ροὺς
323 4972 433 5041 τῆς
482 4969 925 5038 ἀποκυήσεως,ἢ
982 4968 1479 5038 προεφήτευσαν,ἢ
1536 4969 1729 5038 ἐτερα-

153 5067 482 5136 τούργησαν’
526 5064 553 5115 ό
596 5062 653 5114 δὲ
703 5061 783 5114 ἔτι
841 5058 1362 5130 ἐγκυοφορούμενος,
1412 5059 1723 5129 Πνεῦματος

155 5159 304 5225 ἁγίου
361 5153 774 5225 ἐμπέπλησται,
836 5154 927 5205 καὶ
979 5150 1393 5221 θαυματουργὸς
1449 5151 1726 5204 ἀναδέδει-

155 5268 290 5304 κιαι.

213 5457 278 5513 θ’.
313 5453 621 5526 Τοιγαροῦν
655 5451 800 5505 ἐοικέ
848 5469 937 5523 μοι
968 5447 1206 5504 τοιοῦτόν
1250 5464 1323 5512 τι,
1359 5446 1424 5500 ἵν’
1454 5446 1530 5510 ὡς
1558 5446 1614 5499 ἐν
1650 5447 1730 5497 εί-

153 5550 262 5604 κόνι
291 5547 642 5619 παραστήσω
672 5543 735 5597 τὸ
797 5541 1213 5614 μεγαλοπρεπὲς
1254 5539 1345 5640 τοῦ
1392 5539 1728 5640 Προδρόμοηυο

152 5641 334 5712 ὥσπερ
351 5658 436 5703 τις
456 5635 550 5694 οὖν
583 5635 836 5709 βασιλεὺς
858 5637 922 5689 ἐκ
955 5635 1062 5688 τῶν
1089 5633 1404 5702 ἀνακτόρων
1433 5629 1727 5701 βασιλικως

1838 4692 2033 4747 ctualis
2088 4695 2300 4763 lucifer,
2351 4708 2531 4755 ortum
2582 4701 2726 4760 Solis
2772 4706 2997 4774 justitia
3048 4712 3409 4781 signiﬁcans:

1838 4783 2118 4851 praeessit
2151 4787 2307 4843 miles
2337 4790 2480 4859 regis
2531 4795 2854 4851 universalis
2883 4799 3174 4855 adventum
3198 4804 3411 4859 denun-

1840 4874 1982 4929 tians
2023 4894 2037 4929 :
2098 4879 2247 4933 venit
2298 4885 2705 4954 paranymphus
2764 4903 3023 4957 sponsum
3067 4893 3257 4949 adesse
3281 4911 3409 4965 por-

1839 4968 2066 5022 tendens
2098 5009 2113 5025 .
2169 4970 2234 5026 Et
2281 4974 2370 5027 alii
2419 4977 2635 5045 quidem
2701 4980 2980 5050 aliquanto
3041 4993 3168 5053 post
3214 4988 3412 5042 nativi—

1838 5065 2000 5110 tatem
2037 5070 2298 5130 tempore,
2351 5065 2436 5119 vel
2485 5067 2966 5137 pr0phetaverunt,
3016 5076 3097 5128 vel
3146 5076 3409 5133 miracula

1833 5149 2169 5217 ediderunt;
2231 5155 2318 5210 hic
2377 5166 2558 5213 autem
2615 5161 2792 5217 adhuc
2848 5176 3090 5235 gestatus
3147 5169 3202 5223 in
3230 5180 3408 5237 utero,

1835 5240 2038 5310 Spiritu
2069 5253 2258 5300 sancto
2286 5249 2524 5317 repletus
2555 5261 2693 5310 erat.
2726 5262 2779 5308 et
2809 5258 3182 5327 prodigiorum
3213 5271 3409 5317 auctor

1835 5337 2105 5404 apparuit.

1903 5449 1958 5502 4.
1988 5450 2354 5516 Quamobrem
2376 5456 2525 5511 venit
2549 5458 2680 5512 mihi
2713 5460 2767 5514 in
2794 5472 3052 5533 mentem,
3085 5476 3142 5521 ut
3167 5467 3405 5540 imagine

1834 5543 2067 5610 quadam
2102 5545 2558 5613 magniﬁcentiam
2595 5548 2959 5610 Pracursoris
2991 5568 3400 5627 reprasentem.

1840 5633 1993 5689 Sicut
2022 5637 2166 5691 enim
2203 5654 2295 5693 rex
2328 5655 2394 5694 ex
2427 5641 2629 5710 palatio
2662 5647 2918 5716 regaliter
2956 5652 3271 5721 procedens,
3307 5653 3405 5708 ha-

217 5841 259 5871 "
292 5838 432 5892 Gen.
494 5851 646 5900 xxiv,
703 5835 807 5898 id;
839 5834 969 5888 Dan.
998 5848 1080 5896 ιιι,
1116 5832 1188 5886 35
1282 5831 1327 5864 ⁷ο
1364 5829 1465 5884 lsa.
1504 5843 1610 5895 LIV,
1651 5830 1697 5883 l.

1852 5833 1980 5886 Gen.
2004 5851 2116 5900 xxi,
2140 5837 2189 5901 7,
2269 5837 2503 5895 "Judic.
2531 5857 2648 5908 xm,
2686 5846 2771 5900 H.
