3926 6440
528 447 627 521 751

1715 431 1777 489 S.
1813 423 2206 488 THEODORI
2243 425 2590 485 S'l‘UDi'l‘zE

3671 418 3781 484 752

526 572 618 625 bet
670 567 848 638 primo
911 561 1278 634 praecedentes
1348 553 1570 608 lictores
1621 555 1677 603 et
1725 543 2097 615 sceptriferos,

2209 541 2627 612 προερχόμενος,
2660 541 2771 612 ἔχει
2800 528 2898 612 μὲν
2930 539 3120 611 πρῶτα
3168 540 3502 610 ἡγουμένους
3553 537 3781 610 ῥαϐδού-

529 661 725 718 deinde
767 655 1044 721 consules,
1085 650 1371 724 praefectos
1424 653 1478 699 et
1520 641 1772 696 ordinum
1819 638 2094 699 ductores,

529 760 809 823 postremo
835 748 1070 816 aliquem
1100 742 1307 811 majore
1333 735 1596 808 dignitate
1625 730 1946 803 praditum;
1979 735 2103 795 post

529 857 691 914 quem
727 841 912 896 statim
962 852 1079 900 rex,
1113 834 1332 889 nemine
1362 827 1648 896 interjecto
1689 830 1932 894 apparet,
1966 832 2103 914 auro

529 912 585 990 et
634 932 797 990 claris
843 928 1118 999 lapidibus
1160 924 1415 994 fulgens;
1461 921 1534 974 ita
1557 931 1774 973 mecum
1823 914 2002 985 cogita
2037 912 2102 965 de

530 1041 664 1082 vero
698 1025 974 1090 unicoque
1008 1017 1252 1074 omnium
1305 1029 1430 1084 rege
1469 1011 1688 1067 Christo
1736 1007 1845 1061 Deo
1883 1013 2096 1059 nostro.

529 1117 672 1173 Huic
726 1116 869 1170 enim
923 1127 1018 1182 per
1075 1121 1294 1164 carnem
1337 1104 1394 1158 in
1448 1100 1710 1156 mundum
1762 1099 2098 1166 ingressuro,

533 1214 931 1283 praecesserunt
999 1199 1345 1273 patriarchas,
1415 1193 1760 1248 Ahrahamus
1811 1188 2099 1283 Avideiicet,

531 1281 773 1364 isaacus,
825 1296 1106 1351 Jaeohus:
1153 1289 1348 1346 deinde
1392 1285 1607 1356 Moyses
1669 1282 1764 1338 Dei
1809 1281 2102 1351 interpres,

532 1394 712 1448 Aaron
734 1400 897 1461 atque
929 1383 1172 1446 Samuel,
1198 1390 1252 1437 et
1275 1379 1530 1434 universa
1564 1374 1953 1445 prophetarum
1987 1381 2107 1426 tur-

532 1490 624 1543 ba.
675 1484 997 1540 Postremus
1036 1475 1284 1548 apparuit
1334 1471 1600 1532 Joannes,
1638 1481 1877 1537 moxque
1923 1465 2106 1522 statim

532 1579 781 1636 Christus
816 1572 1076 1628 Dominus
1107 1587 1122 1636 ;
1160 1568 1228 1624 de
1266 1581 1376 1638 quo
1401 1565 1491 1619 ille
1520 1563 1657 1618 dixit
1689 1581 1700 1616 :
1737 1560 1839 1626 Qui
1868 1569 1981 1628 post
2027 1573 2108 1610 me

533 1680 780 1726 venturus
805 1675 905 1730 est,
927 1674 1048 1718 ante
1070 1678 1149 1714 me
1165 1661 1338 1729 factus
1366 1665 1464 1723 est,
1491 1656 1616 1727 quia
1638 1655 1782 1724 prior
1802 1669 1880 1706 me
1907 1659 2019 1704 erat
2037 1648 2102 1702 ⁷³.

535 1763 602 1817 Et
631 1762 725 1833 qui
754 1759 982 1815 ultimus
1017 1754 1209 1809 ordine
1229 1760 1332 1814 est,
1360 1749 1625 1819 dignitate
1649 1745 1824 1813 major
1852 1758 1950 1814 pro
1981 1757 2109 1812 pro-

534 1855 788 1927 portione
816 1849 1044 1907 exstitit.
1064 1845 1154 1902 Sic
1181 1858 1310 1914 ergo
1329 1852 1382 1897 et
1406 1840 1862 1947 prophetarum'et
1886 1842 2103 1939 aposto-
2134 1886 2180 1947 Β

533 1948 715 2002 lorum
761 1951 816 1999 et
844 1941 1078 1997 aliorum
1138 1936 1384 1992 omnium
1428 1932 1737 2004 praecipuus
1783 1928 1905 1992 fuit,
1949 1927 2106 1996 juxta

537 2052 702 2093 verax
726 2033 962 2090 Verbum
998 2044 1230 2099 magnus
1261 2027 1571 2082 Praeeursor
1598 2040 1612 2089 ;
1649 2021 1864 2075 illorum
1887 2018 2105 2088 quidem

538 2140 599 2185 ut
640 2129 1004 2195 subsequens,
1056 2123 1252 2176 horum
1301 2127 1361 2171 ut
1403 2128 1718 2186 praecessor.
1777 2111 1885 2165 Sed
1929 2109 2107 2180 agesis

536 2218 901 2285 evangelicam
946 2212 1250 2283 aperientes
1289 2207 1598 2270 historiam,
1642 2204 1930 2258 audiamus
1966 2216 2108 2269 quaa-

537 2325 664 2366 nam
693 2306 972 2363 Zacharire
999 2303 1252 2359 nuntiata
1279 2299 1410 2356 sint.

608 2574 664 2630 5.
710 2571 971 2642 Apparuit
1014 2572 1082 2636 ei,
1125 2567 1325 2638 inquit,
1367 2563 1584 2634 angelus
1628 2561 1865 2623 Domini,
1897 2571 2043 2615 stans
2076 2576 2111 2612 a

535 2665 740 2721 dextris
779 2663 968 2716 altaris
1012 2660 1232 2714 incensi.
1288 2655 1358 2709 Et
1405 2653 1746 2707 conturbatus
1778 2660 1855 2706 est
1899 2650 2110 2704 Zacha-

535 2758 650 2813 rias
694 2755 890 2819 videns,
940 2761 990 2806 et
1047 2751 1207 2804 timor
1238 2747 1392 2801 irruit
1426 2761 1583 2815 super
1617 2744 1867 2814 ipsum“.
1906 2742 2110 2812 Nempe

534 2851 667 2921 quia
705 2845 966 2902 terribilis
995 2852 1078 2898 est
1105 2840 1350 2911 angelica
1377 2838 1536 2904 visio,
1568 2846 1622 2892 et
1652 2836 1876 2892 terribili
1901 2836 1954 2890 in
1986 2836 2106 2891 loco

534 2951 779 2998 oaeusa.
811 2937 983 3002 Quam
1023 2933 1273 2989 terribilis
1307 2941 1406 2996 est,
1436 2931 1631 3001 inquit,
1664 2931 1810 2984 locus
1838 2928 1973 2984 iste!
2005 2947 2108 2984 non

536 3043 614 3090 est
642 3033 726 3087 hic
772 3029 927 3084 aliud.
962 3028 1070 3082 nisi
1110 3027 1295 3080 domus
1329 3025 1507 3080 Dei".
1543 3022 1725 3094 Neque
1770 3031 1854 3078 est
1901 3023 2108 3077 miran-

537 3126 690 3188 dum,
748 3121 795 3177 si
847 3135 974 3176 cum
1014 3119 1198 3190 justus
1245 3115 1502 3172 sacerdos
1540 3123 1705 3180 esset,
1747 3117 1996 3169 turbatus
2026 3123 2108 3171 est

2202 631 2491 701 χουςτινάς
2511 632 2602 685 καὶ
2631 633 3104 702 σκηπτροφόρους,
3121 631 3312 683 ἒπειτα
3331 631 3589 693 ὑπάτους,
3609 631 3784 701 ὑπάρ-

2202 740 2329 792 χους
2379 740 2438 775 τε
2475 724 2568 777 καὶ
2627 721 2951 794 ταξιάρχους
2981 765 2994 786 ,
3039 723 3267 793 ἔσχατον
3292 722 3352 776 δέ
3379 739 3500 776 τινα
3533 722 3784 791 ἀξιωμα-

2202 812 2517 879 τικώτερον,
2557 811 2674 881 μεθ’
2695 811 2756 864 δν
2786 813 2946 875 εὐθὺς
2971 813 3000 864 6
3024 812 3279 882 βασιλεὺς
3309 811 3530 882 ἀμέσως
3563 812 3785 881 ἐπιφαί-

2205 919 2352 955 νεται
2386 903 2570 974 χρυσῷ
2609 904 2704 956 καὶ
2753 903 2920 966 λίθοις
2969 898 3220 971 διαυγέσι
3269 904 3782 974 καταλαμπόμενος,

2204 993 2350 1048 οὕτω
2386 1013 2474 1066 μοι
2506 997 2614 1050 νόει
2645 998 2739 1050 καὶ
2779 997 2872 1049 ἐπὶ
2909 995 3003 1049 τοῦ
3033 994 3291 1066 ἀληθινοῦ
3343 996 3438 1048 καὶ
3479 998 3642 1066 μόνου
3675 995 3786 1049 τῶν

2205 1085 2341 1140 ὅλων
2395 1086 2659 1156 βασιλέως
2704 1078 2942 1156 Χριστοῦ
2981 1087 3076 1140 τοῦ
3117 1085 3251 1140 Θεοῦ
3283 1086 3465 1157 ἡμῶν·
3498 1087 3787 1155 μέλλοντος

2207 1177 2314 1248 γάρ
2348 1177 2512 1232 αὑτοῦ
2560 1179 2647 1232 διὰ
2707 1181 2908 1250 σαρκὸς
2959 1181 3184 1233 εἰσιέναι
3233 1180 3291 1231 ὲν
3339 1180 3404 1249 τῇ
3465 1179 3786 1251 οἰκουμένῃ,

2208 1272 2592 1341 προηγήσαντο
2616 1271 2714 1340 μὲν
2750 1274 3108 1341 πατριάρχαι,
3135 1263 3246 1323 οἷον
3271 1269 3543 1338 Ἀϐραὰμ,
3573 1271 3787 1334 Ἰσαὰκ,

2219 1361 2432 1417 Ἰακώϐ·
2466 1363 2654 1416 ἔπειτα
2684 1364 2923 1434 Μωῦσῆς
2945 1366 2973 1415 6
3003 1362 3339 1433 θεοφάντωρ,
3365 1359 3576 1432 Ἀαρών
3605 1377 3664 1413 τε
3691 1362 3791 1414 καὶ

2208 1455 2482 1524 Σαμουὴλ,
2522 1454 2616 1509 καὶ
2651 1456 2761 1518 πᾶς
2798 1456 2827 1507 6
2859 1455 2968 1508 τῶν
2997 1455 3291 1525 προφητῶν
3315 1454 3522 1523 ὅμιλος·
3557 1452 3789 1518 ὕστατος

2207 1547 2263 1599 δέ
2291 1565 2408 1610 πως
2444 1549 2829 1617 πεφανέρωται
2857 1547 3132 1616 Ἰωάννης·
3165 1546 3258 1599 καὶ
3285 1545 3445 1610 εὐθὺς
3463 1548 3491 1598 ό
3509 1546 3791 1617 Δεσπότης

2207 1640 2442 1711 Χριστὸς
2478 1641 2606 1712 περὶ
2644 1634 2706 1695 οῦ
2738 1656 2923 1710 φησιν·
2969 1639 3030 1692 '0
3065 1640 3256 1693 ὀπίσω
3284 1655 3403 1706 μου
3437 1639 3789 1707 ἐρχόμενος,

2208 1731 2549 1801 ἔμπροσθέν
2574 1749 2694 1802 μου
2727 1733 2995 1802 γέγονεν,
3029 1731 3119 1786 ὅτι
3152 1729 3383 1799 πρῶτός
3411 1747 3531 1800 μου
3563 1729 3664 1798 ἦν·
3693 1730 3792 1783 καὶ⁵

2207 1826 2236 1876 6
2274 1824 2497 1895 ἔσχατος
2525 1828 2591 1897 τῇ
2640 1824 2792 1891 τάξει
2824 1825 3024 1896 μείζων
3057 1828 3121 1896 τῇ
3162 1824 3313 1892 ἀξία,
3339 1823 3478 1876 κατά
3509 1823 3569 1876 τὸ
3596 1823 3794 1876 ἀνάλο-

2208 1934 2304 1986 γον
2333 1917 2742 1972 ἀποδέδεικται·
2799 1917 2942 1971 οὕτω
2972 1917 3151 1969 τοίνυν
3194 1916 3288 1968 καὶ
3338 1914 3638 1985 προφητῶν
3694 1914 3794 1967 καὶ

2208 2007 2522 2061 ἀποστόλων
2549 2009 2644 2062 καὶ
2673 2007 2781 2061 τῶν
2803 2008 2980 2061 ἀλλων
3029 2008 3284 2062 ἁπάντων
3315 2004 3617 2075 πρώτιστος
3648 2004 3794 2058 κατά

2208 2099 2299 2152 τὸν
2351 2097 2525 2170 ἀληθῆ
2578 2100 2748 2168 Λόγον
2780 2100 2809 2152 6
2849 2100 3022 2168 μέγας
3073 2099 3410 2169 Πρόδρομος.
3438 2098 3546 2148 τῶν
3576 2096 3674 2166 μὲν
3712 2096 3794 2158 ὡς

2211 2191 2564 2261 ἐφεπόμενος,
2593 2191 2699 2244 τῶν
2729 2191 2788 2243 δὲ
2813 2191 2888 2253 ὡς
2922 2187 3353 2260 προηγούμενος·
3383 2185 3521 2240 ἀλλά
3551 2186 3659 2256 γὰρ
3688 2184 3794 2255 τὴν

2211 2283 2575 2354 εὐαγγελικὴν
2623 2282 2862 2354 ἱστορίαν
2911 2281 3315 2345 ἀναπτύξαντες
3344 2320 3360 2345 ,
3421 2276 3794 2347 ἀκουσὼμεθα

2210 2373 2329 2426 τίνα
2362 2373 2432 2427 τά
2461 2373 2555 2427 τοῦ
2586 2373 2824 2445 Γαϐριὴλ
2873 2374 3011 2444 πρὸς
3056 2371 3149 2426 τὸν
3197 2372 3478 2444 Ζαχαρίαν
3508 2369 3795 2439 ἀπαγγελ-

2209 2461 2431 2533 λόμενα.

2283 2556 2343 2609 ε’.
2390 2557 2579 2626 Ὠφθη
2619 2554 2799 2624 αὐτῷ,
2836 2558 3019 2625 φησὶν,
3048 2555 3304 2624 ἄγγελος
3328 2555 3568 2623 Κυρίου,
3593 2555 3796 2623 ἑστὼς

2211 2647 2280 2700 ἐκ
2309 2647 2525 2712 δεξιῶν
2544 2647 2649 2701 τοῦ
2667 2647 3046 2716 θυμιάματος·
3066 2649 3165 2701 καὶ
3178 2647 3470 2717 ἐταράχθη
3483 2651 3794 2718 Ζαχαρίας

2215 2738 2374 2805 ιὸὼν,
2411 2740 2508 2794 καὶ
2551 2743 2736 2810 φόϐος
2763 2739 3063 2794 ἐπέπεσεν
3089 2740 3182 2794 ἐπ’
3202 2741 3390 2794 αὐτόν
3409 2757 3425 2772 ·
3456 2741 3534 2803 ὡς
3577 2743 3797 2813 φοϐερά

2210 2850 2292 2897 τις
2326 2834 2420 2887 καὶ
2470 2835 2503 2904 ή
2536 2832 2802 2904 ἀγγελικὴ
2834 2831 3093 2896 όπτασία,
3143 2833 3237 2885 καὶ
3291 2833 3350 2885 ὲν
3383 2832 3600 2905 φοδερῷ
3637 2835 3796 2907 τόπῳ

2210 2929 2604 2994 καταφανεϊσα·
2629 2925 2720 2992 Ὠς
2750 2925 3001 2994 φοϐερὸς
3032 2925 3161 2993 γὰρ,
3185 2927 3368 2994 φησὶν,
3404 2928 3439 2979 ό
3463 2926 3650 2994 τόπος
3682 2923 3796 2984 οὗ·

2209 3021 2353 3086 τοςί
2383 3023 2496 3075 οὐκ
2539 3019 2671 3074 ἐστι
2719 3018 2916 3083 τοῦτο,
2947 3021 3083 3073 ἀλλ’
3113 3018 3151 3087 ἢ
3193 3019 3355 3083 οἶκος
3385 3018 3556 3073 Θεοῦ.
3581 3020 3693 3074 Καὶ
3725 3022 3793 3074 οὐ

2210 3111 2520 3182 θαυμαστὸν
2577 3112 2625 3164 εἰ
2672 3111 2876 3176 δίκαιος
2914 3110 2989 3164 ὢν
3045 3113 3073 3164 6
3120 3112 3298 3182 ἱερεὺς
3345 3110 3645 3182 ἐταράχθη,
3695 3115 3797 3166 καὶ

537 3216 809 3283 timorque
840 3211 896 3265 iu
925 3226 1049 3266 eum
1082 3209 1272 3275 irruit;
1303 3206 1569 3275 siquidem
1601 3213 1653 3258 et
1685 3203 1872 3258 Daniel
1892 3204 2103 3260 deside-

2212 3203 2376 3273 φόὸος
2419 3203 2687 3256 ἐπέπεσεν
2733 3205 2818 3258 ἐπ’
2844 3203 3024 3266 αὐτὸν,
3068 3204 3202 3257 ὅπου
3241 3201 3336 3257 καὶ
3381 3201 3633 3273 Δανιὴλό
3676 3204 3797 3256 τῶν

537 3305 746 3361 riorum
780 3301 883 3366 vir,
928 3300 1118 3355 videns
1163 3298 1464 3368 obstupuit,
1488 3304 1540 3349 et
1573 3296 1624 3349 in
1661 3294 1856 3349 faciem
1907 3296 2110 3353 cadens

537 3411 632 3453 ore
676 3394 860 3450 hiante
892 3392 1014 3458 fuit,
1043 3400 1261 3461 propter
1291 3390 1549 3460 angelicas
1586 3386 1896 3444 eminentiae
1921 3389 2108 3458 splen-

537 3487 726 3544 dorem
772 3485 1253 3555 incomparabilem
1270 3484 1337 3538 ".
1365 3483 1628 3552 Apparuit
1661 3485 1729 3547 ei,
1776 3482 1972 3550 inquit,
2008 3500 2108 3536 an-

537 3579 683 3653 gelus
729 3577 964 3632 Domini.
997 3575 1137 3642 Quid
1169 3575 1234 3630 ad
1268 3576 1381 3629 haec
1436 3574 1590 3628 nobis
1631 3573 1821 3629 dicunt
1863 3574 1919 3629 hi
1946 3576 2110 3630 semi-

536 3669 849 3732 christiani,
873 3668 964 3738 qui
993 3667 1310 3738 angelorum
1347 3666 1611 3736 imagines
1645 3664 1762 3721 ﬁeri
1785 3665 2020 3722 nolunt?
2050 3668 2108 3722 Si

536 3763 761 3834 angelus
791 3760 860 3814 ab
891 3759 1108 3812 homine
1137 3757 1288 3810 visus
1326 3755 1444 3817 fuit,
1466 3770 1596 3826 ergo
1625 3756 1852 3811 omnino
1877 3757 2104 3827 ﬁguram

537 3853 812 3914 induerat,
829 3846 973 3903 haud
993 3847 1148 3901 aliter
1164 3861 1328 3916 quam
1352 3846 1699 3902 cernebatur.
1722 3846 1885 3903 Visus
1904 3855 1987 3903 est
2003 3864 2105 3903 au-

535 3953 646 4000 tem
666 3943 759 3998 tali
777 3942 968 4013 ﬁgura,
985 3939 1132 4011 quali
1156 3947 1317 3994 antea
1338 3939 1507 4010 Moysi
1526 3941 1578 3994 in
1602 3949 1785 3995 monte
1808 3940 1939 3998 Sina
1959 3942 2106 3998 circa

533 4033 1001 4105 propitiatorium,
1049 4029 1347 4086 Cherubini
1371 4032 1426 4085 in
1457 4039 1584 4102 typo
1624 4034 1827 4089 ostensi
1861 4032 2103 4090 fuerunt.

534 4124 692 4192 Quod
720 4123 767 4178 si
795 4122 1170 4192 incorporeum
1194 4129 1246 4175 et
1266 4136 1372 4176 non
1403 4121 1716 4192 ﬁguratum,
1739 4121 1895 4191 juxta
1924 4130 2107 4178 osten-

535 4230 656 4271 sum
673 4210 1378 4284 typumdelineatur,quidni
1391 4226 1711 4281 corporeum
1725 4220 1778 4268 et
1792 4215 2102 4282 ﬁguratum,

533 4307 728 4369 colori,
762 4305 952 4372 tactui,
989 4304 1274 4374 tribusque
1308 4302 1746 4359 dimensionibus
1776 4305 2099 4371 obnoxium,

533 4400 712 4473 qualis
751 4397 854 4454 fuit
880 4397 1188 4453 Senatoris
1215 4396 1444 4466 species,
1477 4411 1586 4452 non
1619 4397 1997 4468 ﬁgurabimus,
2033 4398 2102 4454 ad

2211 3292 2514 3363 ἐπιθυμιῶν
2542 3293 2706 3364 ἀνὴρ,
2749 3294 2874 3346 tam
2903 3292 3210 3364 ὲθαμδήθη,
3255 3292 3350 3346 ἐπὶ
3385 3292 3680 3364 πρόσωπόν
3730 3311 3795 3347 τε

2210 3383 2513 3448 πεπτωκὼς
2540 3385 2636 3438 καὶ
2666 3385 2872 3456 ἀχανὴς
2925 3385 3186 3452 γεγονὼς,
3216 3385 3282 3456 τῇ
3327 3387 3428 3457 τῆς
3486 3385 3799 3455 ἀγγελικῆς

2208 3479 2482 3551 ὑπεροχῆς
2505 3478 2823 3551 ἀσυγκρίτῳ
2858 3478 3224 3548 λαμπρότητι.
3259 3479 3448 3548 ’.Ωφθη
3474 3479 3660 3546 αὐτῷ,
3685 3499 3800 3551 φη-

2210 3567 2313 3630 σὶν,
2349 3567 2604 3634 ἄγγελος
2633 3568 2873 3634 Κυρίου.
2895 3566 2958 3618 Τί
2985 3565 3148 3634 φάσιν
3179 3568 3314 3637 ἡμῖν
3343 3567 3477 3638 πρὸς
3505 3569 3706 3635 ταῦτα,
3743 3572 3798 3623 οἱ

2212 3657 2287 3725 μὴ
2327 3655 2679 3719 είκονίζοντες
2734 3659 3048 3731 ἡμίχριστοι
3077 3658 3224 3728 (16);
3253 3660 3299 3711 εί
3326 3653 3506 3714 ῶπται
3557 3661 3799 3730 ἄγγελος

2208 3749 2511 3819 ἀνθρώπῳ,
2545 3748 2761 3810 πάντως
2801 3751 2893 3801 καὶ
2937 3752 3232 3802 είκόνισται
3255 3751 3506 3821 οὐδαμῶς
3530 3752 3709 3818 ἄλλως
3758 3758 3794 3827 ἢ

2207 3839 2283 3903 ὼς
2329 3835 2539 3894 ὦπται·
2572 3833 2752 3894 ὦπται
2799 3839 2858 3893 δὲ
2904 3841 2964 3894 ὲν
3005 3841 3181 3913 τοιᾷδε
3238 3845 3443 3914 μορφῇ,
3476 3843 3600 3896 καθ’
3630 3843 3668 3898 ἃ.
3694 3847 3799 3899 καὶ

2206 3935 2414 4002 Μωῦσῇ
2452 3933 2716 4004 πρότερον
2746 3934 2804 3986 ιν
2837 3933 2917 4004 τῷ
2951 3933 3066 4006 ὄρει
3101 3935 3230 4007 Σινᾷ
3261 3937 3331 3988 τὰ
3389 3935 3520 4008 περὶ
3551 3936 3614 3990 τὸ
3669 3936 3795 3992 ἱλα-

2210 4026 2429 4096 στήριον
2485 4025 2765 4097 Χερουϐὶμ
2810 4028 2868 4082 ἐν
2911 4026 3068 4094 τύπῳ
3110 4026 3473 4098 δεικνύμενα·
3518 4029 3614 4084 καὶ
3643 4032 3695 4084 ει
3729 4032 3797 4086 τὸ

2207 4116 2499 4188 ἀσώματον
2553 4116 2650 4170 καὶ
2687 4119 3094 4188 ἀσχημάτιστον
3125 4119 3265 4172 κατά
3302 4120 3394 4172 τὸν
3440 4118 3796 4189 δεδειγμένου

2206 4209 2375 4263 τύπον
2397 4209 2815 4282 περιγράφεται,
2845 4210 2960 4274 πῶς
2985 4211 3047 4264 τὸ
3076 4213 3392 4282 ὲνσῶματον
3418 4213 3514 4266 καὶ
3565 4229 3796 4286 σχημα-

2207 4300 2488 4369 τιζόμενον
2517 4300 2818 4354 ὑποπίπτον
2845 4302 3001 4372 χροιᾷ
3027 4308 3085 4354 τε
3113 4302 3206 4356 καὶ
3232 4303 3364 4373 ἀφῇ,
3387 4304 3480 4357 καὶ
3493 4307 3614 4368 ταῖς
3633 4309 3794 4377 τρισὶ

2207 4391 2574 4458 διαστάσεσιν,
2605 4386 2718 4448 οἷον
2742 4397 2802 4448 τὺ
2836 4393 2928 4447 τοῦ
2962 4395 3217 4467 Σωτῆρος
3263 4393 3424 4465 εἶδος,
3453 4398 3554 4451 οὐκ
3584 4401 3794 4456 εἰκονὶ-

531 4493 835 4550 evidentem
878 4505 986 4545 non
1025 4490 1382 4560 phantasticae
1419 4490 1813 4546 incarnationis
1861 4491 1980 4562 ejus
2009 4491 2103 4547 de-

2210 4501 2374 4556 σομεν
2412 4487 2549 4558 πρὸς
2577 4487 2783 4558 ἔναργῆ
2831 4489 2933 4560 τῆς
2976 4489 3417 4558 ἀφαντασιὰστου
3447 4490 3612 4545 αὐτοῦ
3644 4509 3792 4564 σαρ-

532 4581 1026 4640 monstrationem?
1070 4577 1256 4651 Neque
1301 4581 1383 4636 sic
1443 4596 1476 4637 a
1523 4581 1680 4637 nobis
1726 4583 2100 4639 circumscribi

2209 4576 2431 4642 κώσεως
2464 4579 2738 4644 ἀπόδειξιν
2762 4581 2905 4645 ;Καὶ
2934 4582 3008 4652 μὴ
3041 4583 3518 4655 συμπεριγράφειν
3543 4585 3694 4655 ἡμᾶς
3725 4567 3806 4642 ἑνί

525 4680 726 4749 putent
747 4673 800 4727 hi
829 4672 981 4728 stulti
1012 4670 1290 4734 deitatem,
1315 4685 1435 4740 qua:
1456 4686 1633 4741 neque
1663 4671 1840 4727 verbis
1870 4672 2099 4742 exprimi

529 4773 731 4838 potest,
747 4777 925 4834 neque
947 4761 1359 4832 comprehendi,
1383 4762 1540 4830 cujus
1562 4763 1706 4818 nulla
1728 4771 1811 4818 est
1833 4764 2098 4834 positura,

531 4855 681 4912 nulla
733 4853 929 4926 ﬁgura,
962 4852 1143 4908 nullus
1196 4853 1372 4917 locus,
1419 4853 1565 4908 nulla
1621 4853 1918 4923 quantitas,
1953 4857 2099 4910 nulla

528 4945 787 5018 qualitas,
838 4959 938 4999 nec
972 4942 1174 5010 aliquid
1205 4941 1353 4996 aliud
1399 4958 1464 4996 ex
1508 4943 1596 5007 iis,
1629 4959 1750 5014 quae
1785 4954 1914 5000 sunt
1958 4946 2100 5000 intra

527 5037 668 5094 ﬁnes
696 5035 1244 5104 circumscriptionis,
1274 5042 1556 5103 propterea
1587 5036 1734 5105 quod
1772 5036 1841 5092 sit
1889 5038 2098 5093 intinita

528 5139 584 5186 et
611 5127 1196 5196 incomprehensibilis.
1229 5124 1362 5180 Nam
1389 5142 1534 5182 nunc
1563 5129 1725 5183 etiam
1761 5129 1806 5184 si
1837 5129 2100 5201 simplicis

529 5222 768 5279 hominis
801 5221 1089 5290 imaginem
1119 5219 1450 5291 efﬁngimus,
1479 5223 1620 5277 haud
1674 5233 1822 5279 certe
1857 5224 2096 5280 animam

529 5314 942 5371 immaterialem
967 5323 1022 5368 et
1048 5314 1230 5383 ﬁgurae
1260 5314 1570 5384 incapacem
1605 5316 1925 5386 ﬁguramus,
1949 5320 2096 5388 quod

527 5408 646 5462 fieri
688 5421 915 5477 prorsus
953 5406 1168 5474 nequit;
1201 5404 1294 5459 sed
1325 5407 1540 5476 utrique
1571 5412 1955 5465 convenienter
1976 5427 2097 5481 quae

529 5507 658 5554 sunt
713 5497 930 5566 propria
983 5497 1317 5562 tribuimus;
1373 5513 1563 5567 nempe
1623 5501 2096 5571 incircumscripto

528 5590 1168 5657 incircumscriptionem,
1196 5589 1608 5660 circumscripto
1628 5594 2096 5664 circumscriptio-

2204 4671 2379 4742 τούτῳ
2413 4673 2724 4743 ἡγήσωνται
2770 4675 2818 4727 oi
2865 4673 3097 4745 ἄφρονες
3143 4674 3241 4747 τὴν
3288 4674 3542 4748 θεότητα,
3569 4671 3641 4748 ἧς
3680 4679 3790 4733 οὐκ

2205 4763 2493 4833 ἐκφρασις,
2517 4765 2578 4819 οὐ
2609 4765 2930 4837 κατάληψις,
2965 4768 3025 4820 οὐ
3063 4767 3232 4833 θέσις,
3259 4769 3320 4822 οὐ
3355 4770 3560 4840 σχῆμα,
3597 4771 3663 4824 οὐ
3689 4773 3788 4826 τό-

2207 4872 2327 4922 πος,
2357 4858 2419 4910 οὐ
2465 4857 2719 4928 ποσότης,
2755 4860 2816 4912 ού
2871 4860 3194 4931 πηλικότης,
3243 4862 3342 4915 οὐκ
3391 4862 3520 4917 ἀλλο
3567 4881 3622 4917 τι
3667 4864 3790 4919 τῶν

2206 4949 2553 5021 περιγραψῆς
2585 4949 2733 5004 ἔνδον
2778 4951 2865 5004 διά
2903 4952 2962 5005 τὸ
2991 4952 3220 5022 ἄπειρον
3260 4955 3352 5007 καὶ
3380 4955 3786 5026 ἀπερίληπτον·

2208 5041 2329 5094 ἐπεὶ
2363 5042 2460 5095 καὶ
2487 5042 2718 5098 ἐνταῦθα
2744 5043 2834 5097 τὸν
2863 5044 3044 5108 ἀπλῶς
3077 5045 3361 5114 ἄνθρωπον
3398 5047 3788 5115 εἰκονίζοντες,

2207 5136 2268 5188 οὐ
2314 5136 2376 5188 τὸ
2402 5135 2504 5206 τῆς
2527 5135 2707 5206 ψυχῆς
2737 5135 2898 5188 ἀῦλον
2929 5139 3021 5189 καὶ
3064 5139 3303 5191 ἀνείδεον
3343 5140 3791 5211 συνεικινίζομεν

2207 5227 2444 5292 πάντως,
2475 5228 2533 5280 ού
2563 5228 2670 5298 γάρ
2705 5227 2994 5298 ἐνδέχεται,
3036 5229 3170 5284 ἀλλά
3215 5231 3561 5301 καταλλήλως
3602 5233 3671 5285 ea
3700 5237 3792 5286 oi-

2208 5323 2328 5373 κεῖα
2385 5321 2662 5390 ἑκατέρως
2708 5321 3090 5391 ἀπονέμομεν·
3176 5321 3254 5392 τῷ
3308 5323 3674 5395 ἀπεριγράφῳ
3720 5327 3791 5378 το

2208 5408 2609 5479 ἀπερίγραφον,
2640 5409 2731 5462 καὶ
2761 5410 2836 5478 τῷ
2868 5413 3228 5483 περιγραπτῷ
3252 5415 3310 5466 τὸ
3340 5414 3784 5484 ἀπερίγραπτον,

2206 5502 2280 5564 ὼς
2310 5502 2337 5552 6
2359 5502 2455 5570 τῆς
2489 5501 2746 5572 ἀληθείας
2784 5503 2938 5570 λόγος
2981 5506 3334 5575 παρίστησιν.
3374 5507 3692 5560 Ἐπανιτέον
3722 5508 3786 5561 δὲ

2208 5591 2361 5656 αὖθις
2391 5595 2466 5652 εἰς
2495 5595 2555 5644 τὸ
2589 5594 2968 5664 προκείμενον.

529 5697 672 5748 nem,
709 5693 870 5751 prout
917 5681 1157 5734 veritatis
1212 5682 1348 5734 ratio
1382 5683 1539 5738 nobis
1597 5686 1806 5742 suadet.
1843 5687 1949 5742 Sed
2000 5692 2064 5744 ad
2098 5692 2434 5761 propositum
2462 5689 2641 5744 denuo
2673 5692 3047 5746 revertendum
3081 5704 3181 5748 est.

595 5799 641 5830 ⁷³
661 5796 818 5849 Joan.
850 5812 885 5857 ι,
922 5794 1007 5847 15.
1085 5792 1129 5821 τ’·
1159 5791 1290 5846 Luc.
1334 5810 1370 5857 ι,
1408 5795 1491 5859 Η,
1527 5795 1611 5851 12.
1689 5799 1732 5830 ⁷⁸
1762 5798 1899 5854 Gen.
1948 5818 2103 5858 xxvrr

2209 5802 2278 5856 ,7.
2355 5804 2397 5834 ⁷⁸
2443 5803 2575 5856 Dan.
2619 5821 2672 5869 x,
2705 5804 2758 5858 8.

593 5893 704 5963 (16)
733 5893 1004 5946 invehitur
1037 5893 1090 5946 in
1117 5894 1529 5960 iconomachos,
1573 5905 1762 5951 contra
1812 5912 1944 5967 quos
2005 5910 2181 5956 exstat
2215 5901 2378 5957 etiam
2409 5901 2684 5970 peculiare
2724 5901 2950 5960 Studitze
2979 5906 3148 5961 nostri
3178 5922 3333 5976 opus.
