3926 6472
189 421 294 487 ’153

833 423 1113 484 ORATIO
1137 422 1268 484 VII.
1309 447 1378 457 -
1415 421 1497 482 IN
1533 421 1596 482 S.
1629 419 1950 482 JOANNIS
1998 423 2206 485 ΒΛΡΤ.
2248 425 2781 489 NATIVITATEM.

3327 423 3431 491 754

255 542 333 602 ς’.
372 531 521 590 Eine
553 533 622 588 δὲ
663 535 812 602 πρὸς
837 533 1022 588 αὐτὸν
1046 536 1078 588 ό
1105 531 1358 603 ἄγγελος
1379 547 1393 562 ·
1417 530 1513 600 Μὴ
1558 529 1764 601 φοϐοῦ,

1941 534 1994 588 ϐ.
2031 536 2180 590 Dixit
2223 547 2396 590 autem
2427 539 2475 592 ei
2509 538 2723 609 angelus
2747 555 2765 592 :
2798 535 2879 593 Ne
2906 539 3114 604 timeas,
3141 537 3427 604 lac/toria,

187 627 477 697 Ζαχαρία,
504 624 656 679 διότι
692 627 1059 694 εισηκούσθη
1087 626 1124 693 ἠ
1174 623 1387 690 δέησίς
1413 637 1550 677 σου.
1587 620 1762 685 Εὐθὺς

190 717 505 772 κατέστειλε
554 717 646 770 τὸν
695 716 860 787 φόϐον
906 719 973 787 τῇ
1008 716 1220 781 πεύσει,
1276 709 1364 768 οἷα
1411 715 1445 784 ἡ
1495 713 1763 782 ἀγγελικὴ

189 807 428 861 ὀπτασία
469 809 609 878 μετὰ
641 808 702 862 τὸ
753 808 1005 878 φοϐῆσαι,
1055 809 1116 861 τὸ
1145 807 1318 859 δειλὸν
1362 804 1759 876 ἀφαιρουμένη·

191 900 280 952 καὶ
313 901 580 963 ἐναντίως
631 903 761 971 περὶ
789 901 888 972 τὴν
913 899 1230 970 δαιμονικὴν
1260 897 1464 966 ἔφοδον.
1534 896 1630 965 Μὴ
1659 913 1765 965 soo-

191 991 318 1060 ϐοῦ,
357 994 515 1063 φησι,
553 993 836 1062 Ζαχαρία,
875 991 1024 1046 διότι
1068 992 1436 1059 εἰσηκούσθη
1463 989 1501 1057 ἠ
1553 987 1764 1054 δέησίς

190 1101 339 1140 σου·
377 1086 478 1140 καί
529 1085 569 1152 ἠ
619 1084 773 1156 γυνή
819 1101 937 1141 σου
989 1084 1302 1140 Ἐλισάϐετ
1339 1082 1621 1153 γεννήσει
1663 1095 1763 1136 σοι

189 1176 340 1232 υἱόν.
371 1177 440 1230 Ὢ
462 1176 562 1248 τῆς
595 1177 1038 1248 ὲπιθυμουμένης
1068 1176 1404 1248 βεοπαρόχου
1437 1175 1757 1240 ὲπιτὰξεωςι

187 1266 232 1321 ὣ
300 1268 401 1339 τῆς
469 1267 802 1322 πολυεύκτου
860 1265 1322 1336 ἀγγελοκομίστου
1375 1265 1757 1335 ύποσχέσεωςί

188 1359 453 1430 ἐπέτυχεν
477 1355 538 1416 οὗ
571 1359 864 1414 ὲπεπὸθειί
899 1358 1097 1430 ἤνυσεν
1136 1357 1166 1411 ὁ
1192 1356 1462 1428 ἠντιϐόλει
1491 1373 1507 1390 ο
1542 1350 1700 1422 εὗρεν
1732 1353 1762 1408 δ

187 1447 469 1522 ιπεζήτειο
503 1448 597 1503 τὸν
618 1449 721 1520 τῆς
746 1449 969 1517 ἀτονίας
1001 1446 1309 1517 καινισμδν,
1330 1446 1422 1500 τὸν
1450 1446 1547 1517 τῆς
1572 1446 1762 1499 εὐπαι-

186 1541 304 1606 δίας
336 1539 486 1615 (cod,
518 1539 796 1615 ἀπαιδίας]
824 1539 1114 1613 πορισμὸν,
1159 1540 1261 1594 οὐκ
1314 1537 1608 1609 ἀκολουθίᾳ
1659 1538 1762 1608 φύο

190 1649 346 1699 σεως,
378 1633 498 1689 ἀλλ’
530 1631 786 1706 ὲπιτυχίᾳ
837 1631 1130 1698 ἐντεύξεως
1149 1647 1165 1663 ’
1195 1630 1315 1685 οὐδὲ
1364 1630 1473 1702 γὰρ
1513 1630 1758 1701 κατάρας

185 1720 252 1794 ἦν
283 1726 631 1798 ὲπιτίμιονή
682 1726 994 1796 στείρωσις,
1033 1725 1235 1794 ἄπαγε,
1272 1722 1409 1778 ἀλλὰ
1455 1721 1756 1795 μυστηρίου

188 1816 430 1884 μεγάλου
480 1816 952 1889 παρασημείωσιςο
987 1815 1079 1870 τοῦ
1107 1817 1215 1887 γὰρ
1241 1815 1510 1887 Ζαχαρίου
1542 1816 1755 1869 ὲπικει·

187 1908 352 1980 μένου
377 1912 502 1970 ταῖς
523 1911 756 1974 πυκναῖς
791 1908 926 1979 πρὸς
953 1907 1086 1962 Θεὸν
1116 1906 1420 1978 ἱκετηρίαις
1443 1906 1758 1977 διαλυθῆναι

183 2000 280 2070 τὴν
309 2000 625 2070 στείρωσιν,
659 2001 800 2071 τάχα
830 1999 1202 2072 ἔπακηκοέναι
1225 1997 1387 2053 αὐτὸν
1413 1996 1574 2052 δοκῶ·
1609 1996 1763 2051 οὔπω

185 2091 604 2147 συντετέλεσται
651 2094 681 2146 ὁ
734 2091 962 2163 καιρός·
1022 2089 1175 2145 οὔπω
1229 2087 1650 2160 συνετμήθησαν
1706 2089 1760 2142 al

183 2182 391 2254 ἡμέραι
412 2185 514 2253 τῆς
544 2181 886 2251 ιπιφανείας·
917 2180 1040 2235 τότε
1078 2174 1171 2234 οὖν
1195 2178 1414 2233 ἐλπισον
1439 2179 1540 2250 τὴν
1569 2194 1758 2232 τεκνο-

182 2273 393 2342 γονίαν,
457 2272 724 2346 Ζαχαρία,
778 2274 1012 2344 ὁπηνίκα
1056 2271 1184 2345 ἔλθῃ
1226 2273 1260 2343 ὴ
1299 2270 1595 2342 προσδοκία
1651 2269 1761 2324 τῶν

183 2366 353 2420 ἐθνῶν
376 2383 393 2400 ·
421 2366 544 2421 τότε
574 2367 798 2439 ὲκδέχου
828 2366 926 2438 τὴν
956 2367 1372 2435 ἁποστείρωσιν,
1397 2366 1599 2420 ὁπόταν
1641 2365 1762 2436 ἥξει

186 2459 220 2528 ή
251 2457 412 2521 ἐλπὶς
443 2458 666 2512 πάντων
717 2458 826 2512 τῶν
871 2456 1126 2526 περάτων
1157 2456 1260 2528 τῆς
1287 2459 1388 2529 γῆς
1409 2472 1424 2488 ο
1466 2457 1652 2530 ἐπειδὴ
1704 2457 1760 2512 δὲ

184 2541 322 2616 ἧκεν
359 2549 388 2602 ὁ
413 2547 626 2618 καιρὸς,
654 2547 787 2601 λάϐε
817 2549 878 2602 τὸ
909 2547 1249 2619 καταθύμιον
1277 2547 1363 2603 διὰ
1395 2550 1495 2618 τῆς
1529 2549 1626 2602 τοῦ
1657 2549 1760 2604 Γα-

186 2638 349 2710 ϐριὴλ
381 2640 747 2711 προρρήσεως
766 2654 782 2668 ο
813 2638 1226 2710 ἁνακαινίσθητι
1249 2639 1323 2703 ὼς
1363 2640 1518 2703 ἀετὸς
1547 2642 1612 2712 τῇ
1647 2640 1762 2694 νεό-

184 2746 328 2801 τητι·
358 2728 650 2801 γνώρισον,
695 2729 849 2802 φησὶ,
895 2731 995 2802 τὴν
1047 2729 1336 2800 ὁμόζυγονο
1373 2731 1759 2807 Είσηκρύσθη

185 2822 295 2890 γὰρ
341 2821 381 2890 ἠ
431 2821 646 2890 δέησίς
685 2837 825 2878 σου·
868 2823 968 2877 καί
1013 2823 1052 2890 ἡ
1103 2823 1255 2892 γυνή
1296 2837 1414 2878 σου
1454 2823 1762 2879 Ἐλισάϐετ

187 2915 471 2984 γεννήσει
500 2929 601 2969 σοι
623 2915 778 2982 υιὸν,
807 2917 904 2970 καὶ
945 2918 1224 2982 καλέσεις
1248 2916 1317 2970 τὸ
1347 2917 1536 2986 ὄνομα
1570 2918 1760 2974 αὐτοῦ

196 3005 510 3073 Ἰωάννην.
536 3004 832 3078 Ἐγνώρισε
866 3007 958 3060 καὶ
982 3005 1218 3078 τοῦνομα
1239 3007 1270 3060 ὁ
1296 3006 1629 3078 κληθήσεται
1657 3008 1762 3074 κάξ

184 3094 354 3165 αὐτῆς
381 3094 485 3165 τῆς
507 3093 863 3164 ἐτυμολογίας
900 3095 977 3148 ίδν
999 3095 1226 3151 ἄνωθεν.

1864 629 2113 698 quoniam
2135 630 2391 684 exaudita
2437 639 2514 684 est
2538 631 2710 684 oratio
2741 633 2914 684 tua".
2957 629 3151 686 Statim
3179 631 3428 687 timorem

1863 736 1929 775 eo
1959 721 2149 776 nuntio
2184 723 2524 792 compressit,
2559 723 2686 793 quia
2723 723 2859 777 visio
2891 724 3134 794 angelica
3176 731 3300 794 post
3334 738 3430 793 pa-

1865 826 2052 866 vorem
2081 827 2309 868 causam
2339 814 2565 868 timendi
2595 813 2733 869 solet
2771 815 3009 883 eripere;
3040 816 3184 884 quod
3232 815 3286 869 in
3317 815 3429 871 daa-

1863 903 2129 958 moniacis
2152 905 2473 960 occursibus
2502 914 2689 961 contra
2711 906 2789 963 tit.
2809 905 2892 961 Ne
2912 907 3121 974 timeas,
3140 905 3428 970 Zacharia,

1861 995 2109 1064 quoniam
2135 995 2390 1050 exaudita
2418 1005 2494 1050 est
2529 999 2703 1052 oratio
2732 1007 2844 1062 tua,
2871 1009 2918 1053 et
2947 1015 3082 1054 uxor
3127 1008 3220 1053 tua
3251 998 3432 1054 Elisa-

1863 1087 1980 1142 beth
2004 1086 2176 1154 filium
2204 1087 2300 1142 tibi
2324 1089 2518 1159 pariet.
2572 1089 2617 1143 0
2660 1090 3026 1145 desideratum
3062 1091 3206 1161 quod
3247 1105 3278 1144 a
3320 1090 3431 1145 Deo

1865 1179 1923 1233 ﬁt
1960 1180 2308 1235 mandatum!
2345 1195 2380 1235 o
2428 1181 2582 1235 valde
2631 1181 2922 1251 optabilem
2951 1197 3075 1252 quae
3126 1182 3195 1238 ab
3235 1182 3431 1254 angelo

1862 1270 2085 1328 aﬂ‘ertur
2113 1274 2562 1342 promissionem!
2594 1275 2892 1330 Assecutus
2925 1285 3010 1330 est
3034 1275 3178 1345 quod
3211 1283 3434 1345 optave-

1863 1375 1950 1421 rat
1977 1384 1992 1421 :
2018 1366 2277 1434 obtinuit,
2319 1366 2466 1438 quod
2500 1369 2727 1439 rogabat
2757 1384 2771 1422 :
2801 1369 3010 1424 invenit
3044 1369 3190 1440 quod
3215 1383 3431 1439 quaere-

1863 1455 1987 1524 bat;
2036 1457 2334 1512 sterilitatis
2371 1459 2750 1524 mutationem,
2796 1457 3149 1515 fecunditatis
3190 1459 3428 1527 donum;

1863 1560 1972 1601 non
2033 1555 2243 1602 naturae
2302 1548 2544 1618 scquela,
2604 1548 2698 1604 sed
2760 1561 2985 1619 precum
3025 1548 3429 1619 impetratioue.

1863 1635 1980 1691 Non
2012 1636 2158 1692 enim
2189 1637 2585 1694 maledictionis
2606 1651 2765 1707 pmna
2789 1646 2910 1694 erat
2949 1639 3232 1703 sterilitas,
3263 1637 3429 1702 absit,

1862 1726 1956 1782 sed
1999 1728 2180 1797 magni
2209 1728 2453 1799 mysterii
2484 1727 2831 1800 signiﬁcatio.
2863 1727 3074 1783 Etenim
3106 1725 3430 1783 Zachariam

1865 1818 2243 1888 frequentibus
2271 1820 2338 1876 ad
2377 1818 2548 1875 Deum
2592 1818 2847 1890 precibus
2879 1818 3203 1884 instantem,
3231 1824 3293 1872 ut
3322 1816 3434 1873 sol-

1866 1921 2084 1968 veretur
2108 1910 2388 1977 sterilitas,
2421 1909 2536 1966 haec
2567 1909 2805 1966 fortasse
2847 1908 3126 1965 inaudisse
3154 1907 3260 1964 sibi
3286 1907 3434 1963 dicta

1865 2014 1997 2073 puto
2047 2005 2332 2059 :nondum
2383 2003 2713 2074 completum
2757 2011 2842 2059 est
2888 2012 3152 2072 tempus:
3188 2000 3434 2056 nondum

1865 2096 2004 2151 finiti
2040 2104 2171 2151 sunt
2197 2095 2314 2152 dies
2338 2096 2605 2150 adventus
2636 2113 2650 2149 :
2678 2104 2807 2151 tunc
2831 2095 3051 2151 demum
3079 2093 3251 2164 prolis
3279 2093 3435 2165 geni-

1863 2193 2042 2240 turam
2071 2202 2248 2257 spera,
2272 2202 2306 2243 o
2334 2185 2620 2254 Zacharia,
2657 2187 2877 2259 quando
2917 2188 3123 2243 venerit
3150 2194 3436 2258 exspecta-

1863 2276 1941 2329 tio
1964 2275 2203 2342 gentium
2231 2294 2244 2330 :
2280 2285 2412 2331 tunc
2433 2285 2690 2346 exspecta
2715 2276 3019 2333 sterilitatis
3045 2276 3435 2342 cessationem,

1863 2380 1987 2422 cum
2006 2366 2286 2423 advenerit
2302 2382 2428 2438 spes
2454 2371 2698 2424 omnium
2720 2369 2910 2424 [inium
2939 2379 3116 2425 terrm.
3135 2370 3287 2424 Nunc
3309 2370 3435 2439 quia

1864 2468 2078 2528 tempus
2096 2460 2270 2527 adest,
2303 2474 2458 2516 sume
2483 2476 2596 2516 rem
2623 2471 2862 2532 optatam
2893 2475 2986 2530 per
3010 2461 3274 2518 Gabrielis
3293 2476 3436 2531 pra:-

1862 2550 2154 2606 dictionem
2183 2569 2197 2607 :
2229 2561 2519 2608 renovetur
2545 2562 2604 2607 ut
2645 2553 2837 2624 aquilae
2865 2554 3126 2624 juventus
3173 2563 3264 2609 tua
3297 2573 3309 2607 :
3343 2568 3438 2608 co-

1864 2657 2096 2712 gnosce,
2151 2643 2362 2714 inquit,
2417 2659 2646 2699 uxorem
2695 2654 2865 2702 tuam.
2928 2645 3135 2700 Etenim
3185 2645 3437 2700 exaudita

1861 2748 1939 2790 est
1983 2735 2154 2788 oratio
2182 2745 2294 2800 tua,
2337 2743 2386 2789 et
2424 2751 2558 2790 uxor
2586 2745 2679 2791 tua
2699 2734 2964 2790 Elisabeth
3003 2737 3098 2790 tibi
3134 2735 3305 2805 ﬁlium
3336 2750 3439 2804 pa-

1862 2828 1983 2893 riet,
2025 2825 2331 2896 uocabisque
2376 2842 2562 2882 nomen
2620 2825 2735 2895 ejus
2780 2823 3059 2880 Joannem.
3106 2823 3441 2896 Signiﬁcavit

1860 2921 2025 2976 etiam
2052 2933 2271 2984 nomen,
2305 2933 2416 2988 quo
2455 2917 2760 2983 vocabitur,
2797 2930 2864 2972 ex
2899 2916 2950 2971 vi
2981 2915 3152 2986 ipsius
3173 2914 3442 2987 etymolo-

1862 3007 1962 3079 giae
1982 3007 2274 3076 procedere
2297 3005 2367 3060 ab
2392 3005 2522 3060 alto.

255 3184 323 3250 ζ’.
357 3182 509 3241 Ebro
544 3185 614 3240 δὲ
638 3187 938 3256 Ζαχαρίας
989 3186 1137 3256 πρὸς
1189 3188 1300 3242 τὸν
1325 3188 1606 3259 ἄγγελον.
1633 3190 1763 3244 Λοι-

1938 3189 1989 3244 ’1.
2019 3189 2175 3244 Dixit
2222 3196 2398 3244 autem
2447 3187 2735 3244 Zacharias
2763 3187 2973 3259 angelo.
3016 3186 3153 3242 Exin
3184 3201 3311 3242 cum
3339 3200 3441 3242 sn-

185 3277 287 3331 πὺν
335 3278 447 3349 γὰρ
496 3277 646 3350 αύτῷ
681 3278 758 3343 ὡς
797 3279 1075 3350 ὁμοδούλῳ
1109 3281 1393 3354 παρρησίᾳ
1431 3281 1762 3350 διαλέγεταιο

186 3371 348 3426 Κατὰ
375 3370 436 3424 τί
459 3367 768 3440 γνώσομαι
801 3371 1001 3438 τοῦτο;
1030 3373 1183 3442 Ἐγὼ
1211 3373 1323 3443 γάρ
1355 3375 1473 3444 ειμι
1497 3375 1764 3442 πρεσϐύ-

184 3479 313 3530 της,
358 3462 464 3516 atat
490 3464 530 3531 ἠ
567 3461 721 3533 τννή
753 3480 872 3533 μου
927 3464 1323 3532 προϐεϐηκυῖα
1361 3465 1431 3519 ἐν
1458 3465 1589 3531 ταῖς
1620 3467 1764 3537 ἠμέ-

176 3572 317 3623 ραις
340 3553 556 3623 αὐτῆς.
601 3555 664 3608 Ἦ
699 3555 798 3626 μὲν
828 3556 1118 3627 πρόχειρος
1149 3557 1242 3609 καὶ
1275 3559 1516 3629 πατρικὴ
1547 3559 1765 3612 ἀπόδει-

185 3646 288 3710 ξις.
329 3644 594 3709 ἀπιστίας
647 3645 901 3716 ἔγκλημα
943 3648 1287 3719 καταγράφει
1321 3647 1402 3719 τῷ
1453 3650 1622 3718 ίερεϊ·
1653 3653 1680 3704 ὁ
1712 3651 1768 3705 δὲ

183 3737 380 3810 παρὼν
419 3737 581 3806 λόγος
630 3737 731 3809 οὐχ
788 3739 1144 3804 ὑποπίπτων,
1211 3739 1328 3794 ἀλλ’
1369 3743 1426 3794 ὲν
1472 3741 1768 3813 δοκιμασίᾳ

185 3829 615 3900 προερχόμενος,
661 3824 858 3883 ταυτὸν
913 3830 1241 3885 πεπονθέναι
1272 3832 1406 3902 φησὶ
1442 3832 1519 3904 τῷ
1550 3833 1770 3905 μεγάλῳ

184 3922 357 3994 Θωμᾷ
390 3923 490 3976 καὶ
510 3923 602 3977 τὸν
625 3922 923 3993 Ζαχαρίαν
949 3923 1010 3976 οὐ
1036 3922 1198 3976 τοῦτο
1216 3924 1324 3994 γὰρ
1343 3919 1410 3995 ἦν
1440 3923 1604 3978 αὑτὸν
1624 3925 1768 3990 είκδς

187 4015 524 4083 ἠγνοηκέναι
576 4016 864 4088 προφήτην
898 4032 960 4069 τε
1003 4014 1132 4070 ὄντα
1171 4017 1266 4069 καὶ
1293 4018 1362 4068 τὰ
1407 4016 1526 4071 θεῖα
1564 4033 1769 4071 πεπαι-

185 4105 470 4177 δευμένον,
491 4107 684 4177 ὅτιπερ
713 4107 922 4162 δύναιτ’
945 4107 1011 4162 ἂν
1037 4108 1170 4173 Θεὸς
1191 4107 1285 4161 καὶ
1317 4108 1481 4179 φύσιν
1517 4126 1769 4180 καινουρ-

187 4199 377 4270 γῆσαι,
429 4199 527 4252 καὶ
557 4199 736 4268 γῆρας
766 4200 1102 4268 νεοποιῆσαι,
1127 4198 1224 4253 καὶ
1253 4200 1421 4269 πόρον
1466 4201 1524 4252 ὲν
1549 4198 1768 4269 ἀμηχά-

189 4307 300 4353 νοις
321 4290 637 4360 διεκφᾶναι,
661 4289 737 4355 ὡς
764 4290 856 4343 ὲπὶ
881 4289 1134 4361 Ἀϐραὰμ
1167 4289 1260 4345 καὶ
1285 4290 1524 4361 Σάρρας,
1573 4289 1649 4352 ὡς
1678 4290 1772 4342 ἐπὶ

188 4382 290 4451 τῆς
316 4383 732 4453 Σουναμίτιδος,
757 4384 852 4436 καὶ
876 4383 985 4436 τῶν
1020 4382 1194 4437 ἄλλων
1218 4382 1482 4436 ποικίλων
1513 4381 1607 4435 καὶ
1633 4398 1770 4434 παν-

187 4473 438 4533 τοδαπῶν
460 4469 628 4526 αὐτοῦ
658 4472 980 4540 τεραστίων.
1007 4471 1144 4524 Ἀλλ’
1179 4469 1365 4541 ἐπειδὴ
1390 4473 1444 4524 at
1471 4469 1577 4524 τῶν
1597 4469 1768 4540 μεγά-

1866 3279 1987 3352 gelo
2032 3289 2289 3350 tanquam
2340 3295 2604 3336 conservo
2649 3280 2890 3350 loquitur
2938 3295 2954 3334 :
3008 3277 3284 3346 Quomodo
3343 3278 3440 3334 hoc

1867 3374 2215 3442 cognoscam?
2232 3388 2324 3443 ego
2345 3374 2485 3427 enint
2514 3387 2669 3427 senex
2689 3387 2826 3436 sum,
2851 3380 2900 3425 et
2926 3385 3062 3425 uxor
3086 3387 3203 3424 mea
3231 3385 3441 3440 proces-

1866 3464 1936 3518 sit
1976 3466 2033 3519 in
2078 3465 2258 3520 diebus
2295 3464 2489 3521 suis".
2522 3463 2842 3521 Communis
2875 3463 3096 3535 quidem
3128 3473 3182 3518 et
3212 3461 3438 3518 Patrum

1867 3558 2217 3627 explanatio,
2261 3557 2663 3613 incredulitatis
2708 3571 2862 3611 reum
2913 3555 3046 3611 dicit
3079 3555 3438 3611 sacerdotem.

1868 3649 1938 3703 At
1967 3658 2156 3704 noster
2202 3665 2383 3704 sermo
2411 3649 2496 3704 his
2533 3663 2641 3703 non
2681 3648 3056 3718 acquiescens,
3083 3645 3178 3702 sed
3223 3646 3440 3716 experi-

1872 3744 2036 3796 menti
2085 3756 2251 3798 causa
2315 3741 2550 3796 ulterius
2601 3740 2978 3810 progrediens,
3035 3739 3173 3794 idem
3218 3751 3440 3808 passum

1871 3829 2188 3887 Zachariam
2213 3831 2311 3898 ait,
2332 3834 2474 3902 quod
2507 3845 2763 3900 magnum
2797 3827 3089 3883 Thomam.
3115 3826 3268 3882 Haud
3295 3827 3440 3882 enim

1870 3924 2163 3979 verisimile
2192 3933 2292 3987 est,
2316 3923 2630 3993 prophetam
2667 3921 2744 3976 rei
2777 3920 2974 3976 divina:
3022 3935 3252 3992 gnarum
3286 3921 3440 3991 igno-

1872 4031 2044 4081 rasse,
2076 4030 2240 4085 posse
2281 4014 2450 4069 Deum
2488 4023 2543 4068 et
2580 4023 2832 4069 naturam
2873 4013 3158 4077 innovare,
3201 4021 3255 4066 et
3284 4026 3444 4067 sene-

1871 4110 2006 4164 ctuti
2038 4110 2178 4163 vires
2203 4110 2532 4173 instaurare,
2561 4115 2615 4161 et
2645 4107 2848 4161 bonum
2891 4105 3094 4161 exitum
3139 4103 3445 4174 desperatis

1871 4196 2037 4252 rebus
2062 4196 2368 4262 ostendere,
2405 4205 2465 4250 ut
2507 4197 2559 4248 in
2589 4195 2899 4250 Abrahamo
2928 4195 3172 4264 Saraque
3211 4193 3361 4258 fecit,
3391 4202 3447 4248 et

1871 4291 1926 4345 in
1990 4288 2352 4356 Sunamitidc,
2385 4297 2437 4342 ct
2465 4289 2517 4341 in
2543 4288 2663 4343 aliis
2701 4288 2993 4353 cujuslibet
3019 4287 3236 4357 generis
3257 4285 3445 4357 prodi-

1873 4382 2087 4450 giorum
2138 4382 2378 4438 casibus.
2407 4379 2514 4436 Sed
2558 4380 2687 4450 quia
2728 4386 3142 4450 magnarum,et
3170 4392 3293 4449 qua:
3317 4385 3449 4434 sunt

1873 4486 2073 4547 praeter
2102 4475 2439 4546 opinionem,
2463 4473 2928 4544 exspectationum
2958 4471 3371 4542 promissiones,
3397 4469 3446 4524 si

188 4564 297 4619 λων
326 4563 424 4618 καὶ
457 4537 783 4634 παραδόξων
814 4561 1152 4633 προσδοκιῶν
1179 4537 1501 4631 ἐπαγγελίαι
1543 4537 1764 4627 ὲξᾶπινα

1879 4574 2101 4637 repente
2135 4566 2428 4620 audiantur
2450 4563 2776 4619 conturbare
2816 4560 2929 4616 fere
2960 4560 3208 4615 animum
3239 4559 3444 4625 solent;

187 4659 525 4729 ἁκουόμεναι
568 4657 857 4716 ταράττειν
914 4673 1029 4719 πως
1077 4653 1298 4708 είώθασι
1333 4655 1431 4725 τὴν
1474 4654 1674 4726 ψυχὴν,
1709 4656 1770 4709 ού

189 4750 328 4820 πρὸς
367 4749 630 4802 ἀπιστίαν
658 4746 1116 4817 ἀναϐαλλόμενος,
1152 4742 1328 4819 οἴμαι,
1358 4747 1495 4801 ἀλλὰ
1521 4747 1656 4816 πρὸς
1683 4765 1772 4800 τε·

188 4842 408 4896 λείωσιν
435 4841 920 4912 ὲπισπευδόμενος,
948 4839 1110 4902 εὐθὺς
1143 4835 1232 4894 οἷα
1269 4840 1359 4910 ὑφ’
1389 4841 1582 4913 ἡδονῆς
1613 4842 1774 4906 ἁλοὺς

187 4933 468 5001 ἀναφωνεῖ
496 4934 593 4985 καὶ
614 4931 832 5002 φράζει,
855 4931 1016 4988 Κατὰ
1043 4932 1103 4985 τι
1116 4931 1416 5002 γνώσομαι
1447 4933 1624 4987 τοῦτο
1647 4934 1772 5005 ;Μὴ

187 5027 250 5094 δὴ
301 5023 671 5098 παραλογίσῃ,
727 5023 993 5096 μηδαμῶς
1038 5023 1330 5096 διαψεύσῃ,
1384 5025 1526 5079 δίδου
1587 5043 1674 5095 μοι
1711 5027 1771 5079 τὸ

187 5116 488 5186 ιπίσημον,
525 5115 732 5185 πάρεχέ
763 5132 852 5184 μοι
871 5115 932 5167 τὸ
958 5115 1234 5186 ἐνέχυρον·
1265 5115 1341 5180 ὡς
1382 5116 1548 5170 πάλαι
1578 5118 1606 5168 ό
1640 5119 1770 5182 Θεὸς

188 5207 263 5275 τῷ
285 5206 550 5277 Ἀϐραὰμ
577 5210 712 5277 πρὸς
743 5207 805 5259 τὸ
836 5207 1085 5274 γενέσθαι
1123 5208 1284 5261 αὐτὸν
1309 5208 1521 5277 πατέρα
1559 5208 1771 5261 πολλῶν

188 5299 384 5365 ἐθνῶν,
409 5301 508 5353 καὶ
549 5302 615 5353 ὲκ
637 5299 735 5369 τῆς
757 5299 957 5367 ὀσφύος
986 5300 1155 5354 αὑτοῦ
1191 5300 1565 5366 ἐξελεύσεσθαι
1619 5303 1771 5372 βασι-

189 5389 320 5455 λεῖς,
346 5393 409 5443 τὸ
437 5390 540 5460 τῆς
567 5392 868 5462 περιτομῆς
896 5394 1121 5462 σημεῖον
1151 5408 1163 5420 ο
1203 5393 1294 5446 καὶ
1323 5395 1428 5465 πρὸ
1453 5394 1666 5460 τούτου,
1694 5395 1768 5460 ὡς

189 5483 266 5556 τῷ
307 5486 432 5538 Νῶε
487 5484 624 5556 πρὸς
651 5486 713 5539 τὸ
749 5485 824 5556 μὴ
864 5486 1062 5552 ἐπάξαι
1100 5487 1485 5558 κατακλυσμὸν
1530 5489 1622 5543 ἐπὶ
1673 5493 1771 5560 τῆς

191 5578 316 5650 γῆς,
340 5580 403 5632 τὸ
425 5580 488 5633 ὲν
523 5580 592 5649 τῇ
625 5579 822 5652 νεφέλῃ
849 5580 1019 5646 τόξον·
1049 5579 1182 5652 πρὸς
1205 5579 1412 5647 τούτοις
1442 5582 1532 5635 καὶ
1563 5582 1769 5655 Μωῦσῇ

285 5832 331 5863 ’⁷
368 5831 506 5890 Luc.
541 5845 582 5894 I,
618 5831 702 5885 l5.
811 5831 853 5863 7"
888 5828 1020 5896 ibid,
1062 5832 1141 5885 l8.

1877 4658 2171 4714 Zacharias
2198 4672 2304 4712 non
2336 4656 2717 4712 incredulitate
2750 4654 3032 4719 haesitans,
3065 4661 3127 4707 ut
3171 4666 3317 4716 reor,
3351 4652 3446 4706 sed

1877 4754 1943 4808 ad
1969 4753 2046 4808 rei
2071 4751 2457 4823 perfectionem
2485 4750 2771 4815 festinans,
2794 4749 2938 4803 illico
2962 4757 3220 4816 tanquam
3247 4743 3448 4815 gaudio

1876 4853 2159 4914 correptus
2183 4843 2453 4898 exclamat
2489 4840 2672 4910 aitque
2704 4857 2718 4893 :
2753 4837 3040 4906 Quomodo
3094 4836 3200 4892 hoc
3249 4850 3450 4904 cogno-

1878 4935 2069 4990 scam?
2105 4932 2183 4988 Ne
2219 4949 2304 4988 me
2339 4932 2598 5002 decipias,
2630 4945 2698 4986 ne
2725 4945 2812 4984 me
2839 4928 3017 4992 fallas,
3046 4927 3114 4982 da
3146 4927 3281 4981 mihi
3309 4926 3449 4981 indi-

1878 5030 2045 5092 cium,
2082 5026 2260 5096 praebe
2309 5024 2443 5079 mihi
2503 5023 2757 5088 arrbam;
2811 5030 2871 5076 ut
2920 5019 3048 5076 olim
3084 5018 3226 5073 Deus
3272 5017 3448 5072 Abra-

1881 5124 2063 5188 hamo,
2086 5129 2147 5174 ut
2172 5118 2521 5190 persuaderet
2553 5117 2668 5171 fore
2698 5115 2849 5169 illum
2881 5112 3172 5167 multarum
3202 5110 3445 5180 gentium

1881 5222 2111 5284 patrem,
2139 5221 2194 5267 et
2224 5226 2291 5266 ex
2321 5212 2441 5280 ejus
2495 5209 2695 5264 lumbis
2729 5221 2881 5278 reges
2925 5205 3190 5265 orituros,
3228 5201 3450 5258 tradidit

1881 5304 2315 5362 circumcisionis
2368 5302 2582 5371 signum
2617 5318 2630 5354 :
2661 5308 2714 5353 et
2769 5307 2893 5352 ante
2946 5299 3093 5350 hunc
3135 5292 3354 5348 Noacbo
3389 5305 3448 5349 ut

1882 5397 2041 5453 fidem
2071 5396 2289 5460 faceret,
2325 5407 2603 5461 nunquam
2638 5397 2821 5460 postea
2855 5388 3148 5443 adductum
3182 5385 3249 5439 iri
3283 5399 3448 5453 super

1881 5500 2082 5546 terram
2123 5487 2616 5552 diluvium,arcum
2641 5482 2877 5538 ostendit
2903 5481 2953 5535 in
2987 5480 3129 5535 nube
3166 5495 3180 5532 :
3212 5476 3448 5544 denique

1880 5582 2048 5653 Moysi
2079 5582 2284 5650 virgam
2316 5580 2369 5633 in
2394 5592 2622 5648 anguem
2650 5582 2939 5640 mutatam,
2966 5582 3019 5628 et
3043 5586 3170 5627 mox
3198 5583 3300 5625 suo
3331 5576 3445 5625 sta-
