3926 6436
514 397 620 463 ’155

1708 397 1766 457 S.
1807 389 2196 456 THEODORI
2226 389 2569 451 STUDITAZ

3647 393 3754 457 756

517 515 596 567 tui
624 511 953 577 restitutam,
990 519 1047 566 ut
1079 510 1316 584 Egyptii
1362 512 1663 581 crederent,
1687 513 1735 567 ei
1767 510 2087 582 apparuisse

2199 509 2286 580 τὴν
2329 509 2656 578 ὀφιωθεῖσαν
2725 509 2812 562 καὶ
2842 509 3036 563 Θᾶττον
3078 507 3622 562 ἀποκατασταθεῖσαν
3655 511 3755 579 ρἀ

519 603 670 657 ilium
700 603 792 674 qui
821 601 934 656 Est.

589 779 643 834 8.
671 778 737 832 Et
764 777 1076 847 respondens
1096 777 1309 848 angelus
1339 777 1477 830 dixit
1505 778 1551 831 ei
1580 793 1597 830 :
1629 777 1764 831 Ecce
1782 777 1885 831 eris
1910 788 2084 831 tacens

522 869 684 940 nequé
725 870 868 939 loqui
913 869 1109 930 valens,
1144 876 1418 936 propterea
1453 867 1590 934 quod
1635 866 1800 919 verbis
1829 867 1953 918 meis
1984 881 2084 918 non

523 962 796 1016 credidisti
849 959 1179 1029 (addendum
1247 969 1372 1023 est,
1435 958 1579 1027 quod
1645 956 2085 1026 subintelligitur,

523 1069 741 1124 nempe.
779 1053 1104 1122 simpliciter
1135 1063 1183 1107 et
1221 1055 1338 1106 sine
1380 1051 1916 1120 inquisitione),quw
1957 1059 2088 1103 tem-

522 1163 648 1216 pore
695 1162 791 1199 suo
826 1145 1304 1205 complebantur".
1337 1143 1559 1212 Recepit
1605 1158 1736 1212 ergo
1794 1143 2088 1198 Zacharias

523 1239 738 1308 signum
773 1239 823 1291 ei
857 1241 934 1292 rei
965 1249 1418 1299 consentaneum,
1454 1251 1649 1305 nempe
1687 1237 1839 1290 vocis
1870 1237 2089 1290 caducae

522 1329 819 1393 silentium,
849 1344 944 1396 pro
981 1344 1108 1382 voce
1129 1329 1250 1381 viva
1276 1343 1338 1382 ac
1368 1329 1712 1383 substantiali
1741 1343 1861 1396 qua:
1889 1342 2013 1380 mox
2039 1327 2088 1381 ei

522 1420 780 1490 parienda
837 1430 972 1474 erat.
1037 1420 1253 1474 interim
1318 1421 1655 1488 complicatis
1698 1420 1876 1483 labiis,
1907 1419 2092 1473 laudat

522 1513 750 1565 vocibus
782 1513 990 1566 auditui
1029 1513 1308 1581 imperviis
1339 1513 1506 1581 prolis
1539 1513 1815 1565 datorem:
1841 1510 2091 1580 Egressus

524 1604 687 1666 enim,
717 1603 1075 1672 inquit,loqui
1107 1621 1207 1656 non
1230 1613 1475 1673 poterat:
1500 1614 1549 1657 et
1581 1612 1931 1674 cognoverunt
1957 1604 2094 1673 quod

523 1695 772 1749 visionem
828 1695 1038 1749 uidisset
1071 1697 1122 1747 in
1156 1696 1345 1765 templo
1380 1711 1396 1748 :
1427 1709 1474 1749 et
1536 1697 1644 1765 ipse
1684 1705 1793 1749 erat
1846 1698 2090 1760 innuens,

523 1787 823 1856 mansitque
877 1788 1135 1841 mutus”.
1171 1787 1372 1840 Partim
1425 1788 1642 1856 quidem
1683 1803 1749 1842 ne
1794 1788 2094 1854 interroga-

525 1887 698 1943 retur,
728 1879 856 1948 quia
886 1877 1170 1933 ierendum
1219 1895 1328 1933 non
1359 1890 1474 1934 erat
1500 1889 1559 1933 ut
1588 1879 1726 1934 visio
1756 1880 1958 1947 passim
1993 1895 2092 1934 au-
2123 1855 2166 1909 Β

524 1969 733 2023 diretur
768 1971 1006 2038 :partim
1059 1985 1211 2034 vero,
1247 1979 1307 2023 ut
1335 1969 1426 2039 qui
1473 1970 1875 2039 quodammodo
1901 1985 2092 2026 exces-

524 2065 676 2111 serat
726 2072 790 2110 ex
847 2059 1121 2122 sensibus,
1166 2068 1420 2128 totusque
1473 2059 1528 2113 in
1569 2074 1627 2113 se
1675 2059 1792 2128 ipso
1825 2059 2089 2113 visionem

524 2147 946 2212 ruminabatur,
1001 2159 1185 2204 mutus
1246 2159 1390 2204 esset
1432 2149 1498 2203 ad
1544 2151 1891 2204 verberantes
1913 2165 2091 2204 aerem

526 2253 830 2293 sermones.
886 2238 997 2294 Nec
1044 2241 1396 2294 inverisimile
1432 2251 1516 2294 est
1562 2240 1834 2309 pr0pheta3
1863 2252 2091 2310 patrem,

526 2327 824 2396 prophetiae
861 2339 1240 2400 argumentum
1294 2332 1380 2386 hic
1410 2333 1738 2402 significare.
1778 2334 1829 2388 id
1866 2343 1949 2388 est
1984 2332 2094 2388 ior-

525 2427 672 2472 tasse
705 2419 895 2489 legalis
939 2422 1120 2477 cultus
1168 2425 1549 2485 cessationem,
1588 2440 1700 2492 prae
1730 2426 2096 2490 divulgatinue

527 2508 705 2563 cultus
730 2511 1031 2565 secundum
1062 2514 1292 2582 gratiam
1321 2514 1375 2567 in
1411 2512 1638 2568 Joannis
1666 2517 1966 2570 nativitate.
1991 2517 2094 2569 Sed

523 2597 659 2667 jam,
688 2601 1029 2656 intermediis
1058 2603 1302 2670 omissis,
1335 2620 1455 2673 qua:
1484 2607 1548 2659 ad
1579 2615 1900 2675 prresentem
1947 2607 2090 2661 diem

528 2705 639 2746 non
698 2693 988 2760 pertinent,
1018 2709 1248 2762 quaeque
1298 2696 1440 2750 vires
1485 2707 1684 2751 nostrae
1713 2699 1966 2768 persequi
2000 2716 2094 2755 nc-

530 2791 756 2851 queunt,
786 2799 979 2839 rursus
1008 2786 1072 2839 ad
1103 2787 1154 2840 id
1189 2788 1336 2856 quod
1367 2789 1534 2844 instat
1563 2791 1862 2849 veniamus.

599 2966 652 3020 9.
694 2966 761 3019 Et
796 2967 997 3034 factum
1041 2978 1141 3034 est,
1175 2971 1372 3040 inquit,
1401 2988 1518 3024 cum
1549 2975 1780 3026 audisset
1823 2973 2096 3027 Elisabeth

528 3052 910 3107 salutationem
925 3057 1428 3120 Mariw,exsuitavit
1451 3060 1627 3128 infans
1647 3062 1841 3130 gaudio
1869 3063 1922 3114 in
1947 3071 2095 3115 utero

528 3146 716 3240 ejus".
755 3143 798 3199 Ο
829 3145 1088 3210 Joannes,
1128 3149 1250 3202 felix
1280 3150 1482 3214 infans,
1510 3153 1636 3221 vigil
1666 3155 1961 3225 embryon!
1990 3155 2093 3221 Qui
2121 3179 2167 3240 ρ

528 3250 588 3288 es
643 3236 694 3288 in
739 3244 912 3298 utero,
947 3240 1221 3306 quomodo
1269 3239 1321 3292 in
1372 3241 1614 3296 mundo?
1640 3245 1734 3312 qui
1764 3246 2003 3299 nondum
2037 3260 2094 3300 es

529 3328 824 3397 perfectus,
860 3331 1138 3399 quomodo
1167 3348 1225 3387 es
1257 3335 1743 3392 absolutissimus?
1775 3340 1866 3408 qui
1919 3355 2096 3396 seme-

528 3416 678 3482 stris,
724 3420 997 3488 quomodo
1057 3421 1368 3491 longaevus?
1418 3426 1508 3494 qui
1558 3428 1795 3480 nondum
1857 3429 2096 3498 cogitare

531 3515 705 3574 potes,
737 3510 1011 3576 quomodo
1047 3527 1106 3564 es
1137 3512 1638 3579 prudentissimus?
1668 3516 1761 3584 qui
1795 3516 1941 3585 loqui
1986 3533 2092 3572 non

528 3609 707 3669 potes,
748 3602 1023 3668 quomodo
1052 3602 1301 3671 expedite
1339 3604 1601 3659 disseris?
1643 3605 1731 3660 die
1779 3607 1957 3671 nobis,
1984 3607 2093 3674 dic,

527 3706 656 3760 age;
682 3693 969 3747 tenebroso
999 3695 1229 3747 materni
1261 3697 1398 3749 uteri
1431 3696 1550 3751 loco
1580 3697 1759 3752 adhuc
1782 3698 2095 3763 conclusus,

527 3783 791 3838 visuaiem
839 3786 948 3837 vim
1005 3786 1245 3840 nondum
1302 3802 1586 3852 exercens,
1634 3805 1765 3845 aure
1809 3793 2094 3861 strepitum

528 3874 736 3930 Imllum
760 3875 1039 3941 hauriens,
1058 3879 1300 3932 vocalem
1320 3893 1517 3935 sonum
1551 3882 1792 3935 nondum
1817 3884 2092 3944 emittens,

527 3965 880 4019 ambulatorii
928 3977 1109 4022 motus
1144 3970 1385 4024 nomium
1434 3973 1730 4041 particeps,
1769 3975 1938 4028 risum
1995 3977 2094 4028 ho-

525 4055 692 4110 minis
744 4057 1022 4124 pr0prium
1080 4059 1258 4113 adhuc
1305 4075 1416 4114 non
1471 4077 1756 4129 exserens;
1819 4066 2095 4133 quomodo

528 4148 1027 4218 audistiquomodo
1077 4164 1164 4204 res
1215 4151 1428 4207 divinas
1485 4154 1793 4221 eloqueris?
1819 4157 2095 4226 quomodo

525 4237 754 4292 exsilis?
782 4239 1054 4307 quomodo
1100 4241 1380 4297 exsultas?
1412 4245 1702 4315 responde,
1738 4261 1771 4301 ο
1803 4248 2097 4305 mirabilis-

529 4330 684 4384 sime.
718 4329 971 4402 Magnum
1032 4342 1133 4398 est,
1185 4335 1292 4400 ait,
1325 4339 1668 4406 mysterium,
1707 4349 1760 4394 et
1819 4350 1973 4398 actus
2028 4343 2097 4398 ab

527 4421 766 4476 humana
817 4433 1059 4478 remotus
1091 4428 1600 4495 comprehensione.
1653 4431 1843 4488 Merito
1894 4434 2096 4490 iunovo

2186 602 2307 654 ϐδον
2336 603 2414 663 εἰς
2434 602 2493 653 τὸ
2523 601 2812 654 πιστεῦσαι
2834 604 2945 664 τοῖς
2969 600 3286 668 Αἰγυπτίοις
3309 593 3580 654 ὃτιῶπται
3603 599 3756 670 αὐτῷ

2184 694 2212 745 ὁ
2243 694 2370 746 Ὠν.

2255 790 2325 852 η’.
2363 783 2468 837 Καὶ
2499 782 2860 851 ἀποκριθεὶς,
2884 781 3066 850 φησὶν,
3092 785 3124 836 ὀ
3147 781 3401 850 ἅγγελος
3440 777 3611 834 εἶπεν
3647 781 3760 835 αὐ·

2185 873 2468 941 τῷοἰδοὺ
2525 875 2641 942 ἔσῃ
2691 871 2934 925 σιωπῶν
2972 872 3071 958 καί
3113 871 3202 942 μὴ
3260 871 3598 940 δυνάμενος
3643 874 3758 924 λα·-

2186 967 2406 1036 λῆσαι,
2467 967 2597 1022 ἀνθ’
2631 960 2718 1018 ὦν
2779 965 3158 1032 ὴπίστευσας
3215 963 3338 1029 τοῖς
3402 966 3607 1033 λόγοις
3638 979 3758 1031 μου

2192 1057 2537 1130 (προσθετέον
2595 1056 2734 1109 κατὰ
2784 1056 2845 1108 τὸ
2901 1055 3254 1126 σιωπώμενον
3312 1054 3501 1116 ἁπλῶς
3546 1071 3608 1106 τε
3661 1054 3760 1106 καὶ

2189 1148 2600 1213 ἀνεξετάστως),
2666 1147 2882 1212 οἵτινες
2943 1147 3446 1214 πληρωθήσονται
3503 1146 3591 1210 εις
3651 1147 3764 1196 τὸν

2190 1239 2396 1306 καιρὸν
2423 1237 2642 1290 αὐτῶν.
2670 1236 2868 1290 Ἔλαὸε
2899 1236 3077 1289 τοίνυν
3107 1237 3168 1289 τὸ
3197 1253 3263 1307 ση
3274 1237 3465 1305 μεῖονό
3483 1234 3762 1303 Ζαχαρῐας

2190 1329 2526 1398 κατάλληλον
2568 1327 2647 1398 τῷ
2703 1330 3009 1398 πράγματι,
3048 1327 3259 1397 σιωπὴν
3290 1327 3529 1396 φθογγῆς
3559 1325 3763 1394 λυομέο

2191 1440 2308 1493 νης,
2341 1422 2473 1491 πρὸς
2516 1419 2756 1491 φθογγὴν
2790 1419 2969 1483 ζῶσαν
2992 1421 3084 1472 καὶ
3112 1419 3470 1473 ὲνυπόστατον
3499 1415 3766 1486 τεχθησο-

2195 1513 2362 1582 μένην
2391 1510 2558 1579 αὐτῷ’
2597 1511 2690 1562 καὶ
2723 1528 2786 1562 συ
2797 1509 3042 1580 μπτὺξας
3061 1511 3129 1561 τὰ
3165 1508 3318 1579 χείλη
3365 1506 3528 1576 ὑμνεῖ
3553 1505 3765 1573 φωναῖς

2191 1603 2545 1664 ἁνακούστοις
2574 1600 2664 1653 τὸν
2706 1600 2800 1654 τοῦ
2839 1600 2995 1652 τόκου
3025 1599 3224 1670 δοτῆρα
3251 1615 3265 1629 ·
3300 1595 3596 1661 Ἐξελθὼν
3628 1595 3763 1661 γὰρ,

2194 1695 2377 1765 φησὶν,
2414 1696 2523 1747 οὐκ
2549 1693 2810 1760 ἠδύνατο
2841 1690 3133 1759 λαλῆσαι·
3157 1689 3254 1743 καὶ
3292 1688 3648 1758 ἐπέγνωσαν
3675 1687 3768 1739 ὅτι

2195 1787 2493 1840 ὀπτασίαν
2515 1783 2774 1852 ἑώρακεν
2795 1785 2863 1837 ἐν
2891 1782 2970 1847 τῷ
3002 1780 3150 1846 ναῷ’
3182 1781 3283 1835 καὶ
3305 1782 3488 1845 αὐτὸς
3519 1775 3600 1849 ἦν
3632 1777 3766 1830 δια-

2195 1881 2406 1942 νεύων,
2449 1878 2545 1930 καὶ
2582 1877 2755 1945 ἔμενε
2783 1877 3002 1944 κωφός.
3033 1875 3106 1927 Τὸ
3134 1874 3233 1943 μὲν
3261 1872 3395 1944 πρὸς
3419 1873 3479 1925 τὸ
3523 1872 3599 1940 μὴ
3630 1871 3770 1942 ἐρω-

2193 1969 2411 2034 τᾶσθαι,
2434 1970 2508 2030 ὡς
2540 1969 2598 2021 οὔ
2626 1967 2890 2020 καθεκτὸν
2929 1967 2995 2019 τὰ
3042 1966 3142 2035 τῆς
3169 1964 3433 2026 ὀπτασίας
3475 1960 3770 2024 ἁκουτίζε-

2197 2063 2340 2116 σθαιο
2374 2062 2441 2114 τὰ
2472 2061 2526 2113 δὲ
2559 2061 2632 2124 ὡς
2661 2055 2772 2113 οἷον
2817 2057 3134 2128 ἐκδεόηκὼς
3171 2056 3278 2108 τῶν
3320 2055 3646 2126 αἰσθήσεων,
3671 2053 3770 2106 καὶ

2195 2152 2270 2213 εἰς
2308 2150 2498 2202 ἑαυτὸν
2539 2150 2656 2213 ὅλος
2701 2149 2761 2202 τὸ
2785 2149 2980 2219 ὀραθὲν
3006 2147 3460 2216 συστρεφόμενος,
3495 2143 3772 2212 κωφεύειν

2195 2243 2305 2303 τοῖς
2343 2240 2700 2311 ἀεροκτύποις
2729 2240 2862 2309 λαλή
2873 2256 3040 2306 μασιν
3067 2253 3079 2266 ⁸
3117 2238 3269 2291 οὐδὲν
3293 2237 3349 2290 δὲ
3381 2231 3490 2290 οἷον
3523 2236 3598 2297 ὡς
3628 2251 3770 2304 προ-

2198 2332 2552 2402 φητοπάτορα
2578 2330 2669 2383 καὶ
2694 2327 3030 2401 προφητείας
3073 2328 3233 2398 ἔργον
3265 2325 3541 2380 κάνταῦθα
3571 2328 3770 2394 ἐπιση-

2200 2424 2432 2494 μαίνειν·
2461 2423 2552 2474 καὶ
2579 2421 2735 2473 τοῦτό
2762 2422 2906 2472 ἐστιν
2929 2420 3059 2481 ἴσως
3087 2420 3120 2487 ἡ
3145 2419 3242 2488 τῆς
3266 2416 3494 2486 νομικῆς
3510 2414 3772 2486 λατρείας

2201 2514 2399 2575 παῦλα,
2419 2511 2556 2582 πρὸς
2584 2512 2682 2580 τὴν
2713 2513 2769 2563 ὲν
2799 2512 2863 2580 τῇ
2895 2510 3075 2580 χάριτι
3096 2509 3183 2562 διὰ
3214 2508 3313 2576 τῆς
3337 2507 3643 2576 γεννήσεως
3670 2504 3767 2556 τοῦ

2211 2577 2474 2658 Ἰωάννου
2499 2577 2819 2670 ἀνάρρησιν.
2840 2577 3047 2653 ’Τοίνυν
3077 2596 3526 2668 παραδραμόντες
3557 2593 3626 2646 τὰ
3678 2593 3773 2646 διὰ

2203 2695 2390 2766 μέσου,
2428 2693 2503 2756 ὡς
2535 2691 2659 2745 οὔτε
2708 2695 2774 2763 τῇ
2811 2691 2994 2763 ήμέρᾳ
3039 2691 3329 2758 ἀνήκοντα,
3357 2686 3465 2740 οὐδ’
3495 2687 3634 2757 αὐτῇ
3671 2685 3772 2738 δυ-

2198 2786 2358 2855 νὰμει
2393 2783 2550 2854 ἡμῶν
2580 2784 2800 2852 ἐφικτὰ,
2837 2780 2990 2844 αὖθις
3021 2782 3112 2834 ἐπὶ
3149 2780 3208 2832 τὸ
3241 2781 3565 2845 κατεπεῖγον
3614 2777 3775 2829 ὲλευο

2199 2875 2442 2948 σώμεθα.

2269 2972 2333 3024 6'.
2375 2970 2482 3024 Καὶ
2505 2968 2757 3037 ἐγένετο,
2779 2967 2964 3034 φησιν,
2991 2965 3069 3031 ὡς
3093 2963 3360 3033 ἤκουσεν
3391 2964 3423 3031 ἠ
3451 2962 3772 3018 Ἐλισάσετ

2198 3063 2304 3117 τὸν
2339 3059 2666 3128 ἀσπασμὸν
2689 3058 2801 3125 τῆς
2830 3059 3073 3126 Μαρίας,
3103 3057 3426 3126 ἐσκίρτησε
3455 3057 3518 3108 τὸ
3537 3056 3774 3124 ,ϐρέφος

2197 3153 2264 3206 ἐν
2291 3149 2641 3220 ἀγαλλιάσει
2669 3149 2736 3201 ἐν
2774 3148 2847 3216 τῇ
2887 3148 3085 3214 κοιλίᾳ
3115 3145 3324 3214 αὐτῆς.
3355 3140 3428 3197 Ὦ
3454 3145 3674 3215 Ἰωάννη
3709 3145 3776 3197 τὸ

2201 3244 2472 3313 μακάριον
2514 3241 2729 3311 βρέφος,
2778 3241 2838 3292 τὸ
2869 3239 3168 3308 ἀκοίμητον
3194 3238 3464 3308 εμδρυονῑ
3519 3237 3576 3290 '0
3602 3237 3776 3306 ἐγγά-

2199 3349 2400 3403 στριος,
2447 3332 2563 3394 πῶς
2612 3333 2934 3400 ὲγκόσμιος;
2981 3332 3009 3383 ὁ
3062 3330 3365 3393 ἀτέλεστος,
3406 3329 3524 3392 πῶς
3566 3330 3777 3399 πληρέ-

2199 3440 2421 3488 στατος;
2447 3425 2474 3475 ὁ
2499 3423 2869 3492 ἑξαμηνιαῖος,
2897 3421 3012 3483 πῶς
3056 3419 3404 3490 πολυχρόνιος
3424 3437 3438 3485 ;
3459 3421 3485 3472 ὁ
3515 3418 3775 3489 ἀδιανόη-

2195 3533 2306 3580 τος,
2329 3515 2444 3578 πῶς
2466 3514 2937 3585 ὲμφρονέστατοςς
2965 3513 2993 3564 ὁ
3025 3512 3360 3576 ὰδιάλεκτος,
3379 3511 3495 3573 πῶς
3525 3509 3776 3576 εὔλαλος;

2197 3609 2405 3679 φράσον
2439 3609 2589 3679 ἡμῖν,
2623 3607 2920 3679 φράσον,ὲν
2938 3603 3152 3675 ζοφερῷ
3178 3603 3361 3673 χωρίῳ
3380 3603 3475 3670 τῆς
3512 3601 3778 3670 μητρῴας

2197 3702 2387 3773 νηδύος
2421 3700 2793 3770 συνεχόμενος,
2826 3698 2923 3768 τὴν
2968 3697 3230 3768 ὁρατικὴν
3277 3695 3388 3760 ἕξιν
3421 3693 3574 3746 οὔπω
3619 3695 3752 3762 ὲνερ

2197 3795 2329 3863 γῶν,
2390 3793 2478 3845 τὸν
2507 3790 2833 3844 ἀκουστικὸν
2863 3789 3035 3860 ψόφον
3073 3789 3226 3841 οὔπω
3255 3786 3650 3857 εἰσδεχόμενος,
3679 3786 3782 3838 τὸν

2197 3883 2499 3955 φωνητικὸν
2534 3881 2769 3952 φθόγγον
2802 3879 2954 3932 οὔπω
3004 3879 3232 3945 ἐκϐοῶν,
3261 3878 3360 3948 τὴν
3408 3893 3780 3946 περιπατητιο

2196 3974 2297 4043 κὴν
2326 3974 2539 4042 κίνησιν
2568 3970 2722 4023 οὔπω
2754 3969 3115 4040 μετειληφὼς,
3145 3969 3206 4022 τὸ
3226 3966 3549 4036 γελαστικὸν
3573 3967 3779 4036 ἰδίωμα

2195 4065 2348 4118 οὔπω
2396 4062 2832 4133 ἐπιτετηδευκὼς
2862 4078 2877 4093 ο
2910 4061 3026 4124 πῶς
3054 4061 3290 4132 ,διορᾷςς
3342 4059 3459 4123 πῶς
3519 4059 3774 4125 ὲπαῒειςς

2199 4157 2314 4220 πῶς
2341 4156 2645 4222 θεολογεϊς;
2679 4155 2795 4217 πῶς
2823 4172 2890 4207 πε
2901 4155 3222 4224 ρισκιρτᾷςς
3252 4152 3510 4215 ποταπῶς
3535 4151 3772 4221 ἀγάλλῃς

2197 4247 2490 4318 ἀπόκριναι
2511 4249 2664 4316 ἡμῖν,
2699 4246 3010 4317 ἀπόκριναι,
3030 4239 3074 4297 ῶ
3099 4245 3431 4312 πανάγαστεο
3462 4243 3645 4310 Μέγα,
3667 4261 3777 4314 φη-

2201 4342 2306 4402 σίν,
2339 4340 2397 4393 τὸ
2425 4338 2747 4408 τελούμενον
2778 4339 3096 4409 μυστήριον,
3135 4337 3228 4390 καὶ
3286 4335 3389 4400 ἔξω
3420 4335 3777 4407 ἀνθρωπίνης

2199 4431 2556 4500 καταλήψεως
2577 4431 2636 4482 τὸ
2664 4430 2866 4499 δρᾶμα·
2900 4427 3210 4496 καινοτομῶ
3240 4427 3462 4488 εἰκότως
3485 4425 3585 4495 τὴν
3609 4425 3779 4493 φύσιν

528 4522 802 4579 naturam,
829 4527 1047 4585 propter
1070 4533 1192 4572 eum
1218 4521 1309 4588 qui
1338 4529 1420 4575 cst
1443 4523 1801 4580 innovaturus
1824 4509 1909 4582 res
1927 4544 2092 4597 supra

2199 4524 2284 4577 διὰ
2325 4523 2414 4574 τὸν
2467 4522 2805 4588 καινοτομεῖν
2852 4518 3117 4588 μέλλοντα
3147 4519 3286 4589 ὑπὲρ
3320 4516 3499 4586 φύσιν·
3533 4517 3779 4587 έμδρυος

527 4615 799 4660 naturam.
834 4607 1074 4679 Embryo
1119 4625 1243 4664 cum
1279 4613 1404 4677 sim,
1437 4623 1677 4669 attamen
1733 4631 1920 4682 cerno,
1966 4621 2091 4688 quia

520 4696 744 4764 justitia:
788 4697 956 4752 solem
1007 4699 1061 4751 in
1103 4710 1256 4753 utero
1314 4712 1580 4771 gestatum
1629 4703 1806 4759 video.
1861 4706 2092 4760 Aurium

526 4804 687 4842 sensu
706 4789 903 4858 polleo,
931 4791 1189 4859 quoniam
1219 4794 1382 4848 audio
1407 4810 1492 4849 me
1513 4810 1700 4850 vocem
1725 4797 1906 4866 magni
1935 4795 2094 4853 Verbi

527 4881 699 4934 nasci.
745 4881 932 4936 Clamo
962 4883 1089 4952 quia
1136 4885 1476 4953 unigenitum
1515 4885 1710 4940 Filium
1757 4886 1934 4943 Patris
1964 4903 2096 4943 con-

525 4971 705 5027 sidero
766 4973 1128 5029 incarnatum.
1184 4975 1420 5042 Exsilio,
1457 4980 1586 5047 quia
1623 4994 1804 5033 rerum
1846 4980 2091 5034 omnium

524 5062 836 5118 Creatorem
901 5067 1078 5121 sentio
1141 5069 1379 5123 hominis
1463 5069 1692 5124 formam
1769 5073 2091 5141 sumpsisse.

525 5156 772 5222 Exsuito,
811 5157 938 5226 quia
994 5157 1414 5229 Redelnplorem
1474 5163 1660 5216 mundi
1694 5163 1934 5234 intelligo
1974 5179 2096 5219 cor-

527 5259 799 5318 poratum.
837 5249 1172 5321 Principium
1204 5255 1379 5316 vobis,
1411 5255 1610 5325 inquit,
1639 5254 1887 5325 signiﬁco
1917 5256 2011 5309 Dei
2041 5256 2094 5309 in

527 5345 788 5397 mundum
829 5345 1124 5414 ingressus,
1179 5358 1236 5402 et
1267 5351 1564 5419 corporalis
1602 5365 1890 5419 processus
1921 5368 1933 5404 :
1963 5366 2098 5419 prae-

526 5450 689 5490 curro
738 5438 1014 5498 adventui.
1047 5450 1100 5494 et
1127 5441 1527 5509 quodammodo
1555 5443 1710 5497 vobis
1741 5458 1917 5512 praeco
1959 5458 2094 5496 con-

529 5527 844 5585 fessionem.
866 5529 1074 5588 Sumite
1096 5534 1387 5603 psalmum,
1421 5543 1480 5590 ut
1501 5550 1626 5590 cum
1653 5535 1858 5591 Davide
1881 5536 2092 5605 loquar,

525 5628 581 5674 et
625 5630 1188 5690 tympanum,utcum
1234 5631 1519 5698 propheta,
1551 5627 1866 5698 psalterium
1893 5628 2093 5699 jucun-

598 5811 640 5842 ⁷⁵
675 5813 804 5870 Luc.
839 5815 930 5870 9.0.
1009 5818 1052 5848 5°
1078 5816 1210 5872 Ibid.
1238 5817 1325 5880 22.
1403 5820 1467 5874 ".
1503 5820 1636 5886 ibid,
1672 5822 1761 5876 41.

2200 4621 2369 4687 [retro
2399 4611 2660 4684 ἔμϐρυον]
2688 4611 2764 4664 ῶν
2805 4611 2936 4682 ὁρῶ,
2972 4610 3271 4681 ἐπειδήπερ
3317 4610 3406 4662 τὸν
3438 4610 3539 4679 τῆς
3565 4611 3778 4662 δικαιο-

2201 4707 2364 4778 σύνης
2421 4706 2570 4776 ἥλιον
2626 4705 2807 4773 βλέπω
2861 4703 3301 4774 κυοφορούμενον
3334 4718 3347 4732 ·
3418 4701 3776 4771 ὲνωτίζομαι,

2199 4800 2497 4868 ἐπειδήπερ
2523 4798 2719 4857 ἐπαΐω,
2740 4796 2811 4856 ὡς
2836 4796 2988 4864 φωνὴ
3017 4794 3112 4848 τοῦ
3133 4779 3368 4868 μεγάλου
3393 4793 3567 4860 Λόγου
3592 4795 3782 4847 τικτό-

2206 4906 2385 4962 μενος·
2422 4866 2658 4950 ἁναόοῶ,
2689 4887 2986 4958 ἐπειδήπερ
3037 4866 3142 4939 τὸν
3179 4866 3443 4956 μονογενῆ
3492 4884 3623 4936 Υῐδν
3677 4885 3778 4938 τοῦ

2203 4984 2413 5055 Πατρδς
2465 4980 2712 5034 κατανοῶ
2745 4976 3116 5049 σαρκούμενον
3142 4994 3156 5010 ο
3213 4976 3441 5046 σκιρτῶ,
3473 4976 3779 5047 ἐπειδήπερ

2199 5078 2292 5130 τὸν
2329 5074 2423 5127 τοῦ
2458 5073 2654 5135 παντὸς
2691 5073 2928 5141 Ποιητὴν
2981 5071 3312 5142 αἰσθάνομαι
3371 5069 3777 5141 ἀνθρωπομορ-

2204 5169 2474 5236 φούμενον
2493 5181 2507 5197 ο
2543 5165 2869 5235 ἀγάλλομαι,
2904 5164 3200 5234 ἐπειδήπερ
3231 5163 3333 5216 τὸν
3352 5161 3648 5232 Λυτρωτὴν
3677 5161 3777 5214 τοῦ

2207 5259 2411 5329 κόσμου
2446 5257 2759 5327 διανοοῦμαι
2788 5255 3228 5326 σωματούμενον·
3260 5254 3433 5324 ἀρχὴν
3463 5254 3612 5323 ὑμῖν,
3665 5271 3776 5322 φη-

2206 5352 2310 5418 σὶν,
2344 5350 2680 5421 σημαίνομαι
2708 5348 2805 5417 τῆς
2837 5347 2929 5400 τοῦ
2956 5347 3090 5401 Θεοῦ
3122 5349 3179 5400 ἐν
3225 5346 3414 5416 κόσμῳ
3457 5345 3777 5422 εἰσαγωγῆς

2202 5441 2295 5494 καὶ
2326 5440 2644 5510 σωματικῆς
2682 5439 3110 5509 προσελεύσεως’
3145 5437 3428 5508 προτρέχω
3455 5437 3552 5502 τῆς
3581 5437 3776 5507 ὲπιδη-

2205 5535 2351 5604 μίας,
2386 5533 2480 5587 καὶ
2502 5527 2612 5585 οἷον
2640 5531 2853 5602 ἐξάρχω
2885 5531 3010 5602 ὑμῖν
3043 5531 3140 5600 τῆς
3166 5529 3606 5601 ὲξομολογήσεως
3630 5543 3642 5555 ·
3677 5528 3774 5582 λά.-

2202 5628 2323 5683 6ετε
2357 5626 2588 5698 ψαλμὸν,
2619 5626 2914 5690 Δαυῖτικῶς
2940 5627 3134 5691 εἰπεῖν,
3159 5625 3254 5678 καὶ
3285 5622 3588 5694 τύμπανον,
3632 5638 3776 5693 προσ
