3926 6456
183 420 285 484 757

726 419 1002 482 ORATIO
1038 419 1202 482 VIII.
1234 449 1302 461 -
1342 422 1424 486 IN
1474 414 2102 489 DECOLLATIONEM
2131 413 2196 476 S.
2233 411 2552 476 JOANNIS
2600 413 2806 474 BAPT.

3292 411 3401 478 758

181 532 449 603 φητικῶς,
479 531 776 605 ψαλτήριον
808 537 1037 606 τερπνὸν
1085 535 1223 606 μετά
1266 537 1495 609 κιθάρας
1518 554 1531 568 ·
1584 541 1746 610 gone

1855 529 1984 586 dum
2032 542 2158 583 cum
2190 526 2419 590 cithara,
2449 533 2663 581 cantate
2693 532 2745 579 et
2786 523 2998 594 psallite
3060 521 3157 590 illi,
3195 536 3416 582 narrate

179 623 330 694 αὐτῷ
369 627 465 679 καὶ
495 625 704 695 ψάλατε
737 625 906 695 αὐτῷ·
940 625 1275 698 διηγήσασθε
1321 628 1499 684 πάντα
1523 629 1592 683 τά
1616 629 1748 683 Θαυ-

180 717 351 784 μάσια
370 716 559 771 αὑτοῦ.

248 813 299 863 ι’.
326 803 455 872 'Ap’
490 801 605 872 οὖν,
643 806 888 877 Ἰωάννη.
944 807 1319 879 ὑπερανέστης
1373 810 1444 864 τὰ
1493 811 1747 878 ὲπίγεια;

175 897 496 970 προέκυψας
528 899 609 961 είς
631 899 703 952 τά
731 898 959 970 οὐράνια
991 915 1006 965 ;
1041 899 1528 969 ὑπεραναϐἐϐηκας
1575 903 1749 970 ἀγγεο

175 987 335 1048 λικάς
369 990 469 1042 καὶ
501 989 923 1062 πρωτουργικάς
959 991 1390 1060 διακοσμήσεις;
1421 992 1539 1055 πῶς
1568 989 1659 1046 οὖν
1684 1009 1748 1061 γε

174 1072 364 1151 ὧνπερ
408 1079 511 1152 τὴν
561 1080 726 1150 φύσιν
755 1081 856 1134 οὐκ
902 1080 1190 1145 ὲπελάδου,
1227 1080 1434 1134 τούτων
1465 1082 1563 1153 τὴν
1594 1082 1750 1148 τάξιν

173 1171 270 1225 καὶ
299 1171 458 1236 ἀξίαν
485 1170 865 1242 ἀπεκληρώσω
889 1187 904 1236 ;
938 1170 995 1224 τὸ
1021 1171 1207 1234 αὐτοῖς
1236 1171 1294 1236 ἐξ
1324 1170 1518 1235 αίῶνος
1557 1172 1750 1244 ἄδηλον

173 1263 267 1317 καὶ
310 1263 619 1330 ἀδίδακτον,
653 1263 815 1326 εὐθὺς
871 1261 946 1326 ὡς
993 1262 1131 1333 μετὰ
1174 1261 1307 1315 Θεὸν
1383 1265 1751 1335 διαπορθμεύ-

173 1370 273 1418 σας
369 1354 468 1408 καὶ
552 1353 864 1423 διαγγείλας
945 1355 1078 1425 ἡμῖν
1140 1352 1318 1408 ταῦτα
1371 1353 1450 1406 ἐτι
1526 1355 1749 1425 μαιευό-

175 1461 379 1514 μενος;
426 1444 542 1498 Οὐκ
570 1443 940 1515 ἀεροπόνησα,
976 1445 1162 1515 φησὶν,
1195 1447 1296 1498 οὐκ
1322 1445 1750 1516 ὲνεφελοδρόμη-

171 1553 260 1600 σα,
290 1536 392 1607 οὐχ
428 1535 836 1607 ὑπερουράνισα
857 1578 870 1603 ,
904 1537 1003 1606 οὐχ
1026 1536 1447 1609 ὑπερανέστηκα
1482 1536 1591 1591 τῶν
1618 1538 1747 1607 φλο·

170 1627 352 1699 γερῶν
370 1627 470 1682 καὶ
502 1629 817 1699 ἀσωμάτων
840 1629 1124 1698 δυνάμεων
1151 1645 1164 1662 ο
1204 1630 1280 1702 μὴ
1319 1630 1478 1684 τοῦτο
1505 1631 1751 1685 ὑπονοεί-

171 1719 311 1787 σθω,
345 1719 463 1775 ἀλλ’
488 1721 519 1774 6
544 1719 736 1774 ἐπάνω
769 1719 986 1774 πάντων
1029 1719 1127 1784 ὢν,
1165 1721 1261 1775 καὶ
1319 1721 1496 1792 μένων
1547 1722 1606 1775 ὲν
1638 1723 1750 1786 τοῖς

169 1808 451 1881 πατρῴοις
485 1810 705 1872 κόλποις
734 1809 830 1863 σὺν
870 1809 1010 1880 ἀγίῳ
1057 1809 1360 1881 Πνεύματι,
1392 1810 1570 1864 λαθὼν
1601 1811 1752 1866 ἀδια-

1855 619 2042 674 oinnia
2067 616 2337 672 mirabilia
2368 617 2508 686 ejus.

1921 813 2009 867 I0.
2043 809 2182 866 Num
2215 825 2368 879 ergo,
2406 825 2440 864 o
2471 808 2736 874 Joannes,
2766 823 2932 877 supra
2971 817 3186 864 terrena
3227 825 3418 866 excee-

1850 903 2011 961 sisti?
2043 903 2290 959 celestia
2323 900 2650 971 inspexisti?
2679 899 2820 954 ultra
2848 899 3126 969 angelicas
3149 909 3203 955 et
3227 901 3418 970 primi-

1850 996 2035 1066 genias
2080 1002 2362 1050 creaturas
2406 991 2736 1048 ascendisti?
2767 990 3049 1057 Quomodo
3081 992 3249 1061 igitur
3274 1008 3415 1063 quo-

1851 1101 1971 1141 rum
2011 1096 2269 1139 naturam
2304 1099 2415 1138 non
2445 1098 2506 1139 es
2539 1082 2791 1150 sortitus,
2837 1082 3031 1136 horum
3070 1082 3318 1138 ordinem
3351 1100 3419 1140 ac

1850 1175 2170 1247 dignitatem
2193 1173 2493 1244 recepisti?
2532 1174 2602 1227 ita
2634 1183 2694 1226 ut
2717 1172 2860 1242 quod
2891 1188 2923 1227 a
2955 1173 3153 1227 saeculo
3168 1173 3417 1246 ignotum

1849 1276 1967 1323 erat
2007 1276 2064 1321 et
2098 1281 2205 1320 non
2247 1264 2529 1330 traditum,
2561 1264 2745 1319 statim
2781 1264 2939 1334 quasi
2975 1274 3170 1333 praeter
3203 1263 3298 1319 Dei
3331 1266 3417 1320 in-

1850 1357 2103 1414 stitutum
2143 1357 2252 1412 buc
2281 1355 2552 1419 attuleris,
2583 1355 2854 1425 nobisque
2883 1357 3245 1423 nuntiaveris,
3291 1373 3417 1414 cum

1850 1456 1907 1502 tu
1949 1449 2128 1503 adhuc
2162 1446 2483 1503 obstetricio
2528 1461 2694 1515 opere
2751 1447 3018 1517 indigeas.
3079 1447 3199 1502 Non
3233 1463 3418 1504 aerem

1850 1541 2028 1606 inquit
2056 1543 2320 1610 verbero,
2362 1556 2472 1596 non
2512 1541 2762 1596 discurro
2815 1541 3028 1607 nubes,
3090 1557 3199 1596 non
3247 1542 3419 1598 coelos

1853 1630 2188 1695 transcendi,
2226 1645 2336 1684 non
2367 1627 2575 1684 excessi
2611 1643 2774 1698 supra
2809 1627 2998 1698 igneas
3044 1627 3420 1696 incorporeas-

1851 1735 1959 1790 que
1991 1721 2244 1775 virtutes.
2291 1717 2462 1775 Nemo
2490 1717 2543 1772 id
2575 1715 2883 1786 suspicetur
2916 1733 2931 1770 :
2964 1727 3086 1769 nam
3117 1713 3208 1784 qui
3255 1727 3422 1784 supra

1855 1825 1940 1866 res
1985 1825 2180 1866 omnes
2230 1818 2332 1874 est,
2385 1816 2673 1875 manetque
2729 1806 2786 1860 in
2839 1815 3068 1876 paterno
3123 1807 3248 1862 sinu
3297 1818 3419 1858 cum

171 1879 390 1964 στάτως
422 1900 670 1964 ἅπαντας
700 1901 828 1964 τοὺς
862 1879 1124 1970 πυρίνους
1161 1879 1509 1972 λειτουργοὺς
1558 1901 1746 1965 αὑτοῦ,

1855 1910 2049 1957 sancto
2078 1899 2310 1971 Spiritu,
2338 1899 2484 1958 .clam
2523 1912 2751 1968 prorsus
2792 1896 3046 1952 omnibus
3095 1896 3268 1967 igneis
3313 1895 3422 1950 mi-

168 1991 245 2057 ὡς
277 1991 370 2045 ἐπ’
407 1991 568 2047 ἄλλον
593 1991 820 2063 οὐρανὸν
844 1991 1208 2062 είσεληλυθὼς
1239 1992 1298 2044 ὲν
1325 1995 1392 2063 τῇ
1423 1992 1622 2064 γαστρὶ
1656 1994 1754 2065 τῆς

167 2084 536 2157 ἀειπαρθένου
550 2083 791 2156 Μαρίας,
808 2082 1134 2153 ἐνεφάνησεν
1153 2082 1342 2135 ἑαυτὸν
1363 2083 1457 2136 καὶ
1473 2101 1538 2152 με
1547 2101 1752 2154 μυστα-

167 2176 396 2247 γώγηκέ
425 2193 516 2246 μοι
551 2175 618 2229 τά
642 2172 965 2244 τηλικαῦτα·
984 2169 1329 2244 μηνυτὴςοῦν
1364 2174 1481 2244 είμὶ
1505 2172 1597 2226 τοῦ
1624 2173 1751 2244 βρέ-

167 2281 326 2332 φους,
355 2265 461 2330 ὅτι,
499 2262 747 2318 Παιδίον
781 2259 1061 2329 γεννᾶται
1095 2261 1260 2330 ἡμῖν,
1288 2262 1422 2329 υίὸς
1468 2263 1564 2318 καί
1611 2262 1754 2332 ὑμῖν

165 2356 350 2426 ἐδόθη
373 2357 521 2412 κατά
548 2356 640 2411 τὸν
666 2357 839 2425 μέγαν
878 2355 1127 2421 Ἡσαΐαν,
1160 2358 1189 2410 6
1216 2357 1326 2427 πρὸ
1351 2357 1562 2413 αίώνων
1589 2358 1746 2421 Θεός·

170 2448 512 2521 στειροφυὴς
547 2447 704 2517 γόνος
739 2447 1015 2518 τυγχάνω,
1049 2448 1130 2502 ὅτι
1167 2449 1496 2520 παρθενικδς
1532 2451 1560 2502 6
1591 2449 1753 2513 τόκος

166 2538 590 2611 προελεύσεται.
622 2538 688 2590 Ὠ
741 2541 840 2610 τῆς
872 2539 1189 2610 ὑπερφυοῦς
1234 2539 1637 2611 μεγαλουργίας
1663 2557 1678 2572 ο
1706 2539 1751 2593 ὣ

166 2632 266 2702 τῆς
296 2630 612 2703 παραδόξου
647 2631 1048 2703 τερατουργίας
1081 2648 1095 2662 ο
1122 2625 1211 2685 οἷα
1259 2633 1393 2702 ἡμῖν
1421 2633 1482 2684 τὸ
1532 2633 1751 2687 ἅτικτον

171 2717 376 2790 βρέφος
434 2720 852 2789 εὐαγγελίζεται
905 2725 1194 2794 σήμερον;
1258 2723 1464 2792 πηλίκα
1524 2726 1657 2795 ἡμῖν
1721 2726 1750 2779 6

181 2811 469 2868 Ἐλισάϐετ
495 2811 658 2875 τόκος
691 2812 960 2882 θεολογῶν
993 2815 1426 2885 προμεμήνυκε;
1469 2816 1750 2886 σκιρτάτω

175 2904 404 2974 ὑφήλιος
427 2901 615 2958 ἀπασα
635 2941 652 2968 ,
681 2904 962 2974 χορευέτω
1003 2907 1052 2978 τί)1
1081 2905 1376 2974 Ἐκκλησία
1410 2907 1706 2976 προεόρτια
1729 2947 1744 2972 ,

172 2993 494 3065 προεισόδια
518 2994 586 3048 τά
615 2995 834 3062 γενέσια
865 2995 973 3048 τῶν
1003 2996 1240 3066 Χριστοῦ
1271 2995 1565 3063 γενεθλίων
1608 3013 1748 3050 παν·

170 3085 537 3159 ηγυρίζουσα,
554 3087 651 3140 καὶ
677 3088 853 3157 χαρᾶς
884 3085 1215 3156 πληρούσθω
1243 3085 1311 3140 τὰ
1337 3087 1630 3157 σύμπαντα
1656 3087 1747 3141 τὸν

1857 1991 2046 2045 nistris
2072 1991 2208 2059 suis,
2234 1990 2393 2061 quasi
2417 1990 2470 2044 in
2500 1987 2648 2042 aliud
2675 1988 2874 2043 coalum
2899 1998 3115 2042 uterum
3143 1988 3425 2057 ingressus

1855 2097 2070 2152 semper
2092 2081 2340 2151 Virginis
2366 2082 2570 2145 Mariae,
2599 2080 2969 2136 manifestavit
2997 2095 3057 2134 se
3087 2078 3242 2143 mihi,
3261 2087 3424 2148 atque

1856 2175 1971 2228 haec
2007 2174 2134 2228 talia
2192 2183 2451 2244 tantaque
2503 2173 2742 2229 edocuit.
2801 2171 2942 2244 Ergo
2978 2170 3210 2226 infantis
3257 2171 3423 2225 index

1854 2281 2002 2330 sum,
2054 2281 2252 2335 nempe
2291 2266 2433 2334 quod
2484 2265 2628 2319 Puer
2663 2265 2902 2318 nascitur
2947 2264 3129 2328 nobis,
3181 2267 3230 2316 et
3277 2262 3422 2332 ﬁlius

1852 2353 2012 2408 datus
2056 2363 2132 2408 est
2169 2353 2336 2418 nobis,
2373 2365 2534 2423 prout
2573 2369 2805 2425 magnus
2851 2353 3024 2409 Isaias
3057 2355 3134 2409 ait
3157 2355 3224 2419 ",
3278 2352 3425 2410 Deus

1853 2452 1979 2498 ante
2009 2444 2233 2500 szncula.
2269 2445 2447 2500 Natus
2479 2445 2544 2500 de
2583 2445 2756 2500 sterili
2793 2460 2938 2523 sum,
2972 2446 3098 2515 quia
3140 2459 3269 2499 mox
3309 2444 3423 2500 vlr—

1852 2536 2042 2606 gineus
2073 2551 2292 2607 quoque
2322 2540 2515 2607 partus
2543 2537 2803 2608 prodibit.
2832 2536 2877 2591 Ο
2905 2550 3043 2606 opus
3072 2535 3423 2606 magniﬁcum

1850 2635 1904 2682 et
1959 2628 2408 2698 supernaturalel
2470 2643 2504 2683 o
2557 2629 2989 2696 inexspectatum
3052 2626 3420 2682 miraculum!

1850 2717 2043 2786 Qualia
2076 2720 2235 2776 nobis
2291 2719 2474 2776 infans
2524 2719 2763 2774 nondum
2812 2728 2974 2775 natus
3010 2720 3173 2775 hodie
3207 2735 3423 2774 annun-

1851 2811 1986 2867 tiat!
2021 2821 2260 2890 quantas
2293 2812 2452 2868 nobis
2484 2821 2672 2882 partus
2709 2811 3040 2867 Elisabetba:
3087 2827 3177 2867 res
3207 2811 3422 2866 divinas

1850 2904 2132 2973 praadiciti
2176 2905 2430 2961 Exsultet
2473 2913 2614 2960 terra
2655 2906 2947 2969 universa,
2995 2903 3280 2975 pervigilio
3319 2904 3424 2958 hoc

1849 2995 2098 3050 Ecclesia
2126 2997 2286 3067 quasi
2314 2992 2530 3052 chOreis
2557 2997 2800 3066 plaudat,
2839 2997 3188 3051 festivitatem
3214 2995 3425 3052 scilicet

1850 3085 2054 3142 Christi
2094 3088 2372 3147 natalibus
2404 3089 2664 3158 praeviam
2708 3089 2938 3145 solemni
2977 3089 3243 3164 concione
3281 3087 3424 3143 cele-

169 3177 424 3251 μηνυτὴν
466 3175 734 3249 δεξάμενα
782 3179 881 3250 τῆς
926 3177 1021 3232 τοῦ
1075 3179 1467 3250 παμϐασιλέως
1521 3181 1745 3234 ἐπελεύ-

1854 3177 2018 3234 brans
2054 3199 2066 3234 :
2104 3182 2290 3236 omnia
2332 3197 2560 3251 prorsus
2589 3182 2784 3250 gaudio
2817 3181 3088 3245 dimuant,
3115 3182 3244 3236 dum
3277 3180 3425 3236 indi-

170 3287 329 3334 σεως.

243 3367 338 3416 ια’.
401 3359 566 3431 ’Δλλ’,
602 3355 648 3417 ὦ
684 3361 920 3434 μακάριε
967 3362 1211 3434 Ἰωάννη,
1246 3365 1273 3417 6
1316 3363 1425 3416 τῶν
1473 3364 1747 3433 μεγίστων

173 3453 405 3524 μέγιστε
461 3456 774 3528 προφήτης,
803 3458 830 3510 6
881 3454 1193 3527 πρώτιστος
1243 3458 1302 3510 ὲν
1327 3456 1647 3521 ἀποστόλοις
1673 3473 1688 3487 ⁸
1718 3458 1748 3511 6

167 3547 277 3602 τῶν
335 3548 634 3621 μαρτύρων
679 3548 1015 3619 ἐξοχώτατος
1071 3550 1495 3620 μεγαλόμαρτυς
1523 3590 1538 3614 ,
1573 3549 1602 3602 6
1645 3543 1746 3620 τῆς

168 3640 383 3711 ἐρήμου
452 3640 819 3712 θεοκόσμητος
865 3639 1170 3710 πολιοῦχος,
1205 3643 1234 3694 6
1261 3641 1355 3694 τοῦ
1405 3641 1745 3708 ώραιοτάτου

168 3729 412 3799 νυμφίου
442 3729 595 3798 φίλος
628 3728 1011 3798 ἡγαπημένος,
1040 3730 1069 3781 6
1113 3727 1211 3783 τοῦ
1243 3730 1526 3798 ἀφράστου
1567 3731 1746 3800 φωτὸς

167 3822 365 3894 λύχνος
421 3819 841 3892 ἡτοιμασμένος,
873 3820 903 3872 6
928 3819 1022 3873 τοῦ
1053 3820 1286 3890 ἀμώμου
1339 3821 1539 3893 Ἀμνοῦ
1569 3822 1747 3895 κῆρυξ

169 3913 632 3983 πεπιστευμένος,
661 3912 692 3965 6
718 3911 819 3983 τῆς
851 3912 1122 3984 πατρικῆς
1148 3913 1333 3983 φωνῆς
1384 3914 1605 3985 ἀριστος
1643 3917 1744 3968 ἑπ-

168 4006 496 4078 ακροάμων,
538 4005 569 4058 6
617 4003 921 4076 βαπτιστὴς
963 4003 1204 4074 Χριστοῦ
1249 4005 1685 4075 κεκηρυγμένος,
1717 4008 1746 4060 6

182 4097 434 4172 Ἡρώδου
487 4096 774 4165 ἀσελγείας
823 4096 1042 4165 ἔλεγχος
1095 4096 1677 4167 πεπαρῤησιασμένος,
1716 4099 1745 4150 6

168 4192 280 4254 τοις
308 4193 370 4244 ὲν
412 4188 545 4262 ᾅδου
574 4188 672 4259 τὴν
703 4188 849 4260 ζωὴν
872 4187 1271 4258 προμηνύσας,
1307 4189 1340 4260 ἡ
1373 4189 1744 4259 θεοσήμαντος

170 4282 408 4350 σάλπιγξ
434 4282 536 4350 τῆς
567 4280 912 4351 οἰκουμένης,
943 4280 1146 4350 ἧχησον
1171 4279 1267 4334 καὶ
1296 4273 1391 4333 νῦν
1421 4281 1552 4352 ἡμῖν
1581 4280 1740 4351 οὐραο

167 4373 344 4442 νόθεν,
371 4373 492 4436 ταῖς
520 4373 840 4444 ίερωτάταις
864 4371 1184 4442 πρεσϐείαις
1202 4412 1216 4434 ,
1253 4372 1345 4425 καὶ
1370 4371 1602 4444 εὐμενὴς
1653 4372 1747 4427 ἔσο

166 4466 246 4536 τῷ
297 4465 555 4537 ιπᾴδοντι
605 4482 688 4518 σοι
736 4463 854 4535 λαῷ
887 4466 955 4535 τῇ
988 4480 1048 4516 τε
1078 4463 1342 4533 ἐλαχίστῃ
1372 4480 1469 4517 σου
1513 4464 1739 4537 ποίμνῃ,

1851 3285 1968 3325 cem
2012 3271 2296 3340 excipiunt
2339 3272 2610 3326 adventus
2651 3274 2796 3344 regis
2832 3273 3181 3329 universalis.

1921 3364 2006 3419 11.
2046 3363 2225 3432 Sed,o
2247 3365 2406 3421 beate
2433 3365 2694 3431 Joannes,
2724 3367 2818 3438 qui
2843 3367 3211 3423 maximorum
3244 3365 3423 3421 maxi-

1851 3472 1974 3512 mus
2004 3459 2272 3528 propheta
2315 3473 2410 3525 es,
2452 3459 2660 3528 primus
2694 3460 2836 3514 inter
2876 3459 3170 3529 apostolos,
3217 3465 3425 3530 marty-

1849 3562 1970 3600 rum
2002 3563 2254 3603 summus
2287 3564 2632 3618 magnusque
2661 3557 2888 3621 martyr,
2927 3549 3127 3604 deserti
3159 3549 3424 3604 divinitus

1847 3648 2146 3695 exornatus
2191 3649 2477 3710 patronus,
2528 3641 2916 3698 formosissimi
2964 3640 3154 3709 sponsi
3190 3640 3425 3701 dilectus

1846 3729 2079 3793 amicus,
2099 3730 2388 3786 ineffabilia
2418 3732 2557 3787 lucis
2587 3733 2858 3787 instructa
2879 3733 3122 3798 lucerna,
3151 3732 3423 3788 immacu-

1846 3820 1942 3874 lati
1972 3822 2108 3891 Agni
2137 3837 2317 3892 praaco
2344 3823 2540 3888 fidelis,
2573 3833 2812 3893 paternae
2848 3825 3002 3881 vocis
3045 3826 3296 3895 egregius
3323 3841 3424 3881 au-

1847 3912 2137 3979 scultator,
2203 3913 2406 3970 Christi
2458 3915 2762 3986 baptizator
2816 3917 3043 3984 electus,
3100 3916 3423 3972 Herodianae

1848 4004 2089 4060 libidinis
2129 4022 2254 4061 cum
2285 4006 2483 4062 ﬁducia
2518 4012 2900 4080 reprehensor,
2928 4011 3049 4064 vita:
3077 4011 3304 4064 nuntius
3336 4007 3424 4064 bis

1846 4096 1937 4163 qui
1972 4094 2026 4148 in
2058 4095 2248 4150 inferis
2268 4105 2444 4164 erant,
2473 4101 2628 4152 turba
2652 4100 2856 4154 mundo
2882 4100 3053 4154 Deum
3082 4100 3418 4171 signiﬁcans,

1846 4201 1995 4240 nunc
2025 4202 2244 4257 quoque
2280 4188 2438 4244 nobis
2471 4190 2689 4246 coalitus
2734 4206 2959 4248 resones
2991 4206 3086 4263 per
3115 4192 3423 4249 sacratissi-

1846 4293 1963 4334 mas
2003 4279 2458 4349 intercessiones;
2500 4284 2773 4353 propitius
2806 4295 2923 4340 esto
2951 4284 3193 4341 laudanti
3234 4297 3286 4341 te
3323 4300 3422 4357 po-

1846 4369 1995 4438 pulo,
2047 4379 2102 4424 et
2150 4374 2350 4441 pusillo
2396 4376 2543 4445 gregi
2603 4386 2726 4440 tuo,
2775 4393 2900 4431 cum
2936 4378 3234 4433 excellente
3260 4376 3422 4433 Patre

1848 4455 1970 4513 meo
2006 4476 2020 4513 :
2052 4460 2159 4514 mei
2195 4477 2411 4532 quoque
2452 4465 2766 4533 pauperculi
2807 4464 3004 4520 audaci
3048 4466 3205 4524 ausui
3235 4465 3419 4520 indul-

169 4560 268 4612 σὺν
295 4557 374 4629 τῷ
404 4556 717 4626 διαφέροντί
756 4572 846 4625 μοι
884 4554 1060 4626 Πατρί
1098 4555 1211 4626 (17)
1249 4554 1652 4625 συγγνωμονῶν
1683 4572 1741 4607 τε

1854 4566 1978 4621 gcns
2007 4569 2020 4606 :
2047 4567 2147 4608 nec
2176 4555 2338 4608 veluti
2362 4555 2604 4610 oblatum
2633 4572 2858 4623 munus,
2876 4559 2970 4613 sed
2995 4558 3151 4627 quasi
3177 4557 3418 4613 debitum

167 4647 234 4705 αὖ
255 4651 354 4720 τῆς
365 4649 646 4719 τολμηρᾶς
670 4663 773 4717 μου
793 4645 887 4698 τοῦ
910 4646 1125 4717 πτωχοῦ
1143 4648 1533 4716 ἐγχειρήσεως,
1551 4645 1648 4716 οὐχ
1668 4646 1743 4710 ὡς

165 4741 532 4812 δωροφορίαν,
570 4739 686 4793 ἀλλ’
711 4737 785 4802 ὡς
819 4736 970 4808 παρά
1001 4737 1193 4792 δούλου
1241 4738 1466 4808 ἀχρείου
1505 4738 1742 4810 ὼφειλήν

166 4851 248 4904 σοι
279 4836 380 4889 σὺν
408 4832 565 4903 φόρῳ
601 4847 662 4884 τε
701 4831 794 4885 καὶ
813 4829 962 4900 πόθῳ
990 4830 1410 4903 προσαγομένην
1436 4847 1449 4860 ο
1476 4823 1521 4898 ᾧ
1549 4833 1581 4902 ἡ
1614 4832 1742 4897 δόξα

164 4927 259 4979 καὶ
284 4925 423 4996 τιμὴ
453 4925 549 4977 καὶ
593 4924 628 4994 ἡ
657 4921 1058 4992 προσκύνησις,
1084 4920 1182 5000 σὺν
1229 4920 1307 4989 τῷ
1335 4924 1741 4994 παντοκράτορι

163 5017 344 5087 Πατρὶ
382 5016 482 5069 καὶ
523 5015 776 5084 παναγίῳ
808 5012 1112 5082 Πνεύματι,
1144 5013 1239 5066 νῦν
1269 5014 1363 5067 καὶ
1393 5015 1506 5077 ἀεὶ,
1542 5016 1636 5068 καὶ
1663 5019 1741 5078 εἰς

161 5109 291 5172 τοὺς
320 5107 530 5166 αἰῶνας
562 5105 670 5159 τῶν
705 5103 937 5158 αἰώνων.
981 5104 1174 5173 Ἀμήν.

916 5196 998 5249 ιιι.

178 5289 506 5358 Ἐτκώμιρν
536 5289 624 5352 είς
649 5287 766 5354 τὴν
790 5285 1243 5358 ἀποΐομῆντῆς
1275 5286 1438 5358 ιερᾶς
1469 5287 1742 5358 κεφαλῆς

165 5356 271 5416 τοῦ
297 5356 573 5430 μεγάλου
600 5356 940 5411 Βαπτιστοῦ
972 5357 1229 5426 Χριστοῦ
1251 5357 1350 5410 καὶ
1370 5357 1730 5426 Προδρόμου.

1841 4644 1981 4698 servi
2037 4644 2245 4701 inutilis
2283 4648 2551 4704 tributum
2617 4649 2713 4703 tibi
2769 4658 3017 4704 amanter
3059 4650 3416 4720 persolutum,

1839 4737 2049 4806 excipe.
2097 4738 2195 4793 Cui
2246 4740 2415 4810 gloria
2462 4749 2516 4795 et
2563 4740 2738 4796 honor
2781 4748 2946 4810 atque
2994 4743 3263 4808 adoratio,
3292 4757 3417 4797 cum

1839 4829 2214 4898 omnipotente
2248 4829 2410 4886 Patre
2449 4839 2506 4885 et
2549 4832 2893 4887 sanctissimo
2925 4831 3154 4902 Spiritu,
3185 4849 3329 4890 nunc
3364 4843 3419 4888 et

1841 4933 2057 4990 semper
2089 4930 2144 4976 et
2172 4936 2267 4991 per
2296 4921 2496 4976 saecula
2529 4923 2875 4979 saeculorum.
2906 4921 3097 4976 Amen.

2569 5205 2699 5259 VIII.

1851 5290 2111 5348 Laudatio
2140 5295 2191 5348 in
2215 5297 2583 5370 abscisgionem
2602 5299 2741 5370 sacri
2759 5299 2942 5370 capitis
2973 5297 3420 5370 magniBaptistae

2233 5380 2237 5384 ‘
2291 5377 2340 5419 et
2363 5366 2713 5423 Prwcursoris
2745 5366 2962 5423 Christi.

1359 5500 1513 5570 (Anc.
1562 5501 1713 5568 Man,
1747 5506 1845 5559 loc.
1885 5506 1975 5560 cit.
2017 5523 2069 5575 p.
2104 5506 2217 5576 43.)

232 5605 306 5650 α’.
341 5595 543 5666 MM)
595 5594 692 5649 καὶ
741 5594 1071 5667 θεοχαρὴςή
1142 5595 1539 5665 συναγείρουσα
1596 5597 1741 5666 ἡμᾶς

233 5716 282 5747 ⁸³
323 5713 427 5768 lsa.
465 5727 545 5780 ix,
580 5710 633 5766 6.

1925 5600 1974 5652 i.
2021 5600 2309 5670 Splendida
2345 5613 2398 5659 et
2452 5605 2538 5659 Dei
2593 5606 2790 5676 gaudio
2827 5605 2981 5675 plena
3011 5605 3122 5660 haec
3157 5613 3242 5660 cst
3270 5603 3410 5660 cele-

242 5834 361 5903 (t7)
395 5832 468 5889 De
533 5833 638 5890 hoc
707 5834 1023 5891 monasterii
1077 5833 1254 5905 Patre,
1320 5837 1404 5893 vel
1463 5838 1713 5908 episcopo
1784 5839 1944 5896 etiam
1981 5839 2131 5895 initio
2172 5839 2453 5895 orationis.
