3926 6430
541 378 647 440 759

1701 385 1762 443 S.
1819 385 2210 445 THEODORI

2271 384 2612 444 STUDlTAi
3668 375 3774 440 760

541 486 731 554 hritas,
766 503 887 556 quae
919 502 1020 543 nos
1045 488 1111 543 ad
1141 489 1245 544 hoc
1282 491 1526 560 spiritale
1570 491 1764 548 festum
1796 496 1953 549 hodie
1981 511 2109 549 con-

2228 494 2352 563 πρὸς
2382 493 2687 564 ἐορτασμὸν
2717 491 3085 562 πνευματικὸν
3113 494 3416 563 πανήγυρις
3443 491 3703 560 σήμερον,
3730 479 3776 540 ὣ

542 586 748 646 gregat,
776 592 808 630 ο
847 577 1538 650 philochristi.Splendida,
1577 582 1907 653 inquam,ob
1934 584 2108 652 ipsum

543 669 828 724 memorati
855 684 1070 734 nomen,
1092 671 1186 741 qui
1215 672 1437 727 lucerna
1473 674 1658 728 lucens
1697 684 1750 727 et
1777 685 1861 729 est
1895 685 1948 728 et
1977 675 2109 728 dici-

546 771 656 826 tur,
684 768 735 814 et
754 761 881 831 jure
916 763 1217 832 meritoque
1242 764 1320 818 sic
1341 764 1753 831 denominatur;
1789 781 1896 820 non
1928 774 2108 820 autem

542 853 668 921 quia
706 853 1078 909 materialibus
1121 853 1312 913 faculis
1356 872 1646 926 corporeos
1671 859 1862 914 oculos
1893 866 2112 912 nostros

545 941 803 998 illustrat.
841 943 970 998 Nam
1018 945 1228 1000 illarum
1280 948 1495 1016 quidem
1550 965 1656 1003 non
1694 959 1780 1004 est
1824 959 2113 1020 perpetuus

546 1033 822 1102 splendor,
857 1036 982 1106 quia
1018 1038 1291 1093 contraria
1320 1054 1531 1110 semper
1559 1041 1897 1110 abrumpitur
1920 1043 2114 1098 obscu-

545 1123 736 1190 ritate;
774 1125 867 1179 sed
921 1127 1036 1182 hare
1090 1129 1454 1201 (solemnitas)
1499 1131 1696 1186 divinae
1737 1134 1920 1201 gratia:
1948 1131 2116 1186 radiis

547 1225 996 1287 congregatorum
1049 1221 1212 1277 corda
1270 1236 1487 1292 semper
1523 1223 1821 1285 illuminat,
1853 1233 2014 1292 atque
2048 1222 2114 1278 ad

543 1305 768 1378 justitia:
817 1311 1134 1365 exercitium
1185 1323 1396 1368 mentes
1430 1323 1651 1369 nostras
1701 1313 2116 1368 meditabundas

547 1397 796 1466 impellit,
825 1409 884 1454 ut
908 1399 1118 1456 beatam
1152 1401 1297 1457 illam
1323 1404 1632 1474 passionem
1681 1405 2117 1460 intellectualiter

547 1488 952 1557 quodammodo
979 1501 1309 1562 spectantes,
1339 1510 1560 1551 causam
1582 1495 1711 1552 hinc
1739 1497 1934 1553 laetitiae
1959 1497 2118 1554 nobis

549 1579 967 1634 constituamus.
1021 1579 1270 1638 Profecto
1322 1585 1547 1640 alterius
1593 1586 1885 1657 cujuslibet
1941 1589 2120 1658 gladio

547 1665 760 1723 effusus
794 1670 846 1723 in
877 1678 1074 1726 terram
1115 1675 1338 1744 sanguis
1360 1715 1375 1741 ,
1411 1676 1612 1732 nullius
1671 1677 1905 1734 hominis
1942 1681 2118 1734 visum

548 1758 910 1828 exhilararet;
941 1777 1116 1833 neque
1142 1763 1209 1818 ad
1241 1779 1429 1820 aurem
1475 1766 1684 1823 delatus
1713 1778 1948 1823 mentem
1985 1770 2120 1824 solet

2213 585 2552 654 φιλόχριστοι
2585 602 2598 614 ο
2626 585 2820 654 φαεινὴ
2845 585 2903 638 δὲ
2933 585 3028 639 καὶ
3056 582 3116 650 ἑξ
3140 585 3307 653 αὐτῆς
3341 581 3658 651 ἐπωνυμίας
3679 576 3775 630 τοῦ

2215 675 2712 746 μνημονευομένου,
2744 676 2824 728 ὅτι
2851 675 3036 745 λύχνος
3069 675 3244 743 φωτός
3275 675 3391 728 ἐστι
3418 690 3481 740 γε
3505 673 3597 724 καὶ
3617 671 3777 738 λέγε-

2211 782 2322 828 ται,
2354 764 2578 825 εἰκότως
2609 763 3144 834 προσαγορευομένηο
3170 763 3230 815 οὑ
3261 763 3323 833 δή
3359 778 3456 815 που
3482 760 3546 812 τὸ
3566 759 3780 820 ὑλικαῖς

2217 857 2614 925 μαρμαρυγαῖς
2664 853 3060 926 πριαυγάζειν
3107 853 3206 917 τάς
3258 852 3573 923 σωματικὰς
3617 848 3780 919 ήμῶν

2213 945 2363 1015 ὄψεις
2389 963 2402 976 ·
2435 947 2519 1017 ετη
2550 946 2658 1016 γάρ
2685 946 2891 1003 τούτων
2928 946 3030 1000 οὐκ
3067 943 3333 1014 ἀειφανής
3365 944 3399 1013 ἡ
3437 941 3642 1012 λάμψις
3664 982 3681 1006 ,
3704 938 3782 1009 τῷ

2215 1039 2632 1107 ἀντιφράσσοντι
2684 1038 2980 1107 σκιάσματι
3027 1037 3286 1091 ἑκάστοτε
3325 1033 3731 1103 διακοπτομένη
3767 1048 3780 1064 ο

2215 1129 2350 1185 ἀλλά
2373 1131 2433 1182 τὸ
2461 1132 2582 1194 ταῖς
2609 1131 2789 1184 ἀκτῖσι
2823 1133 2923 1201 τῆς
2953 1129 3102 1194 θείας
3137 1130 3358 1200 χάριτος
3384 1126 3784 1198 ὲναστράπτειν

2216 1222 2314 1285 τὰς
2355 1220 2579 1292 καρδίας
2615 1221 2723 1274 τῶν
2764 1221 3201 1292 συνεληλυθότων
3241 1221 3348 1284 ἀεὶ,
3379 1219 3476 1272 καὶ
3517 1216 3657 1287 πρὸς
3685 1217 3787 1284 τὴν

2217 1314 2310 1368 τοῦ
2354 1313 2567 1376 δικαίου
2618 1313 2846 1385 ἄθλησιν
2897 1315 3245 1383 ἀναπέμπειν
3296 1312 3396 1375 τὰς
3437 1307 3789 1379 summa;

2218 1405 2374 1478 ήμῶν
2433 1404 2706 1475 Θεωρίας,
2769 1405 2836 1458 ἶν’
2901 1405 3084 1457 ὶκεϊνο
3149 1404 3212 1457 τὸ
3275 1403 3544 1474 μακάριον
3617 1397 3792 1461 πάθος

2219 1498 2421 1568 νοερῶς
2448 1497 2567 1561 πῶς
2595 1497 2876 1568 ὀψόμενοι,
2904 1497 3160 1551 ὑπόθεσιν
3189 1495 3529 1566 εὐφροσύνης
3574 1491 3792 1552 ἑαυτοῖς

2221 1589 2672 1660 ὑποστησόμεθαο
2714 1587 2875 1643 ἄλλου
2913 1589 3012 1659 μὶν
3062 1585 3172 1656 γὰρ
3207 1581 3345 1655 αἷμα
3388 1585 3514 1655 ῥυὲν
3554 1583 3662 1637 ὕπδ
3686 1583 3793 1652 γῆν

2223 1678 2386 1749 ξίφει,
2413 1679 2511 1732 οὐκ
2541 1679 2605 1733 ἂν
2635 1678 2888 1750 τέρψειεν
2915 1677 3205 1748 ἀνθρώπου
3226 1676 3376 1739 θέαν,
3400 1674 3602 1738 οὺδέίς
3619 1672 3795 1742 ἀκοὴν

2222 1769 2390 1825 ἐλθὼν
2436 1774 2747 1824 σεπτοποιεῖ
2781 1770 2879 1842 τὴν
2912 1772 3132 1841 μνήμην
3161 1767 3254 1823 τοῦ
3293 1768 3617 1838 τεθνηκότος
3649 1767 3679 1818 ό
3707 1763 3796 1816 λό-

549 1847 825 1907 Iartificare
862 1867 1044 1910 sermo
1079 1857 1384 1913 morientis.
1430 1855 1674 1930 Namque
1715 1861 1803 1915 ubi
1842 1861 2121 1931 sanguinis

2228 1880 2316 1931 γος
2341 1879 2354 1893 ⁸
2382 1856 2442 1915 οὗ
2471 1865 2577 1932 γὰρ
2607 1867 2640 1934 ἡ
2670 1865 2766 1935 ῥοὴ
2799 1863 2944 1932 ζωῆς
2973 1864 3228 1936 στέρησιν
3251 1861 3429 1933 φέρει,
3462 1860 3580 1924 πῶς
3609 1859 3678 1913 ἀν
3703 1859 3797 1910 τὸν

549 1940 747 1999 effusio
795 1944 920 2004 vita:
945 1947 1219 2017 jacturam
1275 1947 1396 2015 fert,
1451 1952 1727 2020 quomodo
1779 1952 2118 2024 id,inquam,

550 2034 828 2092 hominem
863 2053 960 2108 per
986 2053 1043 2094 se
1071 2043 1197 2096 vita:
1232 2049 1509 2099 amantem
1553 2044 1882 2112 delectabit;
1925 2055 1979 2100 et
2011 2061 2121 2101 nun

552 2127 734 2198 potius
763 2143 886 2184 cum
935 2130 1119 2187 vultus
1155 2131 1374 2187 tristitia
1402 2133 1471 2188 ad
1501 2135 1708 2189 luctum
1755 2135 1931 2190 trahet
1959 2145 2123 2208 atque

551 2214 618 2268 ad
662 2216 780 2286 ejus
809 2218 1083 2287 passionis
1121 2220 1572 2278 miserationem?
1604 2223 1711 2278 nisi
1752 2223 1889 2280 forte
1926 2225 2124 2295 aliquis

550 2306 779 2365 exsistat
807 2311 889 2365 vel
915 2321 1097 2368 mente
1129 2314 1399 2372 alienatus
1429 2317 1514 2372 vel
1560 2317 1738 2373 ferino
1763 2335 1914 2374 more
1941 2320 2120 2375 imbu-

553 2409 663 2461 tus.
693 2410 754 2456 ut
782 2403 1067 2460 brutorum
1117 2405 1325 2477 aliquot
1372 2417 1566 2465 natura
1602 2420 1703 2476 est,
1737 2426 1860 2482 quae
1910 2421 2124 2482 specta-

551 2495 692 2552 culis
728 2497 830 2551 sibi
861 2498 1090 2569 objectis
1123 2499 1403 2556 insaniunt
1433 2519 1446 2564 ;
1478 2503 1644 2560 veluti
1677 2505 1825 2574 galli,
1858 2505 1950 2573 qui
1995 2508 2123 2558 dum

552 2588 640 2646 sui
699 2588 907 2646 similes
963 2591 1392 2658 interficiuntur.
1434 2597 1688 2668 gaudent,
1717 2607 1955 2663 cantant,
1981 2599 2126 2654 exsi-

553 2682 695 2739 liunt
718 2698 784 2740 eo
812 2686 1133 2757 simpliciter
1153 2689 1270 2748 visu
1298 2690 1564 2758 fruentes,
1588 2709 1766 2764 neque
1786 2704 2124 2765 reputantes,

551 2791 680 2831 mox
706 2779 950 2835 eamdem
976 2780 1176 2837 caedem
1201 2784 1267 2839 ad
1296 2785 1442 2853 ipsos
1474 2797 1875 2855 perventuram.
1897 2787 1968 2843 At
1999 2803 2127 2844 vero

549 2868 681 2936 justi
712 2869 816 2924 viri
860 2873 1084 2942 sanguis
1113 2881 1170 2928 et
1198 2875 1335 2931 visui
1389 2877 1748 2944 delectabilis,
1797 2889 1852 2935 et
1901 2881 2126 2937 auribus

552 2963 692 3033 grati
723 2963 897 3019 instar
937 2967 1112 3020 nuntii
1143 2976 1248 3032 est,
1273 2976 1328 3022 et
1373 2969 1532 3024 labiis
1566 2969 1903 3028 honorabilis
1928 2992 1941 3029 :
1971 2988 2126 3027 nam-

555 3068 663 3124 que
728 3055 891 3125 hujus
933 3057 1200 3125 amissio,
1242 3059 1570 3116 immortalis
1607 3063 1957 3132 meliorisque
2006 3065 2127 3118 vitae

555 3141 765 3197 confert
796 3145 1236 3212 acquisitionem.
1257 3145 1436 3216 Neque
1454 3158 1626 3218 gutta,
1650 3149 1894 3219 inquam,
1919 3161 2124 3204 tantum

558 3230 870 3302 sanguinis,
906 3247 1092 3288 verum
1144 3235 1308 3290 etiam
1363 3252 1426 3291 os
1475 3247 1747 3302 sanctum,
1796 3251 1849 3292 et
1901 3240 2126 3296 membri

558 3321 791 3392 alicujus
829 3323 1117 3392 particula,
1143 3334 1196 3380 et
1227 3326 1545 3396 capillorum
1594 3328 1860 3398 reliquiae,
1885 3337 1938 3384 et
1969 3331 2130 3386 vesti-

557 3422 863 3468 mentorum
887 3429 1010 3483 quaa
1051 3415 1141 3471 ille
1164 3419 1390 3486 gestavit
1431 3427 1526 3472 aut
1559 3421 1982 3490 attigitfrnstnm
2015 3437 2130 3491 per-

561 3513 770 3575 gratum
789 3516 872 3560 est
891 3515 944 3561 et
960 3507 1249 3577 expetibile
1261 3509 1434 3565 cuivis
1453 3511 1664 3580 pietatis
1681 3511 1945 3568 studioso.
1962 3511 2130 3582 Prop-

563 3605 707 3655 terea
755 3597 893 3654 alius
917 3599 1103 3663 aliam,
1131 3601 1372 3658 thesauri
1397 3606 1589 3671 instar,
1618 3616 1823 3674 partem
1851 3608 1932 3661 vel
1955 3625 2127 3665 ntem-

559 3690 717 3746 brum
746 3691 826 3747 vel
847 3706 1044 3762 corpus
1071 3703 1238 3749 totum
1263 3696 1315 3750 in
1342 3696 1592 3752 domibus
1612 3697 1695 3750 vel
1713 3699 1974 3765 ecclesiis,
2001 3717 2128 3757 san-

559 3778 846 3835 ctitlcantis
857 3781 1070 3836 virtutis
1087 3793 1292 3849 ergo,et
1307 3783 1559 3839 salutaris
1572 3784 1770 3851 tutelae,
1788 3785 1987 3842 habere
1997 3803 2130 3858 gau-

559 3863 668 3931 det,
692 3874 747 3921 et
774 3883 897 3923 cum
923 3869 1221 3924 reverentia
1238 3871 1302 3925 ad
1325 3871 1568 3927 cinerum
1591 3872 1876 3930 thesauros
1897 3875 2125 3943 accedit,

559 3966 614 4013 et
638 3958 899 4026 impervia
921 3961 1084 4014 tactui
1113 3961 1340 4018 donaria
1371 3965 1783 4020 venerabundus
1814 3967 2095 4036 contingit.

629 4047 684 4105 2.
714 4047 862 4105 Talis
888 4051 1045 4106 nobis
1077 4064 1160 4108 est
1185 4053 1316 4124 justi
1337 4055 1521 4111 Abelis
1545 4057 1790 4127 sanguis,
1815 4073 2126 4128 quanquam

558 4143 650 4202 hic
702 4153 989 4214 parentum
1037 4154 1162 4201 tunc
1207 4147 1420 4202 noviter
1469 4148 1643 4204 oculis
1697 4150 1911 4206 oblatus
1961 4167 2126 4208 causa

560 4235 745 4290 luctus
769 4235 872 4292 fuit
895 4255 907 4290 :
928 4253 1050 4291 cum
1077 4239 1220 4293 enim
1253 4240 1536 4295 morientis
1563 4242 1794 4312 alicujus
1820 4245 2125 4312 passionem

561 4327 802 4382 nondum
840 4331 1200 4398 aspexissent,
1252 4331 1441 4402 quidni
1481 4333 1574 4387 filii
1607 4344 1872 4404 patratam
1927 4339 2126 4392 caedem

559 4419 1032 4486 exhorrescerent,
1065 4422 1517 4494 lacrymarentnr,
1578 4427 1961 4484 lamentatione
1999 4445 2125 4500 pro-

2225 1960 2384 2028 φύσει
2429 1959 2692 2026 φιλόζωον
2733 1956 2938 2023 ἓλξειεν
2975 1953 3135 2010 τοῦτο
3164 1971 3180 2021 ;
3211 1953 3519 2008 τουναντὶον
3562 1951 3621 2004 δὲ
3654 1951 3796 2020 μᾶλ-

2222 2057 2315 2111 λον
2363 2057 2420 2110 ἐν
2480 2050 2801 2121 στυγνότητι
2830 2043 3124 2118 προσώπου
3167 2046 3247 2108 είς
3269 2039 3449 2097 οἶκτον
3475 2043 3676 2110 ἀγάγοι
3702 2041 3799 2095 καὶ

2223 2143 2610 2212 ἔλεεινολογίαν
2634 2139 2731 2195 τοῦ
2773 2138 2999 2203 πάθους,
3027 2139 3077 2191 ει
3113 2136 3191 2207 μή
3223 2153 3276 2188 τι
3312 2151 3374 2203 γε
3401 2134 3509 2205 ἀρα
3531 2132 3638 2199 ἔξω
3664 2149 3801 2204 φρε-

2224 2235 2388 2306 νῶνή
2422 2231 2667 2303 θηριώδη
2710 2229 2802 2282 τὸν
2828 2227 3029 2299 τρόπον
3061 2225 3214 2296 ε’ύροι
3243 2223 3336 2278 τὸν
3373 2223 3617 2276 τοιοῦτον
3651 2222 3801 2275 κατά

2224 2327 2323 2398 τὴν
2349 2325 2459 2379 τῶν
2480 2321 2694 2392 κτηνῶν
2721 2321 2881 2389 φύσιν
2911 2315 3356 2386 ἀλογισταίνοντα
3378 2317 3490 2378 τοῖς
3513 2315 3760 2387 όραθείσι
3781 2331 3794 2343 ·

2227 2418 2480 2486 καθάπερ
2509 2415 2601 2468 ἐπὶ
2625 2413 2733 2466 τῶν
2765 2410 3141 2481 ἀλεκτρυόνων
3167 2411 3217 2462 οί
3253 2408 3364 2462 τῶν
3413 2406 3674 2479 ὁμοειδῶν
3701 2407 3800 2460 αὐ-

2226 2511 2338 2570 τοῖς
2385 2503 2772 2576 σφαττομένων
2803 2501 3110 2572 χαίρουσιν,
3137 2499 3356 2570 ᾅδουσιν
3377 2538 3392 2562 ,
3418 2497 3796 2567 ἀποπηδῶσιν,

2229 2597 2478 2668 αἰσθήσει
2507 2593 2665 2665 μόνον
2693 2590 2989 2662 χρώμενοι,
3017 2589 3112 2643 καὶ
3134 2588 3195 2642 οὐ
3227 2588 3691 2656 συλλογιζόμενοι,
3717 2588 3800 2641 ὅτι

2229 2691 2322 2742 καὶ
2374 2687 2460 2741 ἐπ’
2486 2687 2682 2749 αὐτοὺς
2714 2684 2834 2756 ἥξει
2881 2684 2940 2736 τὸ
2981 2681 3151 2745 πάθος
3171 2696 3187 2712 θ
3223 2676 3363 2750 αἷμα
3408 2679 3463 2732 δὲ
3493 2678 3688 2749 ἀνδρὸς
3716 2679 3800 2732 δι-

2229 2779 2383 2833 καίου
2415 2779 2510 2840 καὶ
2538 2777 2659 2847 ὕψει
2689 2775 2939 2842 ὲραστὺν,
2971 2775 3066 2828 καὶ
3099 2773 3233 2827 ὠσὶν
3257 2771 3672 2841 εὐαγγελιστδν,
3703 2772 3799 2825 καὶ

2228 2872 2433 2943 χείλεσι
2470 2869 2850 2940 προσκυνητόν
2879 2885 2894 2900 ο
2929 2869 2964 2939 ἡ
2989 2867 3100 2939 γὰρ
3131 2865 3325 2920 τούτου
3353 2863 3669 2934 ἀφαίρεσις,
3699 2863 3801 2932 τῆς

2229 2964 2424 3033 ἀγήρω
2447 2962 2538 3015 καὶ
2566 2962 2774 3031 ἀμείνω
2800 2959 2946 3029 ζωῆς
2971 2959 3071 3031 τὴν
3095 2958 3310 3030 μέθεξιν
3331 2953 3801 3026 ἀποκληροῦνταιο

2228 3055 2322 3109 καὶ
2374 3055 2435 3108 ού
2491 3055 2650 3122 μόνον
2707 3053 2770 3123 δή
2825 3069 2966 3120 φημι
3018 3051 3176 3121 ῥανὶς
3227 3051 3481 3120 αἵματος,
3521 3046 3659 3100 ἀλλά
3703 3046 3802 3098 καὶ

2229 3147 2407 3201 ὁτιοῦν
2449 3147 2604 3214 ἁγίου
2631 3145 2724 3199 καὶ
2754 3143 2997 3213 λάκισμα
3031 3142 3248 3214 μέλους,
3277 3141 3371 3196 καὶ
3395 3141 3582 3214 τριχὸς
3609 3138 3802 3209 λείψα-

2234 3257 2339 3305 νον,
2399 3239 2495 3290 καὶ
2554 3238 2727 3289 ὁτιοῦν
2755 3237 2835 3304 ἐφ’
2868 3231 2953 3298 οἷς
2990 3233 3357 3290 ἐνεδιδύσκετο
3399 3234 3432 3304 ἢ
3479 3233 3760 3302 ὲφάπτετο
3785 3273 3800 3297 ,

2232 3327 2705 3400 περισπούδαστόν
2745 3328 2865 3378 ἐστι
2896 3325 2991 3378 καλ⁵
3021 3325 3422 3396 ἐκζητούμενον
3450 3323 3528 3394 τῷ
3553 3323 3808 3376 εὐσεϐεῖν

2231 3418 2577 3490 προελομένῳ
2599 3433 2612 3444 ·
2641 3417 2729 3470 διά
2775 3415 2936 3470 τοῦτο
2979 3417 3139 3480 ἀλλος
3188 3416 3317 3470 ἀλλο
3367 3433 3419 3469 τι
3447 3415 3640 3482 ῶσπερ
3674 3416 3805 3476 τινά

2231 3511 2504 3583 θησαυρὸν
2547 3508 2767 3581 μέροςῆ
2805 3508 2990 3578 μόριον
3020 3507 3053 3578 ἢ
3079 3507 3140 3560 τὸ
3168 3506 3288 3560 ὅλον
3310 3508 3432 3560 κατ’
3465 3509 3646 3571 οἴκους
3675 3507 3710 3578 ἢ
3746 3510 3806 3561 ὲν

2229 3605 2359 3666 ταῖς
2398 3599 2737 3670 ἐκκλησίαις,
2796 3599 2932 3671 πρὸς
2981 3597 3307 3669 ἀγιαστικὴν
3362 3598 3642 3669 ἐνέργειαν
3701 3601 3803 3652 καὶ

2231 3694 2503 3765 σωστικὴν
2580 3693 2880 3764 ἀσφάλειαν
2963 3692 3208 3763 κατέχων
3295 3689 3803 3760 ὲγκαλλωπίζεται,

2231 3787 2670 3858 προσερχόμενος
2713 3785 2832 3856 μετ’
2869 3783 3049 3849 αἰδοῦς
3079 3787 3146 3856 τῇ
3200 3783 3598 3856 τεθαυρισμένῃ
3630 3785 3805 3848 κόνει,

2231 3877 2328 3930 καὶ
2391 3876 2767 3946 ἐφαπτόμενος
2823 3876 2973 3947 φόϐῳ
3021 3875 3128 3928 τῶν
3167 3875 3462 3941 ἀψαύστων
3517 3874 3808 3945 ἀναθημάο

2231 3986 2336 4022 των
2373 3969 2510 4024 (18).

2303 3970 2646 4132 έκᾏῖἰόῦτω
2677 4063 2808 4132 ἡμῖν
2840 4060 2899 4112 τὸ
2928 4058 3022 4112 τοῦ
3061 4056 3272 4112 δικαίου
3309 4057 3475 4110 Ἀόελ
3499 4052 3662 4126 αἷμα,
3697 4057 3809 4110 κάν

2225 4157 2450 4224 γονεῦσι
2501 4153 2802 4224 τηνικαῦτα
2834 4151 3120 4219 ξενοφανὲς
3158 4150 3439 4203 ὼπτάνετο
3479 4147 3809 4219 θρηνολόγηέ

2234 4262 2308 4317 μα
2330 4261 2344 4278 ο
2375 4246 2538 4315 μήπω
2565 4243 2672 4311 γάρ
2703 4239 3015 4312 ἑωρακότες
3035 4238 3330 4301 τεθνεῶτος
3360 4236 3552 4301 πάθος,
3583 4235 3703 4300 πῶς
3738 4236 3807 4290 ἂν

2231 4335 2325 4390 ἐπὶ
2349 4339 2416 4407 τῇ
2451 4334 2546 4389 τοῦ
2583 4332 2701 4388 υἱοῦ
2733 4334 2911 4402 σφαγῇ
2951 4330 3051 4384 οὐκ
3079 4329 3399 4399 ἐξέστησαν,
3420 4328 3520 4381 οὐκ
3566 4327 3805 4398 ἐδάκρυε

2232 4444 2353 4494 σαν,
2376 4429 2437 4482 οὐ
2469 4427 2637 4497 γοερά
2657 4427 2890 4495 ἔφασαν,
2922 4424 3150 4489 ἐξάπινα
3181 4423 3321 4493 τάχα
3362 4419 3806 4492 προσϐλέψαντες

559 4522 936 4582 sequerentur,
969 4513 1096 4571 dum
1128 4516 1419 4585 improviso
1450 4517 1683 4573 fortasse
1721 4528 1952 4575 stratum
1980 4522 2121 4578 humi

2233 4521 2372 4575 κατά
2427 4521 2528 4589 γῆς
2589 4519 2899 4590 ὲρῤιμένον,
2931 4517 3125 4585 αἰματί
3158 4533 3219 4584 γε
3267 4512 3695 4583 πεφοινιγμένον
3746 4513 3806 4576 ἐξ

557 4604 727 4659 lilium
757 4604 1038 4671 vidissent,
1059 4607 1312 4664 fraternis
1342 4619 1688 4667 cruentatum
1713 4613 1930 4678 ictibus,
1953 4623 2004 4668 et
2033 4629 2124 4668 ea-

555 4706 778 4766 propter
807 4697 930 4752 vita:
965 4713 1067 4752 usu
1094 4700 1364 4768 privatum
1389 4701 1402 4754 l
1426 4699 1575 4757 Talis
1609 4704 1734 4757 item
1768 4713 1822 4759 et
1848 4705 2126 4774 prophetae

555 4786 744 4842 Amosi
775 4797 997 4843 sanctus
1035 4791 1274 4860 sanguis,
1303 4806 1462 4860 quem
1499 4793 1590 4847 diu
1618 4795 1851 4850 fustibus
1878 4798 2124 4851 verbera-

557 4888 672 4930 tum
722 4876 869 4933 ferro
910 4881 1171 4936 exstinxit
1221 4897 1314 4936 rex
1345 4883 1593 4939 Amasias
1625 4886 1768 4956 (l9);
1801 4887 1894 4956 qui
1935 4887 2124 4942 vatici-

555 4968 770 5022 niorum
810 4969 931 5024 telis
973 4986 1003 5024 a
1035 4973 1296 5041 pr0pheta
1324 4976 1615 5043 appetitus,
1639 4977 1848 5045 justum
1878 4977 2026 5032 clava
2066 4978 2119 5031 in

555 5060 889 5128 temporibus
916 5077 1240 5131 percussum
1272 5065 1416 5119 letho
1455 5068 1698 5122 tradidit.
1725 5066 1874 5124 Talis
1917 5070 2122 5138 pariter

552 5153 829 5222 prophetae
857 5153 1095 5208 Michzeaa
1118 5166 1342 5211 sanctus
1375 5158 1616 5227 sanguis,
1637 5174 1797 5228 quem
1825 5161 2124 5229 praecipitio

553 5243 829 5297 interemit
857 5241 1110 5300 Joramus
1135 5247 1373 5301 Achaabi
1396 5247 1558 5312 filius,
1576 5249 1758 5305 divina
1786 5251 2122 5306 confidenter

553 5333 894 5389 nuntiantem
929 5352 942 5390 ι
972 5336 1172 5392 etenim
1225 5339 1294 5393 ab
1349 5341 1473 5407 hoc,
1505 5349 1564 5396 ut
1607 5342 1684 5396 ait
1731 5341 2122 5412 Scriptura,de

553 5435 838 5492 parentum
869 5429 1166 5486 sceleribus
1191 5433 1538 5503 arguebatur.
1564 5434 1710 5490 Talis
1742 5451 1959 5505 quoque
1989 5452 2116 5506 pro-

623 5564 735 5633 (l8)
778 5562 935 5620 Vides
981 5565 1080 5620 SS.
1135 5569 1488 5638 reliquiarum
1541 5571 1746 5627 laudari
1776 5591 1805 5626 a
1836 5571 2122 5627 Theodoro

553 5642 611 5690 ut
639 5645 955 5705 consuetam
983 5647 1037 5688 et
1068 5640 1282 5705 spiritui
1317 5643 1502 5693 utilem
1542 5644 1974 5697 venerationem.

625 5704 738 5772 (I9)
765 5703 879 5757 lmo
910 5721 1039 5759 vero
1059 5703 1308 5762 A‘masias
1339 5710 1595 5766 sacerdos
1629 5710 1864 5766 Bethelis
1890 5728 2116 5767 accusa-

553 5773 626 5832 vit
656 5775 914 5829 Amosum
948 5778 1087 5844 apud
1115 5777 1496 5834 Jeruhonmum
1529 5795 1730 5853 regem.
1765 5781 1870 5837 Sed
1896 5783 1962 5836 dc
2005 5784 2113 5837 vita

2233 4614 2526 4683 ἁδελφικῆς
2563 4611 2898 4683 μιαιφονίας,
2928 4608 3221 4664 κάντεῦθεν
3254 4607 3353 4677 τῆς
3385 4603 3622 4674 ζωτικῆς
3650 4604 3806 4674 ἑνερ⁹

2233 4709 2384 4774 γείας
2452 4705 2872 4775 ὲστερημένον;
2929 4698 3168 4754 τοιοῦτον
3233 4699 3294 4751 τὸ
3353 4696 3448 4750 τοῦ
3517 4697 3806 4768 προφήτου

2244 4797 2422 4866 Ἀμὼς
2470 4798 2623 4864 ἆγιον
2679 4789 2840 4867 αἷμα,
2869 4793 2930 4846 ὃν
2963 4791 3170 4861 συχνῶς
3213 4789 3563 4860 τυμπανίσας
3619 4789 3804 4840 ἀνεῖλε

2233 4889 2372 4956 ξίφει
2416 4886 2674 4955 Ἀμασίας
2706 4885 2816 4953 (19)
2857 4884 2884 4936 ό
2940 4880 3225 4954 βασιλεύςο
3268 4879 3453 4946 ἐπειδὴ
3521 4878 3633 4948 γὰρ
3700 4877 3803 4946 τῆς

2233 4980 2568 5051 προφητείας
2626 4980 2746 5039 ταῖς
2804 4974 3008 5046 βολίσιν
3053 4972 3382 5041 ὲπλήττετο,
3444 4968 3651 5039 πλήξας
3706 4969 3802 5022 τὸν

2229 5073 2434 5125 δίκαιον
2459 5072 2514 5124 ὲν
2540 5069 2757 5141 ῥοπάλῳ
2787 5066 2929 5120 κατά
2949 5062 3042 5117 τοῦ
3079 5065 3354 5134 κροτάφου
3381 5062 3594 5132 Θανάτῳ
3621 5077 3803 5132 παρα-

2229 5164 2441 5216 δίδωσιν
2467 5180 2481 5194 ο
2517 5161 2754 5213 τοιοῦτον
2787 5159 2846 5212 τὸ
2895 5157 2987 5212 τοῦ
3023 5158 3300 5228 προφήτου
3335 5154 3573 5225 Μιχαίου
3637 5153 3796 5220 ἅγιον

2229 5247 2369 5321 αἷμα
2393 5292 2407 5315 ,
2435 5252 2492 5304 ὃν
2526 5249 2702 5303 ἀνεῖλε
2748 5250 3054 5320 κρημνίσας
3097 5249 3301 5316 Ἰωρὰμ
3336 5245 3448 5308 υἱὸς
3488 5243 3698 5314 Ἀχαάὁ
3727 5243 3796 5298 τὰ

2229 5343 2344 5395 θεῖα
2394 5340 2921 5411 παρρησιαζόμενον.
2948 5339 3181 5408 Ἦλεγχε
3223 5338 3330 5408 γὰρ
3360 5335 3520 5390 αὑτὸν
3553 5334 3646 5386 επὶ
3675 5335 3796 5396 ταῖς

2225 5433 2501 5497 ἀσεϐείαις
2533 5433 2640 5487 τῶν
2697 5434 2946 5502 πατέρων
2989 5429 3177 5495 αὑτοῦ,
3215 5428 3391 5482 καθ’ἀ
3427 5428 3740 5496 γέγραπται
3773 5466 3786 5490 ,

2230 5582 2282 5626 ct
2311 5571 2462 5626 obitu
2521 5568 2905 5639 prophetarum
2937 5567 3097 5621 varia:
3120 5577 3174 5622 et
3218 5565 3483 5639 interdum
3520 5565 3795 5619 contradi-

2228 5652 2415 5696 centes
2439 5637 2684 5716 veteruttt
2742 5648 3024 5716 auctorum
3058 5641 3340 5693 sententiae
3375 5637 3793 5716 fueruntnqnas

2227 5727 2295 5766 ne
2328 5712 2534 5780 prolixe
2583 5707 2835 5780 referam,
2869 5709 3093 5780 lectores
3126 5725 3279 5765 meos
3324 5709 3386 5761 ad
3421 5705 3649 5761 Calmeti
3675 5704 3682 5705 7
3704 5704 3792 5760 Bi-

2228 5778 2424 5836 hlic'um
2463 5778 2849 5834 Dictionarium
2878 5778 3088 5846 ablrgo.
