3926 6484
197 407 293 472 761

809 419 1092 484 ORATIO
1122 425 1286 486 VIII.
1319 454 1388 464 —
1409 426 1435 485 Ι
1446 429 1492 488 Ν
1523 429 1751 490 DECOI

1859 433 2168 499 .TIONEM
2234 442 2295 503 S.
2329 447 2595 512 JOANN.
2635 453 2844 518 ΒΑΡΤ.

3342 464 3447 529 762

196 518 434 575 τοιοῦτον
493 523 586 578 τοῦ
637 529 920 600 προφήτου
973 532 1190 587 Ἡσαΐου
1230 534 1386 604 ἅγιον
1442 535 1582 608 αἷμα
1644 539 1751 610 διχὶ

1876 545 2048 612 pbetae
2085 550 2234 607 Isaiae
2264 565 2488 614 sanctus
2513 563 2737 632 sanguis
2767 563 3022 623 bifariam
3045 584 3194 626 serra
3224 573 3444 632 dissecti

196 610 574 685 διαιρουμένου
621 618 727 673 ὑπὸ
773 625 1076 694 πριστῆρος
1139 627 1291 698 παρά
1342 629 1612 701 Μανασσῆ
1671 631 1766 685 τοῦ

194 707 591 779 ὲκκεκληκότος
638 714 777 784 πρὸς
835 717 1282 790 είδωλολατρικὸν
1319 721 1484 787 σέϐας
1549 725 1640 778 τὸν
1673 727 1767 779 εὐ-

193 799 605 872 παροίστρωτον
643 807 739 860 καὶ
792 807 1270 880 εὐπαρακόμιστον
1309 814 1544 886 Ἰσραὴλ,
1571 817 1632 870 οὑ
1671 818 1767 887 φέ-

195 906 378 958 ροντος
425 895 645 950 ἀκούειν
689 898 786 962 τάς
843 900 946 971 τῆς
1040 905 1381 975 προφητείας
1451 908 1765 979 ὲκφάνσεις.

192 981 442 1038 Τοιοῦτον
474 986 536 1040 τὸ
561 988 658 1041 τοῦ
686 991 934 1058 γενναίου
973 994 1238 1067 Ἐλεάζαρ
1271 998 1366 1051 σὺν
1393 999 1539 1054 ἐπτά
1577 1001 1767 1055 παισὶν

192 1076 281 1129 καὶ
315 1080 496 1150 μητρὶ
525 1079 779 1152 θεόφρονι
802 1085 958 1153 ἅγιον
989 1082 1150 1157 αἷμα,
1180 1089 1209 1141 ὃ
1231 1089 1447 1161 ἐξέχεεν
1495 1092 1766 1164 Ἀντίοχος

192 1168 246 1220 ἐν
278 1169 555 1234 ποικίλοις
586 1172 866 1243 βασάνοις,
900 1177 976 1248 μὴ
1010 1177 1194 1249 φέρων
1235 1181 1334 1251 τὴν
1363 1181 1507 1253 ὑπὲρ
1545 1184 1765 1254 ὲντολῆς

187 1258 318 1314 Θεοῦ
353 1261 611 1319 ἔνστασιν
665 1266 773 1320 τῶν
828 1268 1135 1340 ἀηττήτων,
1172 1269 1266 1336 οὓς
1309 1273 1492 1328 πίστει
1532 1275 1763 1332 θανάτου

189 1352 428 1422 σφραγὶς
472 1354 758 1410 ἐτελείωσε
783 1374 800 1392 ο
835 1358 1081 1415 τοιοῦτον
1123 1365 1186 1415 τὸ
1216 1362 1312 1417 τοῦ
1347 1368 1629 1438 προφήτου
1662 1371 1766 1423 Ζα-

187 1443 376 1512 χαρίου
413 1445 572 1514 ἅγιον
605 1443 744 1518 αἷμα
767 1449 795 1503 ὅ
827 1452 934 1523 πρὸ
962 1453 1060 1508 τοῦ
1083 1454 1474 1530 θυσιαστηρίου
1501 1462 1532 1529 ή
1571 1461 1762 1531 πάροι-

184 1550 271 1597 νος
323 1535 436 1588 τῶν
486 1536 756 1593 Ἰουδαίων
802 1541 1022 1614 ὠμότης
1091 1548 1336 1619 μαχαίρᾳ
1381 1549 1600 1620 ἐξέχεε,
1659 1552 1761 1606 οὐκ

181 1626 486 1694 ἐνεγκοῦσα
519 1629 618 1694 τάς
648 1631 752 1703 τῆς
787 1639 1128 1708 προφητείας
1159 1641 1430 1710 ἐμφάσεις
1473 1643 1758 1709 ἀκουτίζε-

183 1718 306 1774 σθαι
337 1736 352 1750 ·
394 1723 490 1774 καὶ
527 1723 580 1774 τί
602 1722 686 1777 δεῖ
731 1742 822 1796 μοι
862 1727 1092 1782 πλεῖστα
1118 1730 1424 1800 ἀναλέγειν,
1463 1735 1594 1806 παρ’
1624 1728 1668 1803 ᾧ
1700 1734 1761 1789 τὸ

179 1811 283 1865 τῶν
316 1813 634 1868 ἀποστόλων
660 1817 959 1889 προφητῶν
990 1837 1049 1874 τε
1093 1822 1190 1876 καὶ
1232 1825 1524 1895 μαρτύρων
1561 1826 1759 1897 συλλή-

181 1904 310 1977 ϐδην
329 1907 510 1962 είπεῖν
532 1907 687 1977 ἀγιον
706 1882 870 1982 αἷμα,
888 1911 916 1966 δ
938 1914 1124 1968 πολλοὶ
1139 1882 1471 1988 παλαμναίοι
1495 1882 1759 1990 πολυτρό-
1792 1882 1834 1937 Β

178 2014 293 2063 πως
318 1999 566 2071 ἐξέχεαν,
601 2002 676 2068 ὡς
711 2004 858 2078 ὕδωρ
883 2007 1022 2061 πολὺ
1054 2007 1291 2063 κυκλοῦν
1335 2009 1435 2081 τὴν
1469 2010 1560 2064 ὑπ’
1592 2011 1756 2083 οὖρα-

175 2092 283 2158 νδν,
315 2095 418 2148 καὶ
437 2097 541 2166 τῆς
568 2096 827 2163 ἀσεϐείας
855 2099 1098 2169 ὑπάρχον
1135 2100 1490 2172 σϐεστήριον;

243 2193 316 2254 γ’.
358 2186 621 2243 Τοιοῦτον
654 2189 716 2242 τὸ
733 2188 826 2243 τοῦ
865 2188 1175 2244 Βαπτιστοῦ
1205 2193 1443 2263 Χριστοῦ
1487 2196 1580 2249 καὶ
1612 2197 1755 2267 Προ-

172 2271 376 2344 δρόμου
410 2276 571 2344 ἀγιον
604 2272 765 2343 αἷμα,
795 2278 923 2348 περὶ
949 2270 1012 2332 οὗ
1041 2279 1176 2349 ἡμῖν
1212 2282 1241 2334 ό
1274 2283 1636 2353 προκείμενος
1667 2285 1755 2339 λό-

172 2382 264 2435 γος
287 2383 303 2399 ·
331 2367 362 2421 ὃ
390 2367 701 2423 κεκένωκεν
730 2367 808 2431 ὡς
840 2367 1012 2440 μύρον
1036 2370 1327 2436 πολυτελὲς
1350 2372 1410 2437 ἐξ
1446 2375 1592 2445 ἱεροῦ
1620 2391 1749 2445 τρα-

174 2459 338 2531 χήλου
371 2459 669 2524 εὐωδιάζον
691 2460 794 2530 τὴν
823 2461 1154 2534 οἰκουμένην
1176 2481 1190 2497 ’
1219 2462 1381 2536 αἷμα,
1409 2465 1438 2519 ὃ
1470 2467 1754 2538 συνήθροι-

177 2567 266 2604 σεν
290 2551 352 2605 οὐ
374 2550 616 2622 γαστρὸς
631 2551 815 2624 ήδονὴ,
841 2553 941 2607 οὐκ
973 2553 1116 2608 οῐνου
1143 2556 1464 2627 μετάληψις,
1481 2558 1542 2611 οὐ
1578 2559 1752 2630 κρεῶν

171 2642 374 2715 ἐδωδὴ,
403 2643 508 2696 οὐκ
549 2643 710 2697 ἄλλου
757 2645 902 2710 τινὸς
949 2645 1058 2699 τῶν
1102 2646 1374 2702 λιπαίνειν
1415 2651 1508 2703 καὶ
1536 2650 1752 2721 ήδύνειν

170 2735 441 2789 εἰωθότων
477 2733 578 2799 τάς
623 2735 852 2807 ὀρέξεις,
887 2736 1003 2791 ἀλλ’
1033 2738 1092 2804 ἑξ
1133 2740 1314 2794 αὐτῶν
1357 2740 1464 2794 τῶν
1500 2745 1751 2814 σπαργά-

169 2844 272 2881 νων
298 2828 466 2898 μέχρι
496 2826 684 2892 τέλους
713 2829 745 2898 ή
772 2827 873 2897 τῆς
906 2830 1238 2900 ἐγκρατείας
1274 2832 1618 2904 ἐμπεποίηκε
1649 2833 1752 2904 χά-

172 2933 253 2989 ρις
275 2934 290 2950 ·
315 2913 504 2972 ’Ἦλθε
547 2918 674 2988 γὰρ,
709 2919 896 2988 φησὶν,
937 2923 972 2974 ό
1011 2920 1294 2989 Ἰωάννης
1331 2923 1486 2991 μήτε
1507 2923 1748 2988 ἐσθίων,

168 3005 315 3074 μήτε
343 3006 577 3058 uirus“
613 2999 756 3075 αἷμα
779 3005 844 3059 τὸ
885 3009 1230 3078 προκενωθὲν
1272 3009 1369 3064 τοῦ
1418 3011 1749 3065 Δεσποτικοῦ

171 3096 262 3148 καὶ
293 3094 573 3147 ἀθανάτου
619 3097 884 3167 ποτηρίου
911 3113 925 3127 ·
969 3099 1137 3168 ἐχρῆν
1178 3098 1286 3169 γὰρ
1325 3100 1418 3154 τὸν
1451 3101 1544 3153 τοῦ
1573 3103 1751 3170 φωτὸς

170 3187 475 3257 πρόδρομον
510 3184 597 3238 διά
623 3186 721 3257 τῆς
738 3189 802 3242 ὲκ
828 3188 1048 3259 στείρας
1070 3191 1410 3262 αὐγαστικῆς
1427 3191 1591 3245 αὐτοῦ
1612 3210 1746 3265 προ·

169 3278 284 3331 ⁴ἆδον
331 3279 450 3338 τοῖς
491 3277 634 3348 ὑπὲρ
672 3280 775 3348 γῆς
825 3279 1082 3350 ὀφθέντα,
1114 3282 1209 3335 καὶ
1243 3285 1356 3347 τοῖς
1401 3282 1514 3337 ὑπὸ
1533 3284 1635 3355 γῆν
1664 3285 1752 3339 διὰ

170 3369 400 3423 θανάτου
454 3368 674 3438 κήρυκα
716 3371 981 3443 φωτοειδῆ
1027 3373 1366 3444 χρηματίσαι
1411 3375 1523 3446 (20)
1546 3394 1559 3408 ·
1589 3369 1750 3447 αἷμα,

170 3464 199 3516 ό
218 3463 315 3533 τῆς
342 3460 442 3516 τοῦ
466 3461 636 3516 Ἀϐελ
665 3464 883 3532 σφαγῆς
905 3463 1290 3528 πολυπλασίως
1313 3467 1392 3526 είς
1420 3465 1489 3519 τὰ
1506 3460 1619 3520 ὦτα
1639 3469 1743 3520 Κυ-

174 3554 285 3625 ρίου
323 3553 564 3608 Σαϐαὼθ
589 3555 945 3626 διαϐεϐόηται
972 3571 984 3586 ·
1021 3556 1115 3610 τοῦ
1137 3558 1246 3626 γάρ
1265 3556 1427 3628 ἔργου
1457 3558 1490 3628 ή
1513 3559 1748 3629 ποίησις,

171 3647 352 3716 φωνῆς
389 3649 663 3718 μυστικῆς
694 3649 843 3701 ἔστιν
881 3648 1295 3720 ἀναϐόμϐησις,
1331 3651 1391 3704 οὐ
1429 3651 1516 3705 διὰ
1570 3671 1751 3724 φωνη-

171 3739 336 3792 τικῶν
359 3737 614 3808 όργάνων
645 3737 934 3809 προϊοῦσα,
961 3739 1102 3793 ἀλλά
1135 3743 1201 3812 τῇ
1226 3744 1324 3811 τῆς
1357 3743 1633 3812 ἐνεργείας
1663 3744 1753 3796 δυ-

169 3833 325 3902 νάμει
354 3830 762 3899 ἀκουτιξομένη
789 3846 803 3861 ⁸
834 3825 995 3900 αἷμα,
1041 3832 1100 3884 τὸ
1133 3834 1490 3904 πατριαρχῶν
1530 3835 1629 3904 μὲν
1665 3838 1753 3890 at-

169 3923 563 3994 δεσιμώτερον,
600 3919 900 3990 προφητῶν
929 3920 984 3974 δὲ
1023 3922 1488 3993 τιμαλφέστερον,
1531 3925 1628 3978 καὶ
1671 3926 1752 3979 διο

171 4013 339 4068 καίων
369 4009 669 4081 ὁσιώτερον
693 4026 709 4041 ο
740 4009 865 4063 ἐπεὶ
895 4009 990 4063 καὶ
1031 4012 1347 4065 ἀποστόλων
1379 4017 1750 4084 προφερέστε-

175 4123 283 4177 ρον,
322 4106 421 4160 κα)⁸
466 4102 768 4176 μαρτύρων
807 4103 1215 4176 εὐκλεέστερον,
1237 4105 1313 4171 ὡς
1343 4108 1371 4158 ό
1401 4106 1558 4175 λόγος
1601 4111 1752 4180 παρά

172 4196 262 4252 τοῦ
310 4195 773 4269 μεγάλου,Λόγου
810 4196 907 4268 τὴν
939 4197 1247 4267 μαρτυρίαν
1274 4199 1427 4268 φέρει
1450 4216 1462 4228 ·
1497 4193 1652 4269 αἷμα,
1688 4200 1749 4253 τὸ

174 4292 350 4361 πάσης
396 4287 774 4357 ἀνθοϐαφικῆς
813 4287 1066 4358 εὐχροίας
1108 4290 1465 4363 χαριέστερον
1514 4291 1748 4363 ὠραῖξον

169 4385 264 4454 τήν
303 4381 400 4436 τοῦ
450 4379 690 4451 Χριστοῦ
734 4380 1084 4449 Ἐκκλησίαν,
1124 4382 1264 4449 ὑπὲρ
1319 4383 1531 4436 δικαίου
1576 4402 1746 4438 κενω-

171 4475 256 4527 θὲν
291 4475 386 4527 ἐπὶ
430 4472 577 4525 τέλει
605 4471 698 4526 τοῦ
741 4470 972 4524 παλαιοῦ
1023 4473 1213 4540 νόμου,
1249 4473 1467 4542 καὶτῆς
1497 4473 1741 4544 Χριστοῦ

171 4568 471 4638 παρουσίας
498 4565 835 4636 προεισόδιον
877 4564 1034 4626 ἄνθος
1071 4565 1360 4635 τυγχάνον.

234 4659 296 4714 δν.
336 4657 478 4712 Ἀλλ’
524 4658 673 4719 ὅπως
715 4655 894 4718 τοῦτο,
951 4657 1046 4707 καὶ
1095 4655 1162 4707 δι’
1205 4651 1265 4708 οὗ
1323 4672 1486 4720 τινος,
1523 4656 1617 4709 καὶ
1655 4657 1740 4725 ἐφ’

169 4746 307 4827 ᾗπερ
347 4749 610 4804 ὑποθέσει
648 4748 970 4808 κεκένωται,
1022 4747 1431 4815 μεθαρμοστέος
1473 4752 1603 4817 ἡμῖν
1634 4749 1742 4802 ἀπὸ

170 4846 271 4897 τῶν
328 4842 493 4912 ίερῶν
542 4839 892 4906 ΕὑαγγεΧίων
929 4837 1174 4905 ὁλόγοςο
1224 4837 1286 4890 '0
1310 4837 1422 4906 γὰρ
1466 4837 1740 4906 Ἡρώδης,

171 4935 322 5004 φησὶ,
354 4931 664 5002 κρατήσας
693 4932 801 4983 τὸν
842 4927 1133 4996 Ἰωάννην
1157 4927 1379 4994 ἔδησεν
1421 4931 1608 4984 αὐτὸν
1643 4931 1742 4985 καὶ

170 5026 330 5081 ἔθετο
353 5026 424 5079 ἐν
445 5019 694 5093 φυλακῇ
714 5021 811 5074 διὰ
856 5020 1183 5088 Ἡρωδιάδα
1210 5020 1325 5088 τὴν
1351 5021 1604 5090 γυναῖκα
1646 5025 1742 5074 Φι-

170 5117 392 5172 λίππου
419 5116 528 5170 τοῦ
569 5113 835 5182 ἀδελφοῦ
868 5113 1079 5167 αὐτοῦ.
1113 5114 1320 5182 Ἔλεγε
1365 5133 1474 5183 γαρ
1514 5113 1674 5179 αὐτῷ
1715 5118 1747 5169 ό

184 5207 491 5276 Ἰωάννης,
535 5209 657 5261 Οὐκ
689 5206 894 5270 ἔξεστί
929 5221 1028 5259 σοι
1057 5206 1221 5274 ἔχειν
1261 5208 1481 5273 αὐτήνο
1505 5210 1602 5261 καὶ
1652 5213 1746 5263 θέ-

171 5305 284 5355 λων
317 5301 511 5356 αὑτὸν
559 5298 929 5360 ἀποκτεῖναι,
975 5299 1239 5366 ἐφοϐήθη
1284 5302 1393 5352 τὸν
1426 5301 1631 5368 ὄχλον,
1658 5301 1748 5355 ὅτι

172 5393 364 5462 ὥσπερ
385 5390 711 5461 προφήτην
744 5391 931 5443 αὐτὸν
977 5386 1163 5458 εἶχον.
1215 5391 1437 5460 Πρῶτον
1478 5390 1745 5460 ζητείσθω

231 5507 274 5540 ⁸³
310 5506 509 5562 Matth.
545 5521 624 5570 χι,
659 5503 744 5558 18.
821 5503 1069 5558 8"Matth.
1100 5520 1208 5568 xw,
1241 5504 1272 5556 5
1309 5503 1361 5556 5.

233 5624 346 5695 (ἳθ)
377 5621 539 5696 Quod
600 5622 836 5696 Baptista
887 5626 1191 5696 exstinctus
1241 5627 1611 5696 prmdicaverit
1653 5629 1739 5682 de.

174 5692 336 5750 tentis
387 5692 534 5764 apud
595 5692 1152 5764 inferos__animabus.
1198 5692 1466 5752 sententia
1515 5698 1735 5752 Patrum

177 5766 373 5837 aliquot
392 5761 522 5837 fuit,
548 5777 743 5837 nempe
773 5761 1084 5837 ΔΗίβροιῖιὶ,
1119 5764 1392 5837 Origenis,
1427 5778 1481 5822 et
1521 5769 1737 5824 Eusebii

176 5835 543 5896 Alexandrini,
587 5843 644 5887 ut
673 5835 725 5888 in
762 5833 955 5902 Spicil.
992 5833 1146 5892 Rom.
1184 5833 1344 5902 tilX,
1368 5852 1420 5906 p.
1450 5838 1576 5906 685,
1603 5839 1742 5896 dixi-

1871 655 1902 694 a
1930 638 2202 710 Manasse,
2231 647 2323 716 qui
2349 649 2415 704 ad
2437 650 2831 711 idololatricum
2857 660 3062 716 cultum
3082 667 3446 725 concitaverat

1871 731 2230 790 insanientem
2266 737 2425 795 facile
2469 745 2873 817 volubilemque
2926 750 3201 823 lsraelem,
3240 762 3446 831 quique

1868 825 2214 893 propheticas
2240 831 2563 888 rvelationes
2585 835 2775 892 audire
2803 853 2910 894 non
2941 825 3271 901 sustinebat.
3292 825 3444 905 Talis

1867 915 2032 970 etiam
2069 917 2226 975 fortis
2259 918 2503 978 Eleazari
2529 940 2652 980 curn
2680 937 2886 999 septem
2921 933 3359 995 adolescentibus
3388 950 3444 997 et

1867 1007 2035 1062 divini
2084 1012 2250 1066 animi
2293 1023 2497 1085 matre,
2551 1028 2772 1076 sanctus
2823 1038 2982 1093 quem
3019 1025 3322 1086 Antiochus
3353 1033 3441 1089 di-

1869 1102 2041 1156 versis
2091 1103 2422 1162 cruciatibus
2477 1108 2665 1166 eli‘udit
2712 1116 2975 1186 sanguis,
3013 1119 3141 1174 dum
3185 1133 3443 1180 constan-

1870 1193 1996 1248 tiam
2052 1196 2372 1252 invictarum
2427 1201 2707 1258 hominum
2762 1222 2860 1276 pro
2911 1208 3002 1264 Dei
3051 1211 3167 1282 lege
3219 1216 3444 1273 moleste

1867 1283 1992 1347 fert,
2032 1299 2168 1354 quos
2212 1287 2264 1340 in
2325 1288 2428 1342 fide
2475 1292 2704 1360 perfecit
2755 1298 2949 1352 mortis
3000 1300 3261 1371 sigillum.
3296 1306 3442 1363 'l‘alis

1865 1375 2098 1446 denique
2128 1377 2402 1447 propheta:
2425 1380 2703 1440 Zachariae
2729 1398 2954 1445 sanctus
2997 1395 3242 1464 sanguis,
3276 1412 3439 1464 qumu

1864 1477 1988 1523 ante
2003 1468 2174 1525 altare
2189 1485 2390 1528 vesano
2406 1471 3036 1540 Judaeorumcrudelitas
3076 1488 3255 1556 gladio
3303 1490 3441 1546 εσυ-

1862 1561 1959 1625 dit,
1997 1561 2123 1617 dum
2181 1565 2562 1622 vaticiniorum
2614 1571 2863 1629 notitiam
2896 1578 3086 1634 audire
3133 1595 3436 1642 recusaret.

1864 1653 1971 1710 Sed
2002 1670 2101 1712 cur
2128 1672 2216 1712 me
2243 1659 2399 1728 plura
2453 1676 2736 1718 recensere
2776 1678 3009 1736 oportet,
3045 1683 3241 1742 praeter
3273 1693 3436 1746 quam

1862 1745 2187 1814 compendio
2230 1746 2413 1803 dicere
2438 1748 2505 1804 de
2529 1751 2923 1822 apostolorum,
2953 1745 3342 1828 prophetarum
3374 1777 3439 1817 ac

1864 1849 2162 1908 martyrum
2213 1847 2406 1895 sancto
2465 1846 2750 1914 sanguine,
2803 1861 2963 1917 quem
3021 1850 3233 1907 scelesti
3282 1854 3437 1910 multi

1865 1929 2153 1984 homicidae
2198 1929 2526 2000 eﬂ‘uderunt,
2556 1937 2714 2006 quasi
2770 1953 2924 2009 aqua:
2955 1943 3165 2012 copiam
3197 1945 3252 2000 in
3281 1955 3438 2003 terrae

1861 2019 2113 2087 circuitu,
2133 2023 2335 2094 quique
2349 2025 2643 2096 impietatis
2667 2032 3075 2104 exstinguenda
3090 2036 3198 2091 vim
3214 2037 3439 2096 habuit?

1933 2177 1986 2233 5.
2027 2176 2173 2234 Talis
2203 2190 2287 2236 est
2319 2180 2678 2252 Baptizatoris
2715 2187 2918 2244 Christi
2969 2190 3439 2266 Przecursorisqne

1861 2278 2084 2326 sanctus
2148 2274 2392 2343 sanguis,
2439 2275 2506 2329 dc
2557 2292 2668 2346 quo
2713 2280 2874 2335 nobis
2913 2281 3000 2337 hic
3030 2283 3312 2339 institutus
3354 2295 3438 2342 est

1860 2377 2085 2421 sermo:
2122 2364 2214 2434 qui
2261 2365 2562 2422 exhaustus
2599 2367 2700 2423 fuit
2756 2378 2814 2424 ut
2835 2373 3131 2440 pretiosum
3192 2391 3436 2446 unguen-

1860 2463 1976 2509 tum
2008 2471 2071 2509 ει
2113 2471 2268 2511 sacra
2301 2459 2536 2521 cervice,
2573 2468 2630 2514 et
2659 2469 2925 2517 terrarum
2951 2465 3138 2520 orbem
3171 2469 3438 2523 suavitate

1857 2543 2097 2613 perfudit
2131 2562 2143 2598 :
2177 2548 2421 2618 sanguis,
2450 2564 2610 2618 quem
2643 2566 2752 2605 non
2780 2553 2989 2608 ventris
3022 2555 3270 2625 voluptas
3303 2560 3437 2613 adu-

1859 2637 2026 2701 navit,
2064 2652 2171 2690 non
2229 2639 2340 2694 vini
2399 2642 2658 2710 sumptio,
2694 2659 2802 2698 non
2867 2646 3114 2700 carnium
3143 2663 3292 2713 esus,
3325 2666 3434 2704 non

1860 2727 2004 2782 aliud
2063 2728 2360 2799 quidquam
2402 2731 2785 2801 pinguefacere
2831 2735 3054 2791 solitum
3100 2747 3155 2793 et
3190 2755 3436 2795 commo-

1861 2821 2103 2875 tionibus
2162 2821 2364 2876 nostris
2400 2823 2681 2891 blandiri;
2716 2826 2810 2880 sed
2867 2843 3029 2898 quem
3093 2831 3163 2885 ab
3205 2830 3435 2888 incuna-

1859 2911 2001 2966 bulis
2033 2927 2203 2982 usque
2235 2914 2303 2968 ad
2333 2914 2456 2969 vitae
2509 2917 2671 2973 linem
2702 2918 3046 2977 abstinentia:
3090 2922 3261 2993 gratia
3299 2939 3434 2981 con-

1858 3002 2028 3060 fecit:
2063 3002 2214 3058 Venit
2263 3006 2422 3070 em‘m,
2471 3006 2748 3076 Scriptura
2783 3010 2978 3080 inquit.
3006 3012 3240 3070 Joannes
3275 3032 3436 3085 neque

1859 3093 2186 3148 mamlucans
2221 3107 2382 3166 neque
2437 3096 2612 3152 bibens
2635 3099 2681 3130 ⁸³
2711 3118 2724 3153 :
2753 3102 2998 3171 sanguis,
3039 3105 3132 3173 qui
3167 3103 3435 3163 Dominici

1861 3187 2184 3242 immortalis
2218 3188 2397 3257 poculi
2424 3187 2676 3244 eﬂusioni
2706 3194 2936 3261 praeivit.
2969 3193 3264 3264 Oportebat
3284 3199 3430 3252 enim

1859 3278 1996 3333 lucis
2050 3275 2464 3348 praecursorem,
2525 3290 2815 3351 postquam
2866 3285 3146 3354 splendida
3208 3302 3333 3341 sua.
3366 3289 3434 3342 de

1854 3370 2022 3425 sterili
2059 3379 2232 3425 matre
2283 3372 2561 3428 nativitate
2593 3383 2750 3429 terra:
2779 3387 3125 3444 apparuerat,
3153 3378 3434 3434 subterra-

1854 3463 1970 3517 neis
1996 3476 2218 3532 quoque
2265 3463 2402 3519 locis
2453 3479 2548 3534 per
2575 3475 2802 3520 mortem
2838 3482 2993 3522 suam
3027 3468 3433 3538 praedicatorem

1853 3551 2122 3608 illustrem
2183 3553 2321 3608 fieri.
2385 3549 2642 3627 Sanguis,
2679 3557 2772 3626 qui
2821 3558 2994 3613 multo
3055 3559 3232 3629 magis
3262 3575 3431 3631 quam

1852 3645 2036 3700 Abelis
2097 3645 2295 3710 caedes,
2331 3645 2400 3700 ad
2443 3661 2604 3702 aures
2642 3646 2854 3704 Domini
2909 3649 3148 3704 Sabaoth
3183 3651 3432 3710 clamat:

1852 3753 1978 3791 nam
2015 3737 2257 3806 peractio
2292 3738 2496 3807 operis,
2530 3740 2776 3810 mysticae
2835 3740 3124 3810 cujusdam
3161 3744 3311 3797 vocis
3343 3752 3431 3798 est

1851 3829 2186 3891 resonantia,
2228 3843 2336 3883 non
2379 3844 2473 3897 per
2499 3830 2707 3884 vocalia
2757 3846 2959 3900 organa
3013 3833 3290 3900 prodiens,
3334 3835 3430 3889 sed

1849 3920 1921 3976 ob
1957 3934 2072 3975 sua:
2115 3919 2366 3975 elIicacite
2413 3922 2668 3975 virtutem
2703 3923 2910 3980 audita.
2940 3921 3174 3993 Sanguis
3201 3929 3434 3995 patriar-

1850 4011 1969 4066 cbis
2000 4011 2397 4075 venerabilior,
2459 4013 2740 4082 prophetis
2796 4014 3208 4083 bonorabilior,
3265 4015 3433 4086 justis

1850 4104 2089 4158 sanctior
2116 4122 2129 4157 :
2165 4118 2286 4157 nam
2324 4113 2378 4158 et
2408 4105 2666 4172 apostolis
2723 4108 3067 4174 praestantior
3089 4118 3266 4175 est,et
3289 4124 3434 4162 mar-

1851 4196 2060 4267 tyribus
2111 4196 2367 4263 nobilior,
2400 4207 2458 4250 ut
2489 4197 2667 4262 uiagni
2701 4196 2864 4251 Verbi
2898 4199 3124 4254 verbum
3165 4207 3420 4256 testatur.

1849 4292 2082 4361 Sanguis
2119 4291 2362 4361 qualibet
2397 4291 2603 4346 coloria
2662 4292 2899 4346 tinctura
2954 4293 3176 4364 gratior,
3207 4290 3416 4346 Christi

1852 4381 2155 4436 Ecclesiam
2213 4392 2531 4444 venustans,
2578 4397 2676 4450 pro
2724 4381 2937 4451 justitia
2988 4383 3288 4437 exhaustus
3319 4382 3424 4435 sub

1850 4471 2049 4526 veteris
2111 4471 2244 4540 legis
2278 4470 2462 4534 linem,
2491 4481 2544 4525 et
2593 4469 2794 4526 Christi
2827 4472 3162 4526 advenientis
3211 4473 3428 4542 ingres-

1778 4578 1819 4628 υ
1849 4580 1968 4620 sum
2001 4563 2150 4618 [loris
2196 4565 2368 4616 instar
2389 4578 2692 4617 exornans.

1921 4658 1972 4710 4.
2012 4656 2115 4710 Sed
2147 4654 2258 4724 jam
2287 4655 2564 4724 quomodo
2590 4654 2679 4707 bic
2705 4654 2949 4723 sanguis,
2977 4663 3030 4708 et
3049 4655 3208 4723 cujus
3235 4669 3425 4723 opera,

1845 4760 2085 4818 etquam
2147 4748 2217 4801 ob
2248 4761 2470 4800 causam
2530 4747 2827 4800 exhaustus
2875 4745 3058 4811 fuerit,
3104 4747 3420 4816 explanabit

1847 4849 2030 4892 nostra
2050 4839 2115 4891 de
2133 4837 2306 4891 sacris
2323 4833 2631 4905 Evangeliis
2655 4835 2883 4888 deducta
2912 4836 3107 4890 oratio.
3139 4855 3158 4887 ι
3191 4835 3425 4890 Herodes

1845 4934 2010 4994 enim,
2051 4928 2227 4996 inquit
2252 4927 2552 4997 Scriptura,
2596 4929 2756 4981 tenuit
2800 4927 3079 4991 Joannem,
3103 4937 3152 4981 et
3183 4928 3424 4998 alligavit

1845 5038 1963 5074 eum
2000 5061 2015 5085 ,
2047 5029 2094 5072 et
2127 5019 2299 5084 posuit
2322 5019 2378 5071 in
2407 5034 2615 5071 carcere
2665 5028 2874 5086 propter
2906 5017 3260 5071 Herodiadem
3293 5033 3423 5072 uxo-

1853 5130 1960 5167 rem
1986 5111 2220 5180 Philippi
2255 5111 2438 5179 fratris
2489 5111 2594 5164 sui.
2637 5109 2849 5163 Dicebat
2874 5113 3011 5163 enim
3039 5110 3122 5163 illi
3153 5108 3422 5164 Joannes:

1848 5205 1968 5259 Non
2001 5204 2117 5256 licet
2170 5203 2262 5256 tibi
2285 5218 2400 5257 eam
2431 5203 2619 5256 habere
2643 5217 2661 5254 :
2690 5212 2738 5253 et
2771 5201 2942 5254 volens
2972 5201 3124 5254 illum
3167 5202 3419 5264 occidere,

1850 5300 2021 5353 timuit
2043 5297 2313 5366 populum,
2335 5298 2456 5366 quia
2469 5297 2604 5348 sicut
2624 5295 2926 5362 pmphetam
2950 5292 3335 5346 eunthabebmtt
3350 5291 3418 5349 ".

1849 5389 2134 5457 Quaeratur
2159 5387 2392 5458 primum
2412 5386 2535 5455 quis
2563 5386 2664 5438 iste
2691 5383 2949 5447 Herodes,
2985 5384 3191 5438 etenim
3225 5384 3418 5436 bomo-

1845 5642 1969 5682 mus
2003 5645 2018 5692 ;
2060 5625 2262 5695 quibus
2286 5623 2563 5700 addendus
2590 5629 2895 5700 cst_attctor
2946 5627 3206 5700 tractatus
3238 5618 3312 5700 _De
3348 5634 3422 5700 re-

1846 5687 2211 5750 muneratione
2265 5695 2446 5748 statim
2486 5704 2608 5761 post
2640 5691 2853 5761 obitum
2901 5689 3188 5761 animabus
3220 5687 3419 5752 danda,

1847 5770 1972 5821 item
2011 5767 2151 5835 apud
2190 5780 2288 5818 nos
2318 5759 2513 5832 Script.
2564 5777 2663 5816 νει.
2694 5773 2731 5814 t.
2767 5759 2881 5826 γη,
2924 5774 2979 5829 p.
3009 5760 3138 5828 266,
3171 5769 3226 5815 ct
3272 5775 3420 5815 nunc

1855 5838 2088 5907 denique
2131 5835 2469 5889 Theodorus.
