3926 6492
490 377 596 441 763

1670 379 1728 440 S.
1765 380 2155 445 THEODORI
2203 385 2546 447 STUDszE

3619 373 3728 439 764

493 489 673 560 nymia
707 489 1113 562 ambiguitatem
1163 489 1369 544 inducit
1426 489 1723 560 quominus
1771 507 1895 547 vera
1944 508 2061 562 per-

2166 495 2249 558 τίς
2286 489 2439 560 οὗτος
2472 497 2500 548 6
2545 494 2807 565 ἰ-Ιρώδης,
2853 493 2950 564 τῆς
2983 493 3306 564 ὁμωνυμίας
3335 490 3607 559 ἀσάφειαν
3627 489 3726 558 ἑμ-

493 596 626 635 soua
655 581 1024 652 dignoscatur.
1061 579 1325 635 Nimirum
1358 591 1440 637 est
1465 580 1552 635 hic
1580 583 1869 637 tetrarcha.
1898 581 2058 638 Nam-

491 685 598 740 que
644 672 804 737 hujus
837 681 989 741 pater
1023 673 1112 740 qui
1150 671 1381 728 infantes
1427 673 1720 736 interemit,
1744 673 1910 728 multo
1938 684 2062 731 ante

492 763 720 818 obierat.
752 763 861 817 Cur
898 763 987 817 bic
1011 773 1190 818 autem
1219 779 1247 817 a
1278 762 1489 818 Joanne
1537 745 2065 833 reprehendebatur?

491 852 640 924 quia,
673 853 909 924 legitima
937 853 1108 922 ejecta
1131 853 1382 923 conjuge,
1409 853 1585 906 Arelas
1615 852 1756 923 regis
1776 853 1900 917 lilia,
1936 851 2063 907 Phi-

491 943 620 1013 lippi
683 941 865 997 fratris
928 958 1152 998 uxorem
1187 943 1542 999 Herodiadem
1572 943 1675 998 sibi
1731 954 1920 999 contra
1983 945 2065 1000 fas

493 1035 930 1102 desponsaverat.
999 1033 1269 1090 Licuisset
1320 1035 1368 1089 ei
1409 1035 1596 1105 utique
1643 1034 1937 1088 liberorum
1971 1050 2064 1090 ex-

493 1135 696 1195 pertem
733 1125 928 1180 ducere
963 1126 1018 1180 in
1061 1127 1375 1197 conjugium
1435 1127 1506 1182 ob
1545 1125 1920 1181 suseitandum
1955 1125 2063 1182 fra-

440 1232 444 1236 λ
494 1215 561 1269 tri
599 1230 806 1279 semen,
829 1216 985 1284 juxta
1034 1216 1326 1272 Mosaicam
1380 1218 1554 1286 legem
1597 1217 1739 1282 ;sed
1770 1215 2062 1272 liberorum

489 1307 601 1375 jam
659 1318 887 1363 matrem
925 1325 1030 1362 non
1088 1308 1330 1364 licebat:
1364 1322 1528 1378 porro
1557 1316 1676 1362 erat
1731 1309 1855 1363 huic
1899 1309 2062 1364 ﬁliola

493 1397 824 1468 homonyma
899 1395 1186 1462 Herodias,
1243 1397 1447 1468 aspidis
1505 1398 1682 1462 fetus,
1733 1399 2059 1454 diabolicum

493 1487 809 1558 perditionis
864 1504 977 1544 sua:
1037 1489 1479 1544 instrumentum.
1541 1487 1688 1543 Justa
1743 1489 1905 1560 igitur
1966 1490 2062 1545 abs

492 1577 699 1634 Joanne
720 1580 1065 1650 reprehensio
1092 1580 1290 1644 ﬁebat;
1319 1589 1372 1636 et
1396 1577 1610 1649 quidem
1640 1581 1927 1634 monitoria
1955 1596 2059 1634 non

495 1669 907 1734 contumeliosa,
943 1669 1279 1724 medicinalis
1307 1684 1413 1723 non
1443 1667 1716 1723 vulniﬁca.
1747 1666 1886 1734 Quid
1917 1669 2059 1722 enim

495 1761 709 1817 aiebat?
741 1758 861 1815 Non
897 1760 1015 1814 licet
1043 1760 1137 1813 tibi
1162 1775 1276 1812 eam
1309 1758 1495 1813 habere
1527 1777 1546 1824 ;
1576 1768 1736 1827 atque
1791 1759 1858 1813 ad
1889 1759 2058 1829 legem

2164 586 2424 657 ποιούσης
2443 584 2534 639 τοῦ
2555 585 2903 655 όφειλομένου
2927 583 3219 654 προσώπου
3241 581 3532 653 δηλοῦσθαι
3551 597 3566 611 ο
3591 580 3728 632 ὄτε-

2162 676 2406 747 τράρχης
2430 675 2673 747 δηλονότι
2694 692 2709 707 ο
2739 678 2766 728 6
2803 675 2911 744 γὰρ
2939 674 3126 728 τούτου
3175 675 3376 743 πατὴρ,
3417 673 3447 725 6
3474 671 3582 724 τῶν
3630 688 3724 741 νη-

2165 770 2301 820 πίων
2352 767 2646 838 ἀναιρέτης
2690 764 3092 836 τετελευτηκὼς
3139 760 3225 837 ἦν.
3248 765 3444 818 πάλαι·
3477 763 3622 825 τίνος
3667 761 3726 814 δὲ

2163 857 2322 927 χάριν
2349 856 2611 925 ἠλέγχετο
2655 854 2809 926 παρά
2856 853 2950 908 τοῦ
3001 853 3245 908 Ἰωάννου
3273 853 3392 918 ςδτι
3434 851 3534 919 τὴν
3570 849 3728 919 νομί⁹

2167 963 2279 1015 μως
2315 945 2673 1013 συναφθεῖσαν
2697 941 2844 1012 αύτῷ
2891 944 3124 1011 γυναῖκα
3169 938 3521 1003 ἐκδεδιωκὼς,
3557 939 3728 1008 ἧγουν

2161 1035 2258 1102 τὴν
2305 1033 2584 1103 θυγατέρα
2625 1033 2818 1103 Ἀρέτα
2862 1031 2954 1085 τοῦ
3007 1030 3302 1101 βασιλέως,
3326 1029 3426 1100 τὴν
3451 1027 3547 1081 τοῦ
3576 1027 3730 1081 ἀδελ-

2169 1121 2271 1189 φοῦ
2294 1122 2565 1175 Φιλίππου
2608 1123 2912 1194 Ἡρωδιάδα
2939 1120 3270 1193 παρανόμως
3290 1120 3534 1189 ἐγήματο
3557 1135 3570 1149 ·
3598 1118 3728 1189 ἐξῆν

2163 1211 2271 1281 γὰρ
2297 1213 2459 1266 αὑτὸν
2488 1213 2692 1268 άπαιδα
2728 1208 2894 1266 οὖσαν
2924 1211 3224 1281 ἀγαγέσθαι
3265 1212 3344 1273 είς
3374 1209 3560 1279 βίωσιν
3589 1209 3730 1279 πρὸς

2161 1302 2458 1356 ἀνάστασιν
2496 1303 2784 1372 ἀδελφικοῦ
2806 1303 3142 1374 σπέρματος,
3167 1302 3307 1354 κατὰ
3329 1301 3420 1352 τὸν
3446 1298 3729 1370 μωσαῖκὺν

2161 1392 2356 1461 νόμον·
2390 1393 2664 1447 ὑπόπαιδσ.
2712 1394 2769 1448 δὲ
2815 1395 3186 1464 τυγχάνουσαν
3210 1431 3226 1458 ,
3270 1390 3520 1462 οὐδαμῶς
3573 1390 3726 1461 (21)·

2160 1480 2228 1555 ἦν
2263 1485 2321 1538 δὲ
2357 1486 2495 1556 αὐτῇ
2538 1484 2827 1556 θυγάτριον
2850 1526 2865 1552 ,
2890 1487 2924 1555 ὴ
2972 1483 3260 1556 ὁμώνυμος
3329 1483 3620 1555 Ἡρωδιὰς,
3667 1481 3730 1535 τὺ

2161 1577 2380 1644 ἔγγονον
2410 1577 2508 1647 τῆς
2541 1578 2788 1642 ἀσπίδος,
2824 1578 2886 1631 τὸ
2913 1576 3220 1630 διαϐολικδν
3252 1575 3483 1647 δργανον
3514 1577 3615 1645 τῆς
3642 1574 3730 1626 ol-

2161 1666 2313 1728 κείας
2339 1666 2616 1730 ἀπωλείας
2635 1682 2650 1697 ⁸
2682 1666 2877 1720 οὐκοῦν
2906 1666 3131 1730 εἰκότως
3157 1668 3185 1720 6
3211 1665 3432 1735 ἐλεγχος
3460 1664 3612 1734 παρά
3630 1661 3728 1716 τοῦ

2174 1758 2418 1811 Ἰωάννου
2440 1774 2453 1789 ·
2484 1760 2579 1812 καὶ
2601 1755 2755 1822 οὗτος
2791 1757 3264 1830 ὑπομνηματικδς,
3295 1757 3414 1810 ἀλλ’
3440 1757 3536 1825 οὐχ
3567 1755 3729 1825 ὑϐρι-

494 1851 843 1921 provocabat,
887 1850 967 1906 sic
997 1848 1108 1904 fere
1131 1848 1318 1904 dicens
1355 1867 1368 1903 :
1407 1848 1605 1904 videsis
1651 1857 1704 1902 et
1733 1863 1895 1904 nosce
1925 1850 2054 1918 quid

2166 1848 2362 1914 στιχὸς,
2398 1849 2763 1918 ίατρευτικὸς,
2798 1849 2912 1902 ἀλλ’
2949 1849 3011 1902 ού
3040 1847 3502 1919 τραυματοποιός.
3524 1846 3590 1898 Τί
3618 1847 3736 1916 γάρ

494 1941 588 1996 tibi
625 1942 711 1996 lex
740 1940 986 2011 imperet.
1029 1938 1089 1993 Si
1135 1939 1326 2008 fratres
1371 1938 1530 1991 simul
1558 1937 1814 2003 habitent,
1844 1948 1892 1993 et
1922 1956 2056 1993 unus

491 2048 557 2086 ea:
593 2031 676 2086 his
721 2032 1000 2096 moriatur,
1043 2045 1134 2083 nec
1172 2046 1342 2083 semen
1381 2031 1428 2083 ei
1473 2029 1677 2098 fuerit;
1704 2045 1806 2082 non
1847 2029 2059 2084 dabitur

491 2125 743 2179 exstincti
777 2138 914 2177 uxor
949 2126 1057 2177 viro
1105 2122 1244 2175 haud
1277 2123 1565 2192 propinquo
1590 2122 1719 2186 ;sed
1771 2123 1868 2176 viri
1912 2123 2057 2176 illius

492 2215 660 2282 frater
711 2213 1035 2283 ingredietur
1065 2213 1134 2266 ad
1156 2228 1292 2276 eam,
1318 2220 1583 2282 sumetque
1612 2212 1712 2266 sibi
1746 2229 1981 2274 uxorem,
2008 2222 2058 2267 et

489 2319 609 2358 cum
642 2303 738 2358 illa
776 2304 1029 2357 habitabit
1057 2321 1075 2356 :
1100 2311 1149 2356 et
1178 2304 1225 2357 si
1264 2303 1438 2372 ﬁlium
1489 2305 1681 2372 pariet,
1715 2307 2059 2358 constituetur

490 2411 557 2450 ex
585 2395 821 2464 defuncti
869 2396 1098 2459 nomine,
1130 2405 1176 2449 et
1215 2410 1320 2448 non
1346 2393 1604 2448 delebitur
1635 2412 1819 2448 nomen
1855 2396 1967 2464 ejus
1995 2412 2059 2450 ea:

493 2487 670 2542 Israel
700 2487 768 2540 ".
813 2486 939 2541 H330
994 2486 1088 2540 tibi
1135 2487 1218 2540 lex
1259 2487 1607 2556 imperat;tu
1653 2501 1783 2540 vero
1836 2502 2056 2541 uxorem

493 2577 726 2644 duxisti,
763 2594 883 2647 quae
913 2579 1078 2632 ﬁliam
1111 2594 1178 2631 ex
1215 2577 1381 2631 fratre
1416 2586 1512 2631 tuo
1541 2586 1844 2647 susceptam
1875 2579 2055 2633 habet.

491 2667 568 2724 Ne
597 2670 780 2739 itaque
817 2669 1141 2740 legislatoris
1163 2669 1535 2739 prescriptum
1571 2669 2055 2739 praetergrediaris;

491 2777 670 2830 neque
701 2777 994 2832 purpuram
1037 2763 1277 2816 macules
1312 2761 1578 2831 sanguine
1607 2762 1834 2826 illicito;
1859 2772 2055 2815 etcum

491 2854 704 2909 alteris
729 2852 977 2922 exemplo
997 2868 1117 2908 esse
1133 2853 1352 2917 debeas,
1385 2868 1514 2908 cave
1540 2868 1607 2906 ne
1636 2853 1872 2907 subditis
1891 2867 2054 2907 causa

493 2943 749 3013 peccandi
786 2942 1036 3000 eﬂiciaris
1069 2961 1083 2997 :
1114 2945 1338 3014 ideoque
1396 2944 1598 3013 justam
1651 2943 2054 2998 damnationem

491 3034 736 3104 patiaris,
770 3036 1019 3104 quoniam
1051 3037 1346 3089 districtum
1383 3035 1658 3104 judicium
1691 3051 1776 3088 eos
1805 3035 1894 3104 qui
1924 3036 2054 3088 emi-

493 3131 643 3175 ttente
668 3122 925 3192 dignitate
959 3134 1077 3176 sunt
1108 3134 1280 3177 manet
1302 3125 1366 3178 ⁸⁸.

2163 1957 2359 2012 φησινς
2390 1942 2510 1994 Οὐκ
2533 1939 2737 2001 ἔξεστί
2761 1956 2860 1994 σοι
2886 1941 3051 2010 ἔχειν
3077 1939 3271 2006 αὑτήν
3297 1955 3312 1968 ⁸
3344 1939 3439 1990 ἐπὶ
3453 1937 3553 2008 τὴν
3575 1937 3731 1989 θείαν

2161 2031 2321 2085 αὑτὸν
2357 2031 2675 2102 νομοθεσίαν
2708 2033 2913 2097 ἄνεισι,
2941 2031 3170 2086 τοιαῦτά
3204 2047 3320 2094 πως
3359 2029 3535 2097 λέγων
3561 2044 3577 2059 ’
3619 2026 3732 2080 ’ῐδε

2161 2123 2256 2176 καὶ
2281 2121 2544 2190 ἑπίγνωθι
2573 2122 2626 2176 τί
2657 2140 2739 2176 σοι
2779 2124 2806 2176 6
2857 2124 3021 2193 νόμος
3060 2119 3498 2192 παρακελεύεται
3523 2135 3537 2149 ·
3587 2119 3733 2172 Ἐὰν

2161 2214 2229 2268 δὲ
2270 2213 2660 2269 κατοικοῦσιν
2712 2215 2961 2284 ἀδελφοὶ
3002 2215 3100 2268 ἐπὶ
3130 2214 3198 2266 τὸ
3234 2214 3403 2276 αὐτὸ,
3437 2211 3539 2265 καί
3578 2211 3733 2264 ἀπο-

2164 2306 2313 2374 θάνῃ
2342 2302 2430 2373 εἷς
2464 2307 2533 2371 ἐξ
2567 2306 2787 2370 αὐτῶν,
2820 2305 3057 2374 σπέρμα
3090 2304 3158 2358 δέ
3179 2303 3265 2372 μὴ
3300 2303 3394 2371 ειη
3416 2301 3596 2367 αὐτῷ,
3618 2304 3734 2356 οὐκ

2163 2397 2333 2451 ἐστιν
2353 2398 2390 2464 ἡ
2425 2397 2580 2467 γυνὴ
2623 2397 2728 2450 τοῦ
2760 2400 3114 2463 τεθνηκότος
3159 2395 3274 2458 ἕξω
3305 2394 3478 2461 ἀνδρὶ
3519 2391 3599 2460 μὴ
3629 2392 3733 2461 ἐγ-

2163 2485 2378 2556 γίζοντι
2402 2504 2415 2519 ·
2452 2491 2483 2540 ὀ
2508 2487 2774 2556 ἁδελφὸς
2800 2485 2906 2539 τοῦ
2926 2486 3146 2554 ἀνδρὸς
3171 2483 3360 2553 αὐτῆς
3380 2487 3701 2538 είσελεύσε
3717 2515 3741 2529 -

2164 2595 2256 2632 ται
2276 2579 2426 2646 πρὸς
2466 2578 2661 2647 αὐτὴν
2682 2622 2696 2645 ,
2725 2579 2823 2634 καί
2869 2579 3127 2647 λήψεται
3178 2578 3370 2644 αὐτὴν
3394 2576 3588 2641 ἑαυτῴ
3628 2595 3739 2646 rv-

2162 2668 2358 2734 ναῖκα,
2373 2671 2468 2722 καί
2482 2669 2836 2738 συνοικήσει
2853 2667 3030 2738 αὐτῇ·
3051 2669 3147 2723 καὶ
3165 2669 3336 2722 ἔσται
3358 2669 3444 2732 τὸ,
3469 2668 3736 2734 παιδίον,

2163 2761 2195 2815 ὃ
2254 2761 2332 2816 ἂν
2367 2762 2581 2832 τεχθῇ,
2618 2763 3132 2830 κατασταθήσεται
3168 2763 3239 2816 ἐκ
3284 2760 3391 2815 τοῦ
3443 2762 3741 2830 ὀνόματος

2163 2853 2268 2907 τοῦ
2308 2856 2819 2922 τετελευτηκότος,
2849 2856 2948 2909 καί
2983 2857 3096 2910 οὐκ
3133 2852 3635 2923 ἐξαλειφθήσεται
3671 2853 3744 2907 τὸ

2165 2942 2351 3012 ὄνομα
2398 2946 2584 3000 αὐτοῦ
2629 2947 2699 3011 ἐξ
2740 2945 3012 3014 Ἰσραήλ.
3047 2945 3237 3000 Ταῦτά
3278 2946 3597 3016 σοιόνόμος
3634 2961 3743 2997 πα-

2168 3032 2515 3101 ρακελεύεται
2540 3051 2556 3067 ’
2588 3040 2651 3090 σὺ
2677 3035 2734 3088 δὲ
2772 3035 3068 3104 είσοικήσω
3109 3033 3207 3106 τὴν
3256 3035 3484 3105 ἔχουσαν
3524 3032 3756 3086 παιδίον-

2162 3124 2229 3175 ὲκ
2255 3123 2350 3176 τοῦ
2373 3124 2602 3195 ἀδελφοῦ
2639 3143 2758 3179 σου.
2805 3125 2897 3195 Μὴ
2929 3123 2986 3178 δὲ
3026 3124 3279 3195 παραϐῇς
3321 3124 3413 3178 τοῦ
3446 3123 3744 3192 νομοθέτου

489 3215 584 3267 τδν
605 3216 728 3287 ὅρον
747 3229 760 3244 ·
792 3213 915 3285 μηδ’
949 3214 1116 3284 αὐτὴν
1133 3214 1420 3284 ἁλουργίδα
1451 3214 1682 3288 μολύνῃς
1707 3215 1899 3286 αἵματι
1923 3214 2122 3285 ἀνοσίῳ
2149 3231 2163 3245 ο
2218 3218 2355 3286 μήτε
2379 3216 2483 3287 μὴν
2502 3219 2529 3269 6
2554 3217 2732 3281 ἄλλοις
2791 3218 2961 3280 τύπος
3001 3215 3263 3287 εὐνομίας
3321 3216 3552 3284 ὀφείλων
3605 3215 3744 3268 καθα

491 3307 863 3373 εστάναι,τοῖς
889 3307 994 3359 ὑπὸ
1018 3309 1174 3378 χεῖρα
1198 3306 1368 3370 αἴτιος
1404 3308 1629 3378 ὁφθείης
1657 3306 2036 3381 παρανομίαςο
2076 3306 2182 3360 κάν
2243 3310 2417 3379 τούτῳ
2485 3308 2727 3372 ὑποίσοις
2767 3309 2828 3362 τὺ
2886 3311 3060 3379 κρῖμα
3101 3308 3335 3373 ἔνδικον,
3361 3306 3483 3360 Ὅτι
3541 3309 3751 3376 κρίσις

503 3399 803 3466 ἀπότομος
824 3398 894 3450 ἐν
915 3397 1040 3464 τοῖς
1062 3397 1425 3466 ὑπερέχουσι
1465 3399 1707 3467 γίνεται.

566 3493 619 3549 5.
660 3492 753 3547 llle
809 3500 988 3546 autem
1037 3493 1274 3560 potentia
1317 3493 1523 3557 elatus,
1583 3490 1752 3548 Deum
1802 3496 2068 3553 exsistere

494 3585 714 3646 oblitus,
749 3581 981 3644 furebat,
1017 3582 1097 3636 ira
1135 3583 1417 3645 aestuabat,
1453 3584 1926 3651 reprehensionem
1975 3603 2064 3643 re-

494 3675 744 3746 pellebat.
775 3671 892 3728 Nou
921 3683 1003 3729 est
1032 3673 1276 3730 imitatus
1307 3673 1589 3742 Davidem,
1621 3676 1711 3745 qui
1742 3691 1771 3730 a
1802 3679 2063 3747 propheta

494 3765 738 3820 Nathsne
763 3765 829 3819 de
877 3765 1126 3819 adulterii
1172 3765 1405 3820 crimine
1449 3775 1761 3836 coargutus,
1791 3767 1846 3821 in
1875 3783 2064 3824 vocem

494 3859 642 3914 illam
672 3856 848 3926 erupit
876 3873 889 3910 :
923 3855 1143 3911 Peccavi
1174 3856 1396 3911 Domino
1421 3857 1681 3925 ":cujus
1719 3857 1790 3913 ob
1843 3856 2068 3913 humili-

496 3956 660 4002 tatem
687 3945 947 4001 Dominus
978 3956 1257 4016 peccatum
1279 3948 1579 4002 transtulit.
1615 3947 1718 4002 Sed
1751 3948 1859 4015 hic,
1892 3949 2068 4020 inquit

499 4037 798 4109 Scriptura,
851 4037 1275 4107 comprehensum
1335 4036 1599 4092 Joannem
1651 4039 1873 4094 vinculis
1944 4056 2066 4095 cono

496 4131 712 4185 strinxit
733 4141 781 4184 et
805 4130 1004 4184 carceri
1050 4130 1273 4184 tradidit
1296 4131 1362 4184 ⁸³.
1394 4128 1676 4185 Hominem
1725 4131 2067 4202 philosophia

496 4222 757 4276 invictum
797 4220 1209 4290 comprehendit
1247 4221 1293 4276 is
1322 4221 1416 4291 qui
1447 4222 1680 4277 luxuria:
1708 4225 1960 4292 passione
1995 4233 2070 4282 te-

497 4312 724 4368 nebatur
755 4328 768 4365 :
813 4310 1086 4365 hominem
1114 4310 1371 4376 liberum,
1401 4319 1587 4378 utpote
1632 4312 1782 4366 omni
1817 4314 2069 4381 passione

505 4405 778 4467 solutum,
812 4402 1057 4471 alligavit
1115 4402 1162 4457 is
1200 4402 1293 4472 qui
1349 4401 1780 4472 intemperantiae
1841 4404 2068 4462 vinculis

497 4494 826 4549 constrictus
841 4502 958 4548 erat
991 4511 1004 4546 :
1027 4492 1306 4547 custodem
1333 4493 1854 4564 praedicatoremque
1881 4494 2055 4552 Eccle-

497 4587 593 4641 sia:
653 4585 869 4640 tradidit
898 4585 1179 4650 custodiae,
1208 4586 1254 4639 is
1305 4586 1399 4654 qui
1456 4585 1790 4655 impurorum
1847 4596 2067 4644 actuum

496 4678 827 4746 mancipium
881 4686 1016 4733 erat.
1078 4675 1301 4745 Propter
1355 4676 1642 4730 Herodiam
1695 4677 1927 4748 Philippi
1960 4681 2070 4748 ira.

2236 3501 2296 3549 s'.
2337 3491 2395 3546 '0
2424 3490 2482 3545 δὲ
2518 3489 2633 3559 ἅμα
2670 3485 2749 3557 τῷ
2793 3484 3005 3554 κράτει,
3032 3482 3212 3536 καὶτὸ
3254 3477 3393 3535 εἶναι
3437 3481 3571 3534 Θεὸν
3615 3483 3755 3536 επις

2164 3584 2520 3657 λελησμένος,
2565 3578 2779 3649 ἐμάνη,
2811 3576 3020 3648 ἐξήφθη
3058 3575 3136 3646 τῷ
3185 3572 3365 3644 θυμῷ,
3410 3573 3750 3629 ἀπεσείσατο

2165 3679 2253 3732 τὸν
2285 3676 2511 3744 ἔλεγχον
2534 3687 2548 3702 ο
2577 3671 2678 3723 οὐκ
2736 3668 3048 3737 ἐμιμήσατο
3084 3665 3178 3718 τὸν
3221 3663 3408 3730 Δαὸὶδ,
3448 3663 3509 3726 6;
3547 3665 3747 3735 ἐπειδὴ

2167 3767 2414 3838 ⁴ιἰλέγχθιιι
2467 3763 2619 3834 παρά
2675 3760 2864 3814 Νάθαν
2912 3758 3006 3813 τοῦ
3060 3758 3338 3829 προφήτου
3370 3757 3462 3809 ἐπὶ
3494 3754 3750 3826 μοιχείας

2166 3858 2500 3927 ἐγκλήματι,
2541 3853 2759 3924 ἐκείνην
2787 3849 3120 3922 προεϐάλετο
3150 3850 3250 3917 τὴν
3276 3846 3481 3918 φωνὴν,
3525 3846 3752 3916 Ἦμάρ-

2167 3960 2321 4012 τηκα
2349 3941 2428 4007 τῷ
2457 3942 2653 4010 Κυρίῳ
2679 3955 2693 3969 ο
2727 3932 2791 3993 οὗ
2827 3937 2916 3992 διά
2942 3936 3042 4008 τὴν
3069 3937 3397 3992 ταπείνωσιν
3423 3937 3518 3991 καὶ
3533 3937 3752 4007 Κύριος

2167 4032 2540 4106 παρεκὸίδασε
2561 4031 2621 4083 τὸ
2643 4030 2944 4101 ἁμάρτημα
2970 4043 2984 4059 ·
3017 4027 3160 4083 ἀλλά
3222 4030 3562 4097 Κρατήσας,
3583 4028 3748 4098 φησὶ,

2167 4127 2276 4182 τὸν
2315 4124 2628 4190 Ἰωάννην,
2662 4121 2889 4188 ἔδησεν
2927 4121 3114 4173 αὑτὸν
3151 4121 3249 4173 καὶ
3284 4119 3504 4188 ἔθηκεν
3534 4119 3605 4172 ἐν
3632 4137 3724 4188 φυ

2166 4217 2349 4286 λακῇ.
2415 4214 2721 4284 Ἐκράτησε
2773 4210 2864 4263 τὸν
2907 4208 3196 4279 φιλοσοφίᾳ
3257 4209 3754 4281 ἀκράτητον,όκεο

2168 4307 2509 4380 κρατημένος
2533 4305 2612 4376 τῷ
2647 4302 2809 4358 πάθει
2837 4301 2934 4370 τῆς
2965 4298 3253 4368 ἀσελγείας
3280 4317 3294 4330 ·
3313 4300 3471 4370 ἔδησε
3493 4299 3586 4353 τὸν
3607 4301 3752 4353 ἀπο-

2167 4402 2460 4471 λελυμένον
2504 4401 2570 4469 τῇ
2619 4395 3025 4468 ἀπροσπαθείᾳ,
3055 4395 3084 4446 6
3111 4391 3394 4463 δεδεμένος
3428 4395 3495 4464 τῇ
3527 4407 3752 4462 μαγγαο

2168 4494 2258 4565 νίᾳ.
2283 4493 2380 4564 τῆς
2399 4490 2693 4553 ἀκολασίας
2719 4503 2732 4517 ’
2769 4488 2923 4541 ἔθετο
2953 4487 3010 4539 ὲν
3042 4485 3258 4556 φυλακῇ
3281 4485 3372 4538 τὸν
3404 4485 3623 4552 φύλακα
3650 4486 3754 4538 καὶ

2167 4587 2386 4656 κήρυκα
2415 4582 2516 4651 τῆς
2541 4579 2895 4650 Ἐκκλησίας,
2925 4580 2953 4632 6
2997 4577 3392 4648 καθειργμένος
3437 4578 3504 4647 τῇ
3545 4575 3751 4647 πράξει

2167 4679 2266 4747 τῆς
2323 4675 2702 4743 ἀκαθαρσίας”
2748 4672 2851 4725 Διὰ
2902 4669 3226 4738 Ἡρωδιάδα
3288 4669 3590 4723 Φιλίππου
3635 4669 3760 4724 τοῦ

499 4768 595 4820 tris
611 4767 694 4820 sui
709 4767 752 4798 '°
774 4764 1182 4832 ;lierodiadem,
1203 4766 1446 4835 inquam,
1467 4765 1649 4821 Dalilae
1670 4769 1914 4823 moribus
1932 4770 2056 4824 simi

2176 4766 2444 4837 ἀδελφοῦ
2468 4765 2688 4819 αὐτοῦ·
2737 4762 3039 4833 Ἡρωδιάδα
3088 4761 3185 4831 τὴν
3204 4761 3303 4830 τῆς
3356 4759 3553 4813 Δαλιδά
3614 4761 3754 4829 ὀμό-

495 4858 630 4924 lem,
655 4865 710 4912 et
735 4857 936 4912 diaboli
963 4857 1280 4925 complicem
1309 4874 1323 4910 :
1345 4859 1462 4927 ipsa
1480 4857 1624 4911 enim
1645 4858 1750 4912 tori
1765 4860 1972 4914 socium
1996 4878 2056 4916 ve

2180 4876 2401 4930 τροπον,
2439 4856 2654 4911 καὶτοῦ
2697 4855 2944 4909 διαϐόλου
2994 4854 3424 4923 συμπράκτοραο
3455 4852 3596 4923 αὕτη
3633 4854 3752 4924 γὰρ

498 4948 680 5017 potius
700 4947 990 5003 ascititium
1006 4947 1073 5002 ad
1087 4945 1314 5001 Joannis
1331 4947 1513 5002 odium
1540 4947 1776 5016 impulit.
1797 4947 1916 5003 Non
1934 4949 2070 5016 fero,

497 5037 697 5106 inquit,
722 5036 1014 5105 vituperari
1049 5051 1170 5106 quae
1197 5051 1317 5090 sum
1346 5036 1532 5106 regina
1563 5052 1593 5091 a
1623 5035 1902 5092 Zachariae
1935 5039 2065 5094 tilio.

498 5125 673 5181 Trade
725 5125 930 5180 carceri
965 5125 1203 5196 linguam
1246 5141 1368 5195 qua:
1418 5139 1505 5180 me
1542 5125 1785 5180 diﬁ‘amat
1816 5144 1829 5180 :
1860 5127 2064 5196 perime

499 5215 682 5271 statim
724 5216 935 5286 spiculo
978 5215 1129 5270 illum
1162 5216 1255 5285 qui
1299 5215 1414 5271 suis
1450 5216 1687 5270 animam
1741 5232 1920 5272 meam
1951 5232 2062 5273 ser-

499 5311 753 5366 monibus
780 5325 877 5383 ceu
909 5310 1026 5366 telis
1047 5311 1318 5365 vulnerat.
1355 5310 1588 5381 Cumque
1629 5327 1747 5365 eum
1791 5311 1939 5366 uellet
1984 5328 2066 5366 οο-

498 5407 690 5472 cidere,
717 5407 891 5460 timuit
928 5407 1200 5476 populum,
1223 5410 1348 5476 quia
1376 5407 1638 5476 propheta:
1660 5407 1772 5461 loco
1805 5423 1923 5460 eum
1971 5407 2063 5460 Ita-

499 5499 684 5552 bebant
708 5499 775 5553 “.
802 5497 920 5554 Non
950 5500 1093 5554 enim
1120 5500 1165 5555 si
1190 5500 1407 5569 quando
1436 5501 1621 5556 volunt
1659 5515 1809 5572 reges
1836 5514 2058 5569 pravum

2175 4952 2266 5005 τὸν
2301 4949 2607 5019 σύγκοιτον,
2645 4936 2928 5018 μᾶλλονδὲ
2958 4945 3210 4999 σύνθετον
3241 4944 3448 5015 ὤτρυνε
3479 4944 3619 5016 πρὸς
3641 4945 3750 5018 τὴν

2169 5041 2265 5095 τοῦ
2289 5041 2536 5094 Ἰωάννου
2581 5040 2776 5110 μανίαν
2797 5054 2811 5068 ·
2841 5037 2916 5090 Οὐ
2942 5036 3109 5106 φέρω,
3145 5035 3298 5105 φησι,
3327 5032 3740 5104 κωμῳδεῖσθαι,

2169 5131 2457 5202 βασίλισσα
2506 5129 2868 5200 τυγχάνουσα,
2903 5128 3008 5180 ὑπὸ
3054 5126 3146 5179 τοῦ
3195 5125 3383 5188 παιδὸς
3423 5123 3743 5195 Ζαχαρίου’

2172 5225 2337 5287 κάθες
2365 5223 2464 5294 τὴν
2495 5221 2749 5291 γλῶσσαν
2780 5222 2839 5273 ἐν
2867 5219 3081 5290 φυλακῇ
3113 5218 3212 5290 τὴν
3256 5216 3356 5287 ἐμὲ
3389 5215 3745 5286 στηλ.τεύου-

2171 5331 2299 5368 σαψ
2333 5317 2545 5368 κτεῖνον
2568 5314 2624 5365 ἐν
2645 5312 2799 5381 τάχει
2852 5313 3023 5381 αἰχμῇ
3067 5309 3158 5363 τὸν
3213 5306 3349 5378 ἐμοῦ
3404 5308 3505 5376 τὴν
3557 5308 3746 5380 ψυχὴν

2167 5409 2279 5467 τοῖς
2330 5406 2509 5474 λόγοις
2561 5405 2636 5469 ὼς
2676 5403 2853 5473 βέλεσι
2894 5401 3354 5473 τραυματίζοντα.
3397 5399 3506 5454 Kal
3540 5400 3744 5454 θέλων

2167 5497 2351 5553 αὑτὸν
2379 5495 2744 5561 ἀποκτεῖναι,
2767 5493 3026 5565 ἐφοϐήθη
3059 5493 3166 5547 τὸν
3185 5493 3394 5561 ὄχλον,
3421 5490 3508 5545 ὅτι
3531 5490 3742 5559 ὥσπερ

565 5611 612 5645 ⁸⁸
643 5611 796 5668 Deut.
830 5629 954 5679 xxv,
987 5614 1040 5668 5.
1101 5614 1148 5646 ⁸⁸
1168 5612 1294 5684 Sap.
1323 5628 1399 5679 vr,
1430 5615 1482 5670 6.
1553 5616 1596 5648 ⁸⁷
1624 5615 1754 5686 Reg.
1783 5633 1881 5683 xu,
1914 5617 1998 5673 15.
2071 5615 2114 5648 ⁸⁸
2135 5613 2321 5670 Matth.
2399 5629 2506 5680 xw,
2531 5613 2584 5668 5.
2657 5610 2703 5644 ⁸⁸
2733 5610 2862 5667 ibid.
2894 5609 2950 5665 9.
3019 5609 3065 5640 ’θ
3088 5607 3216 5664 ibid.
3247 5608 3300 5663 5.

571 5701 682 5773 (2t)
712 5701 980 5773 losephus
1011 5705 1171 5760 Hebr.
1206 5706 1326 5760 loco
1359 5721 1482 5762 mox
1509 5707 1746 5763 citando.

571 5772 682 5841 (22)
717 5772 874 5830 Errat
903 5773 1243 5842 Theodorus,
1274 5792 1398 5833 nam
1458 5777 1656 5835 diserte
1710 5778 1848 5836 hanc
1884 5777 2055 5835 llero.

2167 5707 2342 5762 tliadis
2366 5706 2529 5761 filiam
2581 5703 2812 5775 appellat
2870 5700 3146 5765 Salomen,
3181 5713 3287 5775 non
3351 5697 3735 5760 Herodiadetn.

2162 5776 2358 5847 Joseph
2390 5776 2568 5843 Antia.
2604 5771 2698 5830 lib.
2722 5789 2877 5840 xvm,
2934 5787 3053 5839 cap.
3084 5785 3156 5837 vr,
3188 5771 3241 5826 4.
