3926 6510
206 440 302 505 765

800 451 1082 516 ORATIO
1124 459 1287 519 VIII.
1331 485 1398 494 -
1424 459 1504 520 IN
1536 460 2170 524 DECOLLATIONEM
2200 465 2261 526 S.
2295 466 2563 533 JOANN.
2588 468 2802 529 BAPT.

3330 463 3440 528 766

206 554 518 625 προφήτην
539 558 725 611 αὐτὸν
745 556 938 630 εἶχον·
975 566 1035 616 οὐ
1070 567 1178 636 γὰρ
1220 568 1384 636 ἡνίκα
1434 569 1765 639 βουληθῶσιν

1870 570 2070 640 aliquid
2110 588 2290 643 agere,
2321 575 2502 629 statim
2549 576 2809 645 impetum
2861 591 3020 632 suum
3046 577 3100 631 in
3142 590 3280 645 opus
3307 589 3438 629 cono

205 646 248 696 ot
277 647 609 719 κρατοῦντες
639 652 842 720 πρᾶξαί
864 672 914 706 τι
942 655 1050 708 τῶν
1078 658 1344 721 ἐκτόπων,
1371 660 1530 723 εὐθὺς
1561 661 1659 731 τὴν
1681 663 1769 730 όρ-

208 739 303 808 μὴν
335 742 415 802 είς
445 740 606 810 ἔργον
632 742 877 811 ἄγουσιν,
911 748 1048 801 αἰδοῖ
1089 752 1184 803 καὶ
1231 752 1381 822 φόόῳ
1400 753 1494 805 τοῦ
1525 753 1767 824 ὑπηκόου

205 830 626 901 ἀναϐαλλόμενοι
663 835 757 887 καλ⁵
785 836 1082 902 κλωθέντες
1109 843 1189 904 εἰς
1223 843 1448 907 ἑαυτοὺς
1477 845 1568 897 τὸν
1600 845 1768 918 ἐφαρ-

206 920 434 987 μόζοντα
466 924 658 992 καιρὸν
687 927 785 996 τῆς
825 930 1151 1000 μοχθηρίας.

269 1017 343 1076 ς’.
375 1015 682 1069 Γενεσίων
723 1018 792 1070 δὲ
843 1019 1152 1089 ἀγομένων
1191 1025 1297 1078 τοῦ
1344 1024 1624 1093 Ἡρώδου,
1656 1027 1766 1096 ὠρ-

203 1099 429 1167 χήσατο
458 1104 498 1170 ἡ
523 1104 787 1173 θυγάτηρ
833 1109 942 1174 τῆς
986 1109 1334 1179 Ἡρωδιάδος
1375 1117 1445 1169 ἐν
1473 1118 1553 1182 τῷ
1578 1119 1764 1188 μέσῳ,

203 1191 292 1281 καί
315 1192 506 1260 ἤρεσε
554 1196 636 1261 τῷ
672 1198 915 1268 Ἡρώδῃ,
939 1201 1080 1255 ὅθεν
1099 1204 1226 1272 μεθ’
1267 1206 1449 1274 ὅρκου
1465 1210 1766 1280 ὡμολόγη-

201 1298 306 1335 σεν
337 1285 496 1354 αὐτῇ
524 1287 734 1342 δοῦναι
765 1291 796 1343 ὃ
823 1293 930 1345 ἐὰν
948 1295 1283 1364 αἰτήσηται.
1312 1298 1440 1352 Ὅτε
1476 1302 1643 1372 ἐχρῆν
1672 1304 1768 1356 αὐ·

200 1373 284 1425 τὸν
310 1376 496 1431 δοῦναι
522 1378 681 1445 δόξαν
699 1383 776 1451 τῷ
799 1384 917 1454 Θεῷ
935 1388 1013 1449 εἰς
1030 1388 1148 1441 τόδε
1181 1392 1520 1461 προαχθέντα
1547 1395 1607 1446 τὸ
1628 1396 1764 1462 φῶς,

199 1466 312 1556 τότε
353 1471 448 1523 τοῦ
483 1473 713 1536 σκότους
733 1476 799 1527 τὰ
829 1476 961 1546 ἔργα
996 1481 1342 1544 ἀσπάζεται·
1375 1483 1638 1553 θυμηδίας
1658 1487 1766 1556 γὰρ

198 1555 225 1608 6
246 1561 435 1629 καιρδς
465 1564 566 1616 οὐκ
590 1566 867 1636 ὀρχήσεως
891 1571 984 1622 καὶ
1018 1571 1250 1639 μάλιστα
1276 1575 1645 1642 γυναικώδους
1675 1555 1766 1631 ἐπὶ

199 1653 492 1724 ἀρρενικῆς
549 1656 710 1720 θέας·
736 1659 794 1725 ἐξ
840 1654 906 1731 ἦς
957 1663 1009 1715 τί
1051 1664 1109 1716 τὸ
1161 1667 1520 1736 τικτόμενον;
1560 1670 1722 1740 ὅρκος
1748 1687 1762 1700 ο

197 1742 255 1795 ὲκ
277 1744 334 1796 δὲ
353 1745 488 1812 τοῦς
523 1747 686 1814 φόνος
713 1765 726 1779 ο
759 1749 914 1803 ἄνελε
951 1751 1049 1815 τὰς
1081 1754 1241 1825 ῥίζας
1290 1758 1387 1826 τῆς
1421 1759 1636 1824 κακίας,
1674 1763 1766 1814 καὶ

196 1833 250 1885 οὐ
281 1834 579 1905 βλαστήσει
627 1841 842 1909 καρπὸς
873 1842 973 1911 τῆς
1011 1845 1242 1913 ἀνομίας
1265 1863 1278 1876 ⁸
1317 1848 1424 1900 τῶν
1450 1851 1681 1918 πρώτων
1708 1855 1764 1907 δὲ

1872 660 2074 725 ferunt,
2100 665 2397 719 reverentia
2435 679 2690 734 memque
2727 668 3075 723 subditorum
3127 667 3437 722 differentes

1871 759 2032 820 atque
2065 755 2203 808 intra
2243 771 2302 810 se
2335 756 2484 826 ipsos
2513 758 2798 814 molientes
2829 759 3083 815 idoneum
3116 759 3300 814 futuro
3323 770 3438 810 ma-

1867 843 2044 898 leﬁcio
2080 854 2310 915 tempus.

1939 1023 1991 1077 6.
2022 1024 2154 1076 Dum
2180 1035 2351 1078 autem
2377 1037 2656 1097 agerentur
2704 1027 2928 1082 Herodis
2955 1029 3182 1091 natalia,
3220 1029 3436 1083 saltavit

1867 1115 1983 1184 ﬁlia
2034 1115 2352 1171 Ilerodiadis
2377 1119 2432 1170 in
2459 1119 2632 1172 medio
2692 1121 2946 1184 convivio,
2998 1120 3295 1190 placuitque
3332 1118 3439 1172 Ile-

1869 1201 2005 1264 rodi,
2061 1207 2191 1254 adeo
2219 1213 2274 1255 ut
2316 1221 2434 1257 cum
2461 1205 2766 1273 juramento
2810 1209 3110 1276 promiserit
3133 1224 3188 1262 se
3211 1213 3257 1262 ei
3286 1208 3439 1261 datu-

1869 1309 1983 1345 rum
2026 1293 2279 1363 quidquid
2332 1295 2540 1362 petisset
2573 1297 2639 1349 ἰ.
2685 1299 2904 1353 Scilicet
2940 1314 3063 1353 cum
3109 1301 3437 1368 oportuisset

1865 1397 1989 1436 eum
2025 1386 2153 1436 dare
2195 1385 2420 1454 gloriam
2462 1384 2570 1440 Deo
2595 1387 2681 1442 die
2707 1388 2831 1452 hoc,
2863 1404 2973 1458 quo
3017 1391 3071 1444 in
3120 1391 3294 1444 lucem
3319 1391 3437 1443 edi-

1867 1483 1957 1529 tus
1986 1475 2182 1540 fuerat,
2223 1477 2566 1533 tenebrarum
2603 1480 2794 1534 maluit
2830 1496 2994 1551 opera
3021 1483 3268 1552 exsequi.
3308 1483 3436 1537 Erat

1866 1567 2086 1634 insuper
2115 1568 2312 1622 laetitiae
2353 1570 2572 1638 quidem
2605 1580 2818 1642 tempus
2844 1575 2970 1637 hoc,
2997 1589 3103 1628 non
3132 1584 3309 1629 tamen
3337 1575 3437 1629 sal-

1865 1659 2080 1712 tationis
2128 1660 2426 1729 praesertim
2475 1660 2690 1716 feminae
2724 1665 2777 1716 in
2808 1664 3053 1718 virorum
3112 1674 3432 1734 conspectu.

1863 1748 2033 1820 Cujus
2088 1753 2164 1805 rei
2211 1768 2459 1822 quaenam
2495 1756 2715 1824 sequela
2745 1755 2881 1810 fuit?
2909 1771 3105 1825 nempe
3157 1757 3438 1827 jusjuran-

1862 1845 2014 1898 dum.
2061 1845 2198 1911 Quid
2225 1846 2350 1900 inde
2393 1847 2556 1901 vero?
2585 1848 2957 1902 homicidium.
3014 1848 3185 1903 Aufer
3219 1849 3436 1904 malitia:

197 1929 459 1994 φυέντων,
501 1931 895 2004 ἀναδοθήσεται
926 1936 1168 2007 δηλονότι
1198 1940 1258 1992 τὸ
1281 1941 1449 2011 πέρας
1486 1944 1594 1996 τῶν
1622 1963 1764 2014 πρα-

1870 1936 2098 2000 radices,
2145 1945 2200 1991 et
2237 1952 2345 1991 non
2389 1939 2677 2007 pullulabit
2727 1940 2936 1994 fructus
2967 1939 3272 2008 iniquitatis
3317 1948 3437 1998 :et-

195 2021 440 2089 γμάτων.
493 2024 822 2093 Ὠρχήσατο
848 2029 884 2095 ἡ
918 2030 1177 2098 θυγάτηρ
1194 2031 1303 2100 τῆς
1338 2035 1680 2103 Ἡρωδιάδος
1699 2037 1768 2091 ἐν

197 2111 270 2175 τῷ
319 2113 512 2178 μέσῳ,
576 2115 672 2168 καὶ
725 2115 910 2185 ἤρεσε
982 2119 1062 2185 τῷ
1110 2120 1372 2192 Ἡρώδῃ·
1400 2127 1492 2178 καὶ
1548 2127 1601 2178 τί
1657 2128 1765 2198 γὰρ

195 2201 382 2272 ἔμελλε
410 2207 810 2261 πεπαιδεῦσθαι
841 2211 992 2281 παρὰ
1038 2217 1137 2284 τῆς
1177 2215 1440 2287 τεκούσης
1468 2219 1500 2287 ἡ
1532 2235 1766 2288 μαστρο-

195 2294 410 2364 πόρινος
467 2296 734 2367 θυγάτηρ,
786 2299 818 2369 ἢ
871 2302 932 2353 τὸ
982 2302 1366 2373 ὲξορχεῖσθαι;
1401 2307 1494 2359 καὶ
1543 2309 1764 2362 τοσοῦτο

193 2380 626 2453 ὲξησκημμένως
661 2388 805 2456 ἔχειν
835 2390 964 2458 περὶ
1002 2391 1100 2461 τὴν
1146 2393 1478 2463 ὀρχήστραν,
1505 2395 1644 2449 ὥστε
1671 2398 1764 2450 καὶ

193 2473 386 2542 ἀρέσαι
435 2475 512 2545 τῷ
552 2477 800 2550 Ἢρώδῃ;
843 2479 964 2532 ὅθεν
1027 2482 1146 2548 μεθ’
1201 2484 1363 2554 ὅρκου
1415 2486 1763 2558 ὡμολόγησεν

194 2564 324 2635 αὐτῇ
350 2563 535 2618 δοῦναι
565 2567 592 2618 ὅ
621 2568 716 2620 ἐὰν
737 2570 957 2640 αἰτήσῃ.
991 2572 1224 2644 Τοιαύτη
1269 2575 1376 2645 γὰρ
1400 2578 1432 2645 ἡ
1465 2579 1763 2648 προπέτεια

192 2653 297 2705 τῶν
333 2654 823 2726 ἐκϐακχευομένων
871 2662 982 2721 τοῖς
1038 2662 1235 2716 πάθεσι
1272 2665 1368 2730 τῆς
1409 2668 1668 2737 ἀτιμίας,
1700 2671 1762 2722 ἀ-

195 2761 257 2796 πε
267 2747 578 2814 ρισκέπτως
604 2749 1055 2821 ἀποφαινομένων
1075 2756 1217 2808 κατὰ
1234 2758 1432 2821 παντὸς
1453 2754 1658 2824 οὗτινος
1677 2761 1764 2814 δό-

195 2835 362 2899 ξειεν·
399 2839 434 2906 ἡ
478 2839 536 2890 δὲ
579 2840 1013 2908 προϐιϐασθεῖσα
1059 2845 1163 2897 ὑπὸ
1208 2848 1305 2915 τῆς
1353 2852 1557 2919 μητρὸς
1589 2839 1762 2922 αὐτῆς

197 2928 414 2996 ἥρπαζε
443 2929 535 2982 τὸν
568 2931 665 2999 τῆς
704 2934 1016 3000 μιαιφονίας
1054 2935 1279 2990 θάνατον
1306 2939 1363 2990 ὃν
1386 2938 1544 2992 (υδινε
1595 2943 1761 2996 πάλαι

194 3018 482 3072 ἀποτεκεῖν
516 3022 548 3090 ἡ
577 3022 914 3090 ἐχιδνοτόκος
950 3025 1219 3096 Ἡρωδιὰς
1244 3048 1255 3061 ·
1282 3032 1372 3084 καὶ
1399 3033 1532 3102 πρὸς
1556 3034 1615 3086 τὸ
1632 3036 1760 3087 ἑαυ-

193 3112 284 3178 τῆς
320 3111 615 3182 θυγάτριον
631 3115 1107 3186 διαθερμανθείσα,
1132 3120 1274 3175 ἔοικε
1297 3125 1519 3177 τοιαῦτα
1547 3125 1722 3195 λέγειν
1744 3144 1756 3158 ⁸

196 3201 297 3254 Ἰδε
325 3205 353 3255 6
384 3206 600 3274 καιρὸς,
625 3207 837 3272 τέκνον,
867 3212 894 3262 ό
919 3210 1350 3282 ὲπιζητούμενος
1376 3219 1504 3286 ἡμῖν
1521 3236 1533 3248 ·
1559 3220 1761 3289 ἤνυσας

193 3293 270 3364 τῷ
295 3296 420 3347 ποδὶ
463 3296 524 3348 τὸ
565 3297 687 3366 ἐμοὶ
717 3299 1059 3371 φιλούμενον,
1085 3304 1377 3369 πέπαυκάς
1422 3326 1524 3378 μου
1571 3311 1632 3363 τὸ
1665 3313 1761 3363 ἀλ-

193 3390 370 3455 γεινὸν
421 3389 500 3459 τῷ
538 3392 771 3462 τεχνικῷ
820 3411 912 3447 σου
960 3395 1274 3467 λυρίσματι.
1326 3400 1633 3471 Κρύψωμεν
1684 3407 1764 3465 είς

195 3479 296 3548 γῆν
342 3480 436 3532 τὸν
470 3483 619 3550 ἡμᾶς
661 3483 1050 3550 στηλιτεύοντα
1075 3504 1087 3516 ·
1124 3487 1198 3540 ῐθι
1253 3490 1438 3560 τάχιον
1484 3492 1652 3547 ταῦτα
1681 3494 1764 3548 λέ-

193 3585 362 3638 γουσα
387 3589 398 3601 ·
425 3574 538 3638 Δός
552 3592 654 3642 μοι
670 3569 785 3629 ὦδε
802 3577 900 3629 ἐπὶ
924 3579 1132 3632 πίνακι
1149 3578 1262 3647 τὴν
1279 3584 1557 3651 κεφαλὴν
1573 3585 1764 3640 Ἰιυιὶν⁸

195 3679 305 3718 νου
329 3666 436 3718 τού
471 3666 840 3720 Βαπτιστοῦ.
872 3669 934 3720 Ὢ
964 3670 1162 3738 μανίας
1189 3671 1493 3742 ὑπερὸολῆς
1525 3677 1761 3746 αἴτημαί

197 3757 484 3825 μονονουχὶ
503 3757 585 3809 ότι
618 3758 693 3828 μὴ
723 3759 993 3829 ἐντρυφᾷν
1021 3757 1136 3832 εἶχε
1163 3764 1239 3834 τῷ
1278 3767 1480 3836 φονικῷ
1500 3768 1764 3838 θεάματι·

194 3845 556 3917 ὲδυσχὲρηνεν
593 3849 625 3920 ὴ
672 3850 870 3919 μαινὰς
926 3853 1021 3905 καὶ
1085 3855 1410 3928 φονεύτρια·
1444 3860 1541 3929 οὐχ
1586 3861 1767 3915 ἱκανὸν

194 3937 302 4007 γὰρ
342 3939 425 3990 ὅτι
458 3939 609 4006 ξίφος
656 3941 906 3996 διελάσαι
939 3944 1006 3996 τὰ
1033 3945 1128 3997 τοῦ
1165 3948 1309 4016 ἱεροῦ
1337 3952 1608 4022 τραχήλου
1636 3955 1766 4025 ᾑρε-

193 4028 531 4084 siam-alla
565 4034 668 4102 γὰρ
719 4039 813 4087 καὶ
863 4036 956 4089 ἐπὶ
1017 4039 1209 4093 πίνακι
1270 4040 1492 4112 δοθῆναι
1551 4062 1634 4099 σοι
1671 4046 1772 4118 τὴν

195 4122 355 4191 ἁγίαν
419 4125 666 4196 κεφαλὴν
712 4131 1176 4201 ἑπραγματεύσω.
1222 4138 1286 4189 ’Ὠ
1330 4139 1625 4208 ἀτάσθαλε,
1676 4143 1769 4196 καὶ

193 4214 290 4284 τῆς
324 4215 565 4279 Ἰεζάὸελ
594 4218 967 4291 ἀπηνέστερον
1015 4224 1074 4276 τὸ
1102 4222 1233 4295 ἦθος
1266 4228 1462 4298 ἔχουσα
1491 4232 1502 4283 l

265 4306 331 4370 ζ’.
362 4309 472 4362 Kul
525 4310 827 4377 ἐλυπήθη,
897 4315 1064 4384 φησὶν
1085 4357 1099 4381 ,
1142 4321 1176 4371 ό
1198 4319 1504 4389 ,ϐασιλεύς
1524 4340 1537 4354 ο
1569 4323 1667 4378 διὰ
1703 4325 1770 4379 δὲ

192 4400 334 4465 τοὺς
364 4400 587 4467 ὅρκους
612 4402 710 4455 καὶ
742 4404 884 4471 τοὺς
911 4410 1466 4479 συνανακειμένους
1486 4415 1773 4471 ἐκέλευσε

196 4487 449 4558 ὁοθῆναι
473 4507 490 4523 ⁸
520 4492 618 4544 καὶ
646 4492 892 4562 πέμψας
917 4496 1326 4567 dissuasuri/ture
1356 4504 1463 4556 τὸν
1495 4505 1772 4576 Ἰωάννην

1870 2026 2013 2080 enim
2055 2025 2199 2080 facto
2238 2026 2415 2092 initio,
2448 2030 2523 2082 rei
2567 2044 2784 2099 quoque
2823 2030 3087 2085 terminus
3140 2045 3437 2099 conseque-

1870 2125 1976 2170 tur.
2030 2117 2258 2171 Saltavit
2301 2117 2622 2175 Herodiadis
2662 2122 2778 2190 ﬁlia
2812 2123 2866 2174 in
2904 2122 3072 2176 medio
3112 2123 3362 2186 convivio,
3386 2131 3434 2176 et

1868 2206 2069 2262 Herodi
2095 2211 2313 2277 placuit.
2355 2209 2495 2275 Quid
2537 2212 2681 2266 enim
2738 2213 2882 2266 aliud
2930 2213 3120 2268 educta
3176 2212 3371 2268 fuisset
3404 2229 3435 2267 a

1865 2307 2036 2354 matre
2073 2301 2179 2353 tilia
2230 2301 2463 2368 lenonia,
2489 2317 2652 2373 quam
2684 2304 2918 2358 saltare?
2945 2304 3054 2358 imo
3076 2312 3129 2359 et
3158 2313 3438 2373 tantopere

1865 2391 1920 2445 in
1969 2406 2032 2445 eo
2072 2392 2198 2445 ludo
2235 2395 2494 2458 exerceri,
2540 2405 2598 2449 ut
2649 2396 2750 2462 ipsi
2796 2396 2994 2450 Herodi
3033 2394 3300 2464 placeret?
3341 2393 3435 2464 qui

1864 2482 2066 2538 idcirco
2115 2483 2164 2537 ci
2203 2485 2402 2552 recepit
2450 2485 2711 2554 quidquid
2768 2486 3101 2554 postulasset
3153 2500 3439 2540 concessu-

1864 2590 2007 2631 rum.
2058 2574 2182 2629 Haec
2233 2575 2434 2644 quippe
2477 2584 2561 2629 est
2612 2574 2994 2631 bacchantium
3030 2577 3084 2631 in
3128 2575 3437 2645 ignominiae

1863 2669 2208 2736 passionibns
2245 2669 2541 2730 temeritas,
2591 2677 2650 2722 ut
2695 2669 3095 2724 inconsiderate
3142 2670 3436 2724 decernant

1863 2756 1930 2811 de
1973 2773 2028 2811 re
2070 2757 2339 2826 qualibet,
2369 2766 2530 2826 prout
2562 2758 2738 2812 visum
2793 2756 2980 2814 fuerit.
3035 2759 3216 2813 Puella
3253 2771 3435 2811 veroa

1864 2856 2036 2901 matre
2059 2862 2156 2902 sua
2207 2848 2483 2910 instincta,
2512 2849 2852 2901 occasionem
2888 2847 3118 2914 arripuit
3147 2853 3432 2899 cruentam

1862 2955 2049 2995 necem
2123 2939 2459 3009 postulandi,
2501 2954 2663 3008 quam
2709 2937 2916 3006 jamdiu
2963 2937 3207 3006 viperina
3262 2945 3438 2990 mater

1863 3029 2126 3084 Herodias
2161 3029 2431 3098 parturire
2479 3028 2723 3098 parabat.
2749 3028 2944 3088 Cerne.
2972 3032 3068 3092 ait,
3103 3042 3134 3080 ο
3166 3027 3272 3081 lilia
3307 3035 3440 3080 tem-

1863 3134 1963 3187 pus
1998 3117 2153 3170 nobis
2181 3118 2497 3185 expetitum.
2549 3115 2681 3169 liem
2712 3115 2844 3168 mihi
2893 3123 3132 3184 optatam
3164 3114 3297 3183 pede
3340 3112 3440 3166 sal-

1863 3215 2013 3260 tante
2072 3204 2352 3259 confecisti
2395 3222 2409 3270 ;
2452 3204 2693 3258 dolorem
2752 3218 2931 3257 meum
2981 3201 3282 3255 artiﬁcioso
3347 3209 3441 3253 tuo

1789 3287 1831 3342 (ἶ
1871 3305 2033 3351 cantu
2064 3297 2287 3350 sedasli.
2319 3297 2500 3350 Terrae
2533 3295 2867 3349 infodiamus
2897 3294 3172 3348 hominem
3217 3291 3308 3361 qui
3339 3305 3440 3344 nos

1865 3386 2127 3440 dilfamat.
2165 3384 2328 3453 Perge
2359 3385 2538 3439 statim
2569 3385 2642 3437 ita
2667 3383 2880 3437 dictura
2912 3400 2926 3436 :
2956 3381 3037 3434 Da
3066 3380 3196 3433 uti/ti
3231 3380 3286 3432 in
3339 3379 3437 3431 hoc

1866 3478 2008 3530 disco
2046 3474 2267 3530 Joannis
2304 3474 2558 3543 Baptista
2601 3473 2866 3542 caput”.
2911 3470 2955 3524 0
2981 3470 3180 3525 sumini
3235 3467 3435 3524 furoris

1866 3567 2182 3637 postulatio!
2214 3565 2330 3620 Nisi
2360 3581 2428 3620 ex
2459 3575 2685 3620 cruento
2715 3560 3027 3634 spectaculo
3049 3560 3284 3616 fructum
3310 3574 3444 3613 ocu-

1867 3663 1932 3715 lis
1978 3671 2425 3728 consequeretur,
2482 3658 2622 3713 haud
2677 3657 2872 3711 satiata
2926 3655 3066 3711 foret
3127 3653 3440 3708 truculenta

1869 3765 2088 3805 maenas.
2123 3749 2239 3803 Non
2273 3749 2407 3805 satis
2451 3747 2547 3802 tibi
2581 3747 2706 3812 fuit,
2737 3745 2883 3818 quod
2927 3745 3196 3802 cervicem
3228 3757 3441 3800 sacram

1868 3841 2046 3910 gladio
2095 3853 2281 3894 secare
2323 3837 2566 3893 incitasti
2608 3856 2623 3902 ;
2663 3836 2757 3893 sed
2792 3845 2849 3892 et
2883 3837 2938 3892 in
2987 3836 3140 3891 disco
3190 3842 3441 3892 sanctum

1868 3942 2030 4004 caput
2055 3932 2149 3986 tibi
2177 3932 2291 3987 dari
2326 3930 2553 3985 curasti.
2586 3926 2631 3983 Ο
2661 3929 2909 3994 scelesta,
2936 3937 2990 3983 et
3025 3927 3140 3998 ipsa
3190 3924 3443 3982 Jezabele

1868 4024 2226 4081 crudeliorem
2251 4022 2487 4077 indolem
2517 4020 2744 4092 gerens!

1939 4312 1993 4365 7.
2029 4309 2095 4364 Et
2119 4310 2460 4363 contristatus
2488 4316 2585 4372 est,
2623 4308 2801 4378 inquit
2833 4306 3142 4377 Scriptura,
3192 4321 3286 4361 rea:
3308 4323 3328 4362 :
3350 4306 3444 4363 sed

1870 4413 2085 4473 propter
2107 4399 2509 4470 jusjurandum,
2537 4409 2585 4453 et
2603 4409 2814 4468 propter
2846 4400 3007 4453 simul
3040 4399 3442 4465 discumbentes,

1871 4495 1989 4549 dari
2003 4494 2206 4562 jussit:
2239 4494 2496 4561 missoque
2512 4491 2831 4560 spiculatore
2855 4491 3130 4545 decollavit
3183 4491 3444 4546 Joannem

195 4582 269 4634 ἐν
309 4582 390 4652 τῇ
435 4583 716 4654 φυλακῇ·
773 4585 870 4640 καὶ
917 4588 1141 4658 ἠνέχθη
1192 4593 1230 4659 ἡ
1288 4596 1525 4664 κεφαλὴ
1576 4601 1763 4655 αὑτοῦ

1870 4592 1923 4645 in
1951 4604 2194 4642 carcere:
2245 4598 2292 4640 et
2341 4587 2560 4640 allatum
2585 4594 2661 4640 est
2706 4586 2998 4654 caputeius
3041 4587 3095 4638 in
3123 4585 3291 4648 disco,
3339 4586 3443 4638 da—

191 4673 292 4727 ἐπι
323 4677 557 4742 πίνακι,
587 4678 686 4732 καὶ
726 4677 904 4747 ἐδόθη
952 4681 1030 4746 τῷ
1072 4686 1336 4752 κορασίῳ
1359 4701 1373 4717 ⁸
1411 4688 1508 4741 καὶ
1552 4689 1768 4761 ἤνεγκε

193 4765 463 4836 τῇμητρὶ
487 4767 698 4835 αὐτῆς.
735 4770 799 4823 Ὠ
837 4771 1149 4842 διαόολικῆς
1186 4784 1543 4848 παρασκευῆς
1578 4785 1773 4838 ἀποτέ-

194 4860 388 4927 λεσμα,
420 4861 509 4924 τίς
537 4862 564 4914 6
596 4864 911 4931 ἐπενεγκὼν
939 4865 1080 4921 κατὰ
1102 4867 1199 4936 τῆς
1241 4869 1389 4933 θείας
1438 4876 1679 4945 κεφαλῆς
1713 4879 1773 4931 τὸ

195 4951 545 5023 ἀναιρετικὸν
595 4952 780 5022 ξίφοςς
811 4958 838 5008 ό
873 4956 1120 5027 δεύτερος
1159 4959 1340 5029 Δωὴκ,
1375 4963 1403 5012 ὀ
1442 4963 1639 5034 ἄνομος
1665 4968 1772 5019 ὑπ-

194 5041 420 5112 ηρέτης,
460 5041 558 5094 καὶ
593 5041 654 5093 οὐ
688 5045 930 5115 μιμητὴς
952 5045 1060 5099 τῶν
1082 5049 1464 5118 ἐφεστηκότων
1485 5054 1775 5124 ἐμφρόνως

1883 4695 2094 4751 tumque
2117 4680 2324 4757 puellae,
2357 4696 2474 4749 qute
2497 4679 2564 4731 ad
2597 4687 2818 4731 matrem
2853 4679 3040 4732 detulit
3069 4678 3135 4732 ”.
3164 4676 3207 4732 Ο
3244 4678 3444 4747 iniqua:

1870 4773 2170 4828 molitionis
2207 4772 2384 4826 exitus
2414 4775 2426 4824 l
2463 4771 2596 4836 Quis
2634 4772 2796 4825 divali
2820 4771 2986 4839 capiti
3012 4770 3209 4824 lethale
3238 4770 3442 4824 ferrum

1871 4863 2097 4919 intulit?
2131 4859 2315 4915 Novus
2345 4861 2510 4930 Doeg,
2543 4861 2806 4915 scelestus
2833 4861 3107 4924 minister,
3131 4858 3275 4912 haud
3299 4867 3446 4913 certe

1872 4957 2111 5011 imitator
2145 4954 2359 5009 illorum
2385 4953 2480 5023 qui
2536 4953 2720 5007 sobrie
2755 4953 3074 5007 restiterunt
3118 4951 3231 5021 regi
3264 4950 3440 5013 Sauli,

1877 5047 1965 5102 Dei
1989 5047 2276 5116 pr0phetas
2307 5045 2480 5099 occidi
2511 5045 2745 5114 jubenti.
2791 5043 2859 5097 Et
2902 5043 3129 5096 allatum
3175 5049 3252 5095 est
3288 5049 3446 5111 caput

194 5130 367 5184 Σαοὺλ
407 5129 490 5200 τῷ
519 5130 751 5199 βασιλεῖ,
789 5133 950 5201 ἡνίκα
1000 5135 1332 5204 προσέττατε
1360 5139 1485 5201 τοὺς
1515 5140 1609 5192 τοῦ
1637 5139 1765 5191 Θεοῦ

1873 5139 1984 5207 ejus
2018 5138 2074 5190 in
2131 5138 2296 5190 disco.
2349 5136 2531 5190 Dicam
2605 5151 2672 5188 ne
2744 5134 3076 5200 convivium,
3130 5148 3200 5188 an
3258 5131 3444 5203 potius

197 5223 487 5290 προφήτας
521 5221 962 5278 ἁποκτείνεσθαι.
1015 5225 1122 5277 Καὶ
1170 5226 1398 5296 ἠνέχθη
1444 5230 1482 5295 ἡ
1540 5231 1765 5298 κεφαλὴ

1876 5229 2122 5299 supplicii
2156 5229 2335 5282 locum
2369 5228 2656 5297 prandium
2687 5228 2790 5282 hoc
2816 5227 2838 5279 ‘l
2881 5226 3136 5281 convivas
3166 5240 3233 5279 ne
3257 5222 3448 5294 appel—

194 5311 381 5366 αὐτοῦ
419 5313 521 5366 ἐπὶ
557 5313 784 5366 πίνακι.
827 5313 1140 5381 Συμπόσιον
1176 5318 1387 5388 εἴποιμι
1429 5318 1460 5387 ἢ
1510 5322 1765 5391 φονευτήε

1876 5320 2003 5385 lem,
2037 5335 2104 5373 an
2136 5319 2419 5373 carnilices
2472 5317 2565 5388 qui
2607 5318 2807 5372 inﬂatis
2860 5317 2987 5372 vino
3020 5316 3174 5372 venis
3222 5330 3444 5368 accum-

200 5421 312 5473 ριον
345 5405 408 5458 τὸ
457 5403 707 5461 τοιοῦτον
753 5405 1007 5476 ἀριστονς
1042 5410 1372 5479 δαιτυμόνας
1416 5413 1765 5484 καλέσαιμιῆ

1879 5412 2048 5465 bunt!
2101 5409 2146 5464 Ο
2198 5410 2572 5481 spectaculum
2629 5411 2874 5463 novum!
2922 5424 2955 5464 o
3013 5408 3166 5464 triste
3220 5406 3443 5462 visum!

197 5497 581 5566 παλαμναίους
643 5497 770 5558 τοὺς
840 5501 1338 5570 συνανακειμένους
1414 5505 1765 5575 οἰνόφλυγας

1880 5502 2029 5554 Illinc
2077 5502 2192 5555 avis
2224 5500 2615 5570 apponebatur,
2667 5499 2796 5552 hinc
2853 5498 3229 5568 propheticum
3281 5503 3450 5566 caput

200 5587 269 5640 Ὠ
296 5589 482 5642 καινὸν
512 5589 696 5660 θέαμα
718 5607 732 5621 ·
765 5591 810 5644 ὣ
853 5592 1087 5662 πονηρὸν
1125 5593 1309 5664 ὅραμα
1335 5613 1350 5628 ο
1377 5596 1586 5649 ἐκεῖθεν
1630 5597 1765 5668 ὅρνις

1880 5593 2259 5648 exhibebatur.
2307 5590 2462 5646 Illinc
2509 5590 2694 5645 vinum
2758 5604 3038 5645 meracum
3091 5587 3444 5653 fundebatur,

199 5680 550 5747 παρετίθετο,
576 5682 826 5735 ἐντεῦθεν
851 5685 1166 5754 προφητικὴ
1189 5685 1402 5756 κεφαλὴ
1418 5686 1611 5756 ἤγετο*
1637 5689 1765 5742 ἐκεῖ·

1884 5685 2013 5741 hinc
2041 5683 2223 5754 justus
2276 5684 2499 5753 sanguis
2553 5681 2710 5752 quasi
2759 5680 2881 5737 fons
2936 5679 3140 5737 saliens
3168 5677 3444 5735 manabat.

272 5857 308 5893 "
337 5858 527 5915 Matth.
565 5873 676 5923 Juv,
707 5857 761 5911 θ.
831 5860 872 5890 ⁹¹
901 5859 1031 5914 ibitl.
1069 5859 1121 5914 8.
1196 5861 1240 5892 9’
1274 5860 1404 5916 ibid.
1455 5859 1538 5914 ll.
