3926 6434
512 365 614 430 767

1688 368 1746 427 S.
1808 362 2200 426 THEODORI
2257 365 2602 428 STUDlT/E

3649 375 3762 441 768

513 479 688 546 Quam
717 478 994 534 terriﬁcus
1026 478 1284 534 nuntius!
1327 492 1490 547 quam
1517 476 1800 531 horribilis
1855 477 1931 530 rei
1961 491 2082 529 nar-

2203 474 2278 527 λεν
2331 472 2472 542 οἶνος
2525 479 2718 548 ὲχέετο-
2762 480 3021 551 ἄκρατος,
3064 482 3314 538 ἐντεῦθεν
3369 479 3509 557 αἷμα
3556 487 3767 547 δίκαιον

514 571 680 628 ratio!
715 571 1013 641 Datumque
1043 581 1118 626 est
1144 571 1423 639 puellw,et
1447 569 1542 624 illa
1565 570 1755 624 detulit
1776 571 1843 623 ad
1868 581 2086 624 matrem

513 679 683 718 ειιαηι.
723 661 855 718 Hem
921 679 1191 721 summam
1261 662 1683 718 absurditatem!
1743 662 1936 717 Datum
2007 674 2092 720 est

516 755 897 811 inaestimabile
951 765 1114 827 caput
1144 771 1239 825 pro
1281 755 1375 808 vili
1398 762 1565 821 actu;
1615 755 1843 825 impurae
1897 757 2087 825 profa-

516 862 706 915 meque
744 847 982 912 feminae,
1017 864 1104 904 res
1131 857 1320 904 sancta
1361 855 1416 902 et
1461 847 1687 909 intacta,
1721 847 1853 915 ipsis
1880 849 2089 915 angelis

517 938 877 994 honorabilis.
923 941 1120 995 Attulit
1177 938 1244 994 ad
1294 947 1524 994 matrem
1583 955 1779 1000 suam;
1839 938 2090 994 videlicet

514 1027 716 1081 obtulit
764 1028 924 1096 quasi
974 1029 1216 1084 edulium
1269 1028 1522 1098 ingluviei
1577 1029 1772 1083 matris
1815 1044 1936 1099 qua:
1966 1044 2091 1099 pro-

515 1122 692 1191 pheta:
736 1137 923 1178 necem
969 1121 1332 1192 discupiverat
1365 1139 1377 1175 :
1415 1120 1673 1188 Comede,
1730 1122 2005 1191 inquiens,
2057 1141 2091 1178 ο

517 1222 714 1280 mater,
749 1229 943 1270 carnes
968 1215 1070 1269 viri
1117 1214 1208 1284 qui
1242 1213 1361 1269 sine
1381 1229 1548 1270 carne
1581 1215 1720 1269 vixit
1752 1231 1767 1280 ;
1807 1215 1931 1271 bibe
1958 1231 2089 1271 san-

514 1307 735 1376 guinem
783 1308 924 1380 ejus,
958 1308 1051 1379 qui
1087 1306 1379 1378 exsanguis
1428 1306 1482 1361 in
1547 1308 1660 1363 vita
1696 1307 1817 1362 fuit.
1847 1308 2090 1364 Tandem

515 1399 816 1472 aliquando
849 1403 1098 1457 silentem
1142 1400 1408 1456 habemus
1433 1401 1674 1474 linguam
1717 1400 1959 1457 hominis
1993 1401 2088 1473 qui

515 1505 616 1548 nos
645 1493 859 1563 publica
900 1492 1120 1548 infamia
1143 1493 1481 1562 aspergebat.

585 1583 638 1638 8.
678 1582 743 1636 Et
768 1585 1086 1649 accedentes,
1119 1583 1293 1652 inquit
1312 1583 1617 1656 Scriptura,
1643 1585 1893 1656 discipuli
1919 1587 2089 1656 illius,

514 1673 783 1729 sublatum
829 1692 1017 1747 corpus
1067 1677 1349 1745 sepultura
1415 1678 1744 1732 tradiderunt
1761 1681 1827 1733 “.
1895 1679 2090 1750 Specta

519 1781 754 1832 mecum,
789 1767 1036 1824 studiose
1068 1769 1307 1834 auditor,
1350 1768 1550 1840 pictam
1588 1772 1640 1824 in
1695 1772 1930 1838 imagine
1954 1771 2088 1841 justi

520 1857 618 1913 viri
667 1859 1032 1933 sepulturam,
1085 1860 1359 1930 simulque
1438 1861 1832 1920 lconomachos
1883 1866 2087 1938 castiga

516 1964 617 2005 ceu
666 1952 911 2007 veritatis
962 1953 1170 2009 hostes.
1228 1951 1476 2025 Cumque
1538 1957 1728 2012 sedulo
1805 1958 2090 2015 historiam

518 2041 719 2110 pictam
778 2042 1106 2113 inspexeris,
1162 2045 1289 2100 hinc
1340 2045 1437 2100 tibi
1499 2045 1736 2102 fructum
1797 2063 2089 2120 compara:

515 2131 789 2202 quomodo
809 2148 876 2188 ex
909 2148 1134 2189 carcere
1165 2136 1486 2206 producitur
1520 2148 1743 2195 sanctus
1769 2141 1851 2195 vir
1886 2143 2094 2198 catenis

517 2226 768 2281 vinctus:
799 2227 1073 2296 quomodo
1117 2226 1362 2283 carnifex
1397 2227 1637 2299 gladium
1671 2231 1966 2288 crudeliter
1997 2234 2086 2288 in-

517 2315 689 2372 tendit
719 2317 774 2371 in
811 2333 1030 2372 sacrum
1056 2318 1316 2374 verticem
1345 2338 1359 2375 :
1388 2321 1669 2391 quomodo
1698 2323 2005 2380 abscissum
2040 2334 2096 2381 et

514 2409 743 2464 odorato
765 2423 958 2466 cruore
994 2426 1226 2467 manans
1250 2421 1413 2483 caput
1443 2412 1643 2469 furenti
1669 2414 1957 2472 Herodiadi
1983 2428 2097 2474 tra-

514 2498 702 2554 ditur:
733 2501 1010 2570 quomodo
1051 2516 1268 2556 sacrum
1310 2518 1517 2572 corpus
1557 2505 1811 2561 manibus
1848 2506 2094 2576 discipu-

513 2592 692 2648 lorum
727 2593 1006 2663 sepelitur,
1050 2601 1410 2655 'mmstorum.
1453 2597 1942 2668 illacrymantium,
1977 2603 2094 2671 glo-

512 2683 681 2738 batim
729 2686 1025 2741 astantlum
1058 2702 1073 2750 ;
1104 2686 1234 2741 dum
1289 2686 1428 2743 alius
1480 2689 1645 2758 pedes
1700 2691 1892 2760 tangit,
1953 2693 2094 2748 alius

513 2785 678 2846 caput
706 2779 916 2847 reliquo
929 2777 1141 2847 corpori
1165 2793 1358 2834 rursus
1375 2782 1772 2846 accommodat,
1803 2784 1943 2839 alius
1965 2786 2092 2840 thu-

514 2868 712 2934 riticat,
743 2879 796 2923 et
822 2867 1073 2924 funebria
1109 2870 1313 2940 psallit.
1357 2871 1469 2926 lllic
1518 2889 1661 2939 sum,
1701 2889 1735 2930 o
1793 2875 2091 2945 auditores,

515 2962 713 3016 mentis
739 2976 874 3017 mem
903 2963 1136 3029 visione,
1169 2977 1450 3033 cernoque
1488 2967 1828 3035 sepulturam
1871 2969 2006 3040 justi
2037 2971 2092 3028 in

516 3068 651 3125 pace
695 3063 1032 3123 versantem,
1075 3065 1136 3111 ut
1187 3057 1268 3112 ait
1303 3055 1587 3130 Scriptura
1616 3061 1684 3114 ".
1716 3061 1894 3117 Cerno
1926 3080 2094 3136 ange-

2197 567 2492 638 κρουνηδὸν
2520 568 2768 640 ἐφέρετο.
2810 569 2899 633 Ὠς
2934 571 3200 644 φοϐεράὴ
3233 573 3484 644 ἀγγελία,
3521 578 3616 632 καὶ
3646 597 3771 649 φρι-

2197 657 2300 728 κτὴ
2335 661 2368 729 ὴ
2402 659 2678 730 ἐξηγορία.
2698 661 2804 716 Kal
2832 661 3010 729 ἐδόθη
3044 663 3122 730 τῷ
3149 667 3431 735 κορασίῳ,
3457 669 3554 722 καί
3586 670 3770 741 ἤνετ-

2198 768 2267 804 κε
2329 750 2404 819 τῇ
2427 753 2606 821 μητρί
2630 753 2842 822 αὐτῆς.
2864 755 2969 808 Φεῦ
2996 757 3094 826 τῆς
3112 759 3340 823 ἀτοπίας
3363 777 3374 789 ·
3401 761 3557 831 ἐδόθη
3591 766 3625 835 ἡ
3655 765 3774 818 άτί-

2200 861 2367 914 μητος
2401 845 2544 916 κάρα
2573 846 2713 916 ὑπὲρ
2741 848 2939 918 ἀτίμου
2963 849 3240 921 πράξεως,
3266 855 3332 923 τῇ
3363 855 3547 922 ἐναγεί
3569 859 3662 910 καὶ
3686 859 3774 927 βε-

2197 934 2403 1008 ϐήλῳή
2434 937 2572 1008 άγνὴ
2618 939 2713 992 καὶ
2751 938 3030 1009 ἄψαυστος
3067 945 3162 997 καὶ
3192 947 3303 1007 τοῖς
3340 945 3594 1014 ἀγγέλοις
3623 950 3774 1004 ayss-

2197 1045 2358 1098 σιμος
2382 1044 2395 1058 ⁸
2427 1030 2522 1082 καὶ
2548 1029 2749 1099 ἤνεγκε
2790 1032 2857 1102 τῇ
2887 1033 3058 1102 μητρὶ
3105 1033 3298 1102 αὐτῆς,
3329 1035 3494 1087 οίονεὶ
3523 1039 3776 1110 παρέθη-

2196 1139 2293 1175 κεν
2329 1122 2404 1183 ὡς
2450 1123 2710 1193 ἐδέσματι
2751 1124 3135 1196 ἐμφορηθῆναι
3179 1129 3246 1197 τῇ
3291 1127 3510 1200 ὀργὼσῃ
3551 1131 3644 1186 τὸν
3679 1133 3776 1188 τοῦ

2195 1215 2478 1285 προφήτου
2496 1214 2727 1269 θάνατον
2751 1217 2936 1286 ’Φάγε,
2965 1217 3218 1286 λέγουσα,
3268 1238 3312 1275 ω
3337 1221 3539 1293 μῆτερ,
3564 1223 3777 1297 σάρκας

2195 1306 2292 1361 τοῦ
2320 1308 2583 1381 άσάρκως
2631 1308 2931 1378 βιώσαντος
2955 1328 2970 1343 ·
3008 1312 3100 1365 πίε
3133 1307 3276 1384 αἷμα
3320 1312 3414 1367 τοῦ
3442 1314 3740 1385 άναίμονος
3760 1334 3774 1350 ο

2196 1400 2396 1472 ἔχομεν
2432 1401 2522 1456 διὰ
2577 1402 2779 1466 παντὸς
2827 1405 3199 1478 σεσιγημίνην
3248 1404 3348 1476 τὴν
3383 1406 3634 1475 γλῶτταν
3678 1411 3775 1465 τοῦ

2197 1493 2346 1564 ἡμᾶς
2377 1491 2848 1563 στηλιτεύσαντος.

2264 1585 2337 1650 η’.
2358 1580 2466 1635 Kal
2494 1584 2965 1651 προσελθόντες,
2988 1587 3176 1655 φησιν,
3203 1589 3257 1640 οι
3279 1587 3539 1655 μαθηταί
3557 1587 3773 1652 αὐτοῦ,

2203 1670 2353 1740 ἠραν-
2373 1672 2440 1726 τύ
2460 1672 2650 1742 σῶμα,
2684 1674 2784 1728 καί
2813 1674 3049 1745 ἔθαψαν
3087 1678 3255 1732 αὑτό.
3287 1678 3430 1748 Ὅρα
3461 1696 3576 1749 μοι,
3609 1674 3656 1734 ὧ
3684 1696 3776 1748 φι-

2196 1763 2452 1836 λοῖστωρ,
2485 1767 3056 1838 είκονογραφουμένην
3071 1769 3171 1840 τὴν
3200 1769 3380 1840 ταφὴν
3409 1771 3502 1826 τοῦ
3534 1772 3774 1836 δικαίου,

2193 1855 2288 1908 καὶ
2323 1859 2450 1921 τοὺς
2479 1857 2578 1927 μὲν
2599 1859 2994 1929 είκονομάχους
3029 1861 3370 1934 ἐπιρράπιξε
3412 1862 3487 1928 ὡς
3512 1863 3776 1934 ἀληθείας

2194 1946 2455 2018 ἐχθρούςο
2492 1949 2740 2017 ἐναργῶς
2775 1950 2836 2023 ,δὲ
2870 1949 2962 2004 ὕπ’
2987 1951 3111 2022 δψιν
3153 1952 3448 2024 λαμϐάνων
3495 1955 3594 2025 τὴν
3628 1957 3778 2009 lato-

2198 2040 2340 2109 ρίαν,
2371 2039 2599 2111 πορίζου
2640 2042 2701 2096 τὸ
2734 2041 3012 2112 ὠφέλιμον
3037 2057 3052 2073 ·
3086 2041 3204 2107 πῶς
3235 2044 3298 2097 ἐκ
3340 2043 3592 2115 φυλακῆς
3631 2045 3779 2116 αἴρε-

2194 2148 2282 2184 ται
2320 2132 2349 2184 ὁ
2378 2129 2532 2199 ἆγιος
2585 2131 3177 2203 σιδηροδέσμιοςοπῶς
3224 2135 3254 2187 ὁ
3300 2134 3645 2205 παλαμναῖος
3693 2136 3778 2190 ἐν-

2194 2225 2394 2278 ατείνει
2415 2224 2476 2278 τὸ
2511 2224 2659 2293 ξίφος
2686 2224 3025 2297 άπηνοειδῶς
3066 2229 3210 2281 κατὰ
3237 2228 3338 2298 τῆς
3363 2228 3518 2298 ἱερᾶς
3536 2228 3777 2298 κορωνί⁹

2194 2316 2315 2380 δοςο
2350 2315 2470 2380 πῶς
2522 2316 2907 2387 ἀποτμηθεῖσα
2929 2318 2964 2389 ἡ
2996 2317 3312 2390 μυροφόρος
3339 2319 3484 2389 κάρα
3531 2318 3780 2372 ἐπιδέδοο

2195 2425 2285 2462 ται
2313 2411 2380 2480 τῇ
2413 2409 2830 2481 κορυδαντιώσῃ
2876 2409 3168 2480 Ἡρωδιάδι
3188 2427 3201 2442 ο
3244 2411 3392 2475 ὅπως
3420 2411 3476 2464 δὲ
3505 2411 3780 2467 θάπτεται

2194 2500 2256 2552 τὸ
2288 2500 2431 2568 ἱερὸν
2480 2500 2645 2570 σῶμα
2672 2501 2828 2571 χερσὶ
2880 2500 2990 2555 τῶν
3033 2502 3252 2555 οίκείων
3299 2501 3585 2572 μαθητῶν,
3613 2505 3783 2558 οἱονεὶ

2195 2589 2565 2661 δακρυόντων,
2614 2589 3065 2662 ψυχαλγούντων,
3095 2591 3376 2662 στοιχηδὸν
3413 2595 3783 2664 περιϊσταμέ-

2196 2694 2330 2734 νων’
2358 2680 2453 2734 καὶ
2488 2679 2584 2734 τοῦ
2637 2681 2736 2752 μὲν
2779 2683 3164 2753 ἐφαπτομένου
3206 2681 3420 2748 ποδῶν,
3453 2681 3549 2737 τοῦ
3582 2683 3641 2738 δὲ
3681 2683 3783 2755 τὴν

2197 2771 2443 2844 κεφαλὴν
2469 2773 2878 2844 ἐφαρμόζοντος
2909 2772 2986 2842 τῷ
3013 2772 3190 2843 λοιπῷ
3236 2774 3447 2844 σκήνει,
3477 2775 3666 2846 ἐτέρου
3694 2775 3786 2828 Ou-

2200 2864 2432 2933 μιῶντος
2460 2866 2643 2919 καὶτὰ
2672 2865 2956 2934 ἐπικήδεια
3000 2865 3408 2936 ἐπιψάλλοντος.
3451 2867 3603 2921 Ἐκεῖ
3632 2868 3781 2938 εἰμὶ,

2197 2953 2241 3010 ὦ
2273 2961 2566 3031 ἀκροαταὶ,
2607 2962 2675 3030 τῇ
2711 2959 3033 3032 διανοητικῇ
3071 2960 3295 3033 θεωρίᾳ,
3329 2963 3424 3016 καὶ
3470 2961 3655 3034 βλέπω
3681 2963 3785 3034 τὴν

2195 3050 2376 3122 ταφὴν
2404 3051 2500 3103 τοῦ
2524 3050 2737 3104 δικαίου
2773 3049 2832 3103 ἐν
2858 3052 3050 3123 είρήνῃ
3084 3046 3255 3105 οὖσαν
3273 3052 3419 3107 κατὰ
3441 3053 3503 3106 τὸ
3526 3068 3786 3123 γεγραμ-

517 3147 679 3200 licam
715 3145 860 3201 illam
896 3146 1115 3214 faciem,
1154 3151 1314 3218 cujus
1338 3152 1482 3205 oculi
1511 3167 1610 3206 ceu
1663 3153 1772 3208 duo
1801 3154 2090 3211 luminaria

2203 3145 2361 3212 μένον
2386 3157 2401 3175 ο
2432 3141 2543 3213 ὁρῶ
2590 3141 2652 3195 τὸ
2697 3142 2994 3212 άγγελικὸν
3039 3144 3219 3197 ἐκεῖνο
3254 3145 3574 3232 πρόσωπον,
3605 3136 3667 3196 οὗ
3726 3145 3780 3198 oi

516 3240 915 3302 occubuerunt,
942 3249 997 3294 et
1021 3241 1179 3310 cujus
1231 3250 1341 3296 tota
1367 3244 1547 3298 vultus
1578 3247 1788 3314 species
1837 3248 2092 3305 bonitatis

2203 3231 2468 3302 ὀφθαλμοὶ
2491 3231 2566 3293 ὼς
2595 3229 2689 3285 δύο
2712 3233 3004 3305 φωστῆρες
3028 3233 3313 3301 δύσαντες,
3351 3236 3445 3289 καὶ⁵
3471 3227 3536 3288 οὗ
3570 3235 3630 3289 τὸ
3657 3235 3783 3291 δλον

518 3339 679 3400 typus
707 3329 938 3383 videtur.
972 3330 1144 3385 Video
1192 3333 1522 3398 exanimem,
1567 3335 1711 3404 quod
1765 3338 1961 3392 attinet
2026 3339 2092 3393 ad

516 3420 831 3489 temporalis
873 3421 995 3475 vita:
1044 3423 1337 3490 actionem,
1391 3426 1633 3496 apprime
1665 3437 1847 3482 tamen
1884 3430 2095 3485 anima-

516 3520 632 3567 tum
670 3514 814 3583 quod
845 3515 1035 3570 attinet
1075 3516 1139 3570 ad
1171 3517 1373 3572 divinae
1402 3521 1590 3588 gratia:
1617 3521 1921 3590 pretiosum
1961 3523 2097 3578 odo-

518 3621 655 3660 rem.
691 3607 887 3662 Sacras
912 3609 1033 3663 illas
1064 3610 1354 3666 deosculor
1383 3627 1600 3675 manus,
1639 3623 1870 3683 Quarum
1917 3625 2098 3672 tactus

517 3705 741 3765 peccato
792 3699 891 3750 fuit
941 3699 1202 3764 intactus,
1243 3709 1297 3754 et
1339 3715 1572 3770 quarum
1630 3702 1799 3772 digito
1859 3703 1946 3758 ille
2004 3706 2098 3774 qui

518 3790 657 3843 tnllit
713 3798 993 3858 peccatum
1056 3792 1243 3845 mundi
1323 3793 1639 3850 hominibus
1689 3797 2098 3852 demonstratus

518 3878 641 3934 fuit.
682 3881 861 3936 Adoro
907 3881 1160 3950 pulchros
1196 3883 1359 3953 pedes
1395 3884 1537 3949 illos,
1564 3901 1801 3956 quorum
1835 3887 1938 3942 fuit
1981 3888 2099 3944 olli-

518 3974 664 4028 cimn
692 3973 833 4028 bona
859 3975 1144 4030 nuntiandi
1170 3977 1365 4032 incolis
1395 3986 1572 4043 terrae,
1604 3989 1659 4034 et
1687 3995 1715 4034 a
1755 3980 1965 4049 quibus
2000 3997 2099 4050 pa-

520 4074 635 4119 rata
669 4063 767 4118 fuit
792 4065 873 4118 via
917 4065 1127 4119 Domini
1171 4067 1450 4124 adventui.
1482 4067 1713 4137 Jamque
1743 4070 1991 4124 omittam
2019 4073 2102 4125 di—

521 4171 646 4210 cere
677 4156 743 4210 de
772 4157 1066 4211 venerabili
1100 4168 1314 4223 catena,
1346 4176 1450 4229 qua
1501 4161 1779 4216 revinctus
1832 4163 1934 4218 luit
1966 4180 2102 4233 prm-

521 4249 899 4304 stantissimus
930 4250 1071 4305 inter
1119 4251 1369 4307 homines
1420 4253 1686 4324 angelus:
1721 4256 1914 4311 omitto
1972 4256 2099 4311 item

523 4339 900 4394 honorabilem
933 4341 1166 4409 discum;
1197 4343 1251 4397 in
1286 4359 1395 4415 quo
1429 4345 1530 4400 fuit
1584 4348 1884 4416 repositum
1928 4365 2103 4420 augu-

524 4439 665 4485 etnm
693 4431 824 4486 illud
855 4443 905 4486 et
935 4448 1070 4488 auro
1110 4436 1401 4504 pretiosius
1427 4448 1610 4506 caput.
1639 4438 1781 4506 Quin
1817 4443 1953 4501 adeo
1981 4459 2102 4499 car-

2196 3321 2334 3386 εἶδος
2354 3325 2454 3393 τῆς
2473 3324 2651 3393 δψεως
2674 3325 3068 3396 χρηστοφανῶς
3091 3328 3514 3381 άποτετύπωται
3535 3343 3548 3356 ’
3572 3327 3788 3382 ἄπνουν

2200 3417 2302 3487 μὲν
2341 3417 2441 3486 τῆς
2485 3419 2754 3489 ἐπικήρου
2812 3417 3053 3490 ζωτικῆς
3094 3420 3382 3491 ἐνεργείας
3408 3459 3423 3484 ,
3454 3418 3688 3473 εὔπνουν
3727 3420 3788 3474 δέ

2198 3509 2280 3562 ὅτι
2314 3508 2553 3579 μάλιστα
2577 3512 2642 3580 τῇ
2665 3512 2764 3581 τῆς
2810 3509 2966 3574 θείας
3001 3509 3230 3583 χάριτος
3275 3511 3524 3582 μυρωδίᾳ
3551 3527 3566 3541 ·
3603 3511 3791 3566 ἀσπά-

2199 3600 2366 3671 ζομαι
2413 3599 2513 3664 τὰς
2557 3601 2710 3673 ἱερὰς
2759 3605 2946 3672 χεῖρας
2989 3603 3225 3667 ἐκείνας,
3255 3595 3331 3658 ὧν
3366 3604 3398 3672 ἡ
3431 3601 3544 3673 ἁφὴ
3573 3603 3789 3658 dvita-

2201 3711 2300 3762 φος
2325 3696 2392 3764 τῇ
2438 3694 2704 3765 ἁμαρτίᾳ,
2739 3694 2832 3748 καὶ
2874 3687 2949 3747 ὧν
2994 3693 3074 3762 τῷ
3118 3691 3368 3764 δακτύλῳ
3395 3695 3424 3747 ὁ
3458 3695 3630 3764 αίρων
3683 3695 3790 3768 τὴν

2199 3783 2473 3856 ἁμαρτίαν
2499 3785 2592 3838 τοῦ
2617 3785 2822 3854 κόσμου
2846 3786 2958 3847 τοῖς
2975 3782 3284 3854 ἀνθρώποις
3315 3783 3730 3856 καθυπεδείχθη
3757 3803 3773 3821 ο

2203 3877 2496 3949 προσκυνῶ
2543 3876 2671 3939 τοὺς
2709 3876 2944 3947 ὡραίους
2985 3877 3155 3940 πόδας
3190 3877 3458 3942 ἐκείνους,
3489 3871 3565 3932 ὧν
3594 3878 3654 3932 τὸ
3689 3879 3788 3931 εὑ-

2202 3967 2586 4037 αγγελίζεσθαι
2614 3969 2682 4022 τά
2700 3967 2885 4036 ἀγαθά
2908 3970 3017 4030 τοῖς
3050 3968 3144 4021 ἐπὶ
3183 3966 3310 4038 γῆς,
3335 3969 3430 4022 καὶ
3455 3969 3524 4022 δι’
3544 3962 3621 4022 ὧν
3648 3985 3792 4038 προ-

2204 4061 2538 4134 κατηρτίσθη
2567 4063 2598 4133 ἡ
2625 4061 2745 4124 ὁδὸς
2777 4065 2875 4132 τῆς
2910 4060 3008 4114 τοῦ
3041 4061 3247 4129 Κυρίου
3279 4062 3616 4133 παρουσίας·
3643 4080 3794 4133 παρ-

2205 4155 2332 4207 είτω
2367 4171 2459 4224 μοι
2503 4153 2640 4225 πρὸς
2683 4154 3059 4224 προσκύνησιν
3090 4154 3180 4207 καὶ
3211 4154 3245 4224 ἡ
3281 4153 3441 4224 τιμία
3471 4153 3662 4218 ἅλυσις
3700 4155 3791 4224 ἐφ’

2203 4241 2239 4321 ᾖ
2272 4247 2547 4320 ἐδεσμήθη
2582 4250 2610 4302 ὁ
2643 4247 3019 4318 πολυτίμητος
3052 4249 3112 4300 ἐν
3160 4246 3473 4317 ἀνθρώποις
3513 4245 3750 4314 ἄγγελος
3773 4264 3789 4278 ο

2207 4341 2451 4412 παρείτω
2501 4359 2592 4412 μοι
2635 4343 2732 4396 καὶ
2781 4343 2814 4412 ὴ
2847 4340 3123 4409 σεδασμία
3156 4338 3338 4402 πίναξ,
3371 4339 3456 4408 ἐφ’
3487 4331 3792 4412 ᾖέπετέθη

2207 4436 2240 4504 ή
2267 4432 2494 4504 χρυσίου
2543 4432 2954 4503 τιμαλφεστέρα
3000 4429 3379 4492 πανσέόαστος
3433 4430 3581 4500 κάρα
3609 4444 3624 4459 ο
3656 4430 3789 4484 οὐδέ

525 4521 701 4575 nillcis
724 4537 940 4592 quoque
967 4540 1175 4587 ensem,
1203 4529 1294 4594 qni
1337 4545 1434 4598 per
1467 4545 1679 4584 sacrum
1712 4533 1912 4587 collum
1951 4544 2095 4589 actus

2209 4543 2270 4595 γε
2305 4525 2403 4596 τὴν
2451 4524 2730 4594 μάχαιραν
2772 4522 2866 4576 τοῦ
2911 4521 3263 4590 παλαμναίου
3307 4519 3406 4591 τὴν
3453 4518 3793 4575 διελάσασαν

525 4610 648 4673 fuit,
677 4611 848 4664 sicubi
872 4614 1150 4675 invenero,
1181 4617 1321 4669 haud
1351 4618 1736 4674 inhonoratum
1770 4623 2097 4694 relinquam.

526 4701 631 4756 Sed
659 4712 712 4757 et
734 4704 906 4771 ipsam
950 4705 1193 4773 humum,
1250 4711 1302 4763 in
1359 4727 1465 4781 qua
1524 4715 1814 4771 thesaurus
1865 4717 1955 4771 hic
2002 4716 2104 4772 fuit.

525 4805 904 4857 conservatus,
955 4798 1000 4852 si
1045 4802 1264 4867 quando
1316 4802 1613 4869 incurram,
1667 4808 1987 4877 amplectar,
2045 4821 2104 4866 ut

525 4887 699 4955 gratia
725 4887 974 4943 fertilem.
1009 4889 1054 4944 0
1083 4891 1296 4946 beatum
1332 4897 1665 4965 sepulcrum,
1702 4908 1756 4953 et
1785 4915 1893 4954 non
1940 4902 2098 4958 triste

526 4990 741 5043 saxum,
798 4979 940 5047 quod
1003 4982 1378 5039 beatissimum
1410 4986 1544 5041 illud
1604 5003 1802 5057 corpus
1855 4991 2103 5046 contines

525 5069 938 5138 smaragdorum
1005 5077 1540 5147 margaritarumque
1597 5083 1816 5135 cumulo
1876 5084 2106 5137 rutilan-

529 5159 639 5215 lius
665 5162 679 5215 l
715 5162 827 5217 Illic
852 5165 1038 5233 itaque
1067 5167 1350 5221 visibiliter
1377 5171 1596 5237 quidem
1626 5173 1814 5226 aderat
1859 5175 2104 5245 discipu-

527 5255 706 5308 lorum
741 5258 912 5321 turba,
947 5258 1289 5313 invisibiliter
1318 5269 1496 5316 autem
1543 5264 1857 5334 angelorum
1907 5268 2096 5322 multi-

540 5348 695 5412 ludo,
728 5347 820 5418 qui
853 5351 1239 5421 homonymum
1293 5354 1394 5408 sibi
1458 5356 1508 5408 in
1556 5371 1784 5427 corpore
1820 5361 2093 5428 angelum,

602 5440 650 5473 ’δ
679 5440 871 5496 Matth.
900 5454 1012 5507 ην,
1053 5443 1137 5496 l3.
1215 5445 1260 5475 ”
1286 5444 1391 5500 lsa.
1427 5461 1552 5512 Lm,
1585 5447 1640 5500 2.

606 5596 718 5670 (25)
761 5597 914 5654 Patet
976 5602 1278 5669 expositam
1333 5600 1498 5658 fuisse
1555 5602 1605 5655 in
1655 5602 1859 5670 templo
1909 5602 2104 5670 pictam

537 5668 830 5736 imaginem
886 5668 1125 5742 martyrii
1186 5673 1601 5742 sepulturaeque:
1657 5668 1929 5742 Baptistae,
1967 5674 2106 5725 unde

537 5745 718 5801 captat
768 5741 1110 5794 occasionem
1165 5740 1517 5796 concinnatur
1564 5740 1886 5799 Theodorus
1937 5745 2104 5798 incre-

547 5807 706 5878 pandi
742 5824 891 5867 more
921 5825 1022 5866 suo
1061 5812 1466 5870 lconomachos.

2206 4618 2346 4671 κατὰ
2376 4616 2469 4670 τοῦ
2503 4617 2651 4688 ίεροῦ
2693 4613 2969 4686 τραχήλου
3003 4616 3050 4666 εἰ
3087 4612 3326 4684 εὕροιμι,
3367 4611 3794 4683 άπροσκύνητον

2207 4709 2430 4778 ἐάσαιμι
2457 4708 2590 4778 (24),
2624 4707 2743 4760 οὐδὲ
2767 4723 2830 4776 γε
2877 4704 3144 4773 τοῦδαφος
3179 4705 3270 4772 ὑφ’
3302 4697 3364 4756 οὗ
3410 4704 3732 4775 ἐφρουρήθη
3766 4708 3795 4760 ὁ

2207 4800 2482 4872 θησαυρὸς
2529 4803 2577 4854 εί
2625 4799 2910 4870 ἐπέτυχον,
2953 4799 3027 4868 μὴ
3056 4798 3178 4867 ρὺχὶ
3217 4796 3688 4868 προσεπτυξάμήν
3714 4797 3794 4863 ὡς

2209 4895 2561 4965 μεταδοτικὺν
2586 4893 2830 4964 χάριτος.
2850 4889 2925 4943 Ὦ
2959 4891 3203 4962 μακάριε
3235 4890 3376 4960 τάφε
3405 4890 3499 4943 καὶ
3529 4890 3590 4942 οὐ
3621 4892 3794 4958 πικρὲ

2205 4987 2344 5052 λίθε,
2373 4988 2430 5051 ὃς
2464 4988 2610 5058 ἔχεις
2637 4988 2698 5040 τὸ
2722 4985 3127 5057 τρισμακάριον
3157 4985 3337 5037 ἐκεῖνο
3375 4983 3597 5054 σκῆνος,
3645 4983 3796 5053 ὑπὲρ

2209 5084 2538 5155 σμαράγδων
2568 5082 2662 5136 καὶ
2705 5079 3008 5152 μαργάρων
3030 5077 3267 5149 σωρείας
3301 5075 3451 5130 ἔνδον
3477 5075 3782 5146 συνειλημ-

2211 5178 2373 5248 μένον
2398 5195 2410 5206 ·
2445 5179 2563 5230 ἐκεῖ
2585 5174 2884 5248 τοιγαροῦν
2907 5175 3091 5246 παρῆν
3109 5172 3320 5245 ὁρατῶς
3349 5171 3448 5242 μὲν
3473 5172 3502 5224 δ
3535 5170 3646 5224 τῶν
3677 5188 3794 5239 μα-

2209 5270 2388 5338 θητῶν
2415 5271 2622 5341 ὅμιλος,
2651 5271 2899 5342 ἀοράτως
2919 5270 2975 5322 δὲ
3003 5267 3251 5337 ἀγγέλων
3275 5265 3507 5334 πληθὺς,
3526 5264 3618 5317 τὸν
3641 5264 3792 5335 ὁμώ-

2210 5381 2378 5432 νυμον
2410 5363 2571 5417 αὐτὸν
2599 5362 2828 5432 ἄγγελον
2857 5364 2917 5415 ἐν
2945 5359 3182 5430 σώματι,
3213 5357 3304 5412 τὸν
3332 5353 3427 5410 τοῦ
3456 5353 3669 5426 Κυρίου
3701 5355 3793 5425 φί-

2286 5601 2398 5671 (24)
2429 5599 2593 5685 Yides
2632 5600 2860 5685 Stndita:
2900 5611 3086 5685 nostro
3108 5602 3646 5685 cognitas'tanquam
3695 5621 3785 5658 sa-

2216 5689 2340 5727 cras
2366 5674 2624 5742 reliquias
2662 5683 2905 5743 catenam
2933 5673 3254 5743 discumque
3276 5673 3342 5727 ad
3363 5673 3617 5743 Baptistae
3650 5691 3793 5728 Inar-

2218 5745 2413 5815 tyrium
2448 5745 2817 5815 pertinentes;
2847 5742 2914 5797 de
2943 5745 3142 5810 quibus
3169 5742 3405 5815 aliisque
3431 5742 3787 5812 Paciaudius,

2217 5810 2290 5868 Dc
2320 5810 2460 5870 cultu
2487 5810 2542 5871 8.
2573 5813 2729 5868 Joun.
2769 5812 2920 5880 Πανί.
2961 5816 3177 5871 dissert.
3213 5816 3268 5868 ‘5.
