3926 6442
201 383 314 446 769

849 395 1128 458 ORATIO
1157 397 1500 459 VIII.—IN
1525 397 2155 465 DECOLLATIONEM
2197 407 2261 468 S.
2284 408 2547 474 JOANN.
2593 416 2798 478 BAPT.

3362 431 3467 494 770

200 504 294 556 λον
323 506 575 573 γνήσιον,
611 506 704 560 τὸν
734 512 1106 580 νυμφαγωγὸν
1147 513 1242 567 τοῦ
1271 515 1532 586 νυμφίου,
1561 514 1653 568 τὸν
1677 515 1756 569 ἀεί

299 613 342 615 __
419 596 440 615 ς
467 597 481 613 ι
729 600 755 612 -
803 603 814 615 .
923 603 935 615 .
1225 605 1240 615 .
1376 607 1386 615 .
1471 607 1534 615 μ-

1861 561 1864 574 .
1897 532 2215 588 germanum
2237 523 2454 582 Domini
2480 530 2739 598 amicum,
2765 531 2957 604 Sponsi
2989 544 3418 612 paranymphum
3446 565 3460 615 ;

200 613 383 664 φωτον
419 596 616 667 λύχνον
661 600 756 654 τοῦ
791 603 1072 674 ἀφράστου
1103 605 1302 674 φωτὸς,
1335 607 1434 678 τὴν
1466 607 1645 672 ζῶσαν
1670 628 1784 678 φω-

197 689 298 756 νὴν
323 689 420 742 τοῦ
449 691 690 760 μεγάλου
725 693 910 762 λόγου,
930 697 1023 750 τὸν
1052 700 1338 770 προφήτου
1370 704 1783 774 περισσότερον,

190 778 292 830 τὸν
318 780 550 849 μείζονα
599 784 658 835 ἐν
706 788 993 855 γεννητοῖς
1035 791 1316 857 γυναικῶν
1366 792 1783 863 εὐφημούντων,

196 870 598 941 γεραιρόντων,
624 874 941 942 ἀναγόντων
973 878 1111 950 πρὸς
1138 881 1390 952 οὐρανὸν,
1421 883 1519 938 καὶ
1567 887 1650 948 είς
1681 886 1782 956 τὴν

195 963 397 1033 ἀγήρω
431 965 611 1035 χαρὰν
651 967 1104 1039 ἀποκομιζόντων
1129 989 1145 1005 ·
1177 974 1402 1046 τοιαύτη
1446 976 1545 1047 μὲν
1585 974 1680 1030 οὖν
1709 979 1785 1043 ὡς

197 1052 424 1120 εἴρηται
447 1055 705 1127 εἰρηναία
738 1059 771 1127 ή
797 1059 944 1131 ταφὴ
984 1061 1079 1115 τοῦ
1114 1063 1351 1133 δικαίου,
1386 1065 1783 1139 ἀγαλλιάσιμός

192 1159 256 1196 τε
288 1147 389 1200 καὶ
411 1147 491 1217 τῷ
518 1148 712 1220 κόσμῳ
737 1153 1026 1222 σωτήριος.

267 1237 334 1291 θ’.
381 1239 745 1310 Ἦρώδηςδὲδ
768 1245 1075 1314 παράφρων
1097 1243 1206 1317 ἆρά
1240 1265 1304 1318 γε
1345 1251 1642 1307 κάντεῦθεν
1683 1255 1782 1325 τῆς

191 1327 352 1398 δίκης
369 1330 431 1382 τὸ
465 1332 752 1401 ἀπόκριμα
772 1333 1028 1402 διέφυγεν
1050 1353 1065 1404 ;
1092 1338 1154 1390 ού
1178 1339 1275 1406 μὲν
1303 1336 1396 1394 οῦν
1415 1358 1429 1371 ο
1455 1342 1572 1395 ἀλλ’
1601 1343 1677 1407 ὡς
1700 1345 1782 1396 εί-

193 1437 360 1490 ρηται
380 1422 493 1492 (25)
510 1422 600 1475 διὰ
615 1425 788 1477 ταῦτα
815 1425 919 1478 ὑπὸ
937 1428 1134 1491 παντὸς
1159 1429 1251 1482 τοῦ
1297 1431 1541 1502 ὑπηκόου
1575 1436 1780 1505 ἀνταρ-

193 1513 319 1565 σίαν
353 1514 598 1577 ἀποστὰς
618 1517 1060 1586 κατασφάττεται
1080 1536 1095 1550 ⁸
1127 1519 1220 1573 τοῦ
1263 1521 1398 1575 Θεοῦ
1421 1525 1501 1588 είς
1530 1526 1780 1580 παιδείαν

190 1606 307 1668 τοῖς
343 1606 424 1668 είς
490 1603 718 1677 ὕστερον
772 1607 1152 1678 βασιλεύσουσι
1204 1614 1271 1667 τὰ
1324 1615 1442 1668 κατ’
1481 1617 1643 1670 αὐτὸν
1683 1619 1779 1672 ἐκ-

193 1696 704 1768 δειματοῦντος,ὼς
736 1700 801 1753 ἂν
832 1703 910 1773 μὴ
929 1706 1041 1767 τοῖς
1071 1705 1276 1774 ὁμοίοις
1311 1708 1508 1762 πάθεσι
1549 1712 1778 1781 περιπέ-

189 1801 360 1840 σειεν.
397 1785 541 1839 Ἀλλ’
563 1787 812 1843 ἐντεῦθεν
835 1791 1165 1859 ἐπανελθὼν,
1180 1795 1526 1866 ἁρμόζουσαν
1546 1802 1609 1871 τῇ
1637 1817 1778 1870 παρ-

187 1875 325 1947 ούσῃ
347 1877 533 1947 ἡμέρᾳ
551 1881 736 1951 φωνὴν
753 1878 912 1951 δεῦρο
928 1882 1262 1955 ἐκϐοήσομαι
1287 1903 1304 1918 ο
1328 1887 1574 1959 Σήμερον
1597 1892 1777 1945 Ἰωάν-

186 1984 286 2036 νης
313 1969 341 2020 6
370 1969 684 2040 Πρόδρομος
710 1970 850 2043 ὑπὲρ
865 1972 1126 2044 ἀληθείας
1145 1978 1242 2047 τὴν
1272 1980 1517 2051 κεφαλὴν
1537 1982 1776 2054 ἀποτεμ-

187 2059 417 2128 νόμενος
438 2063 828 2133 μακαρίξεται,
851 2065 946 2118 καὶ
977 2065 1222 2139 Ἡρώδης
1242 2070 1269 2121 6
1287 2072 1600 2142 παράνομος
1619 2092 1776 2144 κωμ-

184 2151 496 2223 ῳδούμενος
531 2153 855 2227 διασύρεται
879 2174 893 2186 ·
922 2157 1162 2228 σήμερον
1199 2161 1458 2234 Ἰωάννης
1481 2166 1509 2218 6
1537 2167 1773 2238 Προδρο-

187 2259 291 2310 μος
317 2244 380 2296 ἐν
396 2247 520 2308 ταῖς
540 2245 800 2301 ἁπάντων
812 2247 1090 2315 γλώσσαις
1126 2251 1202 2322 τῷ
1218 2252 1312 2306 τοῦ
1328 2253 1565 2341 ἐλεγμοῦ
1581 2258 1771 2331 διηγή-

189 2351 323 2404 ματι
351 2337 668 2408 τετίμηται,
691 2339 788 2391 καὶ
819 2338 1062 2411 Ἡρώδης
1090 2341 1118 2394 6
1142 2344 1478 2419 πανέκφρων
1510 2337 1608 2420 ύφ’
1639 2352 1770 2405 ἐκά-

186 2443 314 2480 στου
352 2428 466 2481 τῶν
504 2429 858 2500 φοϐουμένων
877 2430 970 2485 τὸν
998 2433 1203 2506 Κύριον
1225 2440 1297 2509 τῇ
1337 2442 1554 2513 μοιχείᾳ
1580 2444 1767 2514 στηλι-

183 2519 481 2589 τευόμενος
530 2521 824 2593 ἠτίμωται.
873 2526 1124 2600 Σήμερον
1175 2531 1209 2602 ή
1264 2533 1473 2605 κεφαλὴ
1519 2536 1762 2591 Ἰωάννου

181 2608 276 2662 τοῦ
313 2611 638 2684 Προδρὸμου
672 2616 767 2668 ἐπὶ
822 2617 1015 2673 πίνακι
1069 2623 1401 2695 προφέρεται
1451 2627 1592 2697 ἱερὸν
1620 2631 1760 2699 σφά-

182 2717 321 2768 γιον,
351 2704 448 2757 καὶ
490 2704 759 2775 Ἡρωδιὰς
805 2709 839 2780 ή
874 2711 1198 2784 μοιχεύτρια
1243 2716 1617 2785 στηλιτεύεται
1666 2723 1763 2777 καὶ

184 2793 257 2864 μὴ
287 2792 589 2867 βουλομένη
638 2796 858 2854 αἰώνια.
906 2801 1155 2874 Σήμερον
1194 2806 1441 2860 Ἰωάννου
1489 2809 1582 2863 τοῦ
1629 2814 1765 2884 Προ.

179 2882 385 2955 δρόμου
415 2884 473 2937 τὸ
506 2880 646 2957 αἷμα
695 2889 837 2961 ὑπὲρ
883 2891 1134 2964 φυλακῆς
1164 2895 1309 2949 θείου
1351 2898 1515 2970 νόμου
1555 2880 1759 2973 χέεται,

179 2976 276 3028 καὶ
305 2977 334 3028 6
357 2977 456 3030 τοῦ
495 2979 810 3050 Προδρόμου
848 2982 1128 3049 ἀντίθετος
1155 2985 1242 3040 διὰ
1270 2989 1366 3059 τῆς
1395 2992 1762 3064 ἀντιπραγίας

179 3065 404 3130 ἐνδίκως
432 3067 830 3140 θριαμϐεύεται
855 3088 871 3104 ⁶
904 3077 1146 3148 σήμερον
1184 3079 1438 3152 Ἰωάννης
1463 3086 1490 3137 6
1519 3085 1757 3158 Πρόδρο-

181 3176 278 3229 μος
305 3161 397 3214 διὰ
423 3161 523 3231 τὴν
549 3163 686 3234 πρὸς
723 3165 970 3240 Ἡρώδην
993 3170 1134 3242 ὑπὲρ
1181 3173 1395 3229 δικαίου
1441 3181 1756 3249 παρρησίαν
1783 3209 1828 3270 C

176 3251 584 3318 ἀποκτείνεται,
624 3257 716 3310 καὶ
747 3257 991 3328 βασιλεῖς
1035 3261 1137 3332 τῆς
1176 3263 1280 3334 γῆς
1315 3265 1422 3320 τῶν
1455 3269 1600 3322 ἰδίων
1628 3287 1755 3324 συν-

177 3341 386 3409 θρόνων
423 3344 498 3415 μὴ
518 3344 941 3417 διαζεύγνυσθαι
1000 3354 1381 3427 παιδευόμενοι
1425 3360 1516 3414 τὸν
1541 3360 1755 3425 διαζευ-

175 3431 374 3502 χθέντα
401 3436 744 3494 ἀποπτύουσι
764 3458 777 3472 ο
816 3444 1058 3516 σήμερον
1095 3447 1351 3520 Ἰωάννης
1377 3453 1405 3504 6
1443 3453 1754 3524 Πρὸδρομος

175 3527 320 3600 αἴρει
357 3533 591 3600 σημεῖον
636 3534 732 3587 ἐπὶ
774 3535 873 3605 τῆς
897 3537 1025 3605 γῆς,
1060 3540 1154 3592 καὶ
1187 3544 1622 3612 παραγγέλλεται
1646 3549 1751 3610 πᾶς

172 3620 463 3692 ἄνθρωπος
497 3624 784 3694 ἀρκεῖσθαι
818 3631 883 3700 τῇ
924 3629 1030 3703 ἰδίᾳ
1056 3634 1276 3699 γυναικὶ
1294 3637 1390 3688 καὶ
1436 3639 1752 3708 περαιτέρω

174 3713 249 3785 μὴ
275 3717 478 3787 χωρεῖν
505 3733 518 3746 ·
553 3719 796 3790 σήμερον
841 3720 1090 3795 Ἰωάννης
1113 3727 1141 3778 6
1171 3726 1486 3799 Πρόδρομος
1512 3731 1594 3794 είς
1621 3729 1748 3802 ᾅδου

171 3807 410 3870 κάτεισι,
447 3811 541 3863 καὶ
573 3813 622 3864 οί
653 3814 838 3883 νεκροὶ
858 3818 1031 3886 χαρὰν
1064 3821 1166 3888 τῆς
1189 3819 1425 3890 Χριστοῦ
1447 3824 1750 3896 παρουσίας

169 3899 539 3972 ἁνεκλάλητον
613 3902 1023 3968 ἀκουτίζονται·
1071 3908 1313 3980 σήμερον
1357 3912 1610 3983 Ἰωάννην
1654 3915 1746 3969 τὸν

169 3991 486 4063 Πρόδρομον
513 3994 973 4066 καρατομηθέντα
1016 3997 1103 4052 διὰ
1140 3999 1492 4073 δικαιοσύνην
1517 4003 1652 4058 Θεοῦ
1695 4006 1744 4060 οί

167 4085 389 4158 οὐρανοὶ
416 4085 897 4159 ἐπευφράνθησαν,
929 4089 1206 4162 ἄνθρωποι
1233 4093 1290 4147 δὲ
1317 4096 1412 4148 ἐπὶ
1448 4097 1552 4166 γῆς
1582 4099 1747 4170 ὑμνο-

167 4178 418 4248 λογοῦσιν
444 4180 634 4250 ἐόρτια
659 4196 673 4210 ·
704 4181 800 4236 καί
850 4200 942 4254 μοι
979 4183 1127 4238 δοκεῖ
1147 4187 1175 4239 6
1207 4188 1383 4257 μέγας
1419 4190 1515 4244 τοῦ
1539 4193 1743 4265 Κυρίου

166 4272 479 4344 Πρδδρομος
530 4273 890 4345 ἐξ·οὺρανῶν
950 4277 1100 4346 ἡμᾶς
1153 4279 1494 4350 ἐποπτεύειν,
1530 4285 1625 4338 καὶ
1667 4285 1744 4349 ὡς

166 4364 450 4435 ὑμνῳδοὺς
500 4363 669 4419 αὑτοῦ
711 4364 879 4431 θείοις
927 4369 1264 4440 χαρίσμασιν
1291 4373 1648 4443 αμείδεσθαι·
1683 4377 1743 4430 ἐν

165 4462 478 4534 προφήταις
513 4459 592 4524 ὡς
621 4461 796 4534 ἀστὴρ
833 4464 1058 4528 ἑωθινὸς
1100 4465 1334 4538 διᾴττων
1362 4485 1422 4522 τε
1451 4471 1546 4524 καὶ
1567 4470 1739 4544 ὕπερ-

1889 613 2276 672 candelabrum
2306 634 2519 690 semper
2549 624 2788 680 lucidum
2831 627 3121 687 iueffabilis
3170 633 3329 697 lucis.
3369 653 3464 693 vo-

1887 719 2006 758 cem
2037 706 2210 762 vivam
2252 713 2433 781 magni
2465 711 2649 780 Verbi,
2682 717 2835 773 illum
2869 721 2991 789 plus
3021 738 3184 791 quam
3225 729 3461 797 prophe-

1890 807 2020 863 tam,
2051 801 2313 870 majorem
2345 805 2496 860 illum
2546 807 2599 863 in
2641 811 2783 868 natis
2825 813 3139 880 mulierum,
3183 819 3462 874 collauda-

1887 887 2037 953 bant,
2073 891 2440 960 celebrabant,
2471 899 2526 951 in
2545 899 2740 955 coelum
2774 903 3052 969 tollebant,
3074 914 3128 960 et
3147 907 3212 961 ad
3241 908 3462 964 immor-

1890 981 1995 1034 tale
2027 983 2285 1052 gaudium
2311 988 2728 1047 transferebant.
2772 991 2919 1049 Talis
2953 995 3138 1067 itaque
3189 998 3291 1054 fuit
3316 1001 3455 1070 justi

1885 1070 1987 1126 viri
2017 1074 2238 1139 pacifica
2267 1079 2563 1148 sepultura,
2598 1083 2802 1138 mundo
2843 1085 3055 1142 laetifica
3079 1097 3135 1142 et
3178 1089 3455 1148 salutaris.

1953 1249 2006 1304 9.
2034 1245 2175 1303 Num
2215 1265 2380 1320 porro
2407 1253 2636 1314 insanus
2694 1256 2958 1327 Herodes,
3015 1264 3068 1318 in
3130 1267 3230 1321 hac
3291 1268 3455 1325 etiam

1891 1347 2105 1397 terrena
2161 1347 2398 1402 statione
2463 1351 2686 1407 ultionis
2742 1369 2959 1423 poenam
3008 1358 3192 1426 fugit?
3237 1360 3460 1419 Minime

1883 1435 2129 1504 gentium
2163 1452 2180 1502 ;
2219 1439 2337 1502 sed,
2379 1440 2681 1505 utdicitur,
2715 1455 2933 1515 propter
2956 1447 3058 1502 hoc
3081 1448 3292 1506 facinus
3321 1453 3454 1508 sub-

1880 1524 2120 1579 ditorum
2189 1529 2432 1584 omnium
2490 1533 2813 1588 seditionem
2879 1548 3159 1607 expertus,
3233 1544 3455 1602 occisus

1880 1611 1984 1668 fuit
2016 1631 2030 1668 :
2061 1612 2174 1672 Deo
2209 1617 2279 1672 ob
2329 1617 2639 1675 futurorum
2691 1638 2879 1694 regum
2944 1629 3308 1688 eruditionem
3364 1653 3454 1693 res

1880 1704 2047 1776 hujus
2091 1707 2155 1763 ad
2186 1717 2448 1767 terrorem
2510 1725 2866 1784 proponente,
2907 1732 2974 1772 ne
3018 1719 3072 1774 in
3105 1725 3257 1792 parla
3317 1725 3452 1783 faci-

1879 1813 2013 1853 nora
2052 1799 2360 1858 incurrant.
2401 1804 2506 1861 Sed
2553 1807 2678 1862 inde
2730 1808 3041 1882 digrediens
3092 1819 3452 1880 conveniente

1807 1873 1850 1930 Β
1878 1894 2127 1959 praesenti
2153 1893 2258 1950 diei
2283 1911 2418 1955 voce
2443 1914 2539 1970 age
2554 1900 2668 1971 jam
2691 1873 3010 1963 exclamabo
3039 1926 3052 1962 :
3078 1873 3255 1968 Hodie
3275 1873 3446 1970 Joan:

1877 1995 1975 2036 nes
2030 1981 2388 2052 Praecursor,
2433 1993 2610 2061 capite
2656 1997 2901 2052 veritatis
2954 2014 3120 2056 causa
3177 2003 3446 2072 minutus,

1873 2071 2067 2129 beatus
2097 2075 2334 2133 dicitur:
2373 2078 2615 2139 Herodes
2644 2101 2772 2141 vero
2798 2090 2995 2159 impius
3023 2093 3286 2151 conviciis
3314 2097 3448 2153 lace-

1873 2173 2068 2234 ratur;
2113 2168 2274 2226 hodie
2315 2169 2554 2230 Joannes
2589 2174 2899 2236 Praecursor
2953 2185 3199 2241 omnium
3247 2187 3448 2260 linguis

1871 2267 2093 2326 propter
2125 2263 2270 2333 regis
2304 2265 2618 2333 reprehensi
2649 2275 3227 2332 commemorationem
3269 2281 3444 2337 hono-

1870 2356 2062 2404 ratur:
2098 2350 2337 2409 Herodes
2363 2364 2540 2410 autem
2571 2373 2808 2416 vesanus
2851 2361 2920 2417 ab
2964 2368 3223 2425 omnibus
3257 2370 3443 2426 Domi-
3529 2385 3538 2395 ’

1870 2455 2002 2494 num
2035 2442 2372 2510 timentibus,
2430 2447 2687 2505 adulterii
2751 2453 3148 2526 vituperatione
3199 2462 3442 2521 dehone-

1867 2541 2078 2600 statur;
2113 2535 2271 2592 hodie
2289 2535 2518 2597 Joannis
2545 2542 2909 2603 Praecursoris
2936 2546 2990 2603 in
3016 2552 3167 2608 disco
3198 2555 3440 2612 circum-

1866 2624 2041 2681 fertur
2090 2643 2248 2684 sacra
2305 2631 2572 2690 laniena:
2618 2635 2882 2695 llerodias
2950 2652 3132 2701 autem
3191 2649 3438 2707 adultera

1865 2727 2068 2775 aeterno
2098 2723 2392 2791 opprobrio
2447 2728 2531 2782 vel
2596 2730 2788 2787 nolens
2848 2737 3205 2806 cumulatur;
3275 2743 3438 2800 hodie

1863 2806 2090 2868 Joannis
2117 2812 2482 2874 Praecursoris
2544 2823 2771 2891 sanguis
2796 2835 3017 2896 prapter
3059 2831 3258 2888 divina:
3303 2833 3437 2906 legis

1863 2902 2264 2962 observantiam
2308 2908 2578 2974 funditur.
2618 2911 2988 2977 Prazcursoris
3015 2931 3196 2979 autem
3234 2902 3434 2983 adver-

1862 2992 2042 3050 sarius
2070 3007 2296 3066 propter
2321 3001 2596 3056 contraria
2643 3004 2784 3060 facta
2839 3008 3205 3078 ignominiose
3241 3013 3432 3071 tradu-

1862 3082 2042 3152 citur;
2075 3086 2236 3142 hodie
2269 3086 2511 3148 Joannes
2552 3093 2870 3152 I‘rtecursor
2903 3110 3125 3171 propter
3156 3119 3313 3160 suam
3338 3109 3432 3162 de-

1860 3171 2140 3233 fendenda:
2154 3177 2380 3247 justitia:
2401 3197 2586 3238 coram
2609 3184 2818 3242 llerode
2844 3187 3100 3246 fiduciam
3121 3193 3390 3251 occiditur
3411 3214 3428 3264 ;

1859 3279 2013 3337 reges
2039 3276 2219 3324 autem
2254 3280 2430 3337 terraa,
2459 3277 2754 3342 quominus
2782 3291 2812 3332 a
2856 3281 3115 3350 regnandi
3157 3287 3429 3342 consorti-

1856 3355 1958 3412 bus
2011 3359 2380 3416 dissocientur
2437 3367 2661 3432 eruditi,
2694 3383 2818 3423 eum
2866 3371 2960 3440 qui
3004 3388 3064 3429 se
3111 3374 3429 3433 dissociavit

1853 3457 2254 3507 contemnunt:
2295 3454 2473 3520 hodie,
2509 3456 2747 3515 Joannes
2797 3457 3115 3518 Prazcursor
3166 3465 3424 3522 vexillum

1853 3540 1907 3594 in
1940 3550 2083 3597 terra
2113 3545 2330 3612 attollit,
2361 3557 2525 3617 atque
2572 3550 2753 3606 omnis
2797 3553 2960 3608 homo
3011 3554 3339 3613 admonetur
3366 3568 3426 3615 ut

1850 3634 2071 3702 propria
2112 3651 2283 3692 uxore
2328 3648 2636 3706 contentus,
2689 3641 2917 3701 ulterius
2973 3661 3081 3701 non
3120 3651 3419 3719 procedat;

1851 3723 2013 3779 hodie
2040 3723 2278 3782 Joannes
2308 3723 2622 3786 Praecursor
2659 3731 2726 3787 ad
2778 3733 2987 3791 inferos
3040 3735 3338 3806 descendit,
3368 3751 3426 3797 et

1850 3818 2050 3872 mortui
2080 3821 2336 3891 gaudium
2376 3834 2598 3894 propter
2645 3824 2850 3881 Christi
2893 3827 3189 3884 adventum
3243 3834 3423 3902 perci-

1848 3910 2007 3980 piunt
2039 3913 2344 3969 ineffabile:
2377 3915 2540 3972 hodie
2569 3917 2640 3973 ob
2680 3917 2954 3975 Joannem
2980 3922 3158 3994 capite
3197 3936 3423 3995 prapter

1845 4000 2113 4072 justitiam
2165 4004 2440 4061 minutum
2479 4007 2605 4063 cali
2674 4009 2947 4079 la:tantur,
3025 4014 3300 4088 simulque
3359 4022 3417 4075 in

1849 4105 1992 4151 terra
2025 4095 2276 4154 homines
2299 4097 2520 4155 festales
2543 4102 2775 4172 hymnos
2791 4105 2998 4160 dicunt.
3039 4106 3106 4161 Et
3145 4110 3422 4182 mihiqui-

1846 4187 1969 4242 dem
2005 4187 2214 4242 videtur
2261 4204 2492 4260 magnus
2524 4190 2742 4247 Domini
2791 4193 3115 4253 Praecursor
3155 4199 3222 4255 de
3261 4202 3417 4260 cmlis

1845 4290 1946 4332 nos
1983 4277 2246 4347 aspicere,
2275 4288 2438 4351 atque
2485 4291 2545 4337 ut
2571 4296 2700 4338 suos
2738 4295 2991 4343 cantores
3025 4289 3229 4347 divinis
3253 4293 3417 4351 donis

1845 4369 2204 4424 remunerari.
2245 4368 2346 4426 Hic
2379 4370 2523 4426 inter
2549 4372 2863 4444 prophetas,
2917 4378 3074 4434 stella
3123 4389 3206 4435 est
3234 4392 3416 4438 matu-

1845 4459 1958 4516 tina
1987 4460 2303 4519 discurrens
2334 4473 2388 4520 et
2418 4464 2768 4523 illuminaus:
2798 4470 2938 4525 inter
2979 4475 3283 4542 apostolos,
3329 4480 3413 4535 sol

164 4554 452 4625 ωγάζων·
483 4555 544 4608 ἐν
577 4555 900 4620 ἀποστόλοις
949 4556 1025 4621 ὡς
1069 4557 1224 4628 ήλιος
1261 4560 1321 4612 ἐν
1371 4560 1523 4633 μέσῳ
1570 4542 1740 4635 ήλίων

1861 4559 1925 4606 :st
1955 4551 2010 4606 in
2036 4553 2233 4608 mediis
2277 4553 2486 4611 solibus
2535 4555 2862 4626 praefulgens
2887 4567 2941 4614 et
2970 4575 3138 4631 supra
3183 4574 3413 4624 caeteros

164 4645 504 4716 πραλάμπων
550 4647 646 4700 καὶ
687 4646 1065 4718 ὑπερλάμπων
1093 4666 1106 4679 ’
1139 4652 1198 4705 ἐν
1232 4652 1501 4722 μάρτυσιν
1543 4654 1618 4720 ὡς
1643 4657 1736 4710 οὐ-

164 4738 323 4808 ρανὸς
365 4736 792 4807 πεποικιλμένος
842 4741 956 4802 τοῖς
1001 4741 1220 4813 ἄστροις
1258 4745 1369 4796 τῶν
1400 4744 1731 4817 θαυμάτων·

162 4832 219 4883 ἐν
260 4831 496 4896 δικαίοις
542 4831 618 4895 ὡς
651 4831 867 4898 πολλοῖς
907 4833 1008 4901 τῆς
1046 4835 1393 4912 δικαιοσύνης
1422 4842 1736 4913 αὐχήμασιν

165 4924 612 4995 ὑψικομὼτερος,
668 4925 776 4980 τῶν
811 4927 1018 4997 κέδρων
1056 4928 1152 4982 τοῦ
1192 4931 1426 4986 Λιὸάνου
1465 4936 1736 5006 ὑπερφαί-

161 5036 263 5071 νων
289 5033 303 5046 ·
334 5019 362 5070 ὁ
399 5018 576 5088 χαρὰν
619 5017 976 5083 ἐξακοντίσας
1024 5020 1265 5092 σήμερον
1301 5029 1370 5096 τῇ
1414 5028 1727 5100 οἰκουμένῃ.

160 5110 220 5162 El
251 5111 362 5178 γὰρ
406 5109 594 5163 πολλοὶ
627 5111 720 5163 ἐπὶ
765 5114 833 5182 τῇ
881 5114 1134 5182 γεννήσει
1192 5115 1358 5169 αὑτοῦ
1401 5121 1730 5190 χαρήσονται

159 5203 297 5255 κατὰ
329 5202 398 5255 τά
430 5202 606 5270 λόγια,
633 5202 895 5271 ἀνάλογον
924 5204 991 5257 ἂν
1013 5206 1100 5276 εἴη
1141 5208 1235 5260 καὶ
1255 5209 1312 5262 ἐν
1342 5213 1407 5279 τῇ
1445 5211 1612 5264 αὐτοῦ
1645 5229 1732 5265 τε-

159 5290 369 5342 λειώσει
396 5292 494 5361 τὴν
521 5290 690 5362 αὐτὴν
728 5291 948 5345 ἔσεσθαι
993 5294 1354 5367 εὐφροσύνην,
1390 5300 1455 5369 ἢν
1485 5317 1728 5371 πανηγυ-

162 5385 326 5451 ρίζειν
360 5381 665 5451 ἡξιώμεθα,
691 5382 807 5435 ὅσοι
847 5385 904 5434 ἐν
953 5383 1214 5454 ἱερατικῷ
1238 5403 1295 5439 τε
1332 5389 1426 5440 καὶ
1447 5390 1722 5461 ἐρημικῷ,

158 5476 212 5526 ἐν
248 5473 523 5543 μοναδικῷ
547 5489 608 5524 τε
641 5475 736 5526 καὶ
759 5472 931 5543 λαῖκῷ
955 5474 1196 5543 τάγματι
1239 5477 1402 5529 πᾶσιν
1437 5478 1728 5548 ἀνήκοντος

222 5593 269 5626 κ
299 5593 434 5646 Luc.
476 5605 537 5654 ll,
579 5589 668 5643 t0.

225 5689 336 5755 (25)
372 5685 567 5760 Merito
624 5686 765 5760 hanc
800 5693 1018 5760 __narrat
1070 5695 1338 5760 tanquam
1401 5693 1722 5760 popularem

157 5760 503 5813 traditionem
535 5757 602 5811 de
636 5755 867 5811 Herodis
897 5771 1032 5811 nece
1067 5755 1434 5827 Theodorus;
1461 5755 1547 5816 ille
1579 5765 1722 5818 enim

157 5844 340 5898 reapse
371 5843 480 5883 non
519 5830 576 5881 in
605 5827 805 5884 civium
827 5828 1117 5883 rebellione
1141 5829 1231 5883 sed
1263 5830 1318 5883 in
1349 5830 1607 5901 Hispania
1627 5847 1726 5888 ex-

1841 4642 2096 4698 radians:
2133 4645 2278 4699 inter
2301 4652 2594 4717 martyres,
2626 4646 2789 4702 veluti
2810 4650 3008 4705 emtum
3026 4659 3111 4707 est
3140 4654 3413 4715 sideribus

1838 4735 2108 4791 variatum
2156 4737 2585 4794 miraculorum:
2623 4740 2764 4794 inter
2812 4742 3016 4811 justos,
3068 4761 3168 4801 ceu
3223 4750 3409 4806 multis

1834 4828 2063 4898 justitiae
2089 4833 2426 4887 ornamentis
2454 4832 2562 4888 alte
2582 4832 2962 4903 frondescens,
2998 4836 3191 4893 Libani
3214 4841 3410 4898 cedros

1837 4922 2070 4978 excedit.
2111 4923 2211 4978 Hic
2244 4923 2404 4979 hodie
2434 4926 2641 4980 mundo
2678 4928 2935 4983 universo
2969 4932 3226 5000 gaudium
3279 4935 3406 4990 inti-

1839 5017 1973 5069 mat.
2011 5011 2147 5069 Nam
2177 5013 2221 5068 si
2243 5013 2400 5068 multi
2439 5015 2491 5068 in
2522 5017 2804 5070 nativitate
2847 5018 2939 5087 jus
2957 5021 3194 5090 gavisuri
3225 5036 3401 5092 erant,

1832 5107 1991 5172 juxta
2018 5106 2262 5161 divinum
2297 5107 2516 5162 eﬂ‘atum
2541 5109 2622 5176 ὀς
2657 5123 3080 5167 consentaneum
3103 5115 3172 5169 sit
3203 5115 3256 5169 iu
3283 5118 3402 5187 ejus

1837 5212 2054 5266 quoque
2118 5198 2586 5253 consummatione
2653 5201 2897 5254 eamdem
2951 5218 3075 5257 esse
3136 5205 3399 5276 laetitiam,

1837 5305 1999 5359 quam
2031 5304 2128 5343 nos
2162 5288 2504 5343 solemnitate
2535 5290 2633 5344 hac
2666 5292 2940 5346 celebrare
2974 5292 3124 5363 digni
3170 5296 3396 5365 fuimus,

1833 5393 2097 5452 quotquot
2121 5382 2492 5448 sacerdotalis,
2532 5391 2627 5436 aut
2665 5384 2951 5451 eremitici,
2979 5397 3072 5441 aut
3101 5391 3398 5445 monacha-

1838 5476 1924 5538 lis,
1951 5483 2045 5529 aut
2075 5474 2237 5529 etiam
2268 5475 2393 5530 laici
2443 5475 2649 5530 ordinis
2682 5490 2890 5541 sumus,
2952 5479 3134 5533 cuncti
3192 5482 3398 5537 scilicet

1831 5691 1916 5815 Slll’l
1953 5688 2107 5750 obiit,
2142 5685 2428 5812 ut9diserte
2462 5682 2730 5755 Josephus
2757 5696 2964 5752 narrat,
2997 5686 3073 5741 De
3105 5688 3237 5744 bello
3255 5687 3388 5746 Jud.

1831 5761 1865 5814 li
1911 5800 1924 5813 .
1961 5775 2021 5815 ιι.
2049 5773 2170 5815 eat).
2231 5796 2245 5810 .

1830 5761 1924 5815 lib.
1961 5775 2021 5826 tt,
2049 5773 2170 5826 Cap.
2192 5761 2245 5812 9.
