3926 6434
469 380 572 442 711

1658 382 1718 441 S.
1743 383 2136 443 THEODORI
2185 383 2532 444 STUDIT/E

3620 379 3729 439 779

473 501 628 543 sacra
679 489 782 545 hac
839 488 1361 544 commemoratione
1420 489 1676 559 gaudium
1734 492 2075 555 aﬂ‘erentea

2182 493 2239 546 οῦ
2273 493 2621 564 μνημοσύνου
2647 493 2707 547 τδ
2737 492 3056 563 ἀγαλλίαμα
3079 507 3094 524 ·
3119 490 3484 561 διαφερόντως
3509 489 3566 542 δὲ
3595 490 3727 559 ἡμιν

473 583 744 652 pracipue
763 596 894 636 vero
929 581 1089 637 nobis
1117 581 1212 651 qui
1234 597 1404 636 sacra;
1431 583 1577 639 illius
1597 585 1728 640 tedis
1751 586 2046 641 contuber-

477 677 628 732 nales
659 693 674 742 ;
716 675 872 744 cujus
895 682 1185 743 propterea
1249 674 1740 732 intercessionibus
1769 677 2048 732 validiori—

476 769 579 825 bus
592 769 797 824 utinam
829 767 1107 822 fruamur!
1129 767 1180 820 in
1203 765 1425 822 Christo
1444 766 1571 823 Jesu
1591 768 1824 824 Domino
1839 778 2049 825 nostro.

483 859 586 916 Cui
647 859 819 930 gloria
845 867 899 912 et
935 866 1198 928 potestas,
1228 873 1351 912 cum
1393 857 1556 913 Patre
1606 868 1661 914 et
1705 862 2050 916 sanctissimo

476 949 692 1004 viviﬁco
717 947 945 1018 Spiritu,
986 962 1129 1001 nunc
1151 956 1208 1000 et
1229 963 1447 1018 semper
1474 957 1529 1002 et
1561 964 1659 1020 per
1706 949 1924 1006 infinita
1948 966 2051 1006 sa:-

479 1043 600 1100 cula
633 1042 979 1099 saeculorum.
1013 1042 1211 1094 Amen.

1220 1132 1314 1186 1X.

481 1227 748 1282 Laudatio
770 1226 828 1280 in
860 1224 921 1280 S.
952 1223 1215 1278 Joannem
1242 1225 1538 1293 apostolum
1566 1234 1614 1279 et
1656 1228 2053 1295 evangelistam.

2147 583 2364 647 τοῖςτοῦ
2402 584 2550 654 ἱεροῦ
2609 584 2771 637 αὑτοῦ
2797 583 3076 654 οίκου(26)
3108 583 3407 646 θιασώταις
3478 575 3539 636 οὗ
3565 598 3727 652 μετα-

2152 675 2417 743 σκοίημεν
2444 674 2552 726 τῶν
2580 673 2884 742 πρεσὸειῶν
2921 675 2999 726 ἐτι
3045 674 3189 744 μάλα
3235 673 3640 740 ἐκτενέστερον,
3672 671 3729 722 ἐν

2155 767 2376 836 Χριστῷ
2417 765 2590 835 Ἰησοῦ
2638 764 2717 835 τῷ
2753 766 2941 836 Κυρίῳ
2985 764 3178 837 ήμῶνο
3213 758 3256 832 ᾧ
3292 767 3325 834 ἡ
3366 763 3495 826 δόξα
3535 765 3630 815 καὶ
3668 763 3731 815 τ’)

2156 858 2377 927 κράτος,
2437 858 2536 909 σὺν
2579 855 2657 926 τῷ
2705 857 2882 926 ΙῙατρ)⁸
2933 859 3026 909 καὶ
3063 855 3140 927 τῷ
3195 856 3446 924 παναγίῳ
3475 854 3572 908 καὶ
3602 851 3733 916 ζωο-

2159 947 2297 1018 ποιῷ
2319 949 2621 1018 Πνεύματι,
2654 947 2748 1001 νῦν
2784 949 2879 999 καὶ
2905 947 3010 1010 ἀεὶ,
3044 948 3139 1000 καὶ
3181 949 3262 1009 είς
3291 947 3417 1010 τοὺς
3442 942 3733 1014 ἀτελευτή-

2160 1057 2285 1102 τους
2309 1039 2512 1102 αίῶνας
2545 1040 2654 1093 τῶν
2687 1039 2921 1092 αἰώνων.
2966 1039 3157 1108 Ἀμήν.

2914 1126 2970 1180 Θ¹

2157 1223 2486 1300 Ἐγκώμιον
2505 1225 2592 1300 είς
2614 1221 2721 1276 τὸν
2732 1219 2925 1300 μέγ-αν
2943 1213 3238 1300 ἰωᾴιζιςην
3258 1218 3364 1297 τὸς
3384 1215 3738 1300 άὲόστολον

2369 1297 2466 1347 καὶ
2494 1287 2935 1362 εὐαγγελιστὶιν
2967 1289 3073 1342 τοῦ
3102 1287 3358 1357 Χριστοῦ
3386 1287 3516 1357 (27).

1725 1379 1882 1450 (Anc.
1907 1383 2037 1436 ΜΑι.
2069 1384 2170 1441 loc.
2195 1388 2285 1441 cit.
2321 1403 2374 1456 ρ.
2401 1387 2514 1456 62.)

554 1476 607 1529 l.
647 1473 784 1527 Cum
826 1473 1025 1528 coelum
1070 1472 1228 1528 nobis
1276 1471 1341 1527 ad
1389 1471 1722 1528 laudationis
1763 1489 2055 1545 argumen-

484 1574 598 1621 tum
654 1564 993 1635 pr0positum
1041 1563 1131 1629 sit,
1179 1563 1306 1633 quis
1350 1578 1535 1619 sermo
1583 1565 1910 1631 invenietur,
1961 1567 2055 1636 qui

484 1657 859 1714 encomiorum
892 1655 1232 1710 altitudinem
1268 1671 1489 1726 aequare
1517 1656 1729 1726 possit?
1750 1658 1903 1724 Quod
1929 1673 2057 1714 vero

491 1748 769 1820 ingenium
811 1747 877 1802 ad
907 1747 1337 1818 magnitudinem
1363 1763 1421 1802 se
1455 1749 1676 1802 extollat
1705 1749 2061 1804 nobilissima:

485 1839 706 1896 laudis?
737 1838 875 1894 Fors
915 1839 1030 1909 ipsa
1063 1839 1326 1894 duntaxat
1355 1841 1663 1909 argumenti
1710 1842 2061 1911 aggressione

490 1929 830 1997 fatiscemus,
863 1940 1121 2002 tanquam
1151 1946 1213 1986 ea
1249 1940 1521 1988 tentantes
1560 1949 1683 2004 quae
1717 1909 1878 1990 nemo
1911 1951 2061 1991 asse-
2090 1909 2137 1968 Β

488 2025 584 2096 qui
615 2024 812 2094 possit,
853 2038 916 2078 ac
948 2024 1041 2094 qui
1095 2023 1150 2077 in
1199 2024 1522 2080 immensam
1563 2026 1941 2080 celsitudinem
1986 2027 2065 2080 vi-

489 2117 720 2172 deamus
767 2115 1044 2184 prosilire.
1100 2112 1222 2168 Non
1275 2114 1422 2168 hunc
1462 2127 1643 2170 autem
1686 2116 1871 2185 polum
1918 2118 2063 2182 dico,

490 2223 655 2279 quem
686 2206 970 2262 stellarum
1003 2190 1161 2262 chori
1199 2207 1352 2262 vario
1382 2207 1580 2262 decore
1616 2218 1933 2278 perornant,
1967 2225 2068 2265 nec

491 2315 655 2370 quem
697 2299 780 2355 soi
824 2297 1084 2367 aurigans
1132 2300 1412 2370 reciproco
1461 2313 1628 2354 cursu
1656 2300 1901 2369 quotidie
1945 2315 2068 2368 per-

491 2400 680 2461 agrat;
736 2401 792 2445 at
834 2405 1012 2460 neque
1052 2406 1214 2459 quem
1267 2390 1398 2444 luna
1444 2401 1671 2446 cornuta
1718 2407 2066 2460 percurrens,

493 2482 601 2536 diei
653 2480 866 2551 fulgore
915 2489 1130 2536 noctem
1189 2480 1550 2536 cullucentem
1600 2492 1857 2552 praestat;
1913 2483 2070 2551 cujus

494 2573 750 2629 miraculi
803 2572 955 2628 visus
1000 2571 1262 2641 magister
1313 2574 1550 2637 exsistit,
1584 2575 1712 2628 dum
1770 2575 1825 2628 in
1883 2590 2068 2629 rerum

493 2672 802 2720 creatarum
831 2661 1298 2732 pulchritudinem
1329 2671 1601 2731 penetrat,
1627 2665 1983 2734 animumque
2006 2663 2070 2718 ad

495 2754 792 2813 ereationis
831 2759 1110 2808 auctorem
1163 2753 1533 2808 transmittit:
1565 2753 1694 2822 quin
1730 2754 1910 2822 potius
1939 2753 2070 2807 illud

497 2846 730 2904 dixerim
759 2844 984 2908 caelum,
1011 2843 1170 2914 cujus
1193 2843 1362 2898 stellae
1391 2854 1652 2914 perpetuo
1673 2844 1916 2900 lucentes
1943 2853 2073 2899 sunt

497 2939 793 2994 multarum
868 2937 1129 2992 virtutum
1213 2944 1448 3002 turmae,
1512 2936 1776 3005 bonaque
1842 2935 2074 2992 actionis

497 3029 784 3101 splendore
810 3029 1078 3100 fulgentes
1109 3042 1124 3081 :
1157 3037 1209 3081 et
1239 3027 1396 3096 cujus
1420 3026 1526 3092 sol,
1548 3028 1854 3097 evangelica
1880 3042 2075 3096 nempe

497 3121 839 3194 pradicatio,
896 3120 964 3174 ad
1023 3119 1173 3174 orbis
1229 3128 1501 3172 terrarum
1552 3118 1690 3174 fines
1749 3120 2072 3188 pervadens,

2233 1487 2301 1538 α’.
2331 1479 2575 1551 Οὐρανοῦ
2615 1476 2978 1551 προκειμένου
3009 1477 3139 1546 ἡμῖν
3167 1474 3245 1537 είς
3279 1474 3536 1527 ὑπόθεσιν
3561 1475 3740 1542 ἐγκω-

2164 1574 2311 1645 μίου,
2344 1573 2428 1636 τίς
2458 1575 2567 1641 ἄρα
2609 1568 2917 1640 ἐξευρεθείη
2972 1569 3127 1636 λόγος
3157 1567 3235 1637 τῷ
3263 1565 3386 1635 ὕψει
3417 1566 3525 1618 τῶν
3549 1565 3738 1635 ,ἐγκω-

2167 1661 2306 1733 μίων
2359 1661 2764 1732 συνεπαρθῆναι
2826 1659 3172 1727 δυνάμενος;
3233 1658 3362 1709 ποία
3421 1657 3477 1710 δέ
3526 1656 3739 1710 διάνοια

2166 1753 2369 1823 ὑφάψω
2419 1752 2481 1806 τδ
2509 1750 2600 1804 τοῧ
2641 1749 2906 1821 μεγέθους
2943 1748 3040 1818 τῆς
3082 1744 3399 1818 ὑπερφυοῦς
3439 1747 3734 1810 αίνέσεως;

2165 1845 2307 1915 τάχα
2361 1845 2428 1898 ἀν
2481 1843 2861 1913 ἀποκάμοιμεν
2911 1841 3004 1893 καὶ
3065 1840 3224 1908 μόνον
3275 1838 3374 1909 τῆς
3426 1834 3739 1897 ὑποθέσεως

2165 1935 2557 2005 κατάρξασθαι,
2590 1935 2665 1996 ὡς
2714 1933 2822 1986 τῶν
2876 1931 3180 2001 ἀνεφίκτων
3209 1930 3611 1999 ἐφαπτόμενοι,
3643 1931 3741 1984 καὶ

2165 2030 2244 2092 είς
2271 2025 2668 2097 ἀπειροπληθὲς
2694 2023 2826 2094 ῦψος
2867 2024 3040 2093 πηδᾷν
3063 2021 3465 2090 δοκιμάζοντες·
3493 2021 3590 2074 καὶ
3631 2023 3740 2092 μὴν

2165 2122 2225 2174 οὑ
2250 2121 2398 2174 τόνδε
2425 2121 2569 2189 φημὶ
2598 2119 2688 2171 τὸν
2712 2116 2892 2182 πόλον,
2925 2115 2982 2167 ὃν
3017 2113 3254 2184 ἀστρῷοι
3285 2117 3494 2183 χορεῖαι
3533 2115 3742 2185 ἐκπρεο

2167 2213 2285 2277 πῶς
2343 2211 2851 2274 καταποκίλλουσιν,
2892 2207 2999 2260 οὐδ’
3026 2209 3193 2277 ὅνπερ
3243 2207 3392 2276 ἥλιος
3423 2207 3745 2276 ἁρματηλα-

2167 2306 2273 2359 τῶν
2301 2307 2392 2358 τὸν
2421 2307 2696 2376 ἐφήμερον
2728 2302 2932 2357 διανύει
2959 2301 3191 2367 δίαυλον,
3225 2300 3406 2353 οὐδὀὑ
3439 2301 3544 2370 μὴν
3573 2301 3744 2370 ὅνπερ

2170 2398 2365 2468 σελήνη
2426 2395 2709 2466 μηνοειδὴς
2754 2394 3041 2446 διαθέουσα
3086 2393 3406 2463 ἡμεροφανῆ
3445 2391 3543 2461 τὴν
3572 2391 3748 2448 νύκτα

2170 2488 2562 2560 ἀπεργάζεται·
2591 2481 2653 2540 οὗ
2673 2486 2767 2538 τοῦ
2791 2486 3065 2554 θαύματος
3086 2487 3179 2538 καὶ
3203 2486 3237 2554 ἡ
3261 2485 3380 2554 ὄψις
3400 2484 3744 2550 διδάσκαλος,

2171 2586 2282 2645 τοῖς
2312 2583 2411 2650 τῆς
2457 2580 2687 2642 κτίσεως
2721 2577 3105 2646 ἐμϐαθύνουσα
3158 2576 3402 2642 κάλλεσι,
3455 2578 3549 2630 καὶ
3608 2577 3748 2646 πρδς

2170 2675 2260 2728 τὸν
2301 2674 2401 2744 τῆς
2444 2671 2810 2743 δημιουργίας
2837 2669 3010 2722 αἴτιον
3052 2666 3140 2720 τὸν
3166 2667 3289 2720 νοῦν
3323 2668 3747 2738 ἀναπέμπουσα·

2172 2764 2287 2819 ἀλλ’
2317 2765 2544 2835 οὐρανὸν
2574 2764 2779 2816 ἐκεῖνον
2808 2761 3047 2830 λέγοιμι,
3092 2753 3152 2813 οὗ
3197 2759 3422 2828 ἀστέρες
3470 2761 3754 2827 ἀειφανεῖς

2173 2855 2280 2908 τῶν
2309 2853 2519 2925 ἀρετῶν
2547 2852 2754 2905 σύνοδοι
2785 2849 3016 2913 πολλῶν,
3047 2848 3125 2919 τῷ
3165 2849 3290 2918 φάει
3323 2849 3420 2918 τῆς
3449 2849 3754 2919 εὐπραξίας

2175 2943 2644 3007 ἀποστιλϐοῦντες,
2704 2944 2794 2997 καὶ
2831 2937 3001 3013 οὗπερ
3055 2941 3228 3009 ἥλιος,
3283 2941 3344 2992 τὸ
3397 2942 3756 3009 εὑαγγελικδν

2176 3040 2458 3110 κήρυγμα,
2489 3039 2570 3100 είς
2616 3038 2684 3090 τά
2729 3037 2828 3104 τῆς
2878 3034 3203 3104 οἰκουμένης
3251 3031 3479 3104 διᾴττων
3517 3036 3755 3104 πέρατα,

2180 3130 2586 3202 μυριοπλασίως
2616 3129 2764 3197 ἡλίου
2795 3129 3185 3198 φωτεινότερον
3211 3128 3525 3196 φρυκτωρεῖ
3547 3127 3758 3196 κόσμον

498 3213 650 3269 mille
689 3211 946 3282 partibus
995 3209 1235 3263 lucidius
1292 3208 1402 3261 sole
1452 3209 1716 3264 mundum
1765 3209 2073 3272 collustrat,

2182 3221 2374 3294 ὁρατόν
2404 3237 2464 3273 τε
2498 3222 2590 3272 καὶ
2616 3220 2868 3291 ἀόρατον.
2904 3219 3224 3290 Σεληνιαίου
3250 3217 3360 3288 γάρ
3392 3215 3566 3285 φωτὸς
3602 3216 3760 3271 οὔπω

501 3314 615 3359 tum
644 3303 788 3358 hunc
821 3300 998 3356 oculis
1027 3299 1362 3368 subjectum,
1401 3307 1513 3352 tum
1553 3299 1706 3352 illum
1742 3300 1859 3353 sola
1895 3299 2078 3368 cogni-

504 3407 618 3453 tum
653 3407 855 3452 mente.
895 3392 1015 3449 Non
1042 3393 1187 3448 enim
1227 3392 1405 3447 lunari
1450 3392 1658 3447 lumine
1695 3406 1833 3462 opus
1865 3390 1914 3445 ei
1951 3399 2076 3446 est:

502 3489 706 3560 quippe
743 3503 866 3544 cum
917 3501 985 3542 ne
1034 3501 1144 3540 nox
1187 3485 1408 3554 quidem
1453 3483 1695 3553 excipiat
1744 3481 1913 3546 diem,
1954 3479 2081 3548 quia

503 3581 886 3652 splendoribus
918 3580 1232 3634 illustratur
1262 3577 1354 3646 qui
1381 3592 1662 3648 nunquam
1692 3574 1973 3631 occidunt.

573 3673 632 3726 2.
665 3671 734 3727 Δι
757 3673 898 3727 scire
949 3673 1116 3727 vultis
1143 3671 1395 3742 quisnam
1423 3670 1510 3724 hic
1536 3671 1608 3724 sit
1629 3667 1918 3738 magnifice
1949 3664 2083 3720 adeo

505 3764 834 3836 praedicatus
879 3764 902 3818 ?
952 3763 1218 3818 Nimirum
1284 3761 1523 3818 Joannes
1586 3769 1689 3824 est,
1747 3758 2080 3822 auditores;

507 3855 766 3920 Joannes,
818 3857 1063 3925 inquam,
1095 3869 1356 3924 perquam
1384 3852 1714 3909 excellenter
1757 3851 2081 3919 apostolus;

509 3948 965 4018 evangelistarum
997 3945 1478 4014 praestantissimus
1503 3962 1518 4011 ;
1541 3943 1633 3998 Dei
1660 3943 1863 4012 aquila,
1889 3957 2086 4013 magna

510 4042 603 4098 illa
641 4039 836 4111 pennis
889 4039 1071 4093 aureis
1103 4037 1330 4108 praedita
1367 4054 1383 4103 ;
1422 4037 1661 4092 cmlestis
1709 4034 1964 4105 profundi
2003 4035 2088 4088 in-

511 4134 829 4203 vestigator,
857 4146 1020 4202 quem
1058 4130 1247 4185 nullus
1279 4129 1502 4200 assequi
1527 4136 1706 4199 potest
1745 4146 1758 4182 :
1801 4126 1965 4181 homo
1994 4126 2088 4195 qui

512 4226 857 4282 Clierubinos
895 4222 1360 4293 contemplatione
1413 4221 1713 4290 superavit,
1751 4220 1848 4290 qui
1898 4218 2089 4273 azterni

514 4318 680 4373 Verbi
711 4315 1088 4372 exsisteutiam
1149 4314 1357 4386 angelis
1403 4313 1540 4382 ipsis
1567 4312 1862 4372 nuntiavit,
1925 4325 2090 4366 voca-

513 4410 762 4465 lissimus
789 4407 1035 4461 veritatis
1060 4420 1238 4477 prmco
1271 4421 1287 4470 ;
1319 4419 1476 4458 mens
1511 4403 1762 4457 sublimia
1795 4411 2087 4470 spectans;

516 4501 701 4570 lingua
735 4501 893 4571 ignea
930 4516 944 4565 ;
985 4512 1048 4552 os
1077 4497 1265 4551 divino
1300 4509 1551 4551 sermone
1578 4493 1906 4549 instructum
1935 4510 1951 4559 ;
1984 4493 2090 4546 im-

2177 3312 2443 3372 δέδεκται,
2474 3310 2556 3362 ὅτι
2589 3307 2725 3379 μηδὲ
2752 3307 2848 3369 νὺξ
2897 3308 2996 3377 τὴν
3025 3307 3154 3377 περὶ
3183 3307 3315 3362 αὐτὸ
3366 3305 3581 3377 ἡμέραν
3610 3299 3759 3360 οἶδεν

2179 3404 2561 3473 διαδέχεσθαι,
2619 3399 2952 3465 άνεπιδύτως
3017 3401 3111 3454 τοῦ
3179 3402 3349 3470 φάους
3420 3397 3760 3471 μαρμαρύσο

2185 3509 2390 3556 σοντος.

2257 3672 2323 3740 β’.
2360 3669 2468 3723 Καὶ
2500 3669 2551 3722 τί
2580 3664 2735 3734 οὗτος
2766 3672 2796 3724 6
2829 3669 3394 3743 μεγαληγορούμενος,
3427 3670 3618 3739 μαθεῖν
3642 3669 3765 3741 βού-

2184 3761 2377 3827 λεσθε;
2412 3762 2690 3833 Ἰωάννης,
2740 3760 2784 3816 ὦ
2839 3765 3049 3836 ἄνδρες,
3080 3766 3107 3816 6
3137 3762 3401 3833 ὑπερλίαν
3438 3763 3762 3830 ἀπόστολος,

2185 3853 2292 3906 τῶν
2330 3853 2732 3922 εὐαγγελιστῶν
2769 3857 2797 3907 6
2829 3856 3290 3925 προφερέστατος,
3315 3855 3343 3906 6
3375 3852 3470 3906 τοῦ
3501 3853 3635 3906 Θεοῦ
3662 3857 3769 3908 ἀε-

2185 3947 2298 4009 τὸς,
2325 3948 2353 4000 6
2401 3947 2595 4016 μέγας,
2647 3948 2674 3999 ό
2718 3947 3117 4016 χρυσοπτέρυξ,
3146 3949 3173 4000 ό
3197 3946 3289 3998 τοῦ
3317 3946 3567 4016 οὐρανίου
3597 3946 3764 4016 βυθοῦ

2188 4040 2481 4110 ἐρευνητὴς
2509 4040 2802 4108 άφθαστος,
2838 4040 2867 4091 6
2892 4038 3148 4091 ἐπέκεινα
3179 4038 3288 4091 τῶν
3317 4039 3599 4109 Χερουϐὶμ
3624 4040 3764 4094 ἀνα-

2189 4130 2352 4200 νήξας
2375 4134 2439 4201 τῇ
2469 4131 2671 4201 θεωρίᾳ
2699 4130 3006 4200 ἄνθρωπος,
3031 4131 3057 4181 6
3077 4129 3175 4198 τῆς
3202 4128 3294 4181 τοῦ
3318 4130 3494 4197 Λόγου
3523 4130 3763 4200 ἀνάρχοι.

2191 4221 2474 4291 ὑπάρξεως
2513 4221 2605 4273 καὶ
2631 4220 3162 4288 ἀγγέλοις-’ἄγγελος
3189 4221 3216 4272 6
3249 4219 3768 4290 μεγαλοφωνότατος

2189 4316 2288 4385 τῆς
2317 4312 2573 4383 ἀληθείας
2605 4312 2782 4380 κήρυξ
2811 4314 2838 4364 6
2880 4311 3003 4373 νοῦς
3045 4314 3073 4364 6
3103 4311 3448 4380 ὑψίϐλεπτος,
3474 4314 3506 4382 ή
3543 4313 3769 4380 γλῶσσα

2193 4407 2226 4473 ἡ
2257 4404 2498 4477 πύρινος,
2530 4403 2589 4458 τὸ
2613 4404 2785 4475 στόμα
2813 4404 2874 4456 τὸ
2921 4403 3273 4473 θεόφραστον,
3323 4406 3421 4476 τῆς
3477 4405 3666 4474 σοφίας
3705 4406 3771 4460 τὸ

2192 4498 2416 4570 ἄπειρον
2456 4497 2706 4565 πέλαγος,
2729 4495 2837 4549 τῶν
2861 4495 3147 4566 δογμάτων
3173 4497 3201 4548 6
3228 4496 3386 4566 βυθὸς
3409 4498 3436 4548 6
3468 4495 3766 4564 ἀφθαστος.

516 4606 764 4647 mensum
811 4589 1090 4659 sapientiae
1122 4587 1346 4658 pelagus
1381 4603 1397 4653 ;
1426 4587 1737 4656 dogmatum
1770 4583 2075 4652 imperscru

2195 4589 2294 4659 τῆς
2319 4589 2571 4658 γνώσεως
2607 4589 2667 4640 τὸ
2699 4589 2901 4659 δοχεῖον
2930 4589 2990 4642 τὸ
3021 4588 3295 4659 μέγιστον,
3341 4590 3376 4658 ἠ
3411 4589 3770 4659 κοσμοφανὴς

515 4683 699 4738 tabilis
727 4696 923 4752 gurges
954 4699 969 4747 ;
999 4679 1243 4734 scientiae
1268 4678 1719 4748 conceptaculum
1747 4675 2042 4730 maximum
2071 4717 2085 4741 ,

516 4773 702 4844 fulgur
748 4772 983 4843 Spiritus
1035 4772 1240 4825 mundo
1295 4771 1593 4836 relucens;
1642 4769 1829 4839 gratiae
1887 4769 2088 4823 tonitru

519 4865 782 4921 mundum
807 4873 1189 4934 perstrepens;
1211 4863 1460 4918 sublimis
1485 4862 1846 4918 Ecclesiarum
1879 4861 2093 4916 colum-

517 4971 610 5023 na,
647 4956 741 5011 Dei
772 4953 1142 5010 firmissimum
1189 4952 1601 5008 fundamentum
1637 4969 1653 5018 ;
1710 4953 1962 5007 humanae
1991 4965 2091 5005 na-

518 5057 655 5103 tura
675 5046 962 5115 praedatrix
989 5059 1184 5114 sagena
1217 5060 1232 5111 ;
1261 5043 1556 5113 piscatoria
1597 5044 1902 5097 animarum
1928 5057 2094 5095 arun-

518 5139 592 5192 do
643 5136 710 5190 ad
763 5150 936 5204 usque
978 5133 1179 5188 ccelum
1253 5133 1579 5204 attingens;
1631 5147 1780 5186 serra
1833 5133 2093 5185 adversus

517 5242 708 5286 omnes
747 5228 1002 5292 haereses,
1059 5234 1322 5296 perpetuo
1388 5233 1536 5280 motu
1589 5225 1789 5294 agitata
1834 5240 1850 5290 ;
1897 5232 2092 5277 acutus

521 5318 755 5389 gladius,
820 5317 1114 5388 impietatis
1174 5316 1387 5369 zizania
1436 5316 1716 5370 dissecans

521 5410 690 5466 clavis
714 5409 1007 5480 impietatis
1049 5418 1254 5464 turmas
1281 5407 1576 5462 occludens
1616 5425 1628 5460 :
1677 5406 1862 5461 divino
1893 5407 2090 5461 robore

2195 4683 2453 4753 ἀστραπὴ
2483 4682 2577 4734 τοῦ
2612 4681 2949 4750 Πνεύματος,
2976 4683 3009 4752 ἡ
3039 4681 3389 4751 οίκουμενικὴ
3429 4680 3626 4750 βροντὴ
3664 4683 3769 4752 τῆς

2195 4773 2437 4844 χάριτος,
2487 4771 2596 4825 τῶν
2629 4770 2967 4841 Ἐκκλησιῶν
3013 4773 3040 4824 6
3093 4771 3281 4834 στύλος
3317 4773 3344 4824 6
3382 4769 3703 4841 ἀκρότατος,
3739 4773 3772 4826 6

2194 4865 2288 4918 τοῦ
2317 4863 2450 4918 Θεοῦ
2481 4863 2854 4934 στερεοπαγὴς
2875 4863 3144 4934 θεμέλιος,
3171 4864 3204 4934 ἡ
3227 4863 3525 4933 ἀγρευτικὴ
3553 4865 3770 4933 σαγήνη

2196 4956 2295 5025 τῆς
2328 4955 2673 5026 ἀνθρωπίνης
2707 4955 2943 5023 φύσεως,
2993 4958 3021 5011 6
3073 4955 3379 5018 ἁλιευτικὸς
3427 4954 3534 5006 τῶν
3574 4952 3772 5024 ψυχῶν

2197 5050 2576 5119 οὐρανομήκης
2631 5049 2914 5118 κάλαμος,
2966 5050 2994 5102 6
3047 5048 3187 5101 κατά
3255 5045 3446 5100 πασῶν
3499 5047 3771 5117 αἱρέσεων

2197 5140 2372 5211 πρίων
2399 5141 2727 5209 ἀεικίνητος,
2759 5142 2792 5209 ἡ
2820 5139 2887 5192 τά
2927 5140 3024 5209 τῆς
3058 5138 3311 5202 ἀσεϐείας
3342 5137 3555 5203 ζιζάνια
3583 5120 3770 5191 διατέ-

2198 5247 2401 5300 μνουσα
2424 5232 2571 5297 ὀξεῖα
2599 5232 2864 5301 μάχαιρα,
2892 5233 2925 5301 ἡ
2953 5230 3024 5283 τὰ
3043 5232 3140 5298 τῆς
3167 5230 3352 5294 ἀθεῒας
3380 5229 3770 5302 στρατεύματα

1773 5332 1788 5380 ;
1839 5315 2082 5369 caelestis
2191 5321 2593 5390 διατειχίζουσα
2643 5321 2790 5383 κλεῖς
2837 5322 3110 5388 οὐράνιος,
3167 5323 3200 5391 ἡ
3257 5321 3592 5389 σφενδονῶσα
3640 5323 3772 5386 τοὺς

2193 5413 2419 5480 νοητοὺς
2452 5411 2620 5480 θήρας
2663 5410 2946 5479 θεοσθενὴς
2977 5410 3204 5475 διάνοια,
3239 5413 3268 5463 6
3300 5410 3610 5478 πελαγίζων
3670 5427 3771 5466 1co-

594 5525 708 5594 (ΞΘ)
743 5523 963 5580 Scilicet
1001 5523 1177 5578 Studii
1231 5522 1645 5584 monasterium,
1682 5529 1918 5594 et_sacra
1944 5523 2085 5594 zedes
2190 5522 2636 5594 quo_q1te_exstitit
2659 5523 2828 5594 nostri
2854 5520 3141 5594 Theodori.
3174 5520 3276 5576 Vit.
3313 5537 3363 5591 p.
3393 5522 3482 5576 22.

527 5589 748 5651 titulum
794 5596 852 5650 S.
891 5594 1118 5649 Joannis
1146 5594 1399 5661 Baptista:
1427 5594 1704 5661 gerebant.
1734 5591 1935 5644 Confer
1962 5589 2085 5661 Stu-

527 5610 748 5651 titulum
794 5610 852 5650 δ.
891 5610 1118 5649 Joannis
1146 5610 1218 5648 ba
1262 5610 1399 5647 usue
1427 5610 1704 5661 gerenant.
1734 5610 1935 5644 Lomer
1962 5610 2085 5644 atu-

524 5667 651 5720 diue
715 5667 883 5720 nostri
925 5665 1102 5720 Vitam
1134 5673 1186 5719 et
1212 5610 1384 5732 ὄρθια
1417 5663 1502 5716 ed.
1539 5661 1818 5715 Sirmond.
1852 5678 1902 5730 p.
1935 5660 2020 5723 18,
2042 5669 2095 5714 et

526 5735 649 5790 618.
681 5735 806 5789 Item
830 5736 1089 5803 Cangium
1115 5731 1514 5800 Conslantinop.
1541 5735 1720 5803 rftrt'st.
1749 5732 1842 5784 lib.
1864 5747 1937 5803 ty,
1962 5731 2096 5793 ιῑιι,

528 5807 616 5858 ed.
656 5803 830 5858 Paris.
886 5801 1112 5872 p.103.
1168 5804 1241 5857 De
1271 5804 1460 5856 codem
1507 5801 1810 5868 S.Baptista
1866 5801 2100 5866 hymnus

2269 5591 2380 5660 (27)
2404 5590 2623 5646 Graecus
2663 5592 2825 5658 hujus
2846 5593 3106 5647 orationis
3145 5590 3323 5647 textus
3353 5607 3498 5646 nunc
3528 5591 3766 5661 primum

2197 5661 2375 5730 prodit
2408 5679 2422 5725 ;
2455 5663 2831 5730 interpretatio
2867 5675 3045 5716 autem
3076 5663 3262 5716 Latina
3289 5661 3603 5716 Combetisii
3659 5674 3764 5727 est,

2201 5747 2229 5782 a
2265 5731 2417 5850 nolitis
2460 5741 2638 5785 tamen
2686 5747 2792 5785 non
2829 5747 3041 5799 parum,
3072 5742 3125 5786 et
3151 5732 3371 5801 quidem
3433 5734 3769 5798 necessario,

2203 5814 2346 5850 varia
2379 5813 2428 5850 a.

2203 5813 2428 5851 variata.
