3926 6514
191 467 287 531 773

1013 467 1294 530 ORATIO
1312 467 1415 528 IX.
1452 493 1521 505 —
1540 467 1919 529 LAUDATIO
1955 467 2017 530 S.
2051 464 2312 528 JOANN.
2337 464 2608 529 EVANG.

3330 465 3434 531 774

189 578 359 648 ταμδς
396 577 495 648 τῆς
525 576 617 630 τοῦ
649 576 783 632 Θεοῦ
836 578 1032 648 σοφίας
1056 580 1126 634 τὰ
1157 582 1397 648 νάματα,
1437 582 1464 634 6
1485 579 1586 650 τῆς
1617 596 1759 649 παρ-

1869 578 2086 633 animus
2137 577 2410 648 spiritales
2452 577 2655 633 bestias
2695 577 2842 632 velut
2882 577 3048 634 funda
3112 577 3374 648 impetens
3413 596 3428 644 ;

189 667 366 731 θενίας
413 667 541 731 ναδς
572 666 979 739 καθαρώτατος,
1013 671 1042 724 6
1091 669 1169 739 τῷ
1201 671 1369 731 ὅντως
1396 670 1610 740 ἐραστῷ
1643 669 1760 721 λίαν

187 759 469 829 ἀγαπητὸς
505 761 599 814 καὶ
643 762 975 832 ἐπιστήθιος,
1013 765 1040 816 6
1072 764 1248 833 μέγας
1299 759 1392 814 τοῦ
1427 761 1760 829 Εύαγγελίου

189 850 554 921 ὼραιόδρομος
593 852 764 921 ἥλιος,
810 855 843 924 ἡ
884 852 1079 924 εὔηχος
1103 853 1241 924 λύρα
1269 851 1365 905 καὶ
1399 851 1630 919 σάλπιγξ
1665 851 1760 905 τοῦ

189 939 524 1008 Πνεύματος·
581 943 675 995 καὶ
722 943 774 994 τί
826 943 908 996 δεῖ
955 944 1165 1011 λέγειν;
1212 942 1319 995 οὐδ’
1349 944 1400 996 εί
1473 943 1762 1013 μυριοστὺν

191 1027 352 1098 φαίην
406 1031 708 1099 κατάλογον
739 1032 1026 1103 δυνηθείην
1072 1033 1137 1086 ἂν
1177 1032 1487 1101 ἐξιχνεῦσαι
1532 1032 1640 1084 τῶν
1673 1033 1765 1099 ἐγ-

190 1121 414 1188 κωμίων
451 1123 552 1189 τὴν
577 1121 836 1177 ἄϐυσσον·
871 1123 1002 1192 φέρε
1026 1123 1112 1194 δὴ,
1154 1125 1308 1194 φέρε,
1336 1124 1398 1175 ού
1428 1123 1488 1176 τὸ
1517 1123 1636 1175 ὃλον
1682 1124 1760 1174 εἰ-

191 1214 330 1274 πεῖν,
369 1212 529 1266 τοῦτο
557 1214 664 1283 γὰρ
692 1215 792 1286 ἤδη
820 1216 1044 1286 ἄπορον,
1083 1217 1144 1268 οὐ
1201 1219 1267 1287 τῇ
1317 1214 1424 1286 ἐμῇ
1466 1214 1760 1286 ἀγλωττίᾳ,

189 1301 321 1355 ἀλλὰ
348 1303 460 1374 γὰρ
486 1305 580 1357 καὶ
603 1298 684 1368 οἷς
714 1305 1008 1376 ὑψηγορεῖν
1034 1307 1286 1376 δύναμις,
1317 1307 1652 1376 ἡττωμένοις
1686 1305 1764 1376 τῷ

192 1394 414 1463 μεγέθει
462 1396 559 1450 τοῦ
610 1397 908 1468 θαύματος,
941 1399 1022 1451 ὅτι
1057 1399 1190 1468 μηδὲ
1236 1397 1369 1466 ὕψος
1403 1397 1636 1469 ούρανοῦ
1668 1415 1765 1468 με-

190 1486 412 1555 τρητόν
444 1486 548 1541 κᾶν
572 1487 687 1556 δοίη
722 1488 804 1552 τίς
849 1488 1127 1560 συναίρειν
1157 1488 1249 1541 τὸν
1287 1487 1526 1552 ἔπαινον,
1557 1487 1765 1559 βραχέα

190 1575 242 1629 δέ
269 1593 396 1630 τινα
435 1580 505 1631 ἐκ
545 1577 655 1631 τῶν
689 1579 1062 1648 εύαγγελικῶν
1105 1579 1385 1648 λειμώνων
1415 1579 1764 1649 μελισσειδῶς

190 1665 326 1737 ἄνθη
356 1667 710 1740 λογήσαντες,
736 1669 1022 1724 καὶταῦτα
1040 1667 1130 1726 οἷά
1159 1687 1279 1724 τινα
1301 1670 1352 1722 σί
1361 1669 1504 1739 μὸλα
1531 1670 1766 1738 λογικῶς

190 1757 768 1829 κηροπλαστήσαντες,
798 1761 890 1814 καὶ
935 1761 1013 1825 ώς
1067 1761 1486 1833 ἀπαρτήσαντες
1513 1762 1580 1830 τῇ
1631 1761 1767 1814 ἀπο-

191 1848 410 1921 στολικῇ
457 1852 763 1924 πανηγύρει
792 1853 979 1925 ὥσπερ
1011 1855 1117 1908 τινὶ⁸
1169 1853 1420 1923 βασιλίδι,
1460 1854 1754 1922 ἐπίκουρον

1863 667 2062 724 ﬂuvius
2089 668 2184 724 Dei
2214 669 2494 738 sapientia:
2536 668 2694 724 latice
2720 669 3004 725 exundans
3039 687 3054 736 ;
3101 670 3433 739 virginitatis

1864 759 2284 814 mundissimum
2334 761 2592 830 templum
2631 760 2750 826 ;ei,
2804 760 2897 831 qui
2943 777 3128 815 revera
3181 760 3433 815 amabilis

1863 857 1968 914 est,
1999 849 2155 904 valde
2183 849 2403 912 charus,
2434 866 2498 904 ac
2528 866 2691 919 supra
2720 852 2962 920 ejusdem
2992 861 3180 921 pectus
3214 867 3430 907 recum-

1866 941 2000 996 bens
2030 958 2044 1007 ;
2090 956 2318 1010 magnus
2348 940 2625 1011 Evangelii
2673 942 2753 996 sol
2787 943 3029 1011 speciose
3063 944 3376 997 discurrens
3411 961 3427 1010 ;

1865 1045 2062 1087 sonora
2096 1031 2334 1100 Spiritus
2389 1032 2506 1102 lyra
2536 1048 2600 1085 ac
2629 1034 2783 1086 tuba.
2813 1035 2882 1085 At
2904 1032 3034 1102 quid
3075 1049 3212 1102 opus
3239 1043 3320 1087 est
3349 1034 3432 1086 di-

1864 1137 1988 1177 cere
2017 1123 2039 1176 ?
2066 1120 2146 1176 Ne
2173 1122 2219 1175 si
2245 1121 2396 1176 mille
2420 1122 2636 1190 quidem
2672 1122 2843 1176 titulis
2880 1130 3100 1176 auctum
3131 1123 3429 1194 calalogum

1863 1223 2085 1270 contexa
2095 1231 2166 1278 m,
2190 1214 2308 1284 ejus
2323 1215 2524 1284 possim
2543 1217 2901 1285 pervestigare
2914 1216 3132 1269 laudum
3151 1217 3430 1287 abyssum.

1864 1309 1976 1376 Age
2002 1321 2152 1373 vero,
2186 1322 2304 1377 age,
2336 1321 2445 1361 non
2470 1316 2530 1361 ut
2556 1307 3084 1364 universa‘dicamus
3112 1309 3131 1382 (
3156 1310 3256 1366 hoc
3283 1310 3428 1365 enim

1864 1397 2265 1462 inconcessum,
2294 1397 2490 1451 nedum
2532 1396 2665 1450 mihi
2714 1397 2807 1466 qui
2849 1398 3119 1453 sermonis
3153 1414 3218 1454 ac
3241 1400 3434 1455 facun-

1868 1488 1973 1543 dlze
1996 1488 2221 1557 penuria
2245 1489 2455 1553 laboro,
2484 1488 2575 1543 sed
2599 1497 2653 1542 et
2677 1488 2745 1542 iis
2762 1490 2854 1559 qui
2885 1491 3148 1560 altiloquii
3177 1491 3431 1546 facultate

1863 1574 2086 1643 pollent,
2135 1591 2274 1643 quos
2308 1582 2515 1629 tantum
2545 1575 2680 1630 illud
2736 1577 3059 1632 miraculum
3094 1579 3296 1649 ingenti
3328 1594 3429 1635 sua

1868 1666 2241 1736 magnitudine
2293 1667 2507 1732 vincit;
2549 1668 2768 1737 quando
2805 1684 2982 1738 neque
3032 1672 3262 1726 altitudo
3307 1672 3431 1727 cmli

1865 1756 2129 1826 ejusmodi
2157 1766 2259 1824 est,
2282 1766 2342 1813 ut
2362 1773 2482 1813 eam
2505 1759 2746 1814 metiaris
2773 1759 2822 1831 ).
2847 1760 3002 1827 Quod
3026 1762 3072 1816 si
3107 1763 3263 1817 nobis
3294 1778 3428 1818 cono

1865 1846 2108 1911 cedatur,
2145 1856 2354 1917 partem
2390 1849 2628 1917 aliquam
2674 1848 2898 1903 laudum
2950 1850 3215 1916 conferre,
3257 1867 3430 1922 pauca

187 1936 278 1990 τὸν
304 1939 438 2006 περὶ
468 1933 530 1991 οὗ
551 1943 580 1993 6
605 1921 761 2010 λόγος
789 1921 1179 2014 λαμϐάνοντες,
1230 1945 1616 2012 προσενεγκεῖν
1643 1943 1762 2011 ἥδι-

1867 1938 2112 2008 (ιυαιάοηι
2141 1955 2204 1993 ex
2240 1938 2654 2009 Evangeliorum
2701 1943 2872 2010 pratis
2911 1941 2964 1995 in
3017 1944 3234 1998 modum
3260 1921 3428 2014 apum

189 2039 291 2078 στα
320 2024 687 2099 θαρσήσομεν.

1864 2032 2242 2100 decerpentes,
2286 2047 2351 2087 ac
2385 2032 2530 2086 velut
2561 2032 2614 2085 in
2648 2032 2974 2100 quibusdam
3017 2034 3238 2091 alveolis
3275 2051 3429 2092 ceras

188 2112 470 2185 ingeniose
519 2118 805 2191 fingentes,
837 2132 1001 2193 atque
1065 2122 1193 2178 huic
1259 2119 1590 2179 solemnitati
1649 2119 1982 2189 apostolicae,
2054 2131 2311 2186 tanquam
2388 2122 2589 2194 regina:
2645 2120 2883 2188 cuidam,
2937 2123 3426 2194 circumponentes.

185 2207 364 2280 ipsum
397 2214 668 2271 sermonis
698 2217 974 2285 auspice".
1003 2215 1345 2282 adhibentes,
1401 2214 1467 2270 de
1520 2225 1630 2283 quo
1659 2211 1817 2266 nobis
1852 2219 1937 2267 est
1986 2211 2354 2271 instituendus
2397 2228 2578 2271 sermo
2620 2229 2637 2280 ;
2682 2212 3042 2272 libentissime
3076 2216 3268 2273 offerre
3295 2233 3428 2288 prte-

185 2313 492 2359 sumemus.

250 2472 324 2535 γ’.
357 2467 600 2539 Πατρίδα
632 2467 732 2538 μὲν
766 2468 820 2521 εί
847 2486 931 2534 τις
962 2469 1282 2540 ἐπιζητήσοι
1329 2472 1618 2543 ἐγκωμίων
1675 2471 1760 2524 νό-

188 2575 312 2627 μοις
365 2560 800 2630 ἐπερειδόμενος,
852 2556 1034 2633 ἀφ’ἦς
1081 2565 1108 2614 6
1158 2562 1456 2626 ἀπόστολος
1503 2565 1582 2627 εἰς
1645 2563 1761 2632 φῶς

185 2650 466 2720 ἐλήλυθεν,
502 2651 564 2704 ού
617 2654 894 2723 περιφανῆ
937 2654 1143 2721 ταύτην
1191 2653 1434 2724 εύρήσοι,
1471 2654 1606 2708 ἀλλὰ
1651 2656 1760 2726 γὰρ

185 2738 278 2792 καὶ
332 2739 455 2793 λίαν
500 2740 732 2810 ἄσημον,
777 2741 875 2810 τὴν
919 2741 1233 2794 Γαλιλαίαν·
1266 2742 1590 2814 κοινοτέρως
1631 2744 1736 2814 γάρ

186 2831 338 2901 ὅμως
372 2833 653 2886 κάνταῦθα
689 2832 1051 2904 περίϐλεπτος
1078 2834 1105 2886 ό
1137 2833 1454 2898 ἀπόστολοςο
1489 2835 1605 2898 πῶς
1667 2835 1761 2887 καὶ

182 2924 291 2976 τίνι
322 2925 544 2995 τρόπῳ;
585 2927 665 2978 ὅτι
698 2925 757 2991 ἐξ
788 2921 855 2996 ἦς
897 2926 1085 2979 οὐδένα
1117 2927 1404 2996 προφήτην
1434 2926 1757 2999 ἐγηγέρθαι,

182 3014 292 3068 οὐδ’
319 3017 378 3068 οὐ
419 3018 528 3086 μήν
573 3034 627 3069 τι
686 3017 888 3085 ἀγαθὸν
924 3020 1064 3071 εἶναι
1098 3017 1372 3082 Ἰουδαίοις
1432 3037 1491 3072 τε
1538 3022 1631 3074 καὶ
1684 3020 1760 3091 τῷ

183 3106 400 3174 ἀληθῶς
425 3107 736 3180 Ἰσραηλίτῃ
782 3107 935 3178 ᾤετο,
971 3109 1203 3163 ἐνταῦθα
1237 3112 1490 3180 Χριστὸς,
1524 3114 1555 3182 ή
1609 3114 1760 3184 πηγὴ

185 3198 368 3267 πάσης
425 3199 782 3270 ἀγαθότητος,
833 3201 889 3252 ἐν
938 3201 1135 3270 γαστρὶ⁵
1167 3202 1443 3269 Παρθένου
1477 3204 1574 3273 τῆς
1603 3205 1760 3273 ἀρχιο

185 3288 520 3358 προφήτιδος
548 3287 1000 3358 συλλαμϐάνεταιο
1035 3283 1136 3342 ὧδε
1168 3291 1481 3360 μορφωθεὶς
1526 3293 1603 3362 τῷ
1634 3293 1757 3346 καθ’

183 3381 334 3450 ἡμᾶς
361 3381 495 3434 εῖδει
530 3381 913 3452 ἐντέθραπται,
943 3385 1052 3445 τοῖς
1094 3382 1343 3450 γονεῦσιν
1382 3384 1759 3454 ὑποτασσόμε-

182 3488 298 3538 νος,
327 3473 431 3541 τῆς
461 3472 669 3535 πόλεως
693 3473 786 3542 ἀφ’
817 3469 884 3545 ἦς
924 3473 1022 3543 τὴν
1043 3473 1232 3543 κλῆσιν
1280 3477 1516 3545 εἴληφεν·
1545 3477 1760 3545 (Ναζω-

184 3566 332 3631 ραῖος
385 3563 514 3633 γὰρ)
559 3563 663 3615 ὑπὸ
692 3563 788 3634 τὴν
823 3564 1136 3631 Γαλιλαίαν,
1169 3566 1244 3629 ὡς
1265 3566 1364 3636 τῆς
1390 3567 1583 3639 κώμης
1617 3568 1759 3640 Βηθ-

186 3656 349 3709 σαϊδὰ
403 3655 774 3724 ὑποτελούσης
832 3656 1085 3725 μάλιστα.
1151 3658 1240 3721 Ὠς
1301 3659 1630 3728 ὰξιάγαστον
1699 3661 1759 3713 τὸ

184 3747 416 3816 ἔδαφοςί
459 3747 535 3810 ώς
591 3750 902 3819 μακαριστὴ
956 3752 988 3820 ἡ
1035 3749 1260 3820 πατρίςὲ
1316 3754 1414 3822 τῆς
1438 3725 1834 3822 Ἃδαμιαίαςϐ

186 3839 452 3910 πατρίδος
474 3839 898 3910 αἰδεσιμώτερον
920 3840 1324 3911 διαλάμπουσα,
1359 3843 1434 3907 ὼς
1459 3843 1550 3896 τὸν
1576 3844 1635 3909 ἐξ
1667 3844 1758 3896 οὑ-

181 3929 353 3999 ρανοῦ
398 3930 652 4001 δεύτερον
681 3931 858 4000 Ἀδὰμ
890 3932 987 3984 σὺν
1037 3931 1113 4001 τῷ
1148 3933 1368 4005 Ἰωάννῃ
1400 3935 1770 4005 προικοφορή-

187 4037 351 4074 σασα.
389 4019 552 4083 Γένος
595 4019 702 4072 οὐδ’
735 4019 868 4073 αὐτὸ
920 4020 1396 4092 εὐκαταφρόνητον
1430 4042 1443 4055 ·
1495 4025 1650 4090 πῶς;
1682 4025 1764 4078 ὅτι

183 4112 293 4165 ἀπὸ
317 4111 610 4165 Ζεϐεδαίου
643 4111 738 4164 καὶ
759 4109 1026 4182 Σαλώμης
1045 4112 1343 4183 ὀμαίμονος
1363 4115 1600 4185 Χριστοῦ
1623 4116 1762 4169 κατὰ

187 4203 370 4272 σάρκα
415 4203 445 4254 6
497 4202 929 4273 εὐφημούμενος.
964 4203 1027 4256 ’Ὡ
1075 4204 1189 4267 πῶς
1230 4205 1442 4273 εύαγῶς
1480 4208 1764 4279 ἀμφότερα

182 4297 268 4356 είς
297 4291 496 4347 ταυτὸν
519 4293 877 4362 συνέδραμεν,
908 4294 998 4347 τὸν
1030 4295 1146 4348 υίδν
1175 4297 1270 4348 τοῦ
1302 4299 1591 4366 νυμφῶνος
1621 4300 1764 4352 ἀδελ-

186 4386 375 4455 φιδοῦν
422 4384 662 4456 Χριστοῦ
700 4385 1049 4456 ἐξευρεθῆναι
1093 4388 1533 4458 ἁρμοδιώτατονὲ
1579 4392 1674 4445 καί
1699 4409 1764 4459 γε

184 4479 294 4532 τῶν
328 4480 425 4547 ἀφ’
459 4479 608 4548 ἡλίου
655 4478 928 4530 ἀνατολῶν
964 4475 1215 4547 Ἰωάννης
1244 4481 1644 4552 εὐγενέστερος,
1674 4485 1764 4552 γέ-

187 4590 276 4636 νος
304 4571 444 4625 Θεοῦ
475 4569 876 4641 χρηματίζεται
924 4570 1334 4642 ἀμφοτέρωθεν.
1376 4574 1569 4644 ὐρᾶτε
1603 4576 1764 4646 ἡλίκα

185 4665 430 4734 ἀνεφάνη
461 4665 530 4717 τὰ
580 4663 804 4728 δόξαντα
842 4656 979 4716 εἶναι
1020 4664 1325 4734 φαυλότερα
1375 4669 1439 4736 τῇ
1493 4667 1764 4740 φιλοπόνῳ

187 4756 422 4826 ἐργασία
453 4756 800 4826 πλεκόμενα;
850 4756 934 4820 τίς
977 4759 1011 4828 η
1055 4758 1374 4827 ἁνατροφὴ;
1405 4760 1763 4831 ἐπιτήδευμα,

188 4851 312 4919 ἥτις
339 4850 435 4901 καὶ
463 4843 577 4902 οἷον
607 4849 960 4913 ἐπιδεικτέον,
992 4849 1041 4902 εἰ
1071 4847 1179 4918 ἄρα
1198 4849 1492 4904 κάντεῦθεν
1514 4852 1767 4924 καθέίρ-

193 4941 292 5010 μὸν
326 4939 506 5010 βαίνει
538 4941 568 4992 6
592 4939 770 5008 λόγος.

266 5206 329 5263 δ’.
367 5206 535 5259 Οὐδὲν
575 5190 922 5275 ἀπορώτερον
961 5199 1036 5258 ὧν
1082 5208 1239 5277 ἴσμεν
1281 5209 1336 5260 ἐν
1381 5195 1482 5277 βίῳ
1530 5207 1766 5276 μεθόδων

195 5300 509 5368 ἁλιευτικῆς
558 5298 773 5367 τέχνης,
805 5295 926 5349 οὔτε
970 5296 1076 5366 μὴν
1123 5298 1224 5364 τῆς
1259 5298 1387 5367 περὶ
1429 5297 1598 5368 αὐτὴν
1634 5301 1768 5353 ἀνα-

195 5393 402 5462 τροφῆς
430 5389 851 5460 ἀγροικότερον·
891 5389 1026 5443 διότι
1069 5389 1179 5442 τῶν
1213 5389 1312 5457 μὲν
1350 5390 1524 5443 ἄλλων
1564 5392 1766 5461 τεχνῶν

197 5486 254 5537 αἱ
277 5483 649 5556 προχειρίσεις
687 5481 824 5550 πρὸς
845 5481 922 5550 τῷ
951 5480 1400 5550 ἐμπολιτεύεσθαι
1431 5482 1524 5534 καὶ
1553 5482 1769 5536 πλείονα

197 5573 467 5644 πορισμὸν
498 5571 576 5641 τῷ
612 5570 828 5640 τεχνίτῃ
860 5571 1224 5639 εἰσφέρουσιν,
1261 5570 1324 5623 ἄν
1352 5586 1412 5621 τε
1445 5568 1677 5636 λογικῶς
1707 5572 1770 5624 ἄν

195 5683 256 5719 τε
285 5662 609 5736 πρακτικῶς
636 5659 840 5714 είποιέν
867 5677 950 5724 τις
969 5677 984 5691 ο
1019 5660 1115 5730 τῆς
1145 5659 1224 5723 δὲ,
1256 5660 1391 5730 πρὸς
1418 5660 1497 5730 τῷ
1532 5661 1766 5726 ίδιάξων,

197 5757 295 5809 καὶ
338 5758 373 5826 ἠ
403 5756 513 5809 τῶν
548 5753 826 5824 ἐδωδίμων
867 5754 1043 5821 σπάνη
1086 5752 1403 5821 ἐφάμιλλος,
1432 5752 1508 5815 ὡς
1536 5753 1768 5825 πληροῦ-

202 5847 320 5902 σθαι
359 5847 420 5901 τὸ
453 5843 550 5900 τοῦ
581 5846 906 5918 γράμματος
933 5845 1059 5910 πᾶς,
1080 5845 1316 5914 Μόχθος
1343 5843 1656 5911 ἀνθρώπου
1685 5847 1768 5911 εἰς

1933 2467 1986 2522 '6.
2030 2466 2270 2522 Patriam
2322 2469 2563 2539 quidem,
2606 2485 2672 2526 ex
2705 2485 2810 2540 qua
2855 2470 3132 2540 apostolus
3163 2471 3216 2526 in
3254 2471 3426 2529 lucem

1864 2559 2082 2626 prodiit,
2113 2560 2156 2613 si
2185 2559 2310 2628 quis
2344 2561 2731 2615 encomiorum
2777 2561 2990 2632 legibus
3017 2563 3215 2628 nitens,
3247 2564 3430 2632 inqui-

1860 2651 2084 2705 rendam
2118 2651 2336 2714 dixerit,
2369 2651 2510 2705 haud
2545 2653 2690 2706 illam
2723 2652 3016 2707 admodum
3046 2653 3308 2709 illustrem
3341 2653 3427 2709 in-

1861 2741 2069 2794 venerit
2100 2758 2113 2794 :
2154 2741 2285 2809 quin
2314 2741 2480 2794 etiam
2511 2743 2803 2797 obscuram
2832 2745 2988 2797 valde
3017 2753 3071 2798 et
3105 2745 3425 2815 ignobilem,

1860 2846 2054 2899 nempe
2081 2830 2360 2885 Galilaeam
2385 2850 2397 2885 :
2426 2834 2767 2888 communior
2787 2834 2934 2888 enim
2972 2835 3087 2890 haec
3113 2846 3196 2890 est
3222 2837 3421 2905 opinio.

1859 2926 1929 2979 At
1958 2925 2083 2979 hinc
2124 2934 2301 2980 tamen
2336 2927 2647 2996 spectabilis
2685 2930 2906 2983 exsistit
2931 2929 3239 2999 apostolus.
3280 2930 3430 2998 Quo-

1861 3017 2053 3081 modo,
2091 3027 2184 3071 aut
2247 3033 2352 3086 qua
2397 3020 2655 3074 ratione?
2709 3020 2845 3086 Quia
2899 3022 3041 3076 unde
3069 3022 3250 3078 nullus
3299 3039 3427 3078 sur-

1861 3107 2066 3162 rexisse
2109 3107 2393 3176 propheta,
2437 3124 2499 3164 ae
2529 3125 2628 3164 nec
2660 3110 2786 3164 boni
2817 3112 3029 3180 quidem
3053 3113 3256 3182 aliquid
3285 3130 3426 3180 esse,

1859 3196 2060 3254 Judaeis
2077 3200 2281 3268 pariter
2299 3215 2362 3254 ac
2383 3215 2512 3254 vero
2535 3201 2811 3256 Israelita.
2830 3204 3134 3269 videbatur,
3151 3205 3430 3260 illicChri—

1861 3297 1977 3342 stus
2000 3289 2166 3343 t0tius
2197 3289 2453 3343 bonitatis
2501 3289 2623 3345 fons
2657 3291 2710 3345 in
2741 3293 2980 3362 Virginis
3011 3293 3275 3363 principis
3302 3309 3430 3364 pro-

1860 3378 2124 3448 phetissas
2168 3389 2323 3434 utero
2353 3390 2675 3451 conceptus,
2726 3382 2948 3452 illicque
2980 3400 3102 3438 cum
3135 3387 3429 3441 humanam

1861 3469 2129 3526 induisset
2182 3472 2410 3527 formam
2451 3474 2777 3542 parentibus
2810 3475 3115 3544 subjectus,
3170 3478 3430 3534 educatus

1860 3570 1986 3628 est;
2039 3577 2162 3617 cum
2212 3564 2401 3619 civitas
2451 3580 2518 3619 ex
2583 3580 2691 3635 qua
2743 3566 2834 3622 ille
2879 3582 3178 3638 cognomen
3221 3571 3431 3638 accepit

1863 3652 2205 3724 (Nazarenus
2228 3659 2370 3710 enim
2395 3658 2697 3727 appellatus
2727 3658 2844 3728 est)
2875 3659 3112 3716 Galilaeae
3135 3662 3428 3729 provincia:

1865 3755 2007 3802 esset
2044 3765 2057 3801 :
2090 3749 2176 3803 cui
2201 3749 2420 3817 quidem
2455 3749 2760 3804 Bethsaida:
2786 3764 2957 3819 pagus
2984 3752 3258 3819 subjectus
3285 3763 3427 3810 erat.

1864 3835 2036 3900 Quam
2087 3838 2307 3906 dignum
2353 3837 2710 3892 admiratione
2760 3839 2937 3893 solum
2983 3842 2996 3895 l
3041 3840 3214 3907 Quam
3269 3843 3430 3899 beata

1865 3927 2042 3994 patria
2090 3927 2103 3979 l
2143 3926 2337 3981 Adami
2398 3928 2573 3997 patria
2635 3929 3003 3986 venerabilius
3039 3931 3321 4003 eﬂ'ulgens,
3373 3944 3430 3990 nt

1865 4033 1985 4087 quae
2029 4019 2329 4073 secundum
2365 4035 2395 4073 e
2436 4020 2576 4074 coelo
2601 4019 2869 4075 Adamum
2907 4037 3030 4077 cum
3064 4022 3276 4079 Joanne
3306 4042 3430 4096 pro-

1865 4111 2066 4165 tulerit.
2124 4110 2307 4166 Genus
2358 4128 2427 4166 ne
2480 4113 2658 4182 ipsum
2729 4114 2948 4183 quidem
3002 4119 3428 4188 contemptibile.

1865 4199 2147 4266 Quomodo
2169 4203 2191 4254 ?
2211 4201 2504 4267 Nimirum,
2535 4205 2679 4273 quod
2708 4204 2776 4270 is,
2809 4221 2969 4276 quem
2999 4207 3300 4275 laudamus,
3333 4226 3431 4266 na-

1863 4304 1951 4348 tus
1986 4293 2056 4348 sit
2090 4303 2243 4363 patre
2292 4294 2580 4360 Zebedzeo,
2609 4311 2672 4350 ac
2712 4307 2887 4351 matre
2936 4297 3170 4364 Salomc,
3206 4301 3429 4369 Christi,

1864 4388 1910 4441 si
1933 4402 2149 4442 carnem
2178 4397 2408 4456 spectes,
2438 4390 2864 4457 consanguinea.
2890 4389 2933 4444 Ο
2951 4407 3113 4460 quam
3155 4403 3341 4449 sancte
3366 4410 3432 4450 ac

1863 4481 2120 4550 praeclare
2143 4482 2304 4534 ambo
2325 4489 2739 4544 concurrerunt,
2767 4490 2825 4535 ut
2847 4483 3069 4536 thalami
3091 4483 3252 4548 illius,
3273 4486 3432 4541 Chri-

1863 4572 1932 4626 sti
1962 4570 2323 4625 consobrinus
2369 4571 2703 4624 inveniretur
2737 4571 2750 4624 l
2788 4571 2924 4626 adeo
2951 4580 3011 4626 ut
3036 4570 3277 4628 Joannes
3305 4575 3428 4629 uni-

1865 4665 2037 4719 versis
2060 4663 2128 4716 ab
2156 4671 2276 4716 ortu
2321 4662 2453 4717 solis
2483 4663 2717 4717 nobilior
2764 4662 3011 4729 exsistat,
3035 4665 3127 4734 qui
3153 4666 3431 4734 utrimque

1864 4753 1958 4807 Dei
1999 4767 2167 4820 genus
2210 4751 2300 4807 sit.
2332 4751 2536 4806 Videtis
2563 4763 2765 4821 quanta
2814 4753 2930 4808 haec
2960 4764 3277 4823 appareant,
3307 4769 3430 4824 qua:

1865 4840 2188 4894 videbantur
2223 4841 2736 4909 contemptibiliora,
2797 4842 3044 4897 studioso
3095 4857 3255 4911 opere
3285 4858 3430 4899 nunc

1864 4940 2116 4986 contexta
2144 4931 2165 4984 ?
2191 4930 2333 4996 Quid
2388 4932 2525 4985 ultra
2552 4931 2574 4984 ?
2602 4931 2737 4987 Vitae
2772 4934 3036 4997 studium,
3067 4934 3338 5003 quodnam
3365 4936 3430 4990 il-

1796 5054 1842 5110 Β
1870 5022 1962 5077 lud
2011 5037 2076 5077 ac
2122 5021 2280 5091 quale
2329 5023 2494 5075 fuerit
2539 5023 2934 5077 ostendendum
2971 5033 3053 5078 est
3098 5041 3115 5090 ;
3161 5023 3427 5094 siquidem

1875 5113 2001 5167 hinc
2037 5127 2253 5181 quoque
2277 5112 2540 5167 orationis
2567 5115 2736 5167 series
2774 5113 3040 5183 procedit.

1940 5205 1994 5258 4.
2021 5203 2162 5258 Inter
2192 5203 2493 5258 studiorum
2519 5218 2581 5258 ac
2613 5203 3012 5273 professionum
3037 5213 3161 5258 nota
3186 5205 3344 5260 nobis
3373 5206 3429 5261 in

1870 5295 2069 5350 sacculo
2118 5309 2336 5362 genera,
2367 5295 2659 5363 piscatoria
2687 5305 2802 5350 arte
2830 5311 3061 5366 egenum
3085 5294 3253 5365 magis
3279 5312 3295 5361 ;
3329 5310 3430 5350 nec

1868 5386 2167 5455 quidquam
2193 5384 2298 5438 vita
2316 5386 2602 5453 piscationi
2626 5387 2839 5441 addicta
2872 5386 3128 5442 rusticius
3151 5385 3428 5441 invenias:

1870 5476 2129 5530 nimirum
2195 5476 2427 5530 aliarum
2461 5477 2659 5530 artium
2715 5477 2913 5541 studia,
2957 5486 3151 5547 preter
3203 5477 3328 5531 vitae
3365 5491 3432 5532 ac

1871 5567 2305 5620 conversationis
2374 5567 2664 5632 rationem,
2735 5568 2910 5638 majus
2964 5582 3179 5637 quoque
3221 5567 3429 5621 lucrum

1872 5659 2063 5712 artiﬁci
2095 5658 2407 5723 conferunt,
2443 5658 2558 5713 sive
2587 5659 2708 5728 quis
2744 5659 3011 5714 rationem
3035 5658 3286 5722 aestimet,
3319 5657 3432 5713 sive

1874 5750 2177 5805 actionem:
2216 5750 2504 5820 piscatoria
2533 5761 2713 5807 autem
2741 5765 2851 5818 ars,
2879 5765 3061 5821 parem
3087 5765 3208 5805 cum
3238 5749 3431 5806 solitu-

1876 5842 2000 5898 dine
2049 5842 2436 5912 parcimoniam
2485 5843 2668 5908 habet,
2698 5853 2758 5898 ut
2787 5841 3073 5912 impleatur
3117 5840 3259 5912 quod
3297 5841 3432 5897 scri-
