3926 6434
457 387 563 453 7'15

1655 381 1713 437 S.
1746 377 2141 438 THEODORI
2176 375 2520 436 STUDlT/E

3604 374 3712 434 7⁸ῖῦ

459 508 610 572 ptum
641 503 757 551 est:
793 495 976 548 Omnis
1011 492 1157 546 labor
1186 491 1408 544 hominis
1438 493 1491 542 in
1524 505 1610 541 ore
1639 489 1751 558 ejus
1777 489 1842 542 ³⁸.
1888 487 2028 542 Sunt
2056 495 2079 551 ἐ

2183 492 2193 539 l
2243 490 2437 556 στόμα
2478 486 2696 539 αὑτοῦ·
2730 485 2822 538 καὶ
2859 485 2964 554 γάρ
3000 485 3102 536 εἱσι
3148 484 3569 553 ρακοδοτοῦντες
3616 487 3713 539 καὶ

460 605 698 659 namque
725 588 921 659 pannis
935 586 1119 651 obsiti,
1152 601 1214 638 ac
1228 585 1468 638 vestibus
1488 582 1722 647 detritis,
1749 579 2037 650 squallenti

462 698 644 744 coma,
685 695 747 735 ac
774 678 966 735 adusta
1003 675 1164 741 facie,
1199 675 1360 730 nudis
1393 674 1620 744 pedibus
1645 675 2039 737 discurrentes,

460 772 754 833 littoribus,
814 784 878 825 ac
935 768 1109 838 magis
1149 766 1407 822 solitariis
1459 766 1594 821 locis
1667 764 2040 828 immorantes,

463 866 628 920 modo
667 862 886 932 quidem
946 876 1110 930 super
1161 870 1344 929 petras
1385 858 1657 920 sedentes,
1691 856 1853 910 modo
1903 856 2043 908 imos

467 955 728 1027 gurgites,
790 953 935 1008 unde
991 953 1226 1022 pradam
1262 959 1598 1020 exspectant,
1671 948 2041 1017 dispicientes.

468 1048 742 1115 Quorsum
774 1046 891 1101 hac
924 1053 1031 1098 tam
1056 1044 1347 1113 diligenter
1397 1041 1626 1110 exposui
1652 1039 1961 1094 ?Nimirum
1990 1047 2048 1092 ut

469 1139 755 1195 ostendam
795 1136 930 1191 nihil
956 1149 1081 1190 esse
1123 1134 1347 1204 dignum
1381 1133 1800 1202 vituperatione,
1828 1130 2048 1186 tametsi

472 1232 710 1286 Joannes
743 1229 881 1283 hanc
902 1225 1206 1281 exercuerit
1239 1233 1432 1279 artem.
1465 1223 1660 1276 Transi
1698 1232 1752 1276 tu
1787 1221 2049 1290 spiritalis

471 1335 669 1376 sensus
693 1318 1046 1384 investigator
1073 1314 1138 1366 ad
1161 1311 1430 1366 visibilem
1453 1309 1784 1378 metaphora;
1807 1306 2048 1372 modum,

477 1423 842 1479 occurretque
884 1407 1110 1462 scientia
1139 1404 1322 1476 generi
1354 1417 1680 1469 congruens.
1715 1399 1878 1454 David
1927 1412 2051 1452 cum

475 1504 631 1574 prius
653 1511 839 1572 pastor
859 1499 1041 1554 ovium
1072 1505 1238 1561 esset,
1277 1493 1624 1565 postmodum
1654 1506 1683 1544 a
1709 1490 1819 1544 Deo
1849 1489 2054 1544 electus

479 1604 585 1658 est,
615 1607 828 1664 pascere
853 1588 1255 1645 Iacob-servum
1278 1601 1454 1648 suum,
1486 1594 1536 1637 et
1573 1581 1743 1636 Israel
1775 1579 2056 1634 haeredita-

481 1697 584 1742 tem
613 1700 765 1739 suam
787 1685 854 1737 ".
882 1680 1013 1735 Mihi
1057 1693 1276 1749 quoque
1321 1675 1584 1732 Joannem
1626 1673 1935 1735 considera,
1989 1671 2056 1725 ab

2142 579 2519 653 ὲρικνωμένοι,
2550 577 2827 648 αὐχμηροὶ
2872 577 2970 647 τὴν
3022 577 3195 644 κόμην
3240 576 3332 629 καὶ
3372 575 3716 644 ὀψίκαυστοε,

2140 669 2604 742 γυμνοποδοῦντες
2646 667 2780 737 όμοῦ
2814 669 2910 721 καὶ
2936 666 3277 731 ἁναθέοντες,
3308 667 3504 729 ἀκταῖς
3531 685 3593 720 τε
3623 667 3720 721 καὶ

2143 761 2576 834 ὲρημικωτέροις
2627 758 2814 820 τόποις
2858 756 3311 826 ἐνδιατρίϐοντες
3346 755 3421 823 πῆ
3468 755 3567 823 μὲν
3616 755 3712 807 πέ-

2143 871 2300 924 τραις
2352 847 2874 922 ὑπερκαθεζόμενοι,
2930 849 3008 919 πῆ
3055 847 3112 900 δὲ
3168 847 3361 918 βυθοὺς
3411 846 3718 916 διορῶντες,

2145 943 2437 999 κάντεῦθεν
2474 942 2571 1012 τὴν
2615 941 2790 1012 ἄγραν
2818 940 3122 1010 ἀνέχοντες.
3162 938 3320 1002 Τίνος
3370 934 3464 992 οῦν
3514 938 3725 990 εἵνεκεν

2147 1036 2567 1107 περιεργότερον
2594 1036 2822 1087 ὑπείπον
2851 1032 3053 1094 ταῦτα;
3085 1033 3167 1083 ὅτι
3198 1034 3244 1084 εί
3279 1032 3368 1083 καὶ
3391 1031 3596 1099 ταύτην
3625 1030 3726 1100 τὴν

2146 1132 2341 1201 τέχνην
2367 1121 2606 1200 μέτεισιν
2635 1129 2662 1180 6
2700 1127 2974 1194 Ἰωάννης,
3003 1125 3063 1177 οὐ
3095 1124 3410 1194 νεμεσητόν.
3439 1121 3728 1191 Μετάϐηθι

2148 1222 2241 1273 ἐπὶ
2274 1219 2365 1272 τὸν
2389 1220 2489 1288 τῆς
2523 1219 2835 1288 μεταφορᾶς
2868 1216 3067 1285 τρόπον
3096 1215 3389 1286 θεωρητὸν,
3431 1213 3527 1266 καὶ
3557 1214 3728 1283 εὑρή-

2151 1330 2266 1376 σεις
2307 1310 2710 1381 συμϐαίνουσαν
2745 1309 2819 1377 τῷ
2862 1307 3008 1373 γένει
3053 1306 3150 1377 τὴν
3181 1307 3512 1375 ἐπιστήμην.
3562 1306 3732 1358 Anti-.6

2153 1404 2354 1474 ποιμὴν
2401 1403 2664 1473 πρότερον
2718 1399 3040 1469 προϐάτων,
3087 1395 3210 1452 εἶτα
3260 1397 3365 1449 ὑπὸ
3422 1395 3559 1449 Θεοῦ
3609 1413 3733 1450 ποι-

2147 1499 2379 1569 μαίνων·
2415 1495 2523 1548 τὸν
2547 1493 2770 1548 δοῦλον
2807 1492 2994 1546 αὐτοῦ
3024 1492 3123 1545 καί
3167 1489 3405 1558 Ἰσραὴλ
3435 1489 3552 1556 τὴν
3582 1495 3733 1558 κλη·

2149 1587 2439 1658 ρονομιαν
2466 1583 2673 1638 αὐτοῦ.
2707 1581 2911 1650 Σκέψαι
2953 1599 3041 1650 μοι
3070 1581 3163 1634 καὶ
3197 1581 3447 1648 Ἰωάννην
3479 1578 3589 1631 ἀπὸ
3634 1579 3735 1648 τῆς

2154 1681 2350 1748 ἀλόγου
2375 1679 2453 1742 είς
2479 1675 2701 1746 λογικὴν
2729 1675 2834 1728 ὑπὸ
2850 1674 2943 1726 τοῦ
2975 1674 3208 1741 μεγάλου
3231 1673 3406 1739 Λόγου
3439 1687 3737 1741 μετενηνε-

479 1775 882 1834 irrationalium
949 1771 1210 1841 piscium,
1257 1769 1321 1822 ad
1380 1765 1725 1822 rationalium
1772 1775 2052 1833 capturam

2183 1771 2358 1839 ’μένον
2394 1765 2722 1835 θεοπρεπῶς
2769 1762 2985 1817 άλιίαν·
3009 1764 3070 1815 οὑ
3096 1761 3204 1831 γὰρ
3227 1759 3535 1829 ποιμαίνειν
3574 1758 3738 1828 τήνδε

483 1881 682 1938 magno
711 1863 892 1920 Verbo
918 1835 1170 1926 vocante,
1198 1835 1382 1928 prout
1405 1857 1576 1910 Deum
1600 1854 1846 1916 decebat,
1879 1861 2057 1905 trans-

2183 1835 2380 1931 l-‘tﬂv53
2424 1859 2516 1910 καί
2556 1873 2696 1909 τισιν
2740 1855 2907 1924 ὁρίοις
2936 1841 3323 1923 διειλημμένας
3363 1849 3554 1918 φυλὰς,
3596 1849 3738 1903 ἀλλὰ

487 1963 679 2016 latum.
712 1955 835 2012 Non
856 1955 1000 2010 enim
1050 1953 1258 2008 electus
1292 1949 1396 2004 fuit
1444 1957 1504 2003 ut
1532 1949 1677 2002 hunc
1699 1945 1919 2000 illumve
1947 1955 2060 2012 gre-

486 2065 605 2121 gem
656 2052 937 2118 pasceret,
981 2051 1076 2097 aut
1125 2039 1458 2112 quibusdam
1497 2035 1749 2091 terminis
1794 2033 2060 2087 discretas

490 2140 690 2202 tribus,
721 2136 812 2192 sed
855 2145 914 2190 ut
938 2134 1126 2189 orbem
1151 2131 1466 2185 universum
1491 2127 1793 2198 piscatione
1820 2132 2059 2194 caperet.

504 2231 679 2287 Venite
700 2230 868 2294 enim,
891 2226 1087 2296 inquit,
1103 2232 1219 2294 post
1249 2238 1352 2279 me.
1374 2231 1421 2275 et
1453 2222 1647 2291 faciam
1670 2235 1757 2272 vos
1779 2218 2062 2287 piscatores

491 2326 762 2380 hominum
792 2322 832 2377 ⁸.
860 2318 1097 2374 Tametsi
1129 2327 1308 2370 autem
1335 2312 1645 2369 communis
1676 2311 1777 2366 fuit
1807 2308 2020 2363 vocatio
2047 2323 2062 2371 ;

494 2420 563 2474 ad
597 2431 722 2474 eum
750 2424 930 2469 tamen
975 2427 1006 2466 a
1046 2410 1206 2466 nobis
1245 2406 1552 2463 reducenda
1582 2414 1687 2469 est,
1712 2402 1780 2457 de
1812 2415 1923 2470 quo
1953 2400 2069 2454 haec

492 2521 580 2568 est
643 2509 890 2565 instituta
948 2504 1178 2569 oratio;
1229 2500 1374 2571 quod
1425 2500 1589 2554 etiam
1637 2497 1692 2551 in
1739 2493 2066 2565 quibusdam

498 2603 622 2664 aliis
659 2595 1151 2656 uuiversalioribus
1187 2590 1471 2647 vocabulis
1520 2589 1610 2643 ﬁet
1642 2606 1656 2653 ;
1717 2601 1826 2640 non
1872 2593 1929 2638 ut
1963 2597 2072 2653 prae

498 2688 764 2761 apostolis
791 2685 914 2740 aliis
937 2683 1188 2753 theologo
1218 2680 1311 2751 jus
1343 2677 1706 2737 vindicemus,
1746 2689 1809 2728 ex
1843 2673 1929 2727 his
1950 2686 2072 2741 quas

499 2779 835 2854 peculiarius
861 2779 928 2831 de
961 2776 1081 2844 ipso
1116 2772 1444 2842 exponimus
1482 2788 1496 2837 ;
1532 2768 1674 2822 absit
1704 2785 1717 2821 :
1752 2779 1876 2819 nam
1898 2776 2074 2833 neque

501 2874 751 2932 accensis
780 2887 811 2927 e
835 2867 1113 2926 communi
1155 2865 1340 2936 aliquo
1366 2864 1570 2918 lumine
1608 2859 1839 2922 facibus,
1873 2856 2075 2912 idcirco

502 2969 685 3025 minor
706 2973 792 3021 est
815 2961 1120 3034 splendoris
1148 2974 1215 3015 ex
1245 2972 1355 3012 uno
1385 2957 1541 3027 plena
1564 2951 1929 3024 participatio.

575 3059 630 3114 5.
679 3053 1131 3124 Quandoquidem
1175 3063 1307 3104 vero
1333 3061 1566 3116 magnus
1603 3044 1694 3099 hic
1741 3039 2017 3112 apostolus
2048 3052 2077 3091 a

505 3152 618 3208 Deo
659 3151 901 3220 piscator
944 3143 1277 3199 constitutus
1333 3149 1436 3204 cst,
1480 3152 1577 3208 age
1631 3136 1913 3190 videamus
1951 3147 2075 3186 eum
2107 3168 2151 3229 ϐ

505 3240 818 3313 allegorice,
841 3237 997 3307 quasi
1031 3235 1088 3290 in
1118 3232 1388 3297 navicula,
1409 3231 1461 3285 in
1490 3227 1813 3298 corpusculo
1833 3239 1929 3278 suo
1953 3221 2078 3276 reﬁ-

508 3312 767 3398 cientem,
789 3345 899 3386 non
918 3327 1146 3384 discissa
1167 3323 1323 3385 retia,
1347 3321 1441 3377 sed
1461 3317 1771 3386 evangelica
1791 3312 2080 3368 verricula.

509 3425 769 3494 Quasnam
799 3418 1009 3476 arundo
1045 3417 1069 3470 ?
1103 3413 1365 3470 doctrinm
1416 3411 1680 3466 calamus.
1717 3405 1990 3473 Quisnam‘
2007 3402 2084 3472 pi-

511 3515 784 3574 scatorius
852 3508 1128 3566 funiculus
1177 3506 1200 3559 ‘l
1249 3504 1532 3574 theologia:
1573 3513 1766 3555 nexus.
1821 3497 2081 3561 Quisnam

512 3608 715 3663 hamus
742 3605 766 3659 τ
796 3601 1069 3673 tripartita
1111 3613 1267 3653 crux.
1312 3596 1570 3661 Quaenam
1604 3605 1730 3646 esca
1762 3588 1785 3641 ?
1813 3601 1942 3642 caro
1971 3584 2086 3640 dei-

516 3701 654 3764 t'era,
691 3711 797 3767 qua
833 3696 1111 3749 inescatus
1137 3702 1368 3759 magnus
1406 3686 1494 3740 ille
1522 3692 1674 3739 cetus
1695 3681 1872 3736 Beliar
1897 3685 2088 3746 captus

515 3801 620 3849 est.
664 3787 875 3856 Quaris
924 3800 1090 3854 super
1138 3796 1303 3851 quam
1327 3777 1514 3834 sedeat
1551 3785 1757 3846 petram
1789 3774 1812 3826 ‘I
1841 3771 2086 3826 Firmam

519 3886 652 3942 mihi
678 3883 800 3938 lldel
832 3877 1119 3935 considera
1142 3875 1341 3930 sedem.
1369 3870 1541 3926 Orem
1563 3867 1862 3922 mirabilem
1900 3866 1912 3917 !
1952 3861 2088 3916 Ver—

519 3977 754 4033 riculum
796 3971 951 4044 jacit,
979 3984 1087 4024 non
1122 3967 1180 4021 in
1231 3966 1376 4020 hunc
1413 3962 1632 4017 illumve
1662 3960 1863 4019 sinum,
1908 3953 2002 4010 sed
2037 3952 2091 4006 in

522 4069 707 4127 saeculi
747 4080 899 4122 mare
936 4063 1275 4119 universum.
1306 4055 1562 4112 Extendit
1605 4052 1872 4106 calamum
1905 4061 2008 4101 non
2038 4045 2091 4099 in

524 4162 800 4218 modicum
841 4154 1063 4226 aliquod
1104 4152 1368 4222 spatium,
1409 4149 1500 4203 sed
1538 4146 1591 4199 in
1631 4147 1764 4198 lines
1810 4140 1959 4195 orbis
1986 4149 2094 4191 ter-

527 4266 712 4308 rarum
753 4266 768 4302 :
824 4244 1069 4301 immittit
1116 4240 1420 4295 funiculum
1445 4251 1552 4290 non
1585 4235 1637 4287 in
1695 4232 1961 4303 gurgitem
1995 4227 2096 4279 im-

528 4357 806 4408 mensum,
837 4337 933 4396 sed
956 4337 1012 4391 in
1046 4336 1218 4405 ipsam
1241 4329 1535 4401 impietatis
1556 4327 1835 4397 abyssum.
1864 4321 1945 4375 Tu
1963 4318 2095 4374 mihi

527 4435 854 4506 locupletem
926 4438 1207 4500 capturam
1259 4421 1541 4478 considera
1614 4434 1677 4473 ex
1733 4411 2100 4486 singularibus

2159 1953 2268 2023 γὰρ
2311 1955 2407 2020 τὴν
2454 1947 2780 2018 οἰκουμένην
2833 1946 3068 1998 ἁλιεύειν
3115 1945 3363 1997 ἃπασαν
3401 1941 3578 1994 Δεῦτε
3605 1942 3736 2011 γὰρ,

2162 2048 2348 2117 φησιν,
2397 2044 2589 2097 ὀπίσω
2631 2059 2769 2111 μου,
2825 2042 2921 2094 καὶ
2952 2041 3184 2106 ποιήσω
3219 2036 3376 2108 ὑμᾶς
3419 2036 3606 2102 ἁλιεῖς
3642 2036 3746 2089 ἀνι

2163 2138 2449 2208 θρώπωνο
2513 2134 2562 2186 εί
2621 2132 2678 2188 δι
2723 2134 2804 2186 ὅτι
2860 2133 3002 2185 κατά
3058 2131 3238 2185 κοινοῦ
3290 2133 3322 2200 ἠ
3364 2129 3576 2197 κλῆσις,
3621 2129 3742 2182 ἀλλ’

2163 2233 2296 2302 ἡμῖν
2347 2246 2406 2281 τε
2454 2230 2646 2284 ἀκτέον
2693 2224 2897 2292 ταύτην
2942 2223 3034 2276 ἐπὶ
3072 2223 3162 2275 τὸν
3211 2223 3336 2293 περὶ
3370 2215 3430 2276 οὗ
3471 2223 3500 2275 6
3547 2221 3743 2287 λόγος’

2167 2325 2354 2395 ὥσπερ
2380 2323 2477 2376 καὶ
2501 2322 2592 2375 ὲπί
2618 2337 2757 2372 τισιν
2789 2316 2977 2377 ἄλλαις
3005 2315 3396 2385 γενικωτέραις
3421 2315 3648 2381 φωναῖς,
3683 2314 3744 2366 οὔ

2170 2415 2548 2472 πλεονεκτοῦσι
2583 2411 2730 2482 παρὰ
2752 2409 2874 2470 τοὺς
2903 2405 3122 2469 λοιποὺς
3147 2405 3480 2467 ἀποστόλους
3512 2403 3592 2473 τῷ
3622 2403 3747 2456 Beo-

2168 2509 2312 2578 λόγῳ
2344 2506 2440 2568 τὰς
2479 2504 2536 2557 δὲ
2574 2502 2659 2555 διὰ
2691 2499 2792 2567 τῆς
2829 2498 3209 2568 μερικωτέρας
3251 2495 3593 2565 ἀναλήψεως,
3638 2495 3749 2548 άπ-

2170 2616 2272 2668 αγε
2292 2615 2305 2628 ·
2339 2598 2419 2650 ὅτι.
2454 2593 2590 2666 μηδὲ
2620 2590 2899 2655 πλεονεξία
2927 2592 3040 2654 τοῖς
3071 2587 3177 2642 ἀπὸ
3199 2585 3377 2641 κοινοῦ
3406 2585 3584 2653 φωτὸς
3614 2586 3749 2638 ἀνα-

2172 2691 2354 2760 φθεῖσι
2388 2687 2762 2757 λαμπτῆρσιν,
2796 2685 2830 2753 ὴ
2861 2682 2949 2748 ὑφ’
2981 2681 3098 2742 ἐνὸς
3121 2678 3275 2748 όλικὴ
3299 2678 3397 2747 τῆς
3430 2677 3752 2748 λαμπρότη⁶

2171 2798 2262 2845 τος
2288 2779 2524 2851 μέθεξις.

2248 3035 2310 3084 ε’.
2351 3023 2501 3078 Ἐπεί
2526 3023 2581 3076 δὲ
2609 3019 2844 3090 κατέστη
2868 3018 2974 3070 ὑπὸ
3000 3016 3134 3070 Θεοῦ
3167 3015 3350 3078 ἁλιεὺς
3368 3017 3396 3068 6
3419 3013 3592 3086 μέγας
3619 3011 3758 3065 ἀπόο

2182 3119 2386 3179 στολος,
2440 3113 2597 3184 δεῦρο
2650 3112 2850 3181 ίδωμεν
2908 3109 3072 3163 αὐτὸν
3130 3105 3508 3178 ἀλληγορικῶς
3568 3103 3644 3167 ὡς
3698 3105 3760 3155 ὲν

2182 3208 2349 3277 πλοίῳ
2382 3207 2439 3258 ὲν
2477 3203 2612 3274 τῷδε
2641 3200 2718 3272 τῷ
2752 3199 2961 3270 σαρκίῳ
2990 3198 3387 3269 καταρτίζοντα
3425 3199 3487 3249 οὐ
3525 3194 3762 3263 διερρω-

2180 3305 2312 3372 γότα
2334 3300 2544 3365 δίκτυα,
2569 3297 2705 3351 ἀλλὰ
2737 3296 2807 3349 τά
2838 3293 3169 3364 εὐαγγελικὰ
3190 3291 3558 3363 ἀπαρτίζοντα
3585 3288 3764 3358 ἀμφί-

2182 3393 2421 3464 ϐληστρα
2441 3407 2456 3422 ο
2490 3390 2571 3452 τίς
2605 3390 2634 3441 ὀ
2663 3387 2943 3458 κάλαμος;
2973 3388 3001 3439 6
3029 3385 3314 3455 δογμάτων
3353 3380 3546 3446 δόναξ·
3595 3379 3680 3441 τίς
3727 3381 3762 3447 η

2183 3485 2389 3556 ὁρμιά;
2429 3484 2462 3552 ἠ
2509 3479 2682 3549 πλοκὴ
2715 3477 2813 3548 τῆς
2843 3477 3119 3545 θεολογίας
3147 3493 3161 3505 θ
3199 3475 3252 3527 τί
3281 3475 3341 3526 τὸ
3371 3474 3702 3541 ἁγκιστρον;
3736 3473 3767 3523 6

2185 3580 2445 3651 τρίμερος
2489 3575 2717 3645 σταυρός
2743 3590 2757 3604 ·
2799 3573 2851 3625 τί
2884 3572 2945 3625 τὸ
2973 3571 3198 3640 δέλεαρ;
3239 3571 3272 3639 ἡ
3314 3566 3568 3638 θεοφόρος
3597 3563 3768 3634 σὰρξ,

2186 3674 2244 3726 ὲν
2273 3667 2632 3745 ᾖδελεασθεὶς
2670 3664 2933 3736 ἐχειρώθη
2987 3663 3048 3716 τὸ
3106 3663 3248 3732 μέγα
3279 3660 3442 3730 κῆτος
3482 3659 3510 3712 6
3537 3656 3766 3728 Βελίαρ.

2192 3767 2380 3835 Ζητεῖς
2422 3764 2480 3815 ὲν
2558 3757 2983 3829 ὑπερκαθίζεται
3009 3757 3223 3824 πέτρας
3255 3752 3362 3807 νόει
3396 3767 3487 3821 μοι
3517 3748 3617 3819 τὴν
3642 3766 3773 3802 στε-

2194 3858 2321 3926 ρεὰν
2348 3857 2507 3924 ἕδραν
2533 3853 2630 3921 τῆς
2657 3849 2912 3910 πίστεως.
2940 3847 3003 3898 Ὢ
3028 3844 3122 3898 τοῦ
3150 3838 3459 3914 θαύματοςί
3495 3841 3679 3913 ῥίπτει
3708 3840 3776 3893 τδ

2189 3947 2598 4019 ἀμφίϐληστρον
2644 3945 2744 3998 οὐκ
2792 3945 2870 4007 εἰς
2909 3942 3054 3996 τόνδε
3101 3942 3193 3995 τὸν
3232 3941 3429 3994 κόλπον
3463 3939 3556 3993 καὶ
3589 3937 3774 4004 τόνδε,

2192 4041 2306 4097 ἀλλ’
2347 4041 2426 4101 είς
2454 4038 2545 4091 τοῦ
2583 4037 2696 4108 βίου
2731 4036 2832 4106 τὴν
2866 4027 3166 4089 θάλασσαν’
3203 4032 3432 4087 ἐκτείνει
3463 4031 3554 4084 τὸν
3599 4030 3779 4085 κάλα·-

2198 4151 2296 4204 μον
2317 4132 2415 4185 οὐκ
2444 4131 2525 4194 είς
2560 4129 2754 4200 μικρόν
2779 4145 2882 4181 που
2906 4127 3217 4198 διάμετρον,
3248 4123 3362 4178 ἀλλ’
3388 4126 3466 4187 εἰς
3500 4122 3639 4178 αὐτὰ
3673 4123 3780 4191 τῆς

2194 4223 2516 4295 οἰκουμένης
2547 4222 2615 4277 τὰ
2637 4222 2884 4292 τέρματα
2907 4232 2921 4248 ⁶
2957 4217 3178 4271 ὲνίεισιν
3200 4217 3298 4287 τὴν
3333 4214 3536 4286 ὁρμιάν
3568 4213 3669 4266 οὐκ
3695 4215 3780 4275 εἰς

2201 4317 2360 4389 βάθος
2401 4313 2885 4386 ἐπιμετρούμενον,
2912 4309 3026 4365 ἀλλ’
3052 4310 3137 4362 ἐπ’
3171 4309 3341 4376 αὐτὴν
3385 4307 3482 4375 τῆς
3515 4303 3783 4367 άσεῦείας

2201 4409 2296 4479 τὴν
2317 4407 2566 4462 ἄϐυσσον.
2601 4404 2711 4456 Θέα
2740 4420 2828 4473 μοι
2852 4402 2950 4471 τὴν
2981 4401 3153 4470 ἄγραν
3183 4398 3437 4450 πλούσιον
3466 4396 3530 4448 ἐκ
3561 4395 3788 4465 μοναδι-

529 4485 734 4598 paritrer
778 4535 842 4576 ac
887 4514 1222 4590 promiscuis
1264 4511 1547 4566 collectam
1579 4523 1594 4575 ;
1627 4485 1844 4560 crassos
1884 4501 2006 4555 dico
2033 4498 2079 4552 ιιι

2204 4501 2314 4553 κῶν
2342 4517 2402 4551 τε
2435 4499 2525 4550 καὶ
2560 4494 2860 4565 μιγαδικῶν
2893 4488 3384 4561 συνηθροισμένην,
3418 4486 3544 4548 τοὺς
3579 4485 3786 4553 ἁδρούς

2443 4586 2468 4596 -
2497 4585 2513 4598 ι
2600 4583 2624 4594 -
2725 4583 2737 4598 ι
2780 4582 2792 4598 9
2834 4579 2892 4598 ,,\
2914 4597 2920 4598 ,
2946 4579 3055 4598 I-,,_
3119 4575 3227 4598 _-\A
3256 4573 3360 4598 --ἓξ
3390 4590 3445 4598 ρ-
3482 4573 3566 4598 .-.Α
3600 4572 3757 4598 -ιυμῖ

533 4589 738 4689 populo
765 4626 826 4666 ac
861 4589 1108 4680 gregales
1140 4622 1156 4670 ;
1187 4602 1431 4658 moribus
1448 4598 1654 4655 scilicet
1679 4605 1840 4664 atque
1859 4589 2102 4644 affectio-

534 4687 698 4764 nibus
729 4703 934 4766 varios,
978 4715 1044 4754 ex
1103 4694 1412 4750 minoribus
1463 4687 1896 4756 majoribusque,
1946 4687 2103 4734 aetate

538 4799 796 4854 nimirum
837 4807 900 4848 ac
928 4791 1190 4860 dignitate
1229 4805 1244 4842 ι
1290 4785 1427 4839 alios
1465 4781 1682 4855 quidem
1732 4776 1913 4845 pravis
1946 4786 2106 4827 exas-

538 4897 755 4962 peratos
803 4883 1087 4946 doctrinis,
1137 4889 1395 4946 tanquam
1425 4889 1455 4928 e
1483 4872 1652 4942 petris
1707 4868 1807 4922 sub
1839 4864 2000 4920 undis
2023 4863 2105 4915 la-

542 4955 800 5042 tentibus,
834 4977 902 5031 ab
935 4973 1211 5042 impietate
1235 4969 1377 5037 capit
1407 4984 1422 5034 ;
1455 4965 1590 5019 alios
1623 4959 1820 5016 mentis
1848 4955 2109 5026 simplici-

543 5083 652 5128 tate
710 5071 1038 5136 interceptos
1096 5074 1355 5132 tanquam
1422 5073 1516 5128 per
1545 5068 1696 5108 mare
1766 5050 2111 5113 cursitantes,

545 5159 818 5217 verriculo
857 5155 1084 5210 includit
1112 5170 1128 5207 :
1159 5163 1213 5207 et
1270 5149 1488 5219 quidem
1519 5143 1662 5198 haud
1691 5141 1809 5195 neci
1869 5137 2111 5200 tradens,

549 5253 643 5310 sed
672 5249 1102 5310 viviﬁcans,non
1143 5245 1194 5297 in
1211 5241 1366 5297 salsis
1414 5235 1614 5306 peccati
1636 5231 1793 5302 aquis
1811 5229 2115 5291 continens,

551 5346 647 5402 sed
677 5345 728 5397 in
772 5339 1021 5396 dulcibus
1063 5333 1318 5405 baptismi
1387 5329 1601 5384 ﬂuentis
1647 5327 1824 5379 vivere
1873 5321 2116 5376 faciens:

555 5435 686 5505 quin
719 5447 891 5500 neque
912 5424 1251 5495 corruptibili
1282 5421 1509 5492 pecunia
1539 5417 1846 5486 acquirens,
1878 5413 1970 5466 sed
1997 5413 2121 5464 ado-

557 5504 760 5596 ptionis
807 5517 1170 5589 chirographo
1216 5530 1244 5568 a
1297 5512 1497 5566 diaboli
1554 5511 1815 5564 servitute
1856 5504 2122 5566 eximens,

558 5595 682 5670 cum
730 5621 889 5667 antea
942 5609 1081 5678 capti
1124 5613 1439 5662 tenerentur
1495 5602 1562 5655 ad
1614 5600 1775 5666 hujus
1813 5595 2122 5650 arbitrium.

561 5709 606 5762 0
642 5720 753 5760 rem
797 5699 1131 5757 mirabilem!
1162 5695 1294 5762 Quis
1332 5709 1362 5748 a
1417 5691 1615 5748 saeculo
1658 5695 1938 5756 capturam
1981 5683 2126 5753 ejus-

631 5821 675 5855 "
712 5818 883 5874 Eccle.
920 5831 995 5880 vr,
1029 5817 1081 5869 7.
1156 5813 1201 5844 ’θ
1250 5809 1393 5864 Psal.
1426 5821 1629 5868 Lxxvn,
1657 5802 1743 5856 91.

2207 4606 2350 4658 φημι
2377 4586 2472 4639 τοῦ
2497 4583 2628 4636 λαοῦ
2655 4583 2748 4635 καὶ
2770 4579 3077 4648 ἀγελαίους,
3114 4573 3364 4644 πολυειδῆ
3390 4590 3445 4626 τε
3482 4573 3572 4624 καὶ
3599 4572 3789 4623 atomi-

2205 4681 2315 4743 λον,
2346 4679 2490 4732 ἔθεσι
2524 4675 2668 4744 λέγω
2702 4673 2797 4727 καὶ
2823 4671 3073 4733 πάθεσιν,
3110 4672 3174 4722 ὲκ
3208 4668 3421 4738 μικρῶν
3450 4682 3507 4717 τε
3538 4666 3632 4716 καὶ
3683 4681 3790 4733 με-

2208 4770 2408 4838 γάλων,
2437 4766 2675 4830 ἡλικίαις
2707 4763 2907 4833 δηλαδὴ
2941 4763 3034 4813 καὶ
3066 4759 3311 4823 τάξεσιν
3339 4755 3430 4820 οὓς
3465 4756 3562 4823 μὲν
3590 4770 3789 4824 τετρα-

2210 4858 2533 4930 χυνομένους
2574 4855 2808 4923 δόγμασι
2860 4850 3191 4920 μοχθηριῶν,
3227 4849 3302 4910 ὡς
3335 4846 3394 4910 ἐξ
3432 4844 3651 4913 ὑφάλων
3687 4845 3794 4912 τῆς

2213 4953 2400 5014 άθεῖας
2434 4950 2646 5019 πετρῶν
2670 4945 2990 5016 λαμϐάνωψ
3021 4942 3113 5005 οὒς
3161 4941 3215 4993 δὲ
3248 4937 3632 5008 λεληῖσμένους
3683 4938 3794 5003 ἀερ-

2216 5044 2426 5112 ελότητι
2467 5039 2704 5100 διανοίας
2733 5034 2822 5090 οἷα
2854 5031 3388 5102 πελαγοδρομοῦντας
3434 5027 3755 5096 σαγηνεύων
3777 5041 3795 5057 ο

2219 5136 2312 5190 καὶ⁴
2353 5133 2524 5187 ταῦτα
2554 5132 2612 5182 οὐ
2645 5128 2910 5190 θανατὼν,
2944 5126 3079 5179 ἀλλὰ
3127 5125 3218 5176 καὶ
3253 5120 3552 5189 ζωογονῶν,
3593 5119 3696 5171 οὐκ
3739 5120 3801 5170 ὲν

2225 5228 2488 5297 ἁλμυροῖς
2522 5225 2674 5276 ὕδασι
2701 5226 2798 5290 τῆς
2827 5220 3098 5288 ἁμαρτίας
3135 5217 3388 5284 συνέχων,
3431 5213 3545 5267 ἀλλ’
3578 5212 3636 5278 ὲν
3666 5211 3804 5278 γλυ-

2228 5322 2346 5372 κέσι
2375 5317 2576 5385 νάμασι
2607 5314 2698 5366 τοῦ
2731 5312 3102 5380 βαπτίσματος
3131 5305 3405 5360 ὲνδιαιτιῖ·ν
3426 5320 3440 5334 ·
3464 5304 3574 5356 οὐδ’
3596 5303 3656 5354 οὐ
3690 5302 3802 5373 μὴν

2229 5408 2510 5479 ἀργυρίοις
2540 5404 2790 5473 φθαρτοῖς
2821 5398 3166 5468 ὲπεμπολῶν,
3201 5396 3311 5450 ἀλλ’
3346 5395 3636 5463 ὑπογραφῇ
3683 5393 3802 5445 υίο-

2230 5497 2411 5557 θεςίας
2437 5499 2500 5547 ὲκ
2521 5494 2617 5562 τῆς
2646 5491 2739 5544 τοῦ
2769 5491 3014 5543 διαϐόλου
3040 5488 3282 5549 δουλείας
3318 5483 3639 5548 ἐλευθερῶν,
3671 5501 3807 5552 προ-

2232 5586 2647 5656 εζωγρημένους
2677 5585 2767 5636 ὑπ’
2804 5581 2964 5634 αὑτοῦ
2996 5583 3072 5641 εἰς
3114 5580 3173 5631 τὸ
3203 5578 3413 5631 ἐκείνου
3463 5576 3698 5645 θέλημα.
3738 5577 3804 5627 Ὢ

2231 5682 2322 5733 τοῦ
2369 5679 2680 5749 δράματοςῐ
2737 5677 2817 5738 τίς
2869 5673 3160 5742 ἠκουτίσθη
3203 5670 3440 5725 τοιοῦτον
3482 5671 3708 5741 θήραμα
3747 5672 3808 5732 ἐξ

1826 5803 1838 5830 ¹
1879 5797 2065 5851 Matth.
2107 5810 2179 5858 tv,
2210 5794 2288 5847 i9.
