3926 6472
176 414 266 480 ΠῚ
961 412 1242 478 ORATIO
1275 420 1375 480 IX.
1402 441 1466 453 —
1504 419 1884 481 LAUDATIO
1923 419 1983 479 S.
2021 418 2339 482 JOANNIS
2365 421 2637 482 EVANG.

3316 421 3421 486 778

172 532 399 595 αἱῶνοςς
446 529 529 592 τίς
561 531 702 598 ἔγνω
743 529 1060 602 τηλικοῦτον
1106 533 1522 605 μεγαλέμπορον
1555 535 1736 601 ἁλιέας

1855 533 2003 589 modi
2037 533 2247 589 audiit?
2279 533 2415 600 Quis
2454 534 2640 597 talem,
2685 533 3016 604 copiosaque
3047 534 3184 590 adeo
3220 535 3424 592 instru-

170 627 246 680 ὅτι
285 625 363 695 μὴ
409 623 772 687 ἑκατοντάδας
819 624 977 692 μόνον
1025 625 1119 678 καὶ
1161 625 1424 694 χιλιάδας,
1471 624 1606 679 ἀλλά
1643 627 1750 696 γὰρ

173 719 346 771 πάντα
376 717 446 770 τὰ
475 715 602 783 ἔθνη
632 715 669 769 ἃ.
706 714 1034 785 μαθητεύειν
1064 717 1358 788 ἐπιστεύθη
1401 717 1747 787 προσάγοντα

171 807 245 876 τῷ
300 806 608 876 πρωθαλιεῖ
655 805 899 876 Δεσπότῃ
943 805 1194 877 Χριστῷο
1238 807 1338 860 οὐκ
1373 802 1482 877 ἆρα
1524 807 1750 870 εἰκότως

173 899 469 970 προῦλεγον
505 899 581 970 μὴ
609 895 721 953 οἷόν
749 900 810 952 τέ
840 916 903 969 με
927 899 1262 969 ἐφικνεῖσθαι
1285 899 1384 969 τῆς
1416 899 1747 963 ὑποθέσεως,

170 991 268 1044 κᾶν
297 991 458 1062 ἄκρῳ
485 992 649 1044 οἱονεὶ
681 991 928 1063 δακτύλῳ
957 1013 972 1060 ;

1856 636 2002 680 ctum
2070 638 2250 680 merce
2303 620 2631 694 piscatorem
2673 625 2934 694 agnovit?
2972 622 3422 694 Quandoquidem

1857 731 1964 770 non
1993 728 2275 779 centenos,
2317 716 2404 770 vel
2445 714 2701 770 millenos
2730 724 2967 780 tantum,
3009 716 3101 770 sed
3139 716 3427 770 universas

1856 817 2064 878 gentes,
2115 823 2345 878 quarum
2376 807 2746 863 docendarum
2779 808 3049 862 creditum
3091 822 3292 861 munus
3339 821 3430 860 ac-

1856 901 2019 970 cepit,
2054 901 2120 955 ad
2156 900 2434 956 Chrismm
2479 899 2769 955 Dominum
2813 915 2877 954 ac
2911 901 3210 971 prineipem
3249 900 3430 969 pisca-

1857 996 2037 1042 torum
2072 987 2318 1042 adducit.
2359 987 2551 1044 Nonne
2596 989 2758 1060 igitur
2793 991 2918 1058 jure
2953 991 3258 1060 meritoque
3306 998 3431 1045 ante

170 1090 442 1157 dicebam,
488 1091 670 1162 majus
709 1092 814 1148 hoc
853 1101 1231 1162 argumentum
1274 1105 1395 1147 esse
1447 1103 1610 1159 quam
1647 1101 1744 1158 pro
1782 1101 1900 1141 mea
1933 1085 2213 1150 facultate,
2239 1087 2320 1142 vel
2350 1087 2395 1142 si
2427 1097 2673 1142 extremo
2697 1088 2864 1143 veluti
2927 1087 3098 1157 digito
3152 1087 3425 1158 attingere

167 1186 365 1241 velim?

237 1281 314 1340 ς’.
357 1273 566 1343 Σκέψαι
604 1290 694 1344 μοι
719 1276 815 1327 καὶ
845 1274 1018 1330 τάλλα
1052 1276 1382 1347 εἱρμολογίᾳ
1415 1275 1612 1346 ἀρίστῃ
1655 1273 1751 1325 ἀλ-

168 1366 567 1436 ληγορούμενα.
611 1366 799 1434 ἠιεὶς
824 1368 966 1422 ἐστε
993 1367 1062 1422 τό
1093 1367 1221 1438 φῶς
1253 1368 1361 1422 τοῦ
1394 1371 1626 1436 κόσμου
1655 1381 1669 1394 ·
1691 1363 1753 1417 τὸ

168 1459 281 1527 φῶς
314 1458 600 1511 ὲλαστικὸν
630 1464 875 1524 σκότους,
924 1460 1228 1530 ὀφθαλμῶν
1288 1461 1430 1529 ὄψις,
1486 1459 1754 1528 σωμάτων

167 1549 555 1614 ἀνακαίνωσις,
582 1551 793 1618 ἐφετὸν,
814 1552 1073 1620 ἀγαστόν.
1100 1553 1166 1605 Ti
1184 1546 1277 1606 οὖν
1307 1550 1624 1610 ’Δπόστολος
1647 1567 1662 1616 ;
1693 1549 1753 1602 οὐ

170 1643 316 1710 μειοί
355 1641 548 1703 σκότος
608 1643 1017 1713 ἀντικείμενον;
1067 1643 1166 1696 οὐκ
1227 1642 1468 1712 ὀμματοῖ
1512 1640 1747 1709 τυφλοὺς

166 1733 560 1803 ἀμφοτέρωθεν
586 1751 600 1798 ;
624 1735 694 1786 ὀὐ
727 1733 896 1805 ρῶσιν
929 1737 1159 1807 παρέχει
1201 1733 1454 1805 ,σώμασιν
1482 1751 1496 1800 ;
1562 1733 1623 1785 οὐ
1660 1733 1747 1786 διὰ

1923 1268 1978 1321 6.
2019 1266 2147 1320 Mihi
2175 1279 2393 1336 quoque
2425 1265 2529 1321 alia
2567 1266 2813 1336 expende
2842 1267 3116 1337 egregiam
3161 1283 3260 1338 per
3294 1269 3428 1323 alle-

1851 1356 2059 1426 goriam
2112 1357 2356 1411 seriatim
2398 1358 2664 1426 exposita.
2720 1358 2818 1411 Vos
2870 1360 2998 1412 estis
3036 1359 3130 1414 lux
3179 1362 3404 1416 mundi'

1853 1447 1994 1514 Lux,
2033 1448 2380 1503 tenebrarum
2422 1450 2717 1520 expultrix,
2750 1451 3035 1505 oculorum
3078 1452 3427 1518 illuminatio,

1856 1555 2149 1611 corporum
2181 1538 2507 1596 refocillatio
2537 1561 2550 1596 :
2579 1541 2956 1598 desiderabilis
2999 1545 3224 1598 omnino
3253 1560 3344 1600 res
3373 1556 3427 1599 et

1856 1631 2230 1691 admirabilis!
2263 1630 2402 1698 Quid
2434 1647 2564 1704 ergo
2593 1633 2918 1703 Apostolus?
2946 1631 3138 1688 Nonne
3172 1634 3427 1691 tenebras

1855 1724 2201 1779 adversarias
2244 1725 2479 1779 minuit?
2513 1724 2703 1780 Nonne
2743 1725 3020 1796 utrimque
3052 1727 3213 1781 caecis
3244 1727 3425 1782 visum

166 1823 344 1879 ταῦτα
377 1825 635 1896 στερκτὸς
667 1827 764 1878 καὶ
816 1828 1169 1896 θαυμαστός;
1229 1826 1389 1880 τοῦτο
1430 1822 1499 1897 ἦν
1557 1825 1665 1892 ἄρα
1719 1825 1736 1877 ἱ

1851 1817 2126 1872 restituit?
2159 1815 2350 1871 Nonne
2387 1816 2553 1871 robur
2601 1817 2928 1885 corporibus
2967 1817 3195 1872 tribuit?
3233 1816 3426 1873 Nonne

167 1919 406 1986 Χριστὸς
471 1920 824 1989 παρεγγυᾶτο
857 1936 873 1952 ο
911 1919 1343 1982 Ἀσθενοῦντας
1372 1917 1743 1984 θεραπεύετε,

163 2008 430 2078 λεπροὺς
492 2009 850 2079 καθαρίζετε,
915 2010 1192 2078 δαιμόνια
1221 2009 1584 2061 ἐκϐάλλετε·
1633 2007 1744 2061 δω-

159 2103 311 2169 ρεὰν
335 2101 603 2167 ἐλάϐετε,
640 2102 865 2171 δωρεὰν
894 2102 1050 2155 δότε.
1098 2096 1299 2152 Ἐννόει
1336 2116 1424 2168 μοι
1445 2099 1515 2152 τὰ
1577 2098 1746 2169 μυρία

168 2194 300 2264 γένη
334 2193 444 2246 τῶν
473 2194 817 2262 νοσημάτων,
877 2195 972 2246 καὶ
1038 2191 1146 2263 ὄψῃ
1186 2191 1255 2245 τὰ
1302 2192 1504 2263 ἄπειρα
1563 2190 1744 2261 πλήθη

167 2285 276 2338 τῶν
309 2284 609 2354 θαυμάτων
637 2282 746 2335 τῶν
772 2282 831 2347 ἐξ
854 2281 1159 2352 ἑκασταχοῦ
1193 2281 1448 2353 βοτρυδὸν
1483 2281 1746 2351 ἀγεληδὸν

169 2376 308 2449 πρὸς
333 2376 396 2429 τὸ
417 2375 650 2445 ἀμισθόν
679 2391 738 2428 τε
775 2376 868 2429 καὶ
901 2375 1108 2430 ἄλυπον
1145 2377 1382 2446 ἰατρεῖον
1432 2375 1534 2444 τῆς
1567 2392 1744 2446 σωτη-

169 2467 294 2538 ρίας
322 2465 686 2538 συρρεόντων,
714 2466 796 2520 ὃτι
827 2467 964 2537 μηδὲ
995 2470 1194 2538 τομαῖς
1220 2485 1278 2521 τε
1332 2469 1427 2521 καὶ
1483 2467 1745 2522 καύσεσιν

165 2560 197 2629 ἧ
225 2575 340 2612 τισι
386 2560 869 2628 φαρμακοποσίαις
903 2562 935 2632 ἡ
964 2561 1074 2613 τῶν
1107 2560 1372 2628 ἀλγεινῶν
1429 2560 1700 2629 φυγαδεία
1725 2599 1740 2624 ,

168 2644 351 2703 πίστει
384 2650 441 2703 δὲ
491 2650 629 2722 μόνῃ
669 2650 763 2705 καὶ
800 2651 958 2720 λόγου
1001 2651 1247 2722 μάστιγι.
1304 2652 1367 2704 Ὢ
1411 2651 1514 2720 τῆς
1576 2668 1745 2722 μεγα-

164 2742 436 2814 λοδωρεᾶς
465 2743 480 2798 ι
511 2743 634 2810 ἀρτι
664 2743 881 2811 τυφλὸς,
911 2742 1099 2813 βλέπει
1128 2744 1187 2796 τὸ
1223 2743 1360 2811 φῶς,
1397 2741 1658 2812 ἐξαπίνης
1681 2741 1743 2795 τὸ

164 2833 418 2902 ἀεινεφὲς
445 2833 804 2903 ἀποθέμενος,
843 2835 936 2886 καὶ
964 2834 1149 2903 χαίρει
1175 2833 1318 2904 ὁρῶν
1343 2833 1412 2886 τά
1459 2834 1548 2886 ὑπ’
1580 2835 1741 2904 οὐρα-

166 2925 253 2978 νὸν
282 2923 455 2993 κάλλη
495 2939 555 2975 τε
586 2924 680 2976 καὶ
715 2923 964 2994 θεάματα
986 2940 1001 2955 θ
1034 2925 1158 2992 ἄρτι
1178 2921 1368 2992 χωλὸς,
1401 2920 1741 2992 παραχρῆμα

167 3016 539 3088 στερεοποδεῖ,
577 3018 672 3070 κα)⁵
705 3016 862 3088 γήθει
914 3016 1205 3085 ἀλλόμενος
1230 3014 1306 3077 ὡς
1336 3013 1534 3083 ἔλαφος
1561 3030 1575 3047 ο
1617 3013 1741 3084 ἄρτι

169 3110 271 3178 μὲν
328 3097 646 3178 μόγιλάλος,
713 3108 822 3161 τῶν
855 3106 1069 3178 δεσμῶν
1101 3105 1200 3176 τῆς
1250 3104 1500 3175 γλώσσης
1559 3103 1741 3166 λυθεὶς

1847 1908 1917 1964 ob
1942 1909 2058 1963 haec
2093 1923 2283 1962 amore
2315 1909 2514 1978 dignus
2552 1919 2604 1962 et
2639 1907 3042 1963 admiratione?
3080 1907 3195 1964 Hoc
3239 1910 3428 1981 utique

1846 1999 2102 2056 Christus
2128 2000 2424 2056 mandabat
2452 2020 2464 2056 :
2494 1999 2746 2071 Inﬁrmos
2771 2011 2972 2066 curate,
3007 2002 3239 2072 leprosos
3269 2021 3424 2057 mun-

1847 2093 2007 2158 date,
2062 2096 2328 2148 da'mones
2383 2094 2591 2162 ejicite;
2651 2094 2818 2164 gratis
2887 2095 3199 2164 accepistis,
3256 2095 3427 2165 gratis

1849 2185 1972 2238 date
1993 2184 2033 2237 ³.
2083 2183 2383 2242 Considera
2451 2185 2588 2238 mihi
2637 2185 3060 2239 innumerabilia
3107 2186 3422 2242 morborum

1847 2293 2071 2349 genera,
2108 2286 2476 2348 occurretque
2505 2278 2719 2333 infinita
2751 2278 3145 2335 miraculorum
3183 2281 3340 2350 copia
3368 2280 3424 2334 in

1845 2368 2159 2424 hominibus
2184 2377 2548 2439 patratorum,
2573 2369 2669 2439 qui
2699 2367 2945 2425 conferta
2975 2371 3327 2427 multitudine
3353 2372 3423 2428 ad

1846 2458 2143 2528 gratuitum
2184 2459 2432 2531 nihilque
2464 2460 2728 2517 molestias
2759 2461 3046 2518 facientem
3074 2463 3266 2520 salutis
3303 2480 3424 2520 mc-

1844 2549 2024 2604 dicum
2057 2549 2377 2619 conﬂuunt;
2403 2552 2532 2622 quia
2565 2554 2826 2608 nimirum
2860 2569 2969 2610 non
3002 2555 3151 2611 ferro
3180 2571 3245 2612 ac
3276 2556 3420 2628 igne,

1846 2651 1941 2696 aut
1978 2643 2297 2711 potionibus
2341 2645 2668 2714 quibusdam
2716 2646 2944 2702 medicis
2979 2648 3202 2705 morbos
3230 2649 3418 2720 abigit,

1845 2733 1940 2788 sed
1981 2734 2096 2789 sola
2131 2734 2237 2790 lide
2266 2749 2332 2790 ac
2373 2736 2645 2794 sermonis
2672 2735 2908 2809 flagello.
2937 2737 2982 2795 0
3012 2742 3139 2795 doni
3171 2744 3422 2814 magnifi-

1844 2825 2120 2881 centiam!
2185 2827 2344 2884 Nunc
2405 2843 2586 2885 caecus
2663 2830 2956 2902 derepente
3008 2833 3192 2891 lumen
3249 2837 3416 2902 videt,

1843 2933 1968 2972 cum
2022 2919 2220 2974 nubem
2267 2919 2580 2990 impositam
2632 2923 2809 2978 oculis
2858 2939 3071 2994 semper
3114 2926 3418 2994 habuisset,

1843 3009 2152 3081 gaudetque
2199 3011 2515 3066 sublunaria
2573 3014 2690 3068 hzee
2734 3015 2930 3069 decora
2995 3031 3059 3072 ac
3107 3019 3416 3088 spectacula

1843 3100 2136 3170 aspiciens.
2167 3098 2354 3170 Nuper
2385 3101 2637 3169 claudus,
2667 3103 2916 3161 solidatis
2947 3106 3154 3176 plantis
3193 3107 3414 3164 firmum

163 3177 479 3265 όρθολεκτεῖ
505 3199 906 3269 εὐχαριστήρια
931 3177 1105 3268 ’γάρτι
1140 3197 1196 3250 δὲ
1260 3195 1535 3268 ξηρόχειρ,
1579 3195 1736 3263 ὑγια-

1843 3193 2034 3262 recipit
2063 3208 2335 3262 gressum,
2379 3194 2651 3265 gestitque
2674 3195 2876 3253 saliens
2909 3208 2968 3253 ut
2999 3214 3216 3256 cervus.
3255 3199 3416 3258 Modo

165 3291 313 3352 σθεὶς
336 3289 508 3360 ἄμφω
533 3290 610 3342 τὼ
636 3293 787 3361 χεῖρε
818 3290 954 3360 πρὸς
982 3289 1073 3343 τὸν
1111 3290 1169 3342 ἐν
1191 3288 1437 3360 οὐρανοῖς
1463 3287 1740 3355 Δεσπότην

161 3381 278 3452 ᾅδει
314 3381 586 3450 εὸκτήρια
615 3397 628 3410 ⁸
665 3383 790 3452 ἀρτι
827 3381 927 3450 μὲν
966 3379 1489 3451 ύδεριῶν,κενοῦται
1514 3376 1609 3430 τοῦ
1633 3377 1738 3430 πάο

163 3475 288 3537 θους
319 3474 396 3536 ὠς
427 3474 679 3546 τάχιστα.
725 3474 817 3527 καὶ
855 3475 938 3536 εἰς
961 3473 1060 3544 τὴν
1081 3471 1315 3544 ἀρχαίαν
1346 3471 1559 3538 ὑγίειαν
1587 3470 1737 3524 άνει-

162 3586 244 3622 σιν
265 3584 279 3598 ·
315 3569 445 3640 ἄρτι
474 3569 531 3620 δὲ
570 3567 769 3638 λεπρὸς
798 3565 1134 3637 ἀποσύρεται
1170 3564 1268 3634 τῆς
1296 3560 1735 3634 λώϐηςριαὶβλέ-

160 3677 278 3714 πων
309 3662 412 3732 τὴν
443 3659 639 3714 ἑαυτοῦ
687 3658 1113 3730 νεουργηθεῑσαν
1170 3660 1350 3728 σάρκα
1402 3654 1734 3724 ἀγάλλεται·

159 3755 282 3825 ἄρτι
313 3757 414 3824 μὲν
451 3753 782 3824 παράλυτος,
813 3751 1127 3823 ἀρτιασθεὶς
1157 3750 1467 3820 ὲπωμάδιον
1497 3748 1650 3829 φέρει
1677 3746 1737 3800 τὸ

157 3848 412 3901 κλινίδιον
437 3861 452 3875 ⁶
470 3846 661 3914 agnae
678 3846 762 3898 δαι
771 3846 963 3915 μονῶν,
988 3845 1076 3897 τοῦ
1097 3843 1402 3912 πνεύματος
1419 3841 1730 3911 καθαρθεὶς,

161 3943 454 4009 σωφρόνως
471 3939 683 4001 δοξάζει
707 3939 798 3990 τὸν
821 3935 1024 4006 Κύριον
1052 3952 1067 3968 ·
1084 3935 1207 4005 ἀρτι
1228 3935 1325 4004 μὲν
1353 3934 1621 4003 ἡμιθανὴς
1639 3934 1734 3984 ἀσ-

157 4034 425 4103 θμαίνων,
443 4030 618 4096 ὲξόδια
633 4029 983 4101 ἀναθρώσκεν
997 4029 1227 4100 τάχιστα
1257 4044 1271 4059 ⁸
1292 4026 1417 4098 άρτι
1444 4026 1502 4080 δὲ
1518 4024 1730 4095 νεκρὸς,

156 4128 218 4180 ὲκ
270 4125 482 4196 φθορᾶς
532 4123 758 4193 ἀνέθορε
797 4122 865 4176 τά
886 4123 943 4174 ὲν
972 4121 1098 4193 ᾆδον
1131 4119 1435 4188 λογοθετῶν
1458 4121 1567 4182 τοῖς
1593 4118 1732 4188 ὑπὲρ

158 4219 261 4288 γῆν
282 4218 378 4272 καὶ
404 4217 660 4287 ζωάρχην
701 4216 831 4270 Θεὸν
858 4213 1395 4285 ἀνθομολογούμενος
1429 4229 1443 4243 ο
1476 4212 1601 4281 ἄρτι
1634 4211 1731 4280 μὲν

157 4309 579 4382 ἑτερόφθαλμος,
595 4307 966 4379 όρθοϐλεπτεῖ,
989 4308 1080 4359 καὶ
1102 4306 1446 4376 μονόμματος
1465 4300 1730 4369 διδυμομ-

159 4406 338 4473 ματεῖ.
366 4403 462 4454 καὶ
489 4401 649 4471 ἀθριξ
686 4401 993 4470 καρηκομεῖ
1014 4415 1027 4427 ·
1061 4397 1190 4467 ἄρτι
1210 4396 1267 4448 δὲ
1299 4393 1519 4464 κυρτὸς,
1542 4391 1731 4464 ὀρθοῦ-

150 4511 262 4561 ται,
289 4497 388 4549 καὶ
415 4493 598 4560 κωφὸς
624 4493 982 4553 ὼτακουστεῖ,
1029 4491 1123 4542 καὶ
1171 4484 1420 4556 πυρετῶν
1466 4483 1723 4555 ἔρρωται,

153 4590 245 4643 καὶ
301 4588 473 4662 ῥιγῶν
511 4587 808 4655 εὐκρατεῖ·
841 4586 967 4655 ἄρτι
1011 4585 1197 4653 στεῖρα
1247 4579 1571 4638 παιδοποιεῖ,
1626 4575 1721 4629 καὶ

149 4680 524 4755 αἱμορροοῦσα
559 4677 807 4741 εὐπαθεῖ,
855 4677 948 4730 καὶ
994 4673 1326 4728 δυστοκοῦσα
1371 4672 1604 4733 εὐτοκεῖ,
1631 4668 1726 4720 καὶ

153 4773 522 4848 καρκινόσαρξ
554 4770 930 4845 εὐσωμῘατ]εἶ,
949 4769 1044 4822 καὶ
1065 4769 1172 4822 πᾶν
1193 4766 1481 4835 κολόόωμα
1502 4761 1727 4832 φυσικὸν

147 4867 489 4938 ἀρτιάζεται,
504 4865 598 4918 καὶ
610 4866 758 4918 πᾶσα
779 4862 1021 4932 μαλακία
1045 4861 1319 4930 ὑποχωρεί
1340 4857 1430 4911 καὶ
1447 4861 1554 4911 πᾶν
1569 4857 1728 4926 ψυχι-

149 4956 239 5009 κὸν
259 4955 437 5018 πάθος
465 4954 778 5020 ὲξωστατεῖ.
809 4952 912 5006 Ἐῶ
934 4951 1112 5020 λέγειν
1129 4950 1227 5013 τὰς
1251 4949 1309 5000 ὲν
1331 4948 1544 5015 ἀλόγοις
1568 4946 1727 5010 ζώοις

147 5047 616 5119 θαυματουργίας,
651 5046 749 5109 τάς
797 5061 856 5097 τε
896 5043 1004 5097 τῶν
1061 5040 1342 5112 στοιχείων
1393 5038 1582 5110 ἄρσεις
1627 5038 1723 5090 καὶ

149 5140 490 5211 μεταθέσέις,
531 5135 598 5209 ἦς
623 5156 766 5201 τινος
796 5133 888 5192 οὖν
935 5137 1101 5206 ἄλλης
1154 5135 1367 5205 φύσεως
1424 5132 1723 5203 παραδοξο-

158 5233 342 5285 ποιίαν
372 5249 386 5265 ο
417 5232 451 5302 ἦ
493 5232 602 5301 γάρ
637 5231 736 5283 οὐκ
761 5229 958 5300 ἀληθὲς
987 5228 1046 5282 τὸ
1075 5229 1179 5282 ὑπὸ
1201 5228 1295 5280 τοῦ
1322 5227 1527 5296 Κυρίου
1570 5226 1721 5294 εἰρη-

146 5325 328 5393 μένον,
352 5324 486 5376 Ὀτι
513 5323 580 5388 ὃς
607 5322 686 5376 ἂν
706 5323 846 5390 ειπῃ
870 5319 949 5387 τῷ
970 5312 1098 5390 ὅρεὶ
1119 5321 1328 5385 τούτῳ,
1365 5320 1598 5385 Ἄρθητι
1622 5314 1718 5368 καὶ

137 5415 402 5483 βλήθητι
443 5419 530 5481 εὶς
566 5414 681 5481 τὴν·
718 5414 1062 5478 θάλασσαν,
1094 5411 1192 5465 καὶ
1219 5409 1302 5480 μὴ
1333 5406 1603 5475 διακριθῇ
1653 5405 1722 5457 ἐν

143 5506 216 5577 τῇ
248 5509 466 5576 καρδίᾳ
496 5508 705 5572 αὐτοῦ,
740 5507 901 5561 ἀλλὰ
929 5506 1240 5559 πιστεύσει
1280 5504 1368 5556 ὅτι
1397 5500 1434 5555 ᾱ
1461 5500 1622 5568 λέγει
1644 5497 1723 5566 γί-

141 5618 323 5666 νεται,
355 5603 527 5655 ἔσται
555 5601 716 5664 αὐτῷ
748 5601 779 5653 ὃ
847 5599 925 5653 ἂν
972 5599 1135 5668 εἴπῃ.
1211 5599 1353 5668 Ὅρα
1390 5613 1480 5666 μοι
1535 5593 1719 5646 λοιπὸν

141 5695 234 5746 καὶ
259 5695 385 5765 ὅρος
422 5695 500 5759 εἰς
527 5695 694 5765 ὑγρὸν
722 5693 1116 5764 μεταιρόμενον
1141 5691 1322 5761 τυχὸν,
1361 5689 1454 5743 καὶ
1501 5682 1566 5741 αὖ
1610 5688 1716 5740 πά-

212 5884 230 5913 ³
253 5878 442 5934 Matth.
477 5895 530 5942 γ,
567 5879 653 5934 Η.
729 5880 748 5907 ³
775 5877 962 5948 Matth.
993 5895 1048 5943 κ,
1084 5879 1138 5932 8.

506 5969 776 6027 ΡΛΤΒΟΙ..
830 5969 944 6028 Gn.
984 5969 1203 6027 XCIX.

1841 3289 2061 3353 blaesus,
2099 3290 2296 3360 linguze
2325 3291 2558 3346 vinculis
2603 3292 2820 3357 solutis,
2864 3295 3116 3363 expedito
3162 3311 3416 3353 sermone

1840 3383 2142 3452 gratiarum
2197 3384 2430 3438 actionis
2474 3384 2660 3440 lamles
2709 3386 2914 3454 pangit.
2976 3385 3142 3445 Modo
3201 3388 3412 3443 aridam

1840 3491 2063 3530 manum
2101 3476 2328 3540 habens,
2363 3491 2530 3531 sanus
2557 3476 2804 3540 effectus,
2851 3493 3048 3533 manus
3079 3479 3270 3536 ambas
3294 3489 3414 3536 ten-

1838 3568 1974 3623 dens
2025 3569 2091 3621 ad
2137 3567 2426 3622 Dominum
2491 3569 2543 3621 in
2595 3569 2750 3624 cretis
2803 3570 3178 3635 exsistentem,
3224 3590 3412 3643 preces

1837 3657 2003 3716 ea'nit.
2049 3660 2208 3716 Modo
2260 3662 2624 3732 hydropicus,
2678 3677 2842 3732 quam
2899 3664 3167 3720 citissime
3217 3667 3412 3722 morbo

1835 3762 2227 3820 vacuatum-et
2267 3755 2334 3808 ad
2377 3754 2666 3823 pristinam
2713 3755 3001 3810 sanitatem
3045 3757 3215 3812 redit.
3250 3757 3411 3814 Modo

1835 3847 2104 3914 leprosus,
2153 3847 2307 3917 plaga
2354 3861 2453 3901 sua
2500 3848 2769 3916 eripitur,
2829 3848 3130 3920 vidensque
3179 3866 3401 3907 carnem

1835 3953 1990 3990 suam
2016 3947 2358 4003 renovatam,
2390 3939 2652 3993 exsultat.
2683 3939 2841 3994 Modo
2873 3942 3231 4012 paralytieus,
3254 3954 3409 3998 artu-

1834 4028 1936 4082 bus
1978 4027 2296 4083 instauratis
2331 4028 2590 4084 lectulum
2629 4030 2681 4083 in
2727 4031 2988 4087 humeros
3040 4033 3200 4088 tollit.
3247 4033 3409 4089 Modo

1833 4118 2219 4182 daemoniacus,
2256 4135 2287 4172 a
2326 4119 2517 4188 spiritu
2562 4123 2880 4185 mundatus,
2937 4122 3120 4176 sobria
3162 4138 3227 4178 ac
3273 4139 3408 4178 sana

1833 4220 2011 4265 mente
2043 4210 2333 4266 Dominum
2374 4209 2576 4266 laudat.
2605 4210 2765 4268 Modo
2810 4214 3199 4270 semimortuus
3229 4224 3285 4270 et
3314 4231 3408 4271 su—

1832 4318 2018 4373 prema
2043 4305 2205 4358 verba
2226 4304 2339 4374 jam
2367 4303 2576 4370 dicens,
2597 4304 2883 4360 confestim
2910 4308 3216 4363 revalescit.
3246 4307 3406 4364 Modo

1833 4403 2120 4459 mortuus,
2160 4408 2190 4447 a
2252 4395 2608 4464 corruptione
2653 4396 2812 4449 velox
2877 4401 3147 4468 resurgit,
3210 4415 3402 4455 eorum

1835 4485 2099 4539 rationem
2146 4500 2268 4554 qum
2299 4497 2426 4540 sunt
2466 4487 2519 4539 in
2568 4486 2784 4540 inferno
2816 4489 3047 4545 reddens
3085 4492 3404 4549 hominibus

1832 4576 1887 4631 in
1927 4586 2073 4631 terra
2117 4577 2450 4644 constitutis,
2495 4595 2558 4633 ac
2592 4581 2712 4634 vitae
2762 4582 2969 4637 auctori
3001 4580 3113 4637 Deo
3159 4585 3402 4640 vicissim

1830 4670 2115 4725 confitens.
2169 4667 2326 4724 Modo
2367 4671 2536 4725 altero
2577 4672 2738 4727 laesus
2782 4673 2964 4740 oculo,
3023 4686 3168 4731 recte
3216 4677 3400 4745 videt;

1832 4778 2113 4831 unumque
2143 4763 2362 4817 oculum
2394 4779 2423 4816 ιι
2466 4773 2659 4818 natura
2698 4766 2944 4824 sortitus.
2982 4767 3196 4824 duobus
3228 4771 3401 4826 oculis

1832 4855 2365 4924 intueturzglaber,
2423 4870 2635 4908 comam
2691 4858 2883 4913 nutrit.
2929 4857 3088 4913 Modo
3137 4861 3399 4918 incurvus

1832 4947 2079 5016 erigitur,
2110 4947 2386 5015 surdoque
2417 4946 2739 5015 aperiuntur
2770 4963 2932 5002 aures
2959 4965 2973 5014 ;
2999 4948 3166 5006 febris
3199 4952 3397 5009 ardore

1829 5049 2067 5096 aestuans
2129 5039 2268 5093 bene
2291 5041 2467 5106 valet;
2500 5042 2777 5094 contrario
2805 5042 2930 5096 item
2963 5041 3163 5113 frigore
3211 5045 3398 5115 algens

1830 5135 2286 5203 temperationem
2342 5133 2634 5186 humorum
2693 5135 2904 5204 recipit.
2956 5134 3115 5190 Modo
3170 5139 3393 5205 sterilis,

1830 5227 2033 5295 prolem
2081 5225 2310 5294 suscipit
2341 5242 2353 5278 :
2388 5224 2669 5294 fluensque
2711 5226 2994 5294 sanguine,
3030 5228 3392 5284 valetudinem

1827 5312 2058 5378 obtinet,
2104 5322 2264 5381 atque
2303 5314 2368 5366 ad
2401 5323 2616 5382 partum
2648 5313 2901 5380 difficilis,
2934 5315 3183 5384 expedita
3215 5319 3396 5374 reddi-

1831 5414 1955 5472 tur;
1997 5406 2422 5462 haemorrhoissa
2453 5416 2714 5473 sanatur;
2742 5417 3086 5463 cancromate
3113 5409 3392 5476 laborans,

1829 5512 2034 5567 corpus
2068 5499 2341 5567 integrum
2393 5507 2712 5569 recuperat;
2759 5499 3037 5567 quodlibet
3061 5509 3267 5555 naturae
3299 5503 3394 5555 de-

1828 5591 2138 5644 trimentum
2172 5593 2405 5646 sarcitur
2424 5630 2439 5657 ,
2465 5607 2528 5646 ac
2553 5608 2745 5647 omnes
2779 5593 3071 5663 languorcs
3097 5596 3388 5661 recedunt;

1827 5684 2022 5738 anima:
2057 5683 2190 5740 item
2230 5685 2411 5742 morbi
2454 5701 2645 5742 omnes
2667 5686 2968 5758 pelluntur.
3001 5685 3155 5741 Mitto
3189 5686 3389 5766 dicere,

2991 5961 3067 6013 ‘22}
