3926 6430
538 380 642 442 779
1724 371 1783 430 s.
1809 368 2201 430 ΤΗΕΟΒΟΒΙ
2255 343 2602 428 δΤυΒΙΤίΕ
3685 358 3794 420 rso

539 508 661 565 qua:
688 505 814 561 erga
850 489 1040 545 brutos
1071 487 1378 542 animantes
1404 484 1665 540 miracula
1703 495 1913 554 patrata
1939 493 2064 540 sunt
2096 502 2108 536 :

2221 483 2299 537 λιν
2325 482 2486 554 βυθὸν
2514 479 2902 551 ξηραινόμενον
2926 477 3018 532 καὶ
3048 480 3128 541 εἰς
3162 476 3460 548 χλοηφόρον
3487 474 3670 528 πεδίον
3697 491 3792 544 με·

538 587 931 642 elementorum
986 582 1115 637 item
1165 581 1230 636 de
1271 595 1374 635 suo
1422 587 1569 633 statu
1611 579 2009 633 commotiones
2053 593 2116 631 ac

2221 575 2606 644 τατιθέμενον·
2640 571 2735 626 καὶ
2779 612 2793 626 .
2841 610 2855 623 .
2901 610 2915 625 .
2953 570 3102 641 ριγὲς
3147 568 3290 639 ὕδωρ
3334 567 3543 638 ἀθρόως
3573 567 3640 618 ὲκ
3684 582 3794 618 πυ-

542 676 950 742 translationes,
995 683 1049 729 et
1089 673 1309 728 alterius
1351 671 1596 739 cujusvis
1635 678 1845 724 natura:
1883 672 2117 723 miracu-

2221 669 2372 739 θμῶν
2402 666 2669 738 πηγάζον,
2711 665 2920 734 πέτραν
2943 680 3004 716 τε
3030 661 3355 732 σχιζομένην
3397 660 3493 712 καὶ
3525 659 3617 712 τὸν
3670 675 3795 727 χρι-

539 767 675 821 lum.
719 765 912 820 Nonne
961 767 1110 818 enim
1155 762 1288 818 illud
1339 761 1565 815 veritate
1617 761 1840 824 nititur,
1885 758 2033 828 quod
2088 774 2117 811 a

2228 759 2487 829 στοφόρον
2527 756 2960 829 ἀποπέμπουσαν
2986 771 2999 788 ·
3032 754 3128 830 καὶ
3148 753 3264 806 εῖτι
3286 751 3411 806 ἄλλο
3439 750 3579 803 κατά
3604 750 3798 821 χρείαν

539 858 772 914 Ι)οωίηο
818 858 1023 912 dictum
1066 865 1189 910 est:
1227 854 1477 924 Quisquis
1520 853 1712 907 dixerit
1747 851 1914 906 monti
1943 850 2064 903 huic
2095 867 2112 902 :

2223 851 2334 903 τῶν
2363 853 2441 913 είς
2484 850 2668 902 πίστιν
2734 848 3001 901 ἑλκόντων
3047 846 3174 908 τοὺς
3206 841 3607 915 μαθητιῶντας,
3641 841 3798 895 οὐδὲν

545 950 768 1016 Tollere,
816 963 864 1005 et
916 952 1124 1004 mittere
1179 948 1231 1001 in
1263 962 1430 1003 mare.
1465 958 1511 999 et
1558 961 1660 998 non
1704 943 2029 998 hwsitaverit
2066 942 2117 994 in

2221 940 2595 1012 ἀδυνατούσης
2634 942 2735 1010 τῆς
2762 939 2913 1003 θείας
2947 939 3193 1009 χάριτος.

541 1048 698 1101 corde
725 1063 842 1111 suo,
869 1046 959 1099 sed
991 1044 1294 1108 crediderit,
1328 1043 1454 1112 quia
1480 1039 1617 1110 quod
1683 1039 1879 1092 dixerit
1917 1039 2035 1106 ﬁat,
2064 1037 2151 1106 ﬁet
2191 1037 2239 1090 ei
2277 1035 2618 1106 quodcunque
2645 1035 2840 1088 dixerit
2897 1035 2962 1087 ³’.
2989 1032 3108 1086 Jain
3140 1030 3272 1086 mihi
3306 1038 3360 1084 et
3386 1036 3624 1083 montem
3659 1025 3801 1080 forte

520 1143 730 1197 -~videas
762 1141 813 1193 in
843 1153 1014 1207 aquas
1045 1136 1399 1199 translatum,
1428 1131 1784 1201 vicissimque
1811 1131 2115 1184 exsiccatos
2157 1128 2297 1183 imos
2357 1128 2619 1198 gurgites,
2649 1135 2814 1195 atque
2847 1126 2902 1179 in
2969 1138 3220 1192 campum
3250 1119 3580 1176 herbifer-um
3612 1127 3799 1172 muta-

540 1246 626 1290 tos
659 1251 674 1288 :
706 1232 840 1303 quin
869 1240 922 1284 et
958 1244 1156 1299 aquam
1189 1237 1414 1296 repente
1440 1241 1469 1279 a
1536 1224 1707 1278 fundo
1773 1222 2183 1288 scaturientem,
2226 1222 2565 1290 scissamquc
2622 1228 2852 1289 petram,
2893 1227 2949 1273 et
2993 1217 3268 1270 hominem
3311 1215 3532 1269 Christo
3571 1213 3798 1282 plenum

542 1337 905 1386 assectantem
929 1325 951 1356 ⁸
979 1344 991 1378 :
1023 1339 1087 1378 ac
1113 1324 1159 1378 si
1187 1322 1318 1394 quid
1361 1321 1510 1375 aliud
1545 1318 1829 1389 discipulis
1896 1319 1962 1372 ad
1996 1318 2157 1373 fidem
2199 1317 2480 1372 trahendis
2541 1314 2796 1370 idoneum
2827 1316 2974 1385 justa
3007 1311 3256 1382 exigebat
3285 1309 3618 1374 necessitas;
3673 1321 3799 1361 cum

543 1421 677 1476 nihil
708 1419 802 1483 sit,
834 1416 979 1488 quod
1003 1415 1188 1471 divina
1220 1414 1393 1485 gratia
1421 1422 1678 1483 praestare
1708 1426 1816 1465 non
1850 1411 2045 1480 possit.

609 1513 665 1567 7.
705 1513 774 1564 At
817 1484 886 1564 ne
916 1508 1149 1579 singulis
1187 1484 1312 1577 plus
1353 1519 1510 1574 aequo
1540 1503 1863 1565 immorans,
1905 1500 2117 1555 audito-

2291 1495 2355 1562 ζ’.
2399 1495 2541 1550 Ἀλλ’
2580 1496 2671 1548 ἵνα
2697 1493 2772 1565 μὴ
2796 1493 2886 1545 ἐπὶ
2910 1492 3096 1545 πλεῖον
3125 1488 3476 1560 ἐνδιατρίϐων
3502 1488 3614 1550 τοῖς
3653 1484 3803 1539 κατά

542 1608 697 1662 ribus
731 1605 947 1661 taedium
993 1616 1198 1663 creem,
1241 1599 1309 1653 ad
1358 1598 1504 1652 aliud
1526 1598 1690 1653 etiam
1737 1606 1977 1650 transeo.
2022 1594 2117 1650 Vos

2223 1590 2386 1660 μέρος
2411 1587 2672 1658 διακορὴς
2690 1585 2900 1655 γίνοιμι
2944 1585 3059 1648 τοῖς
3087 1581 3396 1644 ἀκούουσιν,
3428 1578 3514 1632 ἐπ’
3572 1577 3704 1630 ἄλλο
3732 1576 3802 1644 δὴ

543 1705 670 1757 estis
713 1699 796 1755 sal
846 1697 1058 1753 terrre'.
1110 1694 1208 1750 Hic
1260 1707 1479 1764 quoque
1533 1690 1851 1760 metaphora
1902 1689 1971 1744 ab
2018 1689 2117 1744 illis

2221 1681 2314 1734 καὶ
2334 1679 2624 1750 τρέψομαι.
2670 1676 2870 1746 Ὑμεῖς
2898 1675 3042 1729 ἐστε
3067 1673 3136 1728 τὸ
3165 1672 3317 1737 ἅλας
3345 1669 3456 1740 τῆς
3506 1667 3640 1738 γῆς.
3719 1668 3801 1722 Ex

543 1804 759 1864 sumpta
804 1801 909 1857 est,
951 1805 1073 1860 qua:
1117 1790 1183 1843 ad
1219 1801 1378 1842 usum
1427 1783 1799 1839 necessarium
1853 1782 2117 1837 veniunt:

2221 1772 2328 1824 τῶν
2377 1769 2694 1838 ἀναγκαίων
2737 1767 2993 1837 εἴληπται
3049 1761 3328 1819 κάνταῦθα
3363 1763 3397 1831 η
3461 1757 3797 1831 μεταφορὰ*

542 1884 1001 1956 quemadmodum
1047 1881 1212 1936 etiam
1265 1878 1374 1933 alio
1419 1877 1537 1932 loco
1572 1893 1587 1930 :
1627 1875 1829 1929 Habere
1869 1875 1926 1927 in
1969 1874 2110 1927 vobis

2221 1864 2401 1934 ὥσπερ
2427 1865 2521 1916 καὶ
2553 1857 2813 1930 ἀλλαχοῦ,
2847 1860 3058 1927 Ἔχετε
3076 1856 3230 1921 ἅλας
3260 1856 3330 1908 ἐν
3351 1852 3607 1918 ἑαυτοῖς-ο
3634 1850 3801 1903 τοῦτο

543 1942 687 2035 sal“.
737 1976 855 2032 lloc
887 1983 1072 2031 autem
1116 1971 1248 2043 quid
1287 1969 1434 2025 aliud
1465 1983 1630 2039 quam
1671 1965 1960 2022 charitatis
2003 1965 2115 2020 sit?

2221 1957 2270 2009 δὲ
2301 1957 2356 2009 τί
2384 1954 2510 2008 ἄλλο
2541 1953 2575 2023 ἢ
2603 1953 2791 2021 ἀγάπη
2820 1948 2885 2004 ἂν
2943 1949 3051 2017 εἴη,
3100 1948 3223 2018 ἥτις
3283 1944 3380 1998 καὶ
3415 1945 3582 2014 νόμου
3643 1942 3793 2011 πλή-

545 2088 665 2144 quae
694 2072 856 2127 etiam
902 2076 984 2124 est
1020 2065 1305 2136 plenitudo
1339 2061 1497 2132 legis,
1544 2067 1606 2115 ut
1644 2073 1800 2114 sacer
1835 2057 2115 2128 apostolus

547 2164 746 2219 Paulus
782 2159 1000 2217 docet".
1032 2158 1187 2212 Sicut
1226 2155 1374 2209 enim
1404 2153 1612 2222 absque
1656 2150 1769 2206 sale
1805 2149 1960 2219 panis
2007 2163 2113 2203 non

549 2253 984 2316 nianducabitur,
1027 2258 1085 2302 ut
1133 2261 1232 2302 nec
1266 2245 1376 2299 fere
1421 2244 1705 2314 quisquam
1753 2241 1894 2296 alius
1937 2241 2113 2306 cibus,

545 2351 624 2404 sic
662 2348 832 2416 liquet
875 2343 1080 2411 absque
1109 2339 1402 2394 dilectione
1432 2334 1569 2390 nihil
1597 2335 1897 2405 praestitum
1931 2333 1995 2386 iri
2031 2347 2120 2388 co-

545 2456 669 2496 rum
699 2453 821 2509 quae
849 2436 962 2492 Deo
1004 2442 1224 2502 accepta
1265 2438 1413 2485 sunt.
1452 2427 1638 2482 Talem
1685 2443 1744 2482 se
1783 2426 1940 2481 nobis
1964 2425 2118 2480 evhi-

546 2534 668 2588 buit
696 2529 999 2600 apostolus,
1048 2523 1401 2580 adamantino
1435 2521 1618 2574 animo
1647 2517 1926 2588 praeditus,
1956 2525 2118 2585 atque

548 2629 602 2678 in
637 2620 1027 2679 certaminibus
1066 2615 1284 2685 pietatis
1324 2626 1490 2666 causa
1522 2609 1794 2677 susceptis
1831 2607 2118 2676 insupera-

548 2713 696 2778 bilis,
733 2725 908 2780 neque
951 2703 1233 2777 prosperis
1269 2708 1512 2754 mutatus
1553 2712 1729 2768 neque
1763 2697 2029 2760 adversis,
2064 2695 2118 2749 id

547 2812 633 2858 est
682 2801 1007 2856 infatuatus.
1055 2792 1268 2848 Videsis
1300 2807 1313 2844 :
1343 2789 1747 2859 persecutiones
1785 2787 2112 2857 patiebatur,

549 2910 650 2949 nec
690 2895 758 2948 ab
807 2907 994 2947 eorum
1026 2890 1118 2959 qui
1156 2886 1628 2958 persequebantur
1664 2895 1851 2935 amore
1895 2878 2115 2933 recede-

550 2987 675 3052 bat;
717 2982 1014 3039 ducebatur
1037 2981 1105 3034 ad
1129 2996 1281 3050 reges
1309 2987 1362 3033 et
1384 2975 1658 3047 praesides,
1693 2986 1792 3026 nec
1818 2970 2113 3040 quidquam

549 3078 616 3131 de
649 3077 898 3131 animosa
935 3072 1286 3129 confessione
1330 3067 1644 3124 remittebat
1676 3084 1689 3119 :
1725 3064 1893 3134 virgis
1942 3061 2115 3117 caede-

2217 2065 2397 2119 ρωμα,
2430 2045 2505 2108 ῶς
2533 2060 2668 2115 φησι
2702 2041 2912 2104 Παῦλος
2941 2043 2969 2094 ό
3013 2039 3156 2109 ἱερὸς
3185 2035 3480 2098 ἀπόστολος
3507 2052 3522 2102 ;
3578 2034 3669 2096 Ὠς
3700 2029 3799 2088 οὖν

2214 2141 2337 2194 οὔτε
2365 2140 2526 2210 ἄρτος
2557 2136 2896 2208 βρωθήσεται
2929 2132 3055 2185 ἄνευ
3089 2130 3234 2194 ἁλὸς,
3258 2129 3341 2182 ὅτι
3408 2126 3546 2196 μηδέ
3590 2144 3642 2178 τι
3672 2141 3800 2195 σχεο

2217 2231 2303 2285 δὸν
2335 2229 2445 2284 τῶν
2479 2229 2755 2297 ἐδωδίμων
2784 2242 2798 2256 ⁸
2835 2225 2978 2278 οὕτω
3002 2222 3160 2294 δῆλον
3185 2222 3266 2275 ὅτι
3293 2221 3386 2274 καὶ
3417 2219 3638 2287 ἀγάπης
3669 2217 3800 2287 δίχα

2216 2324 2369 2377 οὐδὲν
2400 2323 2507 2377 τῶν
2538 2319 2799 2389 θεοφιλῶν
2834 2316 3297 2387 ὲξεργασθήσεται
3324 2331 3339 2346 ⁸
3371 2311 3608 2366 τοιοῦτον
3659 2312 3798 2381 ἡμῖν

2218 2415 2413 2469 ἑαυτὸν
2442 2413 2771 2483 παρίστησιν
2802 2411 2830 2461 ὁ
2892 2406 3212 2473 ’Λπόστολος
3253 2405 3623 2474 ἀδαμαντίνην
3654 2403 3799 2472 έχων

2218 2508 2382 2560 οἱονεὶ
2409 2506 2508 2573 τὴν
2539 2503 2718 2572 ψυχὴν
2757 2501 2853 2553 καὶ
2895 2497 3340 2566 ἁκαταγώνιστον
3380 2497 3437 2548 ἐν
3476 2497 3589 2556 τοῖς
3649 2494 3798 2562 ὑπὲρ

2219 2596 2476 2666 ἀληθείας
2506 2592 2715 2660 ἀγῶσι·
2753 2589 2846 2642 καὶ
2883 2589 3237 2658 μηδοποτέρῳ
3273 2587 3359 2639 διὰ
3402 2585 3511 2639 τῶν
3544 2584 3796 2654 δεξιῶνῆ

2218 2685 2524 2758 ἀριστερῶν
2582 2681 3060 2753 μεταϐαλλόμενος
3115 2680 3284 2748 ἤγουν
3347 2676 3795 2745 μωραινόμενοςο

2219 2781 2414 2834 σκόπει
2449 2794 2463 2808 ⁶
2493 2776 2796 2841 ὲδεδίωκτο,
2825 2778 2919 2828 καὶ
2947 2773 3056 2827 τῶν
3087 2772 3391 2826 διωκόντων
3450 2768 3544 2822 τοῦ
3616 2769 3793 2822 πόθου

2217 2874 2316 2924 οὐκ
2345 2870 2610 2939 ἀφίστατο
2635 2885 2648 2898 ·
2677 2868 2770 2920 ἐπὶ
2819 2866 3058 2938 βασιλεῖς
3107 2864 3201 2917 καὶ
3259 2861 3531 2932 ἡγεμόνας
3583 2861 3754 2930 ἤγετο
3779 2901 3796 2925 ,

2217 2965 2311 3018 καὶ
2341 2967 2438 3034 τῆς
2471 2962 2737 3032 εύθάρσου
2762 2957 3053 3031 ὁμολογίας
3093 2959 3194 3010 οὐκ
3232 2954 3543 3008 ὲλλέλειπτο
3569 2971 3580 2982 ·
3649 2955 3798 3022 ὲμα-

2220 3055 2452 3120 στίξετο,
2490 3055 2718 3115 καὶτοῖς
2743 3051 3036 3112 κολασταῖς
3070 3047 3230 3126 ἰητὴρ
3261 3043 3605 3114 ἐγνωρίζετο,
3643 3043 3799 3097 ὠνει-

549 3170 730 3234 batur,
769 3181 834 3221 ac
875 3164 1295 3219 verberantibus
1337 3175 1456 3215 sese
1492 3157 1762 3212 medicum
1793 3155 2064 3224 praebebat
2098 3171 2112 3207 :

2221 3145 2411 3211 δίζετο,
2444 3140 3073 3216 προύπηλακίζετο,’κα¹ι
3127 3141 3239 3201 τοῖς
3295 3135 3578 3206 ὑϐρισταῖς
3632 3135 3798 3198 δόξαν

2222 3242 2234 3249 .
2457 3237 2468 3249 .
2838 3233 2850 3249 .
3060 3231 3101 3249 κ.
3203 3225 3519 3249 ιη----π-,.
3586 3223 3645 3249 n-
3698 3225 3793 3249 ---ι

549 3259 818 3318 conviciis
838 3255 1213 3327 appetebatur,
1241 3263 1295 3307 et
1319 3250 1553 3306 ludibrio
1580 3247 1905 3308 habebatur,
1929 3246 2116 3299 illuso-

551 3355 812 3423 ribusque
829 3351 1055 3422 gloriam
1081 3348 1342 3414 curabat;
1379 3339 1979 3414 magistrumimitatus,
2023 3338 2116 3409 qui

551 3442 713 3496 etiam
738 3442 868 3495 dum
896 3446 1192 3508 pateretur,
1225 3433 1642 3490 crucifixoribus
1669 3431 1879 3487 veniam
1902 3445 1933 3484 a
1961 3429 2119 3483 Patre

549 3531 898 3603 precabatur.
946 3527 1362 3584 Prtetendebant
1398 3525 1476 3579 illi
1522 3524 1781 3594 gladium,
1828 3523 1944 3592 ipse
1978 3520 2118 3592 obji-

552 3627 729 3681 ciebat
780 3622 1082 3682 doctrinam
1138 3641 1150 3673 :
1194 3620 1270 3673 illi
1325 3619 1502 3688 ignem
1560 3617 1943 3676 minabantur,
2004 3616 2119 3685 ipse

552 3717 871 3772 charitatem
915 3713 1191 3782 augebat:
1235 3710 1312 3764 illi
1352 3709 1556 3775 minas,
1603 3707 1721 3777 ipse
1758 3722 1949 3777 preces
1988 3724 2001 3759 :
2036 3706 2116 3759 illi

553 3805 936 3872 alﬂictionem,
985 3806 1088 3860 iste
1131 3802 1326 3858 salutis
1387 3815 1578 3856 eorum
1619 3801 1713 3871 qui
1769 3798 2116 3868 amigebant,

553 3902 700 3957 sitim
745 3915 854 3970 prae
896 3913 953 3953 se
981 3898 1190 3951 ferebat
1217 3915 1234 3951 :
1264 3895 1527 3949 molestiis
1570 3892 1941 3948 delectabatur
1971 3909 1983 3945 :
2019 3907 2119 3945 an-

555 3993 750 4064 gustiis
771 3989 1121 4046 dilatahatur.
1154 3987 1297 4052 Quin
1327 3986 1482 4048 adeo,
1515 4000 1580 4039 ne
1611 4000 1639 4038 a
1667 3984 2121 4053 prosperitatibus

556 4085 771 4155 quidem
804 4083 855 4137 ei
900 4080 1130 4135 lentatio
1172 4078 1382 4134 defuit:
1412 4077 1743 4146 sequebatur
1781 4076 1926 4130 enim
1968 4074 2122 4144 signa

556 4175 698 4230 edita
757 4189 822 4228 ac
872 4172 1120 4242 prodigia
1171 4186 1277 4224 non
1336 4168 1580 4238 vulgaris
1635 4168 1808 4220 honor
1850 4180 1916 4220 ac
1968 4180 2121 4220 com-

558 4268 853 4321 mendatio.
907 4266 976 4317 At
1030 4277 1207 4333 neque
1259 4261 1504 4315 adversis
1549 4259 1798 4329 refriguit
1857 4258 2118 4321 Charitas,

2219 3237 2642 3308 ὲπραγμάτευε·
2687 3233 3022 3306 μιμούμενος
3053 3231 3143 3285 τὸν
3199 3225 3519 3282 διδάσκαλον
3585 3223 3645 3287 ὃς
3698 3225 3798 3276 καὶ

2220 3333 2304 3383 ἐπ’
2332 3329 2496 3384 αὑτοῦ
2525 3327 2619 3380 τοῦ
2662 3326 2866 3388 πάθους
2915 3327 3026 3388 τοῖς
3065 3321 3408 3394 σταυρωταῖς
3459 3317 3558 3387 τὴν
3596 3316 3799 3384 ἄφεσιν

2219 3424 2459 3492 ἐζητεῖτο
2485 3419 2633 3490 παρὰ
2656 3418 2748 3471 τοῦ
2775 3416 2986 3488 Πατρός
3012 3433 3025 3447 ⁸
3049 3416 3321 3486 ῥομφαίαν
3339 3415 3382 3468 δ’
3409 3413 3606 3465 ἐκεῖνοι
3633 3409 3799 3482 προῦο

2218 3532 2393 3569 τεινον
2435 3553 2450 3579 ,
2527 3512 2691 3574 αὐτὸς
2763 3511 2862 3581 τὴν
2950 3507 3296 3561 διδασκαλίαν
3382 3502 3797 3576 προύϐάλλετο·

2220 3607 2330 3677 πῦρ
2383 3604 2638 3674 ἠπείλουν
2699 3603 2918 3663 ἐκεῖνοι,
2990 3601 3018 3652 ὁ
3078 3597 3136 3650 δὲ
3193 3597 3285 3668 τὸν
3339 3596 3500 3650 πόθον
3592 3593 3791 3664 ηῦξει·

2220 3699 2373 3754 αὐτοὶ
2434 3693 2843 3767 τάςοάπειλὰς,
2905 3690 3001 3744 καὶ
3055 3683 3208 3752 οὗτος
3260 3689 3357 3760 τὴν
3436 3686 3794 3758 προσευχήνσ

2220 3793 2311 3845 τὸν
2339 3789 2572 3862 θλιμμὸν
2599 3789 2816 3853 ἐκεῖνοι,
2855 3786 2948 3838 καὶ
2977 3777 3133 3847 οὗτος
3157 3783 3217 3836 τὸ
3249 3782 3408 3853 διψᾷν
3459 3780 3558 3851 τὴν
3612 3797 3795 3848 σωτη-

2224 3883 2343 3950 ρίαν
2369 3899 2380 3912 ·
2417 3881 2524 3933 τῶν
2545 3878 2810 3946 ἀλγεινῶν
2862 3875 3214 3946 τερπόμενος,
3257 3874 3370 3934 τοῖς
3424 3870 3799 3939 ὑποπιεσμοῖς

2222 3973 2597 4043 εύρυνόμενος.
2626 3970 2733 4022 Καὶ
2768 3970 2873 4039 μὴν
2905 3969 3011 4021 κάκ
3040 3967 3148 4020 τῶν
3174 3964 3365 4030 δεξιῶν
3388 3964 3421 4034 ή
3448 3965 3620 4034 πεῖρα
3648 3977 3664 3990 °
3716 3963 3799 4014 εῖ-

2223 4081 2355 4116 πετο
2389 4064 2495 4134 γὰρ
2525 4060 2790 4132 δήπουθεν
2819 4061 2932 4121 τοῖς
2964 4059 3214 4128 σημείοις
3244 4073 3304 4108 τε
3337 4057 3430 4108 καὶ
3445 4057 3670 4125 τέρασιν
3697 4057 3798 4124 οὐχ

2221 4160 2254 4229 ἡ
2285 4156 2520 4227 τυχοῦσα
2548 4155 2679 4225 τιμή
2709 4169 2768 4205 τε
2800 4152 2896 4205 καὶ
2921 4150 3222 4219 ἁφοσίωσις
3243 4167 3255 4180 ·
3289 4147 3405 4201 ἀλλ’
3432 4149 3532 4201 οὐκ
3581 4146 3798 4201 ἐκεῖθεν

2221 4251 2316 4302 καὶ
2341 4247 2621 4316 ἀπέψυκτο
2651 4246 2749 4314 τῆς
2773 4244 3016 4313 ἀγάπης,
3048 4239 3171 4294 οὔτε
3220 4236 3469 4293 ἐντεῦθεν
3499 4237 3801 4306 ἐχαυνοῦτο

557 4372 734 4428 neque
762 4355 1017 4411 laudibus
1046 4353 1284 4408 emollita
1315 4362 1400 4406 est
1430 4390 1445 4414 ,
1477 4350 1572 4406 sed
1601 4350 1741 4404 idem
1779 4351 1832 4403 in
1868 4349 2117 4404 omnibus

2221 4344 2330 4404 τοῖς
2357 4340 2629 4402 ἐπαίνοιςο
2670 4341 2697 4391 ό
2747 4337 2908 4399 αὐτὸς
2959 4335 3015 4388 δὲ
3045 4337 3102 4388 ὲν
3146 4333 3317 4386 ἅπασι
3350 4330 3487 4400 πρὸς
3532 4329 3629 4400 τὴν
3665 4332 3801 4384 ἐκά-

555 4449 809 4520 pcrstitit,
856 4458 922 4501 ao
952 4447 1219 4516 cujusque
1258 4446 1476 4498 modum
1526 4443 1708 4496 varius
1738 4453 1902 4509 atque
1935 4442 2119 4496 condi-

2223 4451 2347 4487 στου
2377 4432 2704 4503 ίδιοτροπίαν
2739 4431 2828 4485 ἀεὶ
2875 4427 3287 4497 ποικιλλόμενος
3325 4425 3420 4476 καὶ
3476 4423 3798 4491 παραρτυό-

556 4555 664 4606 tus,
685 4544 839 4613 juxta
869 4555 1079 4595 manna:
1108 4547 1345 4609 gustum.
1384 4537 1427 4590 0
1459 4552 1572 4590 rem
1611 4535 1949 4590 mirabilem!
1982 4534 2116 4589 Nam

2225 4547 2384 4598 μενος
2415 4527 2557 4582 κατά
2584 4527 2681 4598 τὴν
2705 4526 2799 4578 τοῦ
2838 4526 3015 4595 μάννα
3041 4523 3318 4589 διάγευσιν
3345 4521 3359 4573 !
3405 4519 3469 4571 Ὦ
3508 4516 3600 4572 τοῦ
3661 4518 3800 4571 θαύ-

555 4637 672 4689 haec
702 4648 920 4703 quoque
953 4631 1200 4686 addenda
1253 4638 1401 4684 sunt.
1453 4628 1652 4682 Missus
1695 4636 1956 4696 tanquam
2002 4628 2119 4681 ovis

555 4727 609 4780 in
651 4726 855 4780 medios
886 4726 1044 4795 lupos
1068 4739 1096 4777 a
1140 4731 1424 4792 pastorum
1463 4720 1711 4789 principe
1736 4720 1980 4785 Christo,
2018 4734 2120 4773 nec

557 4818 672 4885 ipse
731 4818 783 4870 in
837 4817 1024 4885 lupum
1065 4822 1305 4867 mutatus
1358 4821 1461 4876 est,
1521 4812 1785 4880 luposque
1838 4812 1890 4865 in
1949 4828 2120 4882 agnos

556 4908 845 4964 convertit.
900 4907 1037 4960 Cum
1090 4906 1448 4967 morderetur,
1499 4905 1804 4957 animorum
1848 4905 2120 4959 morsibus

558 4998 893 5058 medebatur,
925 4994 1243 5049 vulneribus
1285 4993 1522 5062 acceptis
1568 4993 1880 5047 curationes
1927 5007 2122 5062 repen-

558 5091 729 5144 dens:
760 5089 1088 5149 illitteratus,
1132 5085 1296 5139 etiam
1345 5084 1527 5138 saeculi
1575 5085 1849 5153 sapientes
1884 5084 1950 5138 ad
1995 5085 2124 5138 reli-

561 5183 741 5252 gionis
771 5181 1023 5249 dogmata
1053 5178 1405 5232 convertebat
1436 5195 1447 5229 :
1480 5177 1726 5238 inermis,
1763 5176 1949 5229 hostes
1987 5191 2124 5245 quo-

560 5287 668 5342 que
721 5271 812 5325 Dei
875 5271 1082 5324 militiae
1138 5270 1448 5324 ascribebat
1507 5270 1770 5322 adversus
1821 5268 2120 5322 diabolum.

561 5366 602 5418 Ο
629 5375 888 5434 quantam
934 5364 1047 5416 haec
1078 5362 1347 5416 habebant
1378 5361 1782 5415 difficultatem!
1821 5361 2119 5414 addiderim

559 5458 724 5511 etiam
772 5466 1032 5524 quantam
1083 5455 1344 5524 gratiam!
1401 5451 1530 5506 Tale
1579 5468 1708 5506 sane
1753 5462 1835 5507 est
1879 5451 2125 5506 divinum

563 5550 663 5602 sal.
726 5547 1003 5617 Serpentis
1063 5550 1304 5610 astutia,
1377 5561 1439 5599 ac
1485 5546 1751 5599 columbae
1811 5545 2130 5614 simplicitas

563 5650 766 5712 quanta
799 5640 982 5702 fuerit,
1016 5639 1126 5710 jam
1169 5656 1234 5694 ex
1263 5640 1505 5709 proxime
1542 5638 1702 5693 dictis
1724 5638 1900 5707 palam
1928 5635 2130 5691 factum

637 5819 676 5850 ³·
702 5818 865 5874 Marc.
904 5837 975 5880 xu,
1012 5821 1095 5872 25.
1174 5819 1192 5849 ἰ
1219 5818 1232 5866 l
1260 5819 1385 5871 Cor.
1424 5834 1474 5882 τι,
1509 5817 1560 5870 4.
1652 5818 1670 5846 ⁵
1699 5815 1884 5868 Matth.
1918 5832 1968 5879 v,
2006 5815 2086 5868 15.

2226 4640 2391 4693 ματος
2423 4624 2434 4675 !
2472 4619 2795 4691 προσθετέον
2826 4618 2933 4688 γὰρ
2965 4617 3062 4668 καὶ
3094 4615 3296 4668 ταῦτα’
3322 4613 3396 4673 ὡς
3421 4611 3697 4684 πρόϐατον
3739 4612 3801 4662 ἐν

2227 4717 2378 4786 μέσῳ
2405 4715 2583 4768 λύκων
2613 4713 2717 4766 ὑπὸ
2738 4712 2832 4765 τοῦ
2862 4711 3252 4782 ἀρχιποίμενος
3276 4704 3514 4779 Χριστοῦ
3555 4706 3802 4757 ἀποστα-

2221 4810 2354 4873 λεὶς,
2383 4808 2505 4862 οὔτε
2536 4807 2697 4870 αὐτὸς
2727 4804 3048 4867 έλελύκωτο,
3083 4804 3177 4856 καὶ
3226 4801 3352 4863 τοὺς
3374 4799 3573 4861 λύκους
3597 4797 3678 4858 εις
3705 4797 3803 4867 ἆρ-

2223 4919 2318 4965 νας
2352 4900 2714 4970 μετέπλαττεν
2750 4913 2763 4927 ⁶
2816 4898 3167 4964 δακνόμενος,
3207 4893 3326 4948 iam
3358 4892 3426 4945 τὰ
3467 4890 3576 4944 τῶν
3604 4889 3802 4960 ψυχῶν

2224 4994 2478 5064 δήγματα
2509 4992 2784 5062 τραύμασι
2819 4988 3118 5059 θεραπείας
3167 4985 3444 5057 ἀμείϐαιψ
3482 4983 3795 5052 ἀγράμμα-

2223 5103 2314 5149 τος
2347 5085 2597 5146 καὶτοὺς
2643 5083 2735 5135 τοῦ
2775 5081 2982 5152 κόσμου
3056 5078 3253 5146 σοφοὺς
3323 5073 3804 5146 μετεστοιχειοῦτο

2223 5178 2302 5239 είς
2339 5175 2406 5228 τὰ
2432 5175 2531 5243 τῆς
2562 5173 2843 5235 εὐσεϐείας
2905 5172 3152 5239 δόγματα
3177 5184 3189 5198 '
3252 5166 3470 5230 ἄοπλος,
3518 5165 3615 5216 καὶ
3672 5166 3803 5226 τοὺς

2225 5267 2515 5336 πολεμίους
2542 5264 2660 5335 Θεῷ
2693 5262 3240 5332 ἁντεστρατολογεῖτο
3271 5259 3412 5311 κατά
3454 5255 3550 5310 τοῦ
3609 5255 3799 5308 διαϐό-

2223 5358 2330 5414 λου.
2378 5359 2440 5410 Ὢ
2486 5359 2657 5428 πόσης
2708 5356 2876 5408 ταῦτα
2919 5352 3265 5422 δυσχερείαςί
3327 5347 3621 5419 προσθείην
3654 5347 3699 5399 δ’
3737 5346 3804 5400 ἂν

2230 5455 2320 5506 καὶ
2343 5453 2562 5522 χάριτος
2602 5468 2615 5480 ’
2651 5448 2889 5502 τοιοῦτον
2923 5448 2987 5516 δὴ
3020 5447 3081 5499 τὸ
3116 5447 3257 5498 θεῖον
3282 5443 3414 5505 ἆλας
3441 5459 3454 5473 ’
3486 5443 3542 5494 τό
3573 5458 3632 5492 τε
3657 5457 3800 5492 παν·-

2231 5543 2425 5614 οῦργον
2466 5543 2558 5595 τοῦ
2601 5541 2795 5610 δφεως,
2834 5542 2929 5592 καὶ
2961 5538 3021 5590 τὸ
3056 5537 3152 5607 τῆς
3181 5535 3510 5608 περιστερᾶς
3537 5532 3804 5601 ἀκέραιον

2236 5637 2356 5688 ὅσον
2398 5636 2461 5687 ἐκ
2495 5634 2599 5686 τῶν
2632 5631 2910 5703 προσεχῶς
2942 5626 3270 5701 εἰρημένων,
3327 5628 3355 5680 ό
3382 5625 3540 5692 λόγος
3572 5620 3805 5689 ὑπείλη-

2166 5810 2371 5869 “Marc.
2405 5830 2478 5877 ιιι,
2513 5813 2596 5865 lt‘).
2677 5813 2694 5841 ⁷
2722 5810 2878 5864 Rom.
2915 5825 3033 5874 xm,
3076 5807 3164 5861 10.
