3926 6516
149 473 246 541 781

926 472 1207 534 ORATIO
1238 473 1314 532 IX
1367 497 1432 507 -
1466 471 1847 533 LAUDATIO
1877 471 1935 530 S.
1966 470 2285 531 JOANNIS
2333 470 2602 531 EVANG.

3283 469 3391 533 782

150 607 246 658 φεν
277 601 292 617 ⁸
325 585 422 639 καὶ
458 585 525 638 τὰ
555 583 725 638 πλείω
747 586 970 655 πάρεισι
997 587 1108 648 τοῖς
1161 584 1349 648 εἰδόσι,
1387 585 1557 654 φειδοῖ
1620 585 1713 637 τοῦ

1848 594 1939 648 εις
2002 586 2261 654 pluraque
2327 585 2467 653 apud
2533 598 2734 654 gnaros
2787 583 2970 638 dicere
3044 584 3385 650 omittimus,

152 679 656 751 μακρηγορήματος
682 693 696 706 ο
724 677 837 731 ἀλλ’
871 678 964 730 ἐπὶ
1000 677 1091 730 τὸν
1114 677 1400 747 κολοφῶνα
1430 677 1524 730 τοῦ
1557 678 1715 744 λόγου

152 775 310 828 ίτέον.

199 872 271 933 η’.
292 864 400 919 Kal
414 863 715 931 ἐπέθηκεν
727 864 929 930 αὐτοῖς
948 863 1135 934 ὄνομα
1149 864 1537 932 Βοανέργες,ὅ
1554 863 1723 916 ἐστιν

151 957 268 1010 vlol
299 955 572 1023 βροντῆς
597 971 611 987 ·
643 954 741 1023 τὴν
782 954 1010 1026 βροντήν
1044 956 1178 1023 φασί
1200 972 1345 1018 τινες
1372 954 1615 1024 γέννημα
1645 950 1723 1006 εἷ-

152 1064 238 1100 ναι
277 1046 561 1117 ἀνεμιαίου
621 1046 952 1116 πνεύματος,
1004 1045 1032 1098 ὃ
1093 1046 1395 1115 συλληφθὲν
1425 1047 1483 1099 ὲν
1534 1046 1720 1115 νέφεσι

152 1140 244 1191 καὶ
269 1139 370 1192 οὐκ
400 1138 539 1208 ἔχων
567 1138 701 1191 ὅπου
732 1137 924 1208 ῥαγείη
954 1137 1205 1204 διέξοδον,
1233 1140 1298 1208 τῇ
1321 1138 1420 1207 μὲν
1435 1137 1611 1207 θλίψει
1628 1137 1726 1207 τὴν

152 1230 462 1301 ἀστραπὴν,
481 1231 548 1300 τῇ
565 1230 621 1282 δὲ
635 1229 787 1299 ῥήξει
803 1230 903 1301 τὴν
923 1229 1148 1300 βροντὴν
1160 1230 1530 1300 ἀπεργάζεται
1546 1247 1560 1261 °
1582 1233 1646 1284 ὲκ
1671 1231 1726 1284 δὲ

153 1320 382 1392 βροντῆς
407 1318 635 1389 βροντὴν
679 1319 1003 1372 κυΐσκεσθαι
1033 1318 1202 1372 εἰπών
1215 1338 1319 1386 τις,
1351 1319 1452 1374 οὐκ
1471 1321 1575 1385 ἔξω
1596 1322 1726 1392 βάλ-

150 1414 226 1466 λει
245 1414 336 1466 τὸν
358 1413 520 1480 λόγον
548 1411 643 1464 τοῦ
659 1412 868 1474 δέοντος
894 1428 909 1442 ·
940 1413 1098 1483 εἴπερ
1122 1409 1234 1465 οἷον
1257 1414 1317 1465 τὸ
1348 1413 1569 1482 γεννῶν,
1619 1430 1730 1466 τοι-

157 1505 313 1558 οῦτον
340 1505 407 1570 δὴ
430 1504 524 1556 καὶ
553 1503 617 1556 τὸ
633 1502 898 1573 γέννημαο
918 1504 970 1556 τί
985 1500 1076 1557 οὖν
1098 1504 1345 1558 ἐντεῦθεν
1369 1522 1383 1572 ;
1403 1506 1483 1558 ὅτι
1514 1505 1654 1559 κατὰ
1670 1505 1729 1558 τὸ

154 1597 290 1649 Ilva-.3
299 1612 469 1664 ματος
493 1594 650 1660 ἁγίου
670 1588 806 1646 εἶναι
827 1595 1116 1665 ἁπήχημα,
1139 1595 1252 1658 υίὸς
1271 1595 1495 1667 βροντῆς
1511 1596 1730 1666 ὠνόμα-

154 1704 275 1741 σται
309 1688 337 1737 ό
359 1685 702 1748 Ἀπόστολος,
734 1685 1058 1755 ἀστράπτων
1081 1686 1217 1757 ὁμοῦ
1241 1687 1335 1740 καὶ
1347 1685 1584 1756 βροντῶν
1601 1688 1730 1756 ἡμῖν

151 1778 216 1830 τά
237 1778 380 1840 θεῖα,
403 1776 476 1838 ὡς
497 1778 560 1828 ὲκ
580 1774 819 1845 νεφελῶν
839 1777 1000 1829 οἱονεὶ
1026 1777 1281 1846 ἐκραγεὶς
1299 1780 1398 1848 τῆς
1421 1777 1567 1841 θείας
1582 1778 1685 1850 χάρ
1695 1798 1734 1831 ι-

150 1885 264 1930 τος.
286 1867 532 1935 Εἶδωμεν
548 1866 625 1930 δὲ,
641 1866 866 1931 είδοκεῖ,
896 1869 955 1920 ἐν
972 1867 1252 1937 κεφαλαίῳ
1270 1863 1358 1921 οἷα
1379 1870 1470 1922 καὶ
1488 1870 1555 1922 τά
1577 1869 1730 1940 βρον-

152 1957 394 2024 τήματα,
409 1954 485 2017 ὡς
502 1954 566 2006 ἂν
588 1954 787 2025 μᾶλλον
808 1954 1186 2025 θαυμάσοιμεν
1200 1955 1292 2009 τοῦ
1315 1937 1732 2026 όνοματοθέντος
1763 1937 1804 1990 Β

152 2045 627 2117 τὴνδύναμιν.Ἒν
637 2043 790 2115 ἀρχῆ
803 2042 880 2116 ἦν
893 2048 926 2099 ό
937 2047 1128 2116 Λόγος
1138 2047 1236 2100 καὶ
1252 2049 1284 2101 ό
1295 2048 1486 2116 Λόγος
1495 2043 1575 2118 ἦν
1587 2047 1736 2116 πρὸς

153 2140 259 2193 τὸν
274 2137 552 2202 Θεὸν-,καὶ
571 2140 713 2203 Θεος
725 2134 802 2207 ἦν
818 2141 851 2192 d
863 2139 1072 2209 Λόγος.
1084 2139 1148 2191 Ὢ
1167 2140 1269 2210 τῆς
1287 2140 1734 2210 μεγαλοφωνοτά-

152 2248 250 2302 της
277 2229 574 2301 θεηγορίας
596 2229 608 2281 ι
641 2229 738 2300 οὐχ
763 2228 904 2283 οὕτω
926 2229 1156 2302 βροντῆς
1182 2232 1411 2302 πατάγῳ
1435 2232 1736 2303 τεθήπασιν
1760 2279 1763 2283 ,

153 2323 458 2393 ἄνθρωποι,
493 2322 568 2385 ὡς
605 2321 704 2394 τὴν
739 2323 984 2377 Ἰωάννου
1019 2323 1295 2393 θεολογίαν
1326 2325 1423 2379 σὺν
1446 2326 1562 2388 τοῖς
1611 2327 1734 2378 ὲπι-

154 2416 327 2484 γείοις
363 2416 753 2487 ἐξεπλάγησαν
783 2417 876 2470 καὶ
900 2416 970 2470 τὰ
997 2417 1242 2488 οὐράνια,
1271 2417 1430 2488 εἴπερ
1469 2418 1736 2471 κάκείνων

155 2507 310 2578 παρὰ
325 2508 572 2561 Ἰωάννου
593 2511 626 2579 ἡ
654 2508 944 2578 μαθητεία.
963 2510 1086 2563 Ἵνα
1103 2507 1229 2579 γὰρ,
1255 2509 1411 2579 φησὶ,
1435 2507 1735 2578 γνωρισθῇ

152 2601 272 2655 νῦν
301 2599 436 2666 ταῖς
455 2599 671 2669 ἀρχαῖς
696 2601 795 2654 καί
822 2599 953 2666 ταῖς
977 2600 1289 2666 ἐξουσίαις
1309 2601 1379 2654 ἐν
1406 2600 1531 2667 τοῖς
1555 2601 1736 2654 ἐπου-

150 2691 386 2759 ρανίοις
407 2691 505 2744 διὰ
523 2688 630 2758 τῆς
645 2691 1016 2758 Ἐκκλησίας
1042 2693 1080 2758 ἠ
1099 2693 1534 2758 πολυποίκιλος
1551 2691 1737 2759 σοφία

155 2783 262 2838 τοῦ
284 2783 456 2837 Θεοῦ·
487 2781 562 2844 ὡς
587 2782 686 2852 μὲν
707 2782 800 2836 οὖν
820 2784 888 2836 τά
918 2785 975 2836 ὲν
999 2782 1246 2853 αἰσθήσει
1268 2784 1614 2853 συγγράφων,
1642 2784 1739 2853 ἁρ-

157 2879 258 2946 χὴν
292 2874 559 2928 ἁπάντων
597 2873 708 2928 τῶν
736 2875 1062 2945 ποιημάτων
1086 2875 1176 2928 τὸν
1218 2876 1447 2946 οὐρανὸν
1496 2874 1734 2948 προῦθτΓ

155 2988 250 3023 κεν
275 2969 470 3022 εἰπών’
490 2966 594 3020 Ἐν
615 2966 773 3037 ἀρχῇ
795 2969 1082 3035 ἐποίησεν
1102 2970 1135 3022 ὁ
1166 2969 1311 3035 Θεὸς
1340 2968 1448 3022 τὸν
1479 2970 1738 3038 οὐρανὸν

157 3063 255 3114 καὶ
282 3068 402 3127 τήν
431 3059 580 3128 γῆν·
613 3059 732 3112 οὐδὲ
779 3061 886 3130 γὰρ
920 3055 1032 3113 οἷόν
1059 3077 1118 3112 τε
1166 3056 1234 3130 ἦν
1271 3059 1543 3130 ὀφθαλμὸν
1591 3061 1739 3131 πρῶ-

156 3169 250 3204 τον
280 3152 412 3204 ὂντα
455 3150 563 3203 τῶν
604 3152 661 3203 ἐν
690 3152 820 3220 ἡμῖν
850 3150 1181 3221 αἰσθήσεων,
1216 3151 1587 3222 ὑπερταθῆναί
1633 3169 1736 3205 που

1825 677 2060 732 vitanda:
2116 694 2277 732 causa
2335 678 2689 746 prolixitatis.
2748 677 2948 732 Verum
2996 679 3062 733 ad
3121 683 3393 736 sermonis

1824 768 2188 837 colophonem
2223 768 2550 827 veniendum
2582 777 2684 822 est.

1896 859 1950 913 8.
1991 858 2060 911 Et
2101 860 2350 927 imposuit
2394 859 2498 912 illis
2545 861 2755 913 nomina
2792 860 3107 931 Baanerges,
3148 863 3284 933 quod
3319 872 3393 915 est

1826 953 1926 1020 ﬁlii
1966 951 2188 1004 tonitrui
2212 951 2260 1004 ⁸.
2298 949 2436 1005 Sunt
2465 951 2557 1020 qui
2599 950 2784 1005 dicant
2829 951 2943 1006 ﬁeri
2987 954 3289 1008 tonitruum
3327 969 3391 1011 ex

1826 1059 1982 1099 aereo
2032 1043 2249 1113 spiritu,
2295 1044 2390 1113 qui
2424 1043 2683 1097 nimirum
2734 1043 2979 1098 inclusus
3031 1043 3084 1098 in
3139 1045 3394 1109 nubibus,

1826 1152 1927 1192 nec
1959 1138 2242 1192 inveniens
2282 1151 2388 1206 qua
2420 1144 2574 1206 parte
2611 1147 2789 1202 exeat,
2834 1136 3114 1192 collisione
3152 1136 3394 1206 quidem,

1828 1228 2010 1299 fulgur
2038 1272 2053 1296 ,
2091 1229 2345 1298 ruptione
2397 1238 2601 1292 autem,
2643 1229 2937 1281 tonitruum
2985 1229 3198 1284 efficiat.
3241 1228 3395 1294 Quod

1829 1324 1874 1379 si
1912 1325 2034 1392 quis
2069 1323 2368 1378 tonitruum
2419 1321 2662 1375 tonitruo
2709 1320 2956 1391 progigni
2995 1322 3158 1385 dicat.
3198 1321 3334 1376 nihil
3367 1337 3397 1374 a

1829 1413 2212 1483 probabilitate
2254 1411 2491 1466 alienum
2539 1412 2738 1466 dixerit
2769 1430 2782 1464 :
2815 1411 3081 1481 siquidem
3115 1413 3274 1482 quale
3317 1421 3400 1467 est

1831 1503 2077 1573 gignens,
2125 1502 2231 1556 tale
2281 1511 2335 1556 et
2366 1502 2512 1572 quod
2560 1501 2819 1572 gignitur.
2874 1502 3014 1568 Quid
3065 1518 3193 1572 ergo
3234 1502 3401 1559 inde?

1832 1594 2143 1656 Nimirum,
2222 1603 2482 1665 tanquam
2564 1594 2802 1664 Spiritus
2859 1596 3033 1650 sancti
3090 1595 3398 1650 resonantia

1833 1687 2134 1757 appellatus
2162 1697 2246 1742 est
2276 1687 2556 1756 apostolus
2589 1687 2810 1742 tonitrui
2845 1686 3008 1752 filius,
3036 1687 3218 1741 divino
3243 1687 3400 1742 nobis

1833 1779 2123 1848 splendore
2162 1779 2216 1832 in
2252 1779 2474 1832 modum
2505 1777 2720 1847 fulgetri
2753 1779 2998 1840 elucens,
3031 1787 3194 1848 atque
3225 1778 3402 1833 instar

1833 1872 2060 1927 tonitrui
2109 1871 2383 1941 mugiens,
2429 1872 2686 1941 velutque
2732 1886 2796 1925 ex
2851 1871 3090 1926 nubibus
3136 1887 3168 1927 e
3213 1871 3398 1926 divina

1837 1963 1993 2032 quasi
2044 1961 2310 2016 charitate
2357 1975 2672 2030 erumpens.
2731 1960 3022 2016 Videamus
3079 1970 3300 2024 autem,
3355 1965 3402 2017 si

1839 2053 1986 2120 libet,
2043 2052 2199 2122 quasi
2247 2052 2561 2106 summatim
2616 2063 2832 2121 quantae
2885 2052 2966 2106 hae
3016 2052 3126 2106 sint
3176 2052 3401 2107 tonitrui

1835 2159 2020 2209 voces,
2057 2152 2118 2198 ut
2151 2159 2216 2199 eo
2269 2143 2464 2214 majori
2519 2143 2877 2199 admiratione
2927 2143 3075 2199 illius
3105 2145 3400 2212 potentiam

1837 2236 2191 2302 admiremur,
2241 2237 2332 2306 qui
2377 2235 2571 2291 indidit
2614 2252 2836 2292 nomen.
2882 2236 2950 2292 In
2990 2237 3250 2306 principio
3287 2249 3402 2292 erat

1847 2326 2092 2388 Verbum,
2139 2338 2189 2380 et
2226 2326 2448 2380 Verbum
2473 2338 2587 2380 erat
2630 2333 2770 2397 apud
2803 2328 2988 2391 Deum,
3029 2337 3078 2381 et
3111 2327 3251 2382 Deus
3290 2340 3404 2383 erat

1849 2418 2131 2472 Verbum".
2163 2418 2206 2473 Ο
2232 2417 2429 2472 divina:
2460 2418 2865 2487 praedicationis
2898 2419 3267 2476 clarissimam
3309 2436 3406 2475 vo-

1838 2509 1990 2564 cem!
2037 2506 2158 2562 Non
2202 2508 2282 2563 sic
2317 2507 2567 2563 homines
2613 2509 2842 2563 tonitrui
2887 2507 3106 2581 fragore
3143 2511 3405 2581 obstupe-

1838 2609 2017 2668 scunt,
2056 2601 2136 2655 uti
2173 2598 2401 2655 Joannis
2435 2600 2792 2672 theologiam,
2838 2618 2964 2658 cum
2997 2613 3154 2658 terra:
3192 2603 3406 2659 colonis

1838 2692 1999 2745 etiam
2045 2691 2299 2746 caelestes
2349 2691 2582 2746 virtutes
2631 2691 3312 2763 obstupuerunt:quando
3353 2706 3408 2749 et

1841 2783 1943 2836 illae
1965 2779 2192 2837 Joannis
2220 2781 2503 2852 discipula}
2527 2781 2932 2852 quodammodo
2964 2791 3111 2838 sunt.
3146 2782 3212 2838 Ut
3233 2785 3405 2848 enim,

1841 2873 2040 2942 inquit,
2079 2873 2375 2926 innotescat
2424 2873 2807 2943 principatibus
2856 2883 2906 2928 et
2957 2875 3300 2944 potestatibus
3351 2877 3408 2929 in

1841 2964 2134 3019 ctelestibus
2157 2981 2248 3033 per
2264 2964 2540 3019 ecclesiam
2565 2965 2910 3034 multiformis
2932 2967 3196 3035 sapientia
3227 2966 3326 3021 Dei
3341 2967 3407 3021 “.

1842 3057 1908 3112 Et
1937 3056 2152 3128 Moyses
2173 3057 2419 3127 quidem,
2447 3073 2574 3112 cum
2607 3073 2791 3113 rerum
2821 3058 3007 3114 sensui
3036 3058 3407 3127 subiectarum

1841 3150 2128 3204 historiam
2165 3151 2556 3216 conscriberet,
2587 3160 2962 3205 creaturarum
2993 3152 3237 3206 omnium
3260 3151 3412 3222 prin-

160 3243 478 3312 περαιτέρω
493 3241 588 3294 τοῦ
611 3242 858 3312 οὐρανίου
884 3241 1050 3310 ὕψους
1074 3258 1089 3272 ⁶
1110 3243 1187 3296 διὸ
1205 3243 1630 3314 καταλλήλωςτῇ
1653 3245 1738 3296 αἰ-

1848 3246 2070 3314 cipium,
2109 3245 2306 3300 caelum
2334 3247 2537 3315 posuit,
2569 3247 2756 3302 dicens
2786 3264 2799 3301 :
2830 3247 2896 3301 In
2925 3248 3184 3316 principio
3215 3249 3411 3303 creavit

163 3335 354 3401 σθήσει
374 3334 546 3387 καὶτὸ
565 3334 693 3403 ποίη
703 3343 776 3402 μά
796 3334 1180 3404 προτέτακται,
1202 3335 1308 3387 τῶν
1322 3334 1495 3388 ἄλλων
1512 3338 1628 3397 ταῖς
1649 3335 1739 3388 ἆλ-

161 3428 283 3491 λαις
314 3425 762 3496 δευτερευόντων·
782 3427 810 3478 ὁ
833 3425 888 3477 δὲ
904 3425 999 3479 an
1019 3425 1157 3497 ὑπὲρ
1173 3426 1424 3495 αἴσθησιν
1445 3426 1540 3495 τὴν
1554 3426 1742 3495 ἐξηγο-

163 3519 293 3587 ρίαν
323 3515 666 3586 ποιούμενος,
695 3516 794 3568 οὐκ
831 3515 1061 3586 οὐρανὸν
1089 3517 1182 3568 καὶ
1214 3516 1339 3586 γῆν,
1369 3516 1502 3570 ἀλλὰ
1539 3515 1632 3567 τοῦ
1662 3515 1746 3567 οὑ-

167 3607 335 3679 ρανοῦ
368 3609 464 3664 καὶ
522 3608 655 3676 ὁμοῦ
690 3607 930 3660 ’πάντων
989 3606 1096 3659 τῶν
1158 3607 1568 3677 ὑπερουρανίων
1611 3607 1746 3662 νοῶν

166 3702 421 3772 ποιητὴν,
464 3700 637 3772 ἀρχὴν
666 3701 910 3771 εἴληφεν,
971 3699 1160 3752 εἰπών·
1231 3700 1337 3754 Ἐν
1369 3700 1528 3770 ἀρχῇ
1583 3696 1661 3770 ἦν
1713 3703 1746 3754 ὀ

165 3796 385 3862 Λόγος,
419 3793 519 3846 καὶ
553 3796 587 3846 ὀ
613 3792 804 3861 Λόγος
823 3787 898 3860 ἦν
929 3793 1079 3860 πρὸς
1107 3791 1213 3844 τὸν
1260 3792 1429 3856 Θεὸν,
1473 3793 1572 3845 καὶ
1604 3792 1748 3858 Θεὸς

164 3881 248 3952 ἦν
276 3887 308 3937 ό
347 3885 559 3952 Λόγος.

1844 3338 1983 3391 Deus
2018 3338 2228 3400 calum,
2263 3348 2313 3392 et
2340 3349 2534 3392 terram
2563 3338 2626 3392 “.
2657 3337 2774 3393 Non
2804 3338 2947 3393 enim
2976 3339 3090 3393 fieri
3116 3347 3328 3408 poterat
3354 3347 3418 3393 ut

1844 3431 2062 3493 oculus,
2120 3433 2213 3500 qui
2273 3433 2415 3485 inter
2467 3446 2664 3485 sensus
2713 3432 3006 3499 primatum
3053 3439 3223 3497 tenet,
3286 3433 3412 3484 ειειί

1846 3521 2192 3575 altitudinem
2221 3532 2529 3591 superaret.
2561 3521 2833 3586 Quocirca
2865 3536 2961 3590 pro
2986 3536 3180 3576 sensus
3208 3522 3418 3577 ratione

1847 3615 2012 3666 etiam
2044 3620 2294 3665 creatura
2328 3614 2478 3681 prior
2507 3620 2610 3675 est,
2636 3626 2760 3666 cum
2787 3611 2907 3666 alias
2935 3613 3057 3668 aliis
3082 3615 3418 3684 posteriores

1852 3705 1980 3759 sint.
2027 3704 2096 3758 At
2127 3702 2387 3765 Joannes,
2431 3715 2688 3771 tanquam
2732 3717 2794 3755 ea
2838 3716 3100 3757 enarratis
3129 3718 3251 3772 qua:
3291 3717 3420 3757 sen-

1856 3812 1975 3852 sum
2014 3803 2313 3866 superant;
2345 3811 2449 3849 non
2491 3795 2689 3849 coelum
2731 3803 2785 3848 et
2813 3803 3041 3860 terram,
3077 3795 3170 3849 sed
3207 3795 3330 3850 coeli
3359 3811 3424 3850 ac

1861 3897 2015 3941 terrae
2053 3888 2410 3955 omniumque
2441 3887 2742 3940 ccelestiutn
2786 3885 3051 3940 mentium
3091 3895 3420 3948 creatorem,

165 3979 509 4049 principium
563 3979 886 4050 assumpsit;
940 3976 1132 4033 dicens
1167 3998 1179 4033 :
1213 3978 1277 4032 In
1323 3979 1585 4049 principio
1638 3993 1750 4035 erat
1801 3981 2047 4047 Verbum,
2085 3991 2133 4034 et
2172 3981 2395 4034 Verbum
2438 3989 2552 4033 erat
2614 3979 2757 4048 apud
2827 3977 3014 4046 Deum,
3039 3988 3087 4034 et
3131 3979 3271 4034 Deus
3307 3991 3423 4034 erat

178 4068 409 4124 Verbum
435 4072 498 4127 ¹².

242 4209 310 4260 θ’.
341 4202 498 4269 Εἶδες
520 4209 601 4270 είς
630 4210 780 4258 ποῖον
814 4209 944 4277 ὕψος
977 4209 1204 4280 ἄπειρον
1235 4205 1337 4282 ἦρε
1369 4210 1428 4262 τὸ
1455 4211 1610 4280 ὅμμα
1659 4210 1749 4263 τοῦ

165 4318 263 4353 νου
288 4318 302 4365 ;

385 4299 577 4368 ῶσπερ
615 4316 668 4349 τι
721 4300 909 4368 νοητὸν
962 4303 1246 4370 στερέωμα
1301 4303 1753 4372 καταπηξάμενος

171 4389 336 4458 ἡμῶν
386 4390 446 4440 ὲν
479 4388 687 4460 διανοίᾳ
715 4390 774 4441 τὸ
806 4393 1047 4459 τριταῖον
1080 4389 1192 4443 Ἦν
1215 4407 1229 4420 ’
1280 4391 1366 4444 ἵνα
1396 4392 1558 4461 μέχρι
1602 4393 1754 4444 τοῦδε

165 4480 365 4550 ὥσπερ
407 4498 462 4532 τι
490 4479 697 4548 ἑξαλμα
729 4481 902 4548 φωτὸς
935 4479 1138 4552 προῖὼν
1175 4482 1204 4533 ὁ
1242 4482 1386 4547 νοῦς,
1417 4483 1633 4552 πρῶτος
1681 4482 1756 4536 ὢν

167 4574 270 4624 καὶ
301 4565 459 4632 οὗτος
483 4570 591 4622 τῶν
623 4569 722 4638 τῆς
765 4569 944 4640 ψυχῆς
985 4570 1284 4639 δυνάμεων,
1321 4569 1398 4641 μὴ
1447 4570 1558 4640 ἔχοι
1597 4570 1757 4638 φύσιν

1926 4212 1979 4266 9.
2021 4207 2213 4262 Vidisti
2247 4206 2299 4259 in
2334 4213 2591 4274 quantam
2618 4203 2960 4257 altitudinem
3002 4203 3198 4258 extulit
3224 4203 3426 4257 mentis

1856 4300 2114 4358 oculum?
2173 4295 2539 4351 intellectuale
2583 4295 2746 4350 veluti
2801 4297 3206 4351 ﬁrmamentum
3257 4297 3428 4351 menti

1857 4405 2058 4450 nostrae.
2092 4391 2322 4459 infigens
2372 4389 2570 4442 trinum
2609 4388 2742 4443 illud
2797 4387 2968 4453 Erat;
3023 4398 3080 4442 ut
3116 4403 3182 4443 eo
3229 4403 3423 4459 usque,

1863 4483 2110 4542 salientis
2142 4483 2314 4536 instar
2335 4481 2494 4544 lucis,
2527 4495 2680 4534 mens
2711 4493 2999 4549 progressa
3026 4482 3282 4550 (namque
3312 4466 3428 4536 bzec

1863 4585 1945 4630 est
1977 4573 2298 4630 facultatum
2351 4571 2548 4624 anima:
2588 4569 2784 4639 prima)
2827 4569 2962 4622 nolit
2999 4569 3255 4640 deinceps
3297 4570 3429 4625 ulte-

166 4663 410 4733 ἀρθῆναί
436 4679 538 4714 που
580 4663 858 4728 ἐπέκεινα,
885 4664 993 4716 κᾶν
1026 4663 1386 4734 κενεμϐατεῖν
1441 4664 1642 4730 δόξοιεν
1691 4665 1740 4716 ὲν

1859 4667 1973 4721 rius
2017 4664 2270 4728 subvehi,
2324 4678 2392 4716 ne
2425 4677 2519 4732 per
2552 4676 2734 4715 aerem
2767 4661 3086 4716 curiositate
3130 4660 3309 4715 inutili
3343 4663 3428 4715 vi-

167 4752 720 4823 ιπνιλυπραγμοσύνης
769 4754 1084 4807 ἁνενδέκτου
1109 4772 1124 4786 ο
1146 4755 1260 4808 ἀλλ’
1297 4751 1408 4807 οἷον
1431 4758 1751 4809 ἐπαναπαυ-

168 4848 415 4916 σάμενος
436 4845 542 4915 τῆς
576 4844 814 4913 ἐφέσεως
850 4844 1184 4916 παλινδρομῇ
1216 4847 1352 4916 πρὸς
1394 4851 1460 4899 τά
1523 4848 1754 4899 κατόπιν

164 4939 271 4992 καὶ
303 4937 410 4990 ὑπὸ
450 4937 646 5000 κτίσιν,
679 4929 760 4998 οἷς
798 4936 890 4987 καὶ
926 4936 1202 5004 συγγενῶς
1239 4937 1373 5006 ἔχοι,
1405 4937 1546 5008 ὁρῶν
1583 4936 1653 4989 τά
1671 4938 1756 5007 δη-

168 5031 576 5100 μιουργήματα
605 5028 699 5081 καὶ
725 5028 965 5093 δοξάζων
1011 5032 1102 5082 τὸν
1130 5030 1535 5100 ἀριστοτέχνην,
1575 5031 1666 5082 ἕνα
1698 5048 1755 5081 τε

165 5126 307 5175 ὂντα
348 5122 588 5191 ἄναρχον
615 5121 747 5174 Θεὸν
791 5122 848 5175 ἐν
876 5122 1054 5192 τρισὶν
1084 5122 1460 5185 ὑποστάσεσιν,
1502 5123 1591 5174 τὸν
1623 5124 1755 5174 πᾶσι

164 5219 290 5277 τοῖς
337 5209 493 5266 οὖσιν
549 5212 973 5266 ἐπιστατοῦντα·
1028 5215 1146 5267 τίνα
1210 5213 1416 5278 ταῦτα;
1478 5215 1751 5282 Σεφαφὶμ,

165 5303 488 5374 Χερουϐὶμ,
529 5301 781 5373 Θρόνους,
816 5304 1104 5372 Δυνάμεις,
1150 5304 1447 5370 Ἐξουσίας,
1480 5304 1751 5375 Κυριότη-

164 5412 301 5460 τας,
344 5392 568 5463 Ἀρχὰς,
639 5393 1056 5463 Ἀρχαγγέλους,
1119 5394 1411 5461 ’Λγγέλους
1444 5411 1455 5422 ·
1516 5391 1635 5447 εἶτα
1683 5394 1752 5446 τὰ

167 5485 303 5538 κατ’
335 5485 615 5553 αἴσθησιν,
655 5484 903 5554 οὐρανὸν,
968 5485 1138 5554 ἥλιον,
1191 5486 1437 5554 σελήνην,
1493 5487 1752 5555 ἀστέρας,

169 5579 343 5646 ἀέρα,
376 5577 505 5645 γῆν,
537 5573 965 5639 Θάλασσαν,ζῶα
997 5578 1246 5645 χερσαῖα,
1276 5576 1480 5641 ἐνάλια,
1514 5577 1755 5646 ἑναέρια,

169 5670 350 5741 φυτά,
404 5667 556 5736 βοτὰ,
607 5668 788 5721 πᾶσαν
843 5666 1144 5738 συλλήϐδην
1189 5668 1350 5737 φύσιν
1412 5667 1654 5738 ἔμψυχόν
1701 5686 1759 5720 τε

287 5908 483 5966 “fere
537 5928 618 5977 tn,
653 5911 734 5964 t7.
845 5911 1046 5970 'Joan.
1083 5913 1282 5981 1,1,2.

1418 5917 1458 5946 ¹⁰
1484 5916 1679 5980 Ephcs.
1739 5929 1820 5980 ιιι,
1855 5913 1940 5969 10.

1857 4761 2047 4812 deatur
2101 4754 2410 4808 discurrere
2465 4771 2477 4806 :
2528 4753 2620 4807 sed
2673 4753 2829 4822 quasi
2888 4767 3111 4806 cursum
3175 4751 3430 4807 inhibens

1857 4848 2164 4903 retrocedat
2221 4848 2286 4900 ad
2339 4861 2426 4900 res
2476 4855 2723 4910 creatas,
2774 4845 2972 4914 quibus
3030 4843 3432 4899 necessitudine

1861 4941 2024 4995 homo
2070 4939 2353 4993 devinctus
2395 4945 2497 5002 est,
2543 4936 2761 4990 intuens
2805 4935 2857 4988 in
2889 4950 3002 4998 eas,
3057 4935 3432 5005 optimumque

1862 5031 2124 5085 artificem
2156 5028 2410 5082 laudibus
2433 5026 2736 5093 celebrans,
2770 5041 2936 5080 unum
2970 5024 3138 5079 Deum
3167 5034 3430 5080 :eternum

1866 5118 1919 5170 in
1951 5118 2125 5171 tribus
2172 5117 2560 5171 subsistentem
2595 5115 2862 5184 personis,
2899 5114 3170 5183 rebusque
3213 5113 3434 5169 univcr-

1865 5210 1944 5263 sis
1988 5207 2390 5277 praesidentem.
2439 5205 2700 5272 Quaenam
2749 5220 2878 5259 vero
2921 5205 3074 5259 haec?
3124 5204 3430 5276 Seraphim,

1865 5299 2188 5361 Cberubim,
2224 5297 2450 5364 Throni,
2495 5297 2754 5361 Virtutes,
2803 5298 3130 5362 Potestates,
3177 5298 3435 5353 Domina-

1868 5391 2063 5456 tiones,
2112 5388 2478 5459 Principatus,
2514 5388 2858 5458 Archangeli,
2908 5381 3097 5458 Angeli
3131 5405 3144 5441 :
3177 5398 3291 5443 tum
3344 5405 3435 5442 res

1866 5487 2053 5537 sensui
2105 5483 2383 5551 subjeclm,
2416 5482 2632 5545 ccelum,
2691 5481 2793 5546 sol,
2844 5482 2992 5544 luna,
3040 5472 3230 5546 stellae,
3295 5495 3434 5548 aer;

1868 5586 2033 5640 terra,
2077 5591 2246 5638 mare,
2307 5575 2565 5628 animalia
2622 5575 2922 5638 terrestria,
2977 5575 3209 5639 marina,
3253 5589 3433 5637 aerea,

1869 5670 2083 5736 planta},
2138 5669 2336 5731 herbae,
2396 5669 2649 5720 universa
2699 5666 2953 5735 denique,
3014 5677 3071 5721 ut
3120 5667 3435 5722 summatim

2067 5916 2104 5946 ¹¹
2170 5915 2302 5970 Gen.
2371 5933 2405 5980 ι,
2479 5917 2524 5970 l.
2636 5919 2675 5946 ”
2730 5916 2884 5971 Joan.
2925 5935 2961 5982 ι,
3004 5919 3050 5972 l.
