  <div class='ocr_page' id='page_1' title='image "/cluster/home/n/w/nwhite01/storage/ocr_20150623/99/ien.35556001661347/401.png"; bbox 0 0 3926 6450; ppageno 0'>
   <div class='ocr_carea' id='block_1_1' title="bbox 561 388 664 449">
    <p class='ocr_par' dir='ltr' id='par_1_1' title="bbox 561 388 664 449">
     <span class='ocr_line' id='line_1_1' title="bbox 561 388 664 449; baseline 0.019 -2"><span class='ocrx_word' id='word_1_1' title='bbox 561 388 664 449; x_wconf 82' lang='grc'><strong>783</strong></span> 
     </span>
    </p>
   </div>
   <div class='ocr_carea' id='block_1_2' title="bbox 1745 383 2614 445">
    <p class='ocr_par' dir='ltr' id='par_1_2' title="bbox 1745 383 2614 445">
     <span class='ocr_line' id='line_1_2' title="bbox 1745 383 2614 445; baseline -0.001 0"><span class='ocrx_word' id='word_1_2' title='bbox 1745 386 1803 445; x_wconf 88' lang='lat' dir='ltr'><strong>S.</strong></span> <span class='ocrx_word' id='word_1_3' title='bbox 1842 383 2228 445; x_wconf 80' lang='lat' dir='ltr'><strong>TllEODORI</strong></span> <span class='ocrx_word' id='word_1_4' title='bbox 2272 384 2356 443; x_wconf 89' lang='lat' dir='ltr'>ST</span> <span class='ocrx_word' id='word_1_5' title='bbox 2364 384 2614 445; x_wconf 73' lang='lat' dir='ltr'><strong>UDIT/E</strong></span> 
     </span>
    </p>
   </div>
   <div class='ocr_carea' id='block_1_3' title="bbox 3685 379 3782 440">
    <p class='ocr_par' dir='ltr' id='par_1_3' title="bbox 3685 379 3782 440">
     <span class='ocr_line' id='line_1_3' title="bbox 3685 379 3782 440; baseline -0.021 0"><span class='ocrx_word' id='word_1_6' title='bbox 3685 379 3782 440; x_wconf 62' lang='lat' dir='ltr'><strong>78L</strong></span> 
     </span>
    </p>
   </div>
   <div class='ocr_carea' id='block_1_4' title="bbox 560 494 2127 570">
    <p class='ocr_par' dir='ltr' id='par_1_4' title="bbox 560 496 2127 568">
     <span class='ocr_line' id='line_1_4' title="bbox 560 496 2127 568; baseline -0.004 -11"><span class='ocrx_word' id='word_1_7' title='bbox 560 503 766 562; x_wconf 89' lang='lat' dir='ltr'><strong>dicam,</strong></span> <span class='ocrx_word' id='word_1_8' title='bbox 809 509 1022 564; x_wconf 75' lang='lat' dir='ltr'><strong>natura,</strong></span> <span class='ocrx_word' id='word_1_9' title='bbox 1072 508 1186 552; x_wconf 91' lang='lat' dir='ltr'><strong>tum</strong></span> <span class='ocrx_word' id='word_1_10' title='bbox 1235 499 1416 552; x_wconf 86' lang='lat' dir='ltr'><strong>anima</strong></span> <span class='ocrx_word' id='word_1_11' title='bbox 1462 496 1708 568; x_wconf 65' lang='lat' dir='ltr'><strong>prtedita,</strong></span> <span class='ocrx_word' id='word_1_12' title='bbox 1764 508 1880 551; x_wconf 90' lang='lat' dir='ltr'><strong>tum</strong></span> <span class='ocrx_word' id='word_1_13' title='bbox 1932 511 2127 566; x_wconf 79' lang='lat' dir='ltr'><strong>expers</strong></span> 
     </span>
    </p>
   </div>
   <div class='ocr_carea' id='block_1_5' title="bbox 2232 494 3784 570">
    <p class='ocr_par' dir='ltr' id='par_1_5' title="bbox 2232 494 3784 570">
     <span class='ocr_line' id='line_1_5' title="bbox 2232 494 3784 570; baseline -0.005 -18"><span class='ocrx_word' id='word_1_14' title='bbox 2232 500 2322 552; x_wconf 73' lang='grc' dir='ltr'><strong>καὶ</strong></span> <span class='ocrx_word' id='word_1_15' title='bbox 2352 499 2556 570; x_wconf 71' lang='grc' dir='ltr'>ἄψυχον</span> <span class='ocrx_word' id='word_1_16' title='bbox 2581 515 2592 528; x_wconf 92' lang='grc'><strong>·</strong></span> <span class='ocrx_word' id='word_1_17' title='bbox 2625 499 2842 554; x_wconf 73' lang='grc' dir='ltr'>ἅπαντα</span> <span class='ocrx_word' id='word_1_18' title='bbox 2867 497 2974 568; x_wconf 82' lang='grc' dir='ltr'><strong>γὰρ</strong></span> <span class='ocrx_word' id='word_1_19' title='bbox 2997 495 3188 560; x_wconf 77' lang='grc' dir='ltr'>ταῦτα,</span> <span class='ocrx_word' id='word_1_20' title='bbox 3239 495 3330 548; x_wconf 77' lang='grc' dir='ltr'><strong>καὶ</strong></span> <span class='ocrx_word' id='word_1_21' title='bbox 3361 495 3412 547; x_wconf 86' lang='grc' dir='ltr'><strong>εἴ</strong></span> <span class='ocrx_word' id='word_1_22' title='bbox 3433 511 3485 546; x_wconf 87' lang='grc' dir='ltr'><strong>τι</strong></span> <span class='ocrx_word' id='word_1_23' title='bbox 3517 494 3701 563; x_wconf 70' lang='grc' dir='ltr'>ἕτερον</span> <span class='ocrx_word' id='word_1_24' title='bbox 3729 494 3784 545; x_wconf 86' lang='grc' dir='ltr'>ὲν</span> 
     </span>
    </p>
   </div>
   <div class='ocr_carea' id='block_1_6' title="bbox 560 589 2122 658">
    <p class='ocr_par' dir='ltr' id='par_1_6' title="bbox 560 589 2122 658">
     <span class='ocr_line' id='line_1_6' title="bbox 560 589 2122 658; baseline -0.003 -11"><span class='ocrx_word' id='word_1_25' title='bbox 560 595 773 649; x_wconf 68' lang='lat' dir='ltr'><strong>animae.</strong></span> <span class='ocrx_word' id='word_1_26' title='bbox 805 594 996 648; x_wconf 83' lang='lat' dir='ltr'><strong>Omnia</strong></span> <span class='ocrx_word' id='word_1_27' title='bbox 1025 593 1169 646; x_wconf 91' lang='lat' dir='ltr'><strong>enim</strong></span> <span class='ocrx_word' id='word_1_28' title='bbox 1217 590 1347 655; x_wconf 75' lang='lat' dir='ltr'><strong>hzec,</strong></span> <span class='ocrx_word' id='word_1_29' title='bbox 1381 604 1444 642; x_wconf 91' lang='lat' dir='ltr'><strong>ac</strong></span> <span class='ocrx_word' id='word_1_30' title='bbox 1485 589 1530 643; x_wconf 90' lang='lat' dir='ltr'><strong>si</strong></span> <span class='ocrx_word' id='word_1_31' title='bbox 1559 589 1685 658; x_wconf 82' lang='lat' dir='ltr'><strong>quid</strong></span> <span class='ocrx_word' id='word_1_32' title='bbox 1716 589 1860 644; x_wconf 81' lang='lat' dir='ltr'><strong>aliud</strong></span> <span class='ocrx_word' id='word_1_33' title='bbox 1895 598 2122 658; x_wconf 87' lang='lat' dir='ltr'><strong>uterque</strong></span> 
     </span>
    </p>
   </div>
   <div class='ocr_carea' id='block_1_7' title="bbox 561 681 2122 744">
    <p class='ocr_par' dir='ltr' id='par_1_7' title="bbox 561 681 2122 744">
     <span class='ocr_line' id='line_1_7' title="bbox 561 681 2122 744; baseline -0.004 -4"><span class='ocrx_word' id='word_1_34' title='bbox 561 686 802 741; x_wconf 90' lang='lat' dir='ltr'><strong>mundus</strong></span> <span class='ocrx_word' id='word_1_35' title='bbox 848 682 1241 738; x_wconf 89' lang='lat' dir='ltr'><strong>innominabile</strong></span> <span class='ocrx_word' id='word_1_36' title='bbox 1275 682 1495 744; x_wconf 88' lang='lat' dir='ltr'><strong>habent,</strong></span> <span class='ocrx_word' id='word_1_37' title='bbox 1535 682 1641 736; x_wconf 85' lang='lat' dir='ltr'><strong>illis</strong></span> <span class='ocrx_word' id='word_1_38' title='bbox 1681 683 1859 736; x_wconf 81' lang='lat' dir='ltr'><strong>verbis</strong></span> <span class='ocrx_word' id='word_1_39' title='bbox 1892 700 1904 736; x_wconf 89' lang='lat'><strong>:</strong></span> <span class='ocrx_word' id='word_1_40' title='bbox 1933 681 2122 736; x_wconf 87' lang='lat' dir='ltr'><strong><em>Omnia</em></strong></span> 
     </span>
    </p>
   </div>
   <div class='ocr_carea' id='block_1_8' title="bbox 559 772 2124 850">
    <p class='ocr_par' dir='ltr' id='par_1_8' title="bbox 559 772 2124 850">
     <span class='ocr_line' id='line_1_8' title="bbox 559 772 2124 850; baseline -0.004 -19"><span class='ocrx_word' id='word_1_41' title='bbox 559 795 651 850; x_wconf 88' lang='lat' dir='ltr'><strong>per</strong></span> <span class='ocrx_word' id='word_1_42' title='bbox 697 779 869 847; x_wconf 84' lang='lat' dir='ltr'><strong>ipsum</strong></span> <span class='ocrx_word' id='word_1_43' title='bbox 898 775 1043 844; x_wconf 79' lang='lat' dir='ltr'><strong>facta</strong></span> <span class='ocrx_word' id='word_1_44' title='bbox 1086 783 1230 838; x_wconf 87' lang='lat' dir='ltr'><strong>sunt,</strong></span> <span class='ocrx_word' id='word_1_45' title='bbox 1263 785 1312 826; x_wconf 81' lang='lat' dir='ltr'><strong>et</strong></span> <span class='ocrx_word' id='word_1_46' title='bbox 1353 774 1464 826; x_wconf 89' lang='lat' dir='ltr'><strong>sine</strong></span> <span class='ocrx_word' id='word_1_47' title='bbox 1507 774 1617 841; x_wconf 80' lang='lat' dir='ltr'><strong>ipso</strong></span> <span class='ocrx_word' id='word_1_48' title='bbox 1642 773 1840 842; x_wconf 78' lang='lat' dir='ltr'><strong>factum</strong></span> <span class='ocrx_word' id='word_1_49' title='bbox 1891 787 1968 826; x_wconf 83' lang='lat' dir='ltr'><strong>est</strong></span> <span class='ocrx_word' id='word_1_50' title='bbox 1995 772 2124 825; x_wconf 79' lang='lat' dir='ltr'><strong>nihil</strong></span> 
     </span>
    </p>
   </div>
   <div class='ocr_carea' id='block_1_9' title="bbox 561 865 2122 940">
    <p class='ocr_par' dir='ltr' id='par_1_9' title="bbox 561 865 2122 940">
     <span class='ocr_line' id='line_1_9' title="bbox 561 865 2122 940; baseline -0.003 -17"><span class='ocrx_word' id='word_1_51' title='bbox 561 869 699 940; x_wconf 86' lang='lat' dir='ltr'><strong>quod</strong></span> <span class='ocrx_word' id='word_1_52' title='bbox 742 869 945 936; x_wconf 79' lang='lat' dir='ltr'><strong>factum</strong></span> <span class='ocrx_word' id='word_1_53' title='bbox 997 877 1071 920; x_wconf 91' lang='lat' dir='ltr'><strong>est</strong></span> <span class='ocrx_word' id='word_1_54' title='bbox 1099 867 1168 924; x_wconf 85' lang='grc'><strong>¹¹.</strong></span> <span class='ocrx_word' id='word_1_55' title='bbox 1220 865 1606 935; x_wconf 81' lang='lat' dir='ltr'><strong>comprehendi</strong></span> <span class='ocrx_word' id='word_1_56' title='bbox 1639 866 1949 920; x_wconf 80' lang='lat' dir='ltr'><strong>declaravit.</strong></span> <span class='ocrx_word' id='word_1_57' title='bbox 1984 867 2122 931; x_wconf 85' lang='lat' dir='ltr'><strong>Quid</strong></span> 
     </span>
    </p>
   </div>
   <div class='ocr_carea' id='block_1_10' title="bbox 561 955 2124 1028">
    <p class='ocr_par' dir='ltr' id='par_1_10' title="bbox 561 955 2124 1028">
     <span class='ocr_line' id='line_1_10' title="bbox 561 955 2124 1028; baseline -0.003 -14"><span class='ocrx_word' id='word_1_58' title='bbox 561 960 706 1014; x_wconf 91' lang='lat' dir='ltr'><strong>enim</strong></span> <span class='ocrx_word' id='word_1_59' title='bbox 733 959 982 1028; x_wconf 84' lang='lat' dir='ltr'><strong>pluribus</strong></span> <span class='ocrx_word' id='word_1_60' title='bbox 1011 955 1343 1026; x_wconf 81' lang='lat' dir='ltr'><strong>superﬂuum</strong></span> <span class='ocrx_word' id='word_1_61' title='bbox 1373 971 1494 1009; x_wconf 90' lang='lat' dir='ltr'><strong>esse</strong></span> <span class='ocrx_word' id='word_1_62' title='bbox 1523 963 1758 1024; x_wconf 77' lang='lat' dir='ltr'><strong>oportet,</strong></span> <span class='ocrx_word' id='word_1_63' title='bbox 1789 972 1912 1010; x_wconf 91' lang='lat' dir='ltr'><strong>cum</strong></span> <span class='ocrx_word' id='word_1_64' title='bbox 1940 957 2124 1011; x_wconf 87' lang='lat' dir='ltr'><strong>divino</strong></span> 
     </span>
    </p>
   </div>
   <div class='ocr_carea' id='block_1_11' title="bbox 563 1048 2122 1122">
    <p class='ocr_par' dir='ltr' id='par_1_11' title="bbox 563 1048 2122 1122">
     <span class='ocr_line' id='line_1_11' title="bbox 563 1048 2122 1122; baseline -0.003 -17"><span class='ocrx_word' id='word_1_65' title='bbox 563 1051 766 1122; x_wconf 90' lang='lat' dir='ltr'><strong>Spiritu</strong></span> <span class='ocrx_word' id='word_1_66' title='bbox 803 1049 966 1103; x_wconf 83' lang='lat' dir='ltr'><strong>amati</strong></span> <span class='ocrx_word' id='word_1_67' title='bbox 998 1048 1097 1101; x_wconf 88' lang='lat' dir='ltr'><strong>viri</strong></span> <span class='ocrx_word' id='word_1_68' title='bbox 1147 1049 1474 1118; x_wconf 74' lang='lat' dir='ltr'><strong>tlteOIOgiam</strong></span> <span class='ocrx_word' id='word_1_69' title='bbox 1521 1062 1737 1102; x_wconf 87' lang='lat' dir='ltr'><strong>onmem</strong></span> <span class='ocrx_word' id='word_1_70' title='bbox 1780 1049 1844 1102; x_wconf 85' lang='lat' dir='ltr'><strong>ad</strong></span> <span class='ocrx_word' id='word_1_71' title='bbox 1896 1049 2122 1103; x_wconf 87' lang='lat' dir='ltr'><strong>verbum</strong></span> 
     </span>
    </p>
   </div>
   <div class='ocr_carea' id='block_1_12' title="bbox 561 1139 2126 1208">
    <p class='ocr_par' dir='ltr' id='par_1_12' title="bbox 561 1139 2126 1208">
     <span class='ocr_line' id='line_1_12' title="bbox 561 1139 2126 1208; baseline -0.002 -12"><span class='ocrx_word' id='word_1_72' title='bbox 561 1144 824 1198; x_wconf 80' lang='lat' dir='ltr'><strong>divinitus</strong></span> <span class='ocrx_word' id='word_1_73' title='bbox 873 1142 983 1196; x_wconf 89' lang='lat' dir='ltr'><strong>sint</strong></span> <span class='ocrx_word' id='word_1_74' title='bbox 1028 1139 1385 1208; x_wconf 87' lang='lat' dir='ltr'><strong>interpretati,</strong></span> <span class='ocrx_word' id='word_1_75' title='bbox 1442 1154 1471 1192; x_wconf 89' lang='lat' dir='ltr'><strong>a</strong></span> <span class='ocrx_word' id='word_1_76' title='bbox 1519 1139 1717 1208; x_wconf 84' lang='lat' dir='ltr'><strong>quibus</strong></span> <span class='ocrx_word' id='word_1_77' title='bbox 1762 1154 1861 1194; x_wconf 92' lang='lat' dir='ltr'><strong>nos</strong></span> <span class='ocrx_word' id='word_1_78' title='bbox 1910 1154 2126 1208; x_wconf 88' lang='lat' dir='ltr'><strong>quoque</strong></span> 
     </span>
    </p>
   </div>
   <div class='ocr_carea' id='block_1_13' title="bbox 558 1230 2126 1299">
    <p class='ocr_par' dir='ltr' id='par_1_13' title="bbox 558 1230 2126 1299">
     <span class='ocr_line' id='line_1_13' title="bbox 558 1230 2126 1299; baseline -0.004 -7"><span class='ocrx_word' id='word_1_79' title='bbox 558 1236 876 1293; x_wconf 88' lang='lat' dir='ltr'><strong>catellorum</strong></span> <span class='ocrx_word' id='word_1_80' title='bbox 923 1234 1094 1288; x_wconf 90' lang='lat' dir='ltr'><strong>instar</strong></span> <span class='ocrx_word' id='word_1_81' title='bbox 1143 1230 1452 1294; x_wconf 85' lang='lat' dir='ltr'><strong>habuimus,</strong></span> <span class='ocrx_word' id='word_1_82' title='bbox 1491 1245 1628 1299; x_wconf 91' lang='lat' dir='ltr'><strong>quas</strong></span> <span class='ocrx_word' id='word_1_83' title='bbox 1663 1230 1807 1284; x_wconf 90' lang='lat' dir='ltr'><strong>velut</strong></span> <span class='ocrx_word' id='word_1_84' title='bbox 1855 1233 2126 1286; x_wconf 86' lang='lat' dir='ltr'><strong>sermonis</strong></span> 
     </span>
    </p>
   </div>
   <div class='ocr_carea' id='block_1_14' title="bbox 560 1319 2124 1391">
    <p class='ocr_par' dir='ltr' id='par_1_14' title="bbox 560 1319 2124 1391">
     <span class='ocr_line' id='line_1_14' title="bbox 560 1319 2124 1391; baseline -0.004 -9"><span class='ocrx_word' id='word_1_85' title='bbox 560 1329 730 1382; x_wconf 81' lang='lat' dir='ltr'><strong>micas</strong></span> <span class='ocrx_word' id='word_1_86' title='bbox 763 1325 1110 1380; x_wconf 82' lang='lat' dir='ltr'><strong>inferremus.</strong></span> <span class='ocrx_word' id='word_1_87' title='bbox 1150 1319 1194 1376; x_wconf 93' lang='grc' dir='ltr'>Ο</span> <span class='ocrx_word' id='word_1_88' title='bbox 1229 1321 1497 1391; x_wconf 80' lang='lat' dir='ltr'><strong>theologia</strong></span> <span class='ocrx_word' id='word_1_89' title='bbox 1535 1336 1656 1391; x_wconf 74' lang='lat' dir='ltr'><strong>qua:</strong></span> <span class='ocrx_word' id='word_1_90' title='bbox 1683 1322 1927 1374; x_wconf 89' lang='lat' dir='ltr'><strong>tonitruo</strong></span> <span class='ocrx_word' id='word_1_91' title='bbox 1955 1336 2124 1376; x_wconf 80' lang='lat' dir='ltr'><strong>exau-</strong></span> 
     </span>
    </p>
   </div>
   <div class='ocr_carea' id='block_1_15' title="bbox 560 1410 2127 1482">
    <p class='ocr_par' dir='ltr' id='par_1_15' title="bbox 560 1410 2127 1482">
     <span class='ocr_line' id='line_1_15' title="bbox 560 1410 2127 1482; baseline -0.003 -10"><span class='ocrx_word' id='word_1_92' title='bbox 560 1419 782 1472; x_wconf 74' lang='lat' dir='ltr'><strong>tiibilior</strong></span> <span class='ocrx_word' id='word_1_93' title='bbox 823 1415 1035 1471; x_wconf 69' lang='lat' dir='ltr'><strong>caelesti</strong></span> <span class='ocrx_word' id='word_1_94' title='bbox 1066 1413 1316 1468; x_wconf 85' lang='lat' dir='ltr'><strong>doctrina</strong></span> <span class='ocrx_word' id='word_1_95' title='bbox 1359 1412 1627 1466; x_wconf 77' lang='lat' dir='ltr'><strong>insonuit!</strong></span> <span class='ocrx_word' id='word_1_96' title='bbox 1669 1410 1713 1466; x_wconf 90' lang='grc' dir='ltr'><strong>Ο</strong></span> <span class='ocrx_word' id='word_1_97' title='bbox 1741 1413 1964 1475; x_wconf 90' lang='lat' dir='ltr'><strong>locutio,</strong></span> <span class='ocrx_word' id='word_1_98' title='bbox 2005 1429 2127 1482; x_wconf 74' lang='lat' dir='ltr'><strong>qua:</strong></span> 
     </span>
    </p>
   </div>
   <div class='ocr_carea' id='block_1_16' title="bbox 561 1505 2128 1580">
    <p class='ocr_par' dir='ltr' id='par_1_16' title="bbox 561 1505 2128 1580">
     <span class='ocr_line' id='line_1_16' title="bbox 561 1505 2128 1580; baseline -0.004 -15"><span class='ocrx_word' id='word_1_99' title='bbox 561 1513 802 1567; x_wconf 80' lang='lat' dir='ltr'><strong>velocius</strong></span> <span class='ocrx_word' id='word_1_100' title='bbox 850 1510 1083 1580; x_wconf 86' lang='lat' dir='ltr'><strong>fulgetro</strong></span> <span class='ocrx_word' id='word_1_101' title='bbox 1133 1507 1388 1561; x_wconf 88' lang='lat' dir='ltr'><strong>universa</strong></span> <span class='ocrx_word' id='word_1_102' title='bbox 1435 1505 1705 1575; x_wconf 82' lang='lat' dir='ltr'><strong>pervasit!</strong></span> <span class='ocrx_word' id='word_1_103' title='bbox 1748 1505 2010 1558; x_wconf 83' lang='lat' dir='ltr'><strong>Mirabilis</strong></span> <span class='ocrx_word' id='word_1_104' title='bbox 2049 1507 2128 1574; x_wconf 81' lang='lat' dir='ltr'><strong>fa-</strong></span> 
     </span>
    </p>
   </div>
   <div class='ocr_carea' id='block_1_17' title="bbox 560 1597 2125 1667">
    <p class='ocr_par' dir='ltr' id='par_1_17' title="bbox 560 1597 2125 1667">
     <span class='ocr_line' id='line_1_17' title="bbox 560 1597 2125 1667; baseline -0.004 -9"><span class='ocrx_word' id='word_1_105' title='bbox 560 1615 645 1657; x_wconf 91' lang='lat' dir='ltr'><strong>cta</strong></span> <span class='ocrx_word' id='word_1_106' title='bbox 687 1612 763 1657; x_wconf 84' lang='lat' dir='ltr'><strong>est</strong></span> <span class='ocrx_word' id='word_1_107' title='bbox 816 1602 1037 1655; x_wconf 83' lang='lat' dir='ltr'><strong>scientia</strong></span> <span class='ocrx_word' id='word_1_108' title='bbox 1096 1609 1188 1652; x_wconf 91' lang='lat' dir='ltr'><strong>tua</strong></span> <span class='ocrx_word' id='word_1_109' title='bbox 1242 1615 1306 1652; x_wconf 73' lang='lat' dir='ltr'><strong>ea:</strong></span> <span class='ocrx_word' id='word_1_110' title='bbox 1360 1614 1442 1651; x_wconf 87' lang='lat' dir='ltr'><strong>me</strong></span> <span class='ocrx_word' id='word_1_111' title='bbox 1471 1598 1548 1661; x_wconf 83' lang='grc'><strong>¹³;</strong></span> <span class='ocrx_word' id='word_1_112' title='bbox 1601 1597 1747 1652; x_wconf 88' lang='lat' dir='ltr'><strong>dicat</strong></span> <span class='ocrx_word' id='word_1_113' title='bbox 1805 1598 2002 1667; x_wconf 86' lang='lat' dir='ltr'><strong>aliquis</strong></span> <span class='ocrx_word' id='word_1_114' title='bbox 2059 1599 2125 1652; x_wconf 88' lang='lat' dir='ltr'><strong>ad</strong></span> 
     </span>
    </p>
   </div>
   <div class='ocr_carea' id='block_1_18' title="bbox 559 1689 2124 1764">
    <p class='ocr_par' dir='ltr' id='par_1_18' title="bbox 559 1689 2124 1764">
     <span class='ocr_line' id='line_1_18' title="bbox 559 1689 2124 1764; baseline -0.006 -13"><span class='ocrx_word' id='word_1_115' title='bbox 559 1695 822 1751; x_wconf 84' lang='lat' dir='ltr'><strong>Joannem</strong></span> <span class='ocrx_word' id='word_1_116' title='bbox 855 1693 1010 1764; x_wconf 88' lang='lat' dir='ltr'><strong>quasi</strong></span> <span class='ocrx_word' id='word_1_117' title='bbox 1041 1690 1151 1745; x_wconf 90' lang='lat' dir='ltr'><strong>Deo</strong></span> <span class='ocrx_word' id='word_1_118' title='bbox 1181 1690 1438 1754; x_wconf 88' lang='lat' dir='ltr'><strong>similem,</strong></span> <span class='ocrx_word' id='word_1_119' title='bbox 1470 1689 1564 1760; x_wconf 86' lang='lat' dir='ltr'><strong>qui</strong></span> <span class='ocrx_word' id='word_1_120' title='bbox 1603 1698 1758 1743; x_wconf 67' lang='lat' dir='ltr'><strong>terra:</strong></span> <span class='ocrx_word' id='word_1_121' title='bbox 1789 1689 2124 1744; x_wconf 88' lang='lat' dir='ltr'><strong>latitudinem</strong></span> 
     </span>
    </p>
   </div>
   <div class='ocr_carea' id='block_1_19' title="bbox 559 1780 2126 1858">
    <p class='ocr_par' dir='ltr' id='par_1_19' title="bbox 559 1780 2126 1858">
     <span class='ocr_line' id='line_1_19' title="bbox 559 1780 2126 1858; baseline -0.006 -14"><span class='ocrx_word' id='word_1_122' title='bbox 559 1789 874 1858; x_wconf 83' lang='lat' dir='ltr'><strong>complexus</strong></span> <span class='ocrx_word' id='word_1_123' title='bbox 917 1796 1001 1838; x_wconf 86' lang='lat' dir='ltr'><strong>est</strong></span> <span class='ocrx_word' id='word_1_124' title='bbox 1044 1781 1465 1853; x_wconf 72' lang='lat' dir='ltr'><strong>praedicatione:</strong></span> <span class='ocrx_word' id='word_1_125' title='bbox 1510 1781 1602 1851; x_wconf 89' lang='lat' dir='ltr'><strong>qui</strong></span> <span class='ocrx_word' id='word_1_126' title='bbox 1645 1780 1810 1834; x_wconf 89' lang='lat' dir='ltr'><strong>animi</strong></span> <span class='ocrx_word' id='word_1_127' title='bbox 1849 1781 2126 1850; x_wconf 84' lang='lat' dir='ltr'><strong>cogitatio-</strong></span> 
     </span>
    </p>
   </div>
   <div class='ocr_carea' id='block_1_20' title="bbox 559 1867 2126 1944">
    <p class='ocr_par' dir='ltr' id='par_1_20' title="bbox 559 1867 2126 1944">
     <span class='ocr_line' id='line_1_20' title="bbox 559 1867 2126 1944; baseline -0.007 -12"><span class='ocrx_word' id='word_1_128' title='bbox 559 1878 724 1932; x_wconf 89' lang='lat' dir='ltr'><strong>nibus</strong></span> <span class='ocrx_word' id='word_1_129' title='bbox 764 1876 817 1930; x_wconf 93' lang='lat' dir='ltr'><strong>in</strong></span> <span class='ocrx_word' id='word_1_130' title='bbox 861 1872 1043 1944; x_wconf 84' lang='lat' dir='ltr'><strong>abyssi</strong></span> <span class='ocrx_word' id='word_1_131' title='bbox 1083 1870 1363 1941; x_wconf 72' lang='lat' dir='ltr'><strong>sapientia:</strong></span> <span class='ocrx_word' id='word_1_132' title='bbox 1388 1868 1636 1938; x_wconf 80' lang='lat' dir='ltr'><strong>vestigiis</strong></span> <span class='ocrx_word' id='word_1_133' title='bbox 1670 1867 2003 1932; x_wconf 84' lang='lat' dir='ltr'><strong>ambulavit;</strong></span> <span class='ocrx_word' id='word_1_134' title='bbox 2032 1882 2126 1937; x_wconf 86' lang='lat' dir='ltr'><strong>per</strong></span> 
     </span>
    </p>
   </div>
   <div class='ocr_carea' id='block_1_21' title="bbox 559 1958 2128 2038">
    <p class='ocr_par' dir='ltr' id='par_1_21' title="bbox 559 1958 2128 2038">
     <span class='ocr_line' id='line_1_21' title="bbox 559 1958 2128 2038; baseline -0.007 -14"><span class='ocrx_word' id='word_1_135' title='bbox 559 1984 720 2038; x_wconf 84' lang='lat' dir='ltr'><strong>quem</strong></span> <span class='ocrx_word' id='word_1_136' title='bbox 768 1976 937 2036; x_wconf 70' lang='lat' dir='ltr'><strong>portae</strong></span> <span class='ocrx_word' id='word_1_137' title='bbox 986 1963 1289 2017; x_wconf 79' lang='lat' dir='ltr'><strong>inferorum</strong></span> <span class='ocrx_word' id='word_1_138' title='bbox 1351 1961 1548 2015; x_wconf 64' lang='lat' dir='ltr'><strong>divinae</strong></span> <span class='ocrx_word' id='word_1_139' title='bbox 1591 1959 1744 2014; x_wconf 86' lang='lat' dir='ltr'><strong>vocis</strong></span> <span class='ocrx_word' id='word_1_140' title='bbox 1790 1958 2128 2028; x_wconf 89' lang='lat' dir='ltr'><strong>plenitudine</strong></span> 
     </span>
    </p>
   </div>
   <div class='ocr_carea' id='block_1_22' title="bbox 561 2049 2124 2121">
    <p class='ocr_par' dir='ltr' id='par_1_22' title="bbox 561 2049 2124 2121">
     <span class='ocr_line' id='line_1_22' title="bbox 561 2049 2124 2121; baseline -0.007 -10"><span class='ocrx_word' id='word_1_141' title='bbox 561 2062 852 2113; x_wconf 65' lang='lat' dir='ltr'><strong>destructa:</strong></span> <span class='ocrx_word' id='word_1_142' title='bbox 903 2062 1052 2116; x_wconf 90' lang='lat' dir='ltr'><strong>sunt,</strong></span> <span class='ocrx_word' id='word_1_143' title='bbox 1099 2063 1438 2121; x_wconf 81' lang='lat' dir='ltr'><strong>exortusque</strong></span> <span class='ocrx_word' id='word_1_144' title='bbox 1483 2059 1566 2105; x_wconf 89' lang='lat' dir='ltr'><strong>est</strong></span> <span class='ocrx_word' id='word_1_145' title='bbox 1615 2049 1953 2104; x_wconf 66' lang='lat' dir='ltr'><strong>orthodoxiie</strong></span> <span class='ocrx_word' id='word_1_146' title='bbox 2000 2049 2124 2104; x_wconf 89' lang='lat' dir='ltr'><strong>sol:</strong></span> 
     </span>
    </p>
   </div>
   <div class='ocr_carea' id='block_1_23' title="bbox 561 2140 2129 2220">
    <p class='ocr_par' dir='ltr' id='par_1_23' title="bbox 561 2140 2129 2220">
     <span class='ocr_line' id='line_1_23' title="bbox 561 2140 2129 2220; baseline -0.004 -17"><span class='ocrx_word' id='word_1_147' title='bbox 561 2165 657 2220; x_wconf 87' lang='lat' dir='ltr'><strong>per</strong></span> <span class='ocrx_word' id='word_1_148' title='bbox 694 2163 853 2218; x_wconf 91' lang='lat' dir='ltr'><strong>quem</strong></span> <span class='ocrx_word' id='word_1_149' title='bbox 886 2145 1073 2200; x_wconf 88' lang='lat' dir='ltr'><strong>mundi</strong></span> <span class='ocrx_word' id='word_1_150' title='bbox 1120 2143 1387 2212; x_wconf 88' lang='lat' dir='ltr'><strong>sapientia</strong></span> <span class='ocrx_word' id='word_1_151' title='bbox 1431 2140 1693 2196; x_wconf 86' lang='lat' dir='ltr'><strong>infatuata</strong></span> <span class='ocrx_word' id='word_1_152' title='bbox 1730 2151 1834 2205; x_wconf 90' lang='lat' dir='ltr'><strong>est,</strong></span> <span class='ocrx_word' id='word_1_153' title='bbox 1869 2142 2129 2211; x_wconf 91' lang='lat' dir='ltr'><strong>orbisque</strong></span> 
     </span>
    </p>
   </div>
   <div class='ocr_carea' id='block_1_24' title="bbox 563 2232 2127 2307">
    <p class='ocr_par' dir='ltr' id='par_1_24' title="bbox 563 2232 2127 2307">
     <span class='ocr_line' id='line_1_24' title="bbox 563 2232 2127 2307; baseline -0.006 -12"><span class='ocrx_word' id='word_1_154' title='bbox 563 2242 697 2294; x_wconf 85' lang='lat' dir='ltr'><strong>fines</strong></span> <span class='ocrx_word' id='word_1_155' title='bbox 733 2237 936 2307; x_wconf 86' lang='lat' dir='ltr'><strong>impleti</strong></span> <span class='ocrx_word' id='word_1_156' title='bbox 973 2243 1100 2290; x_wconf 89' lang='lat' dir='ltr'><strong>sunt</strong></span> <span class='ocrx_word' id='word_1_157' title='bbox 1148 2232 1412 2302; x_wconf 88' lang='lat' dir='ltr'><strong>sapientia</strong></span> <span class='ocrx_word' id='word_1_158' title='bbox 1448 2251 1460 2285; x_wconf 88' lang='lat'>:</span> <span class='ocrx_word' id='word_1_159' title='bbox 1492 2232 1808 2287; x_wconf 85' lang='lat' dir='ltr'><strong>oratoribus</strong></span> <span class='ocrx_word' id='word_1_160' title='bbox 1848 2247 1912 2287; x_wconf 89' lang='lat' dir='ltr'><strong>ac</strong></span> <span class='ocrx_word' id='word_1_161' title='bbox 1950 2234 2127 2301; x_wconf 83' lang='lat' dir='ltr'><strong>scphi-</strong></span> 
     </span>
    </p>
   </div>
   <div class='ocr_carea' id='block_1_25' title="bbox 561 2323 2127 2400">
    <p class='ocr_par' dir='ltr' id='par_1_25' title="bbox 561 2323 2127 2400">
     <span class='ocr_line' id='line_1_25' title="bbox 561 2323 2127 2400; baseline -0.006 -13"><span class='ocrx_word' id='word_1_162' title='bbox 561 2333 660 2387; x_wconf 90' lang='lat' dir='ltr'><strong>stis</strong></span> <span class='ocrx_word' id='word_1_163' title='bbox 689 2326 1042 2400; x_wconf 87' lang='lat' dir='ltr'><strong>proculcatis,</strong></span> <span class='ocrx_word' id='word_1_164' title='bbox 1070 2323 1298 2381; x_wconf 79' lang='lat' dir='ltr'><strong>Joannis</strong></span> <span class='ocrx_word' id='word_1_165' title='bbox 1339 2333 1520 2379; x_wconf 91' lang='lat' dir='ltr'><strong>autem</strong></span> <span class='ocrx_word' id='word_1_166' title='bbox 1568 2323 1883 2379; x_wconf 90' lang='lat' dir='ltr'><strong>dominante</strong></span> <span class='ocrx_word' id='word_1_167' title='bbox 1917 2325 2127 2380; x_wconf 88' lang='lat' dir='ltr'><strong>theolo-</strong></span> 
     </span>
    </p>
   </div>
   <div class='ocr_carea' id='block_1_26' title="bbox 560 2416 2126 2491">
    <p class='ocr_par' dir='ltr' id='par_1_26' title="bbox 560 2416 2126 2491">
     <span class='ocr_line' id='line_1_26' title="bbox 560 2416 2126 2491; baseline 0 -18"><span class='ocrx_word' id='word_1_168' title='bbox 560 2423 670 2491; x_wconf 80' lang='lat' dir='ltr'><strong>gia.</strong></span> <span class='ocrx_word' id='word_1_169' title='bbox 713 2419 1098 2475; x_wconf 81' lang='lat' dir='ltr'><strong>Verumtamen</strong></span> <span class='ocrx_word' id='word_1_170' title='bbox 1146 2417 1337 2471; x_wconf 87' lang='lat' dir='ltr'><strong>nescio</strong></span> <span class='ocrx_word' id='word_1_171' title='bbox 1388 2416 1518 2486; x_wconf 86' lang='lat' dir='ltr'><strong>quid</strong></span> <span class='ocrx_word' id='word_1_172' title='bbox 1569 2431 1670 2488; x_wconf 84' lang='lat' dir='ltr'><strong>ego</strong></span> <span class='ocrx_word' id='word_1_173' title='bbox 1711 2418 1934 2488; x_wconf 88' lang='lat' dir='ltr'><strong>dignum</strong></span> <span class='ocrx_word' id='word_1_174' title='bbox 1983 2419 2126 2473; x_wconf 76' lang='lat' dir='ltr'><strong>celsa</strong></span> 
     </span>
    </p>
   </div>
   <div class='ocr_carea' id='block_1_27' title="bbox 563 2508 2128 2579">
    <p class='ocr_par' dir='ltr' id='par_1_27' title="bbox 563 2508 2128 2579">
     <span class='ocr_line' id='line_1_27' title="bbox 563 2508 2128 2579; baseline 0 -15"><span class='ocrx_word' id='word_1_175' title='bbox 563 2514 698 2566; x_wconf 83' lang='lat' dir='ltr'><strong>adeo</strong></span> <span class='ocrx_word' id='word_1_176' title='bbox 743 2508 983 2579; x_wconf 82' lang='lat' dir='ltr'><strong>Apostoli</strong></span> <span class='ocrx_word' id='word_1_177' title='bbox 1022 2508 1397 2579; x_wconf 81' lang='lat' dir='ltr'><strong>magnitudine</strong></span> <span class='ocrx_word' id='word_1_178' title='bbox 1435 2509 1634 2572; x_wconf 90' lang='lat' dir='ltr'><strong>dicam,</strong></span> <span class='ocrx_word' id='word_1_179' title='bbox 1687 2510 1789 2562; x_wconf 89' lang='lat' dir='ltr'><strong>nisi</strong></span> <span class='ocrx_word' id='word_1_180' title='bbox 1835 2510 2014 2578; x_wconf 91' lang='lat' dir='ltr'><strong>potius</strong></span> <span class='ocrx_word' id='word_1_181' title='bbox 2063 2511 2128 2565; x_wconf 93' lang='lat' dir='ltr'><strong>iis</strong></span> 
     </span>
    </p>
   </div>
   <div class='ocr_carea' id='block_1_28' title="bbox 562 2599 2129 2672">
    <p class='ocr_par' dir='ltr' id='par_1_28' title="bbox 562 2599 2129 2672">
     <span class='ocr_line' id='line_1_28' title="bbox 562 2599 2129 2672; baseline -0.001 -15"><span class='ocrx_word' id='word_1_182' title='bbox 562 2603 752 2657; x_wconf 79' lang='lat' dir='ltr'><strong>cedam</strong></span> <span class='ocrx_word' id='word_1_183' title='bbox 782 2603 876 2672; x_wconf 88' lang='lat' dir='ltr'><strong>qni</strong></span> <span class='ocrx_word' id='word_1_184' title='bbox 908 2616 1099 2656; x_wconf 90' lang='lat' dir='ltr'><strong>sacras</strong></span> <span class='ocrx_word' id='word_1_185' title='bbox 1127 2599 1249 2670; x_wconf 88' lang='lat' dir='ltr'><strong>ejus</strong></span> <span class='ocrx_word' id='word_1_186' title='bbox 1291 2599 1482 2655; x_wconf 87' lang='lat' dir='ltr'><strong>Iaudes</strong></span> <span class='ocrx_word' id='word_1_187' title='bbox 1516 2599 1701 2654; x_wconf 89' lang='lat' dir='ltr'><strong>divino</strong></span> <span class='ocrx_word' id='word_1_188' title='bbox 1736 2611 1861 2654; x_wconf 89' lang='lat' dir='ltr'><strong>ante</strong></span> <span class='ocrx_word' id='word_1_189' title='bbox 1908 2615 1995 2655; x_wconf 89' lang='lat' dir='ltr'><strong>me</strong></span> <span class='ocrx_word' id='word_1_190' title='bbox 2033 2616 2129 2655; x_wconf 89' lang='lat' dir='ltr'><strong>ore</strong></span> 
     </span>
    </p>
   </div>
   <div class='ocr_carea' id='block_1_29' title="bbox 562 2694 926 2750">
    <p class='ocr_par' dir='ltr' id='par_1_29' title="bbox 562 2694 926 2750">
     <span class='ocr_line' id='line_1_29' title="bbox 562 2694 926 2750; baseline -0.014 -1"><span class='ocrx_word' id='word_1_191' title='bbox 562 2694 926 2750; x_wconf 89' lang='lat' dir='ltr'><strong>celebrarunt.</strong></span> 
     </span>
    </p>
   </div>
   <div class='ocr_carea' id='block_1_30' title="bbox 633 2781 2126 2854">
    <p class='ocr_par' dir='ltr' id='par_1_30' title="bbox 633 2781 2126 2854">
     <span class='ocr_line' id='line_1_30' title="bbox 633 2781 2126 2854; baseline -0.003 -14"><span class='ocrx_word' id='word_1_192' title='bbox 633 2785 721 2840; x_wconf 78' lang='grc'><strong>10.</strong></span> <span class='ocrx_word' id='word_1_193' title='bbox 763 2787 831 2838; x_wconf 84' lang='lat' dir='ltr'><strong>At</strong></span> <span class='ocrx_word' id='word_1_194' title='bbox 864 2798 993 2838; x_wconf 88' lang='lat' dir='ltr'><strong>vero</strong></span> <span class='ocrx_word' id='word_1_195' title='bbox 1025 2783 1153 2854; x_wconf 78' lang='lat' dir='ltr'><strong>quid</strong></span> <span class='ocrx_word' id='word_1_196' title='bbox 1180 2782 1310 2838; x_wconf 88' lang='lat' dir='ltr'><strong>illud</strong></span> <span class='ocrx_word' id='word_1_197' title='bbox 1346 2783 1650 2851; x_wconf 73' lang='lat' dir='ltr'><strong>signiﬁcat?</strong></span> <span class='ocrx_word' id='word_1_198' title='bbox 1676 2781 1830 2837; x_wconf 79' lang='lat' dir='ltr'><strong>Iesus</strong></span> <span class='ocrx_word' id='word_1_199' title='bbox 1859 2800 1980 2853; x_wconf 86' lang='lat' dir='ltr'><strong>ergo</strong></span> <span class='ocrx_word' id='word_1_200' title='bbox 2010 2800 2126 2836; x_wconf 88' lang='lat' dir='ltr'><strong>cum</strong></span> 
     </span>
    </p>
   </div>
   <div class='ocr_carea' id='block_1_31' title="bbox 565 2874 2127 2944">
    <p class='ocr_par' dir='ltr' id='par_1_31' title="bbox 565 2874 2127 2944">
     <span class='ocr_line' id='line_1_31' title="bbox 565 2874 2127 2944; baseline -0.002 -13"><span class='ocrx_word' id='word_1_201' title='bbox 565 2877 774 2931; x_wconf 80' lang='lat' dir='ltr'><strong>vidisset</strong></span> <span class='ocrx_word' id='word_1_202' title='bbox 809 2889 1034 2929; x_wconf 80' lang='lat' dir='ltr'><strong>matrem</strong></span> <span class='ocrx_word' id='word_1_203' title='bbox 1090 2883 1136 2928; x_wconf 88' lang='lat' dir='ltr'><strong>et</strong></span> <span class='ocrx_word' id='word_1_204' title='bbox 1159 2874 1475 2942; x_wconf 87' lang='lat' dir='ltr'><strong>discipulum</strong></span> <span class='ocrx_word' id='word_1_205' title='bbox 1521 2883 1772 2939; x_wconf 80' lang='lat' dir='ltr'><strong>stantem,</strong></span> <span class='ocrx_word' id='word_1_206' title='bbox 1802 2891 1952 2944; x_wconf 87' lang='lat' dir='ltr'><strong>quem</strong></span> <span class='ocrx_word' id='word_1_207' title='bbox 1998 2875 2127 2929; x_wconf 79' lang='lat' dir='ltr'><strong>dili-</strong></span> 
     </span>
    </p>
   </div>
   <div class='ocr_carea' id='block_1_32' title="bbox 563 2964 2126 3039">
    <p class='ocr_par' dir='ltr' id='par_1_32' title="bbox 563 2964 2126 3039">
     <span class='ocr_line' id='line_1_32' title="bbox 563 2964 2126 3039; baseline -0.001 -17"><span class='ocrx_word' id='word_1_208' title='bbox 563 2969 734 3039; x_wconf 86' lang='lat' dir='ltr'><strong>gebat,</strong></span> <span class='ocrx_word' id='word_1_209' title='bbox 783 2968 912 3020; x_wconf 81' lang='lat' dir='ltr'><strong>dicit</strong></span> <span class='ocrx_word' id='word_1_210' title='bbox 967 2966 1128 3018; x_wconf 86' lang='lat' dir='ltr'><strong>mutri</strong></span> <span class='ocrx_word' id='word_1_211' title='bbox 1171 2964 1569 3030; x_wconf 72' lang='lat' dir='ltr'><strong>suaz:Mulier,</strong></span> <span class='ocrx_word' id='word_1_212' title='bbox 1624 2982 1738 3019; x_wconf 87' lang='lat' dir='ltr'><strong>ecce</strong></span> <span class='ocrx_word' id='word_1_213' title='bbox 1789 2967 1934 3033; x_wconf 81' lang='lat' dir='ltr'><strong>ﬁlius</strong></span> <span class='ocrx_word' id='word_1_214' title='bbox 1983 2976 2126 3021; x_wconf 82' lang='lat' dir='ltr'><strong>tuus.</strong></span> 
     </span>
    </p>
   </div>
   <div class='ocr_carea' id='block_1_33' title="bbox 563 3053 2129 3124">
    <p class='ocr_par' dir='ltr' id='par_1_33' title="bbox 563 3053 2129 3124">
     <span class='ocr_line' id='line_1_33' title="bbox 563 3053 2129 3124; baseline 0 -14"><span class='ocrx_word' id='word_1_215' title='bbox 563 3057 762 3111; x_wconf 82' lang='lat' dir='ltr'><strong>Deinde</strong></span> <span class='ocrx_word' id='word_1_216' title='bbox 803 3056 932 3109; x_wconf 88' lang='lat' dir='ltr'><strong>dicit</strong></span> <span class='ocrx_word' id='word_1_217' title='bbox 953 3055 1209 3124; x_wconf 81' lang='lat' dir='ltr'><strong>discipulo</strong></span> <span class='ocrx_word' id='word_1_218' title='bbox 1240 3073 1253 3108; x_wconf 90' lang='lat'><strong>:</strong></span> <span class='ocrx_word' id='word_1_219' title='bbox 1285 3053 1415 3108; x_wconf 83' lang='lat' dir='ltr'><strong>Ecce</strong></span> <span class='ocrx_word' id='word_1_220' title='bbox 1438 3065 1604 3109; x_wconf 87' lang='lat' dir='ltr'><strong>mater</strong></span> <span class='ocrx_word' id='word_1_221' title='bbox 1649 3065 1761 3110; x_wconf 88' lang='lat' dir='ltr'><strong>tua.</strong></span> <span class='ocrx_word' id='word_1_222' title='bbox 1809 3053 1877 3108; x_wconf 83' lang='lat' dir='ltr'><strong>Et</strong></span> <span class='ocrx_word' id='word_1_223' title='bbox 1917 3072 1981 3110; x_wconf 74' lang='lat' dir='ltr'><strong>ex</strong></span> <span class='ocrx_word' id='word_1_224' title='bbox 2034 3056 2129 3110; x_wconf 85' lang='lat' dir='ltr'><strong>illa</strong></span> 
     </span>
    </p>
   </div>
   <div class='ocr_carea' id='block_1_34' title="bbox 2223 585 3782 670">
    <p class='ocr_par' dir='ltr' id='par_1_34' title="bbox 2223 585 3782 670">
     <span class='ocr_line' id='line_1_34' title="bbox 2223 585 3782 670; baseline -0.006 -24"><span class='ocrx_word' id='word_1_225' title='bbox 2223 593 2334 670; x_wconf 83' lang='grc' dir='ltr'>τοῖς</span> <span class='ocrx_word' id='word_1_226' title='bbox 2379 591 2544 662; x_wconf 80' lang='grc' dir='ltr'>ἄμφω</span> <span class='ocrx_word' id='word_1_227' title='bbox 2574 593 2796 662; x_wconf 77' lang='grc' dir='ltr'><strong>κόσμοις</strong></span> <span class='ocrx_word' id='word_1_228' title='bbox 2820 591 3279 658; x_wconf 87' lang='grc' dir='ltr'>ἀκατονόμαστον,</span> <span class='ocrx_word' id='word_1_229' title='bbox 3311 585 3401 638; x_wconf 78' lang='grc' dir='ltr'>διὰ</span> <span class='ocrx_word' id='word_1_230' title='bbox 3449 585 3541 639; x_wconf 76' lang='grc' dir='ltr'><strong>τοῦ</strong></span> <span class='ocrx_word' id='word_1_231' title='bbox 3590 587 3782 650; x_wconf 78' lang='grc' dir='ltr'>εἰπεῖν,</span> 
     </span>
    </p>
   </div>
   <div class='ocr_carea' id='block_1_35' title="bbox 2225 681 3786 755">
    <p class='ocr_par' dir='ltr' id='par_1_35' title="bbox 2225 681 3786 755">
     <span class='ocr_line' id='line_1_35' title="bbox 2225 681 3786 755; baseline -0.002 -16"><span class='ocrx_word' id='word_1_232' title='bbox 2225 685 2427 739; x_wconf 79' lang='grc' dir='ltr'>Πάντα</span> <span class='ocrx_word' id='word_1_233' title='bbox 2455 686 2530 739; x_wconf 80' lang='grc' dir='ltr'>δι’</span> <span class='ocrx_word' id='word_1_234' title='bbox 2557 686 2745 740; x_wconf 88' lang='grc' dir='ltr'>αὑτοῦ</span> <span class='ocrx_word' id='word_1_235' title='bbox 2784 686 3041 755; x_wconf 79' lang='grc' dir='ltr'>ἐγένετο,</span> <span class='ocrx_word' id='word_1_236' title='bbox 3079 683 3179 738; x_wconf 78' lang='grc' dir='ltr'><strong>καί</strong></span> <span class='ocrx_word' id='word_1_237' title='bbox 3220 683 3399 752; x_wconf 81' lang='grc' dir='ltr'>χωρίς</span> <span class='ocrx_word' id='word_1_238' title='bbox 3425 681 3615 735; x_wconf 82' lang='grc' dir='ltr'>αὑτοῦ</span> <span class='ocrx_word' id='word_1_239' title='bbox 3663 681 3786 751; x_wconf 78' lang='grc' dir='ltr'><strong>ἐτέ-</strong></span> 
     </span>
    </p>
   </div>
   <div class='ocr_carea' id='block_1_36' title="bbox 2224 774 3788 848">
    <p class='ocr_par' dir='ltr' id='par_1_36' title="bbox 2224 774 3788 848">
     <span class='ocr_line' id='line_1_36' title="bbox 2224 774 3788 848; baseline -0.002 -17"><span class='ocrx_word' id='word_1_240' title='bbox 2224 794 2360 833; x_wconf 79' lang='grc' dir='ltr'>νετο</span> <span class='ocrx_word' id='word_1_241' title='bbox 2387 779 2567 833; x_wconf 81' lang='grc' dir='ltr'>οὐδὲν</span> <span class='ocrx_word' id='word_1_242' title='bbox 2599 779 2631 832; x_wconf 81' lang='grc' dir='ltr'><strong>ὃ</strong></span> <span class='ocrx_word' id='word_1_243' title='bbox 2655 778 2923 848; x_wconf 75' lang='grc' dir='ltr'>γέγονεν,</span> <span class='ocrx_word' id='word_1_244' title='bbox 2953 775 3347 845; x_wconf 81' lang='grc' dir='ltr'><strong>συνεκδοχικῶς</strong></span> <span class='ocrx_word' id='word_1_245' title='bbox 3372 774 3753 844; x_wconf 82' lang='grc' dir='ltr'><strong>παρεδήλωσεν</strong></span> <span class='ocrx_word' id='word_1_246' title='bbox 3775 788 3788 804; x_wconf 78' lang='grc'><strong><em>⁸</em></strong></span> 
     </span>
    </p>
   </div>
   <div class='ocr_carea' id='block_1_37' title="bbox 2224 868 3787 940">
    <p class='ocr_par' dir='ltr' id='par_1_37' title="bbox 2224 868 3787 940">
     <span class='ocr_line' id='line_1_37' title="bbox 2224 868 3787 940; baseline 0 -18"><span class='ocrx_word' id='word_1_247' title='bbox 2224 870 2276 922; x_wconf 88' lang='grc' dir='ltr'><strong>τί</strong></span> <span class='ocrx_word' id='word_1_248' title='bbox 2306 870 2414 940; x_wconf 84' lang='grc' dir='ltr'>γὰρ</span> <span class='ocrx_word' id='word_1_249' title='bbox 2436 869 2516 923; x_wconf 85' lang='grc' dir='ltr'>δεῖ</span> <span class='ocrx_word' id='word_1_250' title='bbox 2557 871 2715 924; x_wconf 84' lang='grc' dir='ltr'>πλέον</span> <span class='ocrx_word' id='word_1_251' title='bbox 2743 871 3117 940; x_wconf 83' lang='grc' dir='ltr'>περιττοεπεῖν</span> <span class='ocrx_word' id='word_1_252' title='bbox 3147 872 3258 930; x_wconf 76' lang='grc' dir='ltr'>τοῖς</span> <span class='ocrx_word' id='word_1_253' title='bbox 3308 868 3589 937; x_wconf 84' lang='grc' dir='ltr'>θεοφόροις</span> <span class='ocrx_word' id='word_1_254' title='bbox 3645 869 3787 922; x_wconf 85' lang='grc' dir='ltr'><strong>κατά</strong></span> 
     </span>
    </p>
   </div>
   <div class='ocr_carea' id='block_1_38' title="bbox 2225 960 3791 1033">
    <p class='ocr_par' dir='ltr' id='par_1_38' title="bbox 2225 960 3791 1033">
     <span class='ocr_line' id='line_1_38' title="bbox 2225 960 3791 1033; baseline -0.002 -17"><span class='ocrx_word' id='word_1_255' title='bbox 2225 962 2368 1028; x_wconf 79' lang='grc' dir='ltr'>λέξιν</span> <span class='ocrx_word' id='word_1_256' title='bbox 2415 964 2595 1033; x_wconf 80' lang='grc' dir='ltr'>πάσης</span> <span class='ocrx_word' id='word_1_257' title='bbox 2639 964 2736 1031; x_wconf 85' lang='grc' dir='ltr'>τῆς</span> <span class='ocrx_word' id='word_1_258' title='bbox 2766 963 3054 1030; x_wconf 87' lang='grc' dir='ltr'>θεολογίας·</span> <span class='ocrx_word' id='word_1_259' title='bbox 3084 961 3549 1015; x_wconf 80' lang='grc' dir='ltr'>ὲνθεαστικώτατα</span> <span class='ocrx_word' id='word_1_260' title='bbox 3599 960 3791 1028; x_wconf 64' lang='grc' dir='ltr'>ὲξηταυ</span> 
     </span>
    </p>
   </div>
   <div class='ocr_carea' id='block_1_39' title="bbox 2228 1051 3789 1127">
    <p class='ocr_par' dir='ltr' id='par_1_39' title="bbox 2228 1051 3789 1127">
     <span class='ocr_line' id='line_1_39' title="bbox 2228 1051 3789 1127; baseline 0 -18"><span class='ocrx_word' id='word_1_261' title='bbox 2228 1057 2467 1126; x_wconf 84' lang='grc' dir='ltr'>σμένοις,</span> <span class='ocrx_word' id='word_1_262' title='bbox 2518 1058 2646 1127; x_wconf 86' lang='grc' dir='ltr'>παρ’</span> <span class='ocrx_word' id='word_1_263' title='bbox 2679 1051 2754 1110; x_wconf 80' lang='grc' dir='ltr'>ὧν</span> <span class='ocrx_word' id='word_1_264' title='bbox 2815 1057 2911 1110; x_wconf 77' lang='grc' dir='ltr'><strong>καὶ</strong></span> <span class='ocrx_word' id='word_1_265' title='bbox 2969 1059 3103 1127; x_wconf 80' lang='grc' dir='ltr'>ἡμῖν</span> <span class='ocrx_word' id='word_1_266' title='bbox 3138 1058 3249 1119; x_wconf 79' lang='grc' dir='ltr'>τοῖς</span> <span class='ocrx_word' id='word_1_267' title='bbox 3311 1053 3570 1117; x_wconf 84' lang='grc' dir='ltr'>κυνιδίοις</span> <span class='ocrx_word' id='word_1_268' title='bbox 3625 1055 3789 1109; x_wconf 72' lang='grc' dir='ltr'>οἱονεὶ</span> 
     </span>
    </p>
   </div>
   <div class='ocr_carea' id='block_1_40' title="bbox 2224 1146 3790 1220">
    <p class='ocr_par' dir='ltr' id='par_1_40' title="bbox 2224 1146 3790 1220">
     <span class='ocr_line' id='line_1_40' title="bbox 2224 1146 3790 1220; baseline 0.001 -22"><span class='ocrx_word' id='word_1_269' title='bbox 2224 1147 2489 1220; x_wconf 72' lang='grc' dir='ltr'>ψιχιὼδης</span> <span class='ocrx_word' id='word_1_270' title='bbox 2516 1147 2842 1218; x_wconf 85' lang='grc' dir='ltr'>συνεισφορά</span> <span class='ocrx_word' id='word_1_271' title='bbox 2885 1147 2980 1200; x_wconf 81' lang='grc' dir='ltr'>τοῦ</span> <span class='ocrx_word' id='word_1_272' title='bbox 3006 1147 3165 1216; x_wconf 84' lang='grc' dir='ltr'>λόγου</span> <span class='ocrx_word' id='word_1_273' title='bbox 3193 1166 3205 1206; x_wconf 84' lang='lat'><strong>;</strong></span> <span class='ocrx_word' id='word_1_274' title='bbox 3235 1148 3298 1200; x_wconf 85' lang='grc' dir='ltr'>Ὢ</span> <span class='ocrx_word' id='word_1_275' title='bbox 3325 1146 3602 1214; x_wconf 84' lang='grc' dir='ltr'>θεολογίας</span> <span class='ocrx_word' id='word_1_276' title='bbox 3622 1163 3790 1218; x_wconf 83' lang='grc' dir='ltr'>γεγω-</span> 
     </span>
    </p>
   </div>
   <div class='ocr_carea' id='block_1_41' title="bbox 2227 1237 3794 1310">
    <p class='ocr_par' dir='ltr' id='par_1_41' title="bbox 2227 1237 3794 1310">
     <span class='ocr_line' id='line_1_41' title="bbox 2227 1237 3794 1310; baseline 0.001 -17"><span class='ocrx_word' id='word_1_277' title='bbox 2227 1240 2442 1310; x_wconf 85' lang='grc' dir='ltr'>νότερον</span> <span class='ocrx_word' id='word_1_278' title='bbox 2470 1237 2698 1309; x_wconf 82' lang='grc' dir='ltr'>βροντῆς</span> <span class='ocrx_word' id='word_1_279' title='bbox 2725 1239 3007 1310; x_wconf 81' lang='grc' dir='ltr'>ὴχησάσης</span> <span class='ocrx_word' id='word_1_280' title='bbox 3056 1238 3124 1291; x_wconf 70' lang='grc' dir='ltr'>τὰ</span> <span class='ocrx_word' id='word_1_281' title='bbox 3166 1239 3392 1310; x_wconf 77' lang='grc' dir='ltr'>οὐράνια</span> <span class='ocrx_word' id='word_1_282' title='bbox 3443 1239 3687 1307; x_wconf 82' lang='grc' dir='ltr'><strong>δόγματα</strong></span> <span class='ocrx_word' id='word_1_283' title='bbox 3713 1241 3726 1293; x_wconf 85' lang='lat' dir='ltr'><strong>l</strong></span> <span class='ocrx_word' id='word_1_284' title='bbox 3749 1240 3794 1294; x_wconf 84' lang='grc' dir='ltr'><strong>ὣ</strong></span> 
     </span>
    </p>
   </div>
   <div class='ocr_carea' id='block_1_42' title="bbox 2227 1319 3793 1402">
    <p class='ocr_par' dir='ltr' id='par_1_42' title="bbox 2227 1319 3793 1402">
     <span class='ocr_line' id='line_1_42' title="bbox 2227 1319 3793 1402; baseline 0 -18"><span class='ocrx_word' id='word_1_285' title='bbox 2227 1331 2613 1402; x_wconf 85' lang='grc' dir='ltr'>περιφράσεως</span> <span class='ocrx_word' id='word_1_286' title='bbox 2650 1331 2976 1401; x_wconf 83' lang='grc' dir='ltr'>γοργότερον</span> <span class='ocrx_word' id='word_1_287' title='bbox 3001 1331 3285 1400; x_wconf 77' lang='grc' dir='ltr'>ἀστραπῆς</span> <span class='ocrx_word' id='word_1_288' title='bbox 3315 1330 3654 1400; x_wconf 76' lang='grc' dir='ltr'>ἐπελθούσης</span> <span class='ocrx_word' id='word_1_289' title='bbox 3675 1319 3793 1396; x_wconf 49' lang='grc' dir='ltr'>’τοῖς</span> 
     </span>
    </p>
   </div>
   <div class='ocr_carea' id='block_1_43' title="bbox 2231 1418 3796 1492">
    <p class='ocr_par' dir='ltr' id='par_1_43' title="bbox 2231 1418 3796 1492">
     <span class='ocr_line' id='line_1_43' title="bbox 2231 1418 3796 1492; baseline 0.001 -19"><span class='ocrx_word' id='word_1_290' title='bbox 2231 1420 2509 1492; x_wconf 83' lang='grc' dir='ltr'>σύμπασιν</span> <span class='ocrx_word' id='word_1_291' title='bbox 2535 1461 2546 1474; x_wconf 94' lang='grc'><strong>.</strong></span> <span class='ocrx_word' id='word_1_292' title='bbox 2591 1420 3047 1489; x_wconf 81' lang='grc' dir='ltr'>Ἐθαυμαστώθη</span> <span class='ocrx_word' id='word_1_293' title='bbox 3066 1421 3102 1486; x_wconf 81' lang='grc' dir='ltr'><strong><em>ἠ</em></strong></span> <span class='ocrx_word' id='word_1_294' title='bbox 3127 1418 3349 1488; x_wconf 77' lang='grc' dir='ltr'>γνῶσίς</span> <span class='ocrx_word' id='word_1_295' title='bbox 3377 1434 3492 1474; x_wconf 87' lang='grc' dir='ltr'><strong>σου</strong></span> <span class='ocrx_word' id='word_1_296' title='bbox 3511 1420 3580 1484; x_wconf 79' lang='grc' dir='ltr'><strong>ἐξ</strong></span> <span class='ocrx_word' id='word_1_297' title='bbox 3599 1421 3744 1488; x_wconf 81' lang='grc' dir='ltr'>ἐμοῦ</span> <span class='ocrx_word' id='word_1_298' title='bbox 3775 1422 3796 1474; x_wconf 91' lang='lat'><strong>.&#39;</strong></span> 
     </span>
    </p>
   </div>
   <div class='ocr_carea' id='block_1_44' title="bbox 2227 1512 3791 1583">
    <p class='ocr_par' dir='ltr' id='par_1_44' title="bbox 2227 1512 3791 1583">
     <span class='ocr_line' id='line_1_44' title="bbox 2227 1512 3791 1583; baseline -0.001 -17"><span class='ocrx_word' id='word_1_299' title='bbox 2227 1514 2321 1566; x_wconf 76' lang='grc' dir='ltr'><strong>καὶ</strong></span> <span class='ocrx_word' id='word_1_300' title='bbox 2355 1513 2492 1583; x_wconf 83' lang='grc' dir='ltr'>πρὸς</span> <span class='ocrx_word' id='word_1_301' title='bbox 2553 1512 2798 1580; x_wconf 78' lang='grc' dir='ltr'>Ἰωάννην</span> <span class='ocrx_word' id='word_1_302' title='bbox 2833 1513 2909 1575; x_wconf 86' lang='grc' dir='ltr'>ὼς</span> <span class='ocrx_word' id='word_1_303' title='bbox 2959 1512 3253 1567; x_wconf 76' lang='grc' dir='ltr'>θεοείκελον</span> <span class='ocrx_word' id='word_1_304' title='bbox 3300 1512 3505 1580; x_wconf 83' lang='grc' dir='ltr'>λεγέτω</span> <span class='ocrx_word' id='word_1_305' title='bbox 3536 1513 3648 1576; x_wconf 78' lang='grc' dir='ltr'>πᾶς</span> <span class='ocrx_word' id='word_1_306' title='bbox 3686 1529 3791 1578; x_wconf 84' lang='grc' dir='ltr'>τις,</span> 
     </span>
    </p>
   </div>
   <div class='ocr_carea' id='block_1_45' title="bbox 2224 1599 3795 1676">
    <p class='ocr_par' dir='ltr' id='par_1_45' title="bbox 2224 1599 3795 1676">
     <span class='ocr_line' id='line_1_45' title="bbox 2224 1599 3795 1676; baseline 0.001 -19"><span class='ocrx_word' id='word_1_307' title='bbox 2224 1604 2316 1658; x_wconf 80' lang='grc' dir='ltr'>τὸν</span> <span class='ocrx_word' id='word_1_308' title='bbox 2380 1604 2741 1676; x_wconf 85' lang='grc' dir='ltr'>περιλαϐόντα</span> <span class='ocrx_word' id='word_1_309' title='bbox 2797 1603 2857 1657; x_wconf 77' lang='grc' dir='ltr'>τὸ</span> <span class='ocrx_word' id='word_1_310' title='bbox 2925 1599 3083 1676; x_wconf 81' lang='grc' dir='ltr'>εὖρος</span> <span class='ocrx_word' id='word_1_311' title='bbox 3129 1605 3229 1674; x_wconf 85' lang='grc' dir='ltr'>τῆς</span> <span class='ocrx_word' id='word_1_312' title='bbox 3261 1605 3351 1656; x_wconf 83' lang='grc' dir='ltr'>ὑπ’</span> <span class='ocrx_word' id='word_1_313' title='bbox 3413 1604 3638 1674; x_wconf 69' lang='grc' dir='ltr'>ούρανὸν</span> <span class='ocrx_word' id='word_1_314' title='bbox 3684 1609 3795 1669; x_wconf 76' lang='grc' dir='ltr'>τοῖς</span> 
     </span>
    </p>
   </div>
   <div class='ocr_carea' id='block_1_46' title="bbox 2227 1695 3798 1767">
    <p class='ocr_par' dir='ltr' id='par_1_46' title="bbox 2227 1695 3798 1767">
     <span class='ocr_line' id='line_1_46' title="bbox 2227 1695 3798 1767; baseline 0.002 -19"><span class='ocrx_word' id='word_1_315' title='bbox 2227 1695 2566 1767; x_wconf 73' lang='grc' dir='ltr'>κηρύγμασι,</span> <span class='ocrx_word' id='word_1_316' title='bbox 2611 1696 2701 1748; x_wconf 84' lang='grc' dir='ltr'><strong>τὸν</strong></span> <span class='ocrx_word' id='word_1_317' title='bbox 2731 1697 2787 1748; x_wconf 82' lang='grc' dir='ltr'>ὲν</span> <span class='ocrx_word' id='word_1_318' title='bbox 2819 1696 3020 1766; x_wconf 86' lang='grc' dir='ltr'>ἴχνεσιν</span> <span class='ocrx_word' id='word_1_319' title='bbox 3050 1696 3292 1750; x_wconf 89' lang='grc' dir='ltr'>ἀϐύσσου</span> <span class='ocrx_word' id='word_1_320' title='bbox 3333 1695 3524 1764; x_wconf 88' lang='grc' dir='ltr'>σοφίας</span> <span class='ocrx_word' id='word_1_321' title='bbox 3558 1697 3798 1766; x_wconf 72' lang='grc' dir='ltr'>περιπαέ</span> 
     </span>
    </p>
   </div>
   <div class='ocr_carea' id='block_1_47' title="bbox 2227 1779 3798 1857">
    <p class='ocr_par' dir='ltr' id='par_1_47' title="bbox 2227 1779 3798 1857">
     <span class='ocr_line' id='line_1_47' title="bbox 2227 1779 3798 1857; baseline 0.001 -19"><span class='ocrx_word' id='word_1_322' title='bbox 2227 1788 2466 1856; x_wconf 88' lang='grc' dir='ltr'>τήσαντα</span> <span class='ocrx_word' id='word_1_323' title='bbox 2509 1789 2621 1849; x_wconf 83' lang='grc' dir='ltr'>τοῖς</span> <span class='ocrx_word' id='word_1_324' title='bbox 2668 1786 3047 1856; x_wconf 80' lang='grc' dir='ltr'>ἐνθυμήμασιν</span> <span class='ocrx_word' id='word_1_325' title='bbox 3079 1804 3092 1817; x_wconf 88' lang='grc'><strong>·</strong></span> <span class='ocrx_word' id='word_1_326' title='bbox 3158 1788 3224 1838; x_wconf 84' lang='grc' dir='ltr'>δι’</span> <span class='ocrx_word' id='word_1_327' title='bbox 3253 1779 3316 1839; x_wconf 74' lang='grc' dir='ltr'><strong>οὗ</strong></span> <span class='ocrx_word' id='word_1_328' title='bbox 3346 1787 3510 1839; x_wconf 87' lang='grc' dir='ltr'>πύλαι</span> <span class='ocrx_word' id='word_1_329' title='bbox 3546 1786 3674 1857; x_wconf 77' lang='grc' dir='ltr'>ᾅδου</span> <span class='ocrx_word' id='word_1_330' title='bbox 3701 1804 3798 1840; x_wconf 84' lang='grc' dir='ltr'>κα-</span> 
     </span>
    </p>
   </div>
   <div class='ocr_carea' id='block_1_48' title="bbox 2227 1877 3798 1950">
    <p class='ocr_par' dir='ltr' id='par_1_48' title="bbox 2227 1877 3798 1950">
     <span class='ocr_line' id='line_1_48' title="bbox 2227 1877 3798 1950; baseline 0.001 -19"><span class='ocrx_word' id='word_1_331' title='bbox 2227 1882 2527 1950; x_wconf 84' lang='grc' dir='ltr'>τήργηνται</span> <span class='ocrx_word' id='word_1_332' title='bbox 2573 1878 2708 1931; x_wconf 88' lang='grc' dir='ltr'><strong>Θεοῦ</strong></span> <span class='ocrx_word' id='word_1_333' title='bbox 2738 1878 2920 1948; x_wconf 84' lang='grc' dir='ltr'>φωνῆς</span> <span class='ocrx_word' id='word_1_334' title='bbox 2943 1877 3291 1949; x_wconf 81' lang='grc' dir='ltr'>πληρώματι,</span> <span class='ocrx_word' id='word_1_335' title='bbox 3334 1879 3430 1932; x_wconf 73' lang='grc' dir='ltr'>καὶ</span> <span class='ocrx_word' id='word_1_336' title='bbox 3481 1878 3798 1950; x_wconf 77' lang='grc' dir='ltr'>όρθοδοξίας</span> 
     </span>
    </p>
   </div>
   <div class='ocr_carea' id='block_1_49' title="bbox 2226 1963 3798 2039">
    <p class='ocr_par' dir='ltr' id='par_1_49' title="bbox 2226 1963 3798 2039">
     <span class='ocr_line' id='line_1_49' title="bbox 2226 1963 3798 2039; baseline -0.001 -17"><span class='ocrx_word' id='word_1_337' title='bbox 2226 1969 2498 2023; x_wconf 78' lang='grc' dir='ltr'>ἀνέτειλεν</span> <span class='ocrx_word' id='word_1_338' title='bbox 2528 1969 2676 2039; x_wconf 78' lang='grc' dir='ltr'>ἥλιος</span> <span class='ocrx_word' id='word_1_339' title='bbox 2700 1984 2713 1998; x_wconf 91' lang='grc'><strong>·</strong></span> <span class='ocrx_word' id='word_1_340' title='bbox 2751 1968 2818 2020; x_wconf 89' lang='grc' dir='ltr'>δι’</span> <span class='ocrx_word' id='word_1_341' title='bbox 2840 1963 2900 2023; x_wconf 75' lang='grc' dir='ltr'><strong>οὗ</strong></span> <span class='ocrx_word' id='word_1_342' title='bbox 2930 1969 2962 2037; x_wconf 77' lang='grc' dir='ltr'>ἡ</span> <span class='ocrx_word' id='word_1_343' title='bbox 3001 1967 3093 2021; x_wconf 80' lang='grc' dir='ltr'>τοῦ</span> <span class='ocrx_word' id='word_1_344' title='bbox 3121 1969 3326 2037; x_wconf 86' lang='grc' dir='ltr'>κόσμου</span> <span class='ocrx_word' id='word_1_345' title='bbox 3353 1968 3514 2037; x_wconf 88' lang='grc' dir='ltr'>σοφία</span> <span class='ocrx_word' id='word_1_346' title='bbox 3544 1968 3798 2039; x_wconf 82' lang='grc' dir='ltr'>μεμώρα-</span> 
     </span>
    </p>
   </div>
   <div class='ocr_carea' id='block_1_50' title="bbox 2225 2058 3797 2136">
    <p class='ocr_par' dir='ltr' id='par_1_50' title="bbox 2225 2058 3797 2136">
     <span class='ocr_line' id='line_1_50' title="bbox 2225 2058 3797 2136; baseline 0.001 -24"><span class='ocrx_word' id='word_1_347' title='bbox 2225 2076 2336 2136; x_wconf 78' lang='grc' dir='ltr'>ται,</span> <span class='ocrx_word' id='word_1_348' title='bbox 2363 2059 2457 2112; x_wconf 72' lang='grc' dir='ltr'><strong>καὶ</strong></span> <span class='ocrx_word' id='word_1_349' title='bbox 2497 2058 2785 2126; x_wconf 87' lang='grc' dir='ltr'>θεοσοφίας</span> <span class='ocrx_word' id='word_1_350' title='bbox 2813 2058 3203 2128; x_wconf 73' lang='grc' dir='ltr'>ἐμπέπλησται</span> <span class='ocrx_word' id='word_1_351' title='bbox 3231 2059 3298 2112; x_wconf 74' lang='grc' dir='ltr'><strong>τὰ</strong></span> <span class='ocrx_word' id='word_1_352' title='bbox 3323 2058 3536 2130; x_wconf 83' lang='grc' dir='ltr'>πέρατα</span> <span class='ocrx_word' id='word_1_353' title='bbox 3631 2061 3797 2130; x_wconf 75' lang='grc' dir='ltr'>ρητόο</span> 
     </span>
    </p>
   </div>
   <div class='ocr_carea' id='block_1_51' title="bbox 2231 2149 3799 2224">
    <p class='ocr_par' dir='ltr' id='par_1_51' title="bbox 2231 2149 3799 2224">
     <span class='ocr_line' id='line_1_51' title="bbox 2231 2149 3799 2224; baseline -0.001 -19"><span class='ocrx_word' id='word_1_354' title='bbox 2231 2169 2337 2224; x_wconf 91' lang='grc' dir='ltr'><strong>ρων</strong></span> <span class='ocrx_word' id='word_1_355' title='bbox 2363 2153 2457 2204; x_wconf 79' lang='grc' dir='ltr'>καὶ</span> <span class='ocrx_word' id='word_1_356' title='bbox 2491 2149 2762 2219; x_wconf 85' lang='grc' dir='ltr'>σοφιστῶν</span> <span class='ocrx_word' id='word_1_357' title='bbox 2793 2150 3233 2217; x_wconf 83' lang='grc' dir='ltr'>καταποθέντων,</span> <span class='ocrx_word' id='word_1_358' title='bbox 3305 2152 3555 2205; x_wconf 84' lang='grc' dir='ltr'>Ἰωάννου</span> <span class='ocrx_word' id='word_1_359' title='bbox 3591 2151 3648 2204; x_wconf 87' lang='grc' dir='ltr'>δὲ</span> <span class='ocrx_word' id='word_1_360' title='bbox 3697 2151 3799 2221; x_wconf 81' lang='grc' dir='ltr'>τῆς</span> 
     </span>
    </p>
   </div>
   <div class='ocr_carea' id='block_1_52' title="bbox 2228 2239 3801 2315">
    <p class='ocr_par' dir='ltr' id='par_1_52' title="bbox 2228 2239 3801 2315">
     <span class='ocr_line' id='line_1_52' title="bbox 2228 2239 3801 2315; baseline 0 -19"><span class='ocrx_word' id='word_1_361' title='bbox 2228 2242 2506 2311; x_wconf 82' lang='grc' dir='ltr'>θεολογίας</span> <span class='ocrx_word' id='word_1_362' title='bbox 2536 2241 2970 2315; x_wconf 81' lang='grc' dir='ltr'>βασιλευσάσης·</span> <span class='ocrx_word' id='word_1_363' title='bbox 3020 2244 3114 2297; x_wconf 73' lang='grc' dir='ltr'>καὶ</span> <span class='ocrx_word' id='word_1_364' title='bbox 3159 2243 3260 2297; x_wconf 87' lang='grc' dir='ltr'><strong>οὐκ</strong></span> <span class='ocrx_word' id='word_1_365' title='bbox 3307 2239 3453 2297; x_wconf 74' lang='grc' dir='ltr'>οἷδ’ὂ</span> <span class='ocrx_word' id='word_1_366' title='bbox 3499 2261 3550 2295; x_wconf 89' lang='grc' dir='ltr'><strong>τι</strong></span> <span class='ocrx_word' id='word_1_367' title='bbox 3595 2243 3801 2308; x_wconf 81' lang='grc' dir='ltr'>λέξεων</span> 
     </span>
    </p>
   </div>
   <div class='ocr_carea' id='block_1_53' title="bbox 2228 2333 3800 2405">
    <p class='ocr_par' dir='ltr' id='par_1_53' title="bbox 2228 2333 3800 2405">
     <span class='ocr_line' id='line_1_53' title="bbox 2228 2333 3800 2405; baseline 0.001 -20"><span class='ocrx_word' id='word_1_368' title='bbox 2228 2335 2436 2405; x_wconf 84' lang='grc' dir='ltr'>εἴποιμι</span> <span class='ocrx_word' id='word_1_369' title='bbox 2471 2333 2691 2401; x_wconf 76' lang='grc' dir='ltr'>ἐπάξιον</span> <span class='ocrx_word' id='word_1_370' title='bbox 2730 2337 2828 2405; x_wconf 81' lang='grc' dir='ltr'>τῆς</span> <span class='ocrx_word' id='word_1_371' title='bbox 2859 2335 3251 2405; x_wconf 83' lang='grc' dir='ltr'>ὑπερηρμένης</span> <span class='ocrx_word' id='word_1_372' title='bbox 3283 2333 3650 2404; x_wconf 82' lang='grc' dir='ltr'>ἀποστολικῆς</span> <span class='ocrx_word' id='word_1_373' title='bbox 3699 2351 3800 2404; x_wconf 87' lang='grc' dir='ltr'>με-</span> 
     </span>
    </p>
   </div>
   <div class='ocr_carea' id='block_1_54' title="bbox 2229 2425 3804 2496">
    <p class='ocr_par' dir='ltr' id='par_1_54' title="bbox 2229 2425 3804 2496">
     <span class='ocr_line' id='line_1_54' title="bbox 2229 2425 3804 2496; baseline -0.001 -16"><span class='ocrx_word' id='word_1_374' title='bbox 2229 2427 2603 2496; x_wconf 83' lang='grc' dir='ltr'>γαλειότητος,</span> <span class='ocrx_word' id='word_1_375' title='bbox 2637 2427 2670 2496; x_wconf 76' lang='grc' dir='ltr'>ἢ</span> <span class='ocrx_word' id='word_1_376' title='bbox 2703 2432 2762 2478; x_wconf 83' lang='grc' dir='ltr'><strong>τὸ</strong></span> <span class='ocrx_word' id='word_1_377' title='bbox 2789 2425 3189 2496; x_wconf 82' lang='grc' dir='ltr'>παραχωρῆσαι</span> <span class='ocrx_word' id='word_1_378' title='bbox 3210 2428 3327 2489; x_wconf 82' lang='grc' dir='ltr'>τοῖς</span> <span class='ocrx_word' id='word_1_379' title='bbox 3371 2426 3804 2496; x_wconf 82' lang='grc' dir='ltr'>προευφημήσα-</span> 
     </span>
    </p>
   </div>
   <div class='ocr_carea' id='block_1_55' title="bbox 2231 2515 3631 2587">
    <p class='ocr_par' dir='ltr' id='par_1_55' title="bbox 2231 2515 3631 2587">
     <span class='ocr_line' id='line_1_55' title="bbox 2231 2515 3631 2587; baseline 0 -17"><span class='ocrx_word' id='word_1_380' title='bbox 2231 2534 2314 2570; x_wconf 91' lang='grc' dir='ltr'><strong>σιν</strong></span> <span class='ocrx_word' id='word_1_381' title='bbox 2373 2517 2534 2570; x_wconf 80' lang='grc' dir='ltr'>αὑτὸν</span> <span class='ocrx_word' id='word_1_382' title='bbox 2563 2516 2728 2579; x_wconf 90' lang='grc' dir='ltr'>θείοις</span> <span class='ocrx_word' id='word_1_383' title='bbox 2765 2515 3029 2585; x_wconf 86' lang='grc' dir='ltr'>στόμασιν</span> <span class='ocrx_word' id='word_1_384' title='bbox 3052 2515 3144 2570; x_wconf 85' lang='grc' dir='ltr'><strong>τὸν</strong></span> <span class='ocrx_word' id='word_1_385' title='bbox 3177 2516 3322 2587; x_wconf 79' lang='grc' dir='ltr'>ἱερὸν</span> <span class='ocrx_word' id='word_1_386' title='bbox 3347 2517 3590 2570; x_wconf 78' lang='grc' dir='ltr'>ἔπαινον.</span> <span class='ocrx_word' id='word_1_387' title='bbox 3624 2531 3631 2538; x_wconf 92' lang='grc'><strong>·</strong></span> 
     </span>
    </p>
   </div>
   <div class='ocr_carea' id='block_1_56' title="bbox 2303 2774 3807 2850">
    <p class='ocr_par' dir='ltr' id='par_1_56' title="bbox 2303 2774 3807 2850">
     <span class='ocr_line' id='line_1_56' title="bbox 2303 2774 3807 2850; baseline -0.001 -15"><span class='ocrx_word' id='word_1_388' title='bbox 2303 2789 2352 2835; x_wconf 83' lang='grc' dir='ltr'><strong>ι’.</strong></span> <span class='ocrx_word' id='word_1_389' title='bbox 2391 2781 2551 2836; x_wconf 82' lang='grc' dir='ltr'>Ἀλλά</span> <span class='ocrx_word' id='word_1_390' title='bbox 2583 2783 2634 2834; x_wconf 88' lang='grc' dir='ltr'><strong>τί</strong></span> <span class='ocrx_word' id='word_1_391' title='bbox 2662 2780 2774 2844; x_wconf 72' lang='grc' dir='ltr'>ἔτι,</span> <span class='ocrx_word' id='word_1_392' title='bbox 2816 2780 3045 2848; x_wconf 83' lang='grc' dir='ltr'>Ἰησοῦς</span> <span class='ocrx_word' id='word_1_393' title='bbox 3073 2774 3193 2834; x_wconf 25' lang='grc' dir='ltr'><strong>οὖν.</strong></span> <span class='ocrx_word' id='word_1_394' title='bbox 3231 2778 3373 2832; x_wconf 78' lang='grc' dir='ltr'>ἰδὼν</span> <span class='ocrx_word' id='word_1_395' title='bbox 3422 2778 3538 2847; x_wconf 79' lang='grc' dir='ltr'><strong>τὴν</strong></span> <span class='ocrx_word' id='word_1_396' title='bbox 3571 2781 3807 2850; x_wconf 79' lang='grc' dir='ltr'>μητέρα</span> 
     </span>
    </p>
   </div>
   <div class='ocr_carea' id='block_1_57' title="bbox 2229 2870 3807 2942">
    <p class='ocr_par' dir='ltr' id='par_1_57' title="bbox 2229 2870 3807 2942">
     <span class='ocr_line' id='line_1_57' title="bbox 2229 2870 3807 2942; baseline 0 -14"><span class='ocrx_word' id='word_1_397' title='bbox 2229 2876 2328 2929; x_wconf 81' lang='grc' dir='ltr'>καὶ</span> <span class='ocrx_word' id='word_1_398' title='bbox 2359 2877 2466 2928; x_wconf 82' lang='grc' dir='ltr'><strong>τὸν</strong></span> <span class='ocrx_word' id='word_1_399' title='bbox 2499 2873 2778 2942; x_wconf 82' lang='grc' dir='ltr'>μαθητὴν</span> <span class='ocrx_word' id='word_1_400' title='bbox 2823 2871 3170 2939; x_wconf 83' lang='grc' dir='ltr'>παρεστῶτα</span> <span class='ocrx_word' id='word_1_401' title='bbox 3205 2870 3276 2924; x_wconf 82' lang='grc' dir='ltr'><strong>ὃν</strong></span> <span class='ocrx_word' id='word_1_402' title='bbox 3297 2870 3519 2939; x_wconf 79' lang='grc' dir='ltr'>ἠγάπα,</span> <span class='ocrx_word' id='word_1_403' title='bbox 3542 2871 3707 2941; x_wconf 73' lang='grc' dir='ltr'>λέγει</span> <span class='ocrx_word' id='word_1_404' title='bbox 3732 2872 3807 2941; x_wconf 76' lang='grc' dir='ltr'>τῇ</span> 
     </span>
    </p>
   </div>
   <div class='ocr_carea' id='block_1_58' title="bbox 2226 2958 3808 3036">
    <p class='ocr_par' dir='ltr' id='par_1_58' title="bbox 2226 2958 3808 3036">
     <span class='ocr_line' id='line_1_58' title="bbox 2226 2958 3808 3036; baseline -0.001 -18"><span class='ocrx_word' id='word_1_405' title='bbox 2226 2966 2403 3036; x_wconf 77' lang='grc' dir='ltr'>μητρὶ</span> <span class='ocrx_word' id='word_1_406' title='bbox 2430 2963 2616 3018; x_wconf 83' lang='grc' dir='ltr'>αὐτοῦ</span> <span class='ocrx_word' id='word_1_407' title='bbox 2641 2980 2654 2994; x_wconf 74' lang='grc'><strong><em>⁸</em></strong></span> <span class='ocrx_word' id='word_1_408' title='bbox 2683 2963 2896 3026; x_wconf 83' lang='grc' dir='ltr'>Γύναι,</span> <span class='ocrx_word' id='word_1_409' title='bbox 2927 2960 3060 3014; x_wconf 73' lang='grc' dir='ltr'>ἰδοὺ</span> <span class='ocrx_word' id='word_1_410' title='bbox 3099 2965 3132 3014; x_wconf 75' lang='grc' dir='ltr'><em>ὀ</em></span> <span class='ocrx_word' id='word_1_411' title='bbox 3154 2962 3284 3028; x_wconf 76' lang='grc' dir='ltr'>υἱός</span> <span class='ocrx_word' id='word_1_412' title='bbox 3318 2978 3434 3016; x_wconf 88' lang='grc' dir='ltr'>σου</span> <span class='ocrx_word' id='word_1_413' title='bbox 3455 2978 3468 2992; x_wconf 87' lang='grc'><strong>·</strong></span> <span class='ocrx_word' id='word_1_414' title='bbox 3496 2958 3622 3016; x_wconf 79' lang='grc' dir='ltr'>εἶτα</span> <span class='ocrx_word' id='word_1_415' title='bbox 3640 2965 3808 3031; x_wconf 64' lang='grc' dir='ltr'>λέγει</span> 
     </span>
    </p>
   </div>
   <div class='ocr_carea' id='block_1_59' title="bbox 2228 3047 3810 3128">
    <p class='ocr_par' dir='ltr' id='par_1_59' title="bbox 2228 3047 3810 3128">
     <span class='ocr_line' id='line_1_59' title="bbox 2228 3047 3810 3128; baseline -0.003 -15"><span class='ocrx_word' id='word_1_416' title='bbox 2228 3060 2308 3125; x_wconf 84' lang='grc' dir='ltr'>τῷ</span> <span class='ocrx_word' id='word_1_417' title='bbox 2329 3055 2565 3128; x_wconf 77' lang='grc' dir='ltr'>μαθητῇ</span> <span class='ocrx_word' id='word_1_418' title='bbox 2591 3073 2603 3086; x_wconf 69' lang='grc' dir='ltr'><strong><em>ο</em></strong></span> <span class='ocrx_word' id='word_1_419' title='bbox 2623 3047 2625 3049; x_wconf 52' lang='grc'><strong>’</strong></span> <span class='ocrx_word' id='word_1_420' title='bbox 2648 3053 2801 3109; x_wconf 78' lang='grc' dir='ltr'>Ἰδοὺ</span> <span class='ocrx_word' id='word_1_421' title='bbox 2839 3056 2877 3121; x_wconf 74' lang='grc' dir='ltr'>ἡ</span> <span class='ocrx_word' id='word_1_422' title='bbox 2905 3056 3098 3124; x_wconf 67' lang='grc' dir='ltr'>μήτηρ</span> <span class='ocrx_word' id='word_1_423' title='bbox 3139 3072 3254 3110; x_wconf 89' lang='grc' dir='ltr'>σου</span> <span class='ocrx_word' id='word_1_424' title='bbox 3278 3071 3292 3085; x_wconf 74' lang='grc' dir='ltr'><strong><em>ο</em></strong></span> <span class='ocrx_word' id='word_1_425' title='bbox 3319 3055 3416 3108; x_wconf 77' lang='grc' dir='ltr'><strong>καί</strong></span> <span class='ocrx_word' id='word_1_426' title='bbox 3454 3056 3552 3110; x_wconf 78' lang='grc' dir='ltr'>ἀπ’</span> <span class='ocrx_word' id='word_1_427' title='bbox 3566 3056 3810 3123; x_wconf 73' lang='grc' dir='ltr'>ἐκείνης</span> 
     </span>
    </p>
   </div>
   <div class='ocr_carea' id='block_1_60' title="bbox 564 3143 2127 3236">
    <p class='ocr_par' dir='ltr' id='par_1_60' title="bbox 564 3146 2127 3217">
     <span class='ocr_line' id='line_1_60' title="bbox 564 3146 2127 3217; baseline -0.002 -14"><span class='ocrx_word' id='word_1_428' title='bbox 564 3152 693 3204; x_wconf 72' lang='lat' dir='ltr'><strong>liora</strong></span> <span class='ocrx_word' id='word_1_429' title='bbox 753 3151 951 3217; x_wconf 89' lang='lat' dir='ltr'><strong>accepit</strong></span> <span class='ocrx_word' id='word_1_430' title='bbox 986 3164 1104 3202; x_wconf 87' lang='lat' dir='ltr'><strong>eam</strong></span> <span class='ocrx_word' id='word_1_431' title='bbox 1143 3148 1428 3214; x_wconf 78' lang='lat' dir='ltr'><strong>discipulus</strong></span> <span class='ocrx_word' id='word_1_432' title='bbox 1475 3147 1563 3200; x_wconf 83' lang='lat' dir='ltr'><strong>ille</strong></span> <span class='ocrx_word' id='word_1_433' title='bbox 1594 3148 1643 3199; x_wconf 88' lang='lat' dir='ltr'><strong>in</strong></span> <span class='ocrx_word' id='word_1_434' title='bbox 1680 3163 1775 3200; x_wconf 89' lang='lat' dir='ltr'><strong>sua</strong></span> <span class='ocrx_word' id='word_1_435' title='bbox 1799 3146 1864 3199; x_wconf 72' lang='lat'><strong>“.</strong></span> <span class='ocrx_word' id='word_1_436' title='bbox 1904 3146 2127 3217; x_wconf 84' lang='lat' dir='ltr'><strong>Alioque</strong></span> 
     </span>
    </p>
   </div>
   <div class='ocr_carea' id='block_1_61' title="bbox 2232 3143 3813 3236">
    <p class='ocr_par' dir='ltr' id='par_1_61' title="bbox 2233 3143 3813 3221">
     <span class='ocr_line' id='line_1_61' title="bbox 2233 3143 3813 3221; baseline -0.002 -16"><span class='ocrx_word' id='word_1_437' title='bbox 2233 3152 2342 3221; x_wconf 82' lang='grc' dir='ltr'>τῆς</span> <span class='ocrx_word' id='word_1_438' title='bbox 2386 3150 2540 3220; x_wconf 81' lang='grc' dir='ltr'>ὧρας</span> <span class='ocrx_word' id='word_1_439' title='bbox 2593 3148 2928 3217; x_wconf 77' lang='grc' dir='ltr'>παρέλαϐεν</span> <span class='ocrx_word' id='word_1_440' title='bbox 2975 3147 3170 3214; x_wconf 73' lang='grc' dir='ltr'>αὐτὴν·</span> <span class='ocrx_word' id='word_1_441' title='bbox 3210 3150 3242 3200; x_wconf 87' lang='lat' dir='ltr'><strong>d</strong></span> <span class='ocrx_word' id='word_1_442' title='bbox 3272 3147 3542 3216; x_wconf 76' lang='grc' dir='ltr'>μαθητὴς</span> <span class='ocrx_word' id='word_1_443' title='bbox 3573 3143 3813 3212; x_wconf 73' lang='grc' dir='ltr'>ἐκεῖνος</span> 
     </span>
    </p>
   </div>
   <div class='ocr_carea' id='block_1_62' title="bbox 564 3237 2136 3308">
    <p class='ocr_par' dir='ltr' id='par_1_62' title="bbox 564 3237 2136 3308">
     <span class='ocr_line' id='line_1_62' title="bbox 564 3237 2136 3308; baseline -0.003 -13"><span class='ocrx_word' id='word_1_444' title='bbox 564 3256 757 3295; x_wconf 86' lang='lat' dir='ltr'><strong>rursus</strong></span> <span class='ocrx_word' id='word_1_445' title='bbox 795 3241 970 3308; x_wconf 84' lang='lat' dir='ltr'><strong>capite</strong></span> <span class='ocrx_word' id='word_1_446' title='bbox 1005 3239 1147 3303; x_wconf 73' lang='grc' dir='ltr'>τρυε</span> <span class='ocrx_word' id='word_1_447' title='bbox 1201 3247 1249 3291; x_wconf 90' lang='lat' dir='ltr'><strong>et</strong></span> <span class='ocrx_word' id='word_1_448' title='bbox 1300 3237 1533 3290; x_wconf 83' lang='lat' dir='ltr'><strong>recubuit</strong></span> <span class='ocrx_word' id='word_1_449' title='bbox 1579 3239 1632 3290; x_wconf 89' lang='lat' dir='ltr'><strong>in</strong></span> <span class='ocrx_word' id='word_1_450' title='bbox 1670 3244 1813 3290; x_wconf 72' lang='lat' dir='ltr'><strong>ewna</strong></span> <span class='ocrx_word' id='word_1_451' title='bbox 1852 3254 2007 3306; x_wconf 85' lang='lat' dir='ltr'><strong>super</strong></span> <span class='ocrx_word' id='word_1_452' title='bbox 2048 3255 2136 3304; x_wconf 82' lang='lat' dir='ltr'><strong>pe—</strong></span> 
     </span>
    </p>
   </div>
   <div class='ocr_carea' id='block_1_63' title="bbox 563 3330 2135 3401">
    <p class='ocr_par' dir='ltr' id='par_1_63' title="bbox 563 3330 2135 3401">
     <span class='ocr_line' id='line_1_63' title="bbox 563 3330 2135 3401; baseline -0.003 -13"><span class='ocrx_word' id='word_1_453' title='bbox 563 3343 680 3388; x_wconf 82' lang='lat' dir='ltr'><strong>ctus</strong></span> <span class='ocrx_word' id='word_1_454' title='bbox 725 3332 864 3401; x_wconf 86' lang='lat' dir='ltr'><strong>ejus,</strong></span> <span class='ocrx_word' id='word_1_455' title='bbox 919 3341 968 3385; x_wconf 91' lang='lat' dir='ltr'><strong>et</strong></span> <span class='ocrx_word' id='word_1_456' title='bbox 1014 3331 1151 3384; x_wconf 74' lang='lat' dir='ltr'><strong>dixit</strong></span> <span class='ocrx_word' id='word_1_457' title='bbox 1190 3346 1207 3384; x_wconf 85' lang='lat'><strong>.&#39;</strong></span> <span class='ocrx_word' id='word_1_458' title='bbox 1240 3330 1482 3393; x_wconf 79' lang='lat' dir='ltr'><strong>Domine,</strong></span> <span class='ocrx_word' id='word_1_459' title='bbox 1531 3331 1648 3398; x_wconf 83' lang='lat' dir='ltr'><strong>quis</strong></span> <span class='ocrx_word' id='word_1_460' title='bbox 1707 3340 1783 3383; x_wconf 86' lang='lat' dir='ltr'><strong>est</strong></span> <span class='ocrx_word' id='word_1_461' title='bbox 1831 3331 1921 3399; x_wconf 89' lang='lat' dir='ltr'><strong>qui</strong></span> <span class='ocrx_word' id='word_1_462' title='bbox 1972 3331 2135 3384; x_wconf 89' lang='lat' dir='ltr'><strong>tradit</strong></span> 
     </span>
    </p>
   </div>
   <div class='ocr_carea' id='block_1_64' title="bbox 567 3424 2136 3495">
    <p class='ocr_par' dir='ltr' id='par_1_64' title="bbox 567 3424 2136 3495">
     <span class='ocr_line' id='line_1_64' title="bbox 567 3424 2136 3495; baseline -0.003 -13"><span class='ocrx_word' id='word_1_463' title='bbox 567 3439 615 3482; x_wconf 89' lang='lat' dir='ltr'><strong>te</strong></span> <span class='ocrx_word' id='word_1_464' title='bbox 639 3427 716 3479; x_wconf 69' lang='lat'><strong>&quot;‘1</strong></span> <span class='ocrx_word' id='word_1_465' title='bbox 776 3425 916 3481; x_wconf 89' lang='lat' dir='ltr'><strong>Sunt</strong></span> <span class='ocrx_word' id='word_1_466' title='bbox 985 3427 1099 3480; x_wconf 59' lang='lat' dir='ltr'><strong>hac</strong></span> <span class='ocrx_word' id='word_1_467' title='bbox 1155 3424 1480 3495; x_wconf 86' lang='lat' dir='ltr'><strong>peculiarius</strong></span> <span class='ocrx_word' id='word_1_468' title='bbox 1539 3424 1800 3480; x_wconf 87' lang='lat' dir='ltr'><strong>attributa</strong></span> <span class='ocrx_word' id='word_1_469' title='bbox 1863 3424 2136 3495; x_wconf 74' lang='lat' dir='ltr'><strong>Theologo</strong></span> 
     </span>
    </p>
   </div>
   <div class='ocr_carea' id='block_1_65' title="bbox 567 3518 2132 3589">
    <p class='ocr_par' dir='ltr' id='par_1_65' title="bbox 567 3518 2132 3589">
     <span class='ocr_line' id='line_1_65' title="bbox 567 3518 2132 3589; baseline 0.001 -18"><span class='ocrx_word' id='word_1_470' title='bbox 567 3519 717 3574; x_wconf 82' lang='lat' dir='ltr'><strong>velut</strong></span> <span class='ocrx_word' id='word_1_471' title='bbox 760 3519 965 3573; x_wconf 90' lang='lat' dir='ltr'><strong>dotalia</strong></span> <span class='ocrx_word' id='word_1_472' title='bbox 1007 3518 1253 3588; x_wconf 57' lang='lat' dir='ltr'><strong>quadam</strong></span> <span class='ocrx_word' id='word_1_473' title='bbox 1299 3519 1447 3589; x_wconf 86' lang='lat' dir='ltr'><strong>regia</strong></span> <span class='ocrx_word' id='word_1_474' title='bbox 1486 3534 1710 3573; x_wconf 84' lang='lat' dir='ltr'><strong>munera</strong></span> <span class='ocrx_word' id='word_1_475' title='bbox 1732 3535 1758 3583; x_wconf 74' lang='lat'><strong>;.</strong></span> <span class='ocrx_word' id='word_1_476' title='bbox 1790 3527 1849 3573; x_wconf 87' lang='lat' dir='ltr'><strong>ut</strong></span> <span class='ocrx_word' id='word_1_477' title='bbox 1889 3519 2132 3588; x_wconf 87' lang='lat' dir='ltr'><strong>inquam,</strong></span> 
     </span>
    </p>
   </div>
   <div class='ocr_carea' id='block_1_66' title="bbox 566 3607 2136 3681">
    <p class='ocr_par' dir='ltr' id='par_1_66' title="bbox 566 3607 2136 3681">
     <span class='ocr_line' id='line_1_66' title="bbox 566 3607 2136 3681; baseline 0.001 -17"><span class='ocrx_word' id='word_1_478' title='bbox 566 3627 678 3681; x_wconf 64' lang='lat' dir='ltr'><strong>pra:</strong></span> <span class='ocrx_word' id='word_1_479' title='bbox 707 3610 988 3680; x_wconf 90' lang='lat' dir='ltr'><strong>discipulis</strong></span> <span class='ocrx_word' id='word_1_480' title='bbox 1014 3609 1262 3679; x_wconf 89' lang='lat' dir='ltr'><strong>reliquis,</strong></span> <span class='ocrx_word' id='word_1_481' title='bbox 1293 3623 1357 3662; x_wconf 91' lang='lat' dir='ltr'><strong>ac</strong></span> <span class='ocrx_word' id='word_1_482' title='bbox 1384 3609 1665 3679; x_wconf 87' lang='lat' dir='ltr'><strong>privilegio</strong></span> <span class='ocrx_word' id='word_1_483' title='bbox 1693 3625 1724 3663; x_wconf 90' lang='lat' dir='ltr'><strong>a</strong></span> <span class='ocrx_word' id='word_1_484' title='bbox 1755 3607 1884 3664; x_wconf 84' lang='lat' dir='ltr'><strong>Jesu</strong></span> <span class='ocrx_word' id='word_1_485' title='bbox 1907 3610 2136 3665; x_wconf 90' lang='lat' dir='ltr'><strong>dilectus</strong></span> 
     </span>
    </p>
   </div>
   <div class='ocr_carea' id='block_1_67' title="bbox 567 3701 2131 3773">
    <p class='ocr_par' dir='ltr' id='par_1_67' title="bbox 567 3701 2131 3773">
     <span class='ocr_line' id='line_1_67' title="bbox 567 3701 2131 3773; baseline 0.003 -18"><span class='ocrx_word' id='word_1_486' title='bbox 567 3703 766 3768; x_wconf 86' lang='lat' dir='ltr'><strong>fuerit;</strong></span> <span class='ocrx_word' id='word_1_487' title='bbox 795 3711 963 3770; x_wconf 91' lang='lat' dir='ltr'><strong>utque</strong></span> <span class='ocrx_word' id='word_1_488' title='bbox 996 3716 1156 3770; x_wconf 91' lang='lat' dir='ltr'><strong>super</strong></span> <span class='ocrx_word' id='word_1_489' title='bbox 1186 3701 1539 3770; x_wconf 89' lang='lat' dir='ltr'><strong>purissimum</strong></span> <span class='ocrx_word' id='word_1_490' title='bbox 1583 3703 1894 3757; x_wconf 89' lang='lat' dir='ltr'><strong>recubuerit</strong></span> <span class='ocrx_word' id='word_1_491' title='bbox 1915 3714 2131 3773; x_wconf 87' lang='lat' dir='ltr'><strong>pectus;</strong></span> 
     </span>
    </p>
   </div>
   <div class='ocr_carea' id='block_1_68' title="bbox 566 3792 2133 3864">
    <p class='ocr_par' dir='ltr' id='par_1_68' title="bbox 566 3792 2133 3864">
     <span class='ocr_line' id='line_1_68' title="bbox 566 3792 2133 3864; baseline 0.001 -16"><span class='ocrx_word' id='word_1_492' title='bbox 566 3811 629 3850; x_wconf 87' lang='lat' dir='ltr'><strong>ac</strong></span> <span class='ocrx_word' id='word_1_493' title='bbox 670 3793 890 3849; x_wconf 88' lang='lat' dir='ltr'><strong>demum</strong></span> <span class='ocrx_word' id='word_1_494' title='bbox 935 3804 995 3848; x_wconf 93' lang='lat' dir='ltr'><strong>ut</strong></span> <span class='ocrx_word' id='word_1_495' title='bbox 1025 3793 1118 3850; x_wconf 88' lang='lat' dir='ltr'><strong>Dei</strong></span> <span class='ocrx_word' id='word_1_496' title='bbox 1154 3792 1452 3849; x_wconf 88' lang='lat' dir='ltr'><strong>Genitricis</strong></span> <span class='ocrx_word' id='word_1_497' title='bbox 1504 3794 1647 3848; x_wconf 81' lang='lat' dir='ltr'><strong>filius</strong></span> <span class='ocrx_word' id='word_1_498' title='bbox 1694 3796 1765 3850; x_wconf 90' lang='lat' dir='ltr'><strong>sit</strong></span> <span class='ocrx_word' id='word_1_499' title='bbox 1807 3797 2133 3864; x_wconf 83' lang='lat' dir='ltr'><strong>appellatus.</strong></span> 
     </span>
    </p>
   </div>
   <div class='ocr_carea' id='block_1_69' title="bbox 565 3884 2135 3956">
    <p class='ocr_par' dir='ltr' id='par_1_69' title="bbox 565 3884 2135 3956">
     <span class='ocr_line' id='line_1_69' title="bbox 565 3884 2135 3956; baseline 0.001 -16"><span class='ocrx_word' id='word_1_500' title='bbox 565 3887 741 3952; x_wconf 87' lang='lat' dir='ltr'><strong>Quam</strong></span> <span class='ocrx_word' id='word_1_501' title='bbox 779 3885 883 3940; x_wconf 90' lang='lat' dir='ltr'><strong>tria</strong></span> <span class='ocrx_word' id='word_1_502' title='bbox 921 3885 1033 3939; x_wconf 76' lang='lat' dir='ltr'><strong>haec</strong></span> <span class='ocrx_word' id='word_1_503' title='bbox 1076 3884 1383 3938; x_wconf 88' lang='lat' dir='ltr'><strong>tremenda!</strong></span> <span class='ocrx_word' id='word_1_504' title='bbox 1426 3893 1483 3938; x_wconf 90' lang='lat' dir='ltr'><strong>ut</strong></span> <span class='ocrx_word' id='word_1_505' title='bbox 1527 3885 1754 3940; x_wconf 89' lang='lat' dir='ltr'><strong>alterum</strong></span> <span class='ocrx_word' id='word_1_506' title='bbox 1797 3887 1953 3941; x_wconf 91' lang='lat' dir='ltr'><strong>alteri</strong></span> <span class='ocrx_word' id='word_1_507' title='bbox 1999 3903 2135 3956; x_wconf 68' lang='lat' dir='ltr'><strong>prae-</strong></span> 
     </span>
    </p>
   </div>
   <div class='ocr_carea' id='block_1_70' title="bbox 564 3976 2133 4046">
    <p class='ocr_par' dir='ltr' id='par_1_70' title="bbox 564 3976 2133 4046">
     <span class='ocr_line' id='line_1_70' title="bbox 564 3976 2133 4046; baseline -0.001 -14"><span class='ocrx_word' id='word_1_508' title='bbox 564 3978 743 4042; x_wconf 90' lang='lat' dir='ltr'><strong>cellat,</strong></span> <span class='ocrx_word' id='word_1_509' title='bbox 794 3992 858 4032; x_wconf 89' lang='lat' dir='ltr'><strong>ac</strong></span> <span class='ocrx_word' id='word_1_510' title='bbox 905 3977 1157 4046; x_wconf 89' lang='lat' dir='ltr'><strong>quodque</strong></span> <span class='ocrx_word' id='word_1_511' title='bbox 1199 3991 1387 4031; x_wconf 90' lang='lat' dir='ltr'><strong>eorum</strong></span> <span class='ocrx_word' id='word_1_512' title='bbox 1439 3976 1583 4031; x_wconf 85' lang='lat' dir='ltr'><strong>velut</strong></span> <span class='ocrx_word' id='word_1_513' title='bbox 1623 3977 1974 4046; x_wconf 81' lang='lat' dir='ltr'><strong>singulariter</strong></span> <span class='ocrx_word' id='word_1_514' title='bbox 2020 3980 2133 4033; x_wconf 85' lang='lat' dir='ltr'><strong>exi-</strong></span> 
     </span>
    </p>
   </div>
   <div class='ocr_carea' id='block_1_71' title="bbox 566 4068 2134 4142">
    <p class='ocr_par' dir='ltr' id='par_1_71' title="bbox 566 4068 2134 4142">
     <span class='ocr_line' id='line_1_71' title="bbox 566 4068 2134 4142; baseline 0.003 -21"><span class='ocrx_word' id='word_1_515' title='bbox 566 4069 758 4135; x_wconf 89' lang='lat' dir='ltr'><strong>mium,</strong></span> <span class='ocrx_word' id='word_1_516' title='bbox 791 4069 897 4123; x_wconf 90' lang='lat' dir='ltr'><strong>mei</strong></span> <span class='ocrx_word' id='word_1_517' title='bbox 946 4068 1114 4124; x_wconf 89' lang='lat' dir='ltr'><strong>animi</strong></span> <span class='ocrx_word' id='word_1_518' title='bbox 1168 4085 1388 4126; x_wconf 87' lang='lat' dir='ltr'><strong>sensum</strong></span> <span class='ocrx_word' id='word_1_519' title='bbox 1431 4071 1481 4124; x_wconf 92' lang='lat' dir='ltr'><strong>in</strong></span> <span class='ocrx_word' id='word_1_520' title='bbox 1514 4079 1791 4140; x_wconf 90' lang='lat' dir='ltr'><strong>stuporem</strong></span> <span class='ocrx_word' id='word_1_521' title='bbox 1834 4081 1975 4142; x_wconf 90' lang='lat' dir='ltr'><strong>agat.</strong></span> <span class='ocrx_word' id='word_1_522' title='bbox 2019 4072 2134 4126; x_wconf 81' lang='lat' dir='ltr'><strong>An-</strong></span> 
     </span>
    </p>
   </div>
   <div class='ocr_carea' id='block_1_72' title="bbox 564 4159 2133 4229">
    <p class='ocr_par' dir='ltr' id='par_1_72' title="bbox 564 4159 2133 4229">
     <span class='ocr_line' id='line_1_72' title="bbox 564 4159 2133 4229; baseline 0.005 -21"><span class='ocrx_word' id='word_1_523' title='bbox 564 4162 723 4213; x_wconf 76' lang='lat' dir='ltr'><strong>dreas</strong></span> <span class='ocrx_word' id='word_1_524' title='bbox 762 4160 972 4228; x_wconf 90' lang='lat' dir='ltr'><strong>primus</strong></span> <span class='ocrx_word' id='word_1_525' title='bbox 1013 4159 1154 4213; x_wconf 89' lang='lat' dir='ltr'><strong>inter</strong></span> <span class='ocrx_word' id='word_1_526' title='bbox 1195 4159 1495 4229; x_wconf 84' lang='lat' dir='ltr'><strong>discipulos</strong></span> <span class='ocrx_word' id='word_1_527' title='bbox 1543 4174 1795 4225; x_wconf 87' lang='lat' dir='ltr'><strong>vocatus;</strong></span> <span class='ocrx_word' id='word_1_528' title='bbox 1852 4176 1951 4215; x_wconf 89' lang='lat' dir='ltr'><strong>nec</strong></span> <span class='ocrx_word' id='word_1_529' title='bbox 2003 4161 2133 4216; x_wconf 91' lang='lat' dir='ltr'><strong>dum</strong></span> 
     </span>
    </p>
   </div>
   <div class='ocr_carea' id='block_1_73' title="bbox 566 4249 2135 4321">
    <p class='ocr_par' dir='ltr' id='par_1_73' title="bbox 566 4249 2135 4321">
     <span class='ocr_line' id='line_1_73' title="bbox 566 4249 2135 4321; baseline 0.004 -18"><span class='ocrx_word' id='word_1_530' title='bbox 566 4263 748 4305; x_wconf 91' lang='lat' dir='ltr'><strong>tamen</strong></span> <span class='ocrx_word' id='word_1_531' title='bbox 778 4266 835 4306; x_wconf 90' lang='lat' dir='ltr'><strong>se</strong></span> <span class='ocrx_word' id='word_1_532' title='bbox 857 4249 986 4306; x_wconf 81' lang='lat' dir='ltr'><strong>Jesu</strong></span> <span class='ocrx_word' id='word_1_533' title='bbox 1015 4251 1269 4306; x_wconf 88' lang='lat' dir='ltr'><strong>diiectmn</strong></span> <span class='ocrx_word' id='word_1_534' title='bbox 1295 4253 1583 4321; x_wconf 83' lang='lat' dir='ltr'><strong>appellavit</strong></span> <span class='ocrx_word' id='word_1_535' title='bbox 1616 4253 1755 4307; x_wconf 85' lang='lat' dir='ltr'><strong>sicut</strong></span> <span class='ocrx_word' id='word_1_536' title='bbox 1786 4253 1908 4308; x_wconf 88' lang='lat' dir='ltr'><strong>iste.</strong></span> <span class='ocrx_word' id='word_1_537' title='bbox 1942 4252 2135 4309; x_wconf 89' lang='lat' dir='ltr'><strong>Petrus</strong></span> 
     </span>
    </p>
   </div>
   <div class='ocr_carea' id='block_1_74' title="bbox 563 4342 2134 4415">
    <p class='ocr_par' dir='ltr' id='par_1_74' title="bbox 563 4342 2134 4415">
     <span class='ocr_line' id='line_1_74' title="bbox 563 4342 2134 4415; baseline 0.005 -21"><span class='ocrx_word' id='word_1_538' title='bbox 563 4342 934 4406; x_wconf 87' lang='lat' dir='ltr'><strong>apostolorum</strong></span> <span class='ocrx_word' id='word_1_539' title='bbox 969 4342 1257 4412; x_wconf 88' lang='lat' dir='ltr'><strong>princeps;</strong></span> <span class='ocrx_word' id='word_1_540' title='bbox 1309 4344 1460 4414; x_wconf 90' lang='lat' dir='ltr'><strong>atqui</strong></span> <span class='ocrx_word' id='word_1_541' title='bbox 1511 4359 1612 4398; x_wconf 93' lang='lat' dir='ltr'><strong>nec</strong></span> <span class='ocrx_word' id='word_1_542' title='bbox 1656 4344 1771 4413; x_wconf 91' lang='lat' dir='ltr'><strong>ipse</strong></span> <span class='ocrx_word' id='word_1_543' title='bbox 1798 4346 2134 4415; x_wconf 80' lang='lat' dir='ltr'><strong>appellatio-</strong></span> 
     </span>
    </p>
   </div>
   <div class='ocr_carea' id='block_1_75' title="bbox 569 4435 2136 4504">
    <p class='ocr_par' dir='ltr' id='par_1_75' title="bbox 569 4435 2136 4504">
     <span class='ocr_line' id='line_1_75' title="bbox 569 4435 2136 4504; baseline 0.004 -18"><span class='ocrx_word' id='word_1_544' title='bbox 569 4449 689 4488; x_wconf 89' lang='lat' dir='ltr'><strong>nem</strong></span> <span class='ocrx_word' id='word_1_545' title='bbox 730 4435 997 4504; x_wconf 85' lang='lat' dir='ltr'><strong>ejusmodi</strong></span> <span class='ocrx_word' id='word_1_546' title='bbox 1027 4445 1357 4490; x_wconf 89' lang='lat' dir='ltr'><strong>consecutus</strong></span> <span class='ocrx_word' id='word_1_547' title='bbox 1386 4445 1485 4491; x_wconf 83' lang='lat' dir='ltr'><strong>est.</strong></span> <span class='ocrx_word' id='word_1_548' title='bbox 1522 4437 1704 4492; x_wconf 80' lang='lat' dir='ltr'><strong>Deitas</strong></span> <span class='ocrx_word' id='word_1_549' title='bbox 1743 4438 1811 4493; x_wconf 90' lang='lat' dir='ltr'><strong>ab</strong></span> <span class='ocrx_word' id='word_1_550' title='bbox 1838 4438 2136 4495; x_wconf 62' lang='lat' dir='ltr'><strong>aifectioni»</strong></span> 
     </span>
    </p>
   </div>
   <div class='ocr_carea' id='block_1_76' title="bbox 2236 3238 3809 3310">
    <p class='ocr_par' dir='ltr' id='par_1_76' title="bbox 2236 3238 3809 3310">
     <span class='ocr_line' id='line_1_76' title="bbox 2236 3238 3809 3310; baseline -0.008 -15"><span class='ocrx_word' id='word_1_551' title='bbox 2236 3245 2321 3308; x_wconf 82' lang='grc' dir='ltr'>εἰς</span> <span class='ocrx_word' id='word_1_552' title='bbox 2350 3243 2419 3295; x_wconf 84' lang='grc' dir='ltr'>τὰ</span> <span class='ocrx_word' id='word_1_553' title='bbox 2447 3241 2592 3294; x_wconf 82' lang='grc' dir='ltr'>ἴδια·</span> <span class='ocrx_word' id='word_1_554' title='bbox 2625 3239 2717 3292; x_wconf 75' lang='grc' dir='ltr'>καὶ</span> <span class='ocrx_word' id='word_1_555' title='bbox 2758 3240 2814 3292; x_wconf 85' lang='grc' dir='ltr'>ὲν</span> <span class='ocrx_word' id='word_1_556' title='bbox 2853 3239 3024 3310; x_wconf 79' lang='grc' dir='ltr'>ἑτέρῳ</span> <span class='ocrx_word' id='word_1_557' title='bbox 3075 3238 3237 3291; x_wconf 85' lang='grc' dir='ltr'>πάλιν</span> <span class='ocrx_word' id='word_1_558' title='bbox 3262 3255 3274 3267; x_wconf 91' lang='grc'><strong>·</strong></span> <span class='ocrx_word' id='word_1_559' title='bbox 3311 3241 3415 3304; x_wconf 85' lang='grc' dir='ltr'>Ὃς</span> <span class='ocrx_word' id='word_1_560' title='bbox 3461 3239 3556 3293; x_wconf 75' lang='grc' dir='ltr'><strong>καί</strong></span> <span class='ocrx_word' id='word_1_561' title='bbox 3593 3239 3809 3294; x_wconf 72' lang='grc' dir='ltr'>ἀνέπε.</span> 
     </span>
    </p>
   </div>
   <div class='ocr_carea' id='block_1_77' title="bbox 2235 3330 3816 3400">
    <p class='ocr_par' dir='ltr' id='par_1_77' title="bbox 2235 3330 3816 3400">
     <span class='ocr_line' id='line_1_77' title="bbox 2235 3330 3816 3400; baseline 0 -12"><span class='ocrx_word' id='word_1_562' title='bbox 2235 3351 2347 3388; x_wconf 69' lang='lat' dir='ltr'><strong>(rer</strong></span> <span class='ocrx_word' id='word_1_563' title='bbox 2378 3335 2448 3387; x_wconf 83' lang='grc' dir='ltr'><strong>ἐν</strong></span> <span class='ocrx_word' id='word_1_564' title='bbox 2474 3333 2554 3398; x_wconf 86' lang='grc' dir='ltr'>τῷ</span> <span class='ocrx_word' id='word_1_565' title='bbox 2582 3332 2806 3396; x_wconf 82' lang='grc' dir='ltr'>δείπνῳ</span> <span class='ocrx_word' id='word_1_566' title='bbox 2851 3332 2950 3386; x_wconf 78' lang='grc' dir='ltr'><strong>ἐπὶ</strong></span> <span class='ocrx_word' id='word_1_567' title='bbox 2976 3332 3041 3386; x_wconf 88' lang='grc' dir='ltr'>τὸ</span> <span class='ocrx_word' id='word_1_568' title='bbox 3081 3330 3306 3400; x_wconf 84' lang='grc' dir='ltr'>στῆθος</span> <span class='ocrx_word' id='word_1_569' title='bbox 3335 3332 3546 3396; x_wconf 82' lang='grc' dir='ltr'>αὑτοῦ,</span> <span class='ocrx_word' id='word_1_570' title='bbox 3591 3332 3694 3386; x_wconf 77' lang='grc' dir='ltr'><strong>καί</strong></span> <span class='ocrx_word' id='word_1_571' title='bbox 3731 3330 3816 3388; x_wconf 78' lang='grc' dir='ltr'><strong>εἶ-</strong></span> 
     </span>
    </p>
   </div>
   <div class='ocr_carea' id='block_1_78' title="bbox 2235 3424 3816 3496">
    <p class='ocr_par' dir='ltr' id='par_1_78' title="bbox 2235 3424 3816 3496">
     <span class='ocr_line' id='line_1_78' title="bbox 2235 3424 3816 3496; baseline 0.001 -16"><span class='ocrx_word' id='word_1_572' title='bbox 2235 3442 2349 3481; x_wconf 75' lang='grc' dir='ltr'>πεν</span> <span class='ocrx_word' id='word_1_573' title='bbox 2371 3443 2383 3456; x_wconf 90' lang='grc'><strong>·</strong></span> <span class='ocrx_word' id='word_1_574' title='bbox 2411 3429 2606 3496; x_wconf 81' lang='grc' dir='ltr'>Κύριε,</span> <span class='ocrx_word' id='word_1_575' title='bbox 2637 3426 2729 3493; x_wconf 84' lang='grc' dir='ltr'><strong>τίς</strong></span> <span class='ocrx_word' id='word_1_576' title='bbox 2775 3426 2947 3480; x_wconf 84' lang='grc' dir='ltr'>ἐστιν</span> <span class='ocrx_word' id='word_1_577' title='bbox 3007 3429 3040 3480; x_wconf 85' lang='grc' dir='ltr'><strong>ό</strong></span> <span class='ocrx_word' id='word_1_578' title='bbox 3063 3424 3429 3493; x_wconf 68' lang='grc' dir='ltr'>παραδιδούς</span> <span class='ocrx_word' id='word_1_579' title='bbox 3472 3442 3586 3491; x_wconf 86' lang='grc' dir='ltr'><strong>σε;</strong></span> <span class='ocrx_word' id='word_1_580' title='bbox 3620 3428 3816 3481; x_wconf 75' lang='grc' dir='ltr'>Ταῦτα</span> 
     </span>
    </p>
   </div>
   <div class='ocr_carea' id='block_1_79' title="bbox 2235 3518 3816 3592">
    <p class='ocr_par' dir='ltr' id='par_1_79' title="bbox 2235 3518 3816 3592">
     <span class='ocr_line' id='line_1_79' title="bbox 2235 3518 3816 3592; baseline 0 -19"><span class='ocrx_word' id='word_1_581' title='bbox 2235 3518 2657 3592; x_wconf 76' lang='grc' dir='ltr'>ἀποκληρωτικα</span> <span class='ocrx_word' id='word_1_582' title='bbox 2710 3519 2899 3590; x_wconf 87' lang='grc' dir='ltr'>ὥσπερ</span> <span class='ocrx_word' id='word_1_583' title='bbox 2940 3521 3063 3572; x_wconf 80' lang='grc' dir='ltr'>τινα</span> <span class='ocrx_word' id='word_1_584' title='bbox 3106 3519 3228 3571; x_wconf 78' lang='grc' dir='ltr'>ἕδνα</span> <span class='ocrx_word' id='word_1_585' title='bbox 3285 3518 3526 3587; x_wconf 87' lang='grc' dir='ltr'>βασίλεια</span> <span class='ocrx_word' id='word_1_586' title='bbox 3580 3520 3660 3589; x_wconf 83' lang='grc' dir='ltr'>τῷ</span> <span class='ocrx_word' id='word_1_587' title='bbox 3691 3520 3816 3573; x_wconf 90' lang='grc' dir='ltr'>θεο-</span> 
     </span>
    </p>
   </div>
   <div class='ocr_carea' id='block_1_80' title="bbox 2234 3607 3818 3685">
    <p class='ocr_par' dir='ltr' id='par_1_80' title="bbox 2234 3607 3818 3685">
     <span class='ocr_line' id='line_1_80' title="bbox 2234 3607 3818 3685; baseline 0 -21"><span class='ocrx_word' id='word_1_588' title='bbox 2234 3611 2398 3684; x_wconf 85' lang='grc' dir='ltr'>λόγῳ,</span> <span class='ocrx_word' id='word_1_589' title='bbox 2449 3613 2594 3685; x_wconf 78' lang='grc' dir='ltr'>φημὶ</span> <span class='ocrx_word' id='word_1_590' title='bbox 2621 3612 2684 3681; x_wconf 86' lang='grc' dir='ltr'>δὴ</span> <span class='ocrx_word' id='word_1_591' title='bbox 2714 3612 2774 3664; x_wconf 86' lang='grc' dir='ltr'><strong>τὸ</strong></span> <span class='ocrx_word' id='word_1_592' title='bbox 2815 3612 2934 3664; x_wconf 85' lang='grc' dir='ltr'>κατ’</span> <span class='ocrx_word' id='word_1_593' title='bbox 2984 3610 3178 3680; x_wconf 79' lang='grc' dir='ltr'>ἐξοχὴν</span> <span class='ocrx_word' id='word_1_594' title='bbox 3218 3607 3368 3676; x_wconf 77' lang='grc' dir='ltr'>παρὰ</span> <span class='ocrx_word' id='word_1_595' title='bbox 3416 3609 3543 3673; x_wconf 85' lang='grc' dir='ltr'>τοὺς</span> <span class='ocrx_word' id='word_1_596' title='bbox 3586 3611 3818 3673; x_wconf 78' lang='grc' dir='ltr'>λοιποὺς</span> 
     </span>
    </p>
   </div>
   <div class='ocr_carea' id='block_1_81' title="bbox 2240 3696 3820 3775">
    <p class='ocr_par' dir='ltr' id='par_1_81' title="bbox 2240 3696 3820 3775">
     <span class='ocr_line' id='line_1_81' title="bbox 2240 3696 3820 3775; baseline -0.003 -18"><span class='ocrx_word' id='word_1_597' title='bbox 2240 3705 2484 3775; x_wconf 86' lang='grc' dir='ltr'>μαθητὰς</span> <span class='ocrx_word' id='word_1_598' title='bbox 2525 3703 2630 3756; x_wconf 81' lang='grc' dir='ltr'><strong>ὑπὸ</strong></span> <span class='ocrx_word' id='word_1_599' title='bbox 2675 3702 2847 3772; x_wconf 86' lang='grc' dir='ltr'>Ἰησοῦ</span> <span class='ocrx_word' id='word_1_600' title='bbox 2878 3701 3193 3769; x_wconf 73' lang='grc' dir='ltr'>ἀγαπᾶσθαι</span> <span class='ocrx_word' id='word_1_601' title='bbox 3222 3716 3232 3728; x_wconf 96' lang='grc'><strong>·</strong></span> <span class='ocrx_word' id='word_1_602' title='bbox 3263 3701 3296 3770; x_wconf 82' lang='grc' dir='ltr'>ἥ</span> <span class='ocrx_word' id='word_1_603' title='bbox 3327 3716 3384 3752; x_wconf 90' lang='grc' dir='ltr'><strong>τε</strong></span> <span class='ocrx_word' id='word_1_604' title='bbox 3432 3700 3524 3751; x_wconf 80' lang='grc' dir='ltr'><strong>ἐπὶ</strong></span> <span class='ocrx_word' id='word_1_605' title='bbox 3541 3696 3641 3752; x_wconf 77' lang='grc' dir='ltr'><strong>τοῦ</strong></span> <span class='ocrx_word' id='word_1_606' title='bbox 3679 3701 3820 3770; x_wconf 81' lang='grc' dir='ltr'>ἀκηο</span> 
     </span>
    </p>
   </div>
   <div class='ocr_carea' id='block_1_82' title="bbox 2239 3790 3816 3864">
    <p class='ocr_par' dir='ltr' id='par_1_82' title="bbox 2239 3790 3816 3864">
     <span class='ocr_line' id='line_1_82' title="bbox 2239 3790 3816 3864; baseline -0.01 -16"><span class='ocrx_word' id='word_1_607' title='bbox 2239 3798 2401 3864; x_wconf 87' lang='grc' dir='ltr'>ράτου</span> <span class='ocrx_word' id='word_1_608' title='bbox 2456 3795 2683 3864; x_wconf 87' lang='grc' dir='ltr'>στήθους</span> <span class='ocrx_word' id='word_1_609' title='bbox 2730 3794 3065 3852; x_wconf 79' lang='grc' dir='ltr'>ὲπίπτωσις·</span> <span class='ocrx_word' id='word_1_610' title='bbox 3099 3790 3232 3859; x_wconf 82' lang='grc' dir='ltr'>πρὸς</span> <span class='ocrx_word' id='word_1_611' title='bbox 3266 3791 3343 3860; x_wconf 85' lang='grc' dir='ltr'><strong>τῷ</strong></span> <span class='ocrx_word' id='word_1_612' title='bbox 3389 3791 3479 3845; x_wconf 81' lang='grc' dir='ltr'><strong>καὶ</strong></span> <span class='ocrx_word' id='word_1_613' title='bbox 3505 3791 3622 3844; x_wconf 77' lang='grc' dir='ltr'>υἱὸν</span> <span class='ocrx_word' id='word_1_614' title='bbox 3650 3793 3816 3862; x_wconf 80' lang='grc' dir='ltr'><strong>εῐρῆ..</strong></span> 
     </span>
    </p>
   </div>
   <div class='ocr_carea' id='block_1_83' title="bbox 2237 3883 3820 3957">
    <p class='ocr_par' dir='ltr' id='par_1_83' title="bbox 2237 3883 3820 3957">
     <span class='ocr_line' id='line_1_83' title="bbox 2237 3883 3820 3957; baseline -0.003 -15"><span class='ocrx_word' id='word_1_615' title='bbox 2237 3889 2360 3942; x_wconf 85' lang='grc' dir='ltr'>σθαι</span> <span class='ocrx_word' id='word_1_616' title='bbox 2404 3889 2499 3957; x_wconf 81' lang='grc' dir='ltr'><strong>τῆς</strong></span> <span class='ocrx_word' id='word_1_617' title='bbox 2549 3887 2889 3957; x_wconf 86' lang='grc' dir='ltr'>Θεομήτορος</span> <span class='ocrx_word' id='word_1_618' title='bbox 2913 3902 2926 3916; x_wconf 72' lang='grc' dir='ltr'><strong>ο</strong></span> <span class='ocrx_word' id='word_1_619' title='bbox 2955 3885 3031 3947; x_wconf 84' lang='grc' dir='ltr'>ὡς</span> <span class='ocrx_word' id='word_1_620' title='bbox 3066 3884 3273 3956; x_wconf 83' lang='grc' dir='ltr'>φοϐερὰ</span> <span class='ocrx_word' id='word_1_621' title='bbox 3314 3883 3382 3937; x_wconf 83' lang='grc' dir='ltr'><strong>τὰ</strong></span> <span class='ocrx_word' id='word_1_622' title='bbox 3411 3885 3555 3955; x_wconf 88' lang='grc' dir='ltr'>τρία,</span> <span class='ocrx_word' id='word_1_623' title='bbox 3583 3884 3820 3957; x_wconf 83' lang='grc' dir='ltr'>θάτερον</span> 
     </span>
    </p>
   </div>
   <div class='ocr_carea' id='block_1_84' title="bbox 2235 3977 3822 4051">
    <p class='ocr_par' dir='ltr' id='par_1_84' title="bbox 2235 3977 3822 4051">
     <span class='ocr_line' id='line_1_84' title="bbox 2235 3977 3822 4051; baseline -0.004 -15"><span class='ocrx_word' id='word_1_624' title='bbox 2235 3981 2461 4051; x_wconf 86' lang='grc' dir='ltr'>θατέρου</span> <span class='ocrx_word' id='word_1_625' title='bbox 2497 3979 2948 4050; x_wconf 84' lang='grc' dir='ltr'>ὑπεραιρόμενον,</span> <span class='ocrx_word' id='word_1_626' title='bbox 2982 3980 3077 4032; x_wconf 70' lang='grc' dir='ltr'><strong>καὶ</strong></span> <span class='ocrx_word' id='word_1_627' title='bbox 3104 3979 3332 4031; x_wconf 83' lang='grc' dir='ltr'>’ἑκαστον</span> <span class='ocrx_word' id='word_1_628' title='bbox 3358 3977 3544 4044; x_wconf 86' lang='grc' dir='ltr'>ἴλιγγά</span> <span class='ocrx_word' id='word_1_629' title='bbox 3573 3995 3662 4048; x_wconf 89' lang='grc' dir='ltr'><strong>μοι</strong></span> <span class='ocrx_word' id='word_1_630' title='bbox 3720 3980 3822 4047; x_wconf 75' lang='grc' dir='ltr'>φέ-</span> 
     </span>
    </p>
   </div>
   <div class='ocr_carea' id='block_1_85' title="bbox 2238 4071 3817 4144">
    <p class='ocr_par' dir='ltr' id='par_1_85' title="bbox 2238 4071 3817 4144">
     <span class='ocr_line' id='line_1_85' title="bbox 2238 4071 3817 4144; baseline -0.004 -16"><span class='ocrx_word' id='word_1_631' title='bbox 2238 4092 2327 4144; x_wconf 91' lang='grc' dir='ltr'><strong>ρον</strong></span> <span class='ocrx_word' id='word_1_632' title='bbox 2360 4075 2628 4143; x_wconf 84' lang='grc' dir='ltr'>νοήματος</span> <span class='ocrx_word' id='word_1_633' title='bbox 2653 4072 2727 4134; x_wconf 84' lang='grc' dir='ltr'>ὠς</span> <span class='ocrx_word' id='word_1_634' title='bbox 2766 4071 3154 4142; x_wconf 81' lang='grc' dir='ltr'>ὲξαισιώμενον</span> <span class='ocrx_word' id='word_1_635' title='bbox 3175 4088 3188 4102; x_wconf 75' lang='grc' dir='ltr'><strong>ο</strong></span> <span class='ocrx_word' id='word_1_636' title='bbox 3243 4071 3494 4140; x_wconf 78' lang='grc' dir='ltr'>Ἀνδρέας</span> <span class='ocrx_word' id='word_1_637' title='bbox 3537 4072 3595 4122; x_wconf 80' lang='grc' dir='ltr'>ἐν</span> <span class='ocrx_word' id='word_1_638' title='bbox 3627 4071 3817 4141; x_wconf 68' lang='grc' dir='ltr'>μαθη-</span> 
     </span>
    </p>
   </div>
   <div class='ocr_carea' id='block_1_86' title="bbox 2235 4162 3823 4236">
    <p class='ocr_par' dir='ltr' id='par_1_86' title="bbox 2235 4162 3823 4236">
     <span class='ocr_line' id='line_1_86' title="bbox 2235 4162 3823 4236; baseline -0.003 -16"><span class='ocrx_word' id='word_1_639' title='bbox 2235 4169 2354 4229; x_wconf 81' lang='grc' dir='ltr'>ταῖς</span> <span class='ocrx_word' id='word_1_640' title='bbox 2383 4164 2789 4236; x_wconf 85' lang='grc' dir='ltr'>πρωτὸκλητος,</span> <span class='ocrx_word' id='word_1_641' title='bbox 2820 4163 2933 4217; x_wconf 84' lang='grc' dir='ltr'>ἀλλ’</span> <span class='ocrx_word' id='word_1_642' title='bbox 2958 4162 3113 4217; x_wconf 79' lang='grc' dir='ltr'>οὔπω</span> <span class='ocrx_word' id='word_1_643' title='bbox 3137 4163 3420 4233; x_wconf 76' lang='grc' dir='ltr'>ἀγαπητὸν</span> <span class='ocrx_word' id='word_1_644' title='bbox 3473 4163 3646 4232; x_wconf 74' lang='grc' dir='ltr'>Ἰησοῦ</span> <span class='ocrx_word' id='word_1_645' title='bbox 3679 4164 3823 4217; x_wconf 80' lang='grc' dir='ltr'>ἑαυ-</span> 
     </span>
    </p>
   </div>
   <div class='ocr_carea' id='block_1_87' title="bbox 2235 4247 3829 4327">
    <p class='ocr_par' dir='ltr' id='par_1_87' title="bbox 2235 4247 3829 4327">
     <span class='ocr_line' id='line_1_87' title="bbox 2235 4247 3829 4327; baseline -0.001 -20"><span class='ocrx_word' id='word_1_646' title='bbox 2235 4257 2324 4307; x_wconf 84' lang='grc' dir='ltr'><strong>τὸν</strong></span> <span class='ocrx_word' id='word_1_647' title='bbox 2352 4253 2638 4321; x_wconf 82' lang='grc' dir='ltr'>ὠνόμακεν</span> <span class='ocrx_word' id='word_1_648' title='bbox 2667 4254 2739 4316; x_wconf 83' lang='grc' dir='ltr'>ὡς</span> <span class='ocrx_word' id='word_1_649' title='bbox 2773 4247 2928 4319; x_wconf 64' lang='grc' dir='ltr'>οὗτος</span> <span class='ocrx_word' id='word_1_650' title='bbox 2951 4269 2966 4283; x_wconf 75' lang='grc' dir='ltr'><strong><em>ο</em></strong></span> <span class='ocrx_word' id='word_1_651' title='bbox 3008 4253 3210 4323; x_wconf 82' lang='grc' dir='ltr'>Πέτρος</span> <span class='ocrx_word' id='word_1_652' title='bbox 3261 4252 3663 4321; x_wconf 85' lang='grc' dir='ltr'>πρωτόθρονος,</span> <span class='ocrx_word' id='word_1_653' title='bbox 3695 4254 3829 4327; x_wconf 28' lang='grc' dir='ltr'>ἀλλ’,</span> 
     </span>
    </p>
   </div>
   <div class='ocr_carea' id='block_1_88' title="bbox 2236 4343 3826 4415">
    <p class='ocr_par' dir='ltr' id='par_1_88' title="bbox 2236 4343 3826 4415">
     <span class='ocr_line' id='line_1_88' title="bbox 2236 4343 3826 4415; baseline -0.001 -16"><span class='ocrx_word' id='word_1_654' title='bbox 2236 4347 2344 4399; x_wconf 77' lang='grc' dir='ltr'>οὐδ’</span> <span class='ocrx_word' id='word_1_655' title='bbox 2375 4346 2534 4409; x_wconf 76' lang='grc' dir='ltr'>αὐτὸς</span> <span class='ocrx_word' id='word_1_656' title='bbox 2565 4346 2666 4414; x_wconf 83' lang='grc' dir='ltr'>τῆς</span> <span class='ocrx_word' id='word_1_657' title='bbox 2699 4345 2957 4415; x_wconf 83' lang='grc' dir='ltr'>τοιαύτης</span> <span class='ocrx_word' id='word_1_658' title='bbox 2991 4345 3359 4415; x_wconf 77' lang='grc' dir='ltr'>προσηγορίας</span> <span class='ocrx_word' id='word_1_659' title='bbox 3382 4343 3706 4413; x_wconf 74' lang='grc' dir='ltr'>τετύχηκεν.</span> <span class='ocrx_word' id='word_1_660' title='bbox 3745 4347 3826 4398; x_wconf 79' lang='grc' dir='ltr'>Τὸ</span> 
     </span>
    </p>
   </div>
   <div class='ocr_carea' id='block_1_89' title="bbox 2239 4435 3826 4506">
    <p class='ocr_par' dir='ltr' id='par_1_89' title="bbox 2239 4435 3826 4506">
     <span class='ocr_line' id='line_1_89' title="bbox 2239 4435 3826 4506; baseline 0 -16"><span class='ocrx_word' id='word_1_661' title='bbox 2239 4438 2380 4490; x_wconf 86' lang='grc' dir='ltr'>θεῖον</span> <span class='ocrx_word' id='word_1_662' title='bbox 2411 4437 2619 4500; x_wconf 89' lang='grc' dir='ltr'>ἀπαθές</span> <span class='ocrx_word' id='word_1_663' title='bbox 2645 4454 2656 4466; x_wconf 88' lang='grc'><strong>·</strong></span> <span class='ocrx_word' id='word_1_664' title='bbox 2691 4436 2924 4506; x_wconf 85' lang='grc' dir='ltr'>Χριστὸς</span> <span class='ocrx_word' id='word_1_665' title='bbox 2956 4436 3012 4500; x_wconf 78' lang='grc' dir='ltr'>ἐξ</span> <span class='ocrx_word' id='word_1_666' title='bbox 3051 4435 3165 4487; x_wconf 83' lang='grc' dir='ltr'>ἴσου</span> <span class='ocrx_word' id='word_1_667' title='bbox 3191 4435 3364 4488; x_wconf 81' lang='grc' dir='ltr'>ἆπασι</span> <span class='ocrx_word' id='word_1_668' title='bbox 3409 4435 3508 4503; x_wconf 74' lang='grc' dir='ltr'>τὴν</span> <span class='ocrx_word' id='word_1_669' title='bbox 3554 4438 3652 4505; x_wconf 74' lang='grc' dir='ltr'>τῆς</span> <span class='ocrx_word' id='word_1_670' title='bbox 3679 4437 3826 4504; x_wconf 83' lang='grc' dir='ltr'><strong>ἁ.γά-</strong></span> 
     </span>
    </p>
   </div>
   <div class='ocr_carea' id='block_1_90' title="bbox 575 4522 2127 4603">
    <p class='ocr_par' dir='ltr' id='par_1_90' title="bbox 575 4529 2127 4603">
     <span class='ocr_line' id='line_1_90' title="bbox 575 4529 2127 4603; baseline 0.005 -21"><span class='ocrx_word' id='word_1_671' title='bbox 575 4530 677 4583; x_wconf 83' lang='lat' dir='ltr'><strong>bus</strong></span> <span class='ocrx_word' id='word_1_672' title='bbox 703 4531 959 4585; x_wconf 92' lang='lat' dir='ltr'><strong>immunis</strong></span> <span class='ocrx_word' id='word_1_673' title='bbox 989 4538 1091 4585; x_wconf 88' lang='lat' dir='ltr'><strong>est.</strong></span> <span class='ocrx_word' id='word_1_674' title='bbox 1114 4529 1369 4586; x_wconf 89' lang='lat' dir='ltr'><strong>Christus</strong></span> <span class='ocrx_word' id='word_1_675' title='bbox 1408 4547 1474 4585; x_wconf 82' lang='lat' dir='ltr'><strong>ex</strong></span> <span class='ocrx_word' id='word_1_676' title='bbox 1515 4548 1671 4603; x_wconf 62' lang='lat' dir='ltr'><strong>sequo</strong></span> <span class='ocrx_word' id='word_1_677' title='bbox 1699 4534 1970 4590; x_wconf 88' lang='lat' dir='ltr'><strong>universis</strong></span> <span class='ocrx_word' id='word_1_678' title='bbox 2001 4534 2127 4589; x_wconf 92' lang='lat' dir='ltr'><strong>dile-</strong></span> 
     </span>
    </p>
   </div>
   <div class='ocr_carea' id='block_1_91' title="bbox 2232 4522 3850 4603">
    <p class='ocr_par' dir='ltr' id='par_1_91' title="bbox 2243 4527 3850 4599">
     <span class='ocr_line' id='line_1_91' title="bbox 2243 4527 3850 4599; baseline 0.001 -17"><span class='ocrx_word' id='word_1_679' title='bbox 2243 4547 2352 4599; x_wconf 88' lang='grc' dir='ltr'><strong>πης</strong></span> <span class='ocrx_word' id='word_1_680' title='bbox 2397 4532 2590 4583; x_wconf 83' lang='grc' dir='ltr'>ἀκτῖνα</span> <span class='ocrx_word' id='word_1_681' title='bbox 2648 4530 2872 4599; x_wconf 84' lang='grc' dir='ltr'>ἀφίησιν</span> <span class='ocrx_word' id='word_1_682' title='bbox 2899 4545 2912 4559; x_wconf 86' lang='grc'><strong>·</strong></span> <span class='ocrx_word' id='word_1_683' title='bbox 2943 4527 3116 4590; x_wconf 85' lang='grc' dir='ltr'>ἄλλως</span> <span class='ocrx_word' id='word_1_684' title='bbox 3170 4544 3230 4580; x_wconf 87' lang='grc' dir='ltr'><strong>τε</strong></span> <span class='ocrx_word' id='word_1_685' title='bbox 3276 4529 3325 4580; x_wconf 74' lang='grc' dir='ltr'>εἰ</span> <span class='ocrx_word' id='word_1_686' title='bbox 3366 4527 3571 4598; x_wconf 82' lang='grc' dir='ltr'>Πέτρος</span> <span class='ocrx_word' id='word_1_687' title='bbox 3625 4528 3850 4584; x_wconf 81' lang='grc' dir='ltr'>πλεῖον,</span> 
     </span>
    </p>
   </div>
   <div class='ocr_carea' id='block_1_92' title="bbox 571 4621 2132 4690">
    <p class='ocr_par' dir='ltr' id='par_1_92' title="bbox 571 4621 2132 4690">
     <span class='ocr_line' id='line_1_92' title="bbox 571 4621 2132 4690; baseline 0.004 -16"><span class='ocrx_word' id='word_1_688' title='bbox 571 4621 769 4675; x_wconf 89' lang='lat' dir='ltr'><strong>ctionis</strong></span> <span class='ocrx_word' id='word_1_689' title='bbox 817 4621 1029 4675; x_wconf 87' lang='lat' dir='ltr'><strong>radium</strong></span> <span class='ocrx_word' id='word_1_690' title='bbox 1067 4622 1332 4676; x_wconf 90' lang='lat' dir='ltr'><strong>immittit.</strong></span> <span class='ocrx_word' id='word_1_691' title='bbox 1378 4621 1643 4677; x_wconf 66' lang='lat' dir='ltr'><strong>Prmterea</strong></span> <span class='ocrx_word' id='word_1_692' title='bbox 1682 4624 1989 4690; x_wconf 85' lang='lat' dir='ltr'><strong>:siquidem</strong></span> <span class='ocrx_word' id='word_1_693' title='bbox 2034 4624 2132 4680; x_wconf 89' lang='lat' dir='ltr'><strong>Pe-</strong></span> 
     </span>
    </p>
   </div>
   <div class='ocr_carea' id='block_1_93' title="bbox 569 4714 2130 4785">
    <p class='ocr_par' dir='ltr' id='par_1_93' title="bbox 569 4714 2130 4785">
     <span class='ocr_line' id='line_1_93' title="bbox 569 4714 2130 4785; baseline 0.004 -21"><span class='ocrx_word' id='word_1_694' title='bbox 569 4723 684 4768; x_wconf 84' lang='lat' dir='ltr'><strong>trus</strong></span> <span class='ocrx_word' id='word_1_695' title='bbox 741 4715 863 4782; x_wconf 89' lang='lat' dir='ltr'><strong>plus</strong></span> <span class='ocrx_word' id='word_1_696' title='bbox 927 4714 1181 4769; x_wconf 88' lang='lat' dir='ltr'><strong>omnibus</strong></span> <span class='ocrx_word' id='word_1_697' title='bbox 1234 4723 1417 4780; x_wconf 88' lang='lat' dir='ltr'><strong>amat,</strong></span> <span class='ocrx_word' id='word_1_698' title='bbox 1481 4722 1542 4769; x_wconf 89' lang='lat' dir='ltr'><strong>ut</strong></span> <span class='ocrx_word' id='word_1_699' title='bbox 1605 4715 1719 4783; x_wconf 90' lang='lat' dir='ltr'><strong>ipse</strong></span> <span class='ocrx_word' id='word_1_700' title='bbox 1770 4717 2130 4785; x_wconf 80' lang='lat' dir='ltr'><strong>interrogatus</strong></span> 
     </span>
    </p>
   </div>
   <div class='ocr_carea' id='block_1_94' title="bbox 564 4803 2128 4876">
    <p class='ocr_par' dir='ltr' id='par_1_94' title="bbox 564 4803 2128 4876">
     <span class='ocr_line' id='line_1_94' title="bbox 564 4803 2128 4876; baseline 0.004 -22"><span class='ocrx_word' id='word_1_701' title='bbox 564 4803 851 4860; x_wconf 74' lang='lat' dir='ltr'><strong>confessus</strong></span> <span class='ocrx_word' id='word_1_702' title='bbox 892 4806 1058 4869; x_wconf 80' lang='lat' dir='ltr'><strong>est&quot;,</strong></span> <span class='ocrx_word' id='word_1_703' title='bbox 1087 4804 1448 4876; x_wconf 85' lang='lat' dir='ltr'><strong>Christusque</strong></span> <span class='ocrx_word' id='word_1_704' title='bbox 1488 4806 1887 4862; x_wconf 87' lang='lat' dir='ltr'><strong>confessionem</strong></span> <span class='ocrx_word' id='word_1_705' title='bbox 1932 4808 2128 4862; x_wconf 87' lang='lat' dir='ltr'><strong>confir-</strong></span> 
     </span>
    </p>
   </div>
   <div class='ocr_carea' id='block_1_95' title="bbox 561 4895 2123 4968">
    <p class='ocr_par' dir='ltr' id='par_1_95' title="bbox 561 4895 2123 4968">
     <span class='ocr_line' id='line_1_95' title="bbox 561 4895 2123 4968; baseline 0.004 -20"><span class='ocrx_word' id='word_1_706' title='bbox 561 4895 761 4960; x_wconf 88' lang='lat' dir='ltr'><strong>mavit,</strong></span> <span class='ocrx_word' id='word_1_707' title='bbox 811 4896 950 4948; x_wconf 84' lang='lat' dir='ltr'><strong>trina</strong></span> <span class='ocrx_word' id='word_1_708' title='bbox 1008 4896 1095 4950; x_wconf 84' lang='lat' dir='ltr'><strong>illa</strong></span> <span class='ocrx_word' id='word_1_709' title='bbox 1154 4897 1580 4968; x_wconf 78' lang='lat' dir='ltr'><strong>interrogatione</strong></span> <span class='ocrx_word' id='word_1_710' title='bbox 1625 4914 1686 4952; x_wconf 90' lang='lat' dir='ltr'><strong>ac</strong></span> <span class='ocrx_word' id='word_1_711' title='bbox 1737 4900 2123 4967; x_wconf 89' lang='lat' dir='ltr'><strong>responsione;</strong></span> 
     </span>
    </p>
   </div>
   <div class='ocr_carea' id='block_1_96' title="bbox 559 4985 2124 5058">
    <p class='ocr_par' dir='ltr' id='par_1_96' title="bbox 559 4985 2124 5058">
     <span class='ocr_line' id='line_1_96' title="bbox 559 4985 2124 5058; baseline 0.006 -22"><span class='ocrx_word' id='word_1_712' title='bbox 559 4985 784 5054; x_wconf 73' lang='lat' dir='ltr'><strong>eiusque</strong></span> <span class='ocrx_word' id='word_1_713' title='bbox 811 4986 1178 5041; x_wconf 84' lang='lat' dir='ltr'><strong>confessionis</strong></span> <span class='ocrx_word' id='word_1_714' title='bbox 1207 4989 1454 5057; x_wconf 83' lang='lat' dir='ltr'><strong>praemio,</strong></span> <span class='ocrx_word' id='word_1_715' title='bbox 1481 5005 1679 5043; x_wconf 86' lang='lat' dir='ltr'><strong>munus</strong></span> <span class='ocrx_word' id='word_1_716' title='bbox 1702 4989 1838 5042; x_wconf 88' lang='lat' dir='ltr'><strong>alios</strong></span> <span class='ocrx_word' id='word_1_717' title='bbox 1867 4992 2124 5058; x_wconf 81' lang='lat' dir='ltr'><strong>pascendi</strong></span> 
     </span>
    </p>
   </div>
   <div class='ocr_carea' id='block_1_97' title="bbox 559 5077 2125 5147">
    <p class='ocr_par' dir='ltr' id='par_1_97' title="bbox 559 5077 2125 5147">
     <span class='ocr_line' id='line_1_97' title="bbox 559 5077 2125 5147; baseline 0.004 -18"><span class='ocrx_word' id='word_1_718' title='bbox 559 5077 799 5146; x_wconf 88' lang='lat' dir='ltr'><strong>accepit;</strong></span> <span class='ocrx_word' id='word_1_719' title='bbox 831 5078 950 5146; x_wconf 75' lang='lat' dir='ltr'><strong>plus</strong></span> <span class='ocrx_word' id='word_1_720' title='bbox 997 5077 1228 5132; x_wconf 88' lang='lat' dir='ltr'><strong>fortasse</strong></span> <span class='ocrx_word' id='word_1_721' title='bbox 1274 5081 1436 5133; x_wconf 89' lang='lat' dir='ltr'><strong>etiam</strong></span> <span class='ocrx_word' id='word_1_722' title='bbox 1471 5079 1655 5133; x_wconf 90' lang='lat' dir='ltr'><strong>debuit</strong></span> <span class='ocrx_word' id='word_1_723' title='bbox 1703 5081 2006 5147; x_wconf 86' lang='lat' dir='ltr'><strong>redamari;</strong></span> <span class='ocrx_word' id='word_1_724' title='bbox 2043 5099 2125 5136; x_wconf 82' lang='lat' dir='ltr'><strong>rc-</strong></span> 
     </span>
    </p>
   </div>
   <div class='ocr_carea' id='block_1_98' title="bbox 559 5168 2126 5240">
    <p class='ocr_par' dir='ltr' id='par_1_98' title="bbox 559 5168 2126 5240">
     <span class='ocr_line' id='line_1_98' title="bbox 559 5168 2126 5240; baseline 0.003 -20"><span class='ocrx_word' id='word_1_725' title='bbox 559 5169 696 5222; x_wconf 82' lang='lat' dir='ltr'><strong>ﬂexo</strong></span> <span class='ocrx_word' id='word_1_726' title='bbox 734 5182 959 5222; x_wconf 87' lang='lat' dir='ltr'><strong>munere</strong></span> <span class='ocrx_word' id='word_1_727' title='bbox 999 5183 1062 5222; x_wconf 91' lang='lat' dir='ltr'><strong>ac</strong></span> <span class='ocrx_word' id='word_1_728' title='bbox 1103 5170 1401 5237; x_wconf 83' lang='lat' dir='ltr'><strong>reciproco.</strong></span> <span class='ocrx_word' id='word_1_729' title='bbox 1444 5168 1709 5224; x_wconf 82' lang='lat' dir='ltr'><strong>Existimo</strong></span> <span class='ocrx_word' id='word_1_730' title='bbox 1747 5183 1925 5224; x_wconf 85' lang='lat' dir='ltr'><strong>autem</strong></span> <span class='ocrx_word' id='word_1_731' title='bbox 1963 5172 2126 5240; x_wconf 78' lang='lat' dir='ltr'><strong>virgi-</strong></span> 
     </span>
    </p>
   </div>
   <div class='ocr_carea' id='block_1_99' title="bbox 558 5259 2122 5330">
    <p class='ocr_par' dir='ltr' id='par_1_99' title="bbox 558 5259 2122 5330">
     <span class='ocr_line' id='line_1_99' title="bbox 558 5259 2122 5330; baseline 0.004 -18"><span class='ocrx_word' id='word_1_732' title='bbox 558 5259 745 5314; x_wconf 89' lang='lat' dir='ltr'><strong>nitatis</strong></span> <span class='ocrx_word' id='word_1_733' title='bbox 799 5261 1176 5314; x_wconf 85' lang='lat' dir='ltr'><strong>excellentiam</strong></span> <span class='ocrx_word' id='word_1_734' title='bbox 1237 5262 1288 5314; x_wconf 92' lang='lat' dir='ltr'><strong>in</strong></span> <span class='ocrx_word' id='word_1_735' title='bbox 1338 5277 1503 5317; x_wconf 91' lang='lat' dir='ltr'><strong>causa</strong></span> <span class='ocrx_word' id='word_1_736' title='bbox 1552 5262 1742 5317; x_wconf 86' lang='lat' dir='ltr'><strong>fuisse.</strong></span> <span class='ocrx_word' id='word_1_737' title='bbox 1795 5262 1939 5317; x_wconf 82' lang='lat' dir='ltr'><strong>Cui?</strong></span> <span class='ocrx_word' id='word_1_738' title='bbox 1987 5263 2122 5330; x_wconf 87' lang='lat' dir='ltr'><strong>Quia</strong></span> 
     </span>
    </p>
   </div>
   <div class='ocr_carea' id='block_1_100' title="bbox 557 5350 2119 5422">
    <p class='ocr_par' dir='ltr' id='par_1_100' title="bbox 557 5350 2119 5422">
     <span class='ocr_line' id='line_1_100' title="bbox 557 5350 2119 5422; baseline 0.004 -20"><span class='ocrx_word' id='word_1_739' title='bbox 557 5351 839 5412; x_wconf 90' lang='lat' dir='ltr'><strong>nimirum,</strong></span> <span class='ocrx_word' id='word_1_740' title='bbox 872 5352 1084 5404; x_wconf 91' lang='lat' dir='ltr'><strong>tametsi</strong></span> <span class='ocrx_word' id='word_1_741' title='bbox 1118 5350 1256 5405; x_wconf 91' lang='lat' dir='ltr'><strong>lucis</strong></span> <span class='ocrx_word' id='word_1_742' title='bbox 1287 5353 1471 5407; x_wconf 88' lang='lat' dir='ltr'><strong>radius</strong></span> <span class='ocrx_word' id='word_1_743' title='bbox 1497 5353 1666 5422; x_wconf 66' lang='lat' dir='ltr'><strong>ecquis</strong></span> <span class='ocrx_word' id='word_1_744' title='bbox 1693 5353 2034 5422; x_wconf 88' lang='lat' dir='ltr'><strong>portionibus</strong></span> <span class='ocrx_word' id='word_1_745' title='bbox 2067 5356 2119 5409; x_wconf 91' lang='lat' dir='ltr'><strong>in</strong></span> 
     </span>
    </p>
   </div>
   <div class='ocr_carea' id='block_1_101' title="bbox 558 5443 2122 5516">
    <p class='ocr_par' dir='ltr' id='par_1_101' title="bbox 558 5443 2122 5516">
     <span class='ocr_line' id='line_1_101' title="bbox 558 5443 2122 5516; baseline 0.003 -21"><span class='ocrx_word' id='word_1_746' title='bbox 558 5443 647 5496; x_wconf 91' lang='lat' dir='ltr'><strong>illa</strong></span> <span class='ocrx_word' id='word_1_747' title='bbox 700 5444 919 5512; x_wconf 87' lang='lat' dir='ltr'><strong>specula</strong></span> <span class='ocrx_word' id='word_1_748' title='bbox 970 5443 1241 5496; x_wconf 84' lang='lat' dir='ltr'><strong>incidebat</strong></span> <span class='ocrx_word' id='word_1_749' title='bbox 1283 5447 1431 5512; x_wconf 85' lang='lat' dir='ltr'><strong>(nam</strong></span> <span class='ocrx_word' id='word_1_750' title='bbox 1487 5461 1677 5500; x_wconf 92' lang='lat' dir='ltr'><strong>omnes</strong></span> <span class='ocrx_word' id='word_1_751' title='bbox 1724 5448 1950 5514; x_wconf 80' lang='lat' dir='ltr'><strong>apostoli</strong></span> <span class='ocrx_word' id='word_1_752' title='bbox 2005 5449 2122 5516; x_wconf 86' lang='lat' dir='ltr'><strong>puri</strong></span> 
     </span>
    </p>
   </div>
   <div class='ocr_carea' id='block_1_102' title="bbox 557 5534 2122 5607">
    <p class='ocr_par' dir='ltr' id='par_1_102' title="bbox 557 5534 2122 5607">
     <span class='ocr_line' id='line_1_102' title="bbox 557 5534 2122 5607; baseline 0.003 -20"><span class='ocrx_word' id='word_1_753' title='bbox 557 5543 727 5599; x_wconf 86' lang='lat' dir='ltr'><strong>erant,</strong></span> <span class='ocrx_word' id='word_1_754' title='bbox 771 5543 828 5588; x_wconf 91' lang='lat' dir='ltr'><strong>ut</strong></span> <span class='ocrx_word' id='word_1_755' title='bbox 870 5535 946 5587; x_wconf 91' lang='lat' dir='ltr'><strong>ait</strong></span> <span class='ocrx_word' id='word_1_756' title='bbox 993 5534 1407 5604; x_wconf 83' lang='lat' dir='ltr'><strong>Scriptura”);</strong></span> <span class='ocrx_word' id='word_1_757' title='bbox 1463 5537 1530 5590; x_wconf 92' lang='lat' dir='ltr'><strong>ob</strong></span> <span class='ocrx_word' id='word_1_758' title='bbox 1578 5538 1901 5607; x_wconf 80' lang='lat' dir='ltr'><strong>virginitatis</strong></span> <span class='ocrx_word' id='word_1_759' title='bbox 1943 5548 2122 5594; x_wconf 89' lang='lat' dir='ltr'><strong>tamen</strong></span> 
     </span>
    </p>
   </div>
   <div class='ocr_carea' id='block_1_103' title="bbox 626 5760 1217 5825">
    <p class='ocr_par' dir='ltr' id='par_1_103' title="bbox 626 5760 1217 5825">
     <span class='ocr_line' id='line_1_103' title="bbox 626 5760 1217 5825; baseline -0.005 -8"><span class='ocrx_word' id='word_1_760' title='bbox 626 5765 669 5794; x_wconf 74' lang='grc'><strong>³³</strong></span> <span class='ocrx_word' id='word_1_761' title='bbox 692 5760 834 5818; x_wconf 84' lang='lat' dir='ltr'><strong>Psal.</strong></span> <span class='ocrx_word' id='word_1_762' title='bbox 862 5777 1123 5825; x_wconf 76' lang='lat' dir='ltr'><strong>cxxxvnt,</strong></span> <span class='ocrx_word' id='word_1_763' title='bbox 1166 5762 1217 5814; x_wconf 84' lang='grc'><strong>6.</strong></span> 
     </span>
    </p>
   </div>
   <div class='ocr_carea' id='block_1_104' title="bbox 1301 5760 2482 5826">
    <p class='ocr_par' dir='ltr' id='par_1_104' title="bbox 1301 5760 2482 5826">
     <span class='ocr_line' id='line_1_104' title="bbox 1301 5760 2482 5826; baseline 0.002 -11"><span class='ocrx_word' id='word_1_764' title='bbox 1301 5761 1518 5815; x_wconf 76' lang='lat' dir='ltr'><strong>&quot;Joan.</strong></span> <span class='ocrx_word' id='word_1_765' title='bbox 1558 5778 1668 5824; x_wconf 59' lang='grc' dir='ltr'>χιι,</span> <span class='ocrx_word' id='word_1_766' title='bbox 1698 5760 1785 5824; x_wconf 73' lang='grc'>26,</span> <span class='ocrx_word' id='word_1_767' title='bbox 1811 5760 1902 5816; x_wconf 79' lang='lat'><strong>‘27.</strong></span> <span class='ocrx_word' id='word_1_768' title='bbox 1986 5763 2025 5792; x_wconf 85' lang='grc'><strong>¹⁵</strong></span> <span class='ocrx_word' id='word_1_769' title='bbox 2055 5761 2209 5816; x_wconf 84' lang='lat' dir='ltr'><strong>Joan.</strong></span> <span class='ocrx_word' id='word_1_770' title='bbox 2244 5781 2361 5826; x_wconf 72' lang='lat' dir='ltr'><strong>run,</strong></span> <span class='ocrx_word' id='word_1_771' title='bbox 2393 5766 2482 5819; x_wconf 64' lang='lat'><strong>25.</strong></span> 
     </span>
    </p>
   </div>
   <div class='ocr_carea' id='block_1_105' title="bbox 2239 4619 3826 4694">
    <p class='ocr_par' dir='ltr' id='par_1_105' title="bbox 2239 4619 3826 4694">
     <span class='ocr_line' id='line_1_105' title="bbox 2239 4619 3826 4694; baseline 0.001 -20"><span class='ocrx_word' id='word_1_772' title='bbox 2239 4623 2429 4692; x_wconf 81' lang='grc' dir='ltr'>ἀγαπᾷ</span> <span class='ocrx_word' id='word_1_773' title='bbox 2457 4623 2710 4675; x_wconf 85' lang='grc' dir='ltr'>ἁπάντων</span> <span class='ocrx_word' id='word_1_774' title='bbox 2738 4622 2812 4685; x_wconf 85' lang='grc' dir='ltr'>ὠς</span> <span class='ocrx_word' id='word_1_775' title='bbox 2840 4621 3134 4692; x_wconf 77' lang='grc' dir='ltr'>ἐρωτηθεὶς</span> <span class='ocrx_word' id='word_1_776' title='bbox 3181 4619 3552 4690; x_wconf 83' lang='grc' dir='ltr'>ὡμολόγησεν,</span> <span class='ocrx_word' id='word_1_777' title='bbox 3586 4621 3683 4674; x_wconf 77' lang='grc' dir='ltr'>καὶ</span> <span class='ocrx_word' id='word_1_778' title='bbox 3717 4622 3826 4694; x_wconf 79' lang='grc' dir='ltr'><strong>τὴν</strong></span> 
     </span>
    </p>
   </div>
   <div class='ocr_carea' id='block_1_106' title="bbox 2236 4710 3827 4782">
    <p class='ocr_par' dir='ltr' id='par_1_106' title="bbox 2236 4710 3827 4782">
     <span class='ocr_line' id='line_1_106' title="bbox 2236 4710 3827 4782; baseline 0.001 -18"><span class='ocrx_word' id='word_1_779' title='bbox 2236 4711 2526 4782; x_wconf 82' lang='grc' dir='ltr'>ὁμολογίαν</span> <span class='ocrx_word' id='word_1_780' title='bbox 2589 4712 2824 4782; x_wconf 87' lang='grc' dir='ltr'>Χριστὸς</span> <span class='ocrx_word' id='word_1_781' title='bbox 2897 4711 3262 4773; x_wconf 80' lang='grc' dir='ltr'>ἐϐεϐαίωσεν,</span> <span class='ocrx_word' id='word_1_782' title='bbox 3304 4710 3393 4763; x_wconf 83' lang='grc' dir='ltr'>διὰ</span> <span class='ocrx_word' id='word_1_783' title='bbox 3436 4711 3532 4779; x_wconf 86' lang='grc' dir='ltr'>τῆς</span> <span class='ocrx_word' id='word_1_784' title='bbox 3579 4713 3827 4781; x_wconf 82' lang='grc' dir='ltr'>τρισσῆς</span> 
     </span>
    </p>
   </div>
   <div class='ocr_carea' id='block_1_107' title="bbox 2238 4797 3826 4873">
    <p class='ocr_par' dir='ltr' id='par_1_107' title="bbox 2238 4797 3826 4873">
     <span class='ocr_line' id='line_1_107' title="bbox 2238 4797 3826 4873; baseline 0.002 -18"><span class='ocrx_word' id='word_1_785' title='bbox 2238 4804 2485 4867; x_wconf 84' lang='grc' dir='ltr'>πεύσεὼς</span> <span class='ocrx_word' id='word_1_786' title='bbox 2516 4821 2573 4858; x_wconf 87' lang='grc' dir='ltr'><strong>τε</strong></span> <span class='ocrx_word' id='word_1_787' title='bbox 2607 4805 2701 4858; x_wconf 74' lang='grc' dir='ltr'><strong>καὶ</strong></span> <span class='ocrx_word' id='word_1_788' title='bbox 2730 4802 3095 4872; x_wconf 86' lang='grc' dir='ltr'>ἀποκρίσεως,</span> <span class='ocrx_word' id='word_1_789' title='bbox 3126 4797 3192 4872; x_wconf 78' lang='grc' dir='ltr'>ἧς</span> <span class='ocrx_word' id='word_1_790' title='bbox 3221 4805 3421 4873; x_wconf 78' lang='grc' dir='ltr'>προῖκα</span> <span class='ocrx_word' id='word_1_791' title='bbox 3455 4803 3547 4854; x_wconf 81' lang='grc' dir='ltr'><strong>καὶ</strong></span> <span class='ocrx_word' id='word_1_792' title='bbox 3597 4802 3657 4856; x_wconf 78' lang='grc' dir='ltr'>τὸ</span> <span class='ocrx_word' id='word_1_793' title='bbox 3685 4806 3826 4868; x_wconf 75' lang='grc' dir='ltr'>τοὺς</span> 
     </span>
    </p>
   </div>
   <div class='ocr_carea' id='block_1_108' title="bbox 2234 4894 3822 4965">
    <p class='ocr_par' dir='ltr' id='par_1_108' title="bbox 2234 4894 3822 4965">
     <span class='ocr_line' id='line_1_108' title="bbox 2234 4894 3822 4965; baseline 0.001 -17"><span class='ocrx_word' id='word_1_794' title='bbox 2234 4895 2424 4958; x_wconf 78' lang='grc' dir='ltr'>ἄλλους</span> <span class='ocrx_word' id='word_1_795' title='bbox 2465 4896 2775 4965; x_wconf 81' lang='grc' dir='ltr'>ποιμαίνειν</span> <span class='ocrx_word' id='word_1_796' title='bbox 2819 4895 3060 4965; x_wconf 83' lang='grc' dir='ltr'>εἴληφεν,</span> <span class='ocrx_word' id='word_1_797' title='bbox 3111 4895 3205 4948; x_wconf 80' lang='grc' dir='ltr'>καὶ</span> <span class='ocrx_word' id='word_1_798' title='bbox 3250 4894 3669 4962; x_wconf 76' lang='grc' dir='ltr'>ἀνταγαπᾶσϐαι</span> <span class='ocrx_word' id='word_1_799' title='bbox 3717 4914 3822 4949; x_wconf 85' lang='grc' dir='ltr'>τυ-</span> 
     </span>
    </p>
   </div>
   <div class='ocr_carea' id='block_1_109' title="bbox 2234 4985 3823 5058">
    <p class='ocr_par' dir='ltr' id='par_1_109' title="bbox 2234 4985 3823 5058">
     <span class='ocr_line' id='line_1_109' title="bbox 2234 4985 3823 5058; baseline 0.002 -20"><span class='ocrx_word' id='word_1_800' title='bbox 2234 4988 2327 5057; x_wconf 79' lang='grc' dir='ltr'><strong>χὸν</strong></span> <span class='ocrx_word' id='word_1_801' title='bbox 2381 4988 2564 5040; x_wconf 83' lang='grc' dir='ltr'>πλεῖον</span> <span class='ocrx_word' id='word_1_802' title='bbox 2605 4986 2854 5056; x_wconf 76' lang='grc' dir='ltr'>ὤφειλεν,</span> <span class='ocrx_word' id='word_1_803' title='bbox 2896 4987 3183 5058; x_wconf 89' lang='grc' dir='ltr'>καμπύλον</span> <span class='ocrx_word' id='word_1_804' title='bbox 3228 4987 3287 5038; x_wconf 88' lang='grc' dir='ltr'><strong>τὸ</strong></span> <span class='ocrx_word' id='word_1_805' title='bbox 3317 4985 3551 5057; x_wconf 82' lang='grc' dir='ltr'>λῆμμα”</span> <span class='ocrx_word' id='word_1_806' title='bbox 3594 4991 3692 5040; x_wconf 87' lang='grc' dir='ltr'><strong>καί</strong></span> <span class='ocrx_word' id='word_1_807' title='bbox 3724 5005 3823 5057; x_wconf 84' lang='grc' dir='ltr'><strong>μοι</strong></span> 
     </span>
    </p>
   </div>
   <div class='ocr_carea' id='block_1_110' title="bbox 2230 5073 3819 5150">
    <p class='ocr_par' dir='ltr' id='par_1_110' title="bbox 2230 5073 3819 5150">
     <span class='ocr_line' id='line_1_110' title="bbox 2230 5073 3819 5150; baseline -0.001 -18"><span class='ocrx_word' id='word_1_808' title='bbox 2230 5080 2378 5132; x_wconf 84' lang='grc' dir='ltr'>δοκεῖ</span> <span class='ocrx_word' id='word_1_809' title='bbox 2415 5079 2476 5132; x_wconf 82' lang='grc' dir='ltr'>τὸ</span> <span class='ocrx_word' id='word_1_810' title='bbox 2507 5079 2604 5149; x_wconf 81' lang='grc' dir='ltr'>τῆς</span> <span class='ocrx_word' id='word_1_811' title='bbox 2647 5079 2946 5150; x_wconf 85' lang='grc' dir='ltr'>παρθενίας</span> <span class='ocrx_word' id='word_1_812' title='bbox 2993 5079 3178 5149; x_wconf 81' lang='grc' dir='ltr'>χρῆμα</span> <span class='ocrx_word' id='word_1_813' title='bbox 3224 5073 3363 5131; x_wconf 77' lang='grc' dir='ltr'>εἶναι</span> <span class='ocrx_word' id='word_1_814' title='bbox 3408 5078 3609 5130; x_wconf 89' lang='grc' dir='ltr'>αἴτιον·</span> <span class='ocrx_word' id='word_1_815' title='bbox 3646 5079 3819 5143; x_wconf 73' lang='grc' dir='ltr'>πῶςς</span> 
     </span>
    </p>
   </div>
   <div class='ocr_carea' id='block_1_111' title="bbox 2231 5171 3824 5243">
    <p class='ocr_par' dir='ltr' id='par_1_111' title="bbox 2231 5171 3824 5243">
     <span class='ocr_line' id='line_1_111' title="bbox 2231 5171 3824 5243; baseline 0.001 -20"><span class='ocrx_word' id='word_1_816' title='bbox 2231 5171 2313 5224; x_wconf 83' lang='grc' dir='ltr'><strong>ὅτι</strong></span> <span class='ocrx_word' id='word_1_817' title='bbox 2365 5173 2411 5224; x_wconf 88' lang='grc' dir='ltr'>εἰ</span> <span class='ocrx_word' id='word_1_818' title='bbox 2459 5172 2552 5224; x_wconf 67' lang='grc' dir='ltr'><strong>καὶ</strong></span> <span class='ocrx_word' id='word_1_819' title='bbox 2598 5173 2683 5224; x_wconf 74' lang='grc' dir='ltr'><strong>ἐπ’</strong></span> <span class='ocrx_word' id='word_1_820' title='bbox 2717 5171 2839 5243; x_wconf 86' lang='grc' dir='ltr'>ἴσης</span> <span class='ocrx_word' id='word_1_821' title='bbox 2891 5171 2986 5224; x_wconf 85' lang='grc' dir='ltr'>τοῦ</span> <span class='ocrx_word' id='word_1_822' title='bbox 3039 5172 3214 5240; x_wconf 73' lang='grc' dir='ltr'>φωτὸς</span> <span class='ocrx_word' id='word_1_823' title='bbox 3257 5171 3463 5240; x_wconf 76' lang='grc' dir='ltr'>ήβολὶς</span> <span class='ocrx_word' id='word_1_824' title='bbox 3509 5173 3622 5234; x_wconf 80' lang='grc' dir='ltr'>τοῖς</span> <span class='ocrx_word' id='word_1_825' title='bbox 3676 5189 3824 5225; x_wconf 87' lang='grc' dir='ltr'>κατ-</span> 
     </span>
    </p>
   </div>
   <div class='ocr_carea' id='block_1_112' title="bbox 2231 5263 3822 5334">
    <p class='ocr_par' dir='ltr' id='par_1_112' title="bbox 2231 5263 3822 5334">
     <span class='ocr_line' id='line_1_112' title="bbox 2231 5263 3822 5334; baseline 0.001 -19"><span class='ocrx_word' id='word_1_826' title='bbox 2231 5263 2472 5332; x_wconf 81' lang='grc' dir='ltr'>όπτροις,</span> <span class='ocrx_word' id='word_1_827' title='bbox 2519 5263 2750 5334; x_wconf 79' lang='grc' dir='ltr'>ἐπείπερ</span> <span class='ocrx_word' id='word_1_828' title='bbox 2797 5264 3002 5327; x_wconf 85' lang='grc' dir='ltr'>πάντες</span> <span class='ocrx_word' id='word_1_829' title='bbox 3045 5263 3293 5334; x_wconf 78' lang='grc' dir='ltr'>καθαροὶ,</span> <span class='ocrx_word' id='word_1_830' title='bbox 3314 5263 3387 5325; x_wconf 81' lang='grc' dir='ltr'>ὡς</span> <span class='ocrx_word' id='word_1_831' title='bbox 3411 5266 3440 5316; x_wconf 85' lang='grc' dir='ltr'><strong>ό</strong></span> <span class='ocrx_word' id='word_1_832' title='bbox 3472 5263 3666 5331; x_wconf 80' lang='grc' dir='ltr'>Λόγος,</span> <span class='ocrx_word' id='word_1_833' title='bbox 3695 5265 3822 5318; x_wconf 77' lang='grc' dir='ltr'>ἀλλ’</span> 
     </span>
    </p>
   </div>
   <div class='ocr_carea' id='block_1_113' title="bbox 2229 5359 3826 5432">
    <p class='ocr_par' dir='ltr' id='par_1_113' title="bbox 2229 5359 3826 5432">
     <span class='ocr_line' id='line_1_113' title="bbox 2229 5359 3826 5432; baseline 0 -20"><span class='ocrx_word' id='word_1_834' title='bbox 2229 5360 2376 5427; x_wconf 82' lang='grc' dir='ltr'>ὅμως</span> <span class='ocrx_word' id='word_1_835' title='bbox 2404 5362 2469 5429; x_wconf 82' lang='grc' dir='ltr'>τῇ</span> <span class='ocrx_word' id='word_1_836' title='bbox 2501 5359 2600 5428; x_wconf 79' lang='grc' dir='ltr'>τῆς</span> <span class='ocrx_word' id='word_1_837' title='bbox 2632 5359 2929 5430; x_wconf 85' lang='grc' dir='ltr'>παρθενίας</span> <span class='ocrx_word' id='word_1_838' title='bbox 2976 5359 3186 5428; x_wconf 71' lang='grc' dir='ltr'>στίλψει</span> <span class='ocrx_word' id='word_1_839' title='bbox 3240 5359 3599 5432; x_wconf 79' lang='grc' dir='ltr'>διειδέστερον</span> <span class='ocrx_word' id='word_1_840' title='bbox 3629 5360 3692 5413; x_wconf 79' lang='grc' dir='ltr'>ὲν</span> <span class='ocrx_word' id='word_1_841' title='bbox 3737 5362 3826 5431; x_wconf 78' lang='grc' dir='ltr'>τῷ</span> 
     </span>
    </p>
   </div>
   <div class='ocr_carea' id='block_1_114' title="bbox 2231 5451 3824 5528">
    <p class='ocr_par' dir='ltr' id='par_1_114' title="bbox 2231 5451 3824 5528">
     <span class='ocr_line' id='line_1_114' title="bbox 2231 5451 3824 5528; baseline 0.003 -25"><span class='ocrx_word' id='word_1_842' title='bbox 2231 5451 2309 5504; x_wconf 78' lang='grc' dir='ltr'>ἐνὶ</span> <span class='ocrx_word' id='word_1_843' title='bbox 2337 5452 2486 5523; x_wconf 77' lang='grc' dir='ltr'>παρὰ</span> <span class='ocrx_word' id='word_1_844' title='bbox 2515 5453 2644 5515; x_wconf 83' lang='grc' dir='ltr'>τοὺς</span> <span class='ocrx_word' id='word_1_845' title='bbox 2673 5452 2965 5522; x_wconf 83' lang='grc' dir='ltr'>ὁμοταγεϊς</span> <span class='ocrx_word' id='word_1_846' title='bbox 3005 5454 3201 5528; x_wconf 74' lang='grc' dir='ltr'>ὲνίετᾳι</span> <span class='ocrx_word' id='word_1_847' title='bbox 3226 5469 3240 5484; x_wconf 89' lang='grc'><strong>·</strong></span> <span class='ocrx_word' id='word_1_848' title='bbox 3275 5455 3323 5506; x_wconf 86' lang='grc' dir='ltr'><strong>εί</strong></span> <span class='ocrx_word' id='word_1_849' title='bbox 3360 5454 3451 5506; x_wconf 73' lang='grc' dir='ltr'><strong>καὶ</strong></span> <span class='ocrx_word' id='word_1_850' title='bbox 3501 5453 3824 5524; x_wconf 77' lang='grc' dir='ltr'>παράδοξός</span> 
     </span>
    </p>
   </div>
   <div class='ocr_carea' id='block_1_115' title="bbox 2229 5543 3825 5615">
    <p class='ocr_par' dir='ltr' id='par_1_115' title="bbox 2229 5543 3825 5615">
     <span class='ocr_line' id='line_1_115' title="bbox 2229 5543 3825 5615; baseline 0.003 -22"><span class='ocrx_word' id='word_1_851' title='bbox 2229 5559 2346 5606; x_wconf 85' lang='grc' dir='ltr'><strong>πως</strong></span> <span class='ocrx_word' id='word_1_852' title='bbox 2378 5544 2405 5594; x_wconf 87' lang='grc' dir='ltr'>ὁ</span> <span class='ocrx_word' id='word_1_853' title='bbox 2439 5543 2593 5612; x_wconf 85' lang='grc' dir='ltr'>λόγος</span> <span class='ocrx_word' id='word_1_854' title='bbox 2620 5561 2632 5574; x_wconf 84' lang='grc'><strong>·</strong></span> <span class='ocrx_word' id='word_1_855' title='bbox 2662 5544 2753 5596; x_wconf 76' lang='grc' dir='ltr'>καὶ</span> <span class='ocrx_word' id='word_1_856' title='bbox 2789 5544 2946 5597; x_wconf 85' lang='grc' dir='ltr'>τοῦτό</span> <span class='ocrx_word' id='word_1_857' title='bbox 2989 5546 3103 5598; x_wconf 81' lang='grc' dir='ltr'>ἐστι</span> <span class='ocrx_word' id='word_1_858' title='bbox 3155 5544 3332 5598; x_wconf 86' lang='grc' dir='ltr'>πλεῖον</span> <span class='ocrx_word' id='word_1_859' title='bbox 3363 5547 3442 5608; x_wconf 82' lang='grc' dir='ltr'><strong>είς</strong></span> <span class='ocrx_word' id='word_1_860' title='bbox 3471 5545 3722 5615; x_wconf 81' lang='grc' dir='ltr'>ἀγάπην,</span> <span class='ocrx_word' id='word_1_861' title='bbox 3757 5547 3825 5597; x_wconf 80' lang='grc' dir='ltr'><strong>τὸ</strong></span> 
     </span>
    </p>
   </div>
   <div class='ocr_carea' id='block_1_116' title="bbox 2564 5763 3560 5830">
    <p class='ocr_par' dir='ltr' id='par_1_116' title="bbox 2564 5763 3560 5830">
     <span class='ocr_line' id='line_1_116' title="bbox 2564 5763 3560 5830; baseline 0.007 -17"><span class='ocrx_word' id='word_1_862' title='bbox 2564 5763 2785 5819; x_wconf 70' lang='lat' dir='ltr'><strong>16.loan.</strong></span> <span class='ocrx_word' id='word_1_863' title='bbox 2823 5782 2932 5830; x_wconf 65' lang='grc' dir='ltr'>χχι,</span> <span class='ocrx_word' id='word_1_864' title='bbox 2972 5766 3049 5819; x_wconf 75' lang='grc'><strong>15.</strong></span> <span class='ocrx_word' id='word_1_865' title='bbox 3133 5764 3351 5820; x_wconf 82' lang='lat' dir='ltr'><strong>&quot;Joan.</strong></span> <span class='ocrx_word' id='word_1_866' title='bbox 3384 5782 3471 5830; x_wconf 78' lang='lat' dir='ltr'><strong>xv,</strong></span> <span class='ocrx_word' id='word_1_867' title='bbox 3506 5767 3560 5820; x_wconf 79' lang='lat'><strong>3.</strong></span> 
     </span>
    </p>
   </div>
  </div>
