3926 6482
177 449 278 512 785
1007 445 1289 507 ORATIO
1314 445 1419 506 IX.
1451 468 1520 481 -
1550 445 1935 508 LAUDATIO
1972 447 2032 508 S.
2060 447 2381 510 JOANNIS
2420 451 2688 512 EVANG.
3338 455 3442 517 786

177 562 288 628 φῶς
342 560 533 614 πλεῖον
585 559 932 632 λαμπρύνειν
972 560 1063 613 τὸν
1105 560 1466 632 διειδέστερον
1499 561 1753 632 μέτοχον·

1863 563 2099 619 nitorem
2150 565 2207 618 in
2247 580 2414 619 unum
2463 581 2575 635 prae
2617 566 2842 636 collegis
2876 566 2999 622 aliis
3032 568 3326 624 dilucidior
3362 573 3442 627 fe-

173 652 220 704 εί
268 651 330 705 δὶ
376 652 458 705 ὅτι
511 651 673 704 πλέον
724 651 912 721 ἀγαπᾷ
951 649 1158 718 Πέτρος
1202 651 1552 721 προΐσταται,
1583 651 1753 704 ἐκεῖνό

1863 657 2106 712 rebatur.
2144 657 2462 727 Quanquam
2519 673 2720 713 novum
2775 659 2990 715 videtur
3027 662 3172 731 quod
3220 663 3438 720 dicitur.

176 758 264 810 μοι
290 742 511 812 ῥητέον,
537 741 620 796 ὃτι
654 742 716 794 ού
748 741 810 794 τὸ
834 742 1145 812 πλησιάσαν
1179 741 1340 811 σῶμα
1367 741 1443 812 τῷ
1466 744 1605 811 φωτὶ
1629 743 1762 814 μᾶλ-

174 835 260 886 λον
312 833 645 902 φωτίζεται,
675 834 789 888 ἀλλ’
822 834 851 886 ὅ
879 835 980 903 τὴν
1031 833 1194 901 φύσιν
1237 833 1625 904 διειδεστέραν,
1657 835 1760 888 κᾶν

172 925 270 978 οὐκ
299 925 490 994 ἔγγιον
513 925 813 995 κέκτηταιο
849 927 897 978 εἰ
926 923 984 976 δέ
1017 940 1100 978 σοι
1122 926 1150 977 ὁ
1181 924 1337 994 λόγος
1371 925 1604 995 ἀσθενὴς
1631 926 1759 994 φαί-

175 1033 316 1070 νοιτο
350 1017 458 1081 ἔτι,
491 1019 519 1071 ό
550 1017 732 1088 βαλὼν
760 1018 854 1072 καὶ
885 1017 1117 1071 ίάσεται.
1166 1015 1450 1070 Ἐντεῦθεν
1480 1018 1514 1088 ή
1539 1019 1762 1090 ἐπιστή-

175 1109 286 1173 θιος
333 1109 723 1180 πρόσπτωσις·
752 1107 798 1161 ὣ
840 1110 936 1162 τοῦ
968 1108 1279 1180 ἀξιώματος
1308 1111 1321 1164 l
1354 1109 1423 1163 τά
1472 1109 1758 1181 χερουὸὶμ,

176 1203 310 1256 Θεοῦ
363 1203 572 1273 ὄχημα,
623 1202 720 1257 καὶ
759 1202 1014 1274 Ἰωάννης
1062 1202 1403 1273 ὲπιστέρνιον
1444 1201 1755 1272 ἀνάκλιμα·

175 1292 419 1360 Μωῦσῆς
452 1292 608 1362 μόλις
636 1291 748 1344 ίδεν
771 1289 908 1345 Θεοῦ
931 1289 999 1347 τὰ
1029 1289 1253 1342 ὀπίσθια
1283 1289 1376 1343 καὶ
1403 1287 1578 1342 ταῦτα
1599 1289 1756 1357 αίτη-

176 1388 447 1457 σάμενος*
501 1387 596 1440 καὶ
638 1385 893 1456 Ἰωάννης
942 1384 1383 1457 αὐτεπάγγελτος
1426 1381 1758 1454 ἐπίπροσθεν

175 1455 434 1551 περιφὺς,
479 1479 573 1532 καὶ
629 1477 962 1532 πυνθάνεται
1004 1455 1190 1531 ὲκείδα
1231 1475 1433 1546 δηλαδὴ
1478 1473 1516 1529 ἃ
1553 1473 1761 1543 Πέτρος

172 1576 200 1627 ό
226 1575 529 1644 κορυφαῖος
555 1571 856 1644 θαρρήσειν
884 1571 986 1625 οῦκ
1022 1570 1272 1640 ἤνεγκεν,
1298 1568 1424 1633 δοὺς
1474 1566 1653 1637 ἑαυτῷ
1693 1565 1762 1620 τὰ

172 1666 448 1737 δευτέρια,
484 1667 552 1736 τῇ
608 1665 690 1728 είς
731 1664 987 1735 Ἰωάννην
1039 1664 1373 1734 προτιμήσει
1398 1678 1413 1694 ο
1441 1661 1761 1732 ἀμφοτέρας

172 1758 269 1820 τὰς
299 1756 537 1828 Θεωρίας
572 1753 862 1821 ἐξετάζων,
883 1756 1073 1825 γνοίης
1105 1751 1216 1807 οἷον
1251 1755 1345 1807 καὶ
1372 1751 1557 1824 ήλίκον
1579 1750 1638 1804 τὸ
1657 1752 1762 1804 ὺπ-

171 1850 426 1920 εροχικδν
459 1849 710 1904 Ἰωάννου
728 1849 948 1920 ἀξίωμα
969 1865 982 1879 ο
1013 1846 1263 1901 ἐντεῦθέν
1287 1863 1376 1916 μοι
1398 1847 1546 1899 δοκεῖ
1570 1845 1760 1912 ὥσπερ

1860 749 2037 818 Atque
2084 749 2188 804 hoc
2244 749 2420 818 majus
2475 750 2682 820 aliquid
2739 752 2805 804 ad
2858 752 3208 809 dilectionem
3256 755 3438 822 habet,

1862 837 2010 906 quod
2059 838 2320 892 nimirum
2363 838 2590 894 nitidius
2631 854 2829 910 corpus
2871 857 2937 897 ac
2989 845 3166 916 magis
3215 847 3443 915 pelluci-

1863 927 2016 993 dum,
2047 928 2255 983 lumine
2303 928 2474 998 magis
2503 928 2830 986 illustretur.
2865 930 3024 997 Quod
3050 933 3103 986 si
3134 930 3332 989 Petrus
3377 950 3441 990 ea

1863 1019 2099 1082 ratione,
2130 1020 2277 1089 quod
2319 1020 2442 1089 plus
2491 1032 2656 1087 amet,
2690 1020 2996 1092 praefertur,
3041 1023 3148 1079 hoc
3187 1025 3318 1078 mihi
3349 1041 3442 1080 oc-

1864 1110 2042 1164 currit
2069 1111 2405 1167 dicendum:
2445 1110 2563 1168 Non
2602 1127 2668 1168 eo
2723 1129 2922 1183 corpus
2963 1115 3158 1185 majori
3189 1114 3440 1186 perfundi

1863 1203 2088 1270 lumine,
2123 1219 2232 1274 quo
2262 1205 2458 1259 lumini
2499 1206 2862 1278 propinquius
2896 1217 3000 1274 est,
3047 1208 3140 1262 sed
3187 1224 3298 1278 quo
3331 1223 3442 1262 ina-

1859 1294 1981 1365 jore
2025 1295 2205 1351 nitore
2253 1305 2448 1366 suapte
2492 1308 2687 1352 natura
2737 1298 2926 1367 pollet,
2973 1314 3285 1369 quanquam
3334 1315 3440 1353 nun

1861 1385 2229 1455 propinquius
2263 1388 2482 1442 existat.
2522 1386 2678 1453 Quod
2723 1389 2770 1444 si
2807 1389 2897 1443 hic
2933 1404 3115 1444 sermo
3153 1390 3251 1444 tibi
3291 1390 3442 1444 infir-

1865 1491 1989 1532 mus
2034 1478 2333 1545 videbitur,
2379 1495 2503 1550 qua:
2552 1497 2748 1537 manus
2785 1482 2985 1539 vulnus
3024 1483 3239 1551 inflixit,
3287 1500 3348 1538 ea
3388 1496 3443 1540 et

1863 1570 2100 1625 sanabit.
2137 1568 2267 1626 Inde
2294 1583 2379 1628 est
2411 1583 2472 1626 ut
2521 1574 2836 1629 recubuerit
2878 1591 3041 1645 super
3067 1587 3260 1646 pectus
3288 1575 3440 1632 Jesu.

1862 1657 1908 1714 Ο
1966 1659 2249 1731 dignitatis
2309 1665 2720 1732 praestantiam!
2773 1664 3104 1734 Clierubim,
3171 1666 3266 1723 Dei
3314 1679 3444 1724 sunt

1861 1750 2209 1819 vehiculum;
2269 1763 2325 1809 at
2368 1753 2608 1810 Joannes
2674 1773 2840 1826 super
2881 1768 3070 1828 pectus
3126 1761 3439 1815 reclinatur.

1862 1840 1964 1897 Vix
1998 1842 2214 1916 Moyses
2248 1847 2340 1902 Dei
2372 1849 2681 1918 posteriora
2709 1850 2862 1916 vidit,
2899 1853 3064 1923 idque
3104 1869 3229 1907 cum
3259 1853 3444 1908 videre

171 1944 280 1997 ἀπό
309 1959 460 2007 τινος
490 1945 739 2013 πηγαίας
763 1940 907 2011 ζωῆς
935 1941 1004 1994 τὰ
1051 1939 1320 2009 θεόόρυτα
1346 1937 1509 1991 αὐτὸν
1534 1937 1632 2007 τῆς
1666 1953 1753 1990 σο-

1863 1946 2150 2006 rogasset;
2186 1948 2240 1992 at
2275 1938 2517 1997 Joannes
2561 1943 2728 2008 ultro,
2775 1959 2837 1998 ac
2881 1945 3000 2014 ipso
3042 1946 3306 2001 invitante
3341 1946 3444 2001 Do-

171 2037 301 2103 φίας
337 2034 652 2105 ἀρύσασθαι
692 2033 932 2102 νάματα,
965 2033 1074 2086 κάκ
1119 2030 1326 2084 τούτων
1358 2032 1424 2084 ὲκ
1454 2030 1552 2102 τῆς
1585 2027 1759 2099 ἐμψύο

171 2143 266 2197 χου
316 2126 529 2190 κοιλίας
569 2127 696 2190 τοὺς
744 2125 1024 2195 ποταμοὺς
1065 2124 1168 2194 τῆς
1208 2122 1491 2192 θεολογίας
1540 2123 1759 2192 ρυῖσκε-

171 2217 328 2271 σθαι·
361 2219 478 2274 ἀλλ’
513 2220 607 2272 ἐπὶ
633 2218 723 2272 τὸν
756 2217 987 2288 σταυρὸν
1013 2217 1261 2288 μετιτέον
1294 2216 1428 2288 (27).

1866 2029 2038 2091 mino,
2068 2031 2271 2097 pectori
2306 2031 2518 2087 merens
2549 2041 2712 2100 atque
2739 2036 3084 2104 complexus.
3116 2051 3178 2091 ea
3215 2038 3445 2093 interro-

1863 2128 1974 2190 gat,
2007 2135 2130 2189 qua:
2155 2135 2255 2176 nec
2285 2120 2481 2178 Petrus
2507 2126 2883 2194 apostolorum
2912 2127 3166 2197 princeps
3202 2128 3442 2184 interro-

1865 2226 1994 2282 gare
2043 2213 2336 2280 sustinuit;
2389 2231 2498 2287 qua
2567 2217 2671 2272 sibi
2729 2219 2846 2287 ipse
2902 2220 3115 2275 ratione
3173 2219 3441 2277 Joannem

173 2309 348 2363 voluit
379 2308 687 2380 praelatum.
724 2306 1004 2375 Siquidem
1046 2306 1238 2361 ambas
1281 2302 1755 2361 considerationes
1791 2301 1974 2354 animo
2037 2301 2389 2370 expenderis,
2425 2304 2567 2360 scies
2624 2315 2829 2375 quanta
2857 2322 2921 2362 ac
2952 2307 3132 2378 qualis
3159 2308 3233 2365 sit
3263 2310 3442 2364 excel—

168 2388 336 2457 lentia
384 2400 668 2472 dignitatis
746 2397 995 2455 Joannis.
1054 2397 1193 2454 l‘linc
1232 2408 1491 2469 tanquam
1545 2412 1577 2452 e
1627 2395 1774 2451 fonte
1834 2393 2070 2463 quodam
2112 2395 2258 2459 vitae,
2328 2397 2505 2466 ipsum
2545 2397 2808 2454 divinitus
2857 2401 3218 2458 seaturientes
3245 2402 3442 2457 latices

172 2494 428 2550 hausisse
478 2493 737 2549 existimo
787 2509 800 2546 :

170 2585 328 2640 nobis
363 2583 698 2638 redeundum
730 2594 835 2639 est.

240 2677 334 2732 ια’.
383 2676 552 2740 Ἰδοὺ,
578 2679 764 2748 φησιν,
791 2681 823 2733 ὁ
862 2682 989 2746 υιός
1027 2694 1144 2734 σου
1168 2692 1182 2707 ο
1212 2673 1342 2732 εἶτα
1387 2673 1468 2740 τῷ
1490 2669 1751 2744 μαθητῇ.

181 2770 342 2826 Ἰδοὺ
377 2771 416 2837 ὴ
434 2769 632 2838 μήτηρ
654 2786 792 2826 σου.
821 2771 992 2826 Βαὸαὶ
1011 2769 1103 2824 τοῦ
1134 2769 1456 2838 δωρήματος
1480 2767 1492 2820 ε
1518 2765 1609 2818 τὸν
1631 2762 1752 2817 δοῦ-

167 2865 280 2927 λον,
319 2861 422 2931 τῆς
443 2863 741 2933 Δεσποίνης
775 2861 864 2915 διά
887 2861 1204 2931 περιουσίας
1239 2858 1612 2929 καθαρότητος
1638 2855 1752 2908 υἱὸν

170 2953 582 3024 ἀκουτισθῆναι,
633 2953 729 3007 καὶ
769 2952 984 3023 φύλακα
1037 2949 1493 3023 προχειρισθῆναι
1529 2946 1623 3001 τοῦ
1654 2947 1752 3018 τῆς

169 3046 316 3114 ζωῆς
357 3045 873 3117 θησαυροφυλακίου
946 3047 974 3098 ό
1018 3045 1119 3115 μὲν
1157 3044 1478 3113 ἀφίσταται,
1513 3041 1603 3094 διὰ
1641 3040 1749 3094 πά-

169 3136 318 3200 θους.
347 3135 452 3208 τῆς
478 3136 706 3202 ἀπαθῶς
742 3134 1009 3207 τεκούσης
1030 3150 1046 3167 ο
1075 3137 1102 3189 ό
1139 3134 1194 3187 δὲ
1224 3133 1428 3204 ταύτην
1478 3132 1754 3201 ὑπηρετη-

165 3227 338 3292 τικῶς
377 3230 647 3300 λαμϐάνει
677 3229 757 3292 είς
789 3228 856 3282 τὰ
875 3227 982 3281 ἵδία
1009 3243 1022 3258 ⁸
1051 3230 1080 3281 ό
1114 3226 1383 3298 παρθένος
1405 3225 1504 3296 τὴν
1536 3220 1751 3292 Παρθέ-

167 3340 256 3375 νον
281 3337 296 3352 ο
328 3323 390 3377 τὸ
424 3323 612 3393 κλῆμα
642 3321 742 3392 τὴν
780 3321 1191 3390 ἀμπελοτόκον⁸
1223 3321 1252 3373 ό
1285 3316 1626 3388 στρατιώτης
1653 3313 1754 3385 τὴν

851 2493 1085 2563 indeque
1142 2508 1206 2546 ex
1261 2492 1501 2548 animato
1561 2497 1748 2544 ventre
1822 2486 2109 2557 theologiae
2157 2487 2380 2544 ﬂumina
2431 2490 2775 2562 progignere.
2858 2491 3056 2548 Verum
3102 2493 3170 2549 ad
3219 2509 3440 2550 crucem

1936 2669 2023 2722 ll.
2068 2667 2222 2736 Ecce,
2269 2671 2466 2741 inquit,
2504 2672 2651 2742 filius
2689 2681 2830 2728 tuus.
2881 2666 3087 2730 Deinde
3131 2677 3391 2747 discipulo

1865 2756 2002 2813 Ecce
2040 2768 2209 2813 mater
2251 2771 2363 2815 tua.
2392 2763 2574 2832 Papae,
2604 2775 2871 2834 quantum
2903 2769 3130 2823 munus!
3169 2768 3239 2824 Ut
3279 2770 3443 2823 nimi-

1865 2865 1986 2904 rum
2038 2866 2230 2907 servus
2284 2852 2356 2908 ob
2400 2854 2749 2910 excellentem
2799 2858 3147 2925 munditiam,
3194 2857 3442 2914 Domina:

1866 2941 2011 2997 filius
2050 2944 2390 3012 appelletur;
2414 2961 2480 3000 ac
2519 2947 2639 3016 ejus
2661 2963 2784 3017 qua:
2813 2949 2938 3004 vita:
2967 2950 3210 3006 thesauri
3250 2960 3442 3008 custos

1865 3032 2076 3101 fuisset,
2131 3045 2316 3091 custos
2367 3038 2754 3107 constituatur.
2805 3040 2898 3095 Ille
2950 3041 3167 3111 quidem
3215 3042 3439 3107 recedit,

1860 3140 1956 3194 per
2000 3129 2311 3196 passionem
2359 3130 2428 3184 ab
2477 3145 2542 3185 ea
2595 3147 2719 3201 quae
2771 3132 2889 3187 sine
2943 3135 3201 3204 passione
3252 3136 3305 3191 id
3359 3145 3443 3192 est

1861 3220 2029 3275 illaesa
2059 3222 2367 3291 integritate
2393 3224 2634 3292 peperit;
2667 3225 2756 3279 hic
2788 3233 2968 3282 autem
2998 3227 3237 3283 ministri
3265 3243 3437 3295 more,

1863 3312 1918 3366 in
1979 3328 2078 3367 sua
2134 3327 2255 3367 eam
2309 3315 2558 3384 accipit:
2592 3318 2854 3372 nimirum
2918 3317 3082 3388 Virgo
3137 3321 3437 3391 virginem,

168 3413 421 3481 βασιλίδα
445 3430 458 3442 ·
498 3416 526 3468 ό
574 3413 825 3480 θεολόγος
869 3413 968 3484 τὴν
1011 3412 1309 3466 Θεοτόκονο
1335 3413 1363 3463 ὁ
1395 3408 1536 3463 κατὰ
1591 3407 1752 3479 χάριν

1859 3403 2066 3473 palmes
2089 3402 2377 3459 fecundam
2413 3406 2600 3473 vitem,
2634 3408 2791 3464 miles
2835 3410 3103 3479 reginam,
3152 3412 3440 3484 theologus

168 3506 464 3574 θεάδελφος
500 3507 599 3576 τήν
622 3503 766 3558 κατὰ
791 3506 953 3572 φύσιν
988 3504 1292 3576 μητρόθεον
1321 3520 1334 3534 °
1367 3503 1442 3556 ἴδε
1463 3503 1560 3572 τὴν
1580 3503 1754 3572 ἀρμοο

167 3600 288 3653 νίαν
321 3601 424 3669 τῆς
455 3597 791 3668 καταλλήλου
824 3599 1097 3670 κλήσεως,
1123 3598 1216 3651 καὶ
1259 3596 1620 3666 ύπεραίνεσον
1654 3595 1753 3663 τὴν

171 3691 466 3761 σύμϐασιν.
495 3684 622 3761 Ἆρ’
665 3691 728 3743 οὐ
780 3689 940 3744 τοῦτο
1000 3691 1160 3760 μόνον
1203 3690 1381 3742 πᾶσαν
1435 3685 1753 3758 ἀποκρύψαι

169 3781 478 3852 ὑπερϐολὴν
509 3781 789 3850 ὲγκωμίου
853 3780 932 3852 τῷ
975 3779 1209 3849 θεολόγῳ
1271 3779 1556 3850 πάρεστιν,
1589 3781 1750 3847 ἀμοι-

172 3874 356 3944 ροῦντι
381 3872 484 3941 τῆς
509 3873 732 3928 οἱασοῦν
766 3874 934 3943 ἄλλης
979 3873 1278 3938 αἰνέσεως;
1315 3873 1363 3925 εί
1395 3872 1451 3925 δὲ
1485 3872 1623 3940 μετὰ
1651 3870 1752 3939 τῆς

167 3965 272 4019 τῶν
297 3965 684 4036 προλαϐόντων
715 3964 1021 4037 ὑπερϐολῆς
1069 3967 1165 4018 καὶ
1206 3965 1277 4018 τὰ
1305 3965 1589 4033 φθάσαντα
1623 3979 1750 4016 συν·

167 4056 460 4126 αστράψοι,
490 4060 574 4120 τίς
605 4058 673 4112 ἂν
712 4056 968 4127 δυνηθείη
1015 4057 1334 4126 ἀντωπῆναι
1375 4056 1469 4109 τοῦ
1500 4056 1666 4126 ῦψους
1690 4055 1752 4109 τὸ

167 4147 637 4215 ἀναντίὸλεπτον;
685 4147 829 4200 οὕτω
869 4148 1162 4219 τοιγαροῦν
1220 4147 1605 4218 ὑπερανεστώς
1636 4148 1751 4200 ἐστι

169 4241 354 4312 πάσης
397 4240 500 4310 τῆς
543 4242 602 4294 ὲν
639 4240 823 4309 λόγοις
855 4240 1310 4311 ἐγκωμιαστικῆς
1344 4239 1651 4310 δυνάμεως,
1676 4240 1751 4303 ὡς

171 4333 334 4399 μόνου
364 4334 502 4388 Θεοῦ
534 4331 674 4387 εἶναι
718 4334 925 4386 ἐκεῖνον
975 4332 1395 4400 ξπαινέσασθαι,
1424 4335 1474 4386 εί
1505 4334 1599 4387 καὶ
1625 4332 1750 4386 τολ-

173 4425 346 4496 μηρὸν
387 4428 568 4480 εἰπεῖν
594 4465 609 4490 ,
648 4426 780 4495 παρ’
810 4418 871 4479 οὗ
912 4425 1005 4479 καὶ
1043 4425 1330 4490 πλεονάζει
1388 4426 1486 4497 τὴν
1521 4426 1705 4496 ἔφεσιν
1733 4441 1748 4456 ’

170 4518 255 4587 ὑφ’
294 4513 357 4572 οὗ
389 4518 488 4572 καὶ
543 4517 613 4570 τὰ
645 4516 897 4587 ἐγκώμια
948 4519 1228 4584 ἔστεπται,
1271 4517 1386 4587 φῶς
1426 4518 1520 4572 καὶ
1551 4517 1748 4588 βροντὴ

169 4610 259 4663 καὶ
307 4609 382 4670 τά
428 4608 680 4663 τοιαῦτα.
726 4612 1311 4682 προσαγορευόμενος·
1344 4610 1460 4664 ἀλλ’
1514 4609 1748 4680 ἐπείπερ

167 4701 343 4755 ταῦτα
383 4700 585 4763 οὕτως,
632 4700 728 4753 καὶ
767 4700 941 4772 πέρας
972 4701 1196 4773 εῐληφεν
1228 4703 1260 4772 ή
1291 4703 1566 4774 ἀκήρατος
1593 4701 1748 4755 ἀνθοο
1784 4741 1823 4794 D

169 4793 346 4863 λογία,
380 4794 505 4846 καθ’
539 4793 664 4846 ὅσον
689 4795 909 4862 ἐφικτὸν
948 4795 1079 4866 ἡμῖν
1107 4794 1404 4866 δρέψασθαι
1437 4797 1548 4857 τοῖς
1590 4811 1748 4847 πενο-

169 4886 368 4953 ὶόγοις,
391 4884 556 4955 δεῦρο
573 4885 669 4939 καὶ
689 4887 851 4956 ήμεῖς
883 4888 942 4940 ἐν
962 4887 1174 4948 τούτοις
1199 4884 1750 4956 συγκαταπαύσωμεν

168 4993 251 5030 τον
275 4977 460 5046 λόγον,
487 4980 705 5047 μικροῖς
740 4977 952 5046 μεγάλα
976 4977 1308 5048 ἀμείψαντες
1326 4992 1341 5008 ·
1373 4979 1551 5030 έκεῖνο
1582 4993 1748 5047 προσ-

169 5067 352 5130 θέντες
382 5073 497 5130 τοῖς
520 5068 858 5138 εἰρημένοις,
889 5069 965 5134 ὡς
1012 5070 1073 5124 ού
1105 5069 1302 5140 μικρὸν
1341 5069 1408 5122 ἂν
1446 5069 1532 5140 εἴη
1580 5069 1750 5140 γέρας

169 5161 316 5231 αύτῴ
364 5161 450 5224 είς
500 5161 814 5233 φιλοτιμίαν
862 5164 956 5216 καὶ
1002 5163 1040 5233 ἡ
1077 5163 1495 5233 φρικωδεστάτη
1535 5163 1745 5216 ἀποκά-

170 5253 346 5324 λυψις,
371 5253 440 5325 ἢν
473 5255 530 5305 ὲν
549 5253 756 5325 Πάτμῳ
790 5254 1161 5325 περιορισθεὶς
1189 5253 1276 5306 διὰ
1301 5255 1390 5305 τὸν
1421 5253 1577 5322 λόγον
1598 5270 1671 5306 πα
1683 5255 1751 5323 ρὰ

170 5347 254 5400 τοῦ
289 5345 548 5417 τηνικάδε
578 5346 1128 5417 κρατοῦντος,θεόθεν
1156 5346 1386 5420 μυηθεὶς
1412 5346 1709 5400 ἐκδέδωκεν
1732 5363 1744 5377 ·

172 5440 258 5493 καὶ
298 5439 466 5492 τοῦτο
517 5441 582 5492 ὲκ
633 5437 981 5508 πλεονασμοῦ
1028 5439 1126 5508 τῆς
1188 5439 1408 5507 ἀγάπης
1461 5437 1748 5508 ἰδιαίρετον

173 5531 318 5602 παρά
350 5531 480 5594 τοὺς
508 5530 730 5594 λοιποὺς
758 5530 995 5602 εἰληφώς
1017 5546 1030 5559 °
1056 5530 1190 5600 φασὶ
1212 5530 1268 5582 δὲ
1293 5529 1454 5583 αὑτὸν
1489 5529 1625 5598 μετὰ
1652 5527 1750 5590 τὰς

175 5612 324 5693 ἱερὰς
348 5620 569 5683 ὲκείνας
604 5620 888 5692 περιόδους
924 5621 1018 5674 καλ⁵
1057 5622 1158 5692 τὴν
1205 5619 1567 5690 εύαγγελικὴν
1592 5620 1749 5690 περί-

174 5713 331 5782 ληψιν
359 5713 472 5766 τῶν
501 5713 776 5783 περάτων.
800 5707 901 5767 ὧδέ
931 5731 1033 5767 που
1068 5714 1233 5784 μέσον
1263 5714 1342 5776 είς
1365 5712 1459 5782 τὴν
1476 5711 1750 5764 Ἀσιάτιδα

175 5805 358 5876 χθόνα,
384 5807 444 5858 ὲν
533 5807 628 5859 καὶ
660 5805 752 5859 τὸν
789 5805 1096 5860 διδακτικὸν
1139 5805 1327 5876 θρόνον
1369 5804 1570 5875 μᾶλλον
1616 5803 1750 5869 καθ-

1860 3495 2142 3565 Deiparam
2168 3516 2180 3550 :
2207 3495 2300 3551 Dei
2346 3496 2512 3553 frater
2551 3514 2647 3569 per
2685 3501 2914 3571 gratiam
2949 3543 2964 3567 ,
3017 3503 3132 3558 Dei‘
3159 3515 3440 3574 parentem

1857 3604 1952 3658 per
1996 3599 2270 3644 naturain.
2306 3589 2438 3648 Vide
2471 3593 2851 3649 convenientis
2892 3597 3276 3666 appellationis
3307 3615 3440 3654 con-

1857 3683 2204 3748 sonantiam,
2259 3699 2324 3738 ac
2379 3701 2543 3753 supra
2598 3688 2816 3742 modum
2869 3690 3026 3742 lauda
3081 3706 3431 3747 cencursum.

1855 3771 2048 3829 Nonne
2083 3776 2164 3830 vel
2198 3776 2302 3830 hoc
2332 3793 2500 3831 unum
2545 3781 2682 3833 satis
2719 3768 2818 3844 sit,
2856 3789 2915 3834 ut
2955 3781 3287 3838 laudationis
3319 3801 3440 3838 oni-

1858 3882 1978 3920 ncm
2022 3868 2422 3936 excellentiam,
2470 3885 2578 3939 qua
2620 3871 2745 3941 quis
2787 3873 3100 3944 theologum
3138 3890 3438 3945 prosequa-

1854 3965 1945 4011 tur
1992 3957 2274 4024 obscuret,
2324 3961 2543 4016 tametsi
2593 3962 2734 4016 desit
2783 3963 2890 4018 alia
2926 3963 3108 4019 omnis
3157 3964 3437 4020 laudatio?

1856 4048 1954 4104 Sin
1998 4057 2179 4103 autem
2232 4064 2357 4103 cum
2407 4065 2596 4105 eorum
2635 4067 2758 4121 quae
2806 4054 3060 4124 superius
3110 4053 3253 4109 dicta
3309 4068 3441 4110 sunt

1855 4144 2218 4209 sublimitate,
2256 4147 2418 4200 etiam
2468 4147 2716 4216 proxima
2759 4149 3082 4214 colluceaut,
3123 4149 3249 4219 quis
3283 4151 3439 4206 inac-

1853 4252 2067 4291 eessam
2101 4238 2242 4294 visui
2273 4239 2617 4294 altitudinem
2651 4241 2824 4310 possit
2868 4241 3108 4295 intueri?
3137 4240 3230 4297 Sic
3255 4243 3440 4313 itaque

1854 4331 2103 4398 superior
2138 4340 2221 4384 est
2247 4332 2395 4384 omni
2439 4330 2696 4388 facultate
2726 4333 3008 4399 laudandi,
3041 4343 3102 4390 ut
3141 4335 3313 4391 solius
3345 4334 3438 4391 Dei

1851 4421 2333 4479 connnendalione
2371 4426 2655 4481 ornandus
2683 4427 2753 4481 sit
2781 4427 3119 4498 (quanquam
3154 4427 3261 4486 hoc
3289 4419 3438 4484 vide-

1853 4525 1942 4570 tur
1971 4517 2236 4575 audacius
2262 4521 2430 4585 dici);
2473 4537 2501 4574 a
2530 4535 2640 4590 quo
2676 4521 2840 4575 etiam
2877 4521 3083 4578 amoris
3121 4522 3266 4576 illam
3298 4539 3435 4593 pras-

1855 4611 2156 4681 rogativam
2206 4611 2450 4676 obtinet;
2498 4628 2528 4666 a
2573 4628 2683 4682 quo
2733 4621 2788 4667 et
2834 4614 3092 4670 laudibus
3141 4625 3435 4671 coronatus

1854 4714 1958 4768 est,
1987 4703 2125 4756 lucis
2149 4703 2237 4756 illa
2264 4703 2645 4772 appellatione,
2667 4707 3027 4776 tenitruique,
3055 4722 3117 4761 ac
3147 4708 3432 4762 similium.

1853 4791 1988 4845 Cum
2022 4793 2136 4847 lnec
2180 4803 2357 4846 autem
2406 4795 2478 4848 ita
2513 4809 2569 4848 se
2602 4795 2856 4861 habeant,
2901 4805 2956 4851 et
3001 4805 3288 4866 postquam
3318 4799 3433 4852 siu-

1853 4899 1977 4938 cera
2007 4884 2202 4939 florum
2237 4887 2513 4955 decerptio
2539 4887 2698 4941 finem
2728 4889 2958 4958 accepit,
2986 4899 3250 4958 quantum
3279 4891 3434 4945 nobis

1855 4989 1952 5042 pro
1990 4977 2136 5028 tenui
2178 4974 2433 5029 facultate
2464 4976 2679 5031 dicendi
2708 4977 3001 5046 decerpere
3036 4979 3209 5041 licuit,
3247 4994 3346 5050 age
3379 4981 3445 5034 et

1855 5079 1955 5116 nos
1988 5065 2039 5116 in
2071 5064 2154 5118 liis
2184 5080 2527 5134 peroremus,
2565 5067 2774 5120 minora
2819 5068 3174 5136 rependentes
3208 5070 3431 5139 majori-

1859 5156 1960 5209 bus
1995 5173 2007 5208 :
2041 5155 2144 5209 lioc
2173 5157 2436 5210 duntaxat
2472 5158 2734 5213 addentes
2775 5159 2840 5212 iis
2865 5174 2987 5227 quae
3022 5160 3283 5227 diximus,
3324 5177 3428 5217 non

1857 5249 2150 5302 minimum
2178 5263 2297 5303 esse
2316 5247 2512 5304 Joanni
2543 5250 2609 5303 ad
2640 5251 3100 5321 magnificentiam
3126 5254 3433 5321 praemium,

1859 5341 2005 5394 illam
2055 5357 2217 5410 quam
2268 5343 2320 5394 in
2375 5341 2565 5394 Pattno
2623 5342 3112 5397 liorrendissimam
3172 5344 3436 5416 Apocaly-

1858 5433 2018 5503 psim,
2050 5433 2180 5487 dum
2219 5449 2284 5488 eo
2315 5434 2367 5487 in
2402 5435 2522 5488 loco
2564 5434 2969 5504 prmdicationis
3007 5450 3175 5489 causa
3216 5437 3432 5489 exsula-

1859 5536 1941 5580 ret
1988 5528 2109 5598 ejus
2139 5527 2361 5582 decreto
2408 5529 2501 5597 qui
2549 5539 2680 5581 tunc
2725 5531 2908 5581 rerum
2953 5528 3283 5597 potiebatur,
3323 5527 3431 5583 Deo

1858 5617 2082 5671 docente
2130 5617 2298 5671 edidit
2327 5635 2338 5671 :
2373 5620 2476 5672 hoc
2505 5632 2722 5687 quoque
2770 5617 2841 5670 ob
2887 5617 3195 5671 dilectionis
3230 5633 3434 5687 prazru.

1859 5711 2093 5780 gativam
2120 5709 2383 5780 singulari
2416 5725 2524 5779 pne
2560 5709 2683 5764 aliis
2711 5709 2973 5777 apostolis
3009 5723 3233 5764 munere
3263 5708 3433 5762 dona-

1863 5810 1966 5856 tus.
2012 5802 2177 5857 Aiunt
2221 5811 2400 5857 autem
2433 5817 2578 5863 eum,
2613 5811 2733 5872 post
2765 5816 2954 5858 sacros
2987 5803 3110 5858 illos
3145 5803 3434 5866 circuitus,

242 5917 355 5986 (Ili
388 5917 481 5972 Sic
504 5916 667 5972 etiam
699 5918 752 5971 in
780 5932 1031 5974 sermone
1067 5917 1212 5973 edito
1260 5918 1324 5972 de
1365 5931 1525 5972 cruce
1562 5915 1747 5971 Tlicod

1859 5931 1881 5971 s
1912 5933 1924 5969 :
1959 5915 2082 5969 Ἐπὶ
2115 5916 2169 5970 δὲ
2210 5916 2300 5970 τὸν
2334 5916 2563 5989 σταυρδν
2595 5917 2827 5972 ὲπιτέον.
