3926 6434
529 380 564 442 7
569 381 634 444 87

1723 385 1782 444 S.
1825 385 2213 448 THEODORI
2245 389 2594 452 STUDITrE

3679 394 3783 456 788

531 499 696 563 atque
726 492 1090 562 evangelicam
1137 495 1603 567 praedicationem,
1651 515 1756 570 qua
1791 501 1944 556 orbis
1972 503 2106 559 lines

2231 504 2504 575 ιδρύσατο,
2535 503 2597 558 τὸ
2639 505 2783 575 ἱερὸν
2829 504 2994 560 αὐτοῦ
3043 485 3226 575 σῶμα
3253 503 3552 558 ἀποθέσθαι
3578 521 3592 535 ·
3623 523 3802 577 ταφην

533 592 851 657 complexus
892 595 998 650 est,
1027 587 1263 657 quodam
1293 589 1438 644 Asiae
1479 591 1598 648 loco
1639 602 1972 658 manentem,
2008 596 2101 650 ubi

530 677 804 746 pra‘cipue
857 676 1039 732 sedem
1093 680 1395 749 magisterii
1445 683 1832 748 collocaverat,
1883 700 2103 740 sacrum

533 781 694 822 suum
730 783 928 837 corpus
954 769 1316 838 deposuisse:
1344 782 1400 827 et
1436 775 1745 843 sepulcrum
1775 775 1990 844 quidem
2020 792 2109 846 po-

533 857 698 913 situm
758 858 929 914 fuisse
977 861 1134 929 quasi
1189 863 1384 917 mortis
1430 871 1646 933 typum;
1694 865 1872 935 ipsum
1925 874 2124 922 tamen-

536 963 700 1019 supra
743 960 949 1004 natura:
980 952 1232 1007 humana:
1273 953 1642 1009 conditionem
1673 957 2016 1016 translatum.
2055 966 2115 1012 ut

538 1043 640 1096 hac
671 1057 888 1113 quoque
917 1043 1133 1099 ratione
1173 1046 1472 1116 pracipuos
1504 1045 1646 1103 Deus
1681 1049 1904 1102 honoris
1935 1058 2115 1117 partes

536 1133 770 1188 amatori
805 1148 907 1189 suo
939 1133 1175 1190 deferret
1237 1134 1305 1189 Et
1335 1151 1537 1207 corpus
1577 1138 1794 1207 quidem
1829 1140 1912 1194 sie
1959 1140 2116 1194 babi-

537 1234 647 1278 tum
681 1233 785 1289 est,
822 1239 1018 1294 purum
1048 1226 1176 1281 illud
1205 1241 1269 1281 ac
1297 1243 1465 1283 suave
1497 1228 1766 1299 fragrans,
1795 1230 2111 1301 Christique

536 1316 790 1385 stigmata
839 1332 1036 1386 gerens
1112 1319 1296 1372 anima
1342 1329 1544 1388 autem,
1588 1337 1709 1391 quae
1739 1322 1880 1376 lucis
1929 1321 2114 1392 splen-

2224 597 2322 664 μὲν
2353 597 2495 651 κατά
2522 597 2694 651 τύπον
2740 596 2973 652 θανάτου
3000 636 3016 662 ,
3046 594 3323 666 μεταστὰς
3362 595 3421 648 δὲ
3458 596 3600 666 ὑπὲρ
3641 597 3802 666 φύσιν

2220 688 2566 761 ἀνθρωπίνην
2583 691 2720 760 (28),
2745 691 2834 744 ἵνα
2855 691 2958 744 κάν
2980 688 3156 759 τούτῳ
3179 688 3375 759 δοξάσῃ
3396 687 3531 752 Θεὸς
3555 689 3649 742 τὸν
3681 691 3807 743 ἐαυ-

2218 779 2314 834 τοῦ
2340 782 2577 853 ἐραστὴν
2610 783 2754 854 μάλα
2779 800 2793 815 ·
2823 782 2960 837 ἀλλά
2987 782 3047 836 τὸ
3089 781 3188 853 μὲν
3221 782 3380 851 σῶμα
3414 782 3473 835 ὲν
3503 781 3713 846 τούτοις
3746 784 3804 836 τὸ

2221 872 2459 943 καθαρὸν
2490 875 2588 928 καὶ
2613 875 2814 939 εὐῶδες
2865 876 2963 928 καὶ
2991 874 3060 927 τά
3101 874 3376 944 στίγματα
3422 873 3518 927 τοῦ
3564 873 3807 946 Χριστοῦ

2225 962 2394 1031 φέρον
2423 979 2435 992 ·
2467 965 2617 1034 τῇδὲ
2651 965 2799 1035 ψυχῇ
2835 963 2971 1035 οὐσῃ
3010 963 3086 1028 ὡς
3134 961 3357 1033 ἀληθῶς
3393 961 3544 1032 ἡλίου
3576 979 3806 1030 φωτοει-

2223 1054 2484 1126 δεστέρᾳ,
2509 1056 2756 1120 ἀναπτάς
2789 1056 2898 1110 τῶν
2945 1055 3159 1110 ἐνθένδε
3202 1054 3467 1125 ἀγγελικῇ
3505 1054 3808 1126 δορυφορίᾳ

2227 1144 2309 1206 εἰς
2343 1144 2550 1199 ἐκεῖνον
2567 1148 2658 1201 τὸν
2711 1148 2889 1219 χῶρον
2941 1147 3273 1218 μετελήλυθε
3315 1147 3410 1200 τὸν
3457 1146 3609 1217 αὐτῷ
3667 1147 3805 1216 πρέ-

2217 1230 2413 1286 ποντα.¹
2448 1234 2550 1306 τῆς
2612 1237 2853 1309 ἀρρήτου
2929 1238 3024 1291 καὶ
3089 1234 3480 1306 πρωτοφανοῦς
3540 1234 3805 1304 ἀγαλλιά-

2222 1343 2385 1390 σεως.

537 1409 761 1466 doribus
789 1426 977 1466 revera
1001 1411 1169 1466 solem
1211 1415 1521 1482 superabat,
1553 1416 1622 1471 ab
1671 1416 1922 1472 humanis
1957 1419 2201 1486 evolans,
2239 1423 2574 1492 stipantibus
2608 1425 2922 1496 angelorum
2960 1424 3165 1488 choris,
3197 1422 3263 1477 ad
3328 1423 3506 1477 locum
3561 1421 3804 1476 transiit.

539 1506 632 1575 qui
686 1506 858 1574 ipsam
917 1508 1166 1570 decebat,
1235 1509 1622 1566 inenarrabilis
1648 1512 1796 1567 illius
1827 1513 2099 1583 primique
2137 1529 2200 1568 ac
2232 1515 2598 1575 lucentissimi
2631 1521 2838 1591 gaudii.

609 1600 698 1656 12.
757 1600 863 1654 Sed
918 1616 954 1656 ο
1002 1601 1352 1669 beatissime,
1413 1614 1602 1675 terque
1655 1608 1997 1673 beatissime,
2052 1624 2115 1664 ac
2147 1613 2191 1676 Β

537 1706 765 1762 prorsus
795 1693 1109 1748 beatissime
1147 1692 1384 1751 Joannes
1414 1715 1427 1751 :
1457 1713 1654 1767 magne
1687 1698 1962 1771 Evangelii
2012 1701 2117 1766 sol,

534 1786 680 1853 jngis
727 1785 1010 1854 theologia.-
1058 1789 1356 1856 scaturigo,
1399 1790 1694 1859 apostoliee
1741 1807 1913 1856 rame,
1959 1792 2120 1847 Petro

539 1880 784 1944 campar,
834 1886 888 1931 tu
926 1893 1024 1931 nos
1054 1878 1121 1932 de
1166 1879 1320 1934 ccelis
1371 1879 1605 1952 benigne
1650 1882 1883 1937 intuere.
1927 1881 2119 1937 Viden‘

539 1983 704 2035 quam
728 1968 800 2021 sit
828 1969 1000 2024 tristis
1025 1971 1215 2024 horum
1243 1971 1562 2025 inferiorum
1596 1973 1808 2029 facies?
1836 1973 2119 2030 Destructa

541 2071 669 2114 sunt
710 2061 908 2114 altaria
951 2062 1198 2130 angustis
1235 2062 1544 2118 simulacris
1570 2072 1830 2119 coronata
1859 2081 1872 2117 :
1906 2067 2121 2123 ablatus

540 2158 627 2207 est
653 2166 933 2207 sacrorum
961 2154 1283 2223 templorum
1313 2157 1478 2211 decor
1506 2176 1518 2211 :
1547 2155 1753 2211 Christi
1781 2160 1958 2229 imago
1983 2159 2120 2212 ludi-

538 2243 661 2298 brio
702 2245 885 2299 habita
928 2255 1010 2300 est
1048 2255 1102 2300 et
1131 2247 1196 2300 ad
1235 2247 1465 2302 nihilum
1513 2249 1731 2305 redacta
1768 2250 1820 2303 in
1869 2251 2118 2316 urbibus,

537 2338 678 2404 ruri,
727 2339 913 2392 domi:
944 2340 1169 2409 insuper
1222 2341 1385 2394 etiam
1441 2340 1710 2411 Deiparae,
1764 2359 1827 2398 ac
1876 2343 2120 2412 cujusvis

540 2429 681 2485 alios
726 2432 802 2484 tui
840 2431 1125 2494 similium,
1171 2442 1265 2487 aut
1297 2433 1460 2486 etiam
1504 2442 1555 2488 te
1601 2434 1896 2498 minormn,
1951 2451 1979 2492 a
2009 2434 2120 2490 Deo

540 2519 847 2575 aﬂlatorum
890 2521 1137 2577 Patrum.
1183 2521 1452 2578 Luetuosa
1500 2524 1705 2581 omnia.
1743 2526 1975 2580 Assume
2018 2524 2120 2577 Pe-

542 2623 711 2677 trum,
762 2629 976 2684 unaque
1017 2612 1280 2668 Jacobum
1340 2632 1593 2672 assumas
1651 2632 1929 2688 rogamus.
1986 2614 2121 2670 Tres

541 2720 665 2770 vos,
702 2704 905 2762 Christi
943 2706 1173 2761 comites
1203 2707 1434 2772 assidui,
1474 2724 1597 2760 cum
1634 2717 1718 2762 est
1762 2709 2114 2778 transﬁgura—

542 2807 655 2861 tus,
683 2814 805 2854 cum
846 2799 1104 2869 pleraque
1143 2799 1408 2854 miracula
1441 2799 1647 2864 ederet,
1677 2815 1799 2854 cum
1845 2800 1896 2854 in
1926 2800 2120 2870 agonia

544 2906 736 2960 preces
771 2890 1044 2956 funderet,
1079 2891 1228 2947 velut
1251 2891 1365 2960 jam
1405 2891 1630 2962 collegis
1673 2892 1796 2948 aliis
1837 2907 1900 2947 ac
1929 2892 2120 2947 condi-

544 2984 769 3054 scipulis
815 2985 992 3057 magis
1038 2985 1334 3056 spiritales,
1368 3000 1430 3039 ac
1473 2985 1656 3040 divina
1690 2985 1870 3050 docti;
1923 2985 2028 3054 ipsi
2070 2994 2125 3039 et

544 3077 714 3132 modo
731 3093 855 3132 eum
888 3077 1046 3131 beata
1074 3092 1266 3131 novem
1293 3076 1569 3131 sociorum
1603 3084 1842 3141 caterva,
1875 3085 2122 3132 sanctam

548 3169 710 3223 nobis
767 3167 1091 3222 Trinitatem
1145 3168 1434 3236 prepitiam
1487 3166 1716 3237 reddite,
1763 3176 1825 3221 ut
1871 3166 2125 3222 Christus

547 3259 795 3329 iniquum
826 3260 929 3314 hoc
974 3275 1123 3314 mare
1151 3260 1424 3328 increpet,
1463 3267 1521 3313 ut
1551 3257 1825 3327 quondam
1857 3259 2126 3330 increpuit

546 3352 689 3420 apud
733 3349 1116 3416 Tiberiadem;
1152 3349 1569 3420 tranquillitate,
1603 3364 1724 3419 quae
1761 3364 1950 3419 pacem
1989 3365 2128 3418 prae-

549 3451 677 3506 stet,
713 3441 955 3497 vicissim
982 3444 1303 3509 exoriente;
1333 3453 1393 3498 ut
1436 3459 1564 3499 suas
1605 3442 1722 3512 ipse
1750 3441 2032 3504 ecclesias,
2072 3442 2126 3495 in

549 3534 835 3604 antiquam
885 3532 1032 3587 illam
1077 3541 1131 3587 et
1158 3532 1460 3602 jucundam
1494 3531 1834 3586 orthodoxia:
1877 3541 2130 3584 venusta-

551 3635 664 3681 tem
711 3627 954 3679 reducat.
986 3623 1067 3678 Tu
1121 3639 1250 3680 vero
1296 3625 1427 3679 mihi
1469 3623 1785 3689 temerario,
1832 3624 1913 3677 vir
1948 3624 2123 3689 beate,

551 3719 819 3790 propitius
851 3728 993 3784 esto,
1031 3719 1122 3788 qui
1152 3718 1458 3782 debuerim,
1493 3724 1550 3772 at
1593 3732 1700 3771 non
1742 3715 2074 3771 laudaverim
2113 3733 2125 3768 :

553 3813 647 3868 sed
697 3822 750 3868 et
799 3827 892 3867 eos
942 3813 1223 3881 suscipere
1263 3811 1524 3881 digneris,
1575 3811 1670 3880 qui
1717 3809 1979 3880 templum
2029 3810 2129 3863 hoc

551 3920 715 3978 quam
762 3912 954 3958 ornate
992 3913 1099 3956 tam
1145 3913 1467 3971 sumptuose
1506 3902 1604 3956 tibi
1629 3907 2038 3962 exstruxerunt,
2074 3900 2128 3953 in

551 4011 663 4068 quo
712 4006 766 4051 et
819 3996 1002 4066 plures
1054 3995 1106 4048 in
1164 3994 1470 4057 vestibulis,
1516 3993 1912 4048 monachorum
1956 4007 2126 4056 more,

555 4104 783 4158 corpora
823 4104 919 4143 sua
966 4087 1320 4157 reliquerunt,
1379 4098 1434 4141 ut
1485 4087 1572 4141 hic
1612 4088 1799 4156 positi,
1846 4085 2130 4156 splendido

552 4184 877 4252 maestique
907 4183 1260 4238 tabernaculo
1289 4193 1382 4237 tuo
1421 4183 1875 4248 advolverentur;
1924 4194 1974 4238 te
2009 4193 2129 4238 tan-

2289 1611 2378 1682 ιβ’.
2422 1610 2630 1668 Ἀλλἰἷι
2682 1617 3092 1688 μακαριώτατε,
3134 1616 3226 1670 καὶ
3262 1615 3806 1688 τρισμακαριιῖηατε,

2220 1706 2315 1760 καὶ
2364 1707 2878 1777 παμμακαριὼτατε
2913 1710 3155 1778 Ἰωάννη,
3185 1711 3214 1762 6
3247 1708 3419 1779 μέγας
3441 1705 3532 1759 τοῦ
3561 1706 3808 1773 Εὐαγγε-

2218 1801 2336 1855 λίου
2386 1802 2559 1872 ἥλιος,
2588 1806 2616 1857 6
2649 1803 2823 1877 βρυὴρ
2861 1807 2962 1876 τῆς
3011 1806 3292 1875 θεολογίας
3338 1807 3367 1859 6
3410 1804 3658 1867 ἀένναοςζ
3697 1803 3809 1855 τῶν

2221 1896 2534 1950 ἀποστόλων
2574 1898 2836 1968 ἀκρέμων
2876 1898 3012 1968 (29),
3062 1899 3321 1968 ίσόπετρε
3371 1897 3506 1968 (50),
3534 1898 3600 1949 σὺ
3654 1896 3808 1965 ἡμᾶς

2220 1987 2513 2058 οὐρανόθεν
2562 1988 2806 2058 εὐμενῶς
2851 1989 3024 2055 ἔπιδε,
3054 1990 3184 2059 ὅσης
3223 1988 3294 2040 τά
3336 1981 3437 2042 ὧδε
3467 1986 3802 2057 κατηφείας,

2220 2079 2520 2148 ἠφάνισται
2552 2079 2916 2151 θυσιαστήρια
2941 2080 3250 2149 ὲστεμμένα
3272 2078 3438 2140 θείοις
3463 2078 3806 2146 ἀγάλμασιν,

2221 2171 2505 2242 ἀφῄρηται
2526 2171 2671 2224 ναῶν
2706 2171 2867 2242 ἱερῶν
2913 2171 3222 2242 εὐπρέπεια
3247 2187 3260 2202 ·
3286 2171 3320 2241 ἡ
3357 2169 3519 2222 εἰκὼν
3566 2169 3808 2239 Χριστοῦ

2222 2264 2586 2334 καθύϐρισται
2608 2281 2620 2294 ·
2651 2262 3003 2328 ὲξουδένωται
3031 2266 3125 2317 καὶ
3149 2266 3206 2317 ὲν
3248 2264 3464 2316 πόλεσιν
3493 2263 3587 2314 καὶ
3609 2263 3669 2312 ἒν
3701 2259 3812 2330 χώ-

2223 2376 2346 2430 ραις
2407 2361 2501 2412 καὶ
2540 2360 2660 2412 κατ’
2708 2360 2891 2420 οἴκους
2919 2369 2932 2387 ⁸
2970 2359 3104 2427 πρὸς
3147 2358 3204 2410 δὲ
3249 2359 3343 2410 καὶ
3389 2357 3488 2425 τῆς
3528 2355 3808 2423 Θεομήτο-

2227 2468 2316 2520 ρος
2357 2451 2489 2520 (51),
2521 2452 2616 2503 καὶ
2662 2444 2724 2503 οὗ
2771 2467 2916 2511 τινος
2955 2445 3049 2501 οὖν
3097 2449 3259 2502 ἄλλου
3306 2447 3412 2500 τῶν
3460 2442 3572 2509 οἶος
3604 2447 3670 2498 σὺ
3713 2445 3811 2499 καὶ

2227 2540 2394 2609 μείων
2423 2539 2515 2592 σοῦ
2548 2541 2841 2609 θεοφόρων.
2895 2537 3161 2609 Ὀδυρμοῦ
3191 2539 3258 2590 τὰ
3279 2538 3480 2590 πάντα.
3522 2535 3675 2589 Λάϐε
3699 2535 3808 2589 Πέ-

2223 2647 2373 2699 τρον,
2401 2628 2800 2700 συμπαράλαϐε
2844 2627 3120 2691 Ἰάκωϐον,
3145 2626 3379 2696 δεόμεθα
3402 2641 3413 2652 ·
3450 2625 3499 2676 οἱ
3531 2625 3680 2693 τρεῖς
3719 2623 3812 2676 ἀεὶ

2223 2721 2444 2793 Χριστῷ
2469 2721 2866 2792 συμπάρεδροι,
2901 2716 3433 2790 μεταμορφουμένῳ,
3459 2716 3811 2783 θαυματουρ-

2223 2813 2409 2881 γοῦντι
2430 2812 2498 2865 τά
2527 2813 2719 2875 πολλὰ,
2743 2813 3068 2880 ἀγωνιῶντι,
3113 2808 3536 2880 προσευχομένῳ
3563 2824 3575 2836 ·
3602 2807 3679 2869 ὼς
3706 2807 3812 2877 ἤδη

2224 2905 2334 2958 τῶν
2362 2905 2663 2976 ὁμοχώρων
2702 2903 3120 2975 μυστικώτεροι,
3154 2900 3310 2953 αὐτοὶ
3355 2900 3448 2951 καὶ
3487 2898 3583 2951 νῦν
3611 2899 3714 2951 σὺν
3741 2901 3811 2968 τῇ

2225 2994 2386 3066 λοιπῇ
2447 2993 2723 3067 σεϐασμίᾳ
2774 2994 2952 3048 ὲννάδι
3000 2993 3097 3064 τὴν
3139 2991 3302 3060 ἁγίαν
3351 2989 3560 3059 Τριάδα
3597 2989 3810 3060 εὐμενῆ

2226 3088 2358 3156 ἡμῖν
2387 3086 2823 3157 καταστήσασθε,
2870 3085 3199 3156 ἐπιτιμῆσαι
3227 3082 3462 3156 Χριστὸν
3491 3085 3557 3153 τῇ
3589 3085 3812 3154 πονηρᾷ

2224 3179 2398 3250 ταύτῃ
2430 3177 2693 3250 θαλάσσῃ,
2721 3178 2796 3241 ὥς
2831 3195 2959 3231 ποτε
2991 3178 3058 3249 τῇ
3104 3174 3420 3246 Τιϐεριάδι,
3446 3173 3692 3244 γαλήνης
3731 3176 3812 3227 εἰ-

2231 3265 2538 3343 ρηνοδιὶῳου
2589 3269 3050 3340 ἀντανισχούσης,
3082 3266 3486 3338 ὲπαναδραμεῖν
3534 3265 3634 3328 τὰς
3678 3267 3814 3319 ἐαυ-

2227 3361 2321 3415 τοῢ
2365 3359 2694 3431 Ἐκκλησίας
2729 3360 2808 3421 είς
2836 3359 2933 3428 τὴν
2951 3357 3184 3428 ἀρχαίαν
3221 3358 3316 3410 καὶ
3347 3354 3674 3427 ἀρεσθεῖσαν
3710 3356 3815 3425 τῆς

2227 3451 2540 3523 ὀρθοδοξίας
2591 3448 2903 3520 ὡραιότητα
2927 3463 2942 3478 ο
2996 3448 3122 3518 ἐμοὶ
3157 3447 3213 3501 δὲ
3248 3447 3314 3500 σὺ
3339 3445 3418 3513 τῷ
3444 3443 3737 3514 τολμητίᾳ,
3765 3436 3816 3496 ὦ

2234 3545 2441 3614 μάκαρ,
2477 3544 2635 3606 ἵλεως
2687 3542 2780 3595 ἔσο
2821 3541 3117 3612 ὀφλήσαντι
3164 3540 3267 3593 οὐκ
3302 3537 3654 3592 ὲπαινέσαντι
3678 3553 3693 3565 '
3717 3539 3814 3590 καί

2230 3653 2294 3704 γε
2322 3635 2503 3699 δέξαιο
2530 3635 2656 3696 τοὺς
2683 3633 2834 3686 τόνδε
2879 3648 2964 3684 σοι
3002 3632 3096 3685 τὸν
3144 3631 3273 3685 ναδν
3315 3628 3452 3700 ὁμοῦ
3508 3628 3606 3699 μὲν
3648 3645 3817 3698 περι-

2229 3727 2465 3790 καλλῶς,
2499 3724 2636 3796 ὁμοῦ
2671 3724 2727 3777 δὲ
2766 3725 2858 3777 καὶ
2899 3723 3229 3794 περιουσίως
3270 3721 3594 3792 ἐγείραντας
3618 3735 3631 3749 ·
3674 3721 3734 3774 ὲν
3766 3714 3814 3789 ᾦ

2230 3823 2322 3876 καὶ
2356 3821 2424 3874 τὰ
2455 3817 2683 3888 σώματα
2717 3817 2767 3869 οἱ
2799 3816 3018 3879 πλείους
3059 3813 3373 3885 ἀσκητικῶς
3407 3812 3597 3864 εἴασαν
3627 3813 3712 3875 εἰς
3741 3813 3816 3866 τὸ,

2231 3913 2518 3984 προαύλια,
2544 3911 2618 3972 ὡς
2660 3907 2892 3961 ἐνταῦθα
2927 3907 3030 3978 τῆς
3077 3907 3177 3978 σῆς
3219 3904 3527 3975 φανοτάτης
3552 3903 3815 3973 οὐρανίου

2233 4007 2436 4076 σκηνῆς
2477 4002 2880 4074 παραρριπτείν
2936 4000 3017 4052 δεῖ
3054 3996 3308 4052 τοσοῦτον
3353 3993 3716 4063 ἀξιουμένους
3749 4013 3812 4047 σε

2229 4101 2362 4171 ὸρᾷν
2396 4098 2493 4150 σὺν
2527 4095 2688 4149 παντὶ
2731 4091 2809 4164 τῷ
2837 4090 3075 4161 ποιμνίῳ
3115 4089 3258 4143 κατά
3302 4089 3596 4158 διάμετρον
3627 4084 3815 4151 ἀξίας,

2230 4193 2354 4244 ὅσον
2377 4191 2427 4244 oi.
2454 4189 2590 4259 πρὸς
2615 4185 2777 4238 αὐτὸν
2806 4184 2902 4236 τὸν
2925 4183 3079 4254 ἦλιον
3114 4181 3518 4240 ἀποϐλέποντες
3539 4195 3554 4209 ο
3583 4178 3642 4230 ἐν
3676 4178 3818 4247 Χρι-

554 4286 670 4330 tum
707 4276 891 4331 videre
916 4283 1190 4342 optantes.
1224 4292 1347 4330 cum
1387 4277 1643 4329 universo
1683 4290 1866 4345 grege,
1911 4292 2011 4344 pro
2042 4276 2123 4329 di-

2234 4282 2344 4354 στῷ
2378 4279 2554 4351 Ἰησοῦ
2590 4278 2667 4347 τῷ
2712 4277 2904 4348 Κυρίῳ
2934 4275 3112 4345 ἡμῶν,
3153 4265 3198 4339 ᾧ
3235 4272 3435 4342 πρέπει
3474 4271 3624 4323 πᾶσα
3655 4268 3816 4336 δόξα,

553 4365 776 4434 gnitntis
813 4378 1090 4427 mensura,
1124 4375 1388 4433 quantum
1422 4364 1488 4416 iis
1525 4378 1851 4418 concessum
1884 4374 1986 4426 est,
2030 4367 2120 4433 qui

555 4473 588 4510 e
617 4466 761 4510 terra
802 4455 856 4509 in
894 4454 1066 4510 solem
1093 4456 1271 4524 ipsum
1309 4455 1582 4525 aspiciunt
1611 4471 1625 4508 :
1659 4456 1709 4508 in
1746 4453 1965 4510 Christo
1997 4456 2121 4511 Jesu

556 4547 786 4601 Domino
817 4557 1024 4611 nostro,
1053 4563 1217 4616 quem
1238 4547 1394 4602 decet
1420 4547 1599 4599 omnis
1626 4546 1820 4616 gloria,
1851 4548 2045 4612 honor,
2072 4558 2127 4603 et

555 4639 822 4701 adoratio,
874 4653 1000 4693 cum
1044 4637 1204 4693 Patre
1244 4650 1306 4693 ac
1359 4651 1549 4693 sancto
1587 4638 1816 4707 Spiritu,
1873 4655 2020 4695 nunc
2072 4650 2125 4694 et

558 4747 793 4803 semper,
818 4742 873 4786 et
902 4732 954 4785 in
986 4733 1185 4786 sa:cula
1201 4731 1550 4787 sazculorum.
1581 4731 1773 4785 Amen.

2229 4375 2384 4446 τιμὴ,
2409 4372 2501 4427 καὶ
2529 4369 2919 4440 προσκύνησις,
2954 4367 3072 4435 ἅμα
3103 4364 3180 4434 τῷ
3209 4366 3379 4432 Πατρὶ
3424 4362 3518 4415 καὶ
3557 4360 3636 4430 τῷ
3669 4361 3821 4430 ἁγίῳ

2233 4465 2532 4535 ῐΙνεύματι,
2565 4463 2660 4516 νῦν
2689 4463 2781 4515 καὶ
2810 4461 2896 4513 ἀεὶ
2921 4459 3014 4513 καὶ
3050 4460 3130 4522 είς
3147 4458 3271 4520 τοὺς
3302 4455 3504 4519 αἰῶνας
3533 4454 3646 4508 τῶν
3676 4454 3817 4506 uitii-

2232 4575 2357 4613 νων.
2403 4556 2592 4626 Ἀμήν.

1967 4872 2393 4930 ΑυΝΟΤΑΤΙΟ.

634 4984 804 5050 igitur
848 4992 1059 5052 septem
1088 4983 1357 5054 Theodori
1395 4981 1628 5054 Studitge
1673 4985 2033 5054 panegyricos
2071 4987 2364 5043 Orationes
2395 4987 2665 5047 dedimus,
2701 4999 2932 5053 quarum
2986 4982 3115 5054 duae
3145 4981 3334 5054 Latine
3353 4987 3600 5054 _tan_tum
3652 4979 3822 5054 edim.-

564 5048 799 5111 l'uerant,
839 5048 1059 5122 reliquae
1091 5070 1192 5107 nec
1218 5053 1404 5108 Grazce
1439 5069 1537 5107 nec
1581 5048 1790 5107 Lat—ine.
1819 5048 1966 5109 'A'nte
2008 5073 2105 5112 nos
2144 5069 2322 5112 tamen
2354 5058 2647 5112 exstabant
2691 5048 2808 5107 τιῙίξὲ
2842 5069 3031 5107 novem
3070 5051 3316 5122 ejusdem
3349 5048 3575 5122 Stoditae
3605 5051 3822 5122 oratio-

562 5141 678 5179 nes.
725 5122 766 5176 l.
805 5123 858 5176 In
901 5139 1120 5194 erucem
1169 5124 1399 5184 Domini,
1430 5124 1523 5178 Gr.
1558 5123 1678 5178 Lat.
1717 5127 1855 5193 apud
1884 5125 2199 5181 Gretscrum
2244 5143 2332 5194 op.
2373 5129 2444 5181 De
2475 5143 2645 5188 cruce,
2682 5136 2720 5179 t.
2754 5125 2818 5183 ll.

2857 5140 2908 5193 p.
2942 5123 3068 5193 251.
3109 5122 3170 5174 ll.
3207 5121 3262 5193 In
3303 5121 3641 5193 nativitatem
3673 5121 3824 5193 Δ1)(ξὶ-

562 5209 730 5264 pane,
771 5194 870 5247 Gr.
905 5193 1023 5248 Lat.
1063 5194 1209 5247 edita
1241 5195 1380 5248 inter
1421 5189 1859 5262 Damascenicas,
1904 5207 1962 5250 ut
2000 5213 2099 5251 nos
2121 5199 2238 5265 jam
2271 5189 2531 5262 diximus,
2561 5212 2614 5266 p.
2644 5196 2734 5251 54.
2774 5189 2926 5248 Ill-et
2955 5192 3046 5247 ιν.
3083 5193 3157 5247 De
3183 5191 3508 5245 adoratioue
3534 5189 3636 5244 SS.
3673 5190 3820 5243 ima—

633 5334 744 5401 (28)
772 5333 908 5388 Nota
941 5344 1086 5398 sunt,
1117 5350 1236 5402 quae
1259 5335 1326 5388 de
1368 5337 1536 5389 sancti
1571 5335 1798 5390 Joannis
1830 5331 2137 5389 extraordi-

563 5407 721 5458 nario
751 5406 935 5458 obitus
969 5421 1184 5473 genere,
1222 5405 1301 5458 vel
1333 5405 1495 5458 etiam
1542 5407 1899 5460 translatione
1931 5416 2021 5458 aut
2052 5423 2135 5459 re~

565 5476 929 5539 surreCtione,
969 5486 1192 5528 narrant
1237 5477 1483 5528 nonnulli
1527 5486 1734 5530 veteres
1771 5476 1910 5544 apud
1937 5476 2133 5529 Sandi-

564 5549 711 5597 nium
744 5547 797 5597 in
828 5544 970 5597 Hist.
1001 5555 1173 5612 apost.
1203 5561 1255 5611 p.
1295 5546 1421 5602 189.
1450 5545 1667 5600 Festum
1705 5548 1822 5615 ejus
1856 5548 2126 5615 μεταστά-

566 5632 702 5677 σεως
735 5625 816 5669 est
847 5615 898 5667 in
935 5615 1052 5668 Kal.
1095 5616 1307 5678 Gratco,
1329 5618 1417 5670 die
1441 5618 1510 5670 26
1546 5628 1686 5685 sept.
1714 5616 1926 5671 Laudes
1949 5617 2126 5670 eidem

567 5685 808 5753 insignes
834 5687 962 5739 dicit
993 5698 1215 5740 sant-tus
1242 5686 1542 5757 Cyrillnsitt
1577 5688 1797 5742 homilia
1826 5686 1962 5757 Opp.
2001 5698 2037 5739 ι.
2065 5686 2123 5750 ν,

569 5767 707 5823 part.
752 5773 810 5815 ιι,
845 5771 895 5823 p.
929 5757 1054 5810 580.

643 5825 754 5894 (‘29)
791 5827 1094 5881 lllustratut'
1153 5827 1250 5881 hoc
1301 5829 1626 5882 vocabuluttt
1654 5828 1721 5882 ab
1752 5827 1954 5882 incdito
1987 5827 2129 5894 apud

2244 5353 2328 5390 me
2357 5334 2476 5388 Jobi
2531 5337 2822 5402 interprete
2850 5346 2967 5399 cap.
2993 5346 3104 5402 Xtv,
3146 5328 3177 5380 7
3218 5345 3250 5402 εΔ
3275 5327 3332 5380 '0
3352 5325 3636 5402 pasam;
3665 5327 3825 5380 ἐστιν

2242 5406 2440 5466 παντὸς
2469 5397 2690 5474 δένδρου
2716 5402 2776 5474 τὸ
2807 5397 2994 5470 ἄκρον,
3057 5401 3194 5468 ὅπερ
3229 5398 3507 5474 ἀκρέ-μονα
3536 5397 3820 5474 λέγουσιν.

2313 5478 2429 5543 (50)
2448 5468 2684 5540 Compar
2719 5468 2894 5524 Petro-
2918 5474 3126 5543 honore
3149 5468 3663 5543 ⁸ιιρομςιριίιιιιεηιιοιι
3685 5471 3825 5543 pri-

2238 5536 2440 5602 matus'.
2469 5536 2683 5599 Etenim
2707 5544 3002 5611 primatum
3037 5539 3275 5591 vindieat
3327 5536 3486 5611 Retro
3531 5538 3653 5611 ipse
3678 5539 3824 5611 Stu-

2233 5619 2346 5671 dita
2390 5619 2442 5670 iu
2503 5607 2980 5684 pra-cedentibus”
3018 5625 3134 5684 inec
3173 5624 3277 5661 non
3318 5608 3439 5661 aliis
3470 5607 3607 5661 locis
3643 5607 3701 5660 in
3735 5608 3823 5661 iu-

2231 5689 2350 5742 dice
2379 5683 2762 5741 Sirniondiatm
2790 5683 3082 5736 adnotatis.

2312 5760 2425 5826 (5|)
2461 5756 2631 5824 Luget
2662 5755 2896 5826 Studita,
2950 5761 3006 5804 ut
3060 5751 3112 5826 in
3167 5749 3289 5826 aliis
3313 5748 3514 5817 passim
3558 5749 3816 5820 scriptis.

2238 5821 2724 5883 lcououiaelioruni
2755 5825 2839 5878 sui
2875 5822 3134 5890 temporis
3179 5821 3402 5875 scelera.
