3926 6472
171 439 275 504 ’189
969 440 1251 500 ORATIO
1291 441 1374 499 IN
1414 441 1475 499 S.
1516 440 2188 500 BARTIIOLOMJEUM.
2225 434 2674 497 —MONITUM.
3322 433 3428 496 790

173 559 362 630 ginu‘m
402 551 544 617 duae,
585 551 1142 630 La_t.,_quarnm
1194 556 1362 630 altera
1399 555 1619 630 inserta
1668 557 1786 630 ejus
1817 555 1952 610 Vita:
1989 571 2117 630 cap.
2152 553 2360 630 65:75;
2409 552 2576 630 altera
2609 565 2732 608 eum
2785 547 3194 630 Damaseeuicis
3228 549 3428 630 prodiit

172 618 404 693 Basilea;
451 639 542 693 an.
578 623 739 677 1575.
776 618 944 678 V.-'Iu'
963 625 1175 679 tertiam
1209 626 1578 679 inventionem
1609 618 1802 693 capitis
1827 627 2001 680 sancti
2033 618 2192 680 Joan.
2224 625 2378 693 Bapt.
2412 622 2505 677 Gr.
2540 620 2658 676 Lat.
2711 618 3129 693 a_C_omheﬁsio,
3186 629 3241 672 et
3276 618 3425 693 Cau-

173 695 286 765 gio.
309 691 429 765 7\'|,._
454 692 507 748 In
556 702 805 765 sanctum
849 687 1890 764 Bartholomazutuapostolum,Latinc
1935 704 2143 749 tantum
2195 687 2336 765 apud
2369 687 2925 765 Dac_h_erium__Spicil._
2963 692 3056 765 ed.
3087 705 3214 743 nov.
3285 699 3321 743 t.
3358 687 3422 752 ll,

171 759 231 835 13.
265 764 354 817 1‘2.
391 763 540 818 Hanc
564 763 752 818 Graece
778 765 942 835 etiam
963 766 1097 818 vidit
1121 759 1383 826 Allatius,
1405 765 1721 835 incipientem

1868 767 2099 835 [ﬁftd’toc
2127 759 2624 835 dtytbvgrroooﬁﬁooi
2640 762 2686 835 ῥ’
2710 761 2809 835 ἕξει,
2844 762 2938 835 xei.
2958 759 3155 835 Δκλέοςς
3191 768 3418 828 eratque

172 829 425 906 editurus
455 835 594 906 libro
634 842 789 889 sexto
824 834 1276 906 Symmictorum,
1301 843 1435 889 teste
1464 829 1727 906 Fabricio
1756 836 1820 889 Β.
1859 829 1935 890 GI
1952 836 2039 892 ed.
2085 829 2193 890 vet.
2238 844 2276 906 t.
2308 829 2798 906 XlV,_p._l‘25._Ea
2841 830 2971 884 mihi
3022 831 3424 906 quidenrnon-

171 905 300 959 dum
350 905 618 965 occurrit,
659 900 968 973 quanquam
1013 905 1104 958 vix
1153 904 1342 959 dubito
1381 905 1512 973 quin
1557 903 1722 959 lateat
1768 907 1907 959 inter
1936 906 2121 959 Allatii
2179 905 2409 958 schedas
2452 900 2849 957 Vallicelliauas
2882 908 2989 973 aut
3053 900 3418 973 Bai-heriuias.

177 973 287 1046 Vll.
314 975 513 1046 Oratio.
543 969 850 1046 epitaphion
883 975 938 1028 in
970 973 1248 1046 Platonem
1288 969 1608 1046 magistrum
1638 991 1818 1041 suum,
1855 977 1947 1029 Gr.
1988 976 2109 1046 Lat.
2145 975 2288 1046 apud
2333 973 2740 1046 Bollandianos,
2784 979 2823 1046 t.
2864 969 2920 1046 _l,
2959 970 3130 1046 April.
3169 969 3416 1046 Appernl.

171 1061 225 1114 p.
270 1044 353 1098 ιθ.
391 1037 527 1098 VIII.
563 1036 754 1114 Oratio
799 1047 924 1098 item
957 1045 1264 1114 epitaphiea
1313 1036 1663 1110 invmagnum
1705 1036 2017 1109 Ars'enium,
2052 1044 2147 1100 Gr.
2176 1036 2296 1100 Lat.
2341 1043 2750 1114 apudﬂeosdem
2786 1036 3184 1114 Bollandiauos,
3219 1036 3275 1094 't.
3323 1036 3421 1114 iV,

170 1109 404 1184 Jul.die
430 1113 646 1184 l9._lX.
677 1113 865 1168 Oratio
903 1109 1445 1184 par-iter'epitaphica
1487 1109 1540 1169 in
1573 1126 1799 1169 matrem
1842 1131 1996 1170 suam
2033 1124 2214 1170 exstat
2253 1109 2452 1169 inedita
2483 1113 2670 1184 Grarce
2701 1113 2761 1184 in
2795 1110 3178 1180 Metaphrastae
3231 1109 3425 1184 codice

173 1183 477 1240 Parisiaco.
515 1182 758 1253 Denique
793 1177 1136 1239 alia-inedita
1171 1177 1225 1239 in
1267 1177 1424 1240 c‘odd.
1455 1184 1628 1239 Paris.
1659 1185 1726 1239 de
1757 1185 2069 1240 inventione
2096 1184 2293 1253 capitis
2339 1185 2509 1238 sancti
2541 1181 2697 1236 Joan.
2734 1177 3013 1253 BaptistEe,
3045 1189 3183 1253 teste
3231 1177 3422 1253 F:g_bri-_-

172 1255 259 1325 cio
289 1254 356 1308 Β.
393 1253 456 1308 G.
484 1254 570 1308 ed.
614 1249 737 1307 nov.
772 1265 818 1307 t.
840 1254 908 1316 Χ,
952 1271 1002 1322 p.
1031 1255 1158 1316 472,
1189 1272 1218 1308 a
1247 1271 1356 1325 quo
1387 1255 1728 1325 superiorum
1758 1271 1979 1325 quoque
2004 1249 2196 1310 notitia
2227 1264 2482 1325 congesta
2509 1254 2630 1325 fuit.
2665 1249 2842 1325 Atque
2886 1252 2989 1304 hoc
3029 1249 3152 1325 iere
3181 1258 3264 1304 est
3289 1249 3421 1325 illud

174 1324 567 1394 Panegyricum
596 1325 833 1379 volumen
864 1327 917 1378 in
953 1317 1066 1379 dies
1097 1317 1521 1393 festos-Domini,
1567 1342 1658 1378 nec
1686 1317 1791 1379 ηοιὶ
1818 1317 2082 1393 Deiparm,
2109 1335 2156 1379 e.‘
2189 1317 2362 1379 sancti
2383 1317 2859 1394 Joan.rBaptistw,
2898 1322 3041 1394 quod
3078 1320 3227 1394 inter
3301 1317 3425 1371 Stu-

171 1391 545 1465 dita—scripta
593 1405 861 1448 memorat
893 1391 1127 1465 Michael
1174 1397 1472 1451 monachus
1516 1396 1569 1449 in
1602 1394 1722 1450 Vita
1768 1391 2007 1464 ejusdem
2047 1411 2167 1465 cap.
2214 1395 2302 1458 58,
2338 1409 2501 1464 quam
2560 1393 2822 1446 habemus
2886 1391 3024 1461 typis
3076 1391 3422 1465 impressam.

173 1463 326 1519 Mitto
367 1458 549 1518 dicere
578 1466 644 1518 de
676 1466 976 1519 minoribus
1003 1464 1360 1520 Sermonibus
1385 1465 1615 1531 duplicis
1645 1458 2010 1529 catecheseos,
2059 1458 2156 1521 sc'u
2200 1458 2410 1534 magna:
2443 1480 2537 1534 seu
2582 1477 2779 1532 parvae,
2817 1458 3046 1534 quorum
3102 1459 3205 1534 135
3257 1458 3428 1534 edidit

174 1534 367 1605 Latine
398 1534 698 1605 Livineius,
730 1534 914 1605 Graec
946 1551 1112 1605 unum
1149 1534 1432 1590 Fabricius
1461 1528 1522 1588 Β.
1561 1535 1622 1590 G.
1657 1536 1743 1590 ed.
1781 1550 1908 1589 nov.
1941 1528 2002 1605 p.
2028 1535 2169 1602 470;
2201 1528 2321 1590 tres
2346 1536 2472 1605 item
2501 1528 2688 1586 Griece
2730 1543 2922 1585 auctor
2964 1529 3226 1605 Catalogi
3262 1528 3422 1605 codd.

171 1603 407 1674 Nanian.
439 1619 494 1674 p.
528 1604 648 1658 164.
678 1604 820 1658 luter
852 1603 1025 1674 Opera
1057 1604 1350 1667 Theodori,
1395 1621 1513 1674 qua!
1556 1605 1880 1659 Sll‘lDOﬂdUS
1912 1597 2057 1672 p'relo
2096 1597 2289 1674 parare
2320 1604 2622 1674 videbatur,
2670 1611 2946 1674 postremo
2977 1602 3093 1674 loco
3144 1597 3418 1674 video__iu

169 1673 413 1745 elencho_
429 1667 550 1742 post
574 1674 724 1743 praef.
759 1667 1028 1733 nominari
1055 1667 1439 1745 fragmentum,
1470 1674 1740 1744 Confessio
1773 1675 1837 1729 de
1875 1667 2384 1744 T'rinitaieﬁeapse
2415 1675 2468 1728 id
2489 1667 2861 1745 fragmentum
2901 1671 3185 1745 incipiens
3214 1687 3224 1721 :
3260 1667 3426 1745 Misy

171 1736 455 1820 _£IV¢L_‘_I(_DV
475 1736 613 1820 619v
637 1745 833 1820 ἀρχήν,
863 1745 1056 1820 lcg_itu_r
1076 1736 1175 1799 sub
1198 1736 1466 1820 Theodori
1493 1736 1708 1820 nomine

1869 1747 1947 1820 id.
1980 1745 2254 1820 Va_t.A6‘20,
2277 1736 2330 1800 ét
2360 1736 2698 1820 0tt0b.__V.al.
2727 1741 2851 1796 414.
2885 1743 2954 1794 At
2977 1736 3045 1820 iu
3092 1738 3210 1820 Vat.
3255 1736 3419 1820 202s,

173 1809 885 1885 inseribiturpTheodoreto.
916 1809 1117 1885 Eadem
1155 1815 1434 1869 nominum
1465 1819 1695 1870 varietas
1746 1818 1798 1869 in
1835 1814 2161 1871 Florentinis
2191 1830 2407 1885 quoque
2453 1812 2731 1869 codicibus
2787 1810 3057 1874 occurrit,
3103 1809 3427 1864 observante

173 1883 449 1956 Bandinio'
477 1883 722 1956 Catalog.
755 1885 911 1940 codd.
943 1883 1034 1939 Gr.
1071 1896 1107 1939 t.
1135 1887 1172 1950 Ι,
1201 1901 1256 1956 p.
1283 1885 1406 1940 59.5.
1439 1885 1544 1956 Sed
1581 1901 1767 1940 revera
1797 1886 1928 1940 nihil
1959 1887 2102 1940 aliud
2133 1883 2236 1952 est,
2278 1883 2333 1939 id
2365 1883 2751 1956 fragmentum,
2781 1891 2964 1951 quam,
3001 1891 3059 1936 ut
3113 1895 3215 1951 ego
3270 1891 3426 1932 com-

172 1954 311 2026 peri,
341 1954 722 2024 compendium
750 1971 812 2010 ex
849 1956 1166 2011 Theodoreti
1209 1954 1406 2010 Han-et.
1439 1955 1549 2026 fab.
1586 1956 1723 2011 libro
1753 1971 1782 2009 v
1809 1956 2267 2012 consarcinatum.

220 2119 3424 2146 MM

933 2206 1351 2270 MONITUM
1398 2208 1496 2270 IN
1546 2207 2054 2270 ORATIONEM
2100 2205 2650 2285 SEQUENTEM
2743 2263 2745 2266 ,

1367 2350 1526 2422 (Ang.
1572 2351 1675 2407 ΜΛΙ
1705 2392 1720 2418 ,
1755 2356 1854 2409 loc.
1896 2355 1987 2408 cit.
2025 2367 2079 2422 p.
2118 2352 2286 2420 148.)

243 2494 498 2549 Dixeram
553 2490 803 2561 superius
834 2528 849 2555 ,
905 2490 1216 2544 desiderare
1260 2505 1346 2544 me
1386 2491 1632 2546 Graecum
1683 2501 1888 2547 textum
1941 2492 2280 2563 panegyricae
2307 2490 2613 2554 Orationis,
2655 2504 2816 2560 quam
2851 2494 3041 2544 noster
3089 2486 3305 2543 Studita
3355 2487 3425 2543 de

175 2592 366 2638 sancto
396 2579 796 2635 Bartholomaao
864 2578 1112 2648 apostolo
1151 2577 1496 2632 recitaverat.
1563 2577 1700 2635 Ecce
1739 2589 1916 2636 autem
1978 2591 2166 2650 postea
2217 2583 2273 2634 in
2318 2579 2505 2635 codice
2550 2594 2732 2649 prisco
2783 2577 2899 2632 Vat.
2956 2577 3092 2632 1989
3123 2619 3137 2644 ,
3204 2575 3244 2630 f.
3295 2575 3423 2641 238,

174 2671 266 2740 qui
323 2668 431 2724 fuit
483 2665 800 2721 monasterii
854 2664 1064 2737 Cryptas
1104 2664 1362 2732 Ferratae,
1397 2665 1582 2722 (ἓνωοθ
1609 2668 1829 2723 demum
1895 2669 2036 2722 hanc
2099 2668 2406 2722 orationem
2460 2666 3013 2737 reperi,quanquam
3066 2666 3120 2718 iu
3161 2664 3268 2719 ﬁne
3313 2679 3425 2719 uno

178 2758 309 2812 lolio
345 2755 594 2811 mutilam
623 2776 636 2808 :
672 2769 795 2824 qua:
817 2754 946 2824 quia
973 2755 1043 2807 ob
1072 2753 1328 2810 editionis
1361 2770 1494 2809 mea:
1526 2759 1983 2825 eompIementum
2013 2755 2313 2810 omittenda
2354 2769 2462 2808 non
2495 2764 2630 2818 erat,
2666 2755 2722 2808 in
2759 2753 2919 2822 hujus
2950 2753 3246 2808 voluminis
3276 2753 3437 2807 calce-

176 2861 323 2901 nunc
354 2845 674 2900 collocatur.
699 2842 958 2896 Ediderat
983 2842 1112 2897 olim
1138 2841 1348 2908 Latine,
1378 2842 1672 2912 interprete
1696 2844 1953 2898 nimirum
1981 2842 2270 2898 Anastasio
2298 2841 2740 2908 Bihliothecario,
2776 2840 3074 2896 Daeherius
3115 2838 3301 2909 Spicil.
3331 2840 3420 2895 ed.

177 2948 302 2986 nov.
340 2940 380 2984 t.
413 2930 478 2996 ll,
513 2945 566 2999 p.
601 2929 703 2982 1‘23
725 2968 738 2992 ,
767 2929 1208 2998 repetiveratque
1241 2943 1362 2982 eam
1391 2929 1750 2986 Comheﬁsius
1784 2931 1845 2984 Β.
1877 2929 1937 2986 C.
1977 2940 2016 2985 t.
2045 2928 2132 2982 Vll
2155 2971 2168 2996 ,
2201 2945 2251 2999 p.
2283 2929 2406 2984 755.
2446 2928 2558 2999 Ego
2588 2943 2714 2985 vero
2759 2932 2903 2984 hunc
2941 2929 3119 3003 ipsum
3169 2927 3423 2982 Latinum

176 3030 385 3075 textum
418 3020 471 3072 in
499 3018 685 3072 codice
719 3016 835 3071 Lat.
874 3015 995 3071 Vat.
1031 3017 1169 3071 1195
1194 3057 1207 3080 ,
1245 3019 1286 3071 f.
1316 3018 1444 3082 268,
1476 3020 1758 3089 legebam,
1802 3029 1856 3073 et
1885 3035 1994 3074 non
2024 3021 2141 3074 sine
2163 3020 2357 3090 aliquo
2388 3018 2564 3073 fructu
2601 3019 2971 3075 conferebam.
3014 3018 3158 3073 Sane
3191 3019 3423 3074 Anasta-

175 3108 318 3162 siuni
338 3121 442 3162 nec
463 3105 768 3160 Grazcitatis
783 3104 976 3174 peritia
997 3104 1130 3159 satis
1149 3107 1514 3171 commendat,
1542 3123 1640 3161 nec
1674 3108 1792 3176 ejus
1815 3108 2082 3162 Latinitas
2127 3108 2359 3163 lectores
2383 3108 2638 3162 oblectat.
2677 3106 3044 3173 Quamobrem
3085 3117 3235 3162 textu
3278 3123 3425 3162 nunc

174 3195 364 3251 Graeco
394 3195 636 3256 invento,
665 3208 806 3247 nova
840 3192 941 3247 fuit
969 3193 1208 3248 curanda
1228 3194 1532 3259 translatio,
1558 3205 1671 3249 tum
1701 3196 1770 3250 ob
1798 3197 1942 3251 dicta
1973 3196 2244 3253 Anastasii
2269 3197 2639 3260 incommoda,
2674 3207 2786 3251 tum
2809 3196 2972 3251 etiam
2993 3196 3118 3266 quia
3153 3196 3424 3252 variantes

175 3283 350 3338 Graeci
376 3282 706 3351 exemplaris
731 3281 996 3337 lectiones
1027 3281 1322 3336 identidem
1379 3286 1760 3338 occurrebant.
1791 3284 1865 3337 De
1889 3293 2079 3338 nostro
2110 3295 2290 3340 autem
2325 3284 2539 3339 Studita
2570 3285 2625 3336 in
2656 3285 2854 3354 praevia
2881 3285 3108 3354 epistola
3138 3287 3216 3338 sic
3247 3286 3425 3354 loqui-

176 3383 265 3426 tur
296 3371 598 3427 honorilice
632 3370 973 3426 Anastasius.
1010 3368 1100 3423 «Si
1127 3372 1330 3440 quaeris
1360 3373 1483 3440 quis
1509 3374 1640 3426 tanti
1678 3374 1950 3427 sermonis
1982 3374 2246 3429 habeatur
2276 3376 2572 3445 expositor,
2600 3374 2833 3441 libenter
2873 3374 3136 3443 aperiam.
3167 3371 3419 3427 Theodo-

179 3477 270 3516 rus
300 3460 554 3514 videlicet
583 3458 806 3529 quidam
843 3458 1098 3514 sacerdos
1142 3461 1282 3529 apud
1322 3458 1855 3530 Constantinopolim
1896 3463 2084 3516 urbem
2125 3465 2464 3533 temporibus
2502 3445 2606 3517 fuit
2640 3463 2866 3516 Adriani
2902 3470 2957 3516 et
2998 3460 3199 3514 Leonis.
3233 3461 3425 3516 Roma-

177 3563 375 3604 norum
402 3545 722 3617 pontiﬁcum
745 3589 760 3612 ,
789 3547 872 3600 vir
903 3547 1056 3601 valde
1085 3547 1349 3602 mirabilis
1375 3589 1389 3613 ,
1423 3548 1515 3617 qui
1545 3564 1666 3601 cum
1695 3562 1802 3602 non
1834 3551 2008 3605 solum
2037 3550 2157 3605 ﬁdei
2184 3552 2515 3616 constantia,
2543 3566 2732 3604 verum
2763 3551 2929 3604 etiam
2965 3551 3214 3604 scientiae
3238 3551 3422 3621 gratia

177 3648 228 3692 et
254 3637 540 3709 signorum
566 3636 795 3706 polleret
823 3636 1135 3698 virtutibus,
1165 3637 1398 3690 duorum
1434 3638 1799 3707 imperialium
1831 3638 2237 3708 insigniumque
2266 3638 2669 3699 emnobiorum,
2705 3636 2878 3692 Studii
2910 3638 3118 3692 scilicet
3144 3649 3190 3690 et
3225 3630 3425 3692 Saccu-

179 3724 785 3786 diorum,vconstitutus
810 3732 896 3776 est
925 3722 1114 3776 abbas.
1147 3721 1250 3788 Qui
1285 3738 1498 3792 semper
1527 3725 1576 3777 in
1613 3726 1925 3793 apostolicae
1951 3727 2510 3782 sediscommunioue
2544 3726 2868 3798 persistens,
2899 3726 3134 3780 haeretici
3157 3740 3223 3779 ru
3249 3742 3280 3778 n
3315 3740 3425 3779 me-

181 3815 322 3878 nias,
364 3822 421 3867 et
447 3811 834 3880 imperatorum
866 3810 1165 3874 vesaniam,
1200 3809 1322 3863 ﬁdei
1354 3813 1691 3877 constantia,
1723 3813 1886 3868 etiam
1919 3815 2203 3868 tormentis
2237 3813 2493 3880 aﬂ‘ectus,
2518 3815 2720 3869 virtute
2755 3813 3056 3882 repressit;
3098 3828 3197 3865 nec
3231 3826 3339 3864 non
3369 3821 3426 3866 et

181 3899 354 3955 sancti
399 3898 638 3968 Spiritus
669 3895 843 3965 gratia
869 3896 1062 3965 plenus
1092 3897 1351 3966 opuscula
1381 3899 1641 3952 nonnulla
1670 3901 2012 3969 composuit,
2046 3903 2185 3957 inter
2215 3917 2333 3972 qua:
2374 3911 2430 3956 et
2467 3917 2772 3957 sermonem
2807 3902 2954 3955 hunc
2985 3901 3051 3954 de
3087 3899 3146 3952 Β.
3182 3898 3429 3952 Bartho-

181 3988 396 4047 lomaeo.
436 3987 574 4042 satis
605 3988 793 4041 utilem
819 4026 834 4050 ,
863 3984 1114 4040 obscuris
1148 3985 1489 4040 dictionibus
1509 4028 1523 4052 ,
1553 3985 1743 4042 Graeci)
1774 3988 1940 4042 edidit
1970 3989 2172 4045 famine
2192 4031 2206 4056 ,
2237 3991 2331 4059 qui
2366 3989 2555 4045 Graeco
2584 3990 2852 4044 vocabulo
2887 3987 3160 4058 ἐγκώμιον
3183 3987 3382 4042 dicitur
3402 4026 3418 4052 ,

179 4075 320 4144 quod
353 4074 546 4129 Latine
583 4074 916 4144 praeconium
939 4113 955 4138 ,
998 4073 1113 4128 sive
1145 4073 1265 4128 laus
1294 4113 1308 4134 ,
1341 4074 1684 4142 caprimitur.
1726 4075 1829 4142 Qui
1882 4077 1949 4130 ad
2005 4076 2318 4132 Latinitatis
2352 4077 2602 4131 n0titiam
2652 4075 2884 4131 ﬁdeliter
2926 4075 3242 4137 translatus,
3277 4083 3416 4129 etc»

182 4159 366 4216 Voluit
395 4175 527 4231 ergo
553 4160 786 4216 ﬁdeliter
811 4160 1153 4230 interpretari
1184 4160 1510 4216 Anastasius
1533 4203 1550 4227 ,
1581 4163 1676 4218 sed
1706 4180 1870 4232 quam
1901 4165 2041 4220 bene
2080 4164 2129 4220 ei
2165 4180 2253 4220 res
2283 4166 2614 4221 successerit
2634 4207 2652 4231 ,
2686 4164 2762 4219 illi
2794 4173 3111 4234 agnoscent,
3144 4163 3238 4232 qui
3277 4175 3430 4216 nunc

179 4247 427 4304 Gnaeum
472 4256 680 4303 textum
719 4262 844 4302 cum
883 4248 1003 4318 ejus
1045 4247 1336 4302 Latinitate
1388 4247 1639 4305 conferre
1672 4252 1981 4315 voluerint,
2019 4252 2105 4308 vel
2142 4253 2336 4308 saltem
2368 4263 2589 4308 nostras
2627 4252 3128 4308 animadversiones
3171 4249 3420 4319 legerint.

181 4335 337 4404 Quod
359 4334 605 4406 denique
629 4334 955 4390 obcuritatis
976 4345 1201 4391 accusat
1228 4332 1584 4393 Theodorum
1616 4339 1969 4405 Anastasius,
1997 4355 2309 4411 quanquam
2345 4340 2545 4410 partim
2579 4349 2724 4395 recte
2755 4349 3016 4403 accusat,
3045 4336 3216 4391 multo
3243 4345 3419 4391 tamen

181 4425 295 4494 ipse
326 4423 621 4478 obscurior
656 4436 798 4491 saepe
823 4430 906 4476 est
937 4433 992 4478 et
1024 4423 1299 4478 horridior
1335 4425 1624 4494 interpres.

241 4513 362 4569 lam
395 4513 545 4584 quod
580 4511 775 4566 attinet
807 4511 872 4564 ad
917 4512 1284 4582 prodigiosam
1315 4514 1669 4584 reliquiarum
1699 4517 2117 4572 translationem
2153 4533 2217 4573 ex
2259 4517 2524 4572 Armenia
2553 4516 2793 4587 Liparim
2826 4532 2918 4585 per
2943 4514 3228 4570 Euxiniet
3249 4511 3422 4584 Εεπί

180 4603 412 4664 ﬂuctus,
443 4617 504 4656 ea
542 4609 686 4656 certe
710 4606 790 4654 tot
824 4599 1191 4655 inirabilitatis
1227 4601 1507 4655 coloribus
1539 4603 1797 4671 pingitur,
1831 4614 1891 4658 ut
1926 4605 2089 4658 ﬁdem
2124 4619 2264 4674 aegre
2294 4605 2467 4673 possit
2496 4604 2823 4673 impetrare;
2861 4619 2965 4672 qua
3002 4618 3168 4672 super
3200 4616 3262 4657 re
3293 4617 3425 4670 pru-

179 4693 366 4748 denter
390 4688 584 4746 scribit
619 4687 1000 4743 Tillemontius
1042 4686 1262 4742 Memor.
1299 4698 1340 4741 t.
1378 4688 1437 4750 Ι.
1475 4705 1526 4759 p.
1569 4691 1695 4756 381,
1725 4706 1826 4746 nec
1859 4707 1969 4746 non
2000 4693 2052 4745 in
2082 4692 2208 4745 adu.
2247 4707 2301 4761 p.
2335 4690 2473 4744 649.
2511 4690 2649 4744 Tum
2684 4700 2738 4744 et
2778 4691 2889 4759 ipse
2928 4689 3199 4744 Baronius
3233 4687 3423 4743 eadem

179 4781 244 4836 de
274 4795 334 4835 re
367 4779 588 4834 locutus
631 4777 686 4832 in
719 4776 938 4846 Martyr.
980 4776 1046 4830 ad
1080 4776 1222 4830 diem
1271 4776 1342 4830 25
1399 4777 1536 4848 Aug.
1571 4780 1882 4834 concludit:
1929 4799 1950 4831 ς
1993 4779 2084 4835 Sic
2114 4781 2293 4834 omnia
2330 4782 2523 4849 probet
2557 4779 2726 4834 lector
2749 4819 2763 4844 ,
2815 4789 2873 4833 ut
2907 4779 3055 4847 quod
3097 4778 3300 4832 bonum
3341 4788 3426 4834 est

182 4873 380 4922 teneat.
403 4883 424 4918 ι
454 4865 697 4920 Celebris
717 4866 1048 4934 caeteroquin
1081 4867 1196 4919 haec
1228 4865 1468 4920 narratio
1494 4875 1576 4921 est
1606 4869 1656 4921 in
1686 4868 1996 4922 Graecorum
2027 4868 2269 4933 menaeis,
2301 4868 2546 4922 historiis
2602 4883 2666 4922 ac
2689 4867 3064 4937 panegyricis;
3104 4883 3210 4922 non
3238 4877 3420 4922 tamen

181 4971 243 5009 ex
273 4970 386 5010 uno
428 4953 649 5009 Studita
680 4955 877 5009 hausta
912 4971 926 5008 :
959 4955 1163 5010 etenim
1194 4955 1310 5023 ipse
1341 4954 1556 5010 Studita
1591 4956 1753 5012 altius
1792 4972 1910 5012 eam
1947 4958 2230 5012 derivavit.
2256 4958 2396 5013 Ecce
2419 4959 2563 5013 enim
2595 4958 2822 5012 historia
2855 4959 3002 5022 haec,
3031 4957 3132 5011 etsi
3165 4957 3304 5010 haud
3345 4965 3425 5012 tot

180 5043 416 5112 phaleris
447 5053 730 5107 exornata,
768 5043 908 5112 apud
949 5059 1168 5114 gravem
1201 5053 1480 5098 auctorem
1520 5044 1576 5097 S.
1613 5044 1939 5115 Gregorium
1981 5046 2363 5101 Turonensem
2390 5046 2590 5117 legitur
2633 5046 2771 5100 sexti
2810 5045 2993 5100 smculi
3038 5045 3314 5098 hominem
3349 5043 3425 5097 De

183 5131 300 5185 mir.
332 5141 566 5200 martyr.
603 5129 697 5184 lib.
735 5146 783 5194 ι,
819 5146 939 5201 cap.
965 5132 1065 5194 55,
1098 5132 1257 5201 cujus
1283 5133 1445 5186 verba
1479 5134 1707 5188 recitare
1742 5135 1978 5201 pretium
2014 5150 2194 5203 operae
2222 5143 2327 5189 est.

257 5235 279 5269 ι
309 5217 773 5272 Bartholommum
811 5219 1114 5288 apostolum
1144 5219 1286 5287 apud
1320 5219 1528 5273 Indiam
1564 5236 1812 5290 passum,
1858 5221 2052 5290 agonis
2087 5221 2262 5290 ipsius
2297 5228 2485 5275 narrat
2517 5219 2764 5276 historia.
2803 5218 2931 5276 Post
2962 5223 3261 5276 multorum
3296 5235 3426 5274 vero

183 5320 456 5360 annorum
492 5305 665 5374 spatia
689 5305 757 5360 de
787 5308 1042 5376 passione
1069 5307 1190 5376 ejus
1217 5347 1230 5369 ,
1283 5324 1406 5362 eum
1456 5310 1654 5363 iterum
1695 5309 2022 5365 Christianis
2066 5311 2376 5379 persecutio
2419 5311 2768 5376 advenisset,
2811 5317 2865 5365 et
2902 5310 3150 5365 viderent
3195 5309 3428 5380 gentiles

184 5408 400 5448 omnem
423 5393 685 5462 populum
728 5394 796 5448 ad
826 5395 946 5464 ejus
987 5396 1300 5464 sepulcrum
1340 5411 1705 5460 concurrere,
1739 5399 1900 5466 eique
1926 5400 2340 5468 deprecationes
2369 5399 2589 5455 assidue
2626 5407 2678 5452 et
2715 5398 2937 5453 incensa
2961 5397 3195 5464 deferre,
3224 5396 3426 5451 invidia

186 5483 385 5547 illecti,
421 5482 769 5537 abstulerunt
798 5499 997 5552 corpus
1018 5484 1160 5552 ejus,
1191 5493 1244 5539 et
1275 5494 1537 5554 ponentes
1573 5485 1625 5537 in
1657 5487 2054 5557 sarcolihagum
2087 5488 2422 5556 plumbeum,
2446 5487 2792 5556 projecerunt
2815 5487 2943 5540 illud
2976 5486 3030 5539 in
3065 5500 3214 5539 mare
3240 5485 3428 5539 dicen-

187 5581 305 5627 tes:
333 5571 475 5638 Quia
512 5586 618 5626 non
654 5571 884 5627 seduces
911 5575 1142 5644 amplius
1178 5575 1440 5644 populum
1485 5583 1759 5629 nostrum.
1795 5573 1902 5629 Sed
1935 5575 2278 5644 providentia
2322 5575 2414 5628 Dei
2449 5586 2779 5646 cooperante
2818 5589 2913 5643 per
2949 5583 3216 5627 secretum
3247 5573 3428 5641 operis

184 5660 299 5727 ejus
319 5701 336 5724 ,
372 5662 776 5731 sarcophagum
811 5662 1125 5730 plumbeum
1161 5678 1192 5716 a
1218 5662 1339 5717 loco
1369 5663 1462 5718 illo
1489 5663 1647 5732 aquis
1683 5662 2117 5718 subvehentibus
2146 5664 2484 5719 sublevatum
2506 5706 2519 5730 ,
2547 5664 2788 5718 delatum
2820 5672 2903 5717 est
2936 5661 3000 5715 ad
3030 5661 3263 5716 insulam
3290 5701 3305 5727 ,
3336 5675 3428 5714 vo-

186 5749 380 5803 cabulo
419 5747 676 5819 Liparis:
718 5750 1125 5820 revelatumque
1170 5759 1255 5806 est
1284 5751 1614 5807 Christianis
1641 5761 1702 5806 ut
1740 5767 1868 5806 eum
1903 5753 1997 5821 (s.
2032 5752 2382 5822 apostolum)
2415 5753 2768 5824 colligerent:
2805 5750 3204 5819 collectumque
3238 5762 3300 5802 ac
3336 5761 3429 5802 se-

189 5837 395 5903 pultum
418 5878 433 5902 ,
469 5837 877 5893 adiﬁcaveruut
918 5855 1083 5909 super
1124 5854 1248 5893 eum
1293 5839 1550 5910 templum
1594 5856 1873 5911 magnum.
1918 5840 1972 5895 ln
2006 5856 2115 5911 quo
2148 5855 2293 5897 nunc
2322 5840 2603 5898 invocatus
2627 5880 2642 5908 ,
2693 5839 2953 5911 prodesse
2991 5835 3206 5909 populis
3240 5835 3436 5896 multis

189 5926 484 5982 virtutibus
517 5941 582 5982 ac
613 5925 890 5983 beneﬁciis
922 5925 1250 5983 manifestat.
1291 5948 1308 5980 ι
