3926 6432
532 328 632 394 791

1286 462 1348 516 Χ.

528 533 718 621 Sancti
738 538 928 621 .Patris
951 547 1120 621 nostri
1153 558 1200 600 et
1233 551 1544 619 confessoris
1581 555 1834 615 Theodori
1869 562 2096 621 Studia:

593 606 821 702 ἐπαίετ’
924 614 1211 702 gloriosum
1239 630 1287 673 et
1309 606 1550 678 s'anctunt
1790 606 2096 702 "4,2350%;

592 678 1070 740 Bartholomieum.

595 767 648 822 1.
690 768 941 841 Magnum
977 778 1191 845 quidem
1229 793 1505 841 certamen
1533 828 1548 852 ,
1588 790 1783 846 addam
1832 795 1994 851 etiam
2043 809 2098 855 et

523 855 712 920 decus.
745 861 1038 929 cujuslibet
1062 871 1228 922 sancti
1269 873 1367 926 viri
1397 875 1581 930 laudes
1609 891 1932 951 contexere;
1966 890 2096 956 quia

523 959 648 999 cum
690 950 865 1019 major
895 954 1090 1010 debeat
1116 975 1234 1014 esse
1263 967 1416 1020 testis
1457 969 1548 1023 illo
1593 971 1679 1024 cui
1720 975 1810 1030 dat
1857 950 2098 1036 testiino-

524 1037 697 1104 nium,
729 1058 875 1099 nunc
905 1045 1130 1103 inferior
1169 1066 1251 1106 est
1286 1057 1548 1126 quilibet,
1585 1077 1651 1118 eo
1675 1067 1770 1134 qui
1798 1068 2095 1126 beatitudi-

521 1145 644 1184 nem
690 1145 906 1204 propter
937 1140 1058 1194 vitae
1100 1159 1213 1200 sua:
1254 1149 1454 1204 exitum
1497 1152 1660 1210 habet
1712 1161 1860 1213 omni
1899 1163 2095 1218 discri-

523 1223 670 1278 mine
703 1240 994 1296 expertem.
1028 1234 1225 1290 Verum
1256 1241 1399 1294 enim
1434 1258 1562 1298 vero
1592 1247 1752 1301 etiam
1786 1253 2094 1319 apostolum

521 1312 747 1371 laudare
772 1357 785 1382 ,
817 1330 871 1374 et
897 1323 1118 1391 quidem
1146 1342 1212 1382 ex
1243 1329 1549 1387 illustribus
1573 1351 1765 1403 unum,
1797 1312 1987 1410 quanti
2018 1344 2096 1398 la-

520 1406 673 1463 boris
703 1411 826 1478 erit,
860 1423 919 1467 ut
943 1418 1115 1484 possit
1143 1421 1370 1489 spiritus
1401 1426 1574 1479 attolli
1611 1406 2092 1501 contemplationi-

532 1498 726 1565 bus,et
766 1504 945 1571 dignis
978 1510 1234 1575 plaudere
1263 1514 1524 1571 vocibus!
1567 1516 1700 1573 Nam
1733 1523 1890 1591 cujus
1926 1540 2093 1580 sonus

518 1587 572 1640 in
605 1591 912 1648 universam
947 1607 1146 1654 terram
1184 1603 1262 1658 sic
1291 1606 1479 1670 exivit,
1512 1617 1572 1663 ut
1608 1613 1896 1668 verborum
1934 1616 1985 1670 vi
2024 1617 2090 1670 ad

519 1680 666 1736 illius
692 1684 828 1739 lines
859 1693 1179 1756 pervaserit,
1211 1695 1329 1764 ejus
1357 1710 1504 1753 certe
1525 1716 1748 1758 necesse
1771 1714 1855 1760 est
1883 1717 1942 1760 ut
1969 1709 2090 1762 laus

516 1773 721 1840 pariter
749 1778 1093 1837 exaudiatur.
1140 1784 1309 1839 Porro
1340 1790 1607 1857 ejusmodi
1646 1797 1808 1863 operi
1835 1798 1956 1866 quis
1994 1815 2090 1869 par

517 1867 626 1920 sit?
662 1871 788 1938 quis
833 1881 1040 1929 tantum
1080 1878 1180 1932 sibi
1224 1880 1434 1939 fiducia:
1466 1888 1684 1940 sumat?
1723 1890 1848 1958 quis
1881 1867 2090 1946 tant—um

513 1956 733 2011 valeat?
753 1959 963 2014 Etenim
991 1980 1119 2019 num
1144 1969 1270 2037 quia
1297 1986 1394 2025 nec
1414 1970 1605 2029 Petrus
1624 1992 1723 2030 nec
1738 1956 1975 2034 iloannes
1992 1990 2094 2046 est,

517 2044 719 2104 idcirco
749 2054 903 2109 divus
936 2055 1347 2119 Bartbolomeus
1375 2065 1588 2120 exiliter
1604 2079 1688 2124 est
1717 2073 2094 2143 celebrandus,

515 2147 571 2192 et
603 2156 713 2195 non
741 2145 924 2213 potius
957 2150 1123 2204 multa
1158 2151 1319 2208 laude
1343 2159 1701 2212 mactandus?
1721 2161 1922 2216 Christi
1946 2165 2100 2219 disci-

515 2231 702 2298 pulum
726 2235 951 2292 omnino
970 2241 1143 2306 audis,
1179 2253 1232 2296 et
1259 2249 1645 2313 procedentem
1668 2267 1773 2305 non
1811 2255 2099 2321 perhorre-

516 2319 658 2372 scis?
681 2324 922 2381 veritatis
940 2337 1132 2384 testem
1159 2333 1415 2405 intelligis
1433 2377 1448 2401 ,
1496 2348 1550 2392 et
1570 2355 1692 2394 eum
1711 2344 1801 2412 qui
1821 2345 2099 2399 celebran-

515 2408 618 2464 dus
646 2421 731 2466 est
761 2429 868 2468 non
898 2419 1235 2476 admiraris?
1277 2425 1340 2480 Et
1369 2429 1587 2494 quidem
1613 2434 1826 2489 etiamsi
1862 2452 2005 2491 unus
2032 2437 2098 2490 de

516 2502 703 2557 multis
741 2515 847 2569 est,
879 2510 1236 2569 nihilominus
1268 2518 1410 2573 inter
1444 2520 1535 2576 Dei
1575 2523 1807 2581 famulos
1849 2527 2098 2584 laudibus

517 2591 750 2646 excellit.
778 2592 972 2652 Nonne
999 2601 1124 2668 quia
1159 2603 1212 2656 in
1246 2607 1434 2662 divino
1477 2611 1814 2673 duodenario
1867 2632 2096 2671 numero

519 2675 734 2737 medius
779 2694 889 2750 est,
936 2692 1089 2756 quasi
1142 2692 1305 2768 (sol)
1347 2698 1489 2753 inter
1529 2701 1730 2755 lumina
1769 2706 1954 2759 mundi
1992 2707 2098 2760 late

517 2773 796 2839 splendet?
826 2777 920 2831 Est
947 2783 1090 2834 enim
1121 2784 1210 2842 hic
1238 2787 1608 2844 duodenarius
1642 2809 1924 2858 numerus,
1964 2797 2092 2850 har-

517 2862 748 2920 monica:
773 2869 994 2925 citharae
1019 2874 1236 2941 similis,
1268 2889 1454 2950 utpote
1479 2884 1570 2950 qui
1605 2899 1784 2951 parem
1821 2887 2092 2942 similem-

518 2970 624 3023 que
651 2963 920 3029 utrimquc
946 2978 1140 3017 sonum
1170 2969 1450 3040 theologia:
1469 2975 1687 3030 emittit.
1710 2977 1799 3031 Vel
1827 2979 1870 3033 si
1899 2981 2091 3046 mavis,

519 3047 663 3102 sicut
714 3053 767 3104 in
830 3069 1015 3109 annuo
1063 3059 1313 3126 circulo,
1369 3065 1806 3139 uniuscujusque
1855 3073 2092 3136 mensis,

519 3143 743 3209 aequalis
765 3157 848 3199 est
873 3149 1078 3204 utilitas
1099 3166 1219 3221 qua
1239 3155 1534 3212 universim
1555 3154 1856 3229 confertur,
1879 3165 2094 3219 etiamsi
2124 3172 2164 3230 C
2200 3177 2319 3246 ῐση;

520 3236 743 3303 propria
766 3242 1071 3306 quantitate
1095 3255 1150 3297 et
1173 3247 1430 3313 qualitate
1447 3251 1582 3305 alter
1599 3253 1778 3311 diﬂ'ert
1803 3257 1871 3309 ab
1901 3257 2092 3312 altero.

519 3323 636 3379 Non
665 3340 747 3383 est
773 3346 972 3398 parvus
999 3334 1084 3388 hic
1107 3338 1356 3394 laudatus
1378 3351 1586 3406 noster,
1615 3345 1714 3399 sed
1735 3348 1960 3415 spiritus
1989 3351 2098 3402 vir-

521 3431 632 3476 tute
647 3425 916 3492 sublimis;
937 3429 1141 3485 habens
1154 3433 1441 3500 quemdam
1458 3438 1618 3491 etiam
1639 3439 1689 3492 in
1703 3440 1819 3510 ipsa
1839 3452 2100 3513 supputa-

525 3515 669 3566 tione
692 3519 980 3584 mysticum
999 3537 1243 3588 sensum,
1263 3527 1562 3581 secundum
1586 3531 1985 3586 arithmeticam
2011 3550 2096 3588 re-

524 3606 725 3676 gulam.
749 3607 1068 3666 Soluseuim
1090 3617 1340 3671 senarius
1363 3634 1646 3684 numerus,
1683 3638 1748 3678 ex
1770 3626 1998 3678 nomade
2039 3625 2092 3680 in

531 3698 646 3753 suis
671 3701 915 3768 partibus
952 3704 1222 3770 perfectus
1246 3721 1329 3763 est
1349 3749 1362 3773 ,
1387 3711 1586 3779 quibus
1608 3713 1739 3782 ipsis
1767 3718 2089 3786 completur,

525 3789 702 3845 media
748 3793 955 3848 scilicet
1000 3795 1082 3848 sui
1123 3807 1275 3866 parte
1311 3803 1538 3856 triadem
1563 3843 1580 3870 ,
1617 3805 1776 3859 tertia
1818 3807 2045 3878 dyadem
2073 3851 2088 3876 ,

519 3890 676 3936 sexta
713 3886 997 3939 monadem
1029 3887 1291 3946 elllciens.

592 3972 648 4025 2.
689 3973 841 4040 Quod
874 3979 918 4032 si
943 3980 1105 4034 etiam
1167 3985 1461 4040 secundum
1495 3989 1725 4044 Actuum
1773 3994 2098 4062 apostolico-

527 4078 647 4116 rum
686 4066 1178 4126 dinumerationem
1219 4074 1284 4139 η,
1315 4079 1601 4145 septimum
1652 4097 1774 4134 eum
1811 4099 2097 4150 ponamus,

525 4154 854 4225 principium
885 4176 1075 4216 rursus
1102 4174 1184 4218 est
1217 4175 1271 4218 et
1305 4178 1486 4222 vertex
1527 4172 1778 4228 secunda:
1828 4174 2049 4230 bexadis
2082 4193 2094 4228 :

529 4254 690 4315 atque
734 4247 862 4305 hinc
909 4257 1270 4326 argumentari
1324 4259 1448 4314 licet
1503 4277 1623 4314 eum
1685 4265 1998 4320 relationem
2037 4268 2097 4319 ad

529 4336 748 4393 Petrum
786 4341 984 4399 habere
1025 4349 1254 4401 :etenim
1300 4352 1435 4404 utin
1475 4354 1654 4421 priore
1705 4355 1924 4424 hexade,
1957 4359 2102 4427 prin-

529 4430 729 4494 cipium
754 4434 1072 4491 relationem
1110 4439 1270 4495 habet
1299 4443 1364 4496 ad
1395 4442 1555 4498 finem
1583 4445 1694 4512 ;ita
1727 4449 1778 4501 in
1803 4451 2103 4517 posteriore

533 4520 740 4575 bexade
782 4521 1222 4583 'Bartholomaeus
1276 4533 1562 4589 summitas
1611 4547 1693 4591 est
1745 4539 1957 4593 illorum
2007 4542 2098 4610 qui

530 4619 652 4677 post
682 4609 860 4679 ipsum
890 4626 1265 4672 numerantur.
1292 4618 1358 4673 Et
1389 4622 1609 4686 videsis,
1643 4626 1978 4682 charissime.
2000 4609 2096 4684 Pe-

531 4712 647 4757 trus
675 4703 832 4758 docet
855 4718 1063 4776 gentes,
1087 4707 1514 4768 Bartholomaeus
1542 4716 1661 4783 pari
1701 4719 1927 4787 vestigio
1973 4736 2095 4789 gra-

602 4839 645 4871 ¹⁸
673 4842 790 4897 Act.
819 4845 870 4909 1,
900 4846 986 4900 15.

1713 363 1771 419 S.
1814 364 2202 430 THEODORI
2234 374 2576 439 STUDITXE

3669 405 3770 468 792

2944 503 2998 555 I'.

2207 579 2316 632 Τοῦ
2346 585 2519 668 ὀσ-ζου
2544 589 2779 668 Ιζᾳτρὸς·
2802 590 2968 668 ἡμῷν
2997 596 3091 647 καὶ
3123 596 3493 668 ὀμολογητοῦ
3546 603 3770 657 Θεοδώ-

2261 668 2375 734 ρου
2407 656 2728 734 Στρυᾷίτου
2755 656 3042 730 ἐγκώμιον
3071 656 3169 730 εἰς’
3207 656 3330 720 τόγ’
3360 656 3618 734 ἔνδοξον
3669 656 3767 728 καὶ

2270 722 2442 790 ἅγιον
2469 722 2816 784 ἀπόστολοι)
2843 722 3100 800 Χριστοῦ
3129 722 3596 808 ὶὶαρθολομαῖἇκζ

2267 822 2335 867 α’.
2367 817 2634 886 Μέγιστος
2661 822 2761 891 μὲν
2797 825 2965 892 ἀγὼν,
2993 829 3286 899 προσθήσω
3302 831 3358 883 δέ
3383 834 3464 885 ὅτι
3491 837 3584 887 καὶ
3613 836 3773 900 κλέσς

2197 906 2507 961 οὑτινοσοῦν
2561 911 2668 964 τῶν
2704 915 2873 982 ἀγίων
2907 916 3127 974 ἔπαινον
3176 923 3568 992 ἐξυφάνασθαι,
3633 929 3771 981 καο-

2197 997 2322 1049 όσον
2359 1000 2561 1068 μείζων
2601 1006 2628 1056 ὁ
2659 1005 2869 1075 μάρτυς
2918 1010 3150 1079 ὀφείλων
3179 1013 3274 1066 τοῦ
3315 1021 3770 1090 μαρτυρουμένου

2198 1087 2581 1152 καθίστασθαι,
2614 1094 2953 1165 ἐνδεέστερός
2992 1101 3141 1153 ἐστιν
3187 1103 3424 1167 ἐνταῦθα
3475 1087 3627 1172 ἀπας
3673 1113 3770 1164 τοῦ

2197 1179 2286 1228 τδν
2345 1181 2694 1251 μακαρισμὸν
2747 1184 2834 1239 διὰ
2863 1189 2962 1257 τῆς
3021 1193 3336 1258 ἐκδιώσεως
3399 1199 3773 1270 ἀνεπίληπτον

2199 1268 2409 1338 ἔχοντος
2443 1273 2668 1343 (52)”τὺ
2694 1275 2749 1329 δὲ
2807 1280 2925 1332 καὶ’
2956 1282 3256 1338 ἀπόστολον
3306 1268 3625 1356 ἐπαινέσαι,
3677 1295 3772 1362 καὶ

2194 1354 2383 1408 τοῦτον
2405 1357 2512 1409 τῶν
2544 1361 2852 1434 ἐπισήμων,
2884 1368 3056 1439 πόσης
3096 1372 3161 1425 ἂν
3189 1374 3273 1444 εἴη
3330 1379 3428 1444 τῆς
3475 1354 3770 1449 ἐργωδὶας.

2197 1445 2335 1500 ὥστε
2373 1450 2469 1502 τοῦ
2496 1455 2803 1524 πνεύματος
2826 1461 3136 1532 ἐπαρθῆναι
3187 1472 3305 1532 ταῖς
3345 1445 3620 1542 θεωρίαις,
3677 1477 3772 1529 καῖ

2196 1539 2459 1609 κροτῆσαι
2485 1545 2601 1607 ταῖς
2627 1547 3184 1625 μεγαλοφωνίαιίςιμοῦ
3214 1559 3322 1630 γὰρ
3344 1563 3371 1612 ὁ
3399 1539 3637 1630 φθόγγος
3688 1569 3772 1622 εἰς

2197 1632 2373 1684 πᾶσαν
2406 1633 2503 1702 τὴν
2533 1637 2636 1707 γῆν
2666 1639 3005 1712 ἐξελήλυθεν,
3043 1647 3120 1710 ὠς
3151 1652 3216 1721 τῇ
3239 1651 3346 1703 τῶν
3374 1654 3636 1723 ῥημάτων
3675 1657 3770 1709 δυ-

2195 1721 2356 1792 νάμει
2389 1727 2623 1782 διάττειν
2656 1742 2681 1771 ε
2715 1736 2825 1798 τοῖς
2857 1736 3104 1807 πέρασιν,
3134 1740 3376 1813 δεήσειεν
3423 1747 3488 1799 ἂν
3540 1749 3772 1812 εἰκότως

2128 1839 2166 1892 η
2196 1817 2290 1868 καὶ
2328 1819 2356 1869 ὁ
2395 1818 2616 1886 ἔπαινος
2649 1825 2734 1878 ἐπ’
2773 1826 2891 1897 ἷσης
2941 1824 3427 1898 ἐξακουτίζεσθαιῖ
3480 1841 3574 1892 καὶ
3630 1842 3772 1911 πρὸς

2201 1904 2376 1960 ταῦτα
2399 1909 2480 1972 τίς
2513 1911 2730 1979 ίκανός;
2770 1916 2852 1980 τίς
2903 1917 3124 1984 εὔελπις
3157 1940 3171 1988 ;
3205 1924 3288 1987 τίς
3340 1927 3634 2000 εὐσθενήςς
3677 1904 3771 2002 ’μὴ

2202 1998 2309 2066 γὰρ
2352 2000 2431 2052 ὃτι
2461 2002 2521 2053 οὐ
2558 2004 2782 2075 Πέτρος,
2817 2009 2970 2063 οὐδὲν
3013 2013 3286 2086 Ἰωάννης,
3319 2021 3347 2070 ό
3381 2019 3522 2084 θεῖος
3553 1998 3774 2091 -Βαρθοιἰ

2202 2085 2424 2157 λομαῖος
2456 2091 2557 2160 ἤδη
2595 2094 3045 2166 μικρολογητέος,
3072 2101 3165 2154 καὶ
3209 2103 3270 2155 οὐ
3304 2104 3504 2175 πολλῆς
3550 2085 3772 2178 χρῇ-ζων

2200 2175 2297 2242 τῆς
2327 2177 2638 2246 εὐφημίας;
2676 2181 2923 2253 μαθητὴν
2957 2186 3194 2255 Χριστοῦ
3217 2190 3438 2254 ἀκούεις
3467 2193 3626 2255 ὅλως,
3677 2195 3774 2248 καὶ

2199 2266 2260 2317 οὐ
2318 2268 2560 2337 φρίττεις
2585 2271 2677 2323 τὸν
2703 2275 2959 2342 προϊόντα
2993 2275 3054 2341 b;
3092 2278 3345 2350 μάρτυρα
3377 2283 3474 2351 τῆς
3503 2284 3771 2353 ἀληθείας

2200 2357 2400 2421 ἐννοεῖς
2455 2359 2588 2430 (55),
2619 2364 2713 2414 καὶ
2741 2364 2800 2416 οὐ
2827 2365 3067 2435 τέθηπας
3095 2369 3187 2420 τὸν
3217 2369 3512 2441 ᾲδόμενον;
3544 2375 3773 2444 καὶμὴν

2200 2449 2247 2499 εί
2282 2449 2375 2512 καὶ
2407 2450 2514 2504 τῶν
2549 2453 2756 2505 πολλῶν
2791 2449 2870 2517 εἷς
2899 2451 2986 2526 ἦν,
3021 2459 3170 2528 ὅμως
3205 2462 3311 2537 τῷν
3330 2463 3464 2516 Θεοῦ
3497 2463 3772 2531 θεραπόν-

2199 2555 2306 2590 των
2334 2543 2767 2612 προφερέστερος
2801 2545 2910 2598 τῶν
2957 2549 3195 2604 ἐπαίνων
3226 2568 3238 2581 ·
3276 2553 3350 2623 μὴ
3377 2554 3455 2606 ὅτι
3481 2557 3579 2623 τῆς
3615 2556 3772 2623 θείας

2201 2626 2556 2704 [δυοδεκάδος]
2587 2635 2732 2686 ἐστὶν
2768 2637 2795 2687 ὀ
2835 2640 3162 2708 μεσαίτατος
3192 2645 3327 2712 (54),
3359 2645 3588 2699 καὶτῶν
3655 2667 3776 2718 φα.-

2199 2722 2412 2791 στήρων
2451 2723 2543 2775 τοῦ
2569 2724 2773 2794 κόσμου
2804 2729 2831 2780 ὁ
2872 2730 3224 2802 διαπρύσιος;
3285 2736 3431 2788 ἐστιν
3485 2738 3594 2810 γὰρ
3627 2743 3773 2812 αὺτῇ

2199 2811 2320 2862 καθ’
2355 2813 2555 2884 ἑαυτὴν
2584 2817 2615 2885 ὴ
2642 2816 3020 2886 δυοκαιδεκάς,
3055 2822 3244 2893 ὥσπερ
3275 2827 3367 2880 ἐπὶ
3399 2828 3636 2902 κιθάρας
3685 2811 3772 2884 ἐνξ

2197 2902 2457 2972 αρμονίου
2491 2906 2805 2977 ἐφάμιλλος,
2845 2910 2956 2964 ἴσον
2991 2913 3083 2965 καὶ
3143 2916 3326 2985 ὅμοιον
3371 2919 3772 2990 ἀμφοτέρωθεν

2196 2994 2286 3046 τὸν
2329 2989 2463 3065 ἦχον
2491 2997 2589 3068 τῆς
2617 2999 2894 3069 θεολογίας
2935 3004 3336 3076 ἀναπέμπουσα
3357 3026 3370 3039 ·
3402 3012 3450 3063 εί
3498 2989 3683 3081 βούλει
3710 3012 3771 3065 δὲ

2199 3084 2510 3159 ὣσπερ-ἐπὶ
2535 3093 2864 3146 ἐνιαυσιαίου
2900 3096 3100 3150 κύκλου
3162 3101 3394 3154 ἑκάστου
3462 3103 3630 3174 μηνὸς
3679 3103 3772 3156 ἐπ’

2345 3180 2405 3232 τὸ
2439 3183 2708 3251 χρήσιμον
2741 3185 2797 3236 ἐν
2826 3185 2903 3256 τῷ
2925 3188 3089 3240 παντὶ
3134 3193 3606 3262 συνεισφέροντος,
3668 3193 3774 3246 κᾶν

2202 3268 2308 3340 ἰδία
2341 3271 2527 3341 ἕτερος
2571 3273 2758 3345 ἐτέρου
2815 3277 3074 3347 ποσότητί
3129 3297 3188 3332 τε
3229 3282 3320 3332 καὶ
3353 3283 3601 3351 ποιότητι
3656 3282 3772 3353 ἔχοι

2200 3361 2260 3413 τὸ
2306 3362 2559 3433 διάφορον
2585 3379 2597 3390 ·
2632 3366 2732 3418 οὐκ
2757 3367 3031 3437 ὀλιγοστὸς
3070 3372 3199 3442 ἡμῖν
3250 3376 3277 3426 ὁ
3322 3374 3772 3445 εὐφημούμενος,

2199 3451 2331 3505 ἀλλᾶ
2361 3454 2456 3507 καὶ
2496 3455 2617 3509 λίαν
2639 3459 2947 3530 ἐπηρμένος
2963 3467 3027 3535 τῇ
3062 3464 3287 3536 δυνάμει
3307 3466 3401 3520 τοῦ
3432 3468 3773 3538 πνεύματος,

2199 3542 2337 3613 ἔχων
2365 3562 2418 3598 τι
2441 3549 2533 3600 καὶ
2557 3550 2613 3601 ἐν
2638 3551 2773 3624 αὐτῇ
2836 3556 2900 3625 τῇ
2922 3547 3310 3628 ’ἀπαριθμήσει
3335 3559 3600 3628 μυστικὸν
3630 3560 3775 3612 θεώ-

2206 3653 2355 3706 ρημα
2387 3639 2499 3709 (55)
2525 3644 2665 3696 κατὰ
2677 3644 3044 3718 ἀριθμητικὴν
3066 3649 3285 3718 μέθοδον
3307 3666 3320 3680 °
3352 3651 3509 3720 μόνος
3535 3651 3645 3720 γὰρ
3664 3654 3693 3704 ὁ
3710 3651 3774 3718 ἒξ

2197 3727 2428 3798 ἀριθμὸς
2470 3733 2576 3786 τῶν
2622 3736 2729 3788 ἀπὸ
2751 3737 3198 3805 μονάδοςιτέλειός
3212 3743 3356 3793 ἐστιν
3371 3744 3556 3807 ἐνζτοῖς
3573 3737 3774 3797 ἑαυτοῦ

2201 3811 2443 3890 μέρεσιν,
2476 3825 2964 3897 συμπληρούμενος
3021 3832 3084 3883 ἐκ
3130 3831 3239 3884 τῶν
3273 3833 3484 3886 αὐτῶν·
3521 3834 3776 3905 ἡμίσεως

2201 3912 2316 3978 μὲν,
2351 3914 2566 3982 τριάδος
2594 3932 2608 3948 ο
2641 3917 2824 3987 τρίτου
2858 3920 3148 3984 δὲδυάδος·
3181 3922 3340 3976 ἕκτου
3372 3924 3450 3988 δέ,
3494 3927 3739 3996 μονάδος.

2205 4052 2208 4054 ν
2273 4005 2337 4074 β’.
2368 4009 2425 4061 Εἰ
2453 4010 2508 4062 δὲ
2531 4013 2625 4064 καὶ
2659 4012 2799 4064 κατὰ
2827 4014 2926 4084 τὴν
2959 4014 3067 4068 τῶν
3097 4016 3354 4087 Πράξεων
3381 4018 3778 4088 ἀριθμοθεσίαν

2200 4101 2429 4172 ἕϐδομον
2453 4104 2614 4156 αὑτὸν
2637 4104 2881 4175 θείημεν,
2911 4104 3053 4180 ἀρχὴ
3074 4133 3076 4135 ν
3101 4109 3260 4163 πάλιν
3292 4112 3438 4164 ἐστὶν
3470 4112 3564 4166 καὶ
3596 4130 3773 4184 κορυ-

2203 4193 2276 4262 φὴ
2306 4195 2404 4262 τῆς
2429 4194 2686 4266 δευτέρας
2711 4198 2900 4263 ἑξάδος
2925 4216 2938 4230 ·
2969 4201 3044 4264 ὡς
3070 4201 3317 4256 ἐντεῦθεν
3371 4205 3774 4274 τεκμαίρεσθαι

2202 4287 2339 4355 πρὸς
2363 4286 2570 4360 Πέτρον
2600 4291 2764 4349 αὑτὸν
2792 4293 2890 4360 τὴν
2914 4294 3191 4365 ἀναφορὰν
3222 4295 3386 4365 ἔχειν,
3426 4299 3488 4349 ἐκ
3541 4297 3638 4366 μὲν
3673 4297 3775 4366 τῆς

2203 4378 2426 4450 πρώτης
2481 4381 2688 4446 ἑξάδος,
2746 4385 3113 4454 ἀναλογούσης
3163 4387 3257 4452 τῆς
3306 4386 3481 4455 ἀρχῆς
3527 4385 3605 4455 τῷ
3626 4387 3775 4440 τέλει

2206 4470 2316 4539 (56)
2347 4488 2359 4500 ·
2397 4474 2460 4523 ὲκ
2489 4472 2543 4524 δὲ
2572 4472 2672 4541 τῆς
2695 4473 2973 4542 δευτέρας,
3003 4474 3083 4527 ὅτι
3112 4476 3335 4545 κορωνὶς
3365 4475 3474 4528 τῶν
3516 4475 3636 4545 μετ’
3670 4477 3775 4530 αὐ-

2204 4562 2300 4631 τὴν
2331 4563 2767 4632 ἀριθμουμένων.
2827 4565 3015 4633 Ἀθρει
3063 4565 3194 4633 γὰρ,
3247 4566 3517 4636 ἀγαπητὰ
3565 4567 3776 4639 Πέτρος

2206 4653 2501 4722 μαθητεύει
2535 4655 2601 4707 τὰ
2632 4655 2759 4725 ἔθνη
2795 4671 2809 4688 ⁸
2845 4655 2980 4709 ἀλλά
3012 4657 3105 4710 καὶ
3133 4657 3539 4729 Βαρθολομαῖος
3575 4676 3762 4730 μετιχο

2202 4746 2380 4798 νιᾶται
2437 4735 2506 4798 τὰ
2542 4745 2653 4799 ἴσα.
2685 4747 2891 4820 Πέτρου
2928 4747 3121 4822 ὡραῖοι
3154 4750 3203 4802 οἱ
3246 4750 3407 4811 πόδες
3469 4751 3538 4805 τά
3589 4751 3778 4817 ἀγαθὰ

1788 4954 2017 5010 VARl/E
2053 4955 2455 5013 LECTIONES.

605 5031 975 5132 {Anastasius
1001 5053 1164 5106 prave
1196 5042 1407 5114 legebat
1466 5047 1770 5104 διατάττειν
1829 5051 2101 5106 ordinare.
2181 5054 2208 5093 ιι
2242 5053 2566 5108 Anastasius
2611 5055 2822 5110 videtur
2856 5056 3365 5129 legisse'rrpoiévm,
3399 5060 3492 5131 qui
3517 5059 3653 5116 dicit
3681 5065 3775 5132 qui

535 5100 680 5153 misit
713 5101 889 5158 illum.

2071 5221 2300 5277 ΝΟΤᾸΕ.

605 5291 716 5359 (52)
745 5291 873 5366 Mihi
905 5293 1242 5366 aliquantum
1276 5299 1546 5356 obscurus
1594 5304 1879 5359 videbatur
1915 5308 2093 5366 locus.

538 5364 1166 5435 Anastasiuslquidquid
1206 5367 1414 5435 legerit)
1440 5371 1753 5429 dillicultate
1791 5393 1848 5429 se
1870 5364 2094 5433 feliciter

535 5431 748 5518 expedit
771 5434 1015 5486 scribens
1042 5433 1200 5518 EHSed
1220 5431 1408 5517 m'ajori
1436 5441 1703 5518 devotione
1721 5458 1922 5518 martyr
1953 5431 2096 5518 quis;

533 5517 631 5567 que
660 5501 876 5556 debetur
918 5503 1225 5581 qttolli,_in
1273 5501 1426 5576 cujus
1481 5501 1885 5581 beatiﬁcatione"
1926 5501 2093 5573 oinm’s

535 5587 703 5624 sermo
733 5590 837 5626 non
862 5573 1082 5655 sufﬁcit;
1125 5575 1216 5630 Sic
1245 5587 1294 5655 et
1333 5573 1455 5655 ino_x
1487 5573 1723 5655 segerit,
1759 5603 1919 5655 quem
1953 5591 2090 5642 vide.

606 5642 871 5723 (55)_qul.
901 5641 993 5694 Gr.
1040 5641 1194 5723 Yat._
1226 5648 1480 5723 εὐποιεῖς.
1518 5641 1625 5723 785d
1676 5641 1820 5723 patet
1866 5641 2097 5712 Anasla;

537 5710 676 5790 siam
713 5715 908 5786 legisse
945 5714 1148 5770 rectius
1181 5719 1406 5785 ἐννοεῖς,
1437 5710 1566 5790 quia
1605 5710 1795 5781 scribit
1823 5710 2094 5784 sensu—cti-

2269 5311 2383 5385 (5l)_
2406 5309 2648 5379 Respicit
2700 5312 2945 5367 ordinem
2982 5329 3090 5384 quo
3123 5315 3478 5369 nominantur
3534 5315 3775 5385 apostoli

2200 5382 2827 5470 aptuL‘IJt-icaiut‘cap.‘x..
2999 5382 3012 5384 “
3074 5455 3088 5470 ὶ
3150 5454 3162 5470 ‘
3322 5455 3345 5470 Α
3403 5455 3413 5467 ι
3617 5458 3628 5470 ν

2270 5453 2380 5523 (35}
2417 5451 2547 5503 Mire
2581 5454 2898 5523 Anastasius
2935 5454 3259 5509 vocabulum
3321 5455 3583 5523 θεώρημα
3617 5458 3776 5510 intel-

2199 5523 2315 5595 ligit
2357 5522 2447 5574 Dei
2473 5523 2648 5595 verba.
2677 5522 2810 5595 Nam
2853 5540 2950 5578 nec
2979 5541 3093 5578 voc.
3131 5536 3310 5595 typum
3342 5522 3490 5595 quOd
3516 5530 3774 5595 sequitur

2201 5591 2252 5645 in
2280 5592 2587 5650 Anastasio.
2625 5593 2782 5674 habet
2821 5595 2989 5679 codex
3024 5591 3208 5679 {at}:
3252 5667 3261 5677 .
3358 5591 3373 5595 ⁷
3531 5676 3539 5679 _
3715 5669 3729 5679 ,

2271 5662 2381 5727 (55)
2424 5665 2746 5747 Anastasius
2777 5664 2949 5747 nitide
2984 5664 3352 5747 :“Princ'ipinin
3393 5676 3675 5734 reputatur
3711 5669 3765 5747 in

2206 5733 2470 5807 termino_;
2518 5734 2683 5807 quod_
2715 5749 2821 5787 non
2872 5733 3139 5807 displicet.
3173 5734 3318 5792 Petri
3363 5733 3626 5792 numerus
3657 5738 3772 5807 pri-

2206 5817 2328 5855 mus
2357 5802 2588 5857 refertur
2623 5805 2687 5858 ad
2719 5816 2930 5859 sextum
2961 5802 3227 5861 ultimum.
