3926 6482
160 437 256 497 793

896 439 1180 502 ORATIO
1229 444 1305 502 X.
1359 469 1427 478 --
1457 442 1537 502 ΙΝ
1588 443 1648 501 S.
1698 441 2342 502 BARTHOLOMAEUM
2405 439 2661 500 APOST.

3297 431 3400 496 79‘

159 545 669 617 εὐαγγελιζομένου,
704 547 839 602 ἀλλὰ
866 551 960 604 καὶ
994 551 1400 621 Βαρθολομαίου
1420 555 1668 626 ὲῖσότερα
1699 562 1720 590 ε

1830 553 1996 606 ditur.
2038 552 2178 606 Petri
2212 552 2440 622 speciosi
2476 559 2601 606 sunt
2631 549 2795 619 pedes
2837 551 2973 602 bona
3025 543 3403 613 erangelizan-

158 639 231 701 εις
257 641 328 692 τὰ
365 638 616 709 μετέωρα
647 639 1036 707 θεολογοῦντος.
1091 645 1297 715 Πέτρος
1329 645 1712 716 τερατουργῶν

156 730 218 784 τὰ
253 729 493 801 μεγαλα,
526 729 661 782 ἀλλὰ
715 732 806 783 καὶ
852 733 1255 804 Βαρθολομαῖος
1291 736 1730 806 θαυματουργῶν

154 824 218 876 τὰ
266 822 524 892 ραγδαῖα.
562 823 768 892 Πέτρος
796 824 1253 896 ἁνασταυροῦται,
1288 829 1423 881 ἀλλᾶ
1453 829 1547 881 καὶ
1591 829 1730 896 Βαρ-

154 915 440 984 θολομαῖος
481 914 763 967 ἀντίποινα
795 915 1019 984 πάσχων
1041 923 1434 988 καρατομεῖται
1471 935 1482 948 ο
1503 920 1604 971 ὃσα
1628 919 1729 990 δρᾷ

157 1006 379 1075 Πέτρος,
435 1005 672 1060 τοσαῦτα
739 1008 954 1077 ἐνεργεῖ
995 1009 1429 1079 Βαρθολομαῖος·
1493 1011 1576 1078 ἐφ’
1628 1012 1727 1063 ὅσα

154 1103 316 1170 χωρεῖ
347 1102 628 1170 μυστήρια
665 1103 692 1154 6
739 1100 964 1171 Πέτρος,
1007 1102 1098 1154 ἐπὶ
1132 1104 1372 1156 τοσαῦτα
1432 1104 1726 1173 ἐμϐατεύει

155 1189 558 1259 Βαρθολομαῖος
581 1206 594 1221 ο
640 1192 727 1244 ἐπ’
763 1192 886 1259 ἴσης
922 1194 1001 1253 είς
1025 1191 1085 1244 τὸ
1107 1191 1205 1254 τῆς
1235 1191 1510 1260 θεολογίας
1568 1195 1726 1265 ἀνίη-

152 1298 232 1332 σιν
262 1281 392 1351 ὅρος
434 1298 448 1311 ⁸
495 1281 584 1334 ἐπ’
622 1282 744 1352 ἷσης
773 1282 1012 1353 θεμελιοῖ
1066 1284 1165 1354 τὴν
1203 1286 1530 1356 Ἐκκλησίαν
1554 1304 1567 1318 ·
1632 1289 1727 1341 ἁν-

151 1373 388 1440 τίρροπα
449 1371 607 1442 ἔσχεν
661 1374 730 1426 τὰ
772 1374 935 1426 λοιπὰ
985 1374 1102 1428 θεῖα
1162 1377 1500 1447 χαρίσματα.
1551 1378 1723 1450 Δεῦρο

150 1463 276 1530 γοῦν
306 1464 748 1536 μειλισσόμενος,
797 1467 956 1535 γενοῦ
991 1463 1219 1538 εῑψορόξ
1274 1470 1386 1541 (57)
1435 1471 1528 1523 τοῦ
1563 1471 1724 1540 λόγου

149 1547 190 1604 ὦ
229 1555 773 1625 μάκαρίτράνωσόν
805 1573 906 1626 μου
934 1557 1033 1628 τὴν
1106 1557 1356 1626 γλῶτταν
1411 1558 1506 1612 τοῦ
1568 1577 1700 1630 μογι

147 1645 304 1700 λάλου
331 1662 346 1676 ο
382 1647 529 1700 δίδου
566 1664 654 1717 μοι
685 1647 783 1711 τὰς
805 1650 1060 1719 ἀφορμὰς
1106 1649 1216 1703 τῶν
1275 1652 1568 1722 ἐγκωμίων
1622 1653 1722 1721 τῆς

149 1736 244 1805 σῆς
265 1738 662 1810 μεγαλωσύνης
682 1757 697 1773 ο
717 1742 816 1811 οὐχ
841 1739 927 1794 ἵνα
939 1742 1099 1804 αὐτὸς
1124 1743 1452 1812 προσλάϐοις
1477 1762 1551 1811 τι,
1584 1744 1723 1814 ἔχων

145 1830 355 1883 οἴκοθεν
388 1832 498 1883 τῶν
528 1835 900 1904 μακαρισμῶν
929 1835 988 1887 τὸ
1026 1835 1254 1905 πλῆρες,
1317 1837 1433 1889 ἀλλ’
1477 1840 1566 1892 ἵνα
1625 1841 1724 1908 ἀφο

145 1919 346 1990 οσιωθῇ
376 1923 405 1972 6
438 1923 604 1985 πόθος
633 1922 727 1976 τοῦ
756 1925 1188 1995 προστεταχότος
1220 1926 1333 1996 ('68)
1363 1941 1378 1956 ο
1398 1931 1491 1981 καὶ
1519 1930 1567 1982 ἰν
1591 1931 1721 1999 ’ἐγὼ

143 2013 170 2064 6
197 2014 591 2082 πενιχρότατος
625 2016 751 2077 παῖς
779 2032 870 2067 σου
891 2019 1163 2087 πατρικῆς
1195 2018 1362 2088 εὐχῆς,
1390 2020 1724 2075 ἁπολαύσαιυ

147 2121 204 2171 μι
235 2144 249 2167 ,
280 2106 494 2174 ἐπαίνῳ
524 2105 614 2157 τὸν
645 2106 736 2157 σὺν
759 2105 983 2159 ἔπαινον
1026 2109 1452 2179 συγκροτοῦντος
1482 2100 1601 2182 (ὅθί
1621 2130 1632 2143 ·
1658 2114 1719 2167 ού

142 2200 250 2266 γὰρ
296 2193 497 2250 οἷόντε
555 2199 824 2269 ἀμέτοχον
873 2203 1152 2272 φωτισμοῦ
1213 2205 1582 2276 μεμενηκέναι
1629 2206 1721 2260 τὸν

144 2288 280 2356 πρὸς
304 2289 408 2352 τὰς
437 2290 608 2351 αὑτὰς
634 2290 734 2360 τῆς
759 2291 988 2362 ἡλιακῆς
1027 2294 1247 2357 ἀκτῖνος
1268 2278 1602 2350 ἀνανεύοντα
1624 2297 1722 2361 τὰς

143 2385 336 2454 κόρας.

208 2483 278 2543 γ’.
325 2475 522 2538 Ἀλλος
561 2478 659 2546 μὲν
685 2475 776 2531 οῦν
811 2479 1031 2532 ἄλλοθεν
1056 2480 1162 2532 τῶν
1182 2481 1498 2534 ἀποστόλων
1519 2483 1720 2552 διειλη-

143 2567 255 2634 φὼς
294 2570 462 2639 μέρος
491 2569 592 2636 τῆς
636 2572 963 2641 οἰκουμένης
1023 2575 1083 2624 ὲν
1129 2573 1207 2640 τῷ
1254 2574 1569 2644 κηρύγματι
1623 2577 1722 2644 τῆς

142 2658 495 2725 θεογνωσίας,
514 2660 608 2712 καὶ
636 2661 836 2722 πάντες
864 2661 922 2713 τὸ
939 2660 1044 2714 πᾶν
1065 2662 1492 2732 διανειμάμενοι,
1520 2682 1714 2734 στρατ-

141 2749 264 2815 ηγοὶ
316 2747 583 2820 ὤφθησαν
649 2751 723 2814 ὡς
773 2752 1008 2822 ἀληθῶς,
1054 2756 1148 2806 καὶ
1198 2755 1292 2806 τοῦ
1335 2758 1723 2825 παμϐασιλέως

143 2839 386 2908 Χριστοῦ
460 2840 868 2916 καθεστήκασιν
943 2845 1200 2914 ἄρχοντες
1235 2860 1249 2875 ⁶
1310 2850 1724 2915 Καταστήσας

141 2933 251 3000 γὰρ
279 2932 508 2997 αὐτοὺς
541 2933 841 3001 ἄρχοντας
895 2936 993 2989 ἐπὶ
1055 2935 1265 2991 πᾶσαν
1321 2938 1438 3004 τὴν
1495 2938 1632 3008 γῆν,
1663 2941 1724 2994 τὸ

142 3022 384 3093 Γράμμα
429 3027 898 3095 προσηγόρευσεν.
955 3026 1046 3096 Τῷ
1097 3029 1274 3081 τοίνυν
1324 3030 1723 3100 εύφημουμένῳ

141 3117 343 3187 κλῆρος
375 3118 469 3170 καὶ
497 3119 678 3188 μερὶς,
715 3121 743 3171 6
783 3120 880 3189 τῆς
943 3120 1232 3189 Ἀρμενίας
1286 3121 1487 3191 χῶρος,
1546 3126 1574 3175 6
1617 3125 1725 3178 ἀπὸ

141 3207 345 3260 Εὐῖλὰτ
381 3209 548 3279 μέχρι
581 3209 833 3276 Γαϐαὼθ,
864 3212 920 3263 ὲν
952 3211 1169 3274 πολλοῖς
1202 3213 1384 3266 ἔθνεσί
1413 3231 1470 3267 τε
1508 3216 1601 3268 καὶ
1630 3217 1719 3269 πό-

1827 646 1916 708 tis,
1947 646 2040 699 sed
2072 653 2126 698 et
2157 642 2540 697 Bartholomaei
2577 655 2732 712 pares
2756 649 2883 694 sunt
2907 653 3124 710 gressus
3146 634 3398 691 sublimia

1830 735 1896 789 de
1934 734 2044 789 Deo
2075 734 2365 804 loquentis.
2402 733 2596 787 Petrus
2625 746 2818 802 magna
2855 730 3101 800 prodigia
3135 726 3269 786 edit.
3305 727 3397 781 scd

1819 834 1885 880 ~ct
1916 824 2340 878 Bartholomreus
2393 823 2654 878 miracula
2689 821 2909 892 grandia
2957 827 3150 889 patrat.
3206 815 3400 870 Petrus

1829 914 2184 985 cruciﬁgitur,
2233 919 2324 969 sed
2364 923 2419 969 et
2465 913 2892 967 Bartholomaeus
2938 916 3200 963 tormenta
3249 906 3398 977 paria

1828 1021 2138 1076 perpessus,
2174 1007 2347 1075 capite
2387 1007 2670 1060 minuitur.
2702 1003 2975 1070 Quantum
3021 1001 3213 1054 Petrus
3236 1041 3250 1063 ,
3280 1009 3401 1051 tan-

1830 1101 2067 1155 tumdcm
2131 1099 2559 1154 Bartbolomazus
2614 1105 2887 1165 operatur.
2953 1092 3094 1159 Quot
3162 1090 3401 1160 capessit

1828 1193 2088 1262 mysteria
2117 1190 2338 1253 Petrus,
2388 1189 2610 1245 totidem
2659 1187 2896 1242 decurrit
2926 1184 3355 1239 Bartholomaeus
3383 1198 3398 1246 ;

1826 1285 1921 1354 qui
1947 1293 2000 1339 et
2033 1299 2186 1353 mque
2240 1281 2524 1352 theologim
2563 1290 2802 1334 montem
2858 1276 3211 1340 conscendit,
3248 1289 3401 1342 aeque

1827 1377 2081 1432 Ecclesia:
2111 1374 2458 1430 fundamenta
2504 1375 2681 1444 jacit,
2723 1373 2876 1444 paria
2930 1373 3162 1440 denique
3213 1367 3403 1422 habuit

1828 1467 2032 1537 reliqua
2092 1469 2254 1521 etiam
2304 1466 2390 1520 Dei
2425 1466 2775 1520 charismata.
2833 1463 3033 1515 Adesto
3080 1460 3245 1530 igitur
3277 1471 3400 1526 pro-

1825 1564 2012 1633 pitius,
2032 1563 2332 1618 orationem
2364 1565 2674 1633 suppedita,
2701 1576 2733 1615 ο
2766 1561 2922 1615 beate
2955 1557 3290 1628 ;expeditam
3316 1554 3398 1610 l‘ac

1825 1658 2061 1727 linguam
2095 1673 2270 1713 meam
2303 1654 2650 1711 balbutientis
2681 1671 2696 1719 ;
2737 1653 2804 1707 da
2837 1651 2968 1705 mihi
3009 1647 3401 1718 magnitudinis

1826 1758 1932 1804 tua:
1960 1748 2328 1802 collaudandae
2365 1747 2646 1801 materiam
2679 1763 2693 1811 ;
2726 1759 2831 1797 non
2875 1758 2986 1813 quo
3022 1751 3077 1796 tu
3123 1741 3248 1795 inde
3300 1739 3402 1794 ali-

1823 1842 1948 1911 quid
2004 1840 2258 1911 prolicias
2293 1880 2307 1904 ,
2364 1840 2571 1894 habens
2619 1838 2949 1892 intrinsecus
3002 1833 3400 1889 beatitudinum

1825 1934 2211 2002 plenitudinem
2239 1971 2253 1996 ,
2293 1932 2384 1986 sed
2413 1940 2471 1985 ut
2497 1931 2644 1985 illius
2669 1930 2758 2000 qui
2789 1929 2918 1982 mihi
2946 1928 3220 1981 mandavit
3253 1925 3400 1980 desi-

1821 2025 2029 2078 derium
2091 2023 2450 2091 adimpleatur
2493 2039 2508 2087 ;
2559 2030 2723 2090 atque
2773 2028 2832 2073 ut
2887 2034 2985 2090 ego
3039 2018 3402 2088 pauperculus

1821 2115 2059 2170 famulus
2111 2123 2236 2168 tuus
2300 2113 2543 2183 paternis
2599 2111 2852 2181 precibus
2902 2108 3072 2165 fruar.
3134 2110 3186 2160 in
3245 2107 3402 2160 laude

1822 2206 2150 2261 celebritatis
2203 2214 2329 2259 tum.
2393 2202 2580 2273 Neque
2623 2203 2767 2256 enim
2809 2201 2923 2255 ﬁeri
2979 2208 3188 2268 potest,
3245 2209 3304 2252 ut
3357 2200 3400 2252 is

1821 2312 2016 2368 expers
2067 2298 2291 2352 ltnuinis
2325 2305 2539 2351 maneat
2570 2336 2584 2359 ,
2626 2295 2719 2364 qui
2750 2293 2815 2348 ad
2873 2293 3188 2362 splendores
3209 2289 3405 2344 solaris

1823 2387 1957 2442 radii
1993 2388 2278 2442 oculorum
2310 2388 2482 2440 aciem
2525 2383 2790 2438 intendat.

1892 2479 1946 2533 3.
1982 2479 2174 2548 Itaque
2203 2480 2578 2543 apostolorum
2611 2476 2750 2529 alius
2784 2474 2947 2528 aliam
2971 2471 3160 2526 mundi
3196 2479 3403 2549 partem

1823 2570 2045 2626 sortitus
2089 2572 2156 2625 ad
2206 2570 2609 2639 pranlicandam
2648 2569 2740 2623 Dei
2776 2566 3051 2630 nodtiam,
3091 2573 3253 2633 atque
3283 2561 3405 2616 uni-

1823 2680 2036 2718 versum
2070 2665 2210 2717 inter
2245 2678 2302 2718 se
2343 2662 2546 2731 partiti,
2584 2663 2753 2716 duces
2780 2674 2971 2728 reapse
3001 2664 3396 2727 apparuerunt,

1825 2769 1878 2814 et
1905 2759 2233 2814 universalis
2281 2759 2426 2829 regis
2464 2758 2668 2812 Christi
2716 2756 2992 2826 principes
3028 2761 3156 2808 sunt
3191 2752 3403 2807 consti-

1829 2852 1924 2906 tuti
1958 2871 1971 2906 :
2030 2849 2328 2905 Constitues
2367 2852 2506 2904 enim
2538 2867 2625 2904 eos
2695 2848 2956 2918 principes
3013 2861 3170 2915 super
3203 2859 3407 2898 omne":

1827 2956 2053 3007 terram,
2107 2945 2282 3013 inquit
2335 2943 2622 3013 Scriptura
2656 2944 2720 2996 ”.
2773 2941 2910 2995 Huic
2941 2948 3122 2992 autem
3188 2939 3407 2991 laudato

1826 3050 2014 3092 nostro
2054 3050 2174 3092 sors
2227 3035 2513 3105 portioque
2546 3034 2871 3088 Armeniaca
2927 3031 3077 3101 regio
3103 3029 3313 3099 obtigit,
3338 3028 3408 3082 ab

1825 3129 1998 3183 Evilat
2039 3144 2209 3199 usque
2255 3127 2524 3188 Gabaoth,
2567 3125 2750 3179 multis
2801 3123 3018 3194 populis
3073 3122 3407 3189 urbibusque

1831 3221 2108 3276 distincta.
2142 3217 2297 3272 llunc
2336 3232 2465 3287 ergo
2504 3216 2631 3269 dum
2679 3214 2915 3268 mitteret
2944 3210 3405 3274 Dominusmideo

140 3299 254 3352 λεσι
301 3299 751 3371 περιοριζόμενος
779 3317 792 3331 '
853 3300 1044 3355 τοῦτον
1087 3304 1395 3372 τοιγαροῦν,
1454 3307 1721 3360 ἀποστέλ-

1830 3321 1916 3366 tur
1956 3313 2088 3366 mihi
2119 3313 2199 3366 sic
2230 3310 2458 3381 mystice
2487 3309 2758 3363 allocutus
2784 3327 2796 3361 :
2832 3306 2999 3375 Perge
3025 3304 3093 3359 ad
3139 3303 3405 3374 pradica-

140 3392 300 3445 λοντα
325 3393 422 3444 τὸν
451 3391 871 3463 Κύριον,ὲκεῖνα
900 3394 1043 3446 δοκῶ
1062 3395 1338 3463 μυστικῶς
1363 3397 1721 3466 φθέγγεσθαι·

150 3485 367 3551 Ἄπιθι,
396 3477 442 3537 ὦ
477 3484 718 3554 μαθητὰ,
754 3487 891 3556 πρὸς
910 3477 980 3540 ’τὸ
1009 3490 1288 3558 κήρυγμα,
1308 3487 1442 3554 ἔξιθι
1466 3491 1599 3561 πρὸς
1631 3492 1727 3544 πό-

143 3575 326 3644 λεμον,
357 3574 611 3646 χώρησον
635 3575 662 3614 ά
690 3576 824 3646 πρὸς
848 3577 1130 3640 κινδύνους
1149 3595 1163 3609 ο
1225 3580 1391 3650 κήδου
1427 3591 1490 3638 θ’,
1511 3564 1624 3651 μου.
1667 3582 1725 3635 τὸ

146 3668 395 3736 πλάσμα,
427 3668 454 3720 ὃ
489 3668 767 3739 οἰκτείρας
801 3669 1270 3742 ὲνηνθρωπίσθης,
1326 3673 1421 3725 καὶ
1477 3674 1616 3744 ὑπὲρ
1664 3667 1724 3728 οῦ

147 3757 376 3809 θάνατον
408 3757 633 3828 εἱλόμην
660 3759 750 3810 τὸν
785 3751 1148 3813 ἐπονείδιστον
1173 3776 1187 3789 ·
1211 3761 1324 3830 ἐγὼ
1369 3763 1428 3815 τὸ
1460 3767 1724 3833 πατρικὸν

146 3849 303 3917 ἔργον
342 3847 695 3910 τετελείωκα,
728 3850 1130 3920 πρωτομάρτυς
1169 3851 1268 3921 τῆς
1321 3853 1579 3922 ἀληθείας
1635 3871 1727 3922 γε-

148 3939 400 4007 νόμενος·
438 3939 613 4008 ὑμῶν,
641 3941 702 3992 τὸ
760 3941 937 3994 ὲνδέον
976 3941 996 3980 ί
1031 3937 1424 4013 ἀναπληρῶσαι
1448 3946 1555 3998 τῶν
1577 3948 1726 4016 ἐμῶν

150 4030 574 4100 ὑστερημάτων,
609 4031 731 4085 καθ’
759 4033 1017 4101 ὁμοίωσίν
1056 4051 1157 4103 μου
1193 4035 1479 4100 τελοῦντας
1505 4054 1516 4066 ·
1555 4039 1726 4108 μίμη-

151 4121 233 4174 σαί
263 4138 357 4174 σου
386 4121 480 4174 τὸν
528 4122 880 4177 διδάσκαλονο
941 4126 1258 4196 παραζηλοῦ
1309 4127 1404 4180 τοῦ
1455 4131 1726 4182 Δεσπότου

151 4227 237 4262 σου
274 4212 343 4264 τὰ
365 4210 520 4281 πάθη
547 4229 561 4243 ·
589 4213 818 4281 αῖμασιν
874 4210 1014 4285 αἷμα
1071 4217 1265 4281 κάθες’
1309 4215 1557 4289 σαρξίν⁹⁸
1590 4223 1723 4293 σὰρι

152 4317 248 4364 κας
274 4301 533 4371 προδίδου
558 4317 572 4331 ·
599 4304 777 4355 πάντα
800 4303 898 4356 ὅσα
932 4305 1242 4377 ὑπήνεγκα,
1292 4309 1724 4376 ἀντιπεπονθὼς,

152 4393 430 4459 ὑπόδειξον
451 4396 510 4448 ὲν
538 4395 686 4466 αύτῷ
714 4396 917 4467 ἐναργῆ
942 4397 1011 4449 τὰ
1038 4400 1398 4470 γνωρίσματα
1426 4397 1564 4454 11τοῦ
1592 4400 1724 4473 ὲμὸῦ

153 4488 499 4557 χαρακτῆρος
527 4503 540 4514 ·
575 4487 716 4540 ὅπλα
741 4504 822 4540 σοι
854 4489 993 4540 ἔστω
1023 4490 1081 4542 τὸ
1113 4491 1497 4562 φιλάνθρωπον
1528 4497 1585 4546 ὲν
1612 4498 1727 4559 τοῖς

153 4577 540 4647 ἁπανθρώποις
578 4581 621 4644 ί,
653 4581 716 4632 τὸ
744 4580 952 4651 ἥμερον
987 4583 1044 4634 ἑν
1086 4585 1198 4646 τοῖς
1249 4583 1604 4656 λοιδοροῦσιν,
1663 4588 1724 4640 τὸ

153 4669 474 4734 ἀνεξίκακον
499 4672 557 4722 ὲν
585 4673 696 4735 τοῖς
721 4672 1020 4726 κτείνουσιν
1045 4690 1058 4702 °
1090 4674 1164 4736 ὠς
1190 4677 1458 4744 -πρόὸατον
1491 4680 1548 4731 ἐν
1574 4679 1725 4750 μέσῳ

151 4759 326 4813 λύκων
354 4762 666 4831 γινόμενος,
699 4764 773 4828 ὡς
807 4748 1027 4835 ὁπλίτης
1059 4766 1396 4836 τεθηγμένος
1454 4773 1520 4840 τῇ
1573 4748 1731 4824 εὐαν-

153 4851 318 4923 δρείᾳ.
354 4855 472 4906 Οὐκ
507 4855 805 4926 ἠπείθησεν
829 4859 856 4910 6
908 4857 1248 4926 Ἀπόστολος,
1283 4860 1383 4913 οὐκ
1436 4859 1590 4914 εἶπεν
1617 4864 1734 4928 πῶς

219 4967 262 4999 ¹⁹
290 4965 443 5025 Psal.
476 4985 623 5034 κων,
662 4970 746 5024 l7.

1826 3405 2051 3467 tionem,
2086 3403 2375 3471 discipule,
2430 3399 2776 3470 proﬁciscere
2821 3399 2874 3452 in
2905 3397 3124 3461 bellum,
3173 3394 3310 3449 vade
3334 3393 3404 3446 ad

1825 3495 2088 3567 pericula.
2119 3493 2354 3548 Consule
2418 3503 2685 3547 creatura:
2738 3505 2909 3556 metu,
2946 3503 3111 3558 quam
3160 3501 3260 3556 ego
3300 3488 3404 3539 mi-

1826 3603 2019 3642 serans
2057 3585 2234 3641 factus
2292 3601 2413 3640 sum
2453 3585 2638 3644 homo.
2695 3596 2904 3652 proque
2929 3596 2991 3635 ea
3023 3588 3253 3634 mortem
3278 3585 3402 3632 tur-

1826 3683 2105 3754 pissimam
2141 3680 2304 3734 subii.
2343 3678 2455 3748 Ego
2487 3678 2808 3746 imperatum
2841 3691 2870 3728 a
2894 3673 3056 3728 Patre
3093 3687 3236 3741 opus
3266 3686 3406 3726 cou-

1825 3774 2116 3837 summavi,
2145 3773 2355 3843 primus
2390 3769 2545 3824 testis
2580 3769 2824 3821 veritatis
2857 3766 3058 3822 factus.
3104 3763 3276 3818 Ollicii
3310 3777 3410 3817 ve-

1826 3866 1924 3919 stri
1955 3873 2057 3928 est,
2091 3863 2236 3932 quod
2285 3860 2439 3914 deest
2479 3858 2772 3927 supplere;
2808 3863 2856 3910 et
2902 3869 3024 3923 qua:
3047 3867 3145 3920 ego
3198 3851 3407 3919 reliqua

1825 3954 1953 4016 feci,
1983 3953 2096 4022 pari
2128 3966 2290 4020 opere
2316 3949 2605 4017 complere.
2641 3947 2956 4017 Magistrum
2987 3955 3141 4000 tuum
3171 3943 3404 4001 imitare.

1826 4043 2040 4097 Domini
2063 4040 2140 4095 tui
2188 4040 2471 4109 passiones
2530 4038 2809 4100 remulare,
2861 4033 3220 4105 sanguinibus
3275 4047 3404 4086 san—

1825 4135 2042 4205 guinem
2077 4133 2334 4196 retribue,
2369 4130 2626 4186 carnibus
2670 4143 2893 4185 carnem
2923 4128 3198 4197 repende:
3234 4140 3406 4195 quan-

1828 4238 1938 4282 tum
1978 4242 2079 4297 ego
2111 4226 2330 4296 pertuli,
2375 4223 2710 4278 tantumdem
2747 4229 2802 4276 tu
2831 4221 3064 4290 patiens,
3099 4220 3325 4274 ostende
3349 4217 3407 4270 in

1827 4329 1878 4374 te
1911 4320 2029 4388 ipso
2062 4318 2345 4387 perspicua
2407 4316 2738 4369 lineamenta
2787 4311 2977 4367 forma:
3033 4324 3179 4364 mea.
3241 4309 3407 4362 Arma

1827 4412 1920 4466 tibi
1954 4412 2061 4465 sint
2108 4408 2424 4462 humanitas
2462 4409 2602 4461 inter
2637 4407 2967 4460 inhumanos
2997 4442 3012 4467 ,
3045 4399 3412 4456 mansuetudo

1826 4504 1967 4556 inter
2005 4500 2426 4561 conviciatores,
2461 4497 2722 4567 patientia
2771 4497 2910 4549 inter
2941 4491 3264 4555 homicidas,
3290 4497 3412 4544 tau-

1830 4609 1991 4662 quam
2028 4593 2150 4646 ovis
2191 4592 2245 4645 in
2281 4588 2462 4644 medio
2510 4590 2758 4658 luporum
2788 4585 3012 4640 eﬂ'ectus
3037 4623 3052 4649 ,
3095 4582 3252 4636 miles
3298 4579 3412 4633 lor-

1831 4684 2058 4740 titudine
2086 4683 2250 4736 animi
2279 4688 2564 4735 exacutus.
2619 4679 2735 4732 Non
2772 4678 2985 4748 negavit
3036 4675 3408 4730 obedientiam

1831 4775 2152 4846 apostolus;
2190 4788 2298 4826 non
2355 4771 2528 4824 dixit:
2590 4768 2875 4835 Quomodo
2935 4765 3214 4835 superabit
3251 4764 3408 4832 lupos

1832 4880 2031 4937 agnus,
2069 4876 2212 4918 unus
2265 4861 2455 4926 mille,
2507 4869 2803 4913 extraneus
2851 4857 3069 4911 urbium
3133 4867 3408 4925 proceres,

1462 5068 1546 5122 VA
1556 5068 1691 5124 811E
1723 5067 2147 5124 LECTIONES.‘

209 5169 232 5199 ε
247 5158 590 5232 Anastasius
613 5161 1009 5232 wquejucunrti.
1029 5161 1184 5232 quasi
1202 5160 1401 5232 legerit
1422 5161 1678 5232 ἠδύτερα.
1705 5161 1732 5202 d
1760 5163 1930 5216 Prave
1948 5163 2268 5218 Anastasius
2287 5171 2457 5232 capas:
2478 5164 2586 5208 esto
2608 5154 2959 5232 periculorum
2977 5165 3139 5231 sensu
3155 5149 3411 5219 ambiguo

155 5231 294 5311 verbi
314 5228 511 5299 χωρέω
530 5222 806 5311 deceptus,
875 5222 1166 5311 fQodSGr.
1201 5222 1316 5310 Va't.
1343 5222 1599 5311 κῄδὸμαιξ
1617 5232 1719 5311 sed

1829 5244 1951 5311 istat
1979 5234 2326 5311 Anastasium
2348 5222 2540 5311 legisse
2569 5225 2755 5311 κηρου.
2818 5223 2836 5262 ί
2872 5222 3408 5311 ῥηθειοεξυεπρεξξ-

153 5291 370 5362 sarium,
401 5291 562 5380 quasi
596 5319 623 5353 a
656 5291 820 5380 δέον..
874 5303 897 5340 ε
921 5301 1113 5380 Auasl.
1148 5291 1492 5380 cruciatibus,
1517 5304 1672 5370 quasi
1711 5318 1724 5355 ι

1829 5305 2102 5380 ιίκισμοῖς.
2177 5304 2202 5343 h
2240 5291 2434 5380 A_nast'.
2470 5291 3057 5380 ntanilestas-actiones,‘
3089 5292 3167 5346 sic
3201 5291 3404 5380 in'telli-

154 5360 675 5439 δεηεγνωρίσματα.
748 5369 981 5424 iAnast.
1004 5373 1144 5424 male
1181 5360 1489 5424 sudoribus.
1535 5360 1575 5421 ἰ
1617 5374 1724 5425 Ana

1849 5360 2080 5426 nancisci
2109 5372 2321 5441 poterit,
2351 5385 2453 5422 non
2489 5360 2627 5420 bene
2646 5366 2920 5420 intellecto
2950 5364 3113 5418 verbo
3139 5360 3407 5431 περίειμι.

1697 5467 1923 5524 NOTAE.

187 5564 336 5642 ,(57)
373 5559 512 5642 God.
542 5559 638 5635 ‘Gr.
671 5559 797 5615 Vat.
844 5562 1061 5642 ἔφορος.
1115 5565 1210 5619 sed
1242 5581 1460 5642 sequor
1505 5565 1736 5621 Anasta-

155 5631 436 5711 sio-moui
471 5631 858 5711 interpretatus
881 5631 1172 5711 ferax,
1204 5637 1274 5690 ab
1308 5635 1555 5711 εῦφορος.

221 5704 334 5782 (58)
354 5702 495 5756 Hinc
522 5702 652 5782 item
676 5713 898 5782 apparet
917 5702 1260 5782 Iheodorum
1288 5702 1732 5782 adhucjuvenent

160 5775 556 5854 mandatonsui
597 5775 1013 5854 begumenihas
1040 5778 1339 5854 conciones
1379 5779 1732 5845 panegyricos

158 5841 377 5901 dixisse.
415 5841 516 5897 Hic
544 5841 726 5901 tamen
759 5844 814 5900 in
839 5845 944 5901 alia
971 5861 1197 5917 prorsus
1223 5847 1336 5902 abit
1365 5841 1726 5906 Anastasius:

1843 5565 1944 5620 Sed
1975 5577 2030 5619 ut
2058 5567 2417 5636 quoquomodo
2439 5565 2739 5636 declaretur
2782 5579 2933 5615 amor
2961 5564 3101 5615 circa
3131 5569 3180 5636 te
3209 5552 3400 5636 diuini-

1843 5647 1924 5690 tus
1961 5627 2389 5704 prafdesiiuatus.
2423 5636 2557 5689 Nunt
2590 5634 2800 5704 legebat
2834 5627 3304 5704 προστεταχότοςῗ

1909 5695 2021 5777 (39)
2062 5709 2307 5762 Graecam
2344 5707 2578 5776 phrasim
2614 5695 2701 5759 hic
2732 5718 2841 5777 non
2878 5695 3012 5756 satis
3042 5695 3290 5777 expedio2
3324 5695 3408 5748 vel

1839 5768 2269 5832 locus'l‘ortasse
2320 5768 2611 5845 c'orruplus
2651 5784 2752 5830 est.
2810 5774 3024 5842 Sequor
3054 5772 3217 5841 igitur
3262 5768 3408 5820 Aua-

1841 5850 2071 5904 stasium
2109 5850 2200 5919 qui
2234 5847 2388 5902 aliter
2418 5849 2614 5919 legisse
2639 5845 2872 5900 videtur.
