3926 6432
529 395 635 460 795

1738 389 1797 448 S.
1821 385 2211 446 THEODORI
2237 385 2580 447 STUDIT/‘E

3679 389 3782 451 796

531 509 695 562 dumo
731 519 922 574 expers
954 501 1262 573 praefectos,
1322 516 1478 572 reges
1535 500 1702 555 homo
1738 499 1871 552 nihil
1913 508 2106 568 praeter

2232 496 2519 565 τεριέσεται
2551 497 2564 545 i
2607 497 2636 549 ό
2669 496 2829 566 ἀρνδς
2852 497 2959 550 τῶν
2987 497 3189 562 λύκων,
3210 499 3238 550 6
3265 494 3344 561 εἷς
3373 499 3479 551 τῶν
3506 500 3782 569 μυριάδων

535 599 752 653 unicam
789 597 1029 652 tunicam
1092 607 1309 665 gestans
1339 595 1361 648 ?
1390 595 1482 650 sed
1529 605 1787 662 tanquam
1821 591 1995 645 ﬁdelis
2022 588 2105 643 fa-

536 694 719 748 mulus
748 690 1030 745 Dominico
1057 689 1315 743 mandato
1361 686 1693 756 obsequens,
1731 683 1960 739 discedit
2017 683 2110 736 la:-

538 799 656 849 rns,
688 783 824 838 nihil
871 797 1055 837 secum
1090 779 1289 845 ferens,
1347 791 1542 849 praater
1573 776 1873 847 pretiosum
1909 773 2109 830 Christi

539 893 757 943 nomen,
792 875 1036 946 cujusvis
1061 883 1353 929 armaturae
1385 873 1526 926 loco.

609 1053 665 1109 ι.
709 1053 882 1124 Igitur
910 1051 977 1107 ad
1015 1050 1342 1107 destinatam
1375 1049 1477 1105 sibi
1526 1047 1801 1118 regionem
1856 1044 2071 1100 delatus
2095 1083 2112 1106 ,

541 1154 743 1217 quanta
777 1145 850 1200 ibi
908 1143 1100 1200 fecerit
1123 1187 1138 1211 ,
1180 1151 1382 1214 quanta
1419 1140 1740 1212 pertulerit,
1775 1139 1914 1195 dicet
1939 1144 2114 1194 oratio

544 1251 727 1296 nostra
752 1279 768 1305 ,
799 1239 1000 1310 partim
1046 1253 1110 1293 ex
1147 1237 1373 1308 antiqua
1410 1234 1702 1289 traditione
1725 1275 1739 1299 ,
1794 1233 1990 1304 partim
2024 1247 2113 1286 se-

542 1332 780 1388 cundum
848 1329 1288 1400 evangelicorum
1354 1325 1738 1382 mandatorum
1784 1325 2112 1396 analogiam.

542 1423 678 1478 Nam
725 1424 770 1478 si
811 1423 902 1477 lux
932 1420 1121 1476 mundi
1151 1428 1302 1484 erat,
1354 1419 1544 1489 utique
1585 1417 1725 1473 lucis
1770 1432 1934 1488 opera
1985 1415 2117 1473 fecit

545 1517 686 1571 inter
741 1513 1115 1570 tenebricosos
1158 1531 1171 1566 ε
1222 1521 1277 1567 et
1328 1512 1373 1566 si
1424 1512 1503 1567 sal
1550 1520 1735 1575 terrae,
1784 1512 1901 1565 sine
1954 1511 2117 1565 dubio

548 1607 890 1663 irrationales
924 1615 1110 1677 gentes
1144 1605 1261 1660 sale
1291 1603 1555 1660 condiens
1590 1643 1603 1659 .
1636 1602 1918 1657 mundavit
1945 1619 1958 1656 :
1988 1611 2041 1657 et
2070 1601 2116 1656 si

545 1699 828 1770 operarius
883 1697 1184 1767 appellatus
1237 1694 1378 1759 fuit,
1436 1695 1682 1764 sequitur
1736 1694 2115 1764 utspiritalem

549 1787 938 1856 agriculturam
970 1785 1177 1841 fecerit.
1201 1784 1357 1850 Quod
1380 1800 1508 1839 vero
1530 1785 1890 1840 communiter
1910 1785 2114 1840 dictum

2208 589 2236 640 6
2265 587 2416 651 ξένος
2439 589 2546 641 τῶν
2575 589 2914 660 πολυούχων,
2940 591 2968 643 6
2995 591 3239 654 ἀνέστιος
3298 591 3407 644 τῶν
3473 593 3783 663 ἡγεμόνων,

2207 680 2317 733 τῶν
2363 680 2681 749 βασιλέωνὸ
2722 683 3056 752 μονοχίτων;
3109 683 3224 736 ἀλλ’
3265 679 3352 738 οἶα
3399 684 3654 757 Θεράπων
3697 707 3788 741 πι-

2212 770 2335 833 στὸς
2346 769 2424 840 τῷ
2437 771 2748 843 Δεσποτικῷ
2761 771 3174 842 καταπειθήσας
3197 774 3602 844 προστάγματι,
3625 777 3729 830 ἀπε
3739 796 3786 830 ι-

2213 880 2296 915 σιν
2323 862 2550 933 χαίρων,
2575 863 2728 916 οὐδὲν
2767 865 3166 936 ἐπιφερόμενος
3191 865 3305 935 μεθ’
3336 866 3530 919 ἑαυτοῦ
3558 868 3590 937 ἦ
3626 870 3790 938 μόνον

2211 956 2380 1026 τὸςτοῦ
2399 956 2634 1026 Χριστοέ
2652 956 3014 1028 πολυτίμητον
3031 956 3218 1026 ὄνομα,
3247 959 3366 1012 ἀντί
3382 960 3580 1023 παντὸς
3597 961 3790 1018 ὅπλου.

2283 1051 2349 1102 δ’.
2392 1048 2586 1102 Τοίνυν
2615 1047 2940 1102 καταλαϐὼν
2987 1049 3047 1102 τὸ
3102 1050 3522 1122 κεκληρωμένον
3569 1051 3790 1120 ἔδαφος,

2213 1141 2314 1195 ὅσα
2356 1142 2537 1195 ἐκεῖσε
2586 1140 2830 1212 ἔδρασεν,
2876 1142 2975 1194 ὃσα
3011 1141 3242 1205 ὑποίσας
3275 1143 3529 1214 ἤνεγκεν,
3567 1144 3793 1218 ἱστορή-

2217 1249 2360 1286 σειεν
2385 1233 2414 1284 6
2453 1232 2631 1302 λόγος,
2661 1233 2730 1287 τά
2757 1235 2857 1304 μὲν
2885 1237 3026 1290 κατά
3052 1236 3352 1305 παράδοσιν
3376 1238 3794 1308 ἀρχαιολογίας,

2216 1327 2283 1379 τὰ
2309 1325 2366 1379 δὲ
2389 1325 2531 1380 κατά
2565 1326 2858 1394 ἀναλογίαν
2881 1327 2990 1380 τῶν
3015 1328 3392 1397 εὐαγγελικῶν
3418 1330 3795 1401 διδαγμάτων·

2217 1419 2265 1471 εί
2299 1418 2404 1489 γὰρ
2440 1417 2594 1472 πέλει
2643 1418 2759 1485 φῶς
2804 1417 2899 1471 τοῦ
2939 1419 3177 1488 κόσμου,
3209 1419 3367 1489 δῆλον
3395 1421 3476 1474 ὅτι
3511 1422 3576 1474 τά
3614 1424 3796 1490 φωτὸς

2217 1508 2477 1578 δέδρακεν
2519 1509 2577 1560 ὲν
2606 1509 2718 1572 τοῖς
2760 1507 3110 1577 άφωτίστοις’
3144 1510 3236 1564 καὶ
3270 1511 3317 1562 εί
3365 1511 3498 1573 ἃλας
3549 1511 3652 1580 τῆς
3689 1511 3798 1581 γῆς

2221 1599 2478 1670 ὑπάρχει,
2503 1599 2662 1669 δῆλον
2687 1599 2915 1669 ὃτιέθνη
2946 1601 3117 1670 ἀλογα
3144 1602 3337 1665 ἁλίσας
3368 1603 3676 1674 ἐσάρωσεν·
3704 1607 3801 1656 καὶ

2220 1694 2268 1745 εί
2293 1694 2533 1764 ἐργάτης
2567 1694 2904 1763 ὠνόμασται,
2953 1694 3266 1760 ἀκολούθως
3300 1698 3582 1767 γεωργίαν
3633 1715 3803 1751 πνεο-

2225 1788 2460 1856 ματικὴν
2490 1787 2792 1840 τετέλεκεν’
2828 1787 2856 1840 6
2900 1788 2958 1840 δὲ
2989 1787 3131 1842 κατά
3177 1789 3358 1842 κοινοῦ
3415 1792 3630 1861 εἴρηται
3653 1832 3668 1855 ,
3704 1794 3802 1844 καὶ

551 1880 673 1947 fuit,
711 1880 765 1934 id
793 1879 859 1934 de
885 1879 1295 1950 singulisetiam
1354 1877 1604 1946 personis
1679 1877 1875 1946 accipi,
1927 1877 2123 1947 aequis-

2232 1876 2344 1930 καο⁹
2380 1866 2501 1940 ἐνὸς
2553 1876 2849 1947 προσώπου
2883 1877 3185 1948 λαμδάνειν
3231 1877 3634 1946 εὐλογώτατον⁸
3667 1881 3801 1932 οὑκ-

551 1971 748 2025 simum
772 1978 874 2026 est.
901 1969 1193 2039 Pr0pterea
1251 1979 1438 2037 specta
1492 1967 1644 2022 illum
1690 1967 1793 2022 sub
1838 1967 2118 2037 allegoria,

553 2064 716 2116 modo
780 2072 978 2116 terram
1048 2060 1189 2114 haud
1239 2060 1414 2115 bobus
1472 2059 1693 2128 quidem
1745 2058 1950 2113 ferrum
2007 2068 2120 2113 tra-

551 2153 806 2208 hentibus
850 2163 1094 2206 arantem
1119 2193 1134 2216 ,
1188 2152 1281 2206 sed
1338 2151 1536 2222 lingua:
1572 2165 1792 2206 vomere
1832 2151 2120 2205 rationalia

551 2243 678 2304 arva
713 2249 1026 2312 fodientem,
1049 2248 1180 2317 jugo
1211 2247 1422 2300 scilicet
1451 2246 1930 2314 contemplationis
1958 2245 2121 2301 simul

551 2352 604 2396 et
640 2341 913 2396 actionis:
970 2355 1148 2409 neque
1185 2349 1456 2394 serentem
1506 2339 1770 2394 caducum
1797 2340 2001 2410 aliquid
2029 2349 2124 2395 aut

551 2432 935 2502 corruptibile,
999 2431 1092 2487 sed
1149 2431 1270 2485 ﬁdei
1347 2431 1649 2485 doctrinam
1724 2431 1777 2483 in
1851 2429 2121 2500 profunda

551 2524 799 2580 cordium
827 2522 1137 2591 iacientem.
1180 2521 1337 2576 Modo
1379 2530 1559 2575 autem
1614 2522 1803 2576 hortos
1826 2525 2124 2592 vineasque

557 2617 767 2672 Domini
801 2617 1132 2686 plantantem
1163 2655 1177 2680 ,
1203 2630 1324 2684 quae
1353 2630 1479 2669 mox
1527 2624 1740 2682 recepta
1770 2615 2018 2669 doctrina
2068 2615 2122 2668 in

553 2709 748 2765 melius
789 2708 1171 2778 profecerunt,
1220 2719 1274 2761 et
1306 2721 1371 2762 ex
1406 2707 1635 2760 novellis
1674 2707 1828 2775 lapsu
1863 2712 2124 2776 temporis

553 2802 620 2857 ad
655 2801 1123 2856 fructiﬁcationem
1160 2808 1546 2870 provenerunt.
1595 2800 1755 2855 Modo
1781 2803 1943 2854 etiam
1975 2817 2128 2856 more

555 2893 751 2949 medici
795 2893 1031 2947 remedia
1085 2894 1278 2948 idonea
1321 2893 1797 2962 suppeditantem,
1857 2893 1937 2947 vel
1987 2909 2127 2963 quo-

557 2987 938 3056 modocunque
963 2986 1222 3049 volueris,
1245 2999 1390 3038 caeco
1418 2985 1841 3050 illuminantem,
1871 2985 2122 3053 leprosos

559 3076 910 3132 inundantem
935 3117 951 3142 ,
995 3076 1171 3131 febres
1223 3075 1581 3145 depellentem
1611 3117 1625 3138 ,
1670 3075 1883 3130 facilem
1917 3078 2129 3134 claudis

558 3185 803 3237 gressum
837 3182 1011 3223 cazcos
1089 3167 1438 3233 tribuentem,
1471 3168 1650 3222 surdis
1685 3168 1962 3233 auditum',
1985 3169 2127 3223 varia

559 3262 778 3315 demum
831 3259 1151 3313 morborum
1201 3273 1402 3328 genera
1455 3258 1781 3314 sanitatibus
1837 3261 2122 3329 incorrup-
2155 3246 2198 3304 ο

561 3351 805 3406 tibilibus
855 3350 909 3405 in
953 3351 1256 3405 naturalem
1311 3352 1678 3407 valetudinem
1727 3353 2128 3410 restituentem.

561 3445 704 3511 Quin
733 3445 897 3501 etiam
934 3461 1094 3502 cerne
1117 3447 1294 3516 ipsum
1327 3447 1584 3515 pastorali
1626 3445 1802 3502 forma
1828 3456 2131 3516 assumpta,

561 3552 777 3607 gregem
830 3537 941 3592 Deo
979 3553 1341 3604 conservare,
1385 3538 1744 3604 deducendo,
1801 3542 2131 3608 revocando,

561 3642 750 3682 curam
809 3628 1044 3700 gerendo
1075 3668 1090 3692 ,
1161 3629 1500 3684 defendendo
1532 3669 1547 3693 ,
1599 3631 1802 3687 bestias
1862 3634 2132 3688 haeresurn

562 3718 980 3788 daemonumque
1028 3720 1211 3774 turbas
1260 3721 1545 3776 arcendo:
1603 3722 1922 3792 imperfecta
1956 3725 2136 3778 adhuc

565 3808 794 3879 rigando
827 3810 1029 3881 jugiter
1053 3851 1068 3874 ,
1119 3809 1404 3867 educando
1435 3820 1494 3866 ut
1542 3822 1796 3868 crescant
1829 3813 1883 3866 in
1920 3825 2135 3870 :etabem

563 3900 805 3967 Christi,
838 3904 1025 3973 spinas
1051 3904 1452 3960 intellectuales
1485 3905 1764 3961 evellendo
1789 3945 1805 3972 ,
1861 3919 2136 3963 sarmenta

564 3995 862 4065 impietatis
926 3997 1336 4062 comburendo,
1392 3998 1567 4054 vallos
1617 3999 1952 4070 dogmaticos
2007 4001 2138 4056 sub-

560 4088 850 4158 jicienda,
898 4105 1068 4160 sapes
1141 4092 1441 4147 didacticas
1525 4094 2026 4164 circumponendo,
2083 4107 2138 4151 et

564 4182 832 4252 quidquid
858 4183 1004 4238 aliud
1043 4184 1166 4238 usui
1199 4191 1319 4250 est,
1369 4185 1728 4254 providendo.
1776 4185 1920 4241 Idem
1957 4197 2013 4243 et
2054 4188 2138 4242 fa-

569 4275 806 4330 bricator
847 4283 931 4330 est
956 4285 1011 4330 et
1054 4276 1385 4332 architectus
1435 4277 1649 4333 azditlcii
1680 4293 1745 4335 ac
1776 4279 1995 4335 fabrica:
2029 4299 2137 4339 non

568 4367 914 4435 manufactre,
950 4370 1277 4438 templorum
1302 4370 1515 4425 Domini
1549 4371 1672 4426 dico
1699 4388 1821 4442 qua:
1861 4373 1913 4425 in
1944 4375 2138 4443 spiritu

565 4468 620 4513 et
651 4461 878 4514 veritate
931 4468 1366 4526 construuntur,
1398 4471 1562 4532 atque
1607 4462 1660 4516 in
1707 4465 1969 4532 p0pulum
2017 4466 2140 4519 exi-

568 4550 761 4615 mium,
812 4560 1139 4607 sectatorem
1189 4551 1459 4607 bonorum
1485 4555 2134 4623 operum,perﬁciumnr.

638 4817 689 4872 5.
724 4815 943 4873 Intuere
969 4833 1181 4873 mecum
1210 4818 1407 4890 oppida
1436 4827 1493 4876 et
1531 4819 1861 4888 habitacula,
1891 4837 2012 4892 qua:
2051 4822 2141 4879 ille

569 4925 811 4980 praeceps
849 4911 1035 4981 populi
1070 4913 1327 4968 seductor
1373 4913 1428 4968 in
1471 4913 1788 4975 inﬁdelitate
1814 4917 1943 4971 olim
1999 4917 2140 4973 deti-

572 5001 768 5066 nebat,
804 5001 1018 5057 intuere
1048 5005 1162 5058 haec
1182 5043 1198 5068 ,
1226 4991 1482 5074 inquam,
1535 5008 1626 5062 Dei
1656 5009 1845 5062 natitia
1882 5018 2140 5078 tanquam

571 5089 813 5148 turribus
843 5093 1132 5157 instructa,
1164 5106 1217 5150 et
1238 5099 1674 5152 adversariorum
1717 5099 1947 5156 insidias
1981 5101 2142 5157 facile

571 5185 858 5255 repulsas,
893 5202 1020 5240 arva
1064 5189 1338 5258 segetibus
1383 5192 1632 5254 consita,
1676 5192 1863 5246 vineas
1908 5196 2144 5250 racemis

576 5276 941 5346 nigrescentes
961 5321 976 5343 ,
1006 5279 1194 5334 hortos
1223 5280 1477 5337 ﬂorentes
1503 5322 1518 5346 ,
1554 5299 1732 5354 azgros
1783 5288 1977 5342 morbo
2006 5303 2140 5358 quo-

576 5367 705 5423 libet
742 5378 795 5423 et
823 5371 973 5424 omni
1006 5371 1269 5440 languore
1296 5371 1596 5440 expeditos.
1634 5373 1790 5430 Tales
1821 5386 1950 5431 sunt
1981 5378 2144 5449 hujus

2221 1970 2316 2023 οῦν
2359 1970 2458 2040 δρα
2509 1970 2672 2023 αὑτὸν
2715 1970 2835 2022 κατ’
2870 1969 3242 2041 ἀλληγορίανο
3282 1971 3359 2041 πῆ
3408 1971 3538 2041 μὲν,
3583 1971 3648 2023 οὐ
3698 1973 3804 2040 γῆν

2222 2061 2460 2133 ἀροῦντα
2504 2061 2608 2114 ὑπὸ
2651 2061 2833 2132 βουσὶν
2883 2062 3134 2115 ἕλκουσιν
3159 2062 3218 2114 τὸ
3253 2062 3514 2133 σιδήριον,
3550 2061 3694 2114 ἀλλά
3724 2065 3804 2133 τῷ

2221 2155 2320 2225 τῆς
2340 2153 2585 2224 γλώττης
2610 2154 2826 2225 ἀρότρῳ
2850 2153 3074 2222 λογικὰς
3091 2153 3334 2226 ἀρούσας
3361 2152 3802 2218 διαλακτίζοντα,

2223 2249 2301 2319 τῷ
2329 2249 2511 2317 ζεύγει
2537 2247 2781 2318 δηλονότι
2807 2247 3042 2318 θεωρίας
3071 2247 3167 2301 καὶ
3195 2247 3465 2315 πράξεως·
3497 2246 3618 2298 οὐδὲ
3647 2249 3806 2300 σπεί-

2227 2341 2389 2413 ροντά
2436 2359 2488 2394 τι
2541 2341 2650 2394 τῶν
2678 2341 3004 2413 άπορῤύτων
3056 2341 3150 2394 καὶ
3193 2339 3605 2410 φθειρομένων,
3664 2340 3808 2402 ἀλλὰ

2224 2437 2314 2487 τὸν
2345 2435 2444 2504 τῆς
2485 2435 2721 2496 πίστεως
2750 2433 2908 2501 λόγον
2937 2434 3017 2496 εἰς
3042 2432 3205 2504 βάθος
3237 2431 3535 2502 καρδιακδν
3569 2449 3807 2486 κατατιυ

2227 2526 2472 2594 θέμενονο
2510 2527 2588 2593 πῆ
2616 2525 2693 2588 δὲ,
2726 2541 3138 2596 φυτουργουντα
3164 2522 3530 2592 παραδείσους
3557 2523 3657 2575 καὶ
3693 2523 3806 2590 ἀμ-

2228 2619 2478 2682 πελῶνας
2530 2617 2763 2692 Κυρίου,
2815 2621 2943 2685 τοὺς
2990 2621 3091 2691 ἤδη
3142 2623 3210 2689 τῇ
3236 2617 3451 2691 είσδοχῇ
3505 2615 3599 2671 τοῦ
3641 2617 3809 2683 λόγου

2228 2709 2367 2780 πρὸς
2396 2709 2463 2763 τὰ
2512 2711 2804 2780 κρείττονα
2846 2711 2946 2779 τὴν
2976 2709 3219 2762 ἐπίδοσιν
3253 2709 3683 2779 ποιησαμένους,
3715 2707 3812 2759 καὶ

2227 2802 2336 2855 ἀπὸ
2359 2802 2603 2870 νεογνίας
2632 2805 2711 2866 είς
2737 2802 2834 2872 τὴν
2859 2802 3003 2854 κατὰ
3037 2803 3229 2872 καιρὸν
3263 2802 3649 2872 καρποφορῐαν
3676 2802 3813 2854 ἀνα-

2229 2897 2576 2966 διδομένους·
2615 2897 2709 2948 καὶ
2761 2896 2892 2948 ποτὲ
2950 2895 3052 2965 μὲν
3111 2895 3371 2967 ἰατρικῶς
3406 2893 3813 2959 διαγινόμενον,

2231 2989 2326 3041 καλ¹
2364 2986 2712 3056 καταλλήλως
2752 2986 3074 3058 ἀλεξιτὴρια
3118 2986 3579 3056 προϐαλλόμενον,
3614 2985 3818 3038 ὁποτέ-

2235 3097 2342 3150 ρως
2373 3080 2437 3133 ἂν
2474 3077 2641 3152 βούλῃ
2670 3076 2726 3144 ι,
2760 3080 2996 3148 τυφλοὺς
3027 3078 3402 3149 ὀμματοῦντα,
3436 3079 3674 3150 λεπροὺς
3707 3096 3816 3132 κα-

2232 3172 2510 3242 θαίροντα,
2554 3172 2822 3241 πυρετοὺς
2851 3171 3245 3233 ἀπελαύνοντα,
3278 3169 3608 3239 χωλεύουσιν
3642 3169 3814 3222 666a-

2230 3265 2344 3316 τεῖν
2372 3262 2748 3333 παρεχόμενον
2774 3305 2788 3325 ,
2823 3263 3163 3330 κωφεύουσιν
3211 3261 3287 3313 τὸ·
3317 3262 3716 3333 ἀκροατήριον,
3749 3261 3821 3313 τά

2232 3355 2341 3408 τῶν
2386 3354 2592 3407 λοιπῶν
2638 3356 2961 3423 νοσημάτων
3005 3341 3384 3424 πολυπήμονα
3423 3353 3563 3418 εἴδη,
3616 3354 3820 3405 ἄκεσιν

2233 3447 2488 3519 ἀφθόροις
2529 3445 2542 3484 ι
2579 3444 3031 3499 ἀποκαθιστῶντα
3073 3445 3154 3508 είς
3191 3444 3252 3498 τὸ
3297 3445 3439 3498 κατά
3473 3443 3639 3507 φύσιν
3671 3460 3684 3471 ·
3722 3442 3824 3494 καὶ

2238 3543 2419 3612 μέντοι
2467 3539 2830 3610 ποιμαντικὴν
2876 3538 2988 3605 ἕξιν
3051 3539 3522 3608 ἀναλαμϐάνοντα,
3558 3542 3655 3587 καὶ
3693 3536 3824 3587 ποί-

2240 3651 2370 3704 μνια
2416 3632 2533 3702 Θεῷ
2579 3632 2976 3702 καταρτίζοντα
3018 3641 3079 3696 ω,
3113 3630 3563 3699 καθηγούμενον,
3600 3630 3823 3684 ἀνακα-

2236 3725 2518 3793 λούμενον,
2574 3724 3024 3794 ἐπιμελούμενον,
3075 3721 3553 3794 προπολεμοῦντα,
3612 3721 3827 3776 ἀποσο-

2237 3813 2434 3868 ϐοῦντα
2463 3814 2636 3885 θῆρας
2667 3815 2954 3885 αἱρέσεων,
2985 3813 3254 3884 δαιμόνων
3288 3831 3345 3866 τε
3379 3811 3690 3881 φάλαγγαςο
3718 3815 3827 3867 ὅσα

2236 3925 2295 3962 τε
2336 3910 2394 3961 ὲν
2423 3907 2573 3977 μέσῳ
2608 3905 2865 3978 ἀρδεῦσαι
2909 3905 3172 3971 ἀεννάως,
3213 3908 3628 3977 χειραγωγῆσαι
3661 3914 3690 3941 η
3721 3908 3830 3960 αὑ-

2239 4000 2532 4068 ξουμένους
2563 4002 2629 4070 τῇ
2659 4001 2800 4052 κατά
2832 3998 3067 4068 Χριστὸν
3098 3998 3314 4070 ἡλικίᾳ,
3342 3996 3584 4059 ἀκάνθας
3611 3998 3829 4067 νοητὰς

2237 4094 2468 4160 ὲκτῖλαι,
2493 4092 2625 4155 ὔλας
2647 4091 2904 4154 ἀσεϐείας
2935 4091 3218 4161 ἐμπρῆσαι
3249 4099 3292 4155 ο,
3327 4088 3579 4159 χάρακας
3606 4087 3829 4158 δογμαο

2237 4189 2424 4251 τικοὺς
2460 4187 2752 4257 ὑπερεῖσαι
2797 4194 2848 4248 P,
2881 4185 3168 4254 φραγμοὺς
3206 4182 3550 4244 διδακτικοὺς
3594 4181 3832 4249 περιθέ-

2242 4277 2388 4343 σθαι,
2407 4278 2502 4331 κα)⁸
2518 4279 2632 4329 εἴτι
2651 4275 2777 4330 ἀλλο
2805 4276 2912 4328 τῶν
2931 4275 3156 4327 δεόντων
3173 4273 3507 4343 ὲφεπόμενον
3532 4270 3710 4324 καταθ
3721 4271 3829 4341 ρῆ-

2244 4389 2353 4423 σαι.
2397 4371 2454 4422 ὐ
2479 4369 2523 4424 δ’
2548 4369 2708 4431 αὐτὸς
2743 4368 2838 4420 καὶ
2866 4367 3164 4435 οἰκοδόμος,
3187 4364 3282 4417 καὶ
3310 4364 3646 4435 ἀρχιτέκτων
3679 4366 3830 4416 οἰκο-

2239 4463 2414 4532 δομῆς
2451 4462 2545 4514 καὶ
2579 4459 2865 4520 τεκτονίας
2911 4457 3357 4528 ἀχειροποιήτου,
3388 4456 3498 4508 τῶν
3531 4455 3621 4509 διὰ
3647 4456 3831 4508 πνεύο

2176 4589 2215 4642 D
2245 4569 2435 4623 ματος,
2465 4551 2628 4619 λέγω,
2677 4550 2771 4602 καὶ
2793 4547 3058 4619 ἀληθείας
3088 4544 3628 4642 ἀναδεῐδοῖμημένων
3673 4545 3831 4600 ναῶν

2244 4645 2478 4716 Κυρίου,
2512 4643 2605 4696 καὶ
2648 4639 3123 4711 καταρτιζομὲνων
3158 4642 3237 4701 είς
3285 4636 3413 4690 λαὸν
3465 4638 3824 4706 περιούσιον,

2245 4737 2492 4808 ζηλωτὴν
2518 4735 2700 4788 καλῶν
2737 4733 2933 4804 ἔργων.

2315 4835 2377 4882 ε’.
2409 4826 2614 4896 Σκέψαι
2648 4845 2736 4897 μοι
2763 4826 2860 4888 τὰς
2895 4824 3077 4886 πόλεις
3106 4823 3200 4876 καὶ
3229 4824 3328 4888 τάς
3355 4827 3712 4890 κατοικεσίας
3759 4829 3835 4892 ἃς

2248 4919 2418 4974 πάλαι
2446 4917 2474 4968 6
2503 4917 2805 4979 λαόπλανος
2832 4925 2859 4966 ιι
2890 4919 2956 4985 τῇ
2987 4915 3214 4987 ἀπιστίᾳ
3250 4919 3503 4986 κατεῖχεν
3534 4918 3836 4985 ἠλίϐατος,

2248 5009 2629 5081 πυργωθείσας
2673 5010 2731 5062 ὲν
2759 5008 3078 5078 θεογνωσίᾳ,
3112 5008 3208 5062 καὶ
3257 5009 3358 5071 τὰς
3406 5010 3512 5061 τῶν
3559 5013 3836 5066 ἐναντίων

2247 5101 2537 5165 ἐπιϐουλὰς
2574 5101 2701 5172 ῥᾷον
2734 5099 3229 5169 ἀποπεμπομένας,
3256 5099 3327 5153 τὰ
3357 5101 3482 5172 λήῖα
3529 5101 3833 5172 τεθηλότα,

2247 5196 2372 5257 τοὺς
2436 5192 2766 5263 ἀμπελῶνας
2824 5190 3226 5262 περκάζοντας,
3275 5192 3401 5252 τοὺς
3451 5193 3835 5261 παραδείσους

2249 5289 2637 5360 κυπρίζοντας,
2664 5284 2788 5346 τοὺς
2817 5283 3106 5347 νοσοῦντας
3137 5285 3316 5336 πᾶσαν
3339 5284 3490 5336 νόσον
3511 5284 3606 5336 καὶ
3638 5287 3837 5338 πᾶσαν

2253 5380 2528 5452 μαλακίαν
2567 5377 3088 5449 τεθεραπευμένους.
3130 5365 3363 5430 Τοιαῦτα
3410 5377 3476 5430 τὰ
3508 5376 3606 5428 τοῦ
3657 5378 3833 5431 Ἀποο

1851 5516 2080 5575 VARIA'J
2120 5519 2522 5579 LECTIONES.

646 5629 672 5668 Ιι
701 5629 1022 5712 ᾼηιδιοείυς
1054 5631 1199 5712 aliud
1236 5631 1464 5712 legebat,
1499 5634 1625 5712 quia
1671 5634 1862 5712 scribit
1911 5637 2130 5712 duplici_
2160 5639 2416 5712 sanitate.
2468 5635 2625 5703 quasi
2672 5632 3022 5712 ἀμφοτέροις.

3132 5628 3150 5667 ι
3191 5628 3510 5683 Anastasius
3543 5648 3556 5683 :
3633 5628 3836 5683 Verum

575 5699 811 5773 eumdem
841 5716 988 5773 nosse
1017 5702 1162 5763 velis,
1239 5699 1494 5756 “‘Ariast.
1520 5699 1628 5757 Deo
1650 5699 1994 5773 perﬁcientef
2046 5716 2072 5743 η
2107 5709 2428 5761 Anastasius
2465 5699 2792 5773 praepostere
2825 5699 2998 5770 rigare
3030 5718 3220 5773 manu,
3264 5705 3485 5755 educare
3512 5714 3833 5773 crescentes.

581 5777 604 5802 °
637 5772 824 5844 Anast.
859 5771 1018 5825 silvas
1043 5773 1299 5839 impacta:
1335 5775 1580 5836 secando,
1623 5770 1810 5829 nescio
1840 5777 1968 5842 quid
2003 5777 2150 5831 aliud
2182 5779 2386 5844 legens.
2463 5770 2490 5824 it
2515 5770 2648 5827 God.
2709 5774 2998 5844 Onnpioat.
3030 5770 3261 5826 Videant
3290 5784 3421 5844 ergo
3452 5772 3835 5841 grammatici.

579 5848 607 5888 ιι
647 5843 837 5894 Anast.
879 5858 1039 5911 prato
1065 5819 1294 5913 pdpulus
1329 5819 1593 5899 sedttclus‘.
1625 5844 1754 5900 Item
1781 5819 2067 5916 sequentia
2108 5819 2628 5918 apudAnastasium
2664 5819 2921 5910 ρει-γέλα
2951 5843 3223 5897 videntur.
