3926 6484
181 422 282 487 797

943 437 1225 500 ORATIO
1260 443 1339 502 X.
1368 468 1439 479 —
1479 445 1582 506 IN.
1615 447 1676 508 S.
1720 449 2367 518 BARTHOLOM/EUM
2400 449 2651 520 APOST.

3328 465 3430 530 798

181 539 392 643 στόλρυ,
418 542 495 604 ὡς
535 548 603 596 ἂν
633 542 777 599 εἴποι
799 564 902 610 τις,
933 550 1224 619 προτέλεια
1252 555 1344 607 καὶ
1377 557 1630 629 ὲκφόρια,
1659 578 1748 631 τη-

1859 570 2188 636 apostoli,nt
2215 573 2283 626 ita
2301 571 2732 644 dicam,frugum
2751 576 3024 646 primitiae,
3060 587 3139 633 tot
3173 589 3430 651 tantaque

177 631 433 686 λικοῦτοσ
466 635 513 686 οἱ
550 634 780 702 ἀγῶνες,
805 639 854 690 οί
897 639 1136 710 ἱδρῶτες,
1174 645 1224 696 οί
1261 646 1434 699 πόνοι·
1469 651 1758 707 καὶταῦτα

175 725 232 777 ἐν
265 724 414 796 λιμῷ
443 727 539 779 καὶ
565 726 730 797 δίψει,
765 732 822 783 ὲν
843 731 1003 801 ψύχει
1028 737 1122 786 καὶ
1145 738 1466 810 γυμνότητι,
1499 742 1558 793 ὲν
1595 741 1757 813 ὕϐρει-

177 833 257 869 σιν
297 818 398 870 καὶ
425 817 712 885 ὀνείδεσιν,
763 821 821 872 ἐν
851 823 1119 890 φυλακαῖς
1148 829 1244 880 καὶ
1274 828 1518 899 δεσμοῖς,
1545 833 1604 886 ὲν
1629 833 1755 887 διω-

174 911 334 978 γμοῖς
361 911 459 963 καὶ
492 910 824 981 ἀπαγωγαῖς
855 916 920 969 ὲκ
945 917 1112 971 τόπου
1138 920 1217 982 είς
1246 922 1430 985 τόπον,
1463 925 1524 976 ὲκ
1548 925 1756 990 πόλεως

173 1001 252 1064 είς
289 1001 470 1066 πόλιν,
519 1004 584 1056 ὲκ
619 1005 850 1075 θεάτρου
892 1009 972 1072 εἰς
1001 1008 1250 1080 θέατρον,
1280 1013 1340 1064 ἐν
1369 1013 1624 1083 βασάνοις
1659 1018 1756 1070 καὶ

174 1094 473 1178 αἰκισμοῖς,
519 1096 578 1148 ἐν
620 1097 766 1168 φόνῳ
799 1100 891 1174 καὶ
925 1102 1171 1173 μαχαίρᾳ
1197 1120 1256 1156 τε
1289 1105 1626 1160 τελευταῖον·
1661 1110 1755 1178 ἀφ’

173 1177 246 1236 ὧν
284 1187 397 1254 γάρ
443 1185 614 1256 ἐχρῆν
654 1188 975 1257 ἀμείϐεσθαι
1007 1192 1233 1260 ἀγαθοῖς
1272 1195 1366 1251 τὸν
1405 1177 1751 1267 διδάσκαλον,

170 1278 257 1330 τὸν
286 1280 537 1349 σωτῆρα,
587 1279 680 1332 τὸν
738 1281 944 1350 ἰατρὸν,
981 1283 1122 1355 ὑπὲρ
1155 1286 1364 1340 τούτων
1396 1290 1754 1360 εἰσπράττον-

169 1385 255 1421 ται
294 1370 368 1421 τά
406 1369 582 1423 δεινάο
613 1371 1113 1442 προπηλακίζουσι,
1145 1379 1391 1444 παίουσι,
1432 1382 1748 1452 πλήττουσι,

171 1457 484 1522 κολάζουσι,
525 1461 728 1526 ξέουσι·
757 1462 810 1516 τί
842 1465 902 1517 οὐ
942 1465 1232 1536 λέγοντες;
1258 1471 1311 1524 τί
1343 1472 1444 1525 οὐκ
1479 1473 1753 1527 ἐπινοοῦν-

169 1568 286 1618 τες;
312 1553 370 1605 τί
401 1553 465 1606 ού
495 1556 856 1624 πράττοντες;
897 1557 952 1610 τί
979 1560 1081 1613 οὐκ
1110 1561 1595 1634 ὲπεξευρίσκοντες
1641 1565 1752 1619 τῶν

165 1642 265 1695 ὅσα
300 1646 387 1707 είς
429 1644 771 1716 δριμυτέραν
799 1648 1042 1702 κάκωσιν
1067 1652 1160 1704 καὶ
1180 1653 1338 1717 ἀνίας
1361 1655 1748 1728 ὲπεξεύρεσινς

165 1734 334 1806 βαϐαὶ
359 1737 463 1807 τῆς
488 1739 758 1807 ἀπηνίαςῑ
787 1740 888 1808 φεῦ
910 1742 1011 1812 τῆς
1037 1743 1395 1815 θηριομανίας
1418 1748 1429 1799 !
1458 1749 1605 1813 οἴους
1625 1752 1750 1815 τοὺς

167 1828 400 1896 μισθοὺς
450 1828 530 1898 τῷ
585 1829 899 1903 θεραπευτῇ
937 1836 1296 1905 προσήγαγον
1325 1839 1376 1890 οἱ
1405 1840 1746 1911 ἀναϐλέψαν-

162 1936 273 1986 τες,
303 1921 355 1973 οἱ
379 1923 804 1994 εύακοήσαντες,
833 1927 884 1978 οί
912 1928 1380 1999 οίκοδομηθέντες,
1402 1933 1452 1984 οἱ
1488 1951 1750 2003 καταρτι-
1779 1920 1823 1977 Β

165 2012 409 2077 σθέντες·
441 2015 567 2068 ἀντὶ
618 2017 786 2086 τιμῆς
832 2019 1080 2089 ἀτιμίαν,
1141 2022 1263 2074 ἀντὶ
1316 2023 1567 2092 εὐλογίας
1617 2043 1750 2079 κατ·-

166 2105 330 2172 ἀραν,
365 2107 492 2158 ἀντὶ
521 2106 714 2178 δώρων
736 2109 948 2175 ποινάς,
984 2113 1106 2163 ἀντὶ
1149 2111 1568 2185 ἀναπαυστικῆς
1604 2114 1750 2185 ζωῆς

164 2196 253 2250 τὸν
284 2199 620 2269 πικρότατον
647 2202 810 2273 μόρον
832 2203 965 2273 (40).
999 2205 1168 2258 Φασὶν
1196 2209 1306 2278 γὰρ
1335 2208 1496 2261 αὑτὸν
1525 2211 1659 2279 μετὰ
1689 2213 1750 2263 τὸ

167 2287 370 2353 πολλὰς
407 2291 504 2343 καὶ
532 2293 865 2360 ἀνηκέστους
911 2296 1137 2349 ύποῖσαι
1181 2297 1459 2362 κολάσεις,
1493 2301 1748 2371 ὲκδεδάρ-

169 2380 254 2434 θαι
285 2381 396 2434 ὑπὸ
429 2384 540 2436 τῶν
573 2379 788 2438 ἀσεϐῶν
823 2387 901 2447 είς
939 2386 1173 2452 θύλακος
1201 2386 1362 2454 εἶδος⁸
1390 2388 1491 2445 εἷθ’
1519 2391 1750 2464 ὕστερον

165 2473 270 2526 ὑπὸ
325 2475 437 2528 τῶν
481 2477 690 2530 πιστῶν
713 2477 998 2546 τετὰφθαιο
1037 2481 1124 2533 ἵνα
1158 2483 1441 2536 κάνταῦθα
1483 2487 1751 2557 πρύτανις

165 2568 259 2619 καὶ
287 2567 432 2636 μετά
461 2569 669 2638 πότμον
690 2570 883 2640 φανείη
911 2573 938 2624 ὁ
968 2573 1140 2641 μέγας
1169 2575 1263 2628 τοῦ
1293 2577 1429 2630 Θεοῦ
1459 2579 1654 2649 κήρυξ.
1673 2580 1749 2631 Ού

165 2659 271 2730 γὰρ
292 2659 420 2712 ἐπεὶ
445 2661 712 2730 μετῆλθεν
736 2661 844 2714 τῶν
864 2664 1015 2734 τῇδε,
1042 2667 1236 2734 ἠμέλει
1258 2669 1365 2722 τῶν
1395 2671 1747 2734 κτεινάντων,

164 2750 279 2802 ἀλλ’
305 2751 384 2816 ὡς
434 2753 638 2823 ποιμὴν
678 2753 880 2821 ἀγαθὸς
923 2756 1049 2808 ὅσον
1085 2754 1153 2828 ἦν
1190 2760 1408 2830 καιροῦ,
1438 2761 1750 2827 ἐξεκαλεῖτο

162 2844 284 2906 ταῖς
333 2844 800 2914 Θαυματουργίαις
842 2848 971 2910 τοὺς
1014 2849 1537 2916 ἀπολισθαίνοντας,
1581 2870 1751 2924 προσο

162 2935 432 3003 (εικειοῦτο
478 2937 898 3006 τερατουργίαις
937 2941 1063 3003 τοὺς
1097 2941 1611 3012 ἀπεστραμμένουςυ
1652 2942 1751 3013 τὴν

161 3026 218 3079 δὲ
249 3027 616 3098 θηριότροπον
637 3029 887 3100 γνώμην,
911 3032 1011 3101 τὴν
1038 3033 1357 3100 ἀμείλικτον
1378 3034 1629 3105 καρδίαν,
1660 3036 1751 3087 οὐ-

164 3118 254 3173 δὲν
293 3120 356 3172 τὸ
406 3119 705 3184 ἀνακτοῦν,
739 3123 890 3177 οὐδὲν
946 3124 1004 3176 τὸ
1050 3124 1413 3196 ἀνασυράζον,
1463 3126 1625 3196 ἡνίκα
1671 3128 1751 3190 είς

163 3209 303 3280 βάθη
338 3210 530 3264 κακῶν
566 3211 652 3282 εἴη
683 3214 1104 3284 ὲμπεπτωκυία.

231 3302 313 3367 ς’.
341 3301 414 3372 ξΓί
467 3301 578 3373 γὰρ
615 3303 685 3357 τά
729 3303 900 3375 ὲξῆς;
939 3305 1228 3374 μαίνονται
1258 3307 1400 3361 κατὰ
1447 3308 1545 3361 τοῦ
1595 3309 1744 3380 ἱεροῦ

163 3397 380 3453 ἐκείνου
412 3397 674 3470 σώματος
695 3417 711 3431 ·
744 3399 1127 3471 θυμομαχοῦσι
1158 3403 1300 3457 κατά
1326 3403 1419 3456 τοῦ
1447 3405 1747 3474 ίαματουρ-

163 3490 393 3556 γοῦντος
449 3490 761 3562 λάρνακος·
789 3491 1216 3563 ἀποπέμπονται
1272 3495 1336 3548 τὸ
1393 3496 1635 3566 ἰατρεῖον
1694 3494 1745 3547 οἱ

165 3581 546 3648 ἀσθενοῦντες,
570 3584 620 3637 οί
653 3583 845 3651 τυφλοὶ
881 3583 974 3636 τδν
1003 3585 1363 3656 χειραγωγὸν,
1396 3588 1446 3639 οἱ
1517 3585 1745 3657 μυωπά-

165 3672 350 3739 ζοντις
381 3675 475 3729 τὸν
508 3675 840 3745 φωτοδότην,
867 3675 918 3728 οί
940 3677 1310 3746 ναυαγοῦντες
1348 3678 1441 3732 τὸν
1474 3677 1747 3750 κυϐερνή-

164 3781 285 3836 την,
315 3767 366 3819 οἱ
427 3763 820 3835 θανατούμενοι
865 3766 957 3819 τὸν
1014 3766 1406 3832 ζωοποιοῦντα.
1439 3770 1547 3822 Καὶ
1588 3768 1750 3822 τοῦτο

166 3855 312 3922 πῶς
341 3857 632 3928 ῥίπτουσιν
689 3856 831 3910 κατά
881 3857 1095 3926 πόντον,
1123 3858 1201 3923 ὡς
1263 3859 1329 3912 ἂν
1363 3858 1436 3930 μὴ
1479 3859 1564 3930 εἴη
1608 3876 1694 3923 τις
1720 3860 1751 3912 ό

167 3949 302 4020 πρὸς
370 3949 541 4002 αὐτοῦ
607 3948 1152 4020 εὐεργετησόμενοςο
1212 3949 1424 4004 τοιοῦτο
1478 3950 1587 4022 γὰρ
1641 3950 1750 4003 τῶν

169 4041 576 4109 βασκαινόντων
606 4040 668 4093 τὸ
703 4042 898 4109 πάθος,
936 4042 1078 4114 μηδὲ
1124 4043 1224 4114 τὴν
1274 4041 1583 4096 ἐθελούσιον
1639 4044 1749 4096 ἀπ-

169 4132 384 4198 ώλειαν,
420 4131 697 4202 σωτηρίαν
729 4135 933 4205 ἑτέρων
970 4135 1316 4204 ἀνεχομένων
1333 4135 1589 4202 γενέσθαι
1613 4136 1746 4207 (41).

245 4225 387 4278 Ἀλλ’
409 4225 441 4277 ό
483 4224 572 4277 διά
604 4224 769 4278 Δαὸὶδ
799 4223 1083 4296 πόρρωθεν
1109 4224 1499 4296 ἀναφωνήσαςο
1539 4226 1637 4279 Ἑν
1671 4223 1745 4294 τῇ

169 4316 452 4386 θαλάσσῃ
477 4318 539 4370 αἱ
567 4316 700 4370 ὁδοί
726 4332 863 4382 σου,
892 4315 1074 4371 καὶαι
1104 4317 1288 4386 τρίόοι
1323 4333 1441 4372 σου
1469 4317 1538 4371 ἐν
1566 4316 1749 4371 ὕδασι

171 4411 440 4475 πολλοῖς,
455 4410 554 4463 καί
581 4409 654 4463 τὰ
680 4409 704 4462 ι
705 4426 821 4478 χνη
859 4425 976 4464 σου
1001 4411 1073 4464 οὐ
1095 4409 1552 4479 τνωσθήσονται
1577 4428 1590 4441 ·
1616 4411 1748 4463 κάν.

174 4501 342 4555 ταῦθα
365 4501 468 4573 τὴν
493 4501 670 4572 ὑγράν
701 4501 873 4571 βατὴν
903 4503 971 4572 τῇ
1020 4501 1253 4574 λάρνακι
1286 4501 1705 4572 παρεσκεύασεν
1731 4519 1746 4533 ·

1716 3263 1814 3320 -C

1857 661 2182 720 certamina.
2213 664 2461 728 sudores,
2501 666 2747 721 labores:
2776 676 2831 723 et
2862 670 3082 738 quidem
3117 671 3170 725 in
3207 669 3351 727 fame
3374 683 3430 727 et

1856 753 1979 817 siti,
2018 754 2070 808 in
2113 754 2312 825 frigore
2336 765 2390 810 et
2419 758 2661 813 nuditate
2687 797 2702 822 ,
2742 760 2795 814 in
2828 762 3175 818 contumeliis
3208 773 3263 818 et
3291 779 3426 818 con-

1857 847 2010 900 viciis
2029 885 2042 910 ,
2071 847 2124 900 in
2160 847 2471 904 carceribus
2501 858 2556 904 et
2585 850 2838 915 vinculis,
2872 851 2924 905 in
2952 853 3428 923 persecutionibus

1853 948 1908 994 et
1947 938 2371 995 abduCtionibus
2404 940 2471 994 de
2511 941 2633 997 loco
2665 942 2716 996 in
2757 942 2935 998 locum
2959 984 2974 1009 ,
3006 944 3072 999 de
3098 945 3317 1000 civitate
3369 945 3425 1000 in

1854 1030 2126 1085 civitatem
2146 1072 2161 1096 ,
2217 1032 2283 1086 de
2311 1031 2522 1087 theatro
2544 1033 2596 1087 in
2625 1033 2893 1088 theatrum
2921 1075 2936 1100 ,
2965 1036 3018 1089 in
3053 1036 3338 1091 tormentis
3371 1048 3426 1090 et

1854 1121 2186 1178 cruciatibus
2211 1163 2226 1186 ,
2275 1123 2326 1176 in
2374 1124 2519 1180 caede
2551 1125 2786 1195 denique
2817 1135 2871 1182 et
2903 1127 3098 1196 gladio.
3156 1127 3199 1181 Α
3229 1128 3428 1198 quibus

1851 1213 1995 1268 enim
2023 1214 2308 1283 oportebat
2330 1217 2671 1270 remunerari
2698 1218 3042 1287 magistrum,
3067 1228 3426 1283 servatorem,

1852 1305 2122 1359 medicum
2145 1343 2161 1366 ,
2199 1304 2269 1358 ab
2299 1304 2382 1359 his
2433 1317 2624 1361 contra
2662 1307 2708 1362 is
2746 1308 2812 1363 ad
2853 1323 3070 1379 pmnam
3106 1309 3424 1380 expetitur:

1852 1397 1997 1451 hunc
2055 1397 2284 1466 pedibus
2340 1407 2668 1467 proterrent,
2722 1401 2978 1470 pulsant,
3034 1400 3274 1467 feriunt,
3330 1417 3426 1456 ex-

1849 1488 2138 1553 cruciant,
2186 1489 2488 1543 excoriant.
2529 1487 2671 1555 Quid
2724 1505 2832 1544 non
2877 1490 3112 1545 dicunt?
3151 1491 3280 1561 quid
3314 1505 3424 1546 non

1849 1581 2213 1650 echgitant‘l
2252 1581 2382 1652 quid
2431 1596 2538 1636 non
2597 1582 2919 1638 intentant?
2973 1583 3104 1654 quid
3153 1599 3262 1640 non
3307 1598 3428 1638 mo-

1851 1672 2056 1727 liuntur
2108 1681 2166 1727 ut
2225 1672 2477 1728 acerbius
2530 1673 2924 1744 molestiusque
2969 1676 3244 1731 noceant?
3291 1674 3424 1731 Hem

1850 1764 2147 1821 sazvitiam!
2192 1764 2314 1819 hem
2340 1764 2566 1822 ferinam
2599 1767 2831 1822 rabiem!
2867 1766 3096 1832 Qualem
3117 1765 3420 1822 mercedem

1851 1855 2155 1925 rependunt
2214 1855 2427 1911 medico
2485 1871 2586 1912 suo
2636 1857 2729 1927 qui
2792 1857 2992 1920 visum,
3033 1857 3124 1926 qui
3178 1857 3424 1916 auditum

1852 1956 2169 2015 receperant
2197 1986 2212 2011 ,
2257 1947 2349 2018 qui
2380 1945 2668 2001 instaurati
2699 1946 3117 2016 conﬁrmatique
3162 1946 3378 2002 fuerant
3410 1947 3424 2000 !

1851 2053 1951 2107 pro
1985 2038 2194 2092 honore
2245 2036 2602 2108 ignominiam
2633 2078 2648 2103 ,
2678 2053 2778 2107 pro
2822 2037 3204 2092 benedictione
3253 2037 3427 2092 male-

1851 2130 2087 2194 dictum,
2147 2142 2245 2199 pro
2299 2129 2457 2184 donis
2524 2143 2750 2199 pmnas,
2817 2145 2915 2200 pro
2964 2128 3257 2198 tranquilla
3317 2129 3427 2183 vita

1851 2219 2266 2274 acerbissimam
2315 2233 2528 2274 necem.
2579 2220 2745 2273 Aiunt
2786 2221 2966 2288 ipsum
3025 2220 3226 2274 multos
3281 2219 3426 2274 into-

1851 2309 2211 2379 lcrandosque
2254 2309 2532 2364 cruciatus
2576 2324 2893 2378 perpessum
2920 2349 2935 2375 ,
2986 2309 3055 2363 ab
3109 2309 3289 2380 impiis
3331 2325 3428 2366 et-

1851 2401 2118 2457 coriatum
2172 2401 2224 2454 in
2256 2400 2477 2455 modum
2529 2399 2708 2466 follis,
2758 2411 2811 2455 et
2854 2417 2884 2455 a
2942 2400 3194 2456 ﬁdelibus
3239 2411 3427 2470 postea

1851 2495 2163 2563 sepultum,
2222 2504 2282 2547 ut
2308 2492 2433 2548 hinc
2490 2493 2653 2548 etiam
2708 2500 2971 2562 patronus
3022 2500 3145 2562 post
3189 2491 3425 2555 obitum,

1852 2599 2080 2654 magnus
2116 2585 2202 2639 hic
2229 2583 2320 2638 Dei
2350 2583 2674 2651 prmdicator
2703 2591 3010 2655 appareret.
3052 2581 3242 2653 Neque
3276 2585 3422 2638 enim

1854 2683 2136 2743 postquam
2168 2674 2296 2727 hinc
2327 2673 2611 2738 abscessit,
2643 2673 2959 2727 carniﬁcum
2980 2683 3207 2726 suormn
3239 2688 3423 2726 curam

1852 2765 2059 2828 omisit,
2093 2765 2187 2819 sed
2231 2763 2400 2818 veluti
2463 2773 2653 2833 pastor
2710 2764 2908 2830 bonus,
2952 2764 3217 2834 prodigiis
3278 2764 3423 2816 omni

1853 2863 2095 2922 tempore
2119 2853 2384 2907 invitabat
2407 2853 2668 2921 perditos,
2697 2853 2763 2908 ad
2789 2869 2848 2909 se
2872 2854 3152 2908 miraculis
3179 2853 3428 2908 trahebat

1853 2962 2094 3000 aversos.
2122 2945 2285 3014 Atqui
2319 2944 2550 3000 ferinam
2580 2955 2812 3000 mentem
2839 2956 2894 3001 et
2920 2947 3128 3006 immite
3150 2962 3263 3012 cor,
3289 2946 3424 3000 nihil

1855 3038 2052 3107 placat,
2087 3036 2223 3090 nihil
2271 3037 2609 3105 reconciliat,
2637 3037 2801 3093 simul
2856 3052 2921 3093 ac
2979 3038 3033 3092 in
3092 3036 3424 3108 profundum

1853 3130 2074 3185 malitiae
2099 3128 2382 3184 deciderit.

1918 3306 1972 3362 6.
2007 3306 2148 3372 Quia
2179 3305 2325 3362 enim
2357 3307 2593 3376 postea?
2636 3307 2917 3362 Adversus
2963 3321 3180 3361 sacrum
3225 3323 3426 3378 corpus

1847 3400 2152 3465 insaniunt,
2189 3408 2243 3454 et
2270 3408 2462 3453 contra
2490 3414 2694 3460 arcam,
2727 3398 3025 3453 sanitatum
3062 3397 3274 3452 fontem
3297 3435 3313 3462 ,
3341 3397 3427 3451 fu—

1846 3501 2020 3547 runt:
2054 3491 2332 3562 expellunt
2353 3491 2624 3545 medicum
2655 3491 2866 3562 aegroti,
2896 3491 3024 3545 caeci
3059 3490 3278 3553 ducem,
3319 3505 3426 3545 cm-

1847 3585 2114 3640 cutientes
2154 3581 2584 3636 illuminatorem
2613 3621 2630 3646 ,
2680 3581 3100 3651 gubernatorem
3153 3579 3426 3650 naufragi,

1847 3675 2108 3747 perempti
2142 3673 2553 3728 viviﬁeatorem.
2596 3671 2662 3726 Et
2686 3673 2959 3742 quomodo
3001 3671 3140 3728 hoc‘l
3175 3671 3230 3726 In
3275 3686 3427 3726 mare

1851 3767 2167 3838 projiciunt,
2202 3779 2272 3822 ne
2299 3767 2422 3836 quis
2451 3767 2521 3820 ab
2543 3781 2610 3821 eo
2638 3765 2896 3834 deinceps
2927 3762 3246 3819 beneﬁcium
3283 3762 3427 3818 acci-

1850 3860 1982 3929 piat.
2023 3857 2155 3912 Tale
2181 3861 2326 3914 enim
2357 3867 2439 3914 est
2472 3858 2783 3912 invidorum
2832 3857 3048 3919 vitium,
3099 3864 3159 3909 ut
3205 3856 3292 3912 vel
3323 3871 3428 3911 suo

1850 3951 2161 4006 voluntario
2193 3950 2383 4016 exitio,
2416 3949 2648 4004 alienam
2681 3947 2914 4002 salutem
2945 3947 3209 4018 impedire
3236 3948 3422 4002 velint.

1851 4043 1954 4099 Sed
2006 4045 2102 4112 qui
2162 4059 2258 4112 per
2292 4042 2543 4096 Davidem
2606 4041 2736 4095 olim
2773 4039 3424 4094 clamaverat’°:lnmari

1848 4138 1945 4191 vim
1971 4146 2094 4202 tua},
2123 4145 2172 4189 et
2203 4135 2406 4189 semita:
2435 4144 2540 4188 tua:
2579 4135 2637 4186 in
2682 4135 2835 4204 aquis
2887 4132 3094 4196 multis,
3125 4140 3174 4186 et
3204 4132 3424 4201 vestigia

1852 4237 1944 4282 tua
1968 4244 2070 4282 non
2096 4237 2508 4298 cognoscentur;
2546 4241 2694 4280 nunc
2741 4240 2959 4296 quoque
2998 4225 3271 4279 marinum
3321 4231 3424 4278 ltu-

1851 4336 2056 4374 morem
2087 4335 2228 4374 arca:
2260 4318 2580 4390 gradibilem
2621 4315 2770 4372 fecit.
2821 4316 2889 4371 Et
2931 4330 3159 4386 magnus
3201 4314 3421 4386 quidem

1849 4411 2042 4468 Petrus
2067 4412 2120 4465 in
2146 4412 2283 4466 mari
2310 4410 2525 4465 ambula
2535 4424 2612 4474 re,
2627 4417 2859 4465 vocante
2874 4422 2997 4462 eum
3021 4406 3087 4461 ad
3105 4421 3163 4461 se
3183 4406 3421 4472 Christo,

1850 4510 2177 4570 conspectus
2204 4508 2290 4553 est
2314 4501 2356 4532 ἰ
2389 4516 2403 4552 :
2440 4499 2694 4568 idemque
2719 4495 2924 4552 fecisse
2945 4503 3172 4565 apparet
3199 4495 3424 4550 Bartho-

175 4595 312 4648 καλὸ
354 4593 620 4666 Πέτροςό
661 4592 838 4662 μέγας
895 4594 1218 4664 περιπατῶν
1269 4597 1326 4646 ἐν
1383 4595 1449 4664 τῇ
1500 4593 1744 4666 θαλάσσῃ

1852 4592 2101 4646 lomaeum
2137 4590 2190 4644 in
2224 4605 2352 4644 arca
2391 4590 2650 4659 reliquias
2676 4603 2808 4645 suas
2842 4595 3106 4658 gestante,
3139 4587 3317 4657 quasi,
3343 4586 3426 4641 in-

176 4689 466 4750 καλοῦντος
498 4687 636 4757 πρὸς
675 4687 840 4740 αὐτὸν
863 4687 1099 4758 Χριστοῦ
1129 4687 1304 4759 ἐφάνη
1331 4706 1344 4718 ·
1373 4687 1530 4741 τοῦτο
1551 4689 1580 4740 ό
1605 4687 1750 4750 θεῖος

176 4780 577 4852 Βαρθολομαῖος
605 4773 708 4834 ὧδε
739 4783 805 4851 τῇ
835 4780 1210 4851 λειψανοφόρῳ
1237 4782 1469 4852 λάρνακι
1503 4781 1749 4845 πεζεύων

175 4873 311 4926 κατά
354 4873 620 4944 κυμάτων
670 4872 958 4927 δέδεικται.
1002 4874 1066 4925 Ὢ
1097 4871 1192 4926 τοῦ
1228 4872 1540 4943 θαύματοςί
1575 4873 1620 4926 ὢ
1647 4874 1747 4944 τῆς

179 4963 581 5034 μεγαλουργίας
613 4963 626 5015 !
670 4961 981 5032 ἐξορμήσας
1000 4963 1108 5031 γάρ
1137 4963 1200 5014 ὲκ
1238 4961 1347 5014 τῶν
1380 4961 1575 5032 χώρων
1621 4964 1748 5031 Ἀρ-

179 5056 364 5124 μενίας
409 5057 445 5127 ή
483 5052 688 5124 λάρναξ
731 5055 827 5107 σὺν
856 5054 1148 5123 τέσσαρσιν
1191 5055 1544 5124 μαρτυρικοῖς
1571 5053 1750 5118 ἄλλοις

176 5149 254 5213 ἐφ’
297 5147 515 5217 ὁμοίαις
568 5148 689 5208 ταῖς
735 5145 1158 5215 σημειουργίαις
1215 5145 1602 5215 ἐκριφείσαις,
1654 5148 1749 5200 καὶ

177 5237 257 5292 διὰ
307 5240 410 5310 τῆς
469 5238 642 5307 αὐτῆς
681 5237 961 5307 θαλάσσης
1016 5236 1346 5307 ἀμφοτέρων
1406 5253 1748 5308 ποντοπορη-

181 5333 405 5395 σάντων,
437 5329 868 5400 προηγουμένων
920 5327 1031 5381 τῶν
1080 5327 1397 5408 τεττάρων,
1429 5329 1521 5381 καὶ
1580 5328 1746 5380 οἱονεὶ¹

178 5422 539 5491 ἁψικευόντων
580 5419 662 5491 τῷ
707 5419 1040 5491 Ἀποστόλῳ,
1078 5419 1344 5484 ὲκκλινεῖς
1391 5419 1459 5472 τὰ
1487 5421 1743 5474 ἐπέκεινα

246 5593 290 5626 ⁸⁸
319 5594 467 5650 Psal.
499 5607 685 5662 LXXVI,
714 5595 808 5650 20.
914 5602 955 5634 “
989 5601 1178 5659 Matth.
1212 5619 1322 5668 xxv,
1349 5603 1438 5657 9.8.

252 5746 361 5810 (ίο)
405 5742 508 5796 llic
553 5739 815 5795 nonnulla
852 5750 1154 5810 sequuntur
1201 5743 1253 5793 in
1292 5741 1740 5809 interpretatione

184 5808 472 5873 Anastasii,
504 5828 625 5881 quae
649 5812 869 5866 Graacus
892 5808 1062 5865 cedex
1094 5808 1390 5865 Vaticanus
1419 5808 1524 5864 non
1553 5813 1732 5865 habet.

250 5884 360 5951 (Η)
403 5883 629 5938 Videtur
656 5882 810 5936 locus
835 5896 1055 5937 sensum
1083 5896 1246 5950 quem
1275 5896 1376 5936 nos
1406 5883 1734 5950 scripsimus

1848 4699 2036 4756 quam,
2069 4681 2306 4752 pedestri
2346 4682 2542 4736 itinere
2568 4680 2767 4734 fluctus
2797 4679 3058 4735 calcasse.
3100 4678 3145 4734 Ο
3184 4678 3423 4734 miracu-

1848 4777 1990 4832 lum!
2052 4791 2085 4832 o
2119 4775 2323 4845 grande
2359 4773 2707 4844 portentum!
2764 4770 2980 4827 Etenim
3031 4787 3101 4827 ex
3151 4770 3426 4826 Armeniae

1847 4869 2009 4925 terris
2057 4868 2343 4924 discedens
2381 4881 2510 4922 arca
2535 4881 2659 4921 cum
2698 4866 2819 4921 aliis
2863 4874 3158 4936 martyrum
3190 4871 3425 4934 quatuor

1845 4963 1915 5016 ob
1953 4961 2102 5032 paria
2122 4960 2388 5016 miracula
2418 4960 2627 5030 ejectis,
2648 4970 2701 5014 et
2722 4960 2861 5013 idem
2885 4973 3038 5012 mare
3059 4956 3420 5018 sulcantibus,

1855 5052 2387 5126 praecedentibushis
2411 5062 2646 5123 quatuor
2677 5061 2730 5108 et
2750 5052 2906 5122 quasi
2933 5048 3257 5118 obsequium
3291 5061 3422 5116 apo-

1853 5146 1995 5200 stolo
2025 5143 2412 5214 praebentibus,
2453 5150 2677 5196 ventum
2717 5151 2819 5208 est,
2863 5139 3131 5196 declinata
3173 5138 3424 5208 superius

1855 5235 2061 5302 Sicilia,
2095 5234 2163 5288 ad
2211 5233 2447 5289 insulam
2479 5233 2700 5288 nomine
2737 5232 3015 5304 Liparim,
3071 5239 3125 5286 et
3151 5230 3422 5300 Agathoni

1849 5327 2202 5382 sanctissimo
2228 5326 2340 5380 illic
2375 5325 2632 5394 episcopo
2660 5340 2756 5395 per
2786 5324 2963 5379 visum
3007 5331 3241 5376 ostensa:
3273 5331 3420 5376 sunt.

1848 5419 1982 5485 Quis
2013 5434 2249 5490 unquam
2290 5418 2465 5473 audiit
2511 5425 2722 5471 tantum
2764 5413 3131 5470 miraculum?
3160 5410 3259 5468 Cui
3316 5413 3423 5466 tale

1843 5745 2141 5870 (postulare.
2191 5745 2379 5802 Graeca
2428 5755 2608 5800 tamen
2641 5743 2805 5799 verba
2849 5758 2960 5798 non
3010 5739 3145 5798 satis
3193 5741 3421 5812 rcspons

1881 5825 1990 5870 ent.

1881 5825 1990 5870 ent.
