3926 6440
489 399 520 461 7
527 397 598 459 99
1679 405 1738 464 S.
1779 404 2175 466 THEODORI
2215 407 2558 469 STUDITAE
3639 402 3743 463 800

492 518 815 580 tantumque
841 510 1148 582 prodigium
1183 513 1464 569 innotuit?
1498 515 1816 571 Miraculum
1876 533 2068 572 cumu-

2202 522 2418 586 εικελίας
2449 521 2584 589 πρὸς
2612 521 2712 590 τὴν
2738 518 2837 587 τῆς
2864 517 3152 588 Λιπάρεως
3177 514 3523 585 καλουμένην
3556 527 3742 582 νηοον.

493 596 644 655 latur
687 601 974 656 miraculo.
1028 600 1238 672 Quippe
1267 616 1387 659 orat
1418 606 1681 678 (λιπαρεῖ
1713 619 2073 680 congruenter

2209 615 2241 666 ι’
2285 613 2680 683 ἀποκαλύψεως
2703 610 2798 664 τοῦ
2839 608 3095 680 τηνικάδε
3138 603 3566 674 ὲπισκοποῦντος
3593 607 3750 656 ὁσιω-

494 706 598 748 suo
631 692 862 762 nomini)
897 693 1074 749 insula
1103 695 1283 751 tacitis
1321 695 1556 753 fortasse
1601 709 1659 754 ut
1709 701 1965 755 credibile
1993 709 2078 754 est

2202 706 2338 757 ’άτου
2382 702 2686 770 Ἀγάθωνος
2714 699 3009 772 ὁρώμεναι.
3037 696 3135 760 Τίς
3157 693 3458 765 ήκουτίσθη
3491 690 3754 762 τηλικοῦ⁸

493 782 727 838 vocibus
758 784 1004 839 clamans
1029 785 1108 839 sic
1142 802 1157 840 :
1200 785 1329 842 Veni
1366 790 1434 843 ad
1471 805 1557 844 me
1587 791 2002 861 pauperculam,
2042 806 2075 846 ο

2202 812 2267 848 κον
2299 793 2726 866 τερατούργημα
2757 808 2772 857 ;
2821 790 2906 854 τίς
2947 786 3198 858 ἐδιδάχθη
3246 785 3588 856 τηλικαύτην
3617 782 3754 836 θαυ-

494 873 647 928 dives
684 875 1020 930 sanctissimi
1063 875 1305 947 Spiritus
1342 880 1600 937 thesaure
1631 897 1646 936 :
1679 883 1802 936 veni
1857 881 1924 936 ad
1986 896 2074 937 me

2202 881 2547 951 ιατουργίαν;
2575 881 2763 951 θαῦμα
2812 880 2871 932 ὲν
2905 877 3145 948 Θαύματι
3169 892 3182 906 ’
3225 876 3450 946 λιπαρεῖ
3493 874 3610 941 (42)
3643 873 3752 944 γάρ

497 963 852 1034 indigentem,
876 983 909 1021 ο
933 968 1171 1036 pretiosa
1196 971 1494 1042 margarita
1525 992 1537 1027 :
1573 975 1694 1029 veni
1727 974 1794 1029 ad
1830 989 1917 1030 me
1949 991 2075 1045 sup-

497 1056 691 1126 plicem
718 1099 734 1124 ,
777 1067 833 1113 tu
883 1059 976 1129 qui
1016 1061 1085 1115 ab
1123 1062 1244 1118 aliis
1279 1064 1621 1134 iniquissime
1659 1066 1924 1136 expulsus
1967 1083 2026 1122 es
2062 1085 2076 1122 :

504 1162 720 1202 mecum
782 1149 965 1204 habita
998 1189 1013 1211 .
1071 1160 1125 1207 et
1170 1153 1571 1212 habitatoribus
1627 1156 1842 1212 aﬂluam
1878 1175 1892 1212 :
1933 1173 2081 1213 meas

505 1237 673 1293 urbes
709 1248 883 1306 tuere,
913 1250 967 1296 et
995 1243 1177 1311 populi
1205 1246 1551 1302 multitudine
1572 1248 1863 1303 abundabo
1887 1267 1899 1304 :
1926 1259 2081 1303 tuum

507 1330 640 1384 mibi
677 1332 1147 1392 nomenjnscribe
1171 1375 1186 1398 ,
1229 1345 1282 1392 et
1312 1338 1511 1408 ubique
1547 1349 1819 1395 terrarum
1851 1341 2083 1399 celebris

506 1419 655 1474 tiam.
690 1418 798 1473 Alit
831 1429 882 1474 te
911 1420 1185 1479 luminare
1218 1427 1566 1494 expulerunt,
1603 1439 1688 1485 ast
1717 1444 1816 1498 ego
1850 1431 2083 1486 tenebri-

506 1524 631 1565 cosa
666 1518 819 1565 tuum
851 1513 1034 1568 lumen
1059 1513 1257 1586 exopto
1291 1537 1303 1572 :
1336 1519 1430 1575 alii
1468 1529 1561 1576 tua
1592 1521 1840 1576 vivorum
1873 1538 2082 1578 sermo-

505 1615 635 1653 num
669 1617 862 1657 mensa
887 1601 1037 1658 fruiti
1079 1617 1230 1674 sunt,
1265 1617 1351 1664 ast
1381 1625 1483 1683 ego
1513 1612 1763 1683 reliquiis
1806 1613 1948 1679 tuis,
1982 1629 2081 1670 ceu

504 1692 729 1747 catellus
753 1694 937 1755 micis.
968 1697 1144 1753 inhio.

2179 968 2291 1027 οἷον
2315 975 2349 1044 ή
2395 972 2716 1044 φερώνυμυς
2758 973 2940 1042 νῆσος,
2971 967 3196 1022 τοιαῦτα
3225 965 3387 1037 τυχὸν
3421 965 3558 1035 πρὸς
3591 965 3756 1017 αὐτὸν

2183 1065 2473 1136 ἀλαλήτοις
2521 1066 2727 1132 φωναῖς
2781 1060 3058 1115 ἐπιϐοῶσα
3091 1077 3105 1092 ο
3140 1058 3314 1128 Δεῦρο
3353 1057 3490 1127 πρός
3544 1049 3614 1125 μέ
3656 1057 3757 1125 τὴν

2184 1152 2570 1222 πτωχεύουσαν
2594 1154 2622 1205 ό
2653 1150 2960 1221 τρισόλϐιος
3014 1147 3289 1219 θησαυρὸς
3342 1144 3436 1198 τοῦ
3483 1145 3759 1212 παναγίου

2185 1239 2492 1309 πνεύματος
2513 1257 2527 1272 ·
2550 1238 2705 1310 δεῦρο
2722 1241 2856 1309 πρός
2874 1255 2941 1308 με
2960 1237 3059 1309 τὴν
3087 1237 3389 1308 ἀγέραστον
3411 1235 3438 1288 ό
3455 1233 3652 1288 πολυτί
3661 1251 3763 1302 μη-

2184 1347 2275 1393 τος
2328 1330 2677 1401 μαργαρίτης
2705 1345 2718 1359 ·
2747 1329 2905 1400 δεῦρο
2949 1329 3086 1399 πρός
3121 1346 3187 1398 με
3221 1328 3321 1398 τὴν
3365 1326 3761 1396 δυσωπήτριαν

2184 1429 2213 1479 ό
2265 1425 2394 1497 παρ’
2421 1425 2595 1480 ἀλλων
2643 1423 3103 1494 ἀποπεμπόμενος
3157 1421 3466 1491 ἀνομότατα
3501 1435 3516 1450 ο
3559 1418 3764 1471 ἐνοικίο

2185 1517 2344 1588 σθητί
2407 1533 2519 1587 μοι,
2547 1519 2644 1572 καὶ
2693 1515 3178 1586 πολοικισθήσομαι
3205 1529 3219 1543 °
3250 1511 3612 1581 πολιούχησόν
3669 1525 3762 1577 με,

2186 1610 2282 1662 καὶ
2333 1607 2993 1678 πολυανθρωπισθήσομαι
3017 1621 3033 1636 ο
3079 1600 3467 1673 όνοματίσθητί
3521 1616 3636 1669 μοι,
3670 1600 3766 1650 καὶ

2191 1697 2464 1770 πανταχοῦ
2508 1696 2919 1767 ὲξηχηθήσομσι
2945 1711 2958 1723 ·
2989 1695 3039 1747 oi
3084 1693 3232 1747 ἄλλοι
3261 1708 3322 1744 σε
3351 1691 3442 1743 τὸν
3493 1691 3769 1759 φωστῆρα

506 1781 816 1846 ἀπώσαντο,
849 1784 963 1839 ἀλλ’
1002 1787 1114 1855 ἐγώ
1173 1807 1268 1844 σου
1330 1791 1424 1846 τοῦ
1459 1794 1632 1862 φάους
1693 1793 1916 1865 ἐφίεμαι
1956 1797 1989 1864 ἡ
2036 1792 2438 1861 στυγνάζουσα·
2487 1792 2536 1844 οἱ
2583 1790 2731 1844 ἄλλοι
2783 1805 2876 1842 σου
2911 1787 3012 1858 τῆς
3057 1785 3337 1858 τραπέζης
3378 1784 3486 1837 τῶν
3540 1781 3769 1844 ζώντων

506 1876 680 1946 λόγων
711 1878 1168 1951 ἀπολελαύκασιν,
1196 1885 1310 1938 ἀλλ’
1331 1887 1442 1953 ἐγώ
1471 1905 1563 1941 σου
1588 1889 1697 1944 τῶν
1721 1891 1988 1961 λειψάνων
2009 1889 2086 1954 ὡς
2123 1889 2379 1959 κυνάριον
2406 1885 2729 1957 ψιχίσασθαι
2756 1883 3033 1954 γλίχομαι.

588 1967 640 2020 7.
673 1967 803 2024 Post
833 1970 936 2025 ista
959 2012 976 2034 ,
1003 1979 1228 2030 Caeteros
1267 1991 1536 2048 martyres
1565 1981 1720 2049 quasi
1751 1996 1881 2037 suos
1917 1983 2084 2052 stipa-

2253 1979 2494 2050 ζ’.[1ρδς
2541 1976 2716 2031 ταῦτα
2767 1974 2957 2043 ὥσπερ
3007 1972 3163 2035 τινὰς
3211 1970 3561 2041 δορυφόρους,
3594 1969 3761 2025 ἄλλον

514 2068 663 2115 tores
695 2070 842 2116 retro
871 2062 1139 2133 ablegavit
1170 2069 1448 2135 apostolus
1474 2109 1489 2132 ,
1535 2086 1705 2125 unttm
1740 2073 1959 2142 quidem
1994 2088 2091 2128 no-

513 2149 660 2202 mine
691 2148 958 2221 Papinum
989 2152 1162 2225 Mylas
1202 2157 1391 2211 urbem
1440 2157 1640 2215 Siciliae
1683 2162 1835 2217 misit
1869 2180 1882 2216 :
1918 2163 2086 2218 alium

512 2239 600 2292 cui
633 2255 832 2296 nomen
862 2241 1106 2300 Luciano
1129 2285 1143 2309 ,
1191 2245 1497 2304 Messanam
1531 2269 1544 2303 :
1578 2251 1718 2308 duos
1750 2255 1992 2324 reliquos
2022 2257 2088 2310 ad

514 2327 780 2386 Calabria
802 2331 1006 2401 littora,
1028 2334 1350 2408 Gregorium
1375 2341 1491 2394 urbi
1511 2341 1808 2403 Columna.
1831 2346 2090 2400 Acacium

518 2421 635 2475 urbi
667 2420 815 2478 Galae
845 2426 1131 2494 appellata:
1170 2428 1470 2485 destinavit
1502 2450 1514 2486 :
1549 2443 1607 2486 ut
1649 2436 1848 2504 singuli
1887 2437 1939 2490 in
1976 2437 2092 2491 sin-

515 2511 659 2582 gulis
715 2514 933 2584 oppidis
996 2517 1296 2574 incolarum
1357 2521 1533 2577 forent
1575 2533 1949 2594 protectores,
2002 2529 2093 2583 ubi

521 2617 711 2673 reapse
735 2607 803 2659 ad
837 2605 988 2663 hunc
1020 2625 1194 2679 usque
1213 2611 1358 2667 diem
1385 2614 1665 2671 beneficiis
1707 2616 2092 2674 inclarescunt.

521 2693 636 2763 Ipse
660 2706 841 2752 autem
881 2697 1335 2767 Bartholomzeus,
1389 2715 1648 2776 tanquam
1707 2723 1802 2764 rex
1859 2712 2095 2780 propriis

522 2791 733 2846 laribus
765 2793 818 2846 in
851 2809 986 2863 pace
1019 2797 1247 2864 potitus.
1281 2798 1346 2853 ad
1383 2812 1664 2859 vocantem
1695 2818 1752 2856 se
1783 2803 1970 2858 urbem
2001 2819 2097 2859 ac-

522 2880 706 2947 cessit,
747 2883 837 2936 ubi
869 2884 1150 2954 splendide
1185 2899 1438 2958 receptus
1483 2888 1606 2953 fuit,
1641 2893 1826 2947 multis
1857 2909 1980 2947 cum
2015 2893 2097 2947 fa-

524 2973 700 3038 cibus,
734 2974 1020 3040 odoribus,
1058 2980 1276 3050 hymnis
1313 2996 1341 3035 a
1371 2983 1584 3038 cunctis
1615 2983 1826 3039 civibus
1858 2985 1960 3055 ipsi
2004 2987 2099 3041 la:-

532 3073 714 3121 tanter
753 3071 1194 3125 occurrentibus.
1227 3074 1487 3142 Deinceps
1522 3091 1650 3130 vero
1682 3076 1824 3131 haud
1871 3078 2100 3133 ulterius

528 3170 655 3210 arca
694 3160 1054 3227 procedebat;
1087 3177 1210 3215 nam
1249 3164 1591 3220 trahentibus
1634 3167 1779 3229 illis,
1827 3169 1941 3238 ipsa
1981 3179 2100 3225 erat

532 3247 852 3306 immobilis.
887 3250 1130 3308 Tristitia
1161 3255 1362 3326 gaudio
1390 3258 1657 3316 successit
1692 3277 1705 3313 :
1745 3260 1795 3314 in
1827 3261 2100 3317 anxietate

529 3348 646 3392 erat
669 3341 922 3410 populus.
949 3341 1053 3398 Sed
1089 3360 1199 3399 rem
1218 3347 1506 3416 expetitam
1542 3350 1881 3418 impetravit:
1904 3353 2102 3407 etenim
2130 3328 2171 3386 (ἶ

532 3427 703 3499 Prope
735 3441 812 3486 est
839 3433 1094 3490 Dominus
1119 3439 1481 3494 invocantibus
1495 3457 1613 3494 eum
1637 3443 1704 3495 η.
1726 3442 1943 3496 Duabus
1975 3459 2102 3514 ergo

533 3535 718 3574 arcam
757 3523 1102 3580 trahentibus
1126 3527 1293 3583 castis
1325 3527 1560 3595 huculis,
1593 3529 1704 3585 illic
1731 3532 1967 3600 reposita
2001 3541 2105 3598 est,

540 3611 630 3664 ubi
676 3627 892 3668 sacrum
923 3617 1032 3672 divi
1089 3619 1344 3690 templum
1387 3624 1568 3676 statim
1601 3621 1706 3679 fuit
1729 3623 2054 3679 aedificatum
2089 3644 2103 3679 :

539 3719 650 3770 quo
682 3705 766 3759 vix
796 3705 1071 3772 absoluto,
1106 3710 1300 3781 ingens
1339 3715 1658 3771 miraculum
1688 3717 1933 3786 contigit.
1970 3715 2108 3772 Nam

539 3811 662 3849 cum
686 3793 984 3864 Vulcanus,
1024 3810 1079 3855 ut
1105 3804 1398 3872 appellant,
1427 3807 1769 3875 peneinsulae
1795 3810 2107 3878 contiguus,

541 3888 733 3944 Incolis
764 3891 963 3946 damno
995 3902 1156 3958 esset,
1201 3897 1457 3952 invisibili
1486 3914 1726 3963 recessu,
1775 3903 1932 3970 quasi
1988 3919 2112 3972 per-

545 3984 787 4045 tractus,
820 3983 1011 4038 stadiis
1067 3993 1274 4054 septem
1332 3987 1390 4042 in
1446 3990 1667 4061 pelagus
1705 4007 1765 4047 se
1819 3993 2109 4061 subduxit;

540 4071 686 4138 quod
716 4073 1038 4130 miraculum
1076 4085 1250 4133 tractu
1299 4080 1392 4133 illo
1430 4085 1587 4152 quasi
1636 4086 1938 4142 recedentis
1966 4085 2112 4142 ﬂuvii

545 4163 806 4232 usquead
843 4166 980 4223 hanc
1017 4168 1160 4223 diem
1201 4172 1547 4240 prmdicatnr.

614 4345 666 4401 8.
718 4344 890 4402 Porro
942 4360 1076 4420 quot
1118 4364 1172 4407 et
1221 4361 1421 4420 quanta
1480 4355 1734 4426 deinceps
1788 4359 2117 4414 mirabiliter

547 4447 806 4508 operatus
850 4442 955 4507 sit,
1004 4453 1097 4498 aut
1127 4444 1262 4500 mira
1310 4445 1518 4501 faciens
1568 4446 1828 4504 hactenus
1861 4463 2115 4518 operetur

549 4530 694 4586 circa
725 4545 819 4586 eos
848 4534 941 4603 qui
967 4535 1199 4592 diversis
1223 4537 1578 4608 languoribus
1613 4549 1668 4594 et
1701 4540 2113 4598 infirmitatibus

548 4622 796 4678 obstricti
825 4625 890 4679 ad
917 4625 1092 4696 ipsum
1125 4627 1229 4684 fide
1256 4629 1599 4699 confugiunt,
1622 4647 1723 4688 nec
1745 4632 2114 4687 necessarium

2189 2068 2425 2140 ἀλλαχοῦ
2451 2069 2563 2123 τῶν
2596 2065 2892 2138 μαρτύρων
2921 2065 3001 2127 είς
3030 2063 3276 2117 τούπίσω
3304 2063 3737 2132 παραπεμψάμε
3755 2091 3771 2102 -

2190 2177 2277 2222 νος
2301 2159 2330 2211 ὁ
2366 2157 2684 2220 Ἀπόστολος
2706 2197 2721 2221 ,
2744 2156 2838 2209 τὸν
2875 2157 2972 2226 μὲν
3003 2153 3244 2208 Παπίνον
3274 2152 3386 2222 (45)
3405 2151 3652 2221 ’τοῦνομα
3688 2153 3772 2213 είς

2189 2249 2366 2304 Μειλά
2390 2258 2410 2286 τ
2437 2247 2535 2318 τήν
2559 2247 2714 2301 πόλιν
2749 2246 2998 2308 Σικελίας
3019 2261 3031 2274 ·
3058 2244 3151 2297 τὸν
3179 2244 3234 2296 δὲ
3271 2243 3608 2314 ὲνΜεσσήνῃ
3629 2244 3774 2295 Aou-

2192 2341 2379 2395 κιανδν
2427 2343 2494 2408 τῇ
2534 2339 2724 2410 κλήσει
2752 2356 2764 2369 ·
2801 2340 3060 2406 ἑκάτερον
3101 2336 3172 2390 αὖ
3199 2351 3258 2389 τε
3291 2336 3348 2388 ὲν
3374 2337 3441 2405 τῇ
3477 2333 3772 2404 Καλαόρί-

2193 2432 2297 2484 τιδι
2345 2432 2507 2501 γαίᾳ·
2538 2430 2837 2500 Γρηγόριον
2881 2430 2978 2499 μὲν
3027 2429 3084 2482 ὲν
3118 2428 3378 2498 Κολύμνῃ
3405 2438 3426 2466 ³
3468 2425 3730 2497 τῇ’πόλει
3757 2443 3771 2454 ·

2209 2522 2461 2576 ’Δκάκιον
2495 2522 2554 2576 δὲ
2576 2523 2656 2585 είς
2695 2521 2880 2585 Κάλας
2916 2526 2933 2558 ι
2969 2520 3313 2591 καλουμένην
3340 2537 3353 2551 ο
3391 2521 3466 2583 ὡς
3516 2519 3582 2572 ἂν
3637 2518 3776 2571 ἕκα-

2198 2632 2320 2680 στος
2375 2616 2432 2668 ἐν
2471 2610 2735 2688 ἑκάστῃῇ
2780 2612 3163 2683 προασπιστὴς
3192 2611 3298 2664 τῶν
3328 2613 3658 2680 οἰκητόρων,
3693 2611 3776 2662 οἶ-

2197 2725 2304 2779 περ
2332 2707 2424 2761 καὶ
2455 2707 2618 2778 μέχρι
2662 2709 2900 2777 τήμερον
2942 2704 3344 2774 διαλάμπουσιν
3386 2705 3506 2765 ταῖς
3535 2703 3774 2755 ἐπικου-

2202 2798 2342 2869 ρίαις
2362 2816 2376 2829 ο
2409 2798 2592 2864 αὐτὸς,
2620 2797 2695 2860 ὡς
2719 2797 2784 2852 ἄν
2814 2813 2898 2860 τις
2929 2794 3180 2867 βασιλεὺς
3209 2794 3415 2856 οἰκείας
3447 2794 3776 2861 ἀναπαύλης

2203 2887 2665 2958 μεταληψόμενος,
2701 2886 3105 2959 προσώρμησεν
3133 2887 3201 2955 τῇ
3235 2883 3483 2954 καλούτῃ
3508 2924 3522 2946 ,
3583 2884 3781 2938 ὑπεδέ-

2199 2979 2301 3049 χθη
2326 2980 2638 3050 περιφανῶς
2659 2980 2871 3043 πολλοῖς
2903 2979 3274 3049 λαμπτῆρσιν,
3303 2975 3552 3038 εὐωδίαις
3577 2993 3640 3028 τε
3685 2979 3782 3028 καὶ

2201 3069 2572 3139 ὑμνολογίαις,
2597 3071 2855 3126 ἀπάντων
2898 3070 3010 3124 τῶν
3040 3074 3222 3126 ὲκεῖσε
3255 3072 3688 3140 ὑπαντησάντων
3721 3072 3783 3123 ὲν

2201 3161 2541 3230 ἀγαλλιάσει.
2577 3161 2650 3214 Τὸ
2694 3162 2753 3214 δὲ
2781 3162 2910 3232 ἑξῆς
2936 3164 2996 3216 ού
3034 3164 3233 3234 προῄει
3263 3165 3296 3234 ή
3328 3161 3572 3234 λάρναξ·
3595 3162 3648 3212 οἱ
3684 3162 3785 3231 μὲν

2201 3250 2310 3322 γὰρ
2338 3244 2542 3318 εἷλκον,
2568 3250 2602 3321 ή
2634 3249 2692 3303 δὲ
2735 3244 2804 3321 ἧν
2832 3249 3434 3337 ἀκίνητοςέκξιειδὲξατο
3459 3247 3518 3300 τὸ
3545 3263 3786 3337 περιχα-

2209 3341 2298 3412 ρὲς
2323 3342 2356 3408 ή
2384 3339 2531 3412 λύπη
2557 3357 2570 3371 ·
2598 3341 2656 3393 ἐν
2687 3339 2893 3412 ἀπορίᾳ
2919 3341 2948 3393 ό
2979 3326 3424 3409 λαόξῗκῖτῖἓτυχεν
3455 3337 3518 3389 τὸ
3555 3335 3750 3405 ἔξευρε
3780 3368 3789 3376 -

2206 3430 2542 3500 θέν·Ἐτ-γὺς
2557 3431 2664 3500 γὰρ
2682 3431 2895 3498 Κύριος
2913 3427 3038 3494 τοῖς
3048 3428 3547 3496 ἐπικαλουμένοις
3565 3426 3781 3479 αὐτόν·

2204 3524 2298 3578 δύο
2331 3525 2509 3602 τοίνυν
2553 3523 2848 3594 δαμάλεσιν
2876 3524 3067 3591 ἁγναῖς
3100 3519 3470 3592 ἀναληφθεῖσα
3501 3517 3744 3587 ἀπετέθη
3771 3556 3786 3580 ,

2207 3614 2336 3668 ἔνθα
2360 3618 2387 3669 ό
2421 3615 2562 3686 ἱερὸς
2593 3616 2757 3669 αὑτοῦ
2781 3605 2928 3680 οἶκος
2959 3614 3158 3668 αὐτίκα
3183 3610 3469 3684 ὲνιδρύνθη
3495 3626 3510 3641 ο
3546 3611 3641 3662 καὶ
3669 3610 3788 3680 ἄμα

2209 3707 2284 3778 τῷ
2313 3706 2643 3777 ἀπαρτισμῷ
2663 3748 2680 3771 ,
2711 3709 2804 3762 καὶ
2831 3708 2892 3761 τὸ
2933 3707 3116 3778 θαῦμα
3140 3703 3378 3771 ἐξαίσιον
3409 3721 3422 3735 ·
3461 3701 3652 3773 ἐπειδὴ
3677 3703 3792 3755 τοί-

2210 3817 2304 3856 νυν
2330 3802 2358 3855 ό
2385 3799 2714 3869 καλούμενος
2737 3799 3037 3864 Βουλκάνος
3074 3797 3360 3871 ὲχέκολλος
3389 3796 3466 3851 ὣν
3497 3796 3685 3868 σχεδὸν
3721 3799 3790 3865 τῇ

2212 3896 2378 3965 νήσῳ,
2412 3891 2709 3964 βλαπτικός
2752 3893 2997 3963 ὑπῆρχεν
3041 3894 3155 3955 τοῖς
3204 3891 3534 3962 περιοίκοις,
3562 3888 3793 3943 ἀπῶστο

2213 3985 2446 4057 ἀορασία
2476 3983 2570 4037 καὶ
2591 3977 2702 4036 οἷον
2735 3981 3030 4052 ἀποσυρεὶς
3073 3980 3345 4049 ὑπεξέστη
3378 3978 3615 4040 σταδίοις
3649 3977 3793 4030 ὲπτά

2217 4077 2352 4146 πρὸς
2381 4076 2574 4128 πόντον
2607 4074 2718 4146 (44)
2760 4072 2852 4127 τοῦ
2883 4069 3245 4142 παρασυρμοῦ
3283 4069 3473 4139 ὥσπερ
3514 4071 3793 4139 ποταμίου

2220 4169 2486 4240 ῥεύματος
2508 4170 2669 4240 μέχρι
2697 4167 2793 4236 τῆς
2821 4167 3058 4238 σήμερον
3081 4165 3141 4218 τὸ
3171 4161 3353 4234 θαῦμα
3383 4161 3794 4231 ἀνακηρύττον-

2218 4279 2326 4325 τος.

2289 4355 2331 4407 Τ
2336 4357 2370 4408 ἀ
2430 4353 2723 4424 μετέπειτα
2774 4351 2893 4422 (45),
2922 4351 3022 4404 ὅσα
3059 4351 3155 4405 καὶ
3183 4349 3344 4418 ήλίκα
3377 4347 3797 4420 τεθαυματούρο

2219 4462 2410 4515 γηκεν,
2441 4444 2474 4517 ἢ
2510 4442 2948 4515 θαυματουργῶν
2972 4443 3087 4496 ἐστι
3121 4441 3257 4513 πρὸς
3287 4441 3411 4504 τοὺς
3450 4438 3632 4492 πίστει
3673 4457 3800 4508 φοιο

2220 4536 2429 4600 τῶντας
2461 4535 2620 4607 μέχρι
2642 4533 2737 4589 τοῦ
2770 4534 2929 4604 δεῦρο
2963 4535 3020 4587 ὲν
3049 4534 3328 4603 διαφόροις
3351 4532 3527 4596 νόσοις
3559 4530 3656 4583 καὶ
3691 4549 3800 4600 μα-

2225 4630 2439 4693 λακίαις
2465 4629 2873 4700 ὲνισχημένους,
2909 4626 3030 4680 οὔτε
3053 4627 3188 4697 πρὸς
3217 4626 3374 4697 ήμῶν
3396 4625 3457 4677 τὸ
3480 4622 3683 4692 λέγειν,
3706 4623 3800 4705 διὰ

549 4716 837 4772 estdicere
870 4690 950 4773 ob'
972 4721 1335 4788 prolixitatem
1378 4690 1526 4793 [θαι.
1568 4721 1687 4778 Lat.
1725 4723 2074 4792 prolixionem

2227 4723 2288 4775 τὸ
2325 4690 2684 4793 μακρογορες,
2711 4690 2842 4773 οὒτε
2865 4720 3000 4791 πρὸς
3020 4690 3144 4781 τούς
3158 4690 3453 4782 ἀκούοντας
3481 4718 3542 4771 τὸ
3555 4690 3800 4781 ἀπειθές

553 4815 840 4874 tractatus,
873 4825 974 4864 nec
1003 4811 1319 4867 incredibile
1352 4813 1630 4881 audienti,
1658 4829 1784 4870 cum
1816 4815 2015 4885 pignus
2053 4833 2096 4871 e:

2227 4815 2502 4887 ἐνέχυρον,
2529 4813 2623 4868 τοῦ
2659 4814 2776 4876 ἑνὸς
2807 4814 2904 4876 τὰς
2933 4814 3062 4884 περὶ
3082 4813 3190 4865 τῶν
3240 4811 3416 4866 ἀλλων
3449 4809 3799 4879 συγκαταθέ-

553 4913 662 4954 uno
697 4900 893 4958 habeat
920 4904 1151 4959 aliorum
1203 4905 1573 4962 exbibitiones
1629 4908 1770 4963 mire
1816 4919 2093 4979 gestorum

2231 4924 2346 4971 σεις
2374 4906 2610 4976 ἔχοντος.
2628 4905 2789 4959 Ἀλλὰ
2809 4906 3014 4976 χαίροις
3044 4903 3179 4976 (46),
3211 4897 3256 4958 ὧ
3289 4903 3477 4976 μάκαρ
3505 4902 3799 4972 μακαρίων

657 5011 703 5041 ’³
732 5008 876 5065 Psal.
926 5023 1106 5070 cxuv,
1138 5003 1230 5058 ‘28.

1829 5136 2064 5193 VARIIE
2107 5139 2511 5195 LECTIONES.

1374 5237 1396 5265 '
1421 5228 1562 5284 Men.
1599 5229 1692 5285 Gr.
1734 5231 2020 5303 Κολήμνῃ.
2102 5235 2120 5269 ί
2154 5232 2292 5288 Men.
2318 5233 2412 5288 Gr.
2447 5235 2767 5292 Ἀσκάλους.

631 5334 744 5411 (ιε)
785 5337 1016 5411 Sensum
1048 5341 1311 5411 vocabuli
1351 5343 1594 5411 λιπαρεῖ,
1643 5354 1695 5398 et
1731 5345 1784 5398 in
1824 5359 1890 5399 eo
1922 5345 2124 5410 Insunt,

563 5419 669 5459 non
701 5407 966 5462 intellexit
1007 5410 1094 5464 hic
1130 5411 1469 5465 Anastasius.

635 5478 746 5554 (οἷς)
786 5478 843 5554 _l_u
879 5477 1079 5533 Menwo
1114 5480 1205 5535 Gr.
1238 5483 1324 5554 die
1354 5482 1423 5535 25
1459 5484 1683 5554 Augusti
1716 5485 2055 5538 Παππιανόν.

632 5546 742 5622 (μ)
786 5547 903 5622 lluc
938 5566 1111 5619 usque
1165 5552 1392 5622 mutilus
1439 5546 1606 5606 codcx
1642 5554 1762 5606 Vat.
1794 5554 1886 5609 Gr.
1921 5557 2125 5622 pertin-

563 5616 660 5692 git.
704 5616 1083 5692 Verbagpauiza
1125 5623 1330 5690 reliqua
1367 5621 1551 5676 Graeca
1588 5625 1791 5692 sumpsi
1830 5641 1895 5678 ex
1924 5616 2128 5678 'Aucta-

564 5687 646 5741 rio
691 5687 1339 5762 novissimoCombctisii
1367 5709 1419 5760 p.
1449 5693 1572 5754 400,
1622 5687 1726 5762 (ιυῖ
1755 5695 2121 5762 narrationem

566 5757 892 5831 reversiouis
919 5760 1272 5828 reliquiarum
1314 5757 1378 5814 Sf
1404 5778 1492 5831 ap.
1534 5757 1911 5817 Bariholomaei
1945 5760 2037 5817 Gr.
2071 5776 2123 5818 et

574 5826 909 5902 λεπυρώδη,
959 5826 1268 5900 cxéerptam
1306 5826 1455 5885 olitu'
1482 5849 1510 5885 a
1544 5834 1724 5888 nescio
1769 5850 1876 5902 quo
1921 5851 1982 5888 ex
2023 5837 2121 5889 hac

573 5897 797 5952 Studitze
846 5902 1016 5955 nostri
1057 5897 1339 5969 oratione,
1394 5903 1486 5958 scd
1527 5919 1621 5973 pro
1673 5897 1826 5959 libito
1879 5906 2120 5970 interpo-

632 5230 654 5258 ι’
677 5219 818 5277 Men.
856 5223 950 5278 Gr.
971 5239 974 5244 '
992 5226 1294 5296 ’Δμυλ).αν.

2229 5347 2416 5401 latam.

2296 5418 2410 5488 (45)
2448 5417 2581 5482 Qua:
2611 5427 2937 5486 sequuntur,
2968 5416 3253 5472 deﬁciente
3277 5417 3388 5486 jam
3424 5426 3572 5472 textu
3605 5417 3802 5474 Graeco

2226 5490 2294 5542 ob
2326 5489 2532 5543 codicis
2566 5489 3057 5556 imperfectionem,
3089 5489 3478 5557 prosequimur
3500 5504 3624 5542 cum
3649 5488 3799 5543 Ana-

2227 5559 2380 5612 stasii
2429 5569 2707 5626 utcunque
2755 5559 3000 5626 impolita
3036 5573 3100 5611 ac
3151 5559 3520 5612 semibarbars
3557 5564 3797 5612 transla-

2229 5630 2404 5688 tione.
2464 5629 2661 5684 collato
2713 5639 2892 5683 tamen
2949 5638 3004 5684 et.
3060 5626 3335 5682 interdum
3387 5628 3564 5684 ascito
3610 5629 3798 5685 codice

2227 5698 2346 5753 Lat.
2385 5697 2504 5752 Vat.

2300 5769 2409 5841 (ιβ)
2455 5769 2528 5841 Ex
2559 5768 2744 5824 Graeco
2775 5773 2929 5840 χαῖρε
2969 5778 3022 5824 ct
3067 5767 3300 5841 χαίροις,
3345 5776 3405 5824 ut
3432 5767 3523 5824 diu
3569 5767 3796 5841 ingemi~

2229 5851 2320 5896 nat
2347 5840 2661 5896 Theodorus
2692 5838 2853 5896 etiam
2889 5841 2940 5895 in
2970 5838 3213 5896 oratione
3235 5838 3293 5894 6.
