3926 6496
148 465 240 531 801

882 459 1160 522 ORATIO
1210 459 1284 519 Χ.
1350 483 1420 493 -
1453 456 1536 520 ΙΝ
1595 457 1655 517 S.
1689 453 2334 517 BARTIIOLOMEUM
2374 454 2630 515 APOST.

3301 455 3409 516 80?

149 583 586 657 τρισμακάριστε
615 580 992 653 Βαρθολομαῖε
1013 596 1028 610 ·
1059 579 1303 649 χαίροις,
1338 576 1401 630 τὸ
1421 574 1730 629 θεοείκελον

1865 572 1953 628 Sed
1979 587 2097 638 ave,
2129 587 2162 626 o
2189 573 2343 627 beate
2365 572 2668 635 beatorum,
2700 578 2779 624 tcr
2810 570 2961 626 beate
2992 570 3407 628 Bartholomaee.

155 678 380 750 μίμημα
399 673 496 729 τοῦ
520 670 690 728 καλοῦ
718 669 1061 726 διδασκάλου.
1081 668 1330 739 Χαίροις,
1358 666 1418 719 τὸ
1436 664 1733 736 θεοφεγγὲς

149 771 432 840 ἀγλάϊσμα
456 769 556 835 τῆς
591 764 799 835 σεπτῆς
837 760 1167 832 Ἐκκλησίας
1200 776 1213 786 ·
1239 759 1469 830 χαίροις,
1535 759 1595 811 τὸ
1644 757 1733 810 εὑ-

151 861 454 931 ηχέστατον
501 855 739 926 ὄργανον
797 855 899 923 τῆς
926 850 1022 906 τοῦ
1060 850 1377 919 Πνεύματος
1427 847 1732 919 μελῳδίας·

151 947 483 1022 χαίροις,’τδ
514 945 837 1016 πολύχωρον
866 943 962 997 καὶ
994 940 1385 1014 γλυκύκαρπον
1413 940 1600 1011 κλῆμα
1640 940 1737 1009 τῆς

153 1042 247 1095 τοῦ
281 1038 530 1112 Χριστοῦ
563 1038 788 1108 ζωηρᾶς
811 1052 871 1088 τε
905 1033 1002 1088 καὶ
1029 1034 1525 1104 πατρογεωργὴτου
1554 1030 1737 1099 ἀμπέ-

153 1130 273 1186 λου·
292 1131 537 1202 χαίροις,
563 1130 591 1180 6
616 1125 913 1198 ἀξιόχρεως
942 1125 1197 1197 θεράπων
1219 1125 1311 1177 τοῦ
1337 1123 1606 1176 Δεσπότου
1629 1121 1738 1174 τῶν

156 1223 435 1278 ἁπάντων·
471 1221 708 1292 χαίροις,
752 1221 780 1273 6
813 1218 1170 1288 ἀξιοπόθητος
1196 1216 1351 1286 φίλος
1380 1215 1475 1269 τοῦ
1507 1217 1741 1285 ἐπουρα-

159 1318 272 1370 νίου
299 1313 568 1386 νυμφίου·
611 1314 844 1383 χαίροις,
881 1313 907 1365 6
938 1310 1288 1382 σοφόρειθρος
1317 1309 1412 1363 καὶ
1444 1302 1743 1379 πολύαρδος

161 1405 406 1476 ποταμὸς
424 1405 519 1458 τοῦ
536 1403 727 1472 νοητοῦ
744 1402 1091 1473 παραδείσου·
1114 1400 1346 1471 χαίροις,
1365 1404 1394 1451 6
1409 1399 1744 1472 ὲμπειροθή-

165 1516 326 1570 ρατος
351 1498 539 1562 ἁλιεὺς
561 1496 671 1550 τῶν
693 1494 926 1564 λογικῶν
949 1493 1168 1564 ἰχθύων·
1193 1493 1426 1564 χαίροις,
1447 1494 1476 1546 6
1494 1490 1747 1546 θεοδύνα-

167 1605 262 1656 μος
303 1603 445 1656 τραυ
456 1587 725 1657 ματιστὴς
748 1584 843 1638 τοῦ
864 1584 1260 1658 λῃστεύσαντος
1281 1585 1373 1637 τὸν
1406 1585 1608 1652 κόσμον
1633 1583 1746 1637 δια-

165 1678 341 1732 ϐόλου·
358 1677 593 1748 χαίροις.
613 1679 642 1730 6
663 1675 1042 1746 εὖτεχνότατος
1062 1676 1247 1746 ῥήτωρ
1262 1675 1360 1746 τῆς
1379 1673 1639 1744 ἀληθινῆς
1664 1691 1749 1727 σο-

168 1769 317 1837 φίας·
337 1769 575 1839 χαίροις,
597 1767 626 1820 6
647 1766 959 1836 πολυφανὴς
983 1767 1077 1820 καὶ
1105 1764 1455 1837 κοσμοφανὴς
1477 1765 1750 1837 ἑωσφόρος

165 1858 264 1928 τῆς
286 1857 594 1926 θεολογίας·
617 1856 849 1927 χαίροις,
871 1858 899 1909 6
919 1855 1182 1923 θεοφανὴς
1210 1857 1301 1909 καὶ
1320 1875 1390 1910 πυ
1399 1856 1608 1927 ροειδὴς
1625 1855 1753 1909 στύ-

1838 667 1970 730 Ave,
1996 666 2088 736 qui
2115 681 2174 720 es
2203 665 2293 720 Dei
2324 675 2534 718 amator
2563 671 2618 718 et
2645 663 2887 718 imitator
2906 664 3034 719 boni
3064 666 3273 720 scilicet
3293 681 3408 722 ma-

1835 756 2010 824 gistri.
2030 756 2161 820 Ave,
2199 756 2292 825 qui
2315 770 2375 809 es
2399 755 2596 809 divinae
2624 754 2764 809 lucis
2786 755 3043 824 splendor
3074 765 3277 811 sanctae
3307 757 3410 809 Ec-

1839 849 2037 904 clesiae.
2067 850 2178 902 Ave
2207 849 2300 917 qui
2333 862 2391 901 es
2428 847 2566 902 bene
2592 863 2797 901 sonans
2840 861 3104 917 organum
3151 847 3412 916 spiritalis

1838 941 2106 996 melodiaz.
2126 940 2256 1003 Ave,
2279 938 2573 995 artificiose
2592 940 2780 994 rhetor
2800 954 2940 994 verae
2958 939 3259 1008 sapientiae.
3277 939 3411 1003 Ave,

1841 1031 1936 1099 qui
1961 1045 2022 1086 es
2060 1029 2246 1100 peritae
2277 1039 2521 1100 captura:
2549 1030 2788 1098 piscator
2843 1029 3242 1083 rationabilium
3296 1030 3414 1100 pis-

1841 1124 2010 1179 cium.
2043 1123 2176 1189 Ave,
2202 1121 2295 1191 qui
2333 1137 2393 1175 es
2416 1121 2569 1175 multi
2598 1121 2752 1175 chori
2779 1131 2832 1176 et
2861 1121 3036 1177 dulcis
3067 1120 3276 1177 fructus
3298 1124 3414 1192 pal-

1843 1229 1978 1278 mes,
2013 1213 2216 1269 Christi
2261 1212 2452 1267 vividm
2486 1221 2541 1267 et
2576 1221 2814 1282 paternae
2842 1211 3069 1266 culturae
3092 1212 3239 1268 vitis.
3282 1213 3416 1277 Ave,

1843 1305 1991 1375 digni
2026 1304 2204 1360 meriti
2235 1305 2433 1358 famule
2464 1304 2680 1359 Domini
2710 1303 3113 1361 universorum.
3137 1305 3270 1370 Ave,
3302 1320 3417 1363 me-

1846 1398 1950 1453 rito
1979 1396 2353 1452 desiderabilis
2383 1396 2557 1450 amice
2586 1395 2994 1464 supercmlestis
3043 1395 3250 1464 sponsi.
3283 1395 3417 1459 Ave,

1847 1489 2024 1560 quies
2054 1490 2333 1560 sapientiae
2379 1488 2598 1543 ﬂuentis
2647 1498 2701 1543 et
2749 1487 3065 1557 multiplicis
3103 1487 3420 1558 potationis,

1848 1597 1912 1636 ac
1941 1581 2124 1637 lumen
2164 1581 2427 1651 spirilalis
2457 1580 2717 1650 paradisi.
2749 1580 2884 1644 Ave,
2914 1580 3006 1648 qui
3033 1596 3092 1635 es
3117 1580 3301 1634 divina
3322 1579 3423 1633 vir-

1851 1680 1969 1727 tute
2022 1673 2338 1727 vulnerator
2382 1671 2617 1740 diaboli,
2675 1672 2939 1725 mundum
2991 1687 3096 1726 suo
3138 1672 3425 1727 latrocinio

1852 1763 2209 1819 vulneranlis.
2262 1764 2398 1828 Ave,
2434 1763 2526 1832 qui
2556 1763 2930 1833 multipliciter
2960 1779 3189 1833 appares
3223 1765 3427 1819 mundo

1855 1855 2073 1910 Lucifer
2093 1853 2181 1909 Dei
2205 1855 2555 1925 cognitionis.
2584 1853 2837 1909 Gaudeas
2866 1854 3130 1909 divinitus
3157 1855 3426 1910 illustrata

166 1949 253 2013 λος
284 1947 390 2016 τῆς
422 1947 756 2018 όρθοδοξίας·
790 1946 1024 2018 χαίροις,
1058 1949 1085 1999 6
1119 1946 1178 2010 ἐξ
1208 1947 1485 2002 ἀνατολῶν
1520 1949 1614 2001 ἐπὶ
1654 1948 1743 2001 δυο

1865 1955 1904 2000 :t
1931 1947 2084 2016 ignea
2117 1945 2370 2001 columna
2430 1945 2790 1999 orthodoxiae.
2843 1943 3226 2009 Gaudeas,sol
3279 1947 3429 2000 orbis

170 2039 316 2109 σμὰς
350 2035 815 2099 θαλαττοδαδίσας
840 2034 1158 2108 παραδόξως
1176 2052 1190 2066 ο
1217 2036 1448 2107 χαίροις,
1479 2039 1743 2106 παμφαὲ-

168 2146 332 2183 στατε
364 2128 489 2199 ἥλιε
516 2128 615 2198 τῆς
667 2125 989 2197 οἰκουμένης
1013 2144 1028 2158 ·
1087 2127 1320 2200 χαίροις,
1373 2127 1746 2197 πολύγλωττον

169 2220 348 2291 στόμα
377 2219 481 2288 τῆς
515 2217 801 2287 θεοσοφίας
846 2235 860 2250 ·
916 2219 1151 2289 χαίροις,
1203 2219 1563 2290 άενναόσρυτε
1603 2220 1752 2290 πηγὴ

166 2310 275 2363 τῶν
302 2310 578 2379 ἰαμάτων·
606 2309 845 2380 χαίροις,
878 2307 1118 2378 διωκτὴρ
1140 2307 1482 2380 φοϐερώτατε
1505 2310 1611 2363 τῶν
1640 2311 1754 2365 δαι-

171 2403 354 2471 μόνων
374 2416 388 2430 ·
427 2399 664 2471 χαίροις,
694 2399 793 2470 τῆς
809 2399 1102 2470 Ἀρμένιας
1118 2400 1178 2452 τὸ
1199 2383 1534 2456 πολύευκτοῖθ
1561 2403 1756 2471 ἐγκαλ-

169 2492 437 2562 ὶώπισμα
462 2505 476 2520 ·
516 2491 748 2561 χαίροις,
781 2491 879 2562 τῆς
914 2491 1206 2562 Λιπάρεως
1248 2494 1309 2545 τὸ
1367 2494 1750 2548 ἀσπασίαστον

173 2583 270 2637 καὶ
302 2579 824 2652 πολυπροσκύνητον
849 2580 1092 2652 αὔχημα·
1117 2582 1348 2653 χαίροις,
1385 2586 1412 2638 6
1436 2585 1533 2655 τὴν
1561 2584 1758 2639 θάλασυ

174 2692 275 2728 σαν
305 2672 659 2740 καθαγιάσας
689 2675 808 2736 ταῖς
835 2677 1186 2742 πορε·...τικαῖς
1215 2675 1546 2744 μεταϐάσεσι
1568 2692 1581 2706 ·
1634 2677 1758 2748 χαί-

180 2783 317 2836 ροις,
339 2767 370 2820 6
389 2766 493 2834 τὴν
518 2763 624 2834 γῆν
652 2763 1169 2835 καταπορφυρώσας
1197 2768 1263 2836 τῇ
1296 2768 1618 2838 ὲρυθρότητι
1652 2768 1759 2820 τῶν

177 2855 470 2923 παναγίων
487 2854 733 2924 αἱμάτων
767 2869 858 2906 σου
885 2870 898 2884 ·
934 2853 1175 2926 χαίροις,
1208 2856 1236 2905 6
1273 2857 1364 2908 τὸν
1394 2857 1533 2927 ἀέρα
1567 2867 1761 2910 κατευν
1808 2847 1809 2850 “

178 2947 423 3008 ωδιάσας
457 2945 580 3007 ταῖς
642 2942 1051 3014 ίεροπνεύστοις
1103 2943 1570 3016 θεορρημοσύναις
1627 2962 1757 2998 σου·

181 3035 418 3106 χαίροις,
446 3037 476 3087 6
503 3035 584 3097 είς
608 3034 1169 3105 οὐρανοὺςφοιτήσας,
1202 3035 1293 3087 καὶ
1321 3035 1416 3088 τοῦ
1441 3037 1761 3114 ὁμοστόίχου

183 3125 374 3179 θιάσου
411 3125 706 3196 μεσόχορος
735 3123 1034 3196 ὲκλάμπων
1063 3125 1120 3176 ὲν
1142 3124 1422 3197 ἁπροσίτῳ
1442 3125 1599 3198 δόξης
1621 3127 1762 3199 λαμ-

188 3216 446 3286 πρότητι,
473 3218 532 3269 ὲν
558 3215 940 3284 ἀγαλλιάσεως
981 3215 1264 3287 άκορέστῳ
1295 3216 1557 3292 θυμηδίᾳ.
1600 3221 1766 3274 Αὐτό-

1864 2047 2038 2101 terrae,
2079 2039 2172 2107 qui
2223 2045 2420 2091 cuncta
2471 2035 2764 2090 illuminas.
2806 2032 3075 2100 Gaudeas,
3103 2050 3166 2089 os
3194 2033 3288 2090 Dei
3338 2050 3430 2092 sa-

1860 2128 2095 2199 pientiae,
2153 2127 2393 2195 linguam
2460 2126 2668 2181 habens
2741 2124 3292 2195 ignitam.Gaudeas,
3337 2128 3430 2198 ju-

1859 2222 1993 2292 giter
2017 2235 2277 2275 emanans
2313 2219 2433 2274 fons
2455 2219 2774 2273 sanitatum.
2816 2216 3090 2285 Gaudeas,
3111 2219 3420 2274 daemonum

1862 2307 2118 2363 terribilis
2155 2308 2446 2364 insecutor.
2479 2307 2729 2363 Gaudeas
2765 2348 2780 2374 ,
2818 2308 2931 2376 qui.
2966 2323 3024 2362 es
3053 2308 3430 2378 multipliciter

1861 2401 2116 2470 optabilis
2173 2400 2489 2454 formositas
2545 2399 2836 2453 Armeniae.
2906 2399 3179 2466 Gaudeas,
3212 2403 3305 2467 qui
3365 2402 3434 2455 ab

1861 2491 2069 2546 oriente
2103 2490 2168 2545 ad
2200 2490 2536 2545 occidentem
2570 2506 2664 2559 per
2689 2506 2836 2545 mare
2861 2490 3097 2559 gloriose
3118 2491 3431 2547 ambulasti.

1865 2580 2141 2648 Gaudeas,
2176 2581 2268 2652 qui
2300 2598 2360 2637 es
2393 2581 2654 2651 Lipareos
2684 2583 2985 2637 Salutabilis
3030 2594 3084 2636 et
3107 2582 3436 2637 multimodis

1865 2676 2158 2730 adorabilis
2181 2675 2450 2744 gloriatio.
2485 2675 2754 2741 Gaudeas,
2776 2675 2869 2744 qui
2899 2691 3047 2730 mare
3081 2675 3436 2731 sanctiﬁcasti

1868 2767 2192 2821 meabilibus
2229 2767 2530 2838 gressibus.
2567 2767 2837 2832 Gaudeas,
2867 2767 2960 2836 qui
2993 2777 3194 2820 terram
3235 2782 3437 2835 purpu-

1869 2870 2016 2908 ream
2055 2853 2229 2909 fecisti
2264 2855 2461 2910 rubore
2493 2856 2920 2910 castissimorum
2954 2869 3279 2922 sanguruunt
3315 2861 3437 2906 tuo-

1867 2957 2012 2997 rum.
2033 2942 2309 3009 Gaudeas,
2336 2945 2428 3014 qui
2459 2959 2636 2999 aerem
2664 2944 2950 2999 suavitatis
2973 2944 3235 2999 odoribus
3268 2945 3441 3014 reple~

1871 3036 1980 3100 sti,
2038 3036 2210 3091 sacris
2274 3034 2662 3105 spiraminibus
2725 3035 3036 3090 divinorum
3097 3035 3438 3106 eloquiorum

1876 3134 2115 3180 tuorum.
2167 3125 2442 3194 Gaudeas,
2493 3126 2584 3195 qui
2641 3126 2708 3181 ad
2763 3127 2959 3182 omium
3011 3129 3354 3192 commeasti,
3388 3141 3441 3183 et

1872 3216 2083 3271 medius
2107 3215 2159 3270 in
2194 3215 2362 3271 choro
2390 3216 2586 3271 divinae
2607 3217 2740 3273 aciei
2773 3227 2878 3272 tua:
2908 3217 3143 3288 refulges
3173 3221 3224 3272 in
3256 3221 3443 3289 gloriae

187 3307 278 3360 θεν
307 3307 460 3378 ἡμᾶς
489 3305 1195 3377 ὲποπτεύοιςεὺμενέστατα
1225 3324 1239 3338 ·
1270 3309 1494 3363 αὐτόθεν
1525 3311 1759 3379 εὐλογοῖς

1871 3308 2265 3363 inaccessibilis
2288 3308 2575 3379 splendore
2596 3349 2610 3375 ,
2642 3309 2696 3363 in
2727 3309 3109 3366 exsultationis
3147 3310 3441 3366 insatiabili

187 3399 314 3458 τοὺς
341 3396 406 3448 σὲ
456 3395 899 3468 μακαρίζοντας·
935 3396 1167 3449 αὐτόθεν
1221 3397 1465 3464 δοξάζοις
1525 3401 1650 3464 τοὺς
1707 3401 1766 3453 σὲ

190 3483 614 3553 ἀναμέλποντας
637 3502 651 3514 ·
681 3485 910 3538 αὐτόθεν
939 3488 1182 3556 όμονοοῖς
1203 3488 1304 3559 τὴν
1341 3491 1666 3561 οἰκουμένην
1700 3493 1770 3545 εἰ·

195 3576 535 3645 ρηνεύουσαν
561 3593 575 3608 ·
610 3577 775 3648 ἱερεῖς
803 3578 1154 3652 δικαιοσύνην
1199 3583 1257 3635 ὲν
1283 3583 1526 3653 ὁσιότητι
1580 3584 1763 3653 ἀμπέ-

193 3667 411 3737 χεσθαι,
475 3667 716 3738 βασιλεῖς
776 3671 1144 3742 ἁγαθοεργίαν
1188 3675 1246 3727 ὲν
1288 3674 1572 3746 όρθοδοξίᾳ
1633 3675 1772 3729 κατὰ

197 3760 495 3831 βαρὸάρων
554 3758 907 3824 ὁπλίζεσθαι·
952 3762 1285 3832 μονάζοντας
1343 3765 1621 3819 πολιτείαν
1675 3769 1772 3836 τὴν

199 3853 488 3921 ῑᾱάγγελον
511 3851 892 3923 ἁκαπήλευτον
909 3853 1300 3919 διασώζεσθαι·
1321 3856 1518 3926 ἄνδρας
1535 3859 1772 3926 γυναιξὶ,

197 3948 288 3998 καὶ
314 3945 579 4015 ἔμπαλιν,
629 3945 780 4015 νόμῳ
844 3945 922 4015 τῷ
972 3947 1305 4019 προσήκοντι
1358 3949 1769 4016 φυλάττεσθαι·

199 4040 470 4111 πατράσιν
503 4038 904 4103 υίοτςίδούλοις
947 4035 1259 4107 δεσπόταις,
1314 4042 1572 4111 ἄρχουσιν
1610 4045 1776 4113 ἀρχο-

204 4131 402 4198 μένοις,
422 4129 780 4196 δανείζουσιν,
800 4130 1094 4202 ὀφείλουσι,
1111 4131 1589 4199 συναλλάσσουσιν,
1608 4132 1746 4186 ὼνυυ
1761 4163 1781 4177 ι

207 4222 412 4289 μένοις,
448 4223 580 4274 πᾶσι
616 4222 686 4274 τὰ
718 4225 818 4292 τῆς
849 4223 1064 4286 εὐνοίας
1125 4223 1403 4277 ὲπιλεύσει
1456 4221 1641 4298 τελὲίᾳ
1683 4225 1775 4279 τοῦ

206 4312 409 4376 κοινοῦ,
448 4315 542 4365 καὶ
572 4313 1075 4383 εὐαρεστήσειΘεοῦ
1093 4315 1420 4384 ὀφειλόμενα
1446 4317 1779 4386 πρυτανευό-

211 4421 401 4474 μενος·
442 4406 538 4458 καὶ
567 4405 753 4475 μέντοι
791 4405 902 4458 τῶν
965 4408 1246 4477 τροφίμων
1274 4419 1302 4446 τι
1353 4409 1453 4477 τῆς
1507 4408 1782 4462 καλλωπι-

210 4497 446 4568 ζομένης
473 4497 789 4566 Λιπάρεως,
849 4496 943 4551 τοῦ
1004 4499 1265 4568 ποιμένος
1290 4516 1351 4551 τε
1399 4499 1493 4552 καὶ
1543 4500 1637 4552 τοῦ
1677 4517 1785 4553 ποιι

214 4592 390 4657 μνίου,
431 4589 525 4642 τοῦ
557 4590 943 4655 ἐπικτίσαντός
978 4608 1072 4644 σου
1097 4591 1158 4644 τὸ
1215 4592 1357 4662 ἱερὸν
1388 4593 1634 4662 τέμενος,
1690 4596 1785 4648 καὶ

209 4681 298 4735 τοῦ
331 4682 676 4752 ὑμνήσαντός
706 4699 766 4735 σε
795 4683 884 4736 διὰ
911 4681 1159 4754 βραχέως
1205 4685 1345 4753 ἄγαν
1378 4702 1393 4718 ·
1457 4688 1514 4738 ἐν
1561 4687 1780 4758 Χριστῷ

223 4772 394 4844 Ἰησοῦ
425 4772 503 4825 τῶ
527 4773 716 4842 Κυρίῳ
747 4774 923 4842 ἡμῶν,
951 4769 996 4842 ᾧ
1027 4776 1230 4846 πρέπει
1258 4778 1409 4830 πᾶσα
1435 4777 1584 4840 δόξα,
1624 4779 1778 4848 τιμὴ,

212 4866 301 4916 καὶ
322 4863 722 4934 προσκύνησις,
775 4865 872 4918 σὺν
899 4864 977 4933 τῷ
1000 4866 1401 4935 παντοκράτορι
1460 4867 1646 4937 Πατρὶ,
1689 4867 1784 4920 καὶ

212 4954 285 5024 τῷ
322 4955 468 5023 ἁγίῳ
496 4956 594 5007 καὶ
633 4953 882 5024 ζωοποιῷ
911 4945 1215 5025 Πνεύματιέ
1274 4954 1370 5008 νῦν
1422 4958 1513 5010 καὶ
1553 4958 1640 5010 ἀεὶ
1692 4958 1785 5011 καὶ

215 5050 292 5109 εἰς
320 5047 450 5108 τοὺς
473 5045 696 5108 αἰῶνας.
737 5045 934 5118 Ἀμήν.

1864 3400 2227 3468 jucunditate.
2252 3399 2402 3454 Illinc
2420 3416 2522 3456 nos
2544 3401 2939 3472 benignissime
2970 3403 3235 3457 intuearis
3259 3420 3272 3457 :
3293 3403 3443 3458 illinc

1872 3491 2160 3547 benedicas
2188 3501 2239 3546 te
2275 3493 2707 3562 gloriﬁcantibus
2745 3511 2758 3548 :
2793 3493 2942 3548 illinc
2974 3493 3248 3550 beatiﬁccs
3275 3505 3326 3551 te
3354 3511 3445 3551 ca—

1873 3593 2063 3639 nentes
2089 3601 2103 3638 :
2130 3585 2280 3640 illinc
2308 3586 2607 3641 concordes
2631 3585 2817 3640 orbem
2854 3598 3010 3642 terrae
3035 3596 3306 3656 pacatum.
3339 3588 3443 3642 Sa-

1872 3676 2123 3732 cerdotes
2174 3677 2382 3744 justitia
2441 3679 2496 3732 in
2555 3679 2846 3732 sanetitate
2898 3680 3246 3733 induantur:
3293 3695 3447 3749 reges

1874 3767 2034 3821 bonis
2063 3769 2318 3833 cperibus
2366 3769 2417 3820 in
2460 3767 2788 3821 orthodoxia
2838 3779 3028 3823 contra
3061 3768 3331 3824 Barbaros
3361 3785 3444 3823 ar-

1877 3868 2095 3912 mentur
2127 3875 2140 3912 :
2188 3860 2544 3914 monasticam
2578 3861 2744 3914 vitam
2776 3867 3046 3923 tenentes,
3075 3861 3446 3915 conversatio-

1879 3967 2000 4006 nem
2028 3953 2288 4020 aaqualem
2323 3953 2640 4019 angelorum
2670 3968 2734 4008 ac
2764 3953 2884 4008 sine
2923 3951 3047 4006 dolo
3088 3953 3395 4007 custodiant
3431 3971 3446 4008 :

1877 4043 1977 4096 viri
2016 4044 2356 4109 mulieribus,
2387 4051 2441 4097 et
2476 4059 2691 4097 rursum
2726 4044 2979 4098 mulieres
3008 4044 3139 4098 viris
3164 4083 3179 4105 ,
3231 4059 3450 4111 compe-

1882 4143 2080 4189 tenteut
2110 4134 2277 4204 legem
2316 4147 2664 4188 conservent.
2708 4134 2894 4188 Patres
2929 4150 3050 4186 cum
3088 4133 3233 4200 ﬁliis,
3265 4134 3450 4202 praela-

1879 4235 1966 4280 tos
2015 4241 2139 4280 cum
2196 4225 2458 4288 subditis,
2511 4226 2764 4279 dominos
2795 4240 2918 4279 cum
2957 4225 3160 4292 servis,
3203 4235 3450 4280 mutuum

1882 4318 2078 4372 dantes
2100 4333 2225 4372 cum
2257 4317 2614 4379 debitoribus,
2647 4317 3019 4370 venundantes
3048 4332 3167 4369 cum
3190 4317 3455 4385 emptori-

1886 4409 1989 4463 bus
2017 4426 2030 4462 :
2060 4419 2358 4476 caateraque
2389 4409 2572 4461 omnia
2605 4408 2992 4462 benevolentia:
3023 4418 3129 4462 tua:
3159 4408 3351 4462 affectu
3384 4411 3450 4462 ad

1887 4500 2171 4554 utilitatem
2205 4498 2516 4568 reipublicae
2534 4508 2753 4569 protege
2780 4517 2794 4566 ;
2815 4509 2867 4553 et
2895 4508 3086 4553 cuncta
3111 4515 3232 4568 quae
3251 4515 3449 4554 secun-

1888 4592 2018 4645 dum
2048 4591 2448 4661 beneplacitum
2488 4591 2580 4646 Dei
2603 4591 2761 4662 dirigi
2792 4592 3008 4654 debent,
3029 4593 3330 4660 patrocinio
3363 4600 3452 4646 tuo

1888 4685 2152 4751 defende;
2179 4698 2230 4739 et
2257 4685 2526 4754 praecipue
2564 4685 2815 4739 alumnos
2845 4685 3115 4740 decorata:
3147 4684 3408 4753 Lipareos
3434 4700 3450 4737 τ

1888 4771 2158 4844 pastorem
2190 4790 2407 4844 quoque
2438 4790 2502 4828 ac
2532 4789 2745 4844 gregem
2777 4775 2869 4844 qui
2896 4775 3201 4829 construxit
3237 4789 3455 4829 sacrum

1892 4868 2150 4937 teinplum
2184 4878 2333 4922 tuum
2373 4885 2385 4920 :
2424 4876 2479 4920 et
2524 4881 2646 4919 cum
2684 4868 2778 4935 qui
2814 4877 2865 4920 te
2888 4907 2902 4932 ,
2936 4867 3062 4920 licet
3100 4865 3358 4927 breviter.
3392 4881 3457 4920 ex

1894 4974 1952 5015 se
1970 4961 2192 5014 laudare
2210 4959 2487 5030 praesumit
2509 4975 2521 5022 ;
2541 4960 2593 5011 in
2615 4957 2833 5012 Christo
2853 4957 2974 5012 Jesu
2996 4957 3226 5012 Domino
3248 4965 3457 5023 nostro,

1894 5065 2052 5119 quem
2086 5049 2241 5104 decet
2273 5050 2452 5103 omnis
2479 5049 2651 5119 gloria
2672 5087 2685 5110 ,
2737 5048 2916 5103 honor
2945 5059 2997 5102 ct
3032 5048 3296 5114 adoratio,
3334 5063 3456 5102 cum

217 5142 593 5211 omnipotente
639 5140 830 5207 Patre,
878 5157 941 5198 ac
1000 5143 1350 5199 sanctissimo
1399 5154 1453 5198 et
1506 5144 1720 5198 viviﬁco
1771 5143 1996 5213 Spiritu,
2065 5160 2211 5199 nunc
2262 5155 2316 5199 et
2373 5158 2586 5211 semper
2639 5152 2694 5196 et
2742 5143 2794 5195 in
2846 5143 3041 5197 sarcula
3085 5143 3428 5197 saeculorum.

218 5234 385 5290 Amen
419 5234 561 5302 (47).

1485 5395 1716 5450 νΑιιιτΕ
1782 5394 2179 5451 LECTIONES.

290 5506 316 5533 υ
347 5494 476 5549 cod.
505 5491 598 5546 τὸν
633 5508 953 5564 προφημον.

294 5671 407 5742 (47)
444 5667 638 5742 Pergit
667 5667 861 5742 deinde
889 5665 1216 5742 Anastasius
1255 5665 1334 5742 sic
1367 5663 1543 5742 gﬂwc
1568 5666 1798 5742 de_beati
1910 5667 2037 5742 cuit.
2083 5664 2280 5742 Postea
2306 5665 2374 5719 de
2403 5679 2542 5735 penu
2594 5678 2693 5719 suo
2744 5661 3023 5742 subiungit
3055 5663 3196 5718 idem
3235 5661 3468 5742 Anasta-

231 5736 612 5796 Baﬁrth'oluma’zi
659 5737 908 5790 laudibus
961 5736 1175 5805 ejusque
1227 5736 1544 5789 mirabiliter
1585 5737 1797 5790 advecto

230 5816 279 5864 in
311 5809 556 5878 Liparim
589 5823 822 5876 corpore,
854 5806 1152 5878 Theodorus
1194 5805 1339 5878 fama
1369 5806 1694 5878 sanctitatis,
1737 5823 1797 5878 ac

233 5875 518 5935 sacerdotii
562 5878 823 5943 diqnitate
876 5877 1208 5945 conspicuus,
1250 5875 1357 5944 ﬁdo
1408 5875 1579 5929 relatu
1629 5877 1797 5943 expli-

1908 5736 2026 5790 sius
2079 5733 2445 5789 narrationem
2488 5735 2904 5788 transvectionis
2941 5735 3158 5786 illarum
3209 5733 3468 5797 reliquia-

1909 5821 2028 5859 rum
2063 5806 2114 5858 in
2148 5806 2334 5859 urbem
2371 5804 2733 5860 Beneventum
2768 5820 2911 5858 anno
2948 5804 3160 5858 Domini
3198 5800 3466 5857 DCGGIX.
