3926 6428
538 386 645 451 803

1276 491 1377 548 XI.

538 590 727 646 Sancti
761 589 943 643 Patris
974 591 1163 655 nostri,
1199 600 1249 644 et
1279 588 1597 660 confessoris
1632 587 1892 660 Theodori
1940 586 2126 660 Studi-

602 670 780 714 tarum
809 661 1018 713 abbatis
1072 662 1263 715 Oratio
1294 657 1540 730 funebris
1593 660 1646 713 in
1695 659 1969 714 Platonem
2009 657 2126 726 ejus

603 740 812 801 patrem
835 730 1195 800 spiritualem.

1739 382 1801 441 S.
1834 378 2038 441 THEO
2050 378 2238 439 DORI
2272 378 2621 440 STUDIT/E

3715 381 3821 445 804

2958 489 3057 545 IA'.

2236 586 2346 640 Τοῦ
2370 586 2545 640 ὁσίου
2569 583 2801 652 Πατρός
2826 583 2997 707 οιέρῶν
3019 585 3119 639 καί
3163 584 3575 664 Ὀμολογητοῦ
3600 585 3821 640 Θεοδώ-

2305 672 2415 707 οου
2443 653 2836 707 ιἰγουαένουτ
2890 672 2927 707 ν
2961 654 3295 707 Στουδιτων
3335 655 3688 707 Ἐπιτάφιος
3732 659 3821 707 sic

2298 672 2415 725 ρου
2443 653 2786 725 ἡγουμένου
2806 653 3295 725 τῶνγΣτουδιτῶν
3335 655 3688 722 Ἐπιτάφιος
3732 659 3823 723 εἰς

2308 724 2605 780 Πλάτωνα
2623 724 2729 779 τὸν
2752 724 2969 780 ἑαυτοῦ
2991 724 3400 794 πνευματικὸν
3420 725 3672 793 πατέρα.

535 878 637 948 (Ex
681 893 785 935 ms.
823 875 1089 933 Vaticano
1114 876 1330 946 signato
1359 874 1517 939 1660,
1554 874 1648 929 lol.
1705 874 1794 940 79,
1840 872 2081 948 .edidere
2135 872 2519 948 BOLLANDIANI,
2572 875 2693 926 Act.
2730 872 2979 927 Saurtor.
3014 871 3184 942 April.
3218 885 3259 929 t.
3293 872 3315 925 l
3359 872 3476 929 Lat.
3497 887 3625 945 pag.
3656 871 3809 937 366;

1829 942 2006 999 Graec.
2034 942 2170 1013 App.
2196 958 2319 1014 pag.
2354 942 2523 1013 ιινι.)

1136 1194 1525 1254 PROLOGUS.

599 1289 649 1342 1.
690 1284 981 1343 Oratorum
1014 1303 1079 1344 ac
1109 1288 1494 1360 Sophistarum
1528 1288 1768 1346 studium
1801 1306 1965 1347 omne
1996 1307 2121 1347 ver-

532 1390 683 1437 satur
713 1380 766 1435 in
807 1395 895 1446 eo,
923 1396 1031 1436 non
1073 1389 1130 1436 ut
1157 1390 1524 1451 assequamur
1553 1383 1864 1452 veritatem,
1898 1384 2028 1439 dum
2060 1400 2122 1439 se

531 1473 595 1529 ad
628 1472 976 1528 scribendum
1006 1469 1293 1526 conferunt
1323 1490 1335 1526 :
1369 1472 1463 1528 sed
1503 1482 1564 1527 ut
1592 1458 1900 1544 eispoliant
1928 1474 2122 1531 dictio-

532 1579 675 1630 nem,
709 1573 763 1619 et
810 1564 1180 1619 narrationem
1227 1562 1433 1618 faciant
1466 1567 1833 1637 augustiorem
1885 1568 2122 1638 acceptis

529 1670 558 1709 e
592 1667 836 1724 poemate
854 1654 1162 1718 versiculis,
1196 1654 1264 1709 ad
1295 1654 1717 1711 oblectationem
1752 1658 2116 1713 audientium-

525 1746 849 1803 Demulceut
900 1748 1047 1802 enim
1120 1762 1216 1803 eos
1260 1748 1554 1803 verborum
1625 1749 2022 1817 concinnitate,
2068 1765 2122 1808 et

527 1841 764 1910 quadam
832 1837 1310 1895 verisimilitudine
1389 1838 1859 1905 circumveniunt;
1926 1856 2117 1911 parum

528 1929 747 1985 solliciti
792 1945 860 1984 ne
894 1929 1025 1999 quid
1062 1929 1259 1985 falsum
1299 1929 1504 1997 dicant,
1544 1940 1727 2002 utpote
1760 1931 1855 2005 qui
1882 1932 2121 1987 aestima-

529 2021 665 2076 tioni
692 2019 960 2075 duntaxat
996 2027 1055 2075 et
1094 2020 1347 2077 humana:
1370 2021 1557 2093 gloriae
1587 2023 1857 2079 serviunt.
1888 2022 1959 2079 At
1988 2038 2118 2080 vero

526 2126 666 2180 quos
718 2118 864 2165 tenet
901 2125 1057 2165 amor
1106 2110 1374 2175 veritatis,
1417 2121 1675 2183 satagunt
1715 2127 1826 2177 res,
1882 2121 1944 2168 ut
1986 2122 2119 2169 acta:

527 2207 676 2265 sunt,
740 2198 970 2255 dicere:
1025 2199 1276 2270 quamvis
1331 2210 1622 2270 propterea
1672 2200 2016 2257 concinnitas
2062 2210 2119 2257 et

525 2289 794 2359 elegantia
845 2289 1118 2345 orationis
1163 2304 1285 2346 esse
1322 2290 1547 2346 deberet
1581 2291 1780 2346 minor.
1809 2288 1945 2345 Nam
1976 2290 2109 2361 quia

528 2383 703 2451 ipsam
750 2381 998 2437 veritatis
1043 2381 1505 2452 pulchritudinem
1565 2383 1859 2451 adamant,
1906 2384 2117 2440 ornatis

2159 1204 2204 1259 Α
2831 1195 3241 1249 ΠΡΟΟΙΜΙΟΝ.

2295 1285 2365 1340 α’.
2404 1286 2658 1357 Ῥήτορσι
2679 1286 2779 1356 μὲν
2805 1287 2904 1340 καὶ
2942 1288 3284 1358 σοφισταῖςὴ
3314 1289 3465 1342 πᾶσα
3500 1290 3816 1361 σπουδὴ,οὐ

2224 1378 2317 1432 τοῦ
2352 1374 2583 1450 ἀληθοῦς
2614 1379 2893 1449 ἐπιτυχεῖν
2926 1378 3209 1433 καθιοῦσιν
3224 1380 3453 1444 ἑαυτοὺς
3478 1382 3572 1434 ἐπὶ
3594 1382 3659 1435 τὸ
3675 1384 3818 1454 γρά-

2225 1485 2373 1537 φειν,
2408 1467 2526 1521 ἀλλ’
2554 1466 2692 1522 ὥστε
2718 1468 3037 1543 λαμπρῦναι
3058 1468 3159 1541 τὴν
3194 1471 3433 1541 φράσων
3475 1472 3567 1526 καὶ
3625 1490 3817 1528 συντε-

2227 1564 2347 1631 μείν
2377 1560 2438 1613 τὸ
2471 1560 2623 1625 ἔπος,
2659 1560 2954 1615 κάντεῦθεν
3003 1564 3209 1635 ἐπᾶραι
3234 1563 3295 1616 τὸ
3347 1564 3616 1636 διήγημα,
3673 1567 3813 1637 πρὸς

2223 1653 2599 1726 γαργαλισμόν
2638 1653 2746 1707 τῶν
2776 1654 3106 1709 ἀκουόντων.
3192 1655 3456 1725 Θέλγουσι
3517 1657 3629 1729 γὰρ
3687 1660 3813 1722 ταῖς

2222 1745 2470 1811 εύεπίαις
2493 1786 2509 1811 ,
2553 1744 2649 1799 καὶ
2673 1744 3128 1816 παραλογίζονται
3153 1749 3272 1811 ταῖς
3298 1747 3676 1818 πιθανότησιν,
3699 1749 3811 1803 ὀλί-

2220 1856 2294 1907 γα
2325 1838 2421 1891 τοῦ
2466 1838 2733 1909 ἀψευδοῦς
2763 1838 3167 1909 φροντίζοντες,
3194 1841 3289 1894 ἆτε
3317 1841 3619 1912 δοξήθηρες
3649 1843 3809 1908 ὄντες

2221 1931 2316 1984 καὶ
2349 1930 2843 2004 ἀνθρωπαρεσκείᾳ
2871 1930 3218 2001 δουλούμενοι
3249 1949 3265 1964 ο
3321 1925 3402 1997 οἷς
3433 1932 3491 1986 δέ
3541 1932 3809 2005 ἀληθείας

2221 2022 2383 2092 ἔρως,
2414 2022 2476 2075 τὸ
2495 2021 2555 2076 δν
2590 2023 2795 2087 εἰπεῖν,
2825 2022 2922 2077 καὶ
2950 2023 3011 2077 τὸ
3032 2021 3233 2094 ἀληθὲς
3268 2023 3635 2094 πρεσϐεῦσαι,
3698 2026 3810 2080 κᾶν

2222 2112 2297 2185 μὴ
2328 2113 2388 2166 τὸ
2409 2113 2687 2185 γλαφυρὸν
2718 2115 2808 2167 καὶ
2838 2114 3105 2186 εὐφραδές
3138 2114 3313 2186 ἔχοιεν
3335 2117 3364 2170 ὁ
3391 2114 3550 2184 λόγος
3569 2132 3584 2147 ο
3601 2108 3807 2189 ’ἐπειδὴ

2220 2204 2327 2276 γὰρ
2371 2206 2603 2270 κάλλους
2656 2205 2919 2277 ἀληθείας
2979 2208 3257 2277 ἐφίενται,
3293 2207 3806 2280 παραπετάσμασιν

2217 2294 2418 2350 ἐοικόσι
2447 2297 2569 2361 ταῖς
2598 2296 2832 2370 φράσεσι
2891 2298 3103 2367 χαίρειν
3136 2298 3390 2367 φαίουσιν
3445 2298 3565 2370 (sic)
3594 2314 3611 2329 '
3633 2361 3641 2369 ι
3663 2300 3806 2371 ὅπερ

2220 2387 2367 2442 ἐστὶν
2382 2388 2572 2459 σοφίας
2582 2388 2681 2459 τῆς
2695 2388 2861 2452 δντως
2879 2388 3107 2460 εὕρεμα.
3126 2388 3283 2443 Οὕτω
3295 2388 3565 2461 δήπουθεν
3577 2391 3759 2460 κάγὼ,
3777 2395 3809 2447 ὁ

528 2473 733 2539 verbis,
789 2482 1050 2545 tanquam
1107 2473 1389 2544 stragulis,
1448 2474 1804 2539 valefaciunt,
1853 2474 1999 2546 quod
2032 2484 2113 2530 est

2222 2476 2426 2548 βραχὺς
2454 2479 2551 2532 καὶ
2583 2477 2658 2548 νῷ
2692 2476 2787 2531 καὶ
2839 2477 2983 2549 λόγῳ
3036 2480 3133 2533 καὶ
3186 2481 3478 2551 πνεύματι,
3532 2481 3629 2535 τὺν
3668 2483 3806 2556 ἐμὸν

527 2577 651 2617 vere
678 2564 963 2633 sapientis.
994 2563 1071 2617 Ad
1106 2564 1251 2617 hunc
1282 2562 1449 2632 igitur
1479 2564 1701 2619 modum
1726 2579 1831 2635 ego
1858 2544 2107 2635 quoque,

2222 2544 2441 2639 ΪῘατέρα
2473 2544 2833 2641 ἐπαινέσομαι
2858 2588 2872 2601 °
2914 2544 3031 2625 οὐκ
3066 2572 3261 2642 ἐκείνῳ
3291 2544 3655 2645 χαριζόμενος
3697 2544 3806 2648 τὴν

529 2654 651 2710 licet
694 2655 933 2726 ingenio,
988 2655 1229 2710 dictione
1257 2665 1310 2709 et
1337 2655 1528 2725 spiritu
1579 2656 1872 2710 admodum
1908 2658 2107 2727 tenuis,

526 2747 741 2802 Patrem
793 2762 974 2801 meum
1025 2746 1261 2800 laudabo
1309 2764 1322 2800 :
1376 2762 1485 2800 non
1516 2756 1696 2801 autem
1727 2747 1855 2816 quia
1895 2762 2106 2817 sperem

527 2839 799 2894 laudando
830 2840 1062 2910 gratiam
1096 2840 1233 2894 inire
1263 2840 1404 2909 apud
1437 2854 1586 2896 eum.
1628 2839 1773 2905 Quae,
1794 2840 1942 2894 enim
1996 2842 2112 2897 haec

529 2931 670 2985 foret
701 2931 877 3002 gratia
912 2939 1177 2985 consueto
1216 2931 1364 2984 nulla
1404 2930 1763 2998 praesentium
1792 2944 1974 2985 rerum
2013 2930 2109 2986 de-

534 3024 745 3089 lectari,
801 3032 857 3077 et
886 3038 1047 3092 super
1074 3022 1351 3076 coelestem
1391 3021 1588 3090 adepto
1634 3021 1920 3091 requiem?
1946 3039 2107 3093 quam

527 3114 776 3183 quisquis
824 3112 1067 3182 possidet
1105 3112 1245 3167 ridet
1286 3112 1611 3182 praesentia,
1659 3113 1805 3167 velut
1836 3113 1974 3167 nihil
2002 3124 2116 3168 sta-

529 3207 670 3271 bile,
732 3206 867 3259 nihil
927 3206 1145 3260 beatum
1206 3206 1580 3271 continentia,
1634 3214 1689 3261 et
1748 3221 1871 3275 quae
1938 3206 2117 3260 instar

528 3298 736 3353 umbra:
778 3306 1126 3366 praetereunt,
1172 3305 1269 3349 aut
1327 3306 1386 3350 ut
1438 3296 1601 3351 ﬂores
1647 3297 1797 3350 verni
1859 3311 2111 3350 corrum-

526 3397 753 3458 puntur.
811 3387 891 3440 Ad
948 3370 1156 3441 limosi
1210 3387 1377 3440 etiam
1442 3387 1493 3440 in
1531 3388 1691 3442 terris
1746 3388 1957 3457 positus
1988 3404 2109 3445 sese

525 3478 896 3533 arbitrabatur
940 3478 1246 3546 indignum,
1299 3479 1392 3548 qui
1434 3480 1513 3533 vel
1550 3480 1601 3533 in
1649 3496 1877 3536 numero
1916 3497 2109 3537 mona-

527 3569 761 3626 chorum
815 3579 1129 3626 censeretur
1166 3570 1336 3641 (quod
1392 3585 1621 3626 suuimae
1651 3571 1772 3640 ejus
1826 3572 2110 3631 modestiae

529 3661 790 3718 indicium
838 3669 893 3715 et
921 3670 1125 3716 sanctae
1180 3661 1376 3716 anima:
1403 3671 1522 3717 erat
1564 3663 1904 3733 praecipuum
1949 3682 2109 3736 argu-

2218 2660 2494 2730 εὐφημίαν
2522 2677 2536 2692 ·
2578 2662 2661 2726 τίς
2684 2662 2794 2734 γάρ
2817 2663 2913 2718 καὶ
2944 2664 3105 2735 χάρις
3136 2663 3213 2735 τῷ
3242 2664 3437 2735 μηδενὶ
3463 2668 3803 2740 τερπομὲνῳ

2216 2750 2325 2805 τῶν
2346 2752 2496 2822 τῇδε,
2511 2752 2613 2825 ’ήδη
2627 2754 2726 2826 τὴν
2750 2755 3122 2825 ὑπερκόσμιον
3139 2754 3356 2825 λαχόντι
3389 2756 3565 2827 λῆξιν,
3597 2755 3668 2831 ἧς
3690 2763 3805 2826 πᾶς

2215 2842 2489 2917 ἐπιτυχὼν
2521 2846 2745 2918 διαγελᾷ
2777 2848 2844 2900 τὰ
2860 2847 3125 2917 παρόντα,
3165 2848 3241 2911 ὠς
3269 2851 3498 2919 μηδενὸς
3526 2853 3807 2921 ἐναύτοίς

2215 2935 2368 3001 ὄντος
2395 2939 2656 3008 στασίμου
2681 2957 2738 2992 τε
2764 2940 2858 2993 καὶ
2888 2941 3188 3013 μακαρίου,
3219 2943 3334 2997 ἀλλ’
3366 2944 3455 2997 ῐσα
3480 2948 3661 3010 σκιαῖς
3687 2963 3802 3003 πα-

2223 3032 2601 3101 ρατρέχοντος,
2632 3032 2727 3084 καὶ
2764 3032 2986 3101 ἄνθεσιν
3014 3037 3222 3107 ἠρινοῖς
3237 3039 3798 3110 ἀπομαραινομένους

2218 3122 2424 3186 Ἄλλως
2450 3140 2532 3189 τε,
2556 3126 2607 3176 εί
2627 3124 2707 3178 ἔτι
2737 3125 2876 3195 ὑπὲρ
2904 3126 3010 3197 γῆν
3030 3127 3126 3193 ὢν,
3150 3129 3367 3194 ἀνάξιον
3392 3129 3586 3182 ἐαυτὸν
3609 3132 3802 3202 ἠγεῖτο

2216 3215 2312 3268 καὶ
2352 3216 2469 3279 τοῖς
2504 3216 2692 3280 ἁπλῶς
2719 3221 3015 3288 μονασταῖς
3044 3218 3631 3293 ’ἐγκα[τα]τάττεσθαι,
3658 3223 3801 3294 ὅπερ

2212 3298 2283 3376 ἦν
2330 3306 2507 3375 ἄκρας
2538 3309 3048 3381 ταπεινοφροσύνης
3072 3310 3294 3381 δεῖγμα,
3328 3314 3424 3365 καὶ
3478 3311 3580 3382 τῆς
3632 3312 3802 3381 ἁγίας

2214 3395 2431 3467 ἐκείνης
2461 3397 2641 3468 ψυχῆς
2671 3399 2999 3472 προτέρημα
3031 3419 3046 3435 ν
3091 3401 3208 3467 πῶς
3235 3403 3302 3456 ἂν
3348 3402 3625 3473 μετελθὼν
3684 3404 3801 3457 τῶν

2215 3486 2448 3554 ἐνθένδε,
2480 3490 2573 3543 καὶ
2600 3491 2658 3544 ἐν
2687 3496 2801 3557 τοῖς
2831 3494 3136 3564 ἀκηράτοις
3172 3495 3486 3565 γενόμενος,
3534 3494 3668 3549 ἔνθα
3698 3514 3797 3549 κε-

2215 3580 2314 3666 νῆς
2342 3580 2500 3653 δόξης
2528 3583 2754 3655 οὐδεμία
2788 3584 2994 3654 ἔφεσις,
3024 3585 3231 3656 ταύτης
3262 3587 3615 3657 ἐκζητήσειεν
3666 3586 3803 3657 παρ’

2307 3671 2332 3683 ..
2576 3676 2600 3687 -
3546 3666 3576 3685 κ

2217 3672 2395 3742 ἡμων,
2427 3673 2514 3727 διὰ
2534 3692 2642 3729 των
2673 3676 2909 3730 ἐπαίνων
2939 3676 3325 3741 ἐπιτεύξασθαι
3350 3696 3366 3745 ;

528 3751 793 3823 mentum)
826 3752 1105 3821 quomodo
1135 3767 1298 3811 nunc.
1340 3762 1629 3823 postquam
1701 3754 1828 3811 hinc
1890 3758 2177 3828 emigravit
2222 3772 2277 3817 et
2327 3764 2760 3835 incorruptibilia
2812 3769 2952 3823 bona
3009 3769 3267 3837 possidet,
3328 3771 3470 3825 inter
3492 3760 3615 3842 qua:
3648 3773 3803 3829 nulla

528 3856 614 3901 est
673 3845 854 3900 inanis
905 3846 1091 3915 gloria:
1132 3848 1467 3915 appetentia,
1522 3849 1670 3902 illam
1727 3864 1825 3918 per
1893 3862 2109 3910 nostras
2148 3856 2335 3913 laudes
2366 3859 2701 3917 desideraret
2732 3865 3041 3935 consequi?

598 3939 653 3994 2.
692 3940 951 3995 Laudabo
977 3956 1106 4012 ergo
1128 3956 1277 4006 eum,
1315 3943 1409 4013 qui
1462 3943 1527 3997 ad
1556 3945 1681 4010 hoc,
1708 3946 1753 4001 si
1789 3947 1914 4016 quis
1945 3949 2109 4015 alius,

2287 3956 2351 4026 β’.
2397 3957 2539 4011 Ἀλλ’
2565 3959 2646 4013 ὅτι
2683 3961 2843 4032 χρέος
2880 3961 3003 4031 ἐμοὶ
3053 3960 3216 4033 εἴπερ
3239 3962 3348 4017 τινὶ
3394 3964 3541 4036 ἄλλῳ
3583 3966 3803 4024 δικαιό-

526 4032 829 4103 iustissime
886 4032 1116 4102 obligor,
1179 4042 1293 4087 tum
1357 4049 1455 4104 pro
1509 4035 1629 4104 ejus
1684 4036 1740 4091 in
1808 4054 1894 4092 me
1922 4029 2113 4097 etlieiis

530 4124 740 4188 multis,
780 4134 891 4177 tum
939 4124 1021 4177 vel
1073 4125 1311 4179 maxime
1344 4141 1443 4195 pro
1490 4127 1609 4195 ipsa
1643 4128 1764 4194 hac,
1798 4131 2114 4199 qualiscun-

528 4233 635 4289 que
683 4227 786 4285 est,
846 4218 1060 4274 dicendi
1118 4218 1399 4286 facultate,
1434 4238 1599 4291 quam
1634 4221 1917 4278 laboribus
1945 4234 1998 4279 et
2031 4225 2114 4277 iu-

529 4309 742 4366 dustria
795 4308 917 4380 ejus
957 4310 1231 4364 excultam
1295 4312 1586 4380 possideo.
1634 4312 1796 4383 eique
1836 4329 1924 4368 me
1968 4314 2117 4369 velut

532 4400 680 4455 Patri
722 4409 1000 4471 acceptam
1043 4399 1249 4455 referre
1289 4412 1527 4471 oportet.
1574 4400 1763 4472 Neque
1807 4412 1985 4457 tamen
2030 4418 2116 4458 me

530 4493 805 4548 existimet
829 4492 1105 4562 quispiam
1147 4493 1199 4546 id
1248 4507 1471 4562 quoque
1510 4503 1781 4562 spectare,
1820 4496 1963 4563 quod
1996 4496 2114 4549 laus

531 4582 677 4634 Patri
705 4580 905 4645 danda,
957 4580 1332 4635 redundatura
1368 4580 1441 4634 sit
1476 4580 1529 4633 in
1565 4580 1757 4647 lilium,
1786 4582 1945 4651 juxta
1980 4582 2110 4637 illud

535 4672 854 4742 Sapientis:
898 4670 1080 4725 Gloria
1123 4672 1350 4725 hominis
1404 4688 1469 4725 ea:
1525 4672 1718 4727 honore
1754 4675 1923 4741 patris
1966 4675 2113 4731 sui‘.

533 4764 661 4821 Seio
718 4764 863 4820 enim
902 4764 1047 4835 quod
1077 4764 1167 4818 cui
1216 4764 1363 4818 domi
1406 4780 1519 4819 suae
1570 4776 1620 4819 et
1659 4780 1689 4819 a
1721 4766 1904 4834 seipso
1941 4766 2111 4834 gloria

534 4857 793 4928 suppetit,
822 4857 869 4912 is
901 4871 932 4911 a
962 4864 1116 4927 patre
1144 4856 1306 4911 etiam
1347 4856 1610 4911 honorem
1649 4856 1948 4927 accipiens,
1981 4874 2110 4913 eva-

533 4952 627 5006 dat
670 4950 959 5019 gloriosior
995 4967 1010 5004 :
1050 4950 1136 5006 sin
1182 4949 1385 5016 minus,
1446 4959 1699 5020 paternas
1748 4951 1937 5006 laudes
1974 4952 2113 5006 nihil

534 5041 795 5112 prodesse
831 5043 902 5109 ei,
939 5043 1030 5111 qui
1060 5058 1157 5113 per
1195 5059 1254 5099 se
1298 5043 1557 5115 inglm-ius
1604 5054 1766 5113 atque
1812 5044 2113 5101 inhonorus

534 5139 638 5191 est,
680 5128 858 5198 qualis
910 5143 1033 5185 esse
1073 5131 1285 5187 videor.
1318 5130 1423 5187 Fas
1470 5144 1650 5187 tamen
1683 5148 1791 5188 non
1823 5144 1909 5189 est
1945 5134 2110 5189 vitam

536 5220 684 5275 illius
712 5235 780 5275 ex
820 5220 1020 5277 virtute
1045 5230 1218 5277 actam
1245 5224 1345 5278 sub
1368 5225 1552 5279 modio
1584 5224 1808 5291 silentii,
1850 5233 2109 5297 tanquam

537 5302 816 5369 lucernam
860 5315 1094 5381 abdere;
1157 5331 1279 5387 quae
1330 5302 1494 5387 supra
1536 5316 1803 5372 rationale
1857 5318 2110 5373 eandela-
2140 5298 2186 5352 ι)

536 5408 693 5464 brum
748 5409 944 5479 posita,
995 5410 1204 5482 fulgere
1246 5412 1425 5479 debet,
1468 5429 1572 5467 non
1604 5414 1697 5467 uni
1735 5413 1981 5479 alterive,
2014 5414 2108 5469 sed

534 5501 794 5557 omnibus
856 5503 1106 5575 (ﬁdenter
1159 5504 1399 5575 loquor)’
1438 5503 1532 5574 qui
1598 5504 1654 5559 in
1713 5502 1956 5560 Ecclesia
2011 5504 2105 5560 Dei

536 5607 681 5653 sunt.
737 5598 918 5664 Quare
958 5613 1083 5653 eum
1126 5600 1238 5669 jam
1293 5597 1726 5666 demonstratum
1768 5598 1871 5664 sit,
1921 5613 2007 5653 me
2039 5599 2105 5655 ad

671 5828 837 5887 Eccli.
870 5847 954 5899 ut,
987 5832 1067 5888 15.

2213 4066 2397 4115 τατον,
2448 4052 2717 4119 ὀφείλοντι
2749 4054 2885 4124 μετά
2921 4053 3031 4107 τῶν
3062 4055 3257 4123 ἄλλων,
3295 4056 3389 4110 καὶ
3437 4058 3581 4130 ὑπὲρ
3627 4061 3801 4117 αὐτοῦ

2213 4140 2310 4194 τοῦ
2343 4142 2492 4207 ὅπως
2521 4140 2634 4210 οὖν,
2673 4145 2767 4199 καὶ
2795 4146 2886 4200 ὑπ’
2929 4146 3151 4202 ’ἐκείνου
3210 4148 3389 4203 πόνων
3413 4166 3472 4203 τε
3529 4151 3625 4205 καὶ
3678 4153 3805 4208 ἐπι-

2220 4236 2450 4305 μελειῶν
2506 4239 2802 4310 προσόντος
2833 4257 2923 4309 μοι
2957 4238 3137 4310 λόγου,
3168 4236 3257 4294 οἶά
3285 4258 3407 4295 τινα
3437 4242 3800 4315 ἀμοιϐὴν,τῷ

2218 4328 2395 4399 Πατρλ⁵
2414 4328 2508 4382 τὸν
2539 4329 2695 4398 λόγον
2713 4330 3005 4401 ἀναθήσειν
3027 4345 3039 4358 ·
3078 4330 3320 4400 καίτοιγε
3336 4332 3570 4386 συννοῶν
3595 4334 3802 4405 ὅτιπερ

2216 4420 2245 4471 ὁ
2274 4421 2540 4493 πατρικὸς
2571 4421 2792 4486 ἔπαινος
2822 4425 2900 4486 είς
2928 4422 3044 4477 υίοῦ
3072 4422 3229 4486 δόξαν
3252 4423 3609 4494 ἀναφέρεται,
3630 4425 3804 4481 κατὰ

2215 4513 2438 4564 εἰπόντα
2475 4512 2669 4581 σοφόν·
2722 4513 2790 4567 Ἠ
2820 4512 2971 4578 δόξα
2995 4513 3311 4582 ἀνθρώπου
3354 4515 3425 4570 ἐκ
3476 4515 3652 4586 τιμῆς
3682 4520 3797 4575 τοῦ

2215 4603 2439 4669 πατρὸς
2477 4588 2685 4668 αὑτοῦ,
2714 4603 2774 4655 ού
2800 4602 2909 4672 μὴν
2937 4602 3027 4656 διὰ
3061 4602 3243 4671 τοῦτο,
3269 4603 3347 4668 ὡς
3374 4606 3441 4660 ἄν
3465 4622 3547 4670 τις
3575 4606 3795 4679 οἰηθείη

2213 4694 2537 4758 ἐπαινέσων,
2571 4692 2728 4757 εἰδὼς
2758 4694 2941 4761 πάλιν,
2979 4693 3053 4759 ὡς
3076 4694 3327 4762 ἕκαστος,
3358 4698 3407 4750 εί
3452 4697 3663 4751 οἴκοθεν
3695 4702 3797 4753 καὶ

2215 4788 2346 4858 παρ’
2376 4786 2573 4840 ἐαυτοῦ
2604 4789 2664 4841 τὸ
2695 4788 2916 4852 εὐκλεὲς
2971 4788 3105 4858 ἔχοι,
3157 4790 3542 4861 εύκλεέστερος
3582 4791 3649 4845 ἂν
3702 4795 3793 4865 εἴη

2216 4878 2310 4929 καὶ
2339 4878 2610 4948 πατρόθεν
2642 4877 2803 4945 δόξαν
2829 4875 3235 4948 ἐρανιζόμενοςο
3272 4879 3323 4931 εἰ
3380 4879 3438 4933 δὲ
3491 4877 3586 4949 μὴ,
3632 4879 3795 4936 οὐδὲν

2214 4968 2458 5038 ὀνίνησιν
2497 4968 2557 5021 τὸ
2590 4970 2856 5041 πατρικὸν
2886 4970 3054 5041 γέρας
3078 4970 3172 5023 τὸν
3198 4968 3369 5041 ἀκλεῆ
3419 4986 3479 5023 τε
3512 4970 3607 5023 καὶ
3656 4969 3794 5039 ἀγέρ

2218 5076 2438 5131 ραστον,
2470 5054 2587 5124 οἷος
2612 5060 2723 5129 ἐγὼ
2751 5060 3034 5132 φαίνομαι.
3075 5061 3218 5115 Ἀλλ’
3237 5062 3320 5116 ὅτι
3348 5062 3445 5134 οὐχ
3475 5063 3641 5127 ὅσιον,
3684 5063 3797 5118 ὑπὸ

2214 5151 2307 5205 τὸν
2335 5152 2437 5222 τῆς
2477 5157 2635 5224 σιγῆς
2660 5154 2843 5225 μόδιον
2881 5155 3075 5217 θεῖναι,
3109 5151 3361 5224 καθάπερ
3423 5153 3546 5207 τινὰ
3590 5152 3794 5224 λύχνον

2216 5244 2503 5311 ἀείφωτον,
2534 5245 2626 5297 τὸν
2655 5244 2909 5316 ἐνάρετον
2934 5245 3162 5309 ἐκείνου,
3188 5243 3302 5298 ἀλλ’
3334 5244 3425 5296 ἐπλ⁵
3445 5245 3542 5316 τὴν
3560 5244 3794 5317 λογικὴν

2218 5334 2439 5405 λυχνίαν
2475 5335 2963 5406 μαρμαρύσσοντα,
2997 5335 3183 5406 θαρρῶ
3215 5334 3415 5404 λέγειν,
3438 5336 3499 5389 οὐ
3529 5334 3609 5405 τῷ
3652 5337 3795 5393 δεῖνι

2219 5429 2311 5480 καὶ
2335 5429 2490 5493 δεῖνι,
2521 5427 2656 5489 ἀλλὰ
2683 5427 2869 5498 σχεδὸν
2885 5429 3060 5481 εἰπεῖν
3088 5428 3341 5491 πᾶσι-τοῖς
3370 5429 3429 5480 ἐν
3446 5430 3513 5499 τῇ
3534 5427 3629 5481 τοῦ
3648 5428 3796 5487 Θεοῦ

2231 5518 2546 5589 Ἐκκλησία.
2603 5518 2758 5572 Ἐπεὶ
2778 5518 2870 5571 οῦν
2904 5517 3185 5587 λυσιτελὴς
3218 5519 3353 5588 ἡμῖν
3389 5518 3481 5571 καὶ
3518 5518 3791 5588 ύπόχρεος

2218 5613 2355 5663 κατὰ
2386 5609 2480 5663 τοῦ
2504 5611 2568 5681 (?)
2594 5611 2805 5683 ἐδείχθη
2841 5612 2868 5665 ὁ
2888 5610 3064 5680 λόγος,
3093 5610 3229 5682 ἔχων
3257 5609 3398 5682 μετά
3424 5608 3659 5681 ἀληθοῦς
3691 5612 3794 5668 καὶ
