3926 6498
157 465 259 528 805

836 454 1117 520 ORATIO
1148 456 1254 516 XI.
1283 479 1350 490 --·
1391 453 1771 514 LAUDATIO
1809 453 1869 512 S.
1911 454 2278 513 PLATONIS
2310 454 2742 516 HEGUMENI.

3309 458 3412 517 806

155 579 214 632 τὸ
255 579 533 648 χρήσιμον
555 572 744 644 ἡλίκον
778 586 790 600 ·
834 570 968 640 φέρε
999 567 1210 621 ἐκεῖθεν
1241 564 1618 636 ἀπαρξώμεθα
1633 563 1737 616 τῶν

1848 561 1984 615 hanc
2033 564 2334 618 oralionem
2379 574 2435 618 et
2479 564 2808 633 obligatione
2859 565 3072 633 propria
3098 574 3151 618 et
3183 566 3415 621 utilitate

157 669 474 740 εγκωμέων,
504 665 628 719 ὅθεν
665 663 758 718 καὶ
789 660 1268 734 πρεπωδέστατον.

511 971 908 1029 ΚΕΦΔΛΛΙΟΝ
947 969 1245 1026 ΠΡΩΤΟΝ.

1842 654 2014 707 aliena
2070 655 2352 709 inductum
2385 657 2645 710 accedere
2696 655 2800 726 (est
2829 655 2972 709 enim
3028 657 3244 711 veritati
3280 672 3412 712 con-

1836 745 2027 812 juncta
2078 745 2449 815 utilitas),agc
2498 745 2865 799 laudationem
2905 745 2975 798 ab
3018 759 3083 799 eo
3110 744 3411 809 ordiamur,

1841 836 1982 892 unde
2009 837 2278 908 praecipue
2307 839 2561 893 convenit
2587 837 2807 891 initium
2842 837 3064 892 ducere.

2331 972 2560 1030 CAPUT
2601 972 2887 1030 PRIMUM.

1215 1085 1396 1154 Ortus,
1418 1085 1686 1151 educatio,
1709 1103 1946 1144 secessus
1977 1090 2030 1144 in
2044 1089 2369 1160 Bithyniam.

223 1238 294 1306 γ’.
313 1233 561 1304 Πατὲρες
582 1231 681 1302 μὲν
695 1231 775 1302 τῷ
803 1228 1057 1300 μακαρίῳ
1087 1226 1359 1293 Πλάτωνι,
1388 1227 1617 1299 Σέργιος
1641 1229 1734 1281 καὶ

151 1330 437 1404 Εὐφημία,
468 1320 545 1382 ὧν
572 1326 635 1379 τὸ
660 1323 882 1392 εὖγενές
912 1321 1211 1392 ἐπίσημον,
1235 1320 1332 1374 καὶ
1355 1323 1384 1374 ό
1412 1321 1613 1392 τρόπος
1635 1323 1734 1375 οὐκ

149 1423 509 1494 αγενέστερος
560 1435 574 1448 ·
617 1415 771 1487 ἤθεσι
822 1412 1211 1486 χρηστοτέροις
1270 1411 1733 1484 ἀναστρεφόμενοι

149 1518 241 1571 καὶ
269 1511 566 1582 οἰκουριῶν
597 1507 937 1578 ἐπιμελείαις
959 1505 1028 1559 τὰ
1055 1504 1245 1559 ἐνόντα
1268 1504 1408 1574 ὑπὲρ
1435 1504 1560 1565 τοὺς
1600 1503 1731 1554 πολ-

148 1609 271 1672 λοὺς
304 1606 588 1670 αῦξοντες,
618 1601 714 1654 καὶ
745 1597 980 1669 ζηλωτοὶ
1009 1597 1099 1651 διὰ
1153 1595 1326 1650 ταῦτα
1378 1593 1731 1662 συγγενεῦσιν

149 1701 493 1769 ὑπάρχοντες
515 1713 530 1727 ο
566 1689 668 1758 οἷς,
700 1691 838 1763 μετὰ
859 1691 971 1743 τῶν
1014 1688 1189 1742 ἄλλων
1244 1687 1500 1757 μέγιστον
1547 1684 1725 1755 ἐγκώ-

152 1808 271 1862 μιον
302 1788 402 1842 καὶ
437 1785 725 1847 εὐτεκνίας
752 1783 1004 1853 δώρημα.
1036 1781 1264 1852 Φέρουσι
1293 1778 1402 1850 γάρ
1443 1777 1632 1848 ὥσπερ
1648 1794 1729 1829 τι-

147 1882 212 1935 νὰ
247 1877 530 1948 εὐθυγενῆ
559 1875 809 1947 βλαστὸν,
856 1873 954 1927 σὺν
987 1871 1111 1926 δυσὶ
1137 1870 1465 1940 θυγατράσι,
1513 1870 1606 1922 τὸν
1633 1867 1728 1923 νῦν

147 1970 548 2040 ἐπαινούμενον
576 2011 590 2034 ,
623 1965 747 2020 οὐδὲ
779 1966 975 2028 αὐταῖς
1022 1961 1273 2016 ἁκλεέσιν
1322 1960 1625 2030 όφθείσαις,
1652 1956 1728 2016 ὧν

149 2062 322 2116 πολλὰ
354 2061 455 2115 καὶ
488 2059 632 2114 καλὰ
661 2056 730 2112 τὰ
773 2056 1113 2127 διηγήματα,
1142 2054 1242 2124 τῆς
1270 2054 1371 2124 μὲν
1399 2054 1456 2107 ἐν
1479 2052 1558 2123 τῷ
1611 2069 1728 2106 κοι-

143 2154 363 2223 νωνικῷ
397 2153 499 2223 βίῳ
525 2149 927 2222 διαπρεψάσης,
955 2147 1076 2218 τῆς,
1109 2147 1169 2211 ἐξ
1191 2142 1257 2221 ἦς
1289 2147 1383 2201 καὶ
1413 2147 1594 2217 ἡμεῖς,
1624 2146 1729 2200 κᾶν

142 2247 217 2319 τῷ
255 2243 541 2318 μοναδικῴ
574 2243 815 2311 τάγματι
839 2237 1248 2310 διαλαμψάσης.
1293 2237 1512 2309 Ἐπειδὴ
1539 2237 1596 2291 δὲ
1646 2238 1730 2291 ἐν·

144 2338 354 2410 ἐσκηψε
369 2336 496 2390 κατ’
510 2335 689 2387 ἐκεῖνο
710 2330 903 2402 καιροῦ
929 2328 1066 2401 ὀργὴ
1098 2329 1350 2400 οὐράνιος
1373 2328 1518 2401 (ἄγει
1539 2346 1605 2401 με
1622 2324 1729 2401 γὰρ

143 2431 351 2500 ταύτην
410 2425 652 2498 δηλῶσαι
684 2427 717 2495 ἠ
753 2423 1054 2492 ὑπόθεσις),
1088 2422 1296 2492 φθορὰν
1351 2422 1434 2476 ὃτι
1495 2423 1730 2496 μάλιστα

143 2522 435 2590 ἐπάγουσα
465 2517 767 2586 πάνδημον,
792 2513 891 2566 οὐκ
925 2513 1137 2582 ὀλίγαις
1167 2511 1267 2583 μὲν
1303 2510 1493 2575 ἄλλαις
1523 2514 1730 2581 χώραις

143 2633 200 2668 τε
229 2614 329 2668 καὶ
360 2612 586 2666 πόλεσιν
617 2604 1045 2678 μετενδημοῦσα,
1065 2605 1256 2676 ῶσπερ
1277 2621 1360 2667 τις
1385 2603 1727 2675 Αἰγυπτιακὴ

148 2705 346 2776 μάστιξ
375 2707 443 2757 ἐκ
473 2701 637 2771 τῆσδε
659 2701 738 2763 εἰς
771 2697 950 2771 τήνδε,
984 2697 1219 2767 μάλιστα
1247 2696 1304 2749 δέ
1325 2699 1390 2766 τῇ
1427 2692 1730 2763 βασιλιξού-

146 2818 212 2870 σῃ
269 2795 567 2861 Βυξαντίδι
590 2808 604 2822 ⁸
634 2789 810 2862 ταύτῃ
864 2808 946 2843 τοι
980 2789 1074 2843 καὶ
1127 2787 1458 2842 καταλύουσι
1493 2788 1584 2841 τον
1618 2787 1732 2856 βίον

147 2895 192 2943 οἱ
220 2890 571 2959 ἀείμνηστοι.
609 2884 723 2937 Οὔκ
769 2883 996 2954 ἄκαιρον
1035 2881 1092 2933 δὲ
1134 2882 1295 2952 τάχα,
1335 2880 1602 2952 ὠφελείας
1628 2880 1730 2949 χά-

1913 1231 1966 1284 3.
2009 1230 2154 1286 Beati
2189 1230 2432 1288 Platonis
2463 1240 2718 1301 parentes
2742 1232 2968 1303 Sergius
3010 1240 3174 1304 atque
3195 1231 3412 1303 Euphe-

1842 1321 1947 1375 mia
1978 1320 2218 1387 fuerunt,
2261 1337 2562 1392 eorumque
2589 1330 2642 1375 et
2677 1337 2847 1391 genus
2894 1323 3126 1388 illustre,
3153 1332 3208 1379 et
3239 1324 3410 1379 nihilo

1840 1412 2022 1467 minus
2073 1413 2314 1468 illustres
2360 1415 2588 1469 virtutes
2624 1432 2639 1469 :
2686 1414 2905 1483 optimis
2940 1423 3122 1469 autem
3163 1414 3412 1470 moribus

1837 1500 2116 1568 providam
2145 1499 2430 1556 familiaris
2461 1502 2535 1555 rei
2571 1517 2760 1557 curam
2787 1511 3059 1573 gerentes,
3079 1502 3227 1556 illam
3249 1518 3412 1573 supra

1839 1592 2040 1648 multos
2081 1603 2371 1659 auxerunt,
2407 1595 2570 1650 etiam
2616 1611 2792 1663 usque
2819 1595 2887 1650 ad
2918 1595 3178 1650 invidiam
3209 1610 3412 1667 cogna-

1832 1693 2035 1740 torum.
2086 1686 2202 1742 Prae
2255 1689 2464 1743 caeteris
2505 1700 2688 1742 tamen
2728 1688 3005 1753 laudibus,
3035 1690 3409 1745 commendari

1833 1780 1886 1833 in
1912 1779 2045 1849 ipsis
2077 1788 2317 1836 meretur
2366 1781 2663 1836 liberorum
2699 1781 3095 1852 gignendorum
3126 1781 3362 1837 felicitas
3392 1800 3408 1839 ε

1833 1880 2019 1942 utpote
2075 1874 2189 1943 qui,
2254 1877 2400 1928 velut
2454 1873 2664 1928 illustre
2715 1888 2978 1944 germen,
3033 1874 3196 1939 hunc,
3247 1888 3410 1945 quem

1834 1964 1999 2019 modo
2042 1965 2351 2032 laudamus,
2403 1969 2698 2037 protulere,
2733 1981 2842 2022 una
2874 1981 2998 2021 cum
3033 1966 3247 2022 duabus
3276 1966 3414 2021 filia-

1833 2058 1935 2113 bus
1966 2058 2063 2128 (t),
2113 2074 2214 2115 nec
2268 2059 2399 2129 ipsis
2452 2060 2696 2130 iugloriis
2750 2060 2899 2130 (nam
2948 2059 3093 2114 etde
3123 2059 3207 2115 bis
3237 2061 3410 2115 multa

1834 2149 2203 2220 przeclaraque
2241 2150 2347 2205 dici
2389 2155 2658 2220 possent),
2696 2165 2929 2221 quarum
2965 2165 3075 2204 una
3103 2150 3325 2219 quidem
3355 2150 3412 2205 iu

1835 2240 2082 2295 saculari
2111 2242 2222 2297 vita
2261 2242 2604 2297 laudabiliter
2626 2253 2710 2298 est
2733 2251 3050 2298 conversata
3073 2260 3088 2310 ;
3114 2245 3283 2296 altera
3308 2242 3410 2314 (Ξ),

1837 2331 1982 2387 unde
2020 2333 2133 2388 nati
2180 2349 2279 2390 nos
2324 2351 2537 2398 sumus,
2597 2336 2759 2390 etiam
2797 2335 2850 2389 in
2883 2335 3188 2393 monastico
3215 2335 3413 2389 ordine

1835 2426 2057 2482 effulsit.
2114 2427 2282 2483 Porro
2333 2431 2573 2485 cmlestis
2631 2429 2878 2499 quaadam
2924 2429 3003 2484 ira
3039 2437 3287 2500 tempore
3317 2429 3412 2484 illo

1838 2518 1928 2588 (de
1962 2520 2063 2573 hac
2101 2519 2371 2590 siquidem
2427 2521 2575 2589 loqui
2606 2536 2694 2576 res
2719 2521 2834 2590 ipsa
2864 2528 3070 2584 monet,
3102 2534 3230 2575 cum
3261 2535 3413 2577 mor-

1839 2611 2098 2665 talitatem
2141 2610 2224 2666 vel
2256 2611 2495 2666 maxime
2539 2613 2900 2668 universalem
2924 2611 3264 2682 adduxerit),
3297 2627 3406 2668 non

1837 2701 2026 2771 paucis
2069 2701 2334 2757 duntaxat
2385 2703 2507 2756 aliis
2564 2703 2697 2758 locis
2752 2711 2806 2757 et
2855 2701 3083 2757 urbibus
3112 2701 3408 2756 incubuit:

1837 2794 1930 2847 sed
1987 2807 2053 2846 ex
2102 2809 2209 2848 una
2268 2793 2322 2849 in
2382 2795 2566 2860 aliam,
2623 2794 2798 2848 insmr
2857 2792 3164 2865 {Egyptiari
3212 2792 3411 2862 ﬂagelli

1839 2885 2136 2950 transiens,
2185 2887 2532 2958 Byzantinam
2584 2887 2928 2956 potissimum
2971 2887 3244 2941 civitatem
3278 2885 3412 2939 ami-

153 2999 232 3050 ριν
259 2978 480 3034 καὶτὸν
530 2973 625 3028 τοῦ
680 2973 912 3027 θανάτου
976 2970 1176 3040 τρόπον
1223 2973 1561 3042 ἐπισημᾶναι
1590 2987 1603 3002 ⁸
1636 2971 1729 3040 γέ-

1848 2976 1938 3030 xit.
1987 2975 2044 3030 ln
2077 2978 2178 3032 hac
2226 2978 2389 3033 etiam
2436 2979 2604 3033 vitam
2651 2993 2883 3048 posuere
2926 2992 3091 3047 supra
3124 2980 3409 3031 memorati

149 3089 291 3125 νοιτο
321 3071 434 3139 γὰρ
453 3067 593 3122 ᾶντὸ
621 3066 872 3135 διήγημα
899 3062 1254 3134 ἐκδειματοῦν
1283 3062 1382 3127 τὰς
1419 3062 1594 3133 ψυχὰς
1628 3061 1734 3113 τῶν

154 3165 393 3227 συνετῶς
419 3163 742 3216 ἐπαϊόντων.

220 3437 282 3494 δ’.
325 3437 575 3503 Ἐωρᾶτο
629 3432 862 3499 ἐξάπινα
903 3432 964 3484 ἐν
1005 3431 1124 3492 τοῖς
1152 3428 1382 3484 ἐκάστου
1407 3426 1732 3496 ἐσθήμασιν,

157 3535 211 3585 ἐν
241 3531 431 3603 βαφίδι
465 3521 743 3593 ἐλαιώδει,
770 3524 832 3577 τὸ
864 3523 1090 3593 σημεῖον
1128 3521 1223 3573 τοῦ
1264 3519 1531 3585 ζωοποιοῦ
1578 3534 1737 3570 σταυ-·

159 3625 250 3695 ροῦ
287 3619 744 3690 κατεστιγμένον,
782 3611 870 3668 οἷα
905 3614 1060 3685 παρὰ
1091 3613 1272 3684 χειρὸς
1316 3608 1734 3682 ώραιογραφού-

161 3733 276 3786 σης,
310 3715 516 3786 μᾶλλον
567 3712 625 3766 δέ
676 3710 770 3763 ἐπὶ
809 3706 948 3761 Θεοῦ
985 3704 1234 3774 δακτύλῳ
1283 3705 1375 3756 κα)⁵
1414 3705 1734 3775 ὑπέρτερον.

171 3809 445 3878 Ἐθροεῖτο
473 3806 502 3857 ὁ
523 3801 773 3873 ληφθεὶς,
801 3799 1020 3854 ῦπεισίν
1047 3799 1095 3850 οἱ
1126 3795 1284 3859 εὐθὺς
1308 3797 1335 3848 ὁ
1355 3795 1580 3858 θάνατος
1599 3811 1612 3824 ’
1639 3797 1739 3848 αὺ-

161 3899 402 3969 θημερὸν
445 3894 541 3949 τοῦ
583 3892 770 3957 αὐτοῦ,
809 3890 905 3944 καῖ⁹
939 3889 1132 3959 νεκρὸν
1185 3887 1590 3955 ἐκκομίζοντος,
1645 3885 1738 3936 καὶ

161 3990 355 4061 νεκροῦ
381 3984 844 4055 ἐκκομιζομένου,
874 3979 969 4033 δύο
1013 3979 1107 4030 ἐπὶ
1140 3976 1230 4030 τοῦ
1283 3972 1451 4028 αὑτοῦ
1479 3973 1738 4042 ἐπισκίμ-

163 4085 342 4146 ποδός,
405 4077 590 4134 δισδύο
641 4074 735 4129 ἐπὶ
799 4072 942 4137 ζώου
1000 4069 1341 4142 ἀχθοφόρου·
1372 4068 1558 4139 φόρτοι
1616 4067 1737 4119 ἀλλο

164 4172 456 4244 ἐπάλληλοι
476 4167 759 4238 δυστυχῶν
793 4165 1060 4236 σωμάτων
1082 4180 1097 4194 ο
1121 4162 1308 4232 θρῆνοι
1344 4156 1625 4228 πανταχοῦ
1651 4175 1742 4209 πει

169 4266 349 4340 ριηχού
360 4281 513 4336 μενοι
529 4263 624 4316 καὶ
643 4258 1042 4326 ἐλεεινολογίαι,
1063 4253 1288 4326 ἠτόνουν
1324 4254 1372 4305 οἱ
1393 4250 1738 4319 ἐκκομισταὶ,

1843 3083 1908 3121 ac
1952 3082 2163 3137 semper
2213 3070 2549 3122 memorandi
2590 3069 2872 3138 conjuges.
2905 3067 3190 3134 Quomodo
3227 3075 3409 3121 autem

1845 3160 1895 3214 id
1929 3159 2213 3225 acciderit,
2268 3174 2446 3230 operae
2479 3159 2711 3229 pretium
2753 3159 2915 3214 fuerit
2950 3159 3223 3227 explicare
3265 3176 3279 3211 :
3331 3172 3414 3214 cst

1842 3251 1987 3305 enim
2023 3252 2142 3321 ejus
2169 3250 2248 3304 rei
2289 3250 2532 3304 narratio
2566 3250 2712 3313 talis,
2741 3250 3022 3304 utsalubri
3061 3250 3257 3303 timore
3290 3264 3416 3303 con-

1846 3347 2032 3395 cutere
2091 3339 2267 3408 possit
2293 3339 2534 3403 animos,
2559 3353 2679 3392 eam
2709 3337 3001 3408 prudenter
3031 3337 3410 3407 suscipientes.

1912 3433 1966 3486 4.
2001 3431 2340 3486 Cernebatur
2367 3431 2434 3483 de
2473 3440 2694 3500 repente
2727 3432 2779 3485 in
2816 3431 3084 3499 cujusque
3111 3431 3307 3483 vestitu
3338 3429 3416 3482 vi-

1844 3524 2016 3578 vilicae
2039 3522 2221 3578 crucis
2248 3522 2458 3592 signum
2472 3521 2572 3591 (5),
2591 3523 2837 3577 tinctura?
2854 3520 3297 3591 piuguis,veluta
3323 3535 3414 3588 pc-

1843 3616 1948 3672 rita
1983 3632 2168 3678 manu,
2205 3630 2298 3670 seu
2331 3615 2510 3684 potius
2548 3615 2733 3668 divino
2763 3614 2934 3684 digito
2979 3630 3214 3684 superne
3248 3616 3415 3672 eﬂ'or-

1845 3719 2072 3763 matum.
2108 3708 2164 3762 Id
2189 3707 2240 3760 in
2261 3706 2674 3775 secouspicirns
2700 3705 3040 3773 turbabatur,
3074 3708 3415 3763 subintrabat

1847 3801 2146 3857 accelerata
2164 3813 2342 3861 mors;
2372 3799 2560 3851 eodem
2585 3798 2690 3858 die,
2715 3797 2808 3868 qui
2825 3798 3092 3854 extulerat
3113 3809 3411 3860 mortuum.

1847 3903 2094 3947 mortuus
2111 3890 2272 3942 etiam
2312 3890 2427 3957 ipse
2463 3887 2806 3942 eﬂ‘erebatur.
2835 3887 3030 3943 Videre
3058 3899 3175 3943 erat
3198 3890 3335 3944 duos
3360 3892 3413 3945 in

1845 3984 2035 4039 eadem
2064 3979 2343 4049 sandapila
2373 4018 2388 4044 ,
2443 3989 2680 4048 quatuor
2718 3994 2880 4049 super
2910 3995 3075 4033 unum
3107 3981 3412 4049 jumentum

1845 4073 2072 4146 portari,
2095 4069 2414 4127 etcumulos
2441 4067 2740 4124 infelicium
2772 4071 3094 4148 cadaverum
3124 4071 3281 4126 alios.
3306 4073 3415 4126 Au-

1847 4164 2134 4219 diebantur
2162 4162 2522 4230 undequaquc
2555 4169 2814 4214 sanantes
2853 4159 3104 4228 planctus
3137 4169 3300 4228 atque
3336 4160 3416 4213 la-

1850 4264 2051 4319 menta,
2073 4254 2421 4309 lassabantur
2437 4252 2786 4321 vespillones,
2809 4251 3155 4306 rarescebant
3175 4250 3415 4305 libitina-

165 4360 458 4424 ἐσπάνιζον
487 4358 540 4410 οἱ
575 4353 959 4422 ἐνταφιασταὶ,
981 4348 1254 4403 ἐκλείοντο
1272 4340 1432 4407 οἶκοι,
1459 4342 1737 4396 ἐκενοῦντο

1850 4350 1912 4402 rii
1923 4345 2468 4413 ,claudebauturdom
2479 4360 2563 4407 us,
2577 4341 2950 4398 vacuabantur
2967 4342 3092 4407 vici,
3106 4343 3416 4396 cmmeteria

168 4451 433 4520 ῥεγεῶνες
458 4447 556 4519 (b),
579 4441 916 4512 ἐπληροῦντο
932 4439 1278 4508 πολυάνδρια,
1293 4435 1382 4488 διὰ
1405 4434 1569 4504 μέσου
1598 4431 1745 4484 δυοῖν

171 4543 375 4612 μηνοῖν,
403 4538 511 4607 τῆς
547 4534 976 4604 πολυανθρώπου
1009 4547 1071 4584 τε
1115 4529 1212 4582 καὶ
1265 4524 1599 4596 μυριοίκιδος
1643 4523 1744 4576 πό-

168 4635 297 4697 λεως
337 4633 552 4704 ἐρήμου
593 4629 690 4684 καὶ
729 4626 1007 4682 ὰοικίστου
1059 4622 1247 4693 σχεδον
1277 4620 1453 4673 εἰπεῖν
1487 4615 1744 4686 ἐποφθεί-

173 4741 286 4793 σης.
314 4722 508 4777 Ταῦτα
537 4722 597 4774 ἐν
617 4719 854 4789 ἡμέραις
883 4714 1295 4769 Κωνσταντίνου
1333 4711 1427 4765 τοῦ
1452 4709 1747 4772 δυσσεϐοῦς

174 4814 460 4884 βασιλέως,
489 4809 582 4881 ὑφ’
611 4804 672 4864 οῦ
701 4809 736 4881 ἡ
759 4807 924 4862 εἰκὼν
951 4805 1049 4860 τοῦ
1093 4803 1332 4876 Χριστοῦ
1382 4801 1745 4872 καθυϐρίσθη,

1851 4438 2103 4509 repleban
2113 4445 2218 4504 tur;
2239 4435 2375 4490 adeo
2393 4443 2453 4490 ut
2470 4436 2609 4490 intra
2632 4434 2861 4489 duorum
2877 4434 3144 4489 mensium
3161 4434 3416 4504 spatium.

1853 4531 1984 4584 urbs
2001 4526 2418 4598 pepnlosissima
2441 4534 2603 4594 atque
2619 4523 3036 4587 habitatissima,
3055 4537 3190 4592 pene
3206 4525 3417 4577 deserta

1852 4627 2017 4687 atque
2042 4615 2244 4670 inculta
2278 4621 2584 4684 appareret.
2616 4611 2829 4666 Accidit
2855 4612 2957 4666 hoc
2978 4609 3032 4664 in
3063 4610 3255 4666 diebus
3278 4610 3417 4665 Con-

1854 4709 2080 4765 stantini
2119 4707 2195 4779 (4)
2227 4704 2592 4776 imperatoris,
2630 4703 2811 4767 illius,
2837 4701 3420 4772 inquam,impostoris

1855 4801 2081 4866 nefarii,
2137 4815 2170 4855 a
2226 4813 2336 4870 quo
2377 4799 2552 4865 imago
2586 4795 2790 4850 Christi
2818 4796 3173 4851 simulacrum
3214 4794 3421 4850 erroris

1678 4977 1915 5034 ΝΟΤᾸΞ.

239 5116 314 5185 (bi
355 5111 629 5185 Ουρηῖθπι
660 5104 1098 5185 minuerem
1137 5104 1192 5159 ίη
1224 5103 1479 5185 Γθείοπῖὲε
1519 5099 1865 5155 “Videbam
1913 5092 2082 5185 (Ψοέ
2146 5094 2206 5185 if‘.
2243 5095 2394 5185 '19P}?
2430 5089 3420 5185 _“_:°"'."f;f‘.i‘3.'['_.‘3b§idiligam“???

177 5160 948 5251 Rdm'arVC—onstautin'o'polin
987 5176 1133 5241 dico,
1187 5160 1455 5244 ejusmodi
1526 5185 1722 5225 nomen
1802 5160 2102 5237 usurpavit,
2151 5173 2211 5220 ut
2253 5173 2400 5234 patet
2425 5179 2490 5217 ex
2526 5160 2849 5218 auctoribus
2879 5176 2910 5216 a
2941 5160 3176 5216 Meursio
3235 5176 3424 5216 recen-

179 5259 312 5312 suis.

241 5372 316 5441 (ἱ)
359 5370 593 5441 Sirletus
620 5373 737 5431 post
770 5366 906 5441 duas
932 5364 1075 5434 ﬁlias
1099 5361 1338 5441 genitum
1365 5360 1580 5441 "scribit
1604 5360 1748 5441 :_sed

182 5430 348 5497 solum
389 5442 444 5494 in
477 5430 668 5494 Graeco
697 5445 780 5490 est
811 5430 941 5499 σὺν,
963 5430 1196 5487 ςυηι.Ἰη
1222 5433 1330 5485 vita
1365 5430 1420 5483 S.
1455 5430 1750 5492 Theodori,

183 5514 312 5567 inl’ra
339 5511 560 5567 citauda
598 5509 665 5562 ad
717 5521 839 5574 cap.
877 5507 928 5570 5,
963 5505 1066 5558 litt.
1120 5519 1169 5566 c,
1223 5502 1499 5556 adduntur
1556 5501 1750 5555 fratres

184 5592 321 5723 "ea;
359 5640 681 5723 Theoctis‘ta
706 5645 1008 5723 appellatur
1061 5647 1113 5699 in
1169 5641 1395 5723 Vitas.
1458 5639 1749 5723 Theodori,

188 5713 344 5793 nupta
378 5720 643 5780 Photino,
675 5713 765 5785 qui
780 5713 1176 5793 magistratum
1208 5716 1276 5768 ab
1299 5713 1624 5793 imperatore
1644 5726 1750 5787 non

189 5780 330 5848 valde
356 5801 630 5846 remotum
664 5780 833 5858 gessit
863 5780 1073 5858 z'ambo
1106 5795 1314 5858 postea,
1348 5783 1539 5837 relicto
1563 5780 1757 5849 conju-

191 5867 285 5935 gio.
321 5865 492 5935 vitam
525 5857 882 5935 monasticam
914 5857 1148 5935 amplexi
1183 5863 1331 5935 sunt.

252 5937 326 6004 (5)
361 5934 570 5997 Graec,
603 5932 659 5982 ἐν
697 5927 878 5998 βαφίδι
913 5923 1176 5980 ἐλαιώδει.
1225 5925 1452 5979 Sirletus
1488 5923 1644 5978 vertit
1672 5939 1755 5976 co-

1858 5360 1967 5412 lore
2050 5354 2272 5411 caeruleo
2303 5371 2321 5418 ;
2356 5352 2607 5407 fortassis
2650 5349 2855 5404 invenit
2921 5345 3171 5410 ὑαλώδει,
3239 5347 3401 5418 citreo

1858 5429 2218 5498 Theophanes
2253 5416 2317 5478 ad
2353 5441 2442 5478 an.
2468 5422 2828 5498 tlhristiuﬁ,
2851 5419 3158 5498 indictione
3197 5416 3424 5498 lduista

1855 5486 2041 5564 refert,
2080 5513 2157 5568 ac,
2172 5497 2237 5550 de
2257 5510 2418 5568 cruce
2438 5495 2517 5548 sic
2535 5491 2808 5568 exprimit,
2845 5490 2937 5568 :Ev
2952 5490 3064 5568 τοῖς
3078 5486 3212 5568 ,τῶν-
3226 5486 3428 5568 egoeg...

1861 5587 1979 5621 πων
2008 5557 2244 5636 ἱματίοις
2267 5567 2364 5618 καὶ
2393 5557 2714 5636 ἐνῗτοῖςᾷτῶν
2742 5557 3047 5636 ἐκκλησιῶν
3078 5559 3239 5622 ἱεροῖς
3274 5557 3424 5636 ἐνδύ-

1863 5657 1993 5710 μασι
2024 5629 2258 5710 σταυρία
2288 5633 2518 5703 ἐλαιώδη
2536 5633 2783 5710 πλεῖστα.
2816 5629 2883 5682 1η
2905 5629 3175 5680 hominum
3198 5629 3427 5710 vestibus

1859 5696 1908 5763 Et
1950 5711 2004 5762 in
2035 5696 2372 5760 ecclesiarum
2411 5696 2580 5757 sacris
2610 5702 2949 5765 indumentis,
2989 5712 3163 5750 cruces
3186 5696 3430 5766 plurima:

1867 5781 2120 5846 oleagina!
2153 5774 2626 5846 conspiciebantur.

1937 5835 2014 5918 (Ᾰῇ
2062 5835 2457 5918 Constantinus
2511 5845 2898 5918 _(‘._opronymus
2957 5838 3124 5892 Leoni
3191 5835 3432 5892 Isaurico

1866 5915 2026 5990 patri,
2083 5918 2145 5970 i8
2177 5915 2344 5980 Junii,
2388 5931 2477 5970 an.
2511 5915 2604 5968 7—H
2644 5923 2876 5975 mortuo,
2899 5918 3255 5967 successerat.
3304 5924 3310 5931 ·
