3926 6482
542 529 638 583 per
677 509 928 581 iujuriam
960 508 1227 578 appellata
1258 548 1272 572 ,
1330 515 1423 559 aut
1475 503 1656 559 verius
1715 503 1830 572 ipse
1862 502 2116 557 Christus

547 603 685 659 Deus
715 610 899 656 noster
929 599 1259 655 contumelia
1291 606 1374 651 est
1410 595 1667 659 aﬂ‘ectus;
1713 593 1982 664 siquidem
2022 593 2118 646 lio-

1742 389 1802 449 S.
1842 388 2236 450 TIIEODORI
2268 387 2615 450 ΞΤΠΒΙΤλΕ

3700 389 3796 452 808

2226 499 2448 554 εἴδωλον
2495 499 2703 568 πλάνης
2749 498 3112 569 ὀνομασθεῖσα
3163 499 3312 571 παρά
3359 500 3453 553 τοῦ
3501 502 3798 559 λαοπλάνου

2227 590 2550 658 ἐξαγίστουο
2583 589 2784 659 μᾶλλον
2832 590 2888 642 δὲ
2929 589 3089 652 αὐτὸς
3149 590 3381 659 Χριστὸς
3409 592 3438 643 6
3468 592 3603 656 Θεὸς
3649 593 3801 663 ἡμῶν

545 711 645 749 nor
674 694 952 748 exliibitus
986 691 1206 761 imagini
1240 691 1303 743 nd
1331 698 1676 759 prototypum
1702 687 1913 753 transit,
1937 701 2117 756 quem-

2231 678 2506 750 ἠτιμώθη,
2533 680 2691 751 εἴπερ
2729 683 2762 751 ἡ
2798 681 2897 751 τῆς
2931 682 3139 744 εἰκόνος
3165 682 3299 752 τιμὴ
3325 682 3417 736 ἐπὶ
3441 686 3502 736 τὸ
3527 687 3803 754 πρωτότν-

543 787 838 842 admodum
871 778 1070 839 alicubi
1099 784 1229 837 dicit
1256 783 1475 836 divinus
1507 780 1757 835 Basilius.
1795 778 1983 849 Itaque
2017 779 2121 835 fuit

545 881 661 933 lnec
702 893 866 946 super
923 885 1233 946 peccantem
1283 875 1538 944 populum
1585 873 1893 944 justissima
1943 873 2117 942 virga,

545 981 769 1039 paterna
805 980 983 1022 tamen
1035 969 1358 1021 immensam
1410 977 1655 1020 nostram
1710 963 2119 1030 perversitatem

543 1062 608 1115 ad
642 1061 1053 1116 conversionem
1112 1059 1410 1114 erudientis
1468 1059 1580 1122 Dei,
1632 1067 1686 1112 et
1718 1059 1769 1111 in
1803 1057 1883 1111 ira
1913 1071 2122 1128 praepa-

546 1157 721 1210 rautis
752 1157 892 1208 viam
928 1154 1144 1216 salutis,
1179 1154 1246 1207 iis
1283 1153 1374 1221 qui
1403 1151 1788 1221 aequanimiter
1824 1151 2120 1206 correctio-

546 1263 667 1302 nem
724 1247 1085 1318 susciperent.
1126 1243 1231 1299 Sed
1279 1245 1346 1298 ad
1393 1243 1606 1298 Patrem
1666 1254 1906 1297 nostrum
1938 1257 2120 1298 sermo

544 1338 750 1393 redeat.

615 1430 671 1484 5.
713 1427 1041 1484 Parentibus
1087 1441 1218 1496 ergo
1269 1434 1323 1480 et
1371 1423 1792 1494 consanguineis
1845 1421 2120 1492 plerisque

544 1521 772 1575 orbatus
804 1519 902 1590 (ι’)
938 1519 1117 1573 adhuc
1146 1532 1280 1587 puer
1309 1516 1618 1580 admodum,
1652 1514 1721 1569 ab
1748 1515 1930 1584 aliquo
1955 1519 2119 1569 alter-

547 1613 726 1666 utrius
759 1610 1000 1681 parentis
1028 1623 1291 1678 germano
1317 1607 1617 1678 suscipitur
1637 1622 1652 1672 ;
1671 1617 1724 1661 et
1743 1607 2116 1678 adjuvenilem

545 1713 835 1773 provectus
864 1711 1079 1756 aetatem
1103 1742 1118 1766 ,
1169 1709 1425 1769 tanquam
1468 1701 1807 1754 rectissimus
1841 1701 2116 1768 surculus,

546 1792 804 1862 produxit
823 1790 1011 1846 ﬂorem
1037 1790 1440 1860 intelligentia;
1464 1789 1886 1858 quaedilliculter
1911 1791 2117 1858 reperi-

545 1898 634 1940 tur
661 1886 714 1939 in
744 1883 1022 1954 orpbanis,
1053 1898 1160 1936 non
1184 1882 1516 1936 habentibus
1544 1882 1634 1950 qui
1663 1884 1741 1936 eis
1761 1881 1836 1934 uti
1868 1891 2118 1950 parentes

545 1979 847 2049 invigilant.
877 1975 1115 2032 Fructus
1165 1986 1348 2030 autem
1396 1976 1628 2044 propria:
1679 1974 1853 2043 ipsius
1885 1973 2118 2028 solertia:

2228 790 2328 826 πον
2357 772 2660 837 ἀναϐαίνει,
2698 771 2881 836 καθὼς
2907 775 2936 825 6
2963 773 3222 846 θεηγόρος
3255 768 3357 828 ὧδέ
3387 775 3490 828 πού
3522 793 3660 846 φησι
3709 776 3800 829 Βα-

2229 865 2445 929 σίλειος.
2465 864 2652 919 Ταῦτα
2672 867 2705 936 ἡ
2729 865 2870 920 κατά
2885 866 2995 919 τῶν
3016 866 3442 938 ἁμαρτανόντων
3465 867 3782 937 δικαιοτάτη
3789 907 3801 926 .

2225 957 2301 1021 ὡς
2325 958 2390 1012 ἄν
2415 975 2500 1022 τις
2551 959 2718 1025 εῖποι,
2773 959 3097 1030 παιδευτικὴ
3140 958 3333 1031 ῥάϐδος
3369 959 3464 1012 τοῦ
3511 959 3674 1024 Θεοῦ,
3710 963 3802 1028 τὴν

2226 1056 2464 1125 ἄμετρον
2494 1051 2651 1127 ήμῶν
2669 1053 2867 1108 κακίαν
2893 1051 3334 1123 ὲπιστρεπτικῶς
3370 1051 3800 1121 σωφρονίζουσα,

2226 1146 2323 1198 καὶ
2346 1145 2664 1199 όδοποιοῦσα
2696 1143 2886 1213 τρίϐον
2922 1142 3196 1214 σωτηρίας
3229 1144 3293 1211 τῇ
3336 1141 3473 1212 ὀργῇ
3505 1139 3678 1194 αὑτοῦ
3698 1144 3804 1204 τοῖς

2226 1238 2564 1309 εὐαισθήτως
2627 1238 2940 1308 δεχομένοις
2998 1235 3098 1304 τὴν
3162 1237 3502 1306 νουθέτησιν.
3548 1235 3710 1306 Ἐμοὶ
3749 1235 3803 1288 δὲ

2227 1331 2318 1383 ἐπὶ
2349 1330 2441 1383 τὸν
2470 1329 2685 1401 Πατέρα
2718 1328 3126 1398 μεθαρμοστέος
3151 1328 3180 1379 6
3217 1327 3398 1394 λόγος.

2296 1429 2360 1477 ε’.
2396 1421 2889 1492 Καταλιμπάνεται
2917 1419 3208 1491 τοιγαροῦν
3236 1419 3440 1490 ἕρημος
3471 1419 3684 1486 γονέων
3713 1420 3803 1471 σὺν

2224 1520 2342 1581 τοῖς
2365 1516 2646 1588 όμαίμοσι,
2677 1514 2873 1584 κομιδῇ
2907 1516 3036 1570 παῖς
3069 1511 3354 1581 τυγχάνων
3379 1527 3392 1541 ·
3433 1511 3492 1574 ὃς
3555 1509 3801 1580 προσλη-

2226 1610 2382 1678 φθείς
2411 1610 2501 1679 ὑφ’
2527 1610 2608 1662 ἑνὶ
2632 1609 2742 1662 τῶν
2776 1605 3074 1675 συγγενῶν,
3113 1605 3208 1656 καὶ
3227 1605 3306 1666 είς
3334 1602 3553 1674 ἡλικίαν
3585 1602 3805 1672 ἡϐῶσαν

2225 1704 2502 1775 ἀναχθεὶς,
2536 1703 2689 1756 ἀνθεῖ
2720 1703 2817 1771 μὲν
2842 1700 3026 1762 εὐθὺς,
3066 1699 3258 1769 ὥσπερ
3286 1715 3339 1750 τι
3359 1696 3514 1768 ἔρνος
3539 1695 3805 1748 εὐθύὸλαο

2228 1811 2371 1858 στον,
2408 1796 2440 1864 ή
2473 1794 2626 1864 ἀκμὴ
2659 1793 2758 1861 τῆς
2790 1793 3042 1860 νεότητος
3098 1796 3197 1858 τὴν
3239 1787 3535 1858 καλλίστην
3567 1786 3803 1847 σύνεσιν,

2225 1884 2371 1954 ἥπερ
2402 1884 2851 1953 δυσκατόρθωτος
2913 1881 3026 1940 τοῖς
3093 1879 3327 1948 ὀρφανίᾳ
3371 1877 3657 1947 ἠγμένοις.
3709 1877 3802 1929 οὑγ

2227 1977 2410 2048 ἔχουσι
2428 1977 2519 2029 τὸν
2543 1977 2633 2030 ῖσα
2653 1976 2857 2045 γονέων
2879 1975 3296 2029 ἐπιστατοῦντα.
3321 1975 3683 2043 Καρποφορεῖ
3715 1971 3769 2024 δὲ
3787 2011 3800 2034 ,

543 2079 599 2126 et
626 2070 921 2140 diligentia:
949 2069 1053 2122 fuit
1091 2069 1285 2138 peritia
1314 2068 1497 2136 praxis
1524 2067 1829 2130 notari-alis,
1853 2077 2111 2136 quantam

2224 2075 2337 2134 ταῖς
2369 2071 2499 2142 παρ’
2523 2069 2720 2124 ἑαυτοῦ
2781 2070 3038 2132 σπουδαῖς
3090 2085 3151 2121 τε
3190 2069 3285 2121 καὶ
3315 2066 3679 2137 φιλοξηλίαις,
3710 2065 3803 2137 τὴν

544 2167 632 2220 vix
670 2166 888 2233 assequi
933 2165 1199 2234 potuisset
1243 2163 1442 2233 aliquis
1490 2165 1714 2232 paterna
1753 2163 2121 2218 sollicitudine

544 2257 822 2313 eruditus.
856 2255 1060 2311 Deinde
1089 2255 1350 2325 praedicto
1401 2256 1566 2309 tutori
1612 2271 1715 2310 suo
1767 2257 1929 2327 regite
1954 2272 2121 2326 pecu-

546 2351 648 2404 niae
677 2347 1045 2418 appendendze
1071 2344 1342 2416 praefecto,
1375 2361 1595 2416 operam
1633 2349 2013 2414 commodatis,
2046 2348 2120 2402 ita

547 2455 658 2494 rem
694 2440 840 2493 illam
871 2439 1063 2508 agebat
1093 2439 1330 2503 dextere,
1366 2447 1426 2492 ut
1460 2438 1548 2492 hic
1573 2441 1748 2494 solum
1786 2438 2122 2508 praefecturae

547 2547 740 2587 nomen
778 2540 980 2597 tenere,
1009 2546 1145 2601 opus
1175 2531 1262 2585 ille
1292 2532 1524 2585 sciretur
1555 2548 1569 2585 :
1594 2539 1649 2584 et
1676 2530 1746 2584 ob
1766 2531 1869 2586 hoc
1899 2531 1954 2584 in
1983 2546 2121 2585 tera-

545 2623 628 2677 rio
650 2623 999 2692 iinperatm'io
1022 2621 1276 2681 illustris.
1301 2622 1505 2675 cbarus
1522 2621 1740 2690 quidem
1759 2621 2120 2691 principibus,

545 2716 646 2788 ipsi
677 2725 856 2770 autem
885 2713 1083 2769 Caesari
1113 2713 1280 2768 etiam
1315 2722 1473 2769 notus
1507 2722 1672 2770 esset.

612 2895 666 2949 θ.
707 2893 854 2948 Talis
879 2908 1002 2949 cum
1052 2902 1217 2956 esset,
1260 2901 1498 2946 mentem
1539 2908 1694 2947 suam
1741 2909 1848 2949 non
1897 2893 2120 2948 tradidit

543 2985 822 3042 cﬂrenatis
863 2985 1243 3039 adolescentia:
1276 2983 1674 3054 cupiditatibus
1712 2983 1826 3044 (uti
1874 2985 2120 3054 petulan-

543 3083 649 3136 tior
681 3078 880 3149 aliquis
915 3077 1137 3143 faceret,
1170 3079 1252 3132 sui
1280 3075 1458 3132 factus
1488 3075 1853 3144 arbitrii),sed
1887 3076 1989 3146 ipsi
2015 3076 2118 3131 sibi

544 3173 784 3243 optimus
819 3171 1080 3234 domitor,
1115 3169 1429 3224 abstinebat
1477 3185 1506 3222 a
1538 3170 1819 3225 consortio
1858 3168 2120 3237 insipien-

545 3266 716 3331 tium,
748 3275 802 3318 et
852 3262 1285 3332 sapientioribus
1309 3261 1644 3332 jnngebatur
1679 3280 1693 3317 :
1723 3263 2006 3332 applicans
2059 3275 2119 3316 sc

2221 2161 2503 2214 παίδευσιν
2523 2161 2622 2232 τῆς
2654 2160 2950 2231 νοταρικῆς
3011 2159 3265 2227 μεθόδου,
3301 2159 3375 2221 ὡς
3404 2157 3559 2211 οΰπω
3585 2175 3673 2220 τις
3699 2158 3804 2209 τῶν

2221 2255 2314 2307 καὶ
2336 2256 2630 2326 πατρικαῖς
2653 2253 2994 2325 ἐπιμελείαις
3025 2252 3545 2324 προμηθευομὲνων,
3575 2251 3804 2318 συζυγο-

2223 2346 2436 2400 στατῶν
2460 2362 2519 2398 τε
2548 2346 2698 2416 αὐτῷ
2718 2345 3112 2416 προσειληφότι
3131 2346 3259 2415 θείῳ
3288 2344 3356 2398 τὰ
3385 2342 3645 2414 βασιλικά
3674 2344 3805 2413 χρή-

2225 2457 2392 2509 ματα.
2418 2440 2528 2493 Καὶ
2560 2439 2814 2492 τοσοῦτον
2849 2441 3037 2507 φανεὶς
3081 2438 3315 2494 ἐνταῦθα
3364 2438 3694 2509 περιδέξιος,
3729 2437 3803 2499 ὼς

2221 2531 2394 2601 ὄνομα
2433 2531 2594 2599 μόνον
2624 2531 2772 2601 ἔχειν
2796 2532 3004 2585 ἐκεῖνον
3031 2531 3128 2600 τῆς
3159 2532 3354 2602 ἀρχῆς,
3404 2531 3496 2584 τὸν
3518 2531 3574 2584 δὲ
3622 2531 3684 2582 τὸ
3709 2531 3802 2600 ἔρ-

2221 2636 2316 2688 γον
2347 2619 2736 2693 γνωρίζεσθαι,
2767 2620 2862 2674 καὶ
2889 2620 2978 2674 διὰ
3016 2620 3191 2675 ταῦτα
3223 2622 3494 2692 ἐπίσημον
3531 2621 3630 2691 μὲν
3663 2617 3802 2674 εἶναι

2221 2715 2280 2767 ὲν
2338 2716 2450 2776 τοῖς
2497 2712 2795 2784 βασιλικοῖς
2839 2713 3234 2782 ταμιεύμασιν,
3265 2713 3543 2769 ἀσπαστὸν
3575 2714 3633 2766 δὲ
3690 2717 3803 2777 τοῖς

2220 2801 2470 2870 ἄρχουσι,
2500 2799 2778 2872 γνώριμόν
2801 2817 2860 2854 τε
2888 2801 2982 2854 καὶ
3009 2800 3157 2871 αὐτῷ
3182 2802 3258 2873 τῷ
3286 2804 3547 2873 Καίσαρι.

2289 2900 2364 2959 ς’.
2398 2893 2555 2948 Οὕτω
2576 2895 2632 2948 δὲ
2659 2894 3097 2964 διαφαινόμενος,
3130 2894 3191 2949 οὐ
3216 2898 3333 2959 ταῖς
3369 2896 3695 2960 ἀκαθέκτοις
3715 2899 3807 2969 ὁρ-

2224 2990 2352 3057 μαῖς
2379 2989 2476 3059 τῆς
2507 2989 2755 3060 νεότητος
2781 2987 3095 3058 προῦδωκεν
3117 2988 3206 3044 τὸν
3223 2989 3367 3054 νοῦν,
3386 2991 3462 3054 ὼς
3490 2991 3556 3044 ἀν
3580 3008 3667 3055 τις
3690 2992 3803 3044 τῶν

2219 3078 2435 3146 ἀφέτων
2465 3094 2523 3130 τε
2560 3079 2654 3131 καὶ
2704 3077 3066 3149 ρηξιφρόνων,
3090 3078 3206 3132 ἀλλ’
3233 3078 3303 3149 (ε)
3343 3074 3433 3132 οἷά
3459 3096 3542 3141 τις
3575 3081 3801 3151 ἄριστος

2221 3169 2581 3239 πωλοδάμνης
2608 3170 2770 3234 αὐτὸς
2804 3171 2984 3241 ὲαυτῷ
3014 3171 3372 3242 γιγνόμενος,
3399 3173 3658 3243 ἀπείχετο
3700 3176 3803 3245 μὲν

2221 3267 2494 3319 ἀσυνέτων
2518 3307 2532 3332 ,
2555 3267 2824 3336 συνήπετο
2867 3267 2922 3319 δὲ
2965 3267 3420 3337 πεπαιδευμένοις
3443 3306 3457 3330 ,
3491 3267 3569 3336 τῷ
3599 3270 3802 3337 τιμαλ-

547 3355 902 3421 honoratiori,
931 3371 1034 3408 non
1062 3355 1242 3409 minus
1263 3356 1561 3419 honorato;
1593 3361 1750 3409 aetate
1771 3354 2113 3423 provectiori,

2224 3357 2472 3427 φεστέρῳ
2532 3359 2981 3424 συνταττόμενος,
3036 3358 3151 3412 ἀλλ’
3182 3360 3305 3428 οὐχ).
3357 3358 3436 3428 τῷ
3488 3359 3804 3430 ἀτιμοτέρῳ

547 3463 656 3504 ιιοη
686 3447 917 3518 iuniori:
952 3455 1118 3516 atque
1155 3461 1224 3500 ex
1256 3445 1389 3514 ipsis
1416 3445 1659 3498 externis
1687 3445 2013 3507 honoribus,
2043 3444 2117 3497 iii-

545 3539 782 3608 genitam
817 3536 985 3591 animi
1021 3536 1391 3601 nobilitatem,
1432 3535 1663 3589 latenter
1694 3533 2115 3603 quodammodo,

544 3631 610 3685 ad
644 3629 853 3700 majora
879 3628 1237 3698 proveliebat.
1290 3625 1407 3680 Non
1458 3627 1703 3682 tradebat
1737 3642 1796 3682 se
1850 3641 2121 3681 comessa-

546 3722 757 3777 toribus
787 3719 1317 3788 combibonibusqne
1348 3719 1415 3773 ad
1447 3720 1684 3788 aequales
1715 3720 1943 3774 haustus
1967 3759 1984 3786 ,
2039 3718 2119 3774 uti

547 3815 599 3867 in
636 3812 902 3868 conviviis
954 3811 1161 3866 faciunt
1191 3811 1616 3878 adolescentuli;
1660 3827 1838 3882 neque
1873 3812 2120 3868 substan-

545 3905 676 3959 tiam
721 3903 1059 3974 dilapidabat
1110 3904 1227 3957 alea
1265 3916 1524 3972 meroque
1544 3943 1559 3968 ,
1588 3915 1648 3956 ut
1678 3901 1999 3972 frugiperda:
2028 3917 2119 3957 so-

547 3998 693 4062 lent;
721 3996 815 4050 sed
849 3996 1081 4064 publicae
1111 3995 1269 4048 librae
1292 3996 1596 4060 attendens,
1642 3994 1827 4049 labore
1858 3994 2118 4049 continuo

544 4087 764 4143 divitias
793 4087 896 4141 sibi
925 4073 1341 4148 accumulabat,
1379 4094 1431 4140 et
1461 4086 1676 4155 quidem
1720 4095 1933 4151 tantas,
1961 4097 2019 4139 ut
2049 4087 2115 4141 ad

543 4191 826 4251 paternam
855 4180 1227 4234 htereditatem
1260 4179 1657 4249 amplissimam
1689 4180 1831 4234 baud
1874 4180 2117 4236 modicas

542 4276 678 4329 alias
727 4273 1012 4329 facultates
1067 4272 1400 4341 apposuerit.
1444 4271 1559 4327 Hoc
1598 4287 1726 4327 vero
1769 4287 2115 4342 nequaquam

545 4367 657 4420 ﬁeri
691 4366 977 4434 potuisset,
1011 4364 1112 4419 nisi
1153 4365 1564 4434 temperantiam
1598 4374 1869 4420 servasset
1902 4366 1955 4419 in
1994 4381 2117 4420 om-

546 4458 739 4522 nibus,
777 4471 900 4526 qua:
939 4457 1241 4512 honestatis
1270 4465 1543 4509 amantem
1589 4456 1892 4511 exornabat
1936 4457 2112 4510 conti-

546 4551 724 4604 nentia
752 4587 768 4611 ,
822 4559 876 4603 et
907 4548 1118 4603 cunctis
1145 4547 1415 4601 allabilem
1460 4548 1764 4602 instruebat
1807 4549 2111 4617 prudentia,

545 4643 731 4713 procul
785 4643 1050 4711 abjiciens
1093 4642 1362 4711 iuveniles
1407 4644 1746 4710 voluptates;
1791 4645 1990 4714 quibus
2020 4650 2112 4714 qui

2221 3448 2642 3519 συνερχόμενος,
2705 3448 2802 3502 καὶ
2825 3448 2904 3517 τῷ
2932 3448 3056 3502 καθ’
3081 3449 3297 3518 ἡλικίαν
3315 3450 3602 3520 προέχοντι
3619 3467 3806 3521 παρα-

2220 3541 2605 3611 ζευγνύμενος,
2644 3541 2758 3594 ἀλλ’
2783 3541 2904 3611 οὐχι
2932 3539 3009 3608 τῷ
3034 3541 3453 3611 νεοπαγεστέρῳ
3481 3541 3804 3594 συνδιαιτώ·

2222 3652 2401 3703 μενος,
2438 3635 2533 3688 καὶ
2561 3634 2699 3708 πρὸς
2717 3633 2779 3687 τδ
2812 3634 3060 3698 ἄναντες,
3102 3635 3209 3686 κάκ
3236 3634 3344 3687 τῶν
3369 3633 3566 3699 ἔξωθεν
3595 3635 3802 3704 τιμῶν,

2217 3728 2281 3779 τὸ
2309 3729 2407 3797 τῆς
2437 3727 2616 3798 ψυχῆς
2647 3728 2892 3797 εὐγενὲς,
2933 3726 3237 3798 λεληθότως
3266 3745 3382 3790 πως
3442 3728 3803 3798 ὁδοποιούμε-

2217 3837 2326 3883 νος.
2362 3818 2436 3874 Ob
2468 3821 2520 3872 τί
2552 3838 2654 3875 που
2685 3820 2991 3891 συμπόταις
3011 3819 3106 3871 καὶ
3139 3819 3413 3882 συσσίτοις
3449 3819 3644 3872 ἑαυτὸν
3672 3823 3802 3874 ἑπι-

2216 3915 2394 3978 διδοὺς
2435 3913 2577 3968 κατὰ
2631 3916 2820 3983 κοινὴν
2864 3912 3211 3984 φιλοτησίαν,
3240 3912 3316 3974 ὡς
3351 3915 3401 3964 εί
3421 3931 3503 3975 τις
3534 3915 3646 3968 τῶν
3679 3932 3808 3970 νεαο

2216 4004 2546 4075 νιευομένων
2571 4004 2628 4056 ἐν
2659 4004 2939 4073 εὐωχίαις,
2965 4004 3074 4056 οὐδ’
3106 4004 3166 4056 οὐ
3202 4002 3308 4073 μὴν
3344 4001 3531 4068 κύϐοις
3569 4006 3666 4058 καὶ
3701 4006 3804 4073 μέο

2217 4097 2341 4162 θαις
2367 4096 2782 4150 καταναλίσκων
2830 4097 2928 4166 τὴν
2959 4097 3172 4162 οὐσίαν,
3202 4091 3289 4150 οἷα
3316 4094 3386 4148 τὰ
3412 4095 3520 4147 τῶν
3557 4099 3805 4170 μαστρὸ·

2216 4189 2333 4244 πῶν
2359 4207 2372 4220 '
2405 4190 2624 4260 σχολαῖς
2668 4191 2724 4244 δὲ
2749 4192 3030 4254 επιπόνοις
3068 4189 3314 4259 ἐφεστὼς
3344 4191 3409 4260 τῇ
3436 4189 3802 4264 ζυγοστασίᾳ,

2215 4282 2508 4337 κάντεῦθεν
2531 4282 2760 4336 πλοῦτον
2782 4284 2960 4352 ἐαυτῷ
2992 4282 3383 4353 συναθροίζων,
3418 4282 3512 4334 καὶ
3538 4281 3804 4338 τοσοῦτον

2213 4373 2415 4440 αὔξων,
2445 4375 2520 4438 ὼς
2551 4373 2717 4444 ἄλλην
2741 4374 3114 4445 συστήσασθαι
3142 4374 3481 4443 περιουσίαν,
3523 4375 3679 4443 παρά
3698 4375 3801 4446 τὴν

2212 4469 2438 4539 γονικὴν
2477 4466 2848 4539 κληρονομίαν
2912 4466 3259 4537 ἱκανωτάτην
3302 4463 3494 4520 οὖσαν.
3535 4464 3712 4519 Τοῦτο
3741 4468 3800 4521 δὲ

2211 4563 2312 4615 οὐκ
2353 4562 2418 4614 ἂν
2445 4561 2854 4631 προσεγεγόνει,
2886 4562 2934 4611 εί
2991 4560 3065 4631 μὴ
3099 4561 3400 4630 αὐταρκείᾳ
3444 4563 3801 4629 συνετηρεῖτο

2213 4655 2270 4706 ὲν
2304 4655 2458 4718 πᾶσι,
2488 4651 2555 4705 δι’
2584 4649 2652 4723 ἦς
2713 4654 2806 4705 καὶ
2851 4652 3174 4724 σωφροσύνῃ
3217 4650 3622 4716 ἐκαλλωπίζετο
3645 4654 3673 4703 6
3703 4670 3800 4722 φι-

544 4734 825 4804 indulgent
853 4772 869 4799 ,
912 4749 1020 4788 non
1053 4735 1214 4788 modo
1246 4750 1353 4786 non
1406 4736 1696 4804 acquirunt
1727 4753 1848 4805 qua:
1877 4739 2110 4802 desunt;

2224 4745 2461 4810 λόκαλος,
2498 4747 2592 4798 καὶ
2624 4745 2887 4816 φρονήσει
2909 4745 3198 4814 ὴγλαῖζετο
3225 4748 3253 4798 ό
3284 4745 3564 4815 μειλίχιος,
3599 4745 3801 4816 πόρῤω

542 4828 635 4884 sed
667 4835 722 4883 et
754 4841 871 4895 qua:
903 4827 1119 4893 adsunt,
1147 4840 1409 4882 evacuare
1439 4839 1858 4882 consueverunt.

617 5103 669 5155 7.
711 5100 852 5167 Quid
883 5102 1086 5169 porro?
1133 5101 1266 5154 Tam
1303 5099 1587 5169 multiplici
1616 5100 1885 5156 industria
1913 5102 2078 5170 praedi

542 5204 651 5258 tus,
674 5204 893 5262 tamque
918 5193 1129 5262 peritus
1156 5208 1338 5245 rerum
1362 5194 1696 5262 agendarum
1746 5195 1921 5248 evasit
1944 5195 2108 5265 (quod

542 5292 782 5346 maxime
815 5297 1094 5361 spectatur
1133 5290 1202 5343 ab
1239 5290 1326 5352 iis,
1361 5291 1455 5359 qui
1486 5291 1540 5344 in
1574 5292 1776 5345 szeculo
1802 5292 2015 5358 vivunt,
2059 5301 2113 5347 et

541 5387 679 5444 tilias
705 5396 830 5457 apte
864 5386 1093 5457 cupiunt
1123 5386 1458 5457 elocare),ut
1495 5387 1733 5456 undique
1789 5387 2109 5443 invitaretur

2220 4837 2428 4907 βάλλων
2457 4837 2556 4898 τάς
2605 4837 2936 4907 νεωτερικὰς
2983 4839 3310 4907 ἐπιθυμίας,
3347 4833 3436 4901 αἷς
3473 4840 3523 4891 οἱ
3569 4838 3802 4901 ἁλόντες

2218 4931 2278 4984 οὐ
2318 4930 2475 5000 μόνον
2505 4931 2570 4985 τά
2600 4931 2700 4984 οὑκ
2720 4931 2847 4984 ὄντα
2873 4931 3408 5000 προσλαμϐάνονται,
3431 4929 3570 4983 ἀλλά
3599 4931 3697 4985 καὶ
3729 4932 3802 4983 τὰ

2221 5021 2410 5074 ἐνόντα
2443 5021 2632 5074 κενοῦν
2663 5022 2942 5077 εἰώθασιν.

2259 5115 2352 5191 Ιζν.
2390 5113 2454 5165 Τί
2495 5113 2556 5166 τὸ
2600 5113 2889 5177 ὲντεῦθενς
2951 5114 3218 5178 Τοσοῦτος
3259 5116 3452 5183 γέγονε
3500 5113 3802 5176 πολλοστὸς

2218 5208 2282 5274 τῇ
2317 5205 2553 5267 συνέσει,
2584 5206 2677 5257 καὶ
2709 5206 2975 5269 πυκτικδς
2995 5209 3115 5269 ταῖς
3149 5208 3425 5279 ἀφορμαῖς
3469 5205 3563 5260 τοῦ
3599 5205 3719 5275 βίου
3752 5209 3802 5274 (ὃ

2220 5297 2455 5365 φιλεῖται
2490 5299 2642 5367 παρά
2670 5297 2779 5349 τῶν
2812 5299 2869 5350 ὲν
2892 5298 3104 5368 κόσμῳ,
3133 5300 3228 5351 καὶ
3249 5297 3610 5361 σπουδάζεται
3639 5301 3797 5368 παρὰ

2217 5389 2570 5442 ἑκδιδούντων
2601 5389 2752 5457 ἀνδρὶ
2781 5389 3103 5462 θυγατέρα),
3129 5390 3204 5455 ὡς
3234 5391 3411 5444 ἕλκειν
3435 5390 3596 5445 αὐτὸν
3630 5391 3800 5444 ἄλλον

609 5568 680 5648 (ε)
721 5567 983 5648 Suspicor
1033 5564 1318 5648 legendum
1352 5579 1474 5648 esse
1516 5565 1859 5648 Δριζαφρόνων
1883 5569 2117 5648 ut_sitc<

2224 5567 2431 5622 iositum
2462 5582 2491 5620 a
2525 5568 2648 5637 ῥίζα
2684 5568 2838 5620 radix
2871 5580 2925 5622 et
2957 5569 3148 5639 ἄφρων
3184 5569 3455 5638 insipiens,
3483 5570 3551 5625 ad
3581 5570 3801 5639 signifi-

537 5636 765 5704 candos,
794 5641 889 5708 qni
917 5638 984 5692 ab
1007 5638 1216 5706 origine
1253 5646 1307 5690 e‘t
1329 5637 1657 5690 educatione
1681 5636 1817 5690 tales
1841 5645 1990 5691 sunt.

609 5735 708 5802 (ι’)
738 5733 924 5803 Graece
957 5734 1222 5803 όμαίμοσι
1255 5732 1398 5803 quod
1442 5731 1678 5785 Sirletus
1712 5732 1874 5784 vertit
1903 5735 2105 5787 sorori-

538 5801 670 5860 bus:
706 5804 796 5862 sed
828 5801 966 5858 infra
995 5801 1144 5858 num.
1177 5804 1228 5867 7,
1258 5801 1455 5858 dicitur
1485 5813 1726 5865 sanctus,
1758 5817 1881 5857 cum
1903 5805 1966 5858 ad
1994 5820 2107 5858 mo-

2217 5735 2513 5788 nasterium
2549 5732 2680 5785 abiit
2714 5733 2916 5789 eisdem
2959 5734 3229 5788 modicum
3261 5734 3390 5802 quid
3417 5733 3484 5788 de
3517 5749 3616 5789 sua
3659 5736 3798 5792 sub-

2215 5806 2412 5859 stantia
2449 5803 2733 5874 reliquissc
2767 5821 2780 5857 :
2815 5805 3068 5860 vivebant
3101 5805 3262 5876 igitur
3293 5815 3406 5859 tum
3435 5803 3635 5860 adhuc.
