3926 6482
144 430 247 493 809

825 431 1104 495 ORATIO
1134 433 1238 494 XI.
1278 456 1350 469 -
1387 427 1766 493 LAUDATIO
1804 431 1864 491 S.
1905 431 2270 495 PLATONIS
2307 434 2742 499 HEGUMENI.

3277 444 3384 510 810

144 541 389 604 ἄλλοθεν,
426 540 522 594 καὶ
547 545 656 592 τῶν
679 540 818 608 ἄγαν
847 543 1188 612 εὐπατριδῶν
1219 561 1278 597 τε
1312 544 1406 597 καὶ⁵
1445 542 1712 612 εὐπόρων,

1820 540 1885 594 ad
1920 541 2213 597 ineundam
2242 543 2368 599 vitae
2405 546 2722 602 societatem
2755 547 2838 605 vel
2870 562 2992 605 cum
3022 553 3380 614 nobilioribus

143 634 220 696 εἰς
271 629 562 684 κοινωνίαν
615 630 756 701 βίου.
799 632 938 686 Ἀλλ’
964 634 1024 686 οὐ
1075 634 1182 705 γὰρ
1238 634 1448 704 ἀφῆκεν
1503 633 1718 686 αύτὸνό

145 724 286 785 θεῖος
325 721 511 784 πόθος,
535 719 594 774 ὃν
619 721 823 792 ἀνῆψεν
848 723 1025 793 ἐαυτῷ
1066 725 1154 778 διὰ
1187 725 1494 795 κρείττονος
1538 723 1718 777 ἑπιλο·

144 813 368 883 γισμοῦ,
395 814 717 884 ἐμπαγῆναι
761 816 875 877 τοῖς
923 815 1037 884 βίου
1067 816 1332 884 τέλμασιν
1358 832 1370 846 ·
1397 818 1487 868 καὶ
1512 817 1620 886 γὰρ
1649 812 1718 887 ἦν

143 906 488 972 ἀναγνώσεσι
513 905 798 976 προσέχων
825 905 946 959 ἀντὶ
977 908 1245 975 παιγνίων
1273 922 1284 936 ’
1316 906 1374 958 ἐν
1415 923 1475 960 τε
1512 908 1715 978 ἐκκλη-

146 997 288 1060 σίαις
342 995 725 1067 προσεδρεύων
758 997 880 1051 ἀντὶ
929 997 1302 1068 θεάτρων,καὶ
1370 1001 1427 1051 ὲν
1477 998 1718 1068 σεμνίοις

147 1089 618 1160 ἀναστρεφόμενος
644 1088 767 1141 ἀντὶ
802 1090 1053 1161 ἅσὲμνων
1097 1090 1462 1159 καταγωγίων
1486 1106 1501 1121 ο
1535 1091 1627 1144 καί
1652 1108 1714 1159 γε

145 1182 202 1234 τὺ
231 1181 780 1253 ἁξιεπαινετώτερον,
813 1183 1196 1254 ἐξαγορεύσεις
1259 1185 1579 1254 ποιούμενος
1609 1185 1716 1239 τῶν

146 1275 391 1344 κρυφίων
415 1272 513 1326 τοῦ
555 1273 648 1327 νοῦ
693 1275 1008 1346 κινημάτων
1042 1294 1100 1330 τε
1135 1277 1229 1330 καὶ
1271 1277 1568 1348 δραμάτων
1610 1279 1718 1330 τινὶ

142 1367 247 1418 τῶν
308 1364 774 1435 καθηγουμένων·
808 1366 836 1419 ὃ
882 1366 983 1437 τῆς
1031 1368 1130 1436 μὲν
1171 1368 1381 1422 ἐκείνου
1439 1369 1716 1438 φιλοθετας

146 1457 356 1525 ὑπῆρχε
396 1455 684 1525 σύμϐολον⁹
712 1455 806 1509 τοῦ
835 1456 889 1509 δὲ
923 1458 1023 1527 τὴν
1045 1457 1398 1529 ἐξαγόρευσιν
1425 1461 1716 1531 δεχομένου

147 1547 485 1614 κατέπληττε
507 1545 605 1616 τὴν
633 1546 897 1611 διάνοιαν,
927 1547 1288 1614 τολειωτικῶς
1320 1550 1625 1622 γινόμενον.

208 1643 278 1708 η’.
316 1636 488 1689 Ὅθεν
525 1636 736 1708 ἐπάρας
771 1638 832 1690 τὸ
877 1639 978 1709 τῆς
1015 1639 1253 1703 διανοίας
1292 1641 1446 1711 ὄμμα
1489 1642 1581 1694 ἐπὶ
1618 1642 1717 1706 τὰς

145 1726 248 1778 τῶν
288 1726 477 1779 ἀϊδίων
537 1725 773 1797 θεωρίας
802 1767 816 1791 ,
865 1728 958 1780 καὶ
1000 1727 1081 1798 τῷ
1149 1729 1357 1782 ἐκεῖθεν
1414 1731 1715 1800 πτερωθεὶς

147 1817 332 1886 ἔρωτι,
376 1815 736 1870 σόέννυσιτδν
797 1818 946 1871 κάτω
1005 1817 1188 1882 πόθον,
1219 1820 1311 1872 καὶ
1358 1822 1502 1873 ποιεῖ
1539 1822 1598 1872 τὸ
1617 1819 1712 1873 τοῦ

145 1908 288 1960 θείου
333 1907 625 1960 Ἀντωνίου
659 1908 686 1959 6
721 1907 1040 1975 Θαυμάσιος.
1073 1910 1259 1964 Πάντα
1284 1911 1391 1982 γὰρ
1425 1912 1714 1984 διαπιπρά-

146 2014 241 2061 σας
272 1998 375 2048 σὺν
397 1997 536 2066 αὐτῇ
568 1998 632 2066 τῇ
663 2000 903 2068 πατρικῇ
927 1998 1105 2069 ἑστίᾳ,
1136 1999 1231 2052 καὶ
1261 2003 1494 2070 πτωχοῖς
1519 2001 1716 2054 διανεί-

147 2103 267 2154 μας,
309 2086 439 2149 τούς
466 2103 526 2139 τε
554 2088 773 2151 οἰκέτας
818 2087 1210 2160 ἐλευθερώσας,
1277 2092 1371 2144 καὶ
1399 2094 1519 2157 ταῖς
1564 2093 1716 2148 δυσὶν

143 2180 394 2247 ἀδελφαῖς
424 2179 628 2250 βραχέα
645 2180 768 2234 τινὰ
793 2180 1144 2250 καταλείψας,
1188 2181 1412 2248 ἔξεισιν·
1449 2185 1717 2255 Ἀδραμι-

143 2272 232 2342 ei;
260 2271 545 2342 προθέσει,
575 2272 676 2322 οὐκ
709 2272 790 2333 είς
820 2271 917 2334 τὰς
948 2271 1180 2340 ἐγγύθεν
1222 2279 1416 2343 κώμας
1436 2274 1712 2345 ἀσκήσων,

143 2364 253 2416 ἀλλ’
279 2359 388 2417 ὧδέ
434 2380 540 2415 που
565 2362 783 2432 μακρὰν
803 2363 1158 2434 ἀποδραμῶν,
1185 2367 1244 2418 ἐν
1263 2368 1376 2428 τοῖς
1395 2365 1488 2419 τοῦ
1514 2365 1714 2436 Ὀλύμ-

145 2470 242 2506 mu
273 2455 491 2524 μέρεσι,
523 2451 669 2505 κατὰ
697 2452 788 2504 τὸν
820 2454 1208 2524 ύποδειχθέντα
1242 2455 1391 2527 αὐτῷ
1418 2459 1568 2527 παρά
1608 2474 1716 2511 τινι

141 2546 244 2597 τῶν
277 2548 337 2598 ὲν
379 2545 533 2597 ἄστει
581 2543 1021 2615 ὰρχιμανδριτῶν
1064 2545 1233 2598 τόπον
1270 2546 1365 2600 καὶ
1395 2547 1586 2618 ἄνδρα,
1620 2549 1712 2600 τοῦ

145 2636 240 2700 μὲν
292 2634 609 2705 Συμϐόλους
659 2633 1117 2705 ἔπικεκλημένου,
1153 2635 1247 2690 τοῦ
1304 2638 1362 2690 δὲ
1391 2637 1712 2694 Θεοκτίστου

141 2725 643 2795 ἑπονομαζομένου,
685 2721 747 2781 οὗ
774 2728 804 2780 6
863 2727 1064 2799 τρόπος
1125 2727 1350 2796 ἀγαθὸς,
1377 2729 1436 2782 τό
1471 2747 1528 2782 τε
1559 2734 1714 2798 γένος

145 2815 530 2885 περίϐλεπτον,
563 2816 662 2869 καὶ
698 2816 759 2869 τὸ
814 2817 967 2881 τέλος
1017 2819 1186 2873 ὅσιον.
1234 2819 1380 2872 Ἀλλ’
1409 2819 1496 2872 οἷα
1544 2822 1638 2874 καὶ
1679 2822 1712 2892 ἡ

143 2907 526 2977 ἁναχώρησιςς
569 2908 803 2978 Μνήμης
833 2909 916 2961 ὅτι
955 2909 1190 2977 μάλιστα
1219 2911 1343 2980 ἐμοὶ
1373 2911 1521 2977 ἀξία,
1545 2911 1712 2966 ἀκού·-

141 3005 256 3055 ουσί
294 3019 358 3054 τε
389 3001 737 3067 κατανύξεως
775 3003 974 3073 ἔχουσα
996 3005 1287 3074 φάρμακον
1311 3020 1326 3034 ⁸
1353 3006 1461 3059 ἀπὸ
1483 3007 1591 3077 γὰρ
1614 3008 1712 3077 τῆς

144 3095 402 3166 πατρίδος
451 3095 672 3158 ἀπάρας
721 3093 843 3164 μεθ’
861 3097 980 3160 ἐνὸς
1025 3095 1437 3167 θυμηρεστάτου
1475 3098 1710 3165 οίκέτου,

146 3187 406 3240 καὶκατὰ
455 3187 583 3250 τοὺς
621 3187 946 3256 λεγομένους
996 3188 1249 3252 Βασιλεῖς
1295 3189 1571 3260 ὲφθακὼς,
1609 3191 1714 3245 ὑπό
1739 3216 1782 3274 ο

144 3293 201 3331 τε
227 3278 444 3347 λόχμην
468 3277 593 3330 τινὰ
617 3278 821 3344 εἰσδὺς,
849 3279 1022 3349 κείρει
1055 3282 1156 3350 μὲν
1186 3279 1284 3352 τὴν
1308 3281 1487 3353 κόμην
1507 3282 1584 3335 τὼ
1605 3285 1716 3353 χεῖ-

147 3386 207 3439 ρε
229 3369 324 3423 τοῦ
352 3369 654 3440 ἑπομένου,
694 3371 1170 3440 μετενδιδύσκεται
1198 3372 1255 3426 δὲ
1293 3374 1393 3444 τὴν
1437 3376 1602 3443 φαιὰν
1629 3376 1717 3430 ὲσ-

146 3461 302 3531 Θῆτα,
353 3461 431 3524 ὥς
463 3478 584 3515 τινα
628 3463 959 3534 πορφυρίδα.
1006 3464 1113 3517 Καὶ
1152 3464 1213 3517 τὸ
1256 3464 1438 3536 ὅραμα
1488 3467 1716 3537 ﬂuxos;

146 3551 252 3604 Τοῦ
305 3552 410 3621 μὲν
456 3553 850 3624 χωριζομένου,
905 3553 1000 3608 καὶ
1050 3555 1232 3610 οτκαδε
1273 3558 1549 3611 ἐπανιέναι
1579 3561 1717 3628 μετὰ

146 3643 250 3695 τῶν
309 3645 806 3713 άπαμφιααμάτων
868 3650 1359 3718 παρεγγυωμένου,
1393 3651 1496 3703 κάν
1540 3651 1716 3722 τούτῳ

148 3731 387 3803 θρήνοις,
418 3733 494 3796 ὡς
524 3732 584 3785 τὸ
602 3733 770 3798 εἰκὸς,
797 3733 1124 3805 βαλλομένου
1163 3737 1252 3791 διὰ
1274 3741 1370 3809 τὴν
1395 3739 1720 3812 δεσποτικὴν

153 3826 404 3896 ςτέρησιν
429 3841 441 3854 ·
479 3823 633 3878 τοῦδε
688 3827 1000 3894 μονωτάτου
1053 3829 1192 3898 μετὰ
1234 3829 1369 3883 Θεοῦ
1402 3833 1722 3898 ἐγκαταλει-

147 3912 394 3985 φθέντος,
457 3917 596 3989 ὑπὲρ
649 3910 711 3970 οὗ
759 3918 853 3970 καὶ
886 3919 957 3971 δι’
983 3919 1042 3972 δν
1087 3920 1146 3973 τὸ
1177 3921 1384 3991 δρᾶμα.
1411 3920 1663 3988 Τοιοῦτος
1691 3925 1721 3978 6

148 4009 286 4072 θεῖος
309 4009 476 4078 ἔρως,
508 4008 729 4062 πάντων
762 4007 990 4072 έξιστῶν
1020 4010 1112 4065 τὸν
1141 4013 1395 4085 ἐραστὴν,
1433 4016 1528 4067 καὶ
1587 4016 1717 4086 περὶ

146 4101 304 4153 αὑτὸν
368 4099 537 4171 μόνον
601 4098 851 4167 συνάγων
901 4102 1002 4172 τὴν
1057 4102 1244 4172 ἑφεσιν
1314 4105 1712 4178 πνρπολουμέ-

148 4208 208 4262 ,η
212 4210 240 4244 ν

735 4333 986 4390 ΚΕΦᾹΛ.
1050 4336 1125 4389 B’.

1817 629 2377 702 opulentioribusque.
2411 631 2516 689 Sed
2548 635 2765 693 divinus
2818 653 2996 708 amor,
3049 657 3210 713 quem
3266 646 3380 716 ipso

1818 736 1951 776 usus
1987 723 2220 778 consilio
2248 723 2455 780 meliori
2485 727 2589 783 sibi
2632 732 2976 798 accenderat,
3008 749 3114 790 non
3173 740 3380 805 permi~

1817 813 1888 868 sit
1931 822 1992 868 ut
2021 817 2299 872 satcularis
2332 817 2455 872 vita:
2515 821 2745 878 salebris
2797 824 3109 883 inhaereret.
3163 829 3377 886 Etenim

1818 904 2083 962 lectiones
2105 922 2204 976 pro
2229 907 2396 972 ludis,
2429 912 2690 969 ecclesias
2730 930 2828 984 pro
2883 918 3132 986 theatris,
3192 938 3380 977 mona-

1817 995 1980 1048 steria
2005 1009 2102 1064 pro
2129 999 2520 1054 conventiculis
2551 1002 2944 1070 impudicorum
2978 1007 3258 1066 hominum
3274 1011 3382 1067 fre-

1815 1083 2109 1150 quentabat
2144 1101 2158 1138 :
2193 1096 2246 1138 et
2281 1085 2424 1155 quod
2465 1087 2792 1147 laudabilius
2821 1102 2923 1159 est,
2950 1094 3380 1166 hegumenorum

1816 1173 2033 1228 cuidam
2067 1175 2313 1231 occultos
2343 1177 2510 1233 animi
2535 1180 2618 1234 sui
2651 1193 2832 1239 motus
2863 1184 3199 1258 affectusque
3247 1207 3381 1246 con-

1818 1267 1975 1320 litens
2001 1306 2017 1332 ,
2049 1265 2321 1336 praebebat
2345 1268 2430 1324 sui
2469 1285 2597 1341 erga
2637 1270 2802 1329 Deum
2858 1278 3061 1333 amoris
3118 1279 3379 1336 indicium

1816 1356 2208 1426 manifestum;
2240 1359 2612 1419 confessiones
2660 1381 2791 1421 vero
2825 1369 3135 1426 audientem
3189 1374 3380 1444 imple-

1817 1447 1910 1501 hat
1935 1447 2293 1505 admiratione
2315 1461 2424 1506 tam
2456 1466 2846 1513 consummata:
2893 1460 3273 1530 perfectionis.

1887 1623 1942 1679 8.
1975 1626 2114 1682 Hinc
2179 1643 2276 1699 per
2332 1641 2722 1704 perpurgatum
2781 1639 2981 1695 mentis
3035 1643 3258 1698 oculum
3305 1646 3378 1702 ad

1816 1719 2275 1786 sempiternarum
2308 1736 2487 1777 rerum
2519 1729 3034 1798 contemplationem
3061 1734 3376 1804 sublevans,

1817 1805 2140 1876 illarunique
2170 1824 2435 1868 accensus
2467 1828 2675 1880 amore,
2706 1825 2981 1875 terrenum
3032 1839 3194 1879 omne
3234 1826 3378 1882 (ἰθεῖα

1819 1896 2029 1950 derium
2062 1898 2368 1967 exstinxit;
2406 1910 2460 1956 et
2492 1903 2738 1959 divinum
2777 1907 3024 1966 imitatus
3049 1910 3375 1976 Antonium.

1816 1987 2108 2045 divenditis
2132 1992 2404 2057 omnibus,
2433 2011 2538 2049 una
2569 2012 2692 2050 cum
2724 2010 2955 2067 paterno
2986 2002 3099 2058 lare
3126 2014 3180 2058 et
3203 2007 3378 2062 servis

1816 2079 2064 2134 libertate
2088 2081 2324 2148 donatis,
2365 2084 2627 2154 majorem
2663 2089 2881 2157 quidem
2909 2101 3115 2161 partem
3178 2095 3374 2150 distri-

1816 2169 1934 2224 buit
1984 2171 2349 2241 pauperibus;
2401 2174 2616 2232 duabus
2684 2189 2863 2234 autem
2923 2185 3203 2240 sororibus
3261 2188 3379 2244 suis

1822 2261 2097 2317 modicum
2131 2265 2259 2329 quid
2291 2266 2542 2334 reliquit;
2575 2278 2630 2321 et
2665 2268 2999 2325 Abrahamia
3049 2277 3380 2345 promptitu-

1815 2353 1943 2408 dine
1969 2355 2158 2417 exivit,
2200 2371 2308 2411 non
2342 2357 2393 2412 in
2429 2359 2632 2414 vicinas
2667 2361 2845 2428 villas,
2886 2367 3232 2423 exerciturus
3288 2385 3378 2423 se-

1816 2450 2026 2518 ipsuni;
2056 2452 2150 2507 sed
2177 2451 2387 2520 longius
2416 2453 2685 2508 abscurrit
2734 2456 2784 2509 in
2827 2467 3005 2525 partes
3036 2458 3243 2531 Olympi
3277 2464 3376 2534 (5),

1816 2540 1882 2593 ad
1919 2540 2092 2595 virum
2124 2541 2429 2612 locumque,
2462 2547 2532 2598 ab
2556 2546 2740 2615 aliquo
2772 2562 2961 2602 eorum
2994 2550 3089 2618 qui
3136 2552 3190 2606 in
3243 2556 3377 2608 urbe

1813 2640 1972 2685 erant
2017 2632 2570 2688 archimandritarum
2623 2636 2727 2691 sibi
2797 2647 3184 2713 monstratum.
3235 2641 3378 2701 Loco

1815 2722 2185 2792 symboloruni
2217 2723 2317 2794 (6),
2349 2725 2465 2778 viro
2496 2723 2793 2780 Theoctisti
2824 2743 3017 2783 nomen
3050 2741 3186 2799 erat,
3221 2736 3379 2805 cujus

1815 2815 1926 2868 vita
1958 2815 2150 2884 proba,
2184 2830 2356 2884 genus
2377 2816 2603 2881 illustre,
2635 2818 2815 2874 exitus
2841 2831 3065 2877 sanctus
3085 2823 3206 2880 fuit.
3236 2827 3382 2894 Qua-

1815 2907 1882 2962 lis
1911 2916 2090 2960 autem
2118 2907 2394 2964 discessus
2428 2907 2674 2963 Platonis
2705 2926 2734 2963 e
2765 2911 2937 2980 patria
2989 2913 3175 2982 fuerit,
3247 2920 3378 2974 mihi

1814 2999 2033 3070 quidem
2068 2999 2333 3054 memoria
2371 3001 2624 3070 dignum,
2659 3003 3010 3059 audientibus
3037 3021 3170 3063 vero
3228 3025 3380 3064 com-

1815 3089 2129 3160 punctionis
2161 3100 2540 3159 argumentum
2579 3089 2696 3145 fore
2727 3092 2960 3160 videtur,
3005 3096 3049 3149 si
3084 3111 3378 3167 exponam.

1815 3182 1995 3236 Abivit
2019 3197 2142 3236 cum
2179 3196 2290 3235 uno
2324 3182 2441 3237 solo
2478 3182 2800 3239 charissimo
2823 3184 3046 3252 famulo,
3077 3198 3131 3243 et
3160 3191 3224 3244 ad
3254 3207 3378 3246 eum

1814 3274 2139 3344 perveniens
2153 3273 2331 3327 locum
2355 3273 2447 3342 qui
2467 3272 2643 3343 Reges
2659 3275 2874 3341 dicitur,
2889 3287 3050 3346 atque
3066 3279 3380 3347 speluncam

1817 3367 2106 3437 quamdam
2141 3365 2470 3436 ingrediens,
2512 3368 2792 3420 caesariem
2823 3383 2977 3423 suam
3008 3371 3196 3426 comiti
3244 3388 3388 3442 prae-

1816 3459 1934 3514 buit
1965 3457 2384 3525 attondendam;
2419 3457 2614 3512 deinde
2641 3459 2786 3527 pulla
2820 3470 2968 3514 veste
3003 3477 3061 3515 se
3114 3466 3378 3529 amicivit,

1817 3560 2074 3620 tanquam
2109 3549 2153 3606 si
2184 3565 2484 3620 purpuram
2519 3549 2805 3606 induisset.
2843 3551 3015 3618 Quale
3051 3565 3228 3610 autem
3265 3574 3381 3627 spe-

1817 3641 2108 3705 ctaculum,
2143 3656 2266 3696 cum
2300 3655 2442 3695 unus
2495 3641 2714 3711 quidem
2768 3657 3111 3709 recessurus,
3158 3645 3378 3713 jubere-

1819 3744 1908 3788 tur
1937 3733 2113 3787 redire
2150 3731 2371 3787 domum
2403 3747 2528 3787 cum
2572 3735 2833 3798 vestibus,
2866 3743 2920 3788 et
2971 3735 3113 3800 ideo,
3170 3747 3228 3791 ut
3285 3754 3381 3807 par

1817 3833 1972 3888 erat,
2005 3821 2422 3893 perfunderetur
2460 3822 2738 3893 lacrymis,
2787 3823 3012 3879 domino
3053 3841 3154 3880 suo
3179 3830 3379 3896 privari

1817 3913 2038 3978 dolens;
2072 3912 2206 3966 alter
2236 3926 2362 3965 vero
2395 3911 2822 3981 relinqueretur,
2863 3915 3014 3969 solus
3063 3933 3186 3971 cum
3247 3917 3379 3981 Deo,

1816 4015 2032 4075 propter
2070 4018 2230 4072 quem
2263 4018 2350 4058 res
2389 4013 2499 4057 tota
2535 4005 2818 4073 agebatur.
2848 4004 3000 4061 Talis
3054 4010 3243 4077 utique
3298 4019 3379 4064 est

1818 4097 2035 4150 divinus
2065 4108 2243 4158 amor,
2283 4093 2538 4148 omnibus
2569 4094 2732 4150 rebus
2787 4097 3057 4166 exspoliat
3107 4109 3378 4153 amantem

1818 4203 1870 4249 et
1897 4193 1966 4248 ad
1991 4208 2050 4246 se
2079 4190 2257 4247 solum
2290 4189 2459 4245 trahit
2487 4191 2770 4247 incensum
2831 4191 2980 4249 illius
3018 4194 3372 4251 desiderium.

2481 4329 2636 4387 CAP.
2668 4329 2732 4386 ll.

1239 4453 1361 4509 Vita
1398 4457 1713 4524 monastt'ca,
1743 4459 1997 4514 virtutum
2029 4454 2302 4510 exercitia.

215 4570 278 4625 θ’.
320 4566 550 4638 Ἐπειδὴ
586 4566 644 4620 δὲ
705 4569 968 4638 φοιτήσας
1027 4567 1166 4638 πρὸς
1224 4567 1316 4621 τὸν
1363 4569 1712 4640 παιδοτρίϐην

1893 4565 2188 4636 Postquam
2227 4573 2408 4619 autem
2443 4563 2509 4617 ad
2541 4563 2859 4633 magistrum
2895 4565 3149 4631 venisset,
3216 4577 3377 4638 atque

147 4662 423 4736 ἠρωτήθη,
455 4661 609 4723 ὅστις
639 4658 747 4728 εἴη,
779 4659 873 4712 καὶ
933 4659 1055 4713 ὅθεν
1106 4661 1386 4732 ὥρμηται,
1448 4661 1540 4712 καὶ
1590 4661 1713 4713 ὅτου

150 4757 304 4828 χάριν
335 4757 370 4826 ή
430 4751 722 4824 ἐπιδημία,
755 4752 970 4820 εὐαγεῖς
1000 4753 1138 4824 πρὸς
1172 4754 1409 4825 ἑκάστην
1443 4753 1551 4806 τῶν
1580 4753 1715 4823 ὲρω-

150 4851 353 4920 τὴσεων
384 4847 486 4909 τὰς
512 4844 831 4915 ἀποκρίσεις
859 4844 1028 4897 ἐδίδου
1060 4862 1074 4875 ·
1109 4846 1202 4900 τοῦ
1229 4846 1286 4900 δὲ
1332 4846 1713 4918 μεμαθηκότος

150 4943 246 5009 τήν
273 4957 330 4992 τε
363 4936 627 5007 πατρίδα,
651 4935 712 4989 τὸ
737 4935 910 5003 γένος,
930 4936 1024 4990 καὶ
1046 4937 1147 5006 τὴν
1175 4936 1508 5006 ἀνατροφήν·
1543 4935 1710 4988 Οῠπω

157 5029 373 5100 ἰσχύεις,
408 5029 596 5097 φησιν,
627 5027 683 5080 ὲν
715 5025 840 5096 τῇδε
864 5028 928 5096 τῇ
953 5024 1098 5079 θέσει
1146 5025 1242 5080 τοῦ
1299 5027 1487 5092 τόπου,
1545 5027 1709 5096 σκλη-

1819 4660 2210 4727 interrogatus,
2243 4655 2384 4725 quis,
2416 4655 2580 4720 unde,
2627 4670 2735 4724 qua
2772 4670 2935 4709 causa
2967 4658 3194 4725 veniret,
3257 4674 3379 4730 apte

1821 4751 2188 4820 respondisset
2211 4747 2278 4801 ad
2333 4744 2584 4814 singula;
2645 4744 2733 4797 ille
2786 4744 3037 4813 patriam,
3107 4762 3277 4817 genus
3325 4759 3380 4804 et

1821 4839 2193 4894 educationem
2227 4836 2475 4890 edoctus.
2506 4832 2623 4887 Non
2655 4836 2881 4902 poteris,
2911 4835 3109 4905 inquit,
3169 4838 3223 4892 in
3279 4840 3381 4896 hac

1821 4931 2062 5000 regione,
2096 4927 2234 4982 haud
2261 4940 2681 4996 parumaspera,
2714 4928 3074 4981 monasticum
3109 4930 3378 4987 sustinere

1820 5024 2080 5077 laborem.
2119 5020 2215 5074 Cui
2249 5018 2450 5074 Christi
2490 5018 2640 5088 pugil
2673 5035 2688 5072 :
2719 5016 2932 5086 Omnia,
2985 5018 3163 5089 Pater,
3220 5025 3378 5079 trado

1668 5159 1896 5214 NOTJE.

219 5277 295 5348 (5)
343 5296 360 5327 ι
397 5277 460 5330 S.
496 5272 816 5348 Joannicius
865 5276 948 5345 (ut
980 5275 1034 5330 in
1086 5274 1210 5348 ejus
1239 5273 1359 5327 Vita
1385 5274 1418 5328 ι
1449 5273 1707 5348 Novemb.

157 5344 363 5420 legitur)
404 5359 530 5420 cum
562 5344 1068 5420 vidisset_m0nte_m,
1123 5346 1212 5414 qui
1271 5344 1636 5420 supereminet
1682 5361 1709 5395 ιι

158 5412 372 5491 (ιὲχιετέι
404 5416 694 5491 Bithynia,
719 5415 809 5483 qui
853 5417 994 5491 apud
1037 5412 1390 5470 nos—vocatur
1429 5412 1710 5491 Olympus,

157 5489 402 5555 concepit
443 5487 626 5563 animo
647 5486 1082 5563 vitamquietam
1115 5495 1167 5538 et
1191 5491 1484 5563 amantem
1521 5486 1713 5563 solitu-

159 5553 335 5614 dinis.
357 5577 375 5608 ι
416 5557 488 5609 De
515 5569 581 5608 eo
615 5555 833 5624 loco_agi
859 5553 1072 5608 constat
1099 5571 1161 5609 ex
1191 5553 1308 5608 Vita
1342 5556 1398 5608 S.
1421 5554 1711 5618 'l'heodori,

160 5632 244 5683 ubi
283 5626 560 5686 monachi,
590 5626 680 5691 qui
716 5619 925 5694 Olfinpi
952 5635 1131 5694 partes
1181 5626 1445 5688 incolunt,
1495 5624 1559 5694 ad
1591 5639 1713 5677 eum

162 5703 224 5753 ab
251 5699 445 5751 exsilio
474 5697 727 5747 i'educem
769 5691 822 5747 in
865 5691 1112 5762 Bithynia
1147 5702 1509 5750 accesserunt.
1543 5691 1596 5746 In
1626 5708 1718 5746 ea-

165 5771 279 5822 dem
316 5769 433 5821 γεω
462 5765 665 5817 dicitur
699 5762 755 5816 S.
788 5762 940 5818 Plato
969 5781 998 5817 ιι
1039 5767 1240 5819 teneris
1268 5765 1429 5818 annis
1479 5772 1714 5816 montem

166 5839 368 5906 Olympi
402 5835 699 5887 incoluisse

357 5928 640 5985 Ρλτηοι..
682 5925 794 5980 Gn.
844 5922 1068 5982 XCIX.

1891 5274 1963 5342 (6)
1994 5271 2198 5326 Colitur
2232 5271 2292 5324 2|
2341 5270 2498 5342 Febr.
2550 5278 2772 5342 sanctus
2804 5268 3144 5342 Timotheus,
3181 5271 3273 5341 qui
3325 5271 3378 5327 in

1822 5339 2094 5407 Symbolis
2134 5343 2296 5394 vitam
2323 5340 2756 5393 anachoreticam
2787 5339 2963 5396 duxit.
2981 5339 3234 5407 Ejusdem
3269 5357 3382 5394 mo-

1821 5403 2038 5466 nasterii
2087 5412 2226 5465 facta
2259 5421 2340 5464 cst
2384 5410 2584 5462 mentio
2631 5410 2718 5462 die
2768 5410 2923 5464 tertia
2954 5403 3230 5479 Aprilisin
3261 5409 3378 5464 Vita

1823 5484 1881 5535 S.
1915 5483 2132 5542 Nieetae,
2167 5498 2315 5534 num.
2351 5497 2410 5532 ll.
2437 5480 2589 5543 Quod
2626 5489 2806 5533 autem
2843 5481 2927 5534 hic
2961 5483 3170 5548 legatur
3197 5480 3380 5534 Graece

1822 5554 1912 5604 τυῦ
1951 5553 2254 5621 Συμὸόλους
2283 5549 2734 5621 ἐπικεκλημένοι),
2771 5565 2876 5603 non
2931 5549 3244 5619 Συμϐόλων,
3306 5552 3379 5603 nli

1824 5624 1947 5677 istic
1970 5620 2184 5692 legitur,
2213 5637 2314 5674 nos
2349 5620 2695 5688 suspicamur
2721 5625 3122 5692 esscrniendum
3151 5621 3379 5683 librarii,

1826 5708 1948 5746 cum
1977 5690 2184 5762 primus
2226 5693 2328 5745 isue
2359 5692 2627 5762 genitivus
2667 5705 2693 5742 a
2751 5690 2901 5743 nullo
2939 5692 3271 5745 nominativo
3300 5706 3368 5742 re

1824 5760 2080 5830 gularitcr
2123 5762 2245 5814 duci
2281 5760 2468 5828 possit.

2995 5914 3068 5970 26
