3926 6430
584 386 684 454 811

1735 372 1799 436 S.
1836 364 2221 432 THEODORI
2274 363 2616 427 STUDITA!

3706 358 3803 422 812

583 499 701 567 tibi;
729 504 982 560 mentem,
1013 503 1234 562 corpus,
1265 495 1320 545 et
1354 484 1709 549 voluntatem,
1742 491 1911 545 utere,
1962 489 2025 535 ut
2046 477 2137 533 lu-

2251 464 2519 548 ραγωγίαν
2534 474 2594 528 οὐ
2614 474 2711 546 τὴν
2734 472 3001 545 τυχοῦσαν
3028 473 3250 546 ἐχούσῃ,
3268 472 3360 527 τὸν
3393 470 3558 525 κόπον
3587 468 3684 523 τοῦ
3717 488 3805 541 μο-

584 595 675 648 bet
701 588 909 645 famulo
942 595 1059 648 tuo.
1106 586 1159 639 in
1198 580 1417 639 cunctis
1440 579 1793 633 obsecuturo.
1832 572 1877 629 Ο
1901 571 2139 628 admira-

586 682 710 737 bilis
741 676 1001 751 pr0positi
1038 673 1298 730 indicium
1329 672 1343 724 l
1394 682 1428 723 ο
1462 664 1816 723 mirabilioris
1858 661 2141 718 renuntia-

584 773 749 829 tionis
781 766 1197 841 argumentum!
1245 762 1410 817 Istius
1465 757 1708 829 quidem,
1762 753 1889 824 quia
1930 752 1984 806 in
2022 752 2139 821 ipso

582 863 758 919 aetatis
785 860 939 925 flore,
962 858 1015 911 in
1050 868 1310 926 prospero
1340 862 1598 906 successu
1656 845 2019 915 negotiorum,
2045 854 2141 911 spe

584 956 790 1025 optima
830 964 1015 1007 rerum
1052 947 1318 1016 majorum
1350 940 1653 1013 proposita,
1686 934 1891 990 divitiis
1917 933 2141 988 affluen-

586 1054 753 1117 tibus,
807 1044 1261 1113 circumfulgente
1285 1039 1478 1111 gloria,
1521 1037 1739 1104 vigente
1790 1044 2042 1099 corpore,
2086 1028 2141 1082 in

584 1141 789 1216 proprii
816 1138 1029 1194 arbitrii
1058 1134 1388 1190 constitutus
1445 1130 1716 1190 libertate,
1775 1122 1968 1178 habuit
2012 1119 2145 1174 dile-

582 1211 820 1287 itionem
848 1243 976 1299 erga
1027 1226 1194 1280 Deum
1255 1222 1377 1277 istis
1430 1215 1683 1273 omnibus
1754 1211 2141 1282 superiorem:

585 1324 833 1386 alterius,
871 1319 1015 1392 quod
1072 1318 1275 1390 optime
1329 1313 1636 1377 consultus,
1688 1322 1798 1363 non
1857 1303 1933 1359 uti
1987 1301 2143 1357 multi

587 1428 757 1478 nunc,
804 1411 1077 1475 simulate,
1111 1416 1228 1470 aut,
1260 1416 1320 1460 ut
1351 1402 1523 1473 magis
1557 1398 1775 1470 proprie
1806 1396 1996 1466 loquar
2025 1406 2144 1447 om-

586 1508 719 1561 nino
751 1519 856 1559 non
898 1501 1273 1558 renuntiantes
1327 1495 1549 1557 mundo,
1596 1493 1770 1547 eidem
1828 1502 1888 1543 se
1942 1500 2145 1539 renun—

588 1597 723 1651 tiare
749 1592 1026 1665 professus
1059 1591 1169 1656 sit;
1214 1584 1306 1641 sed
1340 1579 1796 1655 quemadmodum
1853 1588 1979 1629 vere
2027 1572 2144 1647 ipsa

588 1699 677 1741 res
712 1664 897 1752 exigit.
926 1681 1002 1735 llli
1030 1679 1320 1749 siquidem,
1355 1673 1540 1729 nescio
1581 1685 1691 1741 quo
1733 1667 1917 1731 modo,
1992 1664 2145 1719 obliti

586 1777 730 1848 quod
757 1775 887 1829 dicit
920 1772 1184 1827 Dominus
1217 1787 1230 1821 :
1267 1766 1373 1831 Qui
1398 1780 1501 1819 non
1557 1758 1930 1816 renuntiaverit
1974 1755 2145 1809 omni-

2238 566 2403 638 ναχοῦ
2420 568 2918 637 ὑπομεμενηκέναι.
2940 566 3082 637 Πρὸς
3100 565 3160 619 δν
3172 567 3200 618 ό
3216 562 3310 625 τοῦ
3325 561 3559 632 Χριστοῦ
3575 561 3803 629 πύκτης

2241 660 2427 713 Πάντα
2456 675 2559 723 σοι,
2584 652 2630 712 ὦ
2684 659 2884 729 Πάτερ,
2914 657 3238 727 ἀποδίδωμι,
3272 655 3369 711 καὶ
3398 654 3548 717 νοῦν,
3592 654 3693 708 καὶ
3719 652 3805 707 θέ-

2244 748 2415 819 λημα,
2446 749 2542 804 καὶ
2576 748 2757 819 σῶμα,
2793 747 2912 820 χρῶ
2945 746 3027 819 τῷ
3051 746 3129 818 σῷ
3157 745 3343 816 οἰκέτῃ
3373 746 3448 807 ὡς
3481 744 3549 798 ἂν
3606 742 3804 813 βούλοι,

2243 840 2441 895 είκοντί
2476 856 2557 894 σοι
2586 839 2727 894 κατά
2772 840 2972 895 πάντα.
3007 834 3079 891 *Ω
3138 834 3445 908 θαυμασίας
3499 833 3805 904 προθέσεως

2244 928 2538 996 ἀπόδειξις,
2569 932 2665 985 καὶ
2693 930 3140 1001 θαυμασιωτέρας
3171 929 3454 999 ἀποταγῆς
3506 926 3805 989 ὑπόθεσιςι

2243 1021 2345 1091 τῆς
2384 1022 2503 1092 μὲν,
2534 1022 2616 1074 δτι
2640 1022 2699 1074 ἐν
2725 1021 2872 1091 αὐτῷ
2905 1021 2985 1091 τῷ
3021 1014 3174 1075 ἀνθὲι
3208 1019 3311 1089 τῆς
3360 1018 3580 1089 ἡλικίας
3602 1057 3618 1079 ,
3650 1016 3806 1070 κατὰ»

2247 1110 2375 1183 ῥοῦν
2401 1111 2550 1183 αὐτῷ
2572 1110 2897 1184 χωρούντων
2920 1112 3030 1166 τῶν
3055 1112 3414 1182 πραγμάτιον,
3441 1108 3556 1162 τῶν
3576 1107 3810 1160 ἐλπίδων

2244 1204 2626 1274 χρηστοτέρων
2653 1202 3124 1272 ὑποδαλλομένων,
3161 1201 3391 1256 πλούτου
3421 1198 3810 1271 προκειμένου,

2243 1292 2402 1363 δόξης
2475 1292 2986 1366 ὑπαστραπτούσης,
3044 1292 3246 1363 σαρκὸς
3297 1290 3642 1362 σφριγώσης,
3719 1290 3811 1343 καὶ

2243 1380 2417 1439 ταῦτα
2449 1386 2545 1440 σὺν
2605 1385 2990 1458 αὐτοκρατείᾳ,
3050 1384 3289 1439 νικῶσαν
3335 1384 3493 1453 ἔσχεν
3552 1381 3813 1435 ἁπάντων

2244 1476 2343 1550 τὴν
2376 1479 2456 1541 είς
2506 1477 2640 1532 Θεὸν
2673 1476 2967 1547 ἐπιθυμίαν
2990 1492 3005 1508 ο
3031 1476 3127 1547 τῆς
3150 1476 3227 1539 δὲ,
3279 1475 3361 1529 ὅτι
3408 1474 3614 1542 καίπερ
3670 1470 3813 1527 οὕτω

2247 1568 2446 1639 ἄριστα
2478 1566 2922 1638 βουλευσάμενος,
2954 1567 3015 1619 οὐ
3066 1566 3206 1619 κατά
3252 1566 3380 1627 τοὺς
3430 1563 3662 1627 πολλοὺς
3705 1561 3814 1615 τῶν

2246 1659 2340 1714 νῦν
2370 1659 2737 1724 ἐπιπλάστως,
2766 1658 3092 1726 οίκειότερον
3121 1657 3179 1712 δὲ
3205 1657 3405 1720 εἰπεῖν,
3424 1654 3814 1714 ἀναποτάκτως

2246 1749 2726 1819 ἀποτασσομένων,
2757 1750 2853 1821 τὴν
2876 1748 3154 1820 ἀποταγὴν
3183 1747 3332 1801 ἔθετο
3356 1762 3371 1780 ο
3401 1745 3515 1800 ἀλλ’
3580 1746 3659 1808 ὡς
3710 1746 3816 1798 ἀπ-

588 1820 680 1925 ίτω
712 1884 827 1939 qum
851 1863 1106 1936 possidet,
1140 1878 1241 1916 non
1272 1868 1434 1928 potest
1467 1871 1609 1909 meus
1634 1868 1743 1907 esse
1773 1848 2062 1919 discipulus
2088 1847 2145 1913 ';

2251 1840 2453 1907 ἐδειξεν
2486 1841 2515 1894 ὁ
2541 1839 2743 1912 ἀληθὴς
2766 1841 2943 1909 λόγος.
2975 1842 3039 1894 Οἱ
3072 1840 3170 1910 μέν
3212 1838 3339 1911 γάρ,
3385 1840 3487 1893 οὐκ
3532 1832 3631 1890 οἷδ’
3669 1837 3815 1899 ὅπως

586 1972 640 2016 ct
666 1937 808 2031 quod
841 1955 1143 2026 alibijubet
1176 1971 1189 2007 :
1237 1950 1410 2005 Vende
1435 1947 1611 2002 omnia
1650 1959 1766 2015 qua:
1793 1941 1969 2006 habes,
2004 1948 2053 1993 et
2076 1937 2147 1991 da

589 2049 926 2123 pauperibus,
956 2057 1005 2101 et
1043 2044 1255 2099 habebis
1275 2044 1577 2096 thesaurum
1602 2038 1657 2091 in
1687 2035 1911 2099 chis,et
1939 2047 2149 2102 sequere

590 2158 669 2196 me
694 2144 714 2174 ³
743 2159 759 2209 ;
793 2142 1012 2201 borum,
1046 2138 1291 2207 inquam,
1332 2130 1508 2196 obliti,
1544 2129 1647 2198 ipsi
1687 2127 1789 2182 sibi
1844 2123 2042 2192 templa
2095 2128 2149 2175 et

590 2231 925 2289 monasteria
953 2230 1208 2299 erigunt;
1269 2224 1464 2279 deinde
1502 2220 1856 2275 monasticam
1912 2213 2147 2284 amplexi

592 2321 1010 2394 professionem,
1056 2314 1407 2370 dominantur
1450 2310 1503 2365 in
1534 2307 1792 2378 propriis,
1832 2317 2021 2361 servos
2065 2310 2149 2355 at-

587 2391 693 2487 que
741 2409 1101 2469 substantiam
1131 2406 1339 2460 variam
1370 2410 1491 2473 post
1520 2416 1579 2456 se
1629 2398 1902 2454 trahentes
1931 2412 1947 2460 ;
2030 2391 2147 2448 beri

590 2486 806 2568 novitii,
852 2512 908 2558 et
952 2500 1112 2555 bodie
1144 2498 1406 2561 abbates;
1448 2493 1563 2549 beri
1595 2506 1695 2547 nec
1724 2488 1901 2545 idonei
1931 2486 2145 2558 quidem

590 2600 682 2670 qui
714 2613 773 2653 se
805 2595 1103 2667 prudenter
1136 2588 1398 2659 regendos
1425 2584 1744 2656 praeberent,
1792 2581 1949 2636 bodie
2010 2578 2149 2632 alios

590 2690 839 2761 imperite
870 2700 1056 2754 regere
1083 2688 1509 2755 praesumentes;
1547 2675 1750 2746 quibus
1804 2672 2148 2743 pmlaturam

591 2799 699 2839 non
751 2782 924 2835 virtus
953 2791 1075 2843 sua,
1120 2775 1215 2830 sed
1271 2785 1494 2826 suarum
1552 2768 1869 2821 facultatum
1921 2777 2150 2833 usurpa-

591 2874 666 2929 tio
700 2870 881 2928 attulit
917 2909 931 2922 .
969 2867 1062 2937 qui
1095 2879 1218 2919 cum
1272 2859 1456 2915 multis
1501 2855 1661 2913 annis
1702 2854 2018 2912 debuissent
2067 2852 2149 2907 di-

594 2980 749 3022 scere
800 2960 1073 3032 quomodo
1115 2958 1187 3013 sit
1218 2952 1504 3025 imperanti
1537 2950 1854 3022 parendum,
1891 2957 2052 3016 atque
2076 2945 2147 2998 ita

590 3056 657 3111 ad
720 3054 963 3124 regimen
993 3048 1219 3104 aliorum
1272 3043 1609 3110 ascendere;
1665 3051 1953 3108 antequam
2002 3038 2151 3108 prius

591 3145 732 3201 istud
756 3140 1065 3208 didicerint,
1110 3153 1227 3194 sese
1250 3135 1491 3206 periculo
1518 3135 1775 3203 ingerunt
1830 3129 2143 3200 posteriori,
2175 3145 2219 3204 ρ

591 3247 643 3292 et
673 3235 862 3307 quales
896 3240 1045 3296 sunt,
1080 3229 1214 3284 tales
1243 3227 1408 3282 etiam
1443 3223 1682 3279 eﬂiciunt
1710 3222 1813 3277 sibi
1846 3221 2143 3291 subjectos.

590 3331 687 3383 Ast
719 3327 854 3395 ipse,
878 3330 1159 3393 postquam
1193 3316 1392 3373 saeculo
1404 3331 1528 3370 vere
1556 3314 1941 3378 renuntiasset,
1964 3319 2147 3367 osten-

592 3419 674 3472 dit
708 3413 1074 3471 obedientiam
1130 3409 1349 3463 minime
1378 3405 1612 3460 fucatam
1641 3404 1810 3459 fuisse
1850 3400 2147 3472 :prwcedit

592 3510 739 3565 enim
797 3508 1032 3577 primum
1068 3500 1331 3561 secundo,
1365 3498 1510 3552 sicut
1546 3495 1723 3563 fulgur
1770 3494 2031 3554 tonitruo,
2094 3498 2147 3545 et

591 3598 785 3656 lucifer
814 3596 915 3652 soli
946 3592 1230 3649 exorienti.
1262 3590 1393 3644 Nam
1420 3587 1512 3659 qui
1546 3586 1745 3642 saeculo
1772 3585 1909 3638 bene
1948 3598 2150 3636 renun-

593 3689 829 3753 tiaverit,
862 3689 1067 3741 clarum
1108 3692 1191 3738 est
1218 3681 1360 3750 quod
1385 3679 1547 3733 etiam
1577 3679 1711 3732 bene
1745 3676 1956 3730 obediet
1990 3693 2003 3728 :
2058 3674 2150 3744 qui

595 3800 724 3841 vero
776 3786 830 3839 in
880 3783 1050 3836 altero
1088 3780 1308 3848 oblique
1359 3774 1663 3837 incesserit,
1693 3774 1746 3826 in
1806 3772 1976 3826 altero
2012 3786 2151 3841 quo-

596 3892 703 3948 que
730 3873 1035 3931 certissime
1062 3878 1146 3926 est
1176 3867 1608 3924 claudicaturus.

2248 1931 2624 2002 ἐπιλαθόμενοι
2649 1931 2745 1984 τοῦ
2776 1931 2982 2002 Κυρίου
3029 1930 3305 2000 λέγοντος·
3350 1930 3455 1995 ’ος
3510 1931 3624 1984 οὐκ
3672 1930 3817 1984 ἀπο-

2249 2022 2537 2077 τάσσεται
2563 2020 2714 2076 πᾱσι
2740 2020 2862 2087 τοῖς
2888 2020 3104 2075 ἑαυτοῦ
3158 2018 3562 2089 ὑπάρχουσιν,
3610 2021 3684 2072 οὐ
3710 2018 3815 2072 δύ-

2247 2113 2421 2167 ναται
2447 2130 2565 2184 μου
2592 2108 2745 2167 εἶναι
2769 2111 3043 2181 μαθητής
3069 2127 3085 2143 ο
3117 2112 3210 2165 καὶ
3244 2108 3477 2179 ἀλλαχοῦ
3536 2110 3815 2179 προστάσ-

2252 2218 2435 2265 σοντος
2468 2218 2488 2233 ο
2546 2202 2841 2269 Πώλησόν
2870 2217 2986 2257 σου
3035 2200 3107 2255 τὰ
3156 2199 3351 2254 πάντα
3395 2198 3467 2252 τὰ
3511 2198 3816 2267 ὑπάρχον-

2248 2308 2323 2346 τα
2350 2291 2448 2346 καί
2474 2290 2579 2358 δὸς
2605 2292 2883 2361 πτωχοῖς,
2920 2294 3017 2346 καί
3066 2290 3222 2356 ἕξεις
3270 2289 3580 2357 θησαυρὸν
3616 2288 3688 2340 ἐν
3719 2289 3817 2340 οὐ·

2240 2378 2452 2448 ρανοῗς
2476 2380 2572 2433 καὶ
2601 2378 2777 2449 δεῦρο
2820 2381 3136 2435 ἀκολούθει
3156 2396 3258 2449 μοι
3281 2394 3298 2410 ο
3336 2378 3649 2448 ἐγείρουσιν
3687 2378 3815 2430 tau-

2254 2474 2369 2535 τοῖς
2394 2471 2556 2536 ναούς
2583 2488 2643 2525 τε
2663 2473 2759 2525 καὶ
2788 2474 3148 2542 μοναστήρια,
3172 2468 3292 2526 εἶτα
3319 2469 3700 2540 ἀσπασάμενοι
3757 2469 3820 2521 τδ

2248 2563 2597 2635 ἐπάγγελμα,
2627 2562 2735 2617 τῶν
2758 2561 2970 2616 οἰκείων
2998 2561 3221 2632 ἄρχουσί
3256 2578 3314 2615 τε
3349 2561 3442 2614 καὶ
3470 2559 3816 2631 κυριεύουσι,

2247 2657 2465 2719 δούλους
2486 2658 2578 2709 καὶ
2604 2655 2735 2719 ὕλας
2766 2654 3051 2726 διαφόρους
3071 2653 3473 2723 ἐπισυρόμενοι,
3493 2651 3621 2721 χθὲς
3637 2652 3819 2722 ἀμύη-

2247 2761 2329 2798 τοι
2380 2744 2473 2798 τοῦ
2528 2744 2982 2815 ἐπαγγέλματος,
3038 2743 3132 2795 καὶ
3177 2743 3414 2813 σήμερον
3469 2742 3545 2803 ὡς
3595 2741 3819 2794 παλαιοὶ

2250 2835 2645 2908 καθηγούμενοι
2669 2852 2681 2865 ·
2710 2835 2833 2907 χθὲς
2862 2834 2937 2906 μὴ
2968 2833 3169 2897 είδότες
3200 2832 3661 2904 χειραγωγεῖσθαι
3706 2820 3815 2900 με·-

2248 2928 2317 2981 τά
2341 2927 2626 2996 συνέσεως,
2661 2929 2754 2981 καὶ
2787 2927 3024 2999 σήμερον
3043 2928 3405 2997 χειραγωγεῖν
3439 2925 3634 2987 ἀλλους
3652 2925 3821 2979 ἀπαι-

2249 3018 2449 3083 δεύτως
2484 3018 2901 3090 προαιρούμενοι
2930 3035 2943 3048 ο
2980 3012 3057 3071 ὧν
3084 3020 3183 3089 οὐχ
3210 3020 3244 3089 ή
3278 3017 3468 3089 ἀρετὴ,
3518 3018 3552 3087 ἠ
3608 3018 3813 3088 χρῆσις

2249 3111 2305 3164 δὲ
2326 3109 2433 3163 τῶν
2463 3109 2813 3181 ὑπαρχόντων
2858 3109 2958 3178 τὴν
3010 3109 3304 3179 ἡγεμονίαν
3346 3107 3775 3161 κατεπίστευσεν
3799 3145 3824 3172 ,

2250 3202 2299 3254 οῖ
2328 3203 2539 3264 πολλοῖς
2568 3200 2745 3254 ἐτεσιν
2769 3197 3075 3268 ὀφείλοντες
3108 3198 3373 3269 ἐκμαθεῖν
3406 3197 3589 3260 καλῶς
3624 3197 3687 3249 τὸ
3712 3196 3817 3266 ἀρ-

2250 3292 2461 3363 χεσθαι,
2501 3288 2600 3345 εἷθ’
2630 3292 2804 3357 οὕτως
2831 3292 2924 3346 ἐπὶ
2947 3292 3009 3346 τὸ
3032 3290 3223 3361 ἄρχειν
3271 3290 3500 3353 ἀνιέναι,
3554 3288 3659 3360 πρδ
3714 3288 3819 3357 τῆς

2251 3384 2446 3456 πείρας
2495 3387 2587 3437 τοῦ
2618 3387 2889 3457 προτέρου
2920 3381 3270 3446 ἐπικινδύνως
3297 3382 3390 3435 τοῦ
3421 3379 3674 3451 δευτέρου
3698 3381 3822 3432 ἐπι·

2250 3475 2634 3545 λαμὸάνοντες,
2696 3476 2967 3538 τοιούτους
3041 3472 3480 3545 ἀπεργαζόμενοι
3527 3473 3656 3533 τοὺς
3712 3470 3823 3523 ὑπὸ

2252 3566 2458 3634 χεῖρας,
2487 3558 2588 3617 οἷοι
2620 3566 2708 3617 καὶ
2733 3565 2891 3619 εἰσίν.
2955 3563 3014 3617 '0
3066 3562 3125 3617 δέ
3175 3563 3359 3632 ἐπειδὴ
3411 3562 3672 3631 ἀληθινὴν
3720 3560 3824 3631 τὴν

2251 3654 2530 3726 ἀποταγην
2563 3657 2873 3727 ἐποιήσατο,
2907 3654 3193 3710 ἀνόθευτον
3245 3654 3341 3707 καὶ
3387 3654 3484 3723 τὴν
3537 3653 3825 3721 ὑποταγὴν

2250 3748 2523 3800 δείκνυσιν
2555 3763 2569 3777 ·
2598 3748 2690 3801 καὶ
2747 3748 2856 3819 γάρ
2910 3748 3233 3819 προηγεῖται
3302 3742 3398 3797 τοῦ
3457 3744 3711 3814 δευτέρου
3760 3746 3825 3797 τὸ

2252 3840 2535 3910 πρότερον,
2603 3840 2679 3905 ὡς
2752 3840 3004 3912 ἀστραπὴ
3065 3838 3310 3910 βροντῆς,
3370 3837 3464 3891 καὶ
3542 3835 3826 3907 ἑωσφόρος

2246 3931 2399 4002 ἡλίου
2463 3930 2769 4001 ἀνίσχοντος
2797 3948 2811 3963 ι
2844 3934 2874 3985 ό
2941 3931 3049 4001 γὰρ
3129 3932 3328 4002 ἄριστα
3384 3926 3826 3999 ἀποταξάμενος,

600 4035 800 4105 ἄριστα
866 4029 1065 4101 δηλαδὴ
1111 4027 1205 4082 καὶ
1231 4025 1631 4096 ὑποταγήσεται
1652 4040 1669 4054 ο
1698 4026 1726 4077 ὁ
1751 4023 1807 4076 δὲ
1851 4021 1972 4076 καθ’
1994 4022 2258 4094 ἑκάτερον
2293 4024 2613 4093 σκολιώσας,
2654 4028 2752 4081 καὶ
2783 4027 2842 4081 ἐν
2893 4026 3106 4098 θατέρῳ
3130 4025 3372 4097 δηλονότι
3423 4024 3771 4094 χωλανεῖται.

671 4128 759 4181 10.
792 4126 930 4180 Sunt
959 4131 1137 4178 autem
1187 4119 1404 4175 virtutis
1438 4117 1696 4174 exercitia
1728 4116 1919 4182 multa,
1982 4115 2148 4171 absti-
2240 4126 2243 4129 '

599 4219 793 4272 nentize
842 4214 1180 4279 extenuatio,
1238 4211 1416 4267 somni
1474 4210 1727 4280 parcitas,
1786 4208 2145 4279 lacrymarum

597 4308 899 4373 cvacuatio,
933 4306 1196 4361 orationis
1230 4302 1503 4367 alacritas,
1536 4299 1997 4356 bumicubationis
2032 4313 2149 4353 mo-

597 4400 779 4465 lestia,
823 4400 1046 4452 vestitus
1077 4396 1280 4457 vilitas,
1341 4408 1600 4448 manuum
1656 4390 1917 4462 operatio,
1987 4405 2150 4459 genu-

597 4493 891 4548 ﬂexionum
954 4489 1277 4559 frequentia,
1314 4487 1504 4541 mortis
1554 4484 1855 4546 meditatio,
1921 4483 2152 4553 psalmo-

2328 4118 2378 4172 t'.
2412 4120 2589 4175 Πολλά
2618 4121 2716 4190 μὲν
2740 4116 2833 4174 οῦν
2865 4119 2933 4173 τά
2978 4121 3098 4173 κατ’
3150 4117 3350 4188 ἀρετὴν
3409 4116 3824 4186 ἐπιτηδεύματα

2252 4208 2577 4279 ἐγκρατείας
2609 4210 2927 4281 κατάτηξις,
2959 4209 3267 4280 ἀγρυπνίας
3332 4208 3512 4279 νῆψις,
3564 4207 3827 4279 δακρύων

2252 4301 2502 4365 κένωσις,
2584 4303 2749 4373 εὐχῆς
2807 4301 3098 4373 πτέρωσις,
3160 4300 3455 4372 χαμευνὶας
3518 4299 3822 4369 σύνθλιψις,

2253 4388 2480 4460 ἐσθῆτος
2554 4389 2821 4456 εὐτέλεια,
2904 4390 3099 4463 χειρῶν
3144 4391 3409 4462 ἐργασία,
3460 4391 3829 4459 γονυκλισιῶν

2256 4480 2552 4553 πυκνότης,
2614 4482 2809 4555 μελέτη
2885 4481 3136 4550 θανάτου,
3199 4483 3518 4554 ψαλμῳδίας
3576 4484 3823 4547 εὐτονία,

598 4585 700 4640 diae
755 4583 1087 4645 assiduitas,
1138 4577 1536 4649 perseverantia
1605 4576 1881 4631 stationis.
1946 4573 2149 4628 llorum

2256 4573 2498 4636 στάσεως
2527 4576 2791 4646 καρτερία
2824 4594 2842 4607 ι
2864 4576 3020 4629 οὐδὲν
3053 4575 3111 4628 δέ
3142 4574 3381 4628 τοιοῦτον
3418 4574 3497 4645 τῷ
3526 4576 3826 4629 ὑποτακτι-

602 4687 781 4730 tamen
810 4676 1056 4728 omnium
1091 4672 1226 4725 nihil
1257 4672 1331 4724 ita
1359 4668 1727 4724 necessarium
1760 4667 1809 4721 ei
1840 4668 1932 4736 qui
1965 4667 2150 4720 subest

601 4778 765 4837 atque
806 4766 1121 4821 exercitium
1149 4765 1373 4819 sincera:
1403 4760 1770 4816 confessionis
1803 4768 1856 4813 et
1904 4758 2153 4829 perfecme

599 4854 970 4909 obedientire:
1030 4854 1229 4923 quibus
1291 4852 1626 4905 illuminatur
1680 4849 1878 4913 anima,
1926 4848 2153 4902 mortifi—

600 4952 754 4997 catur
804 4941 1076 5005 voluntas,
1113 4950 1166 4994 et
1227 4941 1464 5012 perfecta
1516 4936 1785 4994 obtinetur
1839 4936 2149 5006 conjunctio

600 5032 718 5100 ejus
747 5032 838 5101 qui
874 5031 1223 5101 spiritualiter
1254 5029 1492 5085 nascitur
1540 5043 1661 5083 cum
1695 5042 1760 5081 eo
1816 5027 1903 5094 qui
1958 5027 2147 5097 gignit.

602 5127 719 5180 Duo
756 5127 869 5179 hare
910 5126 1119 5179 czeteris
1149 5124 1399 5177 omnibus
1427 5138 1529 5177 non
1557 5120 1871 5191 praeferens,
1901 5120 2147 5174 inﬁrmus

602 5219 665 5272 ad
700 5216 1055 5271 obedientiam
1085 5214 1225 5279 erit;
1258 5224 1418 5283 atque
1451 5215 1520 5267 ita
1550 5228 1643 5282 per
1696 5228 1814 5280 quae
1872 5212 2152 5266 videbatur

604 5308 831 5363 salutem
867 5306 1161 5374 consequi,
1216 5305 1483 5359 illusionis
1532 5303 1831 5372 subjacebit
1890 5304 2150 5371 periculo.

607 5392 814 5446 Etenim
846 5392 1069 5461 jejunia,
1109 5392 1393 5462 vigiliae,et
1416 5392 1675 5460 quidquid
1710 5392 1973 5459 ejusmodi
2006 5393 2150 5445 aliud

605 5494 725 5549 est;
761 5483 1056 5537 secundum
1108 5497 1165 5537 se
1228 5483 1443 5552 quidem
1484 5482 1770 5536 laudabilia
1821 5493 1987 5548 sunt;
2044 5498 2148 5535 non

608 5582 781 5626 tamen
815 5574 986 5637 utilia,
1024 5574 1114 5627 sed
1145 5574 1209 5627 ad
1243 5574 1446 5642 lapsum
1482 5573 1811 5635 inducentia,
1844 5573 1889 5626 ei
1914 5574 2001 5643 qui
2030 5588 2152 5640 νιο-

604 5664 721 5733 prio
748 5665 970 5719 arbitrio
983 5666 1178 5735 agitur,
1200 5668 1299 5720 nisi
1316 5666 1556 5735 praesidis
1568 5665 1731 5719 ductu
1755 5673 1805 5720 et
1826 5665 2006 5734 regula
2024 5666 2152 5721 diri-

677 5780 696 5810 '
718 5778 849 5834 Luc.
874 5781 1089 5848 Xtv,33.
1166 5781 1185 5814 '
1218 5780 1347 5835 Luc.
1384 5797 1537 5850 xvm,
1570 5781 1658 5834 22.

2258 4664 2357 4735 κῷ,
2395 4660 2507 4719 οἷον
2529 4667 2588 4719 τὸ
2623 4669 2743 4720 κατ’
2774 4668 3128 4739 ἐξαγόρευσιν
3153 4668 3463 4738 ἀγώνισμα,
3491 4672 3585 4721 καὶ
3606 4666 3671 4721 τδ
3692 4670 3821 4722 καθ’

2259 4760 2503 4828 ὑπακοὴν
2539 4759 2888 4830 κατόρθωμα,
2920 4761 2986 4813 δι’
3008 4753 3081 4814 ὧν
3110 4761 3258 4830 ψυχὴ
3285 4760 3578 4830 φωτίζεται
3599 4762 3695 4813 καὶ
3741 4780 3825 4814 νει

2258 4848 2482 4918 κροῦται
2517 4849 2747 4921 θέλημα,
2788 4851 2879 4904 καὶ
2904 4851 3151 4922 όλοτελὴς
3185 4852 3480 4920 είσοίκησις
3520 4850 3613 4904 τοῦ
3649 4867 3824 4905 πνευ-

2259 4942 2501 5010 ματικῶς
2530 4943 2927 5013 γεγεννημένου
2965 4944 3100 5013 πρὸς
3127 4943 3215 4997 τὸν
3242 4943 3609 5013 γεγεννηκότα
3662 4945 3824 5013 ἐγγί-

2256 5047 2426 5085 νεται.
2477 5031 2533 5084 '0
2567 5032 2673 5102 γάρ
2724 5033 2798 5102 μὴ
2832 5032 3002 5086 ταῦτα
3049 5032 3156 5085 τῶν
3200 5032 3373 5086 ἄλλων
3443 5033 3819 5102 προτιμήσας,

2258 5124 2453 5194 σαθρὸς
2492 5124 2625 5193 πρὸς
2653 5125 2929 5194 ὑποταγὴν
2976 5126 3322 5190 καθίσταται,
3352 5124 3442 5178 καὶ
3467 5123 3533 5176 δι’
3563 5119 3638 5177 ὧν
3669 5125 3827 5178 δοκεῖ

2258 5213 2528 5283 σωτηρίας
2560 5213 2795 5284 ἔχεσθαι,
2826 5217 3043 5285 ἀπάτης
3098 5215 3390 5284 ὑφίσταται
3444 5214 3688 5286 ὄλεθρον.
3744 5218 3823 5270 Τὸ

2259 5308 2367 5376 γὰρ
2400 5308 2665 5376 ἐγκρατὲς
2697 5307 2789 5361 καὶ
2812 5308 3107 5377 ἄγρυπνον,
3142 5308 3235 5362 καὶ
3291 5295 3466 5361 ὁτιοῦν
3522 5306 3650 5361 ἄλλο
3705 5310 3823 5361 τῶν

2259 5398 2670 5467 προειρημένων
2696 5399 3153 5470 κατορθωμάτων,
3181 5400 3314 5453 αὐτὸ
3343 5400 3440 5469 μὲν
3469 5399 3591 5451 καθ’
3652 5400 3822 5452 ἑαυτὸ

2258 5490 2536 5542 ἐπαινετὸν
2565 5490 2681 5559 δοίη
2712 5507 2793 5552 τις
2824 5486 2982 5554 εἶναι,
3011 5492 3119 5545 οὐδ’
3149 5492 3213 5545 ἄν
3258 5492 3313 5545 δὲ
3368 5493 3449 5561 είη
3514 5490 3820 5555 λυσιτελὲς,

2262 5580 2458 5651 μᾶλλον
2497 5580 2594 5649 μὲν
2620 5577 2713 5633 οὖν
2743 5583 2836 5633 καὶ
2862 5580 3117 5645 πτώσεως
3157 5584 3328 5635 αἴτιον
3356 5580 3432 5652 τῷ
3487 5580 3819 5650 ίδιορύθμως

2260 5673 2571 5742 πράττοντι,
2609 5675 2655 5728 εί
2696 5673 2769 5744 μὴ
2793 5673 3027 5745 γνώμονι
3064 5676 3157 5729 καὶ
3182 5676 3367 5731 κανόνι
3394 5672 3487 5729 τοῦ
3540 5676 3829 5744 καθηγουο
