3926 6504
162 471 264 534 813

834 477 1113 542 ORATIO
1149 482 1252 543 XI.
1284 509 1351 520 -
1379 483 1758 547 LAUDATIO
1785 483 1844 543 S.
1893 482 2258 544 PLATONIS
2291 483 2725 548 HEGUMENI.

3285 490 3389 555 8H

165 586 324 656 μένου
357 587 684 656 περαίνοιτο,
714 588 854 642 ὥστε
880 593 908 643 ὁ
935 592 1033 662 τὴν
1058 594 1409 665 ὲξαγόρευσιν
1460 598 1578 666 μεθ’
1623 598 1728 651 ὑπ-

1836 607 2032 667 gatur:
2072 596 2165 651 sed
2190 596 2280 666 qui
2309 596 2641 652 confessioni
2694 605 2748 652 et
2807 595 3129 652 obedientite
3185 598 3384 660 studet,

161 679 332 748 ακοῆς
361 677 629 746 ὲξασκῶν,
658 681 725 734 τὰ
753 682 1004 754 δευτέρια
1033 688 1144 751 τοῖς
1187 688 1366 754 ἄλλοις
1392 689 1625 755 δίδωσιν,
1670 693 1728 744 ὲν

161 775 270 838 τοῖς
295 774 420 827 δυσὶ
449 774 519 828 τά
558 776 734 829 πάντα
763 778 1107 848 περικλείων.

229 864 322 919 ια’.
364 865 550 920 Ταῦτα
571 869 598 919 ὁ
628 867 901 938 μακάριος
929 868 1005 932 ὠς
1031 870 1130 923 οὐκ
1159 866 1255 924 οἵδ’
1307 873 1464 935 εἴτις
1495 871 1603 924 τῶν
1631 872 1727 924 ἄλ-

160 956 264 1008 λων
294 957 773 1028 ἀφοσιωσάμενος,
808 961 976 1029 καλὴν
1003 961 1104 1032 τὴν
1156 962 1311 1031 βάσιν
1343 964 1600 1035 πήγνυσι,
1632 963 1728 1016 καὶ

162 1045 251 1100 ἐπὶ
275 1049 450 1120 ταύτῃ
475 1049 690 1121 ἀσφαλῆ
746 1051 845 1122 τὴν
873 1053 1154 1124 οἰκοδομὴν
1199 1054 1513 1124 πεποίηται,
1554 1054 1727 1108 πάντα

162 1137 834 1212 λογισμὸνὰνατιθέμενος,
867 1144 959 1197 καὶ
995 1144 1172 1199 πάντα
1197 1146 1321 1199 καθ’
1352 1146 1598 1217 ὑπακοὴν
1615 1148 1729 1201 δια-

162 1232 551 1300 πραττόμενος,
586 1234 680 1287 καὶ
711 1233 797 1288 διὰ.
822 1233 1012 1299 ταῦτα,
1047 1234 1332 1305 Γραφικῶς
1356 1237 1528 1289 είπεῖν
1549 1276 1564 1301 ,
1593 1239 1729 1304 ἀγα-

163 1319 410 1391 πώμενος
465 1324 523 1374 ὲν
569 1322 844 1394 προσώπῳ
886 1324 1098 1393 Πατρὺς
1123 1324 1308 1379 αὐτοῦ.
1371 1325 1585 1379 Γίνεται
1637 1323 1728 1381 οὖν

167 1414 379 1482 ἀδάμας
407 1417 474 1483 τῇ
506 1415 797 1486 καρτερίᾳ,
826 1413 1129 1485 περιδέξιος
1168 1417 1235 1486 τῇ
1287 1415 1554 1487 διακονίᾳ,
1612 1417 1729 1470 διαη

166 1503 395 1574 λάμπων
429 1503 528 1574 μὲν
575 1506 635 1557 ἐν
686 1503 900 1567 πολλοῖς
945 1504 1245 1568 συνάθλοις,
1305 1500 1381 1559 ὧν
1416 1505 1477 1559 οὑ
1540 1507 1729 1577 πόρρω

163 1597 427 1664 ἀφίστατο
461 1594 601 1650 κατά
632 1595 731 1665 τὴν
757 1594 1124 1666 κοινοϐιαῑκὴν
1154 1595 1318 1668 ζωὴν,
1351 1597 1456 1669 ίδίᾳ
1497 1597 1553 1651 δὲ
1609 1599 1728 1668 μεθ’

165 1689 276 1751 ἑνὸς
325 1688 631 1758 ὁμοτρόπου
688 1687 1118 1757 ὑποταττόμενος
1189 1689 1315 1742 καθ’
1374 1691 1600 1761 ἡσυχίαν
1651 1692 1729 1763 τῷ

163 1781 479 1850 ἀειμνήστῳ
511 1779 836 1850 Θεοκτίστῳ,
869 1779 960 1831 καὶ
991 1782 1065 1850 πῆ
1120 1781 1219 1851 μὲν
1269 1782 1405 1834 οἴκοι
1457 1782 1729 1852 σχολάζων

164 1869 238 1938 πῆ
268 1869 325 1922 δὲ
357 1871 423 1939 τῇ
454 1868 722 1939 κοινότητι
772 1869 1182 1940 συνερχόμενος,
1216 1869 1273 1924 ἔν
1303 1887 1362 1923 τε
1390 1870 1730 1944 ψαλμῳδίαις

161 1963 477 2031 διατροφαϊς
503 1977 563 2013 τε
595 1961 688 2014 καὶ
714 1959 1020 2030 ἐργασίαις,
1069 1962 1162 2014 καὶ
1181 1955 1292 2015 οἷον
1321 1964 1494 2018 εἰπεῖν
1549 1966 1727 2030 κοινός

161 2067 216 2103 τε
248 2051 346 2104 καὶ
376 2049 650 2113 ἐπίκοινος
681 2050 962 2119 γινόμενος
990 2050 1084 2102 καὶ
1114 2050 1335 2121 μέτριος
1359 2052 1499 2107 κατά
1527 2054 1722 2109 πάντα.

163 2148 232 2199 υύ
277 2148 413 2218 γὰρ,
459 2147 646 2218 ἐπειδὴ
706 2145 932 2217 εὐγενής
964 2146 1026 2200 τὸ
1081 2145 1222 2200 κατὰ
1258 2147 1458 2219 σάρκα,
1489 2147 1729 2218 ἀπετρα-

161 2238 351 2310 χύνετο
376 2239 492 2300 τοῖς
548 2237 958 2309 ἀγροικοτέροις
1046 2237 1495 2308 συνδιαιτώμενος
1526 2254 1544 2273 ·
1607 2237 1728 2292 οὐδὲ

161 2329 345 2400 ἐπειδὴ
393 2329 783 2400 ἐξυπηρετεῖτο
832 2330 963 2399 παρ’
992 2329 1218 2382 οίκετῶν
1278 2330 1565 2400 πρότερον,
1629 2329 1728 2394 τὰς

160 2420 492 2491 ἀτιμοτέρας
561 2418 961 2491 ἐγχειρίζεσθαι
1042 2421 1318 2483 διακονίας
1388 2418 1723 2485 ὲξενοπάθει.

160 2512 466 2582 Τοιγαροῦν
496 2510 592 2564 καὶ⁵
624 2512 828 2581 κόπρον
889 2511 982 2562 ἐπὶ
1040 2510 1207 2582 ὤμων
1264 2511 1584 2583 ἐπεφέρετο,
1633 2512 1729 2566 καὶ

161 2602 335 2674 χῶρον
368 2602 619 2673 ἀρδεύειν
650 2601 1074 2671 προσετάττετο,
1125 2601 1220 2654 καὶ
1275 2602 1480 2673 ἄλευρα
1536 2601 1729 2673 φύρειν

161 2694 427 2763 ἠνείχετο,
451 2693 546 2745 καὶ
574 2691 744 2746 ταῦτα
771 2692 910 2762 μετά
929 2691 1023 2744 τοῦ
1056 2691 1292 2763 γράφειν
1348 2691 1487 2762 τόνῳ
1547 2691 1729 2764 πολλῷ

162 2787 251 2839 καὶ
308 2784 603 2855 ἐπιμελείᾳ
631 2783 921 2853 κρατίστῃ.

227 2949 314 3026 ιβί.
340 2957 533 3009 Βούλει
567 2955 758 3026 μαθεῖν
777 2956 1042 3028 mli-inp:
1077 2958 1322 3029 ὑπακοῆς
1351 2959 1729 3030 ἀριστεύματα

163 3041 428 3116 meo“;
474 3047 534 3100 ὐ
571 3049 835 3117 πράκτωρ
888 3047 994 3100 τῶν
1023 3049 1461 3120 κατορθωμάτων
1492 3051 1728 3115 ,ὠνειδί-

164 3139 282 3202 ζετο
304 3142 456 3210 παρὰ
483 3138 576 3192 τοῦ
632 3139 841 3209 Πατρὴς
870 3140 966 3192 ἐπὶ
998 3140 1266 3212 παρουσίᾳ
1297 3140 1484 3206 ξένων,
1514 3143 1608 3195 καὶ
1653 3143 1729 3206 ὡς

1829 699 2022 744 caetera
2052 690 2106 743 in
2132 689 2389 746 secundis
2410 689 2635 758 habens,
2663 689 3065 745 omniaduobus
3095 690 3215 746 istis
3247 706 3386 745 com-

1828 781 2140 851 prehendet.

1900 869 2141 926 11.Ιίωο
2183 871 2374 926 beatus
2418 871 2538 937 iste,
2574 871 2620 927 si
2653 872 2774 942 quis
2804 872 2964 935 alius.
3013 887 3232 934 curans,
3294 887 3386 942 op-

1830 963 2020 1016 timum
2043 962 2170 1031 iecit
2201 962 2637 1028 fundamentum,
2670 964 2831 1034 eique
2897 965 3133 1020 solidum
3189 979 3385 1034 super-

1828 1054 2418 1119 exstruxitaedilicium,
2451 1069 2667 1109 omnem
2692 1071 2847 1110 suam
2872 1055 3257 1126 cogitationem
3287 1055 3387 1108 ah-

1824 1146 2038 1215 jiciens,
2063 1156 2117 1201 et
2143 1148 2322 1201 omnia
2347 1147 2642 1201 secundum
2685 1145 3048 1200 obedientiam
3070 1160 3233 1214 agens
3261 1162 3275 1198 :
3316 1144 3387 1199 ob

1831 1239 1992 1308 idque
2023 1238 2254 1294 dilectus
2287 1240 2342 1293 in
2376 1246 2673 1308 conspectu
2714 1238 2886 1292 Patris
2912 1238 3017 1302 sui,
3086 1246 3146 1290 ut
3203 1236 3383 1305 phrasi

1829 1331 2124 1400 Scriptura:
2162 1339 2303 1384 utar.
2326 1330 2452 1385 Fuit
2481 1340 2662 1386 autem
2705 1331 2758 1384 in
2784 1329 3081 1384 tolerandis
3108 1329 3386 1383 laboribus

1833 1422 2245 1486 adamantinus,
2273 1422 2466 1477 dexter
2487 1423 2541 1476 in
2573 1421 2791 1493 agendis
2819 1422 3002 1485 rebus,
3037 1429 3089 1475 et
3118 1421 3254 1478 inter
3275 1435 3389 1473 cer-

1830 1515 2091 1568 taminum
2128 1513 2305 1569 socios
2329 1514 2529 1569 multos
2555 1514 2870 1584 praecellens
2904 1530 2918 1567 :
2953 1527 2982 1566 a
3002 1511 3200 1582 quibus
3222 1511 3386 1565 etiam

1829 1604 2009 1672 quoad
2041 1602 2424 1659 coenobiticam
2480 1603 2668 1668 vitam,
2722 1600 2866 1656 haud
2904 1599 3062 1669 longe
3127 1600 3386 1663 distabat,

1830 1694 2058 1748 seorsim
2087 1692 2288 1763 degens
2314 1707 2438 1748 cum
2467 1708 2578 1748 uno
2602 1693 2836 1763 quodam
2863 1691 2968 1747 sibi
3002 1690 3244 1746 moribus
3299 1691 3383 1745 si-

1830 1781 1966 1835 mili.
1998 1781 2187 1845 Porro,
2239 1783 2392 1851 juxta
2455 1781 2779 1836 reclusionis
2879 1793 3153 1841 normam,
3205 1778 3388 1846 subje-

1831 1883 1953 1929 ctus
1983 1873 2060 1942 (7)
2090 1882 2208 1928 erat
2237 1887 2517 1943 nunquam
2568 1872 2703 1927 satis
2734 1869 3003 1925 laudando
3051 1869 3383 1930 'l'heoctisto.

1831 1979 1975 2020 nunc
2002 1965 2056 2019 in
2084 1965 2215 2020 cella
2243 1979 2363 2020 sese
2395 1964 2722 2028 exercendo,
2765 1979 2911 2019 nunc
2967 1963 3022 2017 in
3077 1962 3386 2018 communi-

1832 2064 1942 2111 tate
1969 2054 2214 2111 vacando
2266 2055 2613 2126 psalmodiis,
2668 2054 2952 2111 refectioni
3015 2054 3284 2123 corporis,
3332 2063 3387 2108 et

1830 2161 2088 2202 manuum
2115 2146 2324 2211 labori;
2355 2145 2849 2215 communiterque,
2888 2145 3057 2199 utsic
3094 2144 3294 2210 dicam,
3331 2154 3387 2199 et

1829 2236 2136 2306 promiscue
2159 2236 2362 2300 vivens,
2393 2237 2448 2290 in
2475 2236 2729 2292 omnibus
2753 2251 2812 2291 se
2841 2236 3122 2291 moderate
3142 2236 3384 2306 gerebat.

1829 2325 1946 2381 Non
1977 2328 2121 2382 enim
2157 2327 2284 2398 quia
2313 2325 2514 2381 nobilis
2551 2334 2671 2381 erat
2696 2326 2993 2381 secundum
3015 2341 3255 2391 carnem,
3297 2342 3388 2380 as-

1828 2417 2013 2486 perior
2049 2425 2165 2472 erat
2189 2430 2312 2472 cum
2341 2416 2728 2472 rusticioribus
2749 2431 3108 2482 conversans;
3137 2431 3237 2472 nec
3258 2417 3387 2486 quia

1830 2507 1979 2578 prius
2013 2507 2246 2563 habebat
2283 2506 2519 2563 famulos
2571 2508 2770 2564 multos
2823 2509 2926 2563 sibi
2988 2508 3388 2570 ministrantes,

1829 2599 2220 2669 dedignabatur
2253 2599 2447 2654 viliora
2481 2599 2758 2668 suscipere
2790 2598 3092 2654 ministeria
3124 2617 3138 2653 :
3170 2598 3302 2668 quin
3335 2607 3388 2653 et

1831 2692 2016 2746 lituum
2049 2690 2254 2746 ferebat
2291 2682 2527 2747 humeris
2549 2699 2603 2746 et
2628 2691 3057 2762 agrumirrigare
3077 2690 3385 2761 jubebatur,

1831 2790 1885 2836 et
1912 2781 2145 2836 farinam
2169 2782 2457 2852 subigebat
2474 2783 2761 2851 patienter,
2790 2791 2844 2836 et
2875 2781 3230 2837 nihilominus
3255 2780 3388 2836 scri-

1831 2873 1995 2928 bebat
2026 2875 2196 2927 multo
2222 2889 2350 2929 cum
2389 2874 2568 2929 studio
2593 2887 2656 2928 ac
2693 2873 2998 2945 diligentia.

1901 2964 1988 3018 ιε.
2023 2963 2142 3019 Vin’
2167 2965 2332 3020 etiam
2360 2965 2500 3019 alias
2546 2965 2667 3033 ejus
2719 2965 2950 3019 virtutes
2983 2965 3213 3026 discere,
3259 2961 3390 3016 obe-

1831 3056 2048 3111 dientiae
2083 3056 2405 3126 proximas?
2431 3053 2623 3110 Omnia
2653 3063 2797 3111 recte
2825 3054 3046 3120 faciens,
3097 3053 3388 3123 reprelien-

1830 3149 2060 3204 debatur
2084 3162 2269 3204 coram
2308 3147 2653 3217 hospitibus;
2719 3155 2773 3202 et
2823 3145 2990 3202 veluti
3043 3146 3088 3199 si
3139 3146 3390 3198 laudatus

165 3231 443 3301 εὐφημίαν
485 3229 794 3300 δεχόμενος,
826 3230 1120 3301 ἀκλόνητος
1151 3231 1401 3319 διέμενεν
1429 3236 1458 3287 ό
1515 3233 1730 3287 εὐκλεέ-

1836 3236 2050 3302 fuisset,
2084 3236 2465 3306 perseverabat
2510 3238 2790 3301 immotus,
2818 3237 2900 3291 vir
2927 3234 3084 3290 laude
3135 3231 3392 3303 dignissi-

158 3330 356 3385 ’στατος
380 3338 396 3351 ·
437 3322 879 3389 ύπανεγίνωσκεν
907 3322 1201 3391 ἀξιολόγως
1231 3311 1288 3376 έν
1323 3315 1457 3376 ὠσὶν
1507 3323 1732 3393 ἀδελφό-

166 3431 342 3484 τητος,
372 3412 468 3466 καὶ
494 3411 569 3475 ὡς
605 3413 754 3484 παρά
779 3413 935 3482 λόγον
964 3417 1231 3483 ἀναγνοὺς
1261 3415 1732 3487 ἑπιπληττόμενος

166 3503 570 3574 ὑπέπτησσενό
619 3504 1093 3575 ὲμφρονέστατος·
1152 3503 1471 3578 δουλογενὴς
1516 3496 1732 3562 ἀκούων

167 3597 304 3651 κατὰ
358 3596 713 3666 ἀστειασμὺν,
750 3598 852 3667 τὴν
877 3598 1123 3670 κεφαλὴν
1164 3600 1457 3653 κατένευεν
1492 3590 1733 3671 συνερῶν

166 3684 241 3758 τῷ
273 3686 474 3758 Πατρὶ,
503 3689 532 3740 ὁ
562 3687 788 3760 εὐγενὴς
841 3688 1010 3753 ὄντως
1068 3689 1166 3743 σὺν
1210 3692 1276 3762 τῇ
1314 3691 1476 3762 ψυχῇ
1521 3692 1616 3744 καὶ
1655 3677 1734 3760 τῷ

169 3779 380 3849 σώματι
419 3795 433 3809 ·
470 3777 736 3841 πολύτλας
767 3778 842 3834 ὢν
885 3782 944 3833 ὲν
977 3779 1056 3851 τῷ
1111 3781 1410 3854 ἐργοχείρῳ
1466 3783 1559 3836 καὶ
1601 3782 1732 3834 πολ-

169 3868 232 3920 λὰ
261 3869 645 3939 ποριζόμενος,
703 3857 780 3935 ὡς
839 3871 1004 3943 μηδὲν
1056 3873 1345 3944 εἰσφέρωνο
1392 3873 1594 3942 ἄτυφος
1650 3875 1732 3927 ὅτι

169 3961 403 4028 μάλιστα
432 3960 696 4031 διείρχετο
721 3961 750 4014 ό
778 3961 1084 4033 φιλομαθής
1099 3979 1156 4016 τε
1186 3964 1281 4016 καὶ
1303 3963 1568 4032 φιλόθεος,
1595 3966 1731 4018 ἀπο-

168 4055 523 4123 πεμπόμενος
558 4054 697 4124 μετὰ
743 4054 1103 4125 γονυπέτησιν
1156 4057 1308 4126 παρὰ
1376 4055 1470 4109 τοῦ
1497 4056 1730 4125 Πατρὺς,

166 4142 240 4207 ὡς
291 4145 384 4198 ἐπὶ
431 4148 491 4198 τὸ
522 4143 654 4198 αὐτὸ
685 4144 1107 4215 ὲμπεμπτωκὼς
1165 4146 1241 4216 τῷ
1292 4146 1590 4217 σφάλματι,
1634 4148 1733 4201 οὐκ

169 4235 591 4306 ἀπηυθαδίαζεν,
622 4234 736 4288 ἀλλ’
786 4235 1052 4305 ἐπέμενεν
1101 4236 1326 4302 ἐξαιτῶν
1391 4237 1490 4308 τὴν
1521 4235 1732 4304 συγχώι

171 4343 320 4398 ρησιν
368 4329 399 4381 ὁ
452 4326 936 4398 θαυμασιώτατοςο
986 4327 1187 4396 ἠτόνει,
1237 4328 1296 4381 τὸ
1324 4328 1386 4398 δὴ
1422 4329 1730 4398 λεγόμενον,

167 4419 196 4468 ὁ
237 4419 374 4471 κατά
441 4420 642 4488 πεῖραν
699 4417 963 4472 σκώπτων
1011 4419 1103 4471 καὶ
1155 4419 1458 4488 διασύρων,
1512 4420 1613 4472 οὐκ
1652 4420 1727 4488 (d)

169 4502 496 4579 ἒκορέννυτο
528 4513 640 4574 τοῖς
667 4512 926 4565 ὀνείδεσιν
945 4555 960 4576 ,
995 4513 1024 4564 ό
1045 4513 1134 4565 διὰ
1161 4513 1259 4584 τῆς
1287 4513 1591 4568 ὲθελουσίου
1615 4515 1732 4567 ἀτι-

1836 3345 1958 3384 mus
1984 3329 2195 3398 legebat
2252 3327 2509 3383 audiente
2566 3327 2923 3394 fraternitate,
2985 3336 3044 3382 ut
3091 3339 3390 3396 congruum

1832 3429 1969 3485 erat,
2000 3430 2053 3475 et
2082 3421 2226 3476 velut
2265 3420 2310 3475 si
2358 3420 2562 3475 absone
2597 3420 2898 3490 vitioseque
2941 3418 3182 3488 legisset,
3236 3416 3371 3472 casti

1834 3520 1986 3580 gatus
2042 3511 2511 3567 verecundabatur
2537 3510 2993 3581 sapientissimus.
3043 3507 3269 3577 Propter
3298 3522 3394 3561 ur-

1832 3605 2127 3659 banitatem
2171 3605 2400 3660 audiens
2434 3604 2656 3659 serviles
2684 3602 2890 3660 natales
2945 3602 3048 3658 sibi
3078 3599 3391 3672 exprobrari

1834 3695 2090 3750 inclinato
2113 3695 2386 3751 annuebat
2445 3695 2644 3766 capite,
2675 3694 2818 3750 Patri
2848 3693 3215 3759 consentiens,
3269 3705 3392 3746 cor-

1831 3798 1962 3854 pore
1976 3794 2029 3839 et
2051 3785 2232 3840 animo
2250 3800 2433 3840 revera
2448 3785 2840 3841 nobilissimus.
2853 3784 2910 3840 ln
2928 3785 3110 3840 labore
3133 3778 3393 3837 manuum

1841 3875 2069 3929 multum
2086 3873 2414 3930 contendens
2440 3883 2602 3945 atque
2629 3873 3180 3945 proficienstanquain
3227 3873 3271 3925 si
3308 3872 3393 3925 in-

1834 3961 2045 4016 tulisset
2101 3961 2256 4028 nihil,
2290 3975 2398 4016 non
2446 3960 3140 4031 superbiebat,disciplina3
3190 3958 3396 4028 Deique

1832 4063 2038 4108 amator
2059 4053 2307 4108 eximius.
2329 4052 2459 4108 Post
2481 4053 2701 4123 petitam
2731 4052 2798 4108 de
2821 4053 3050 4123 genibus
3076 4051 3284 4107 veniam
3311 4049 3392 4103 di-

1833 4143 2034 4200 missus
2071 4159 2103 4198 a
2137 4142 2319 4210 Patre,
2354 4145 2526 4200 veluti
2547 4146 2601 4200 in
2632 4144 2878 4200 eamdem
2907 4144 3117 4213 culpam
3151 4141 3396 4210 relapsus

1832 4249 1939 4289 non
1985 4233 2418 4301 obloquebatur;
2487 4234 2583 4290 sed
2643 4234 2989 4306 persistebat,
3030 4231 3236 4303 ignosci
3290 4231 3393 4284 sibi

1832 4327 2142 4397 postulans,
2185 4327 2545 4384 admiratione
2574 4326 2950 4397 dignissimus.
3018 4323 3260 4393 Denique
3285 4321 3394 4376 las-

1832 4417 2073 4482 sabatur,
2101 4417 2148 4473 is
2177 4419 2268 4488 qui
2300 4418 2542 4474 tentandi
2568 4431 2734 4473 causa
2784 4414 3062 4487 ingerebat
3089 4412 3394 4468 convicium

1832 4521 1884 4564 et
1923 4510 2227 4579 opprobriis
2271 4510 2638 4574 saturabatur,
2672 4509 2718 4564 is
2771 4507 2864 4578 qui
2891 4521 2989 4576 per
3035 4504 3394 4560 voluntariam

173 4603 297 4670 μίας
325 4603 489 4668 δόξαν
554 4592 735 4673 ἐαυτῷ
783 4604 1240 4674 περιποιούμενος
1268 4605 1456 4658 ἀΐδιον.
1494 4606 1645 4660 Εἴπω
1680 4625 1730 4659 τι

1839 4601 2109 4669 ejusmodi
2139 4601 2530 4657 contumeliam
2588 4599 2694 4655 sibi
2738 4597 3089 4669 comparabat
3141 4604 3395 4650 aeternam

170 4694 394 4749 καὶτῶν
442 4695 547 4748 οὐκ
596 4693 813 4748 οἰκείων
865 4695 1163 4749 δοκούντων
1209 4695 1288 4765 τῷ
1321 4696 1723 4766 ὲπαγγέλματι,

170 4783 258 4837 τὸν
303 4787 361 4840 δὲ
385 4786 548 4854 λόγον
576 4785 698 4857 ἔχον
726 4787 958 4840 κατευθὺ
1007 4787 1397 4856 πραττόμενον,
1445 4789 1527 4840 ὅτι
1576 4786 1740 4857 ἔρωτι

173 4876 555 4941 ταπεινώσεως
636 4875 980 4946 βαλλόμενος,
1044 4877 1367 4951 παρεκάλει,
1440 4877 1734 4946 ἠντιϐόλει,

174 4968 544 5031 ποσσίζεσθαι,
582 4965 930 5038 ῥαπίζεσθαι,
971 4970 1062 5021 καὶ
1105 4970 1289 5040 μέντοι
1350 4969 1585 5035 ἔπειθεν,
1646 4970 1738 5023 καὶ

173 5059 370 5114 πείθων
395 5059 821 5128 ὲτετύφετομα)⁵
848 5062 1186 5131 τυπτόμενος
1215 5062 1367 5132 παρά
1421 5078 1565 5124 τινος
1615 5063 1735 5115 κατ’

176 5155 441 5226 ἑπιταγὴν
473 5155 571 5208 τοῦ
597 5156 831 5227 Πατρὸς,
855 5155 928 5220 ὡς
956 5155 1126 5227 δῶρον
1185 5155 1417 5225 εἰληφὼς
1460 5155 1735 5227 ὲγεγήθειο

175 5247 264 5296 καὶ
281 5241 348 5314 ἦν
379 5244 741 5314 τδγινόμενον
766 5245 1067 5315 ὑπερφυὲς,
1105 5246 1198 5299 τοῦ
1224 5247 1320 5316 μὲν
1350 5245 1735 5316 ἐκϐιαζομένου

173 5335 257 5388 διὰ
291 5337 348 5390 τὸ
372 5335 569 5390 δοκοῦν
597 5337 885 5402 ἀνοίκειον,
916 5337 1010 5391 τοῦ
1040 5339 1095 5391 δὲ
1116 5338 1394 5408 χαίροντος
1420 5337 1584 5391 διὰτὸ
1612 5356 1736 5408 κερ-

175 5427 424 5498 δόμισθον
451 5445 466 5460 ·
502 5429 596 5481 καὶ
627 5431 658 5498 ἡ
687 5429 919 5498 ὠφέλεια
947 5432 1044 5500 ὅση
1078 5429 1244 5501 ὁρῶσί
1290 5447 1348 5481 τε
1380 5429 1474 5482 καὶ
1509 5429 1736 5482 ἁκούου-

1836 4690 2086 4761 gloriam.
2126 4691 2311 4747 Dicam
2338 4690 2638 4761 ampliuset
2658 4687 2867 4761 quod'a
2897 4686 3156 4757 religiosa
3187 4682 3398 4755 profes-

1837 4783 1993 4838 sione
2035 4783 2208 4838 videri
2247 4782 2421 4852 possit
2457 4781 2734 4846 alienum;
2765 4792 3068 4834 consonum
3099 4784 3278 4830 tamen
3315 4788 3400 4828 ra-

1836 4874 2002 4941 tidni,
2028 4874 2158 4930 dum
2204 4883 2348 4931 recte
2392 4874 2472 4929 fit.
2499 4870 2673 4927 Tanto
2727 4870 3013 4926 tenebatur
3065 4866 3398 4922 humiliatio-

1837 4968 1924 5024 nis
1953 4983 2158 5033 amore,
2196 4977 2256 5023 ut
2304 4976 2489 5024 oraret
2537 4974 2955 5036 precareturque
2997 4959 3194 5032 pugnis
3240 4971 3401 5027 atque

1835 5060 2006 5129 alapis
2056 5060 2226 5125 caedi;
2272 5069 2325 5114 et
2376 5074 2507 5113 sane
2559 5055 2916 5126 persuadebat
2971 5062 3025 5108 et
3067 5052 3399 5123 persuadens

1847 5153 2266 5223 percutiebatur,
2296 5161 2349 5207 et
2381 5168 2446 5206 ex
2501 5150 2761 5205 mandato
2811 5145 2989 5200 Patris
3019 5159 3314 5216 percussus
3333 5142 3402 5195 ab

1846 5246 2048 5314 aliquo,
2074 5245 2221 5299 velut
2255 5253 2476 5313 accepto
2537 5254 2758 5296 munere
2791 5238 3070 5292 laetabatur
3108 5253 3122 5288 :
3174 5241 3403 5302 eratque

1848 5347 2070 5407 stupore
2096 5336 2343 5407 dignum,
2382 5336 2612 5389 alterum
2644 5329 2862 5401 quidem
2914 5329 2978 5383 ad
3010 5327 3062 5381 id
3119 5325 3266 5396 quod
3313 5325 3400 5377 in-

1847 5444 2147 5498 congruum
2179 5426 2468 5483 videbatur
2519 5423 2784 5480 violenter
2813 5421 2979 5492 adigi,
3017 5419 3250 5474 alterum
3275 5429 3402 5471 vero

1678 5563 1909 5618 NOTIE.

247 5655 319 5728 (Δ)
360 5657 708 5727 Ecgraphum
739 5667 982 5714 nostrum
1011 5659 1067 5729 ἢ,
1094 5671 1223 5724 aut;
1249 5669 1378 5730 puto
1416 5660 1697 5729 legendum
1726 5660 1843 5725 οὐκ,
1873 5676 2050 5723 neque.

252 5771 321 5835 (Ἰ)
359 5770 596 5825 Sirletus
629 5772 720 5842 psic
756 5781 938 5835 vertit,
983 5781 1244 5842 tanquam
1292 5773 1344 5826 in
1383 5773 1568 5826 eadem
1617 5788 1740 5826 cum

181 5837 490 5895 Ttwnciisto
533 5840 664 5896 cella
702 5842 946 5897 reclusus
1005 5837 1196 5912 fuisset
1226 5860 1239 5896 :
1274 5843 1416 5911 quod
1453 5842 1741 5912 hegumeni

185 5912 613 5965 amditioninon
655 5912 928 5968 convenit.
963 5927 1061 5966 nec
1120 5910 1307 5967 Graeco
1356 5910 1568 5966 textui’:
1632 5912 1741 5967 imo

1850 5771 1989 5826 infra
2037 5772 2275 5826 num.”
2322 5784 2575 5840 expresse
2611 5767 2811 5840 dicitur
2853 5765 3010 5840 Plato
3052 5775 3173 5840 post
3223 5760 3404 5840 Theo:

1849 5842 1988 5896 ctisti
2023 5853 2246 5912 mortem
2277 5836 2511 5912 primum
2563 5838 2618 5895 in
2641 5838 2760 5909 ejus
2786 5836 2978 5896 cellam
3032 5836 3316 5905 migrasse,
3345 5837 3405 5889 et

1850 5911 2087 5969 solitarie
2111 5909 2293 5968 vivere
2318 5909 2567 5970 creuisse.
