3926 6432
577 377 681 443 815

1740 383 1799 441 S.
1840 379 2226 442 THEODORI
2265 380 2351 442 ST
2361 380 2611 442 UDIT/E

3671 367 3777 432 816

573 485 808 560 gaudere
835 484 902 542 de
929 485 1082 543 lucro
1123 487 1318 544 exinde
1343 497 1638 559 reportato,
1665 504 1764 546 nec
1785 492 1966 548 minus
1991 491 2120 548 utile

2236 510 2326 560 rw,
2358 495 2505 557 ὅστις
2555 491 2640 562 εἴη
2668 490 2697 545 ό
2739 486 2910 544 ταῦτα
2957 485 3217 546 ικουσίως
3276 479 3640 554 ὑφιστάμενος
3680 476 3775 532 καὶ

572 587 690 634 erat
723 577 1027 634 videntibus
1042 578 1516 649 audienttbusque,
1547 580 1692 651 quod
1718 589 1861 637 esset
1883 583 1977 652 qui
1996 583 2123 638 talia

577 669 879 724 voluntarie
907 679 1202 740 pateretur,
1255 681 1416 742 atque
1443 672 1497 727 in
1527 671 1628 729 hoc
1658 671 1936 730 Christum
1996 675 2124 730 imi-

575 770 801 815 taretur.

645 853 730 907 15.
765 851 911 909 Talis
951 862 1242 926 tantusque
1270 869 1392 910 eum
1419 867 1582 922 esset,
1622 872 1689 913 an
1723 867 1839 914 erat
1865 859 2122 931 possibile

573 959 680 1000 non
716 946 886 999 amari
939 961 1063 1000 eum
1097 955 1259 1017 atque
1303 948 1496 1019 diligi?
1534 965 1601 1004 an
1620 949 1963 1016 rationabile,
1995 967 2119 1008 eum

571 1037 665 1105 qui
716 1045 888 1090 totum
921 1051 980 1091 se
1009 1037 1303 1094 tradiderat
1326 1040 1669 1105 obedientiar,
1710 1042 1880 1096 lilium
1931 1043 2121 1100 haberi

572 1125 941 1192 inamabilem,
998 1134 1051 1181 et
1088 1143 1195 1182 non
1230 1143 1350 1183 esse
1404 1131 1789 1186 cbarissimum
1843 1133 2128 1204 genitori?

575 1218 908 1290 Diligebatur
945 1236 1092 1287 sane,
1125 1220 1204 1276 uti
1247 1221 1448 1276 dictum
1499 1233 1603 1289 est,
1668 1225 2007 1295 plurimum;
2071 1235 2126 1282 et

571 1321 790 1382 propter
836 1315 1049 1370 virtutis
1072 1316 1370 1372 claritatem
1405 1317 1602 1389 ubique
1623 1319 2035 1389 praedicabatur,
2068 1331 2127 1376 ut

570 1405 664 1472 qui
690 1402 837 1460 Patri
863 1421 964 1461 suo
994 1406 1173 1464 factus
1197 1416 1342 1464 esset
1357 1411 1560 1478 omnia,
1586 1413 1750 1467 veluti
1772 1412 1964 1470 oculus
1994 1413 2127 1468 dex-

572 1507 653 1550 tra
682 1498 924 1561 intuens,
963 1500 1325 1555 velutmanus
1354 1501 1542 1556 eadem
1601 1519 1855 1572 operans.
1921 1511 1976 1558 et
2029 1520 2124 1574 pes

572 1587 637 1641 ad
670 1587 760 1642 illa
791 1591 1149 1659 progrediens
1181 1608 1196 1656 ;
1242 1600 1497 1662 tanquam
1523 1595 1866 1649 consiliarius
1925 1595 2122 1662 bonus,

572 1675 790 1744 adjutor
815 1681 1095 1746 robustus,
1123 1682 1305 1736 suavis
1338 1685 1518 1739 socius
1543 1702 1557 1751 ;
1592 1684 1943 1742 ﬁdelissimus
1973 1687 2026 1741 in
2057 1687 2124 1742 iis

572 1783 691 1836 qua:
718 1769 867 1824 domi
885 1779 1062 1836 erant,
1109 1784 1162 1827 et
1203 1773 1349 1828 circa
1393 1773 1526 1829 l'oris
1551 1776 1722 1844 posita
1767 1777 2118 1844 vigilantissi-

573 1875 695 1915 mus
723 1881 733 1915 :
765 1861 856 1930 qui
883 1862 1042 1916 simul
1063 1871 1116 1917 et
1143 1863 1392 1932 discipuli
1420 1874 1472 1920 et
1499 1864 1682 1922 fratris
1712 1878 1991 1938 praestaret
2035 1869 2122 1925 of-

576 1950 716 2015 ficia,
751 1950 892 2006 addo
929 1953 1090 2008 etiam
1148 1963 1202 2008 et
1241 1953 1462 2022 Patris;
1512 1964 1808 2028 tantusque
1873 1970 2015 2015 esset
2068 1963 2122 2016 in

574 2052 826 2112 utroque,
869 2051 928 2097 ut
983 2044 1270 2112 siquando,
1324 2057 1541 2117 propter
1582 2051 1817 2120 aliquam
1883 2056 2124 2110 necessi-

572 2139 764 2194 tatem,
798 2147 933 2202 opus
958 2144 1103 2188 esset
1131 2149 1356 2205 peregre
1391 2137 1669 2194 Platonem
1709 2157 1890 2211 agere,
1927 2161 2123 2200 Intere-

572 2232 655 2277 ret
688 2225 1010 2280 venerabilis
1032 2225 1373 2283 Theoctistus
1404 2246 1418 2294 ;
1465 2239 1517 2285 et
1556 2233 2010 2301 quemadmodum
2058 2237 2126 2290 de

571 2328 631 2369 se
653 2315 896 2384 loquitur
917 2315 1211 2388 Apostolus
1251 2319 1292 2383 ⁵,
1319 2335 1425 2374 ηοη
1460 2322 1682 2376 haberet
1719 2325 1960 2393 requiem
2014 2328 2125 2397 spi-

570 2403 703 2458 ritui
733 2421 834 2461 suo
891 2417 1109 2477 propter
1139 2409 1414 2464 dilectum.
1440 2409 1572 2477 Quis
1602 2413 1748 2468 enim
1777 2415 1870 2470 illo
1902 2416 1966 2470 ad
1997 2432 2125 2486 pro-

573 2493 849 2562 spicienda
883 2495 1064 2551 futura
1090 2499 1503 2568 providentior?
1530 2502 1654 2571 quis
1700 2505 1767 2558 ad
1830 2520 2121 2563 maerorem

573 2585 880 2643 leniendum
920 2591 1330 2661 curandumque
1351 2596 1849 2651 accommodatior?
1878 2601 1999 2670 quis
2058 2603 2124 2657 ad

571 2676 837 2732 honorem
870 2679 1225 2735 multifariam
1246 2681 1663 2752 impertiendum
1682 2688 1984 2744 solertior?
2017 2690 2125 2745 Ta-

573 2766 640 2820 lis
704 2767 769 2820 ad
797 2770 1187 2824 conciliandam
1224 2772 1324 2826 sibi
1379 2773 1832 2839 benevolentiam,
1895 2789 1950 2831 ut
2007 2795 2126 2849 qua}

572 2855 749 2911 Patris
773 2867 931 2912 erant
966 2861 1149 2914 omnia
1187 2860 1406 2916 haberet
1434 2863 1487 2916 in
1521 2873 1827 2933 potestate:
1855 2875 1964 2921 tam
1991 2869 2125 2924 inte-

573 2945 676 2999 rim
711 2947 921 3001 alienus
956 2948 1023 3002 ab
1057 2962 1243 3003 amore
1281 2965 1462 3004 rerum
1514 2959 1877 3018 terrenarum,
1921 2964 1976 3008 ut
2027 2971 2126 3012 nec

573 3038 718 3092 oboli
761 3040 922 3094 unius
969 3048 1114 3095 esset
1165 3040 1438 3096 dominus.
1485 3040 1590 3096 Pro
1642 3043 1840 3112 quibus
1886 3047 2031 3116 quod
2077 3049 2126 3102 ei

573 3131 878 3231 praemium,
910 3145 1032 3200 quae
1085 3132 1379 3231 retributio.
1408 3132 1651 3231 obtigit‘l.
1665 3133 1894 3191 Paterna
1943 3138 2128 3208 utique
2156 3173 2197 3231 ο

575 3218 880 3274 benedictio
916 3234 1086 3288 super
1132 3219 1470 3290 spiritualem
1503 3220 1693 3288 Jacob,
1719 3239 1783 3278 ex
1816 3240 1926 3294 quo
1960 3227 2128 3294 patri-

577 3308 776 3370 archae,
823 3309 931 3362 imo
971 3308 1270 3363 bierarchre
1303 3318 1359 3362 et
1398 3312 1824 3378 pmmniarcbaz;
1857 3324 1910 3367 et
1952 3315 2020 3368 ab
2048 3316 2132 3371 bis

575 3393 796 3462 plurimi
849 3395 1150 3450 secundum
1208 3393 1376 3449 Deum
1423 3395 1515 3449 [illi
1573 3398 2026 3468 multiplicantur,
2069 3419 2134 3458 ac

576 3498 742 3552 porro
773 3484 1299 3555 multiplicabuntur,
1321 3484 1396 3539 nil
1433 3486 1643 3552 dubito,
1663 3503 1760 3558 per
1790 3506 1975 3548 semen
1999 3495 2134 3552 adeo

577 3573 945 3632 benedictum.
978 3575 1126 3633 Talis
1155 3577 1386 3649 denique
1419 3576 1520 3632 fuit
1549 3577 1724 3646 Plato,
1749 3596 1912 3639 verus
1946 3588 2133 3658 utique

2223 585 2454 658 Χριστὸν
2491 582 2739 639 ἐντεῦθεν
2774 582 3126 654 μιμούμενος.

2296 848 2386 918 ιγ’.
2403 846 2507 902 Τὸν
2531 841 2624 899 οὖν
2652 839 2893 897 τοιοῦτόν
2921 855 2983 892 τε
3007 835 3100 891 καὶ
3128 834 3445 907 τηλικοῦτον
3483 828 3553 904 ἢν
3574 831 3682 902 ἄρα
3708 830 3787 902 μὴ

2223 937 2535 1010 ἀγαπᾶσθαι
2568 935 2662 989 καὶ
2688 931 3048 1004 στέργεσθαι;
3079 928 3190 982 Καὶ
3213 927 3328 990 πῶς
3361 926 3426 980 ἀν
3453 924 3564 995 ἔχοι
3601 923 3786 992 λόγον,

2223 1033 2344 1086 ὅλον
2399 1029 2588 1083 ἑαυτὸν
2639 1025 3022 1098 ἐμπαρέχοντα
3069 1020 3160 1073 τὸν
3200 1019 3300 1088 τῆς
3349 1015 3594 1085 ὑπακοῆς
3643 1011 3786 1078 υίδν,

2226 1122 2495 1194 ἀπόθητον
2524 1119 2620 1174 καὶ
2633 1118 2730 1189 οὐχ
2745 1117 3058 1184 όλόστερνον
3072 1109 3210 1166 εἶναι
3232 1109 3309 1181 τῷ
3332 1111 3614 1179 γεννήτορι
3635 1124 3652 1173 ;
3687 1105 3787 1159 Διά

2223 1215 2381 1270 τοῦτο
2415 1214 2508 1268 καὶ
2557 1211 2836 1280 ἀγαπᾶται
2871 1208 3014 1272 λίαν,
3054 1206 3128 1269 ὡς
3159 1205 3396 1275 είρηται.
3432 1203 3541 1256 Καὶ
3578 1216 3786 1253 πανταο

2225 1302 2321 1376 χοῦ
2367 1305 2430 1373 τῇ
2483 1301 2591 1370 τῆς.
2630 1298 2829 1369 ἀρετῆς
2875 1294 3136 1365 φανότητι
3179 1290 3663 1362 διατεθρύλληται,
3711 1288 3790 1351 ῶς

2225 1395 2401 1450 πάντα
2441 1393 2519 1464 τῷ
2566 1389 2741 1462 Πατρὶ
2793 1388 3095 1458 γινόμενος,
3149 1381 3281 1448 οἷον,
3315 1381 3588 1452 όφθαλμδς
3636 1380 3790 1444 δεξιά

2228 1486 2459 1557 βλέπων,
2489 1484 2611 1554 χεὶρ
2631 1479 3002 1553 ἐργαζομένη,
3036 1476 3171 1556 ποῦς
3201 1473 3454 1546 βαδίζων,
3482 1471 3789 1543 σύμϐουλος

2225 1577 2444 1648 ἀγαθὸς,
2476 1574 2832 1648 παραστάτης
2859 1571 3144 1643 καρτερὸς,
3196 1568 3481 1638 συνόμιλος
3521 1564 3789 1636 γλυκερὸς

2225 1672 2332 1725 τῶν
2361 1670 2504 1723 ἔνδον
2521 1669 2549 1720 ὀ
2571 1667 2911 1729 πιστότατος,
2941 1661 3048 1715 τῶν
3064 1660 3217 1724 tm;
3235 1661 3265 1713 ό
3283 1657 3786 1729 φυλακτικώτατος,

2226 1762 2360 1832 όμοῦ
2406 1761 2502 1832 μὲν
2539 1759 2608 1812 τά
2647 1755 2905 1829 μαθητῶν
2932 1753 3066 1825 ὁμοῦ
3111 1753 3169 1806 δὲ
3211 1753 3279 1805 τὰ
3305 1749 3550 1818 ἀδελφῶν
3587 1746 3794 1800 ὲπιδει-

2157 1827 2199 1882 Β
2229 1827 2509 1924 κνύμενος,
2541 1827 2837 1919 προσθείην
2864 1847 2906 1900 δ’
2933 1845 3000 1900 ἂν
3033 1845 3113 1898 ὅτι
3159 1843 3252 1897 καὶ
3288 1841 3356 1894 τὰ
3385 1839 3598 1922 Πατρός
3630 1855 3792 1909 χαρι-

2231 1946 2476 2016 ζόμενος,
2509 1943 2603 1996 καὶ
2631 1940 2881 2001 τοσοῦτος
2911 1937 2985 1990 ῶν
3008 1937 3066 1990 ὲν
3097 1933 3453 2005 ἀμφοτέροις,
3488 1930 3565 1994 ὡς
3609 1930 3666 1983 εί
3692 1945 3793 1981 που

2229 2035 2371 2090 κατά
2390 2052 2508 2088 τινα
2532 2033 2720 2104 χρείαν
2749 2026 2817 2101 ἦν
2840 2028 3096 2099 ἐκδημεῖν
3118 2026 3210 2079 τόν
3228 2025 3470 2095 ἀοίδιμον
3507 2022 3792 2081 Πλάτωνα,

2229 2130 2329 2200 ἀδη
2340 2113 2533 2199 μονεῖν’
2547 2125 2638 2178 τὸν
2661 2123 2991 2192 ἀείμνηστον
3019 2118 3372 2179 Θεόκτιστον,
3403 2113 3496 2168 καὶ
3528 2111 3605 2183 μὴ
3650 2111 3797 2181 ἔχειν

2230 2214 2818 2286 ἀνεσιν,ἀποστολικῶς
2846 2215 3041 2278 είπεῖν,
3059 2210 3135 2280 τῷ
3151 2208 3422 2278 πνεύματι
3444 2204 3530 2258 διὰ
3561 2203 3661 2257 τὸν
3693 2218 3795 2255 πο-

2231 2315 2510 2384 θούμενον.
2565 2310 2662 2373 Τίς
2714 2307 2822 2378 γὰρ
2869 2304 3079 2359 ἐκείνου
3131 2302 3193 2355 τὸ
3242 2300 3434 2370 μὲλλον
3482 2294 3799 2368 προϐλεψαι

2231 2401 2732 2475 στοχαστικώτερος
2757 2417 2772 2466 ;
2803 2396 2888 2460 τίς
2918 2395 2976 2449 δὲ
3003 2393 3066 2447 τὸ
3092 2389 3296 2445 λυποῦν
3321 2388 3558 2461 μαλάξαι
3601 2404 3664 2438 τε
3701 2386 3796 2439 καὶ

2232 2494 2564 2569 θεραπεῦσαι
2631 2491 3097 2564 προσηνέστεροςς
3130 2485 3212 2549 τίς
3265 2483 3309 2537 δ’
3354 2483 3486 2538 αὐτὸ
3533 2478 3797 2550 χρειῶδες

2232 2591 2459 2642 είσοῖσαι
2495 2582 2941 2654 εὐμαρέστεροςς
2972 2578 3053 2642 τίς
3095 2577 3152 2631 δὲ
3185 2575 3349 2646 τιμὴν
3378 2572 3579 2641 ἀνάψαι
3610 2587 3796 2622 ποικι-

2230 2679 2496 2748 λώτερος;
2531 2674 2784 2736 Τοιοῦτος
2851 2672 2948 2742 μὲν
3004 2668 3139 2741 πρὸς
3191 2666 3406 2720 εὐνοιαν
3453 2664 3678 2733 γνήσιος
3719 2660 3797 2724 ὡς

2232 2773 2447 2827 πάντων
2476 2768 2808 2834 ὲξουσιάζειν
2833 2765 2942 2818 τῶν
2971 2759 3275 2830 πατρικῶν,
3306 2754 3558 2816 τοσοῦτος
3586 2753 3645 2805 δὲ
3669 2755 3799 2822 ἀφι-

2230 2864 2438 2928 λόῠλος,
2465 2860 2538 2924 ὼς
2573 2858 2693 2913 οὐδὲ
2724 2857 2909 2927 κύριος
2941 2849 3147 2905 ὀϐολοῦ.
3186 2847 3326 2902 ’AvO’
3349 2840 3424 2900 ὧν
3443 2843 3571 2897 τίτδ
3591 2844 3796 2914 πέρας,

2231 2956 2331 3010 καὶ
2379 2954 2464 3015 τίς
2508 2953 2542 3022 ἠ
2609 2947 2844 3020 ἀμοιϐή;
2892 2944 2958 2998 Ἦ
3007 2939 3252 3012 πατρικὴ
3301 2936 3520 3005 εὐλογία
3581 2935 3678 2987 επὶ
3701 2933 3801 3022 τόν

2233 3047 2373 3102 κατά
2422 3021 2638 3113 πνεύμα
2678 3036 2892 3102 Ἰακὼϐ,
2942 3035 3004 3100 ἐξ
3031 3027 3092 3088 οὗ
3143 3031 3496 3103 πατριάρχαι,
3547 3025 3648 3080 εἰτ’
3701 3021 3801 3078 οὖν

2236 3139 2486 3211 ίεράρχαι
2537 3134 2633 3188 καὶ
2663 3129 3043 3201 ποιμνιάρχαι,
3094 3126 3186 3195 ἀφ’
3221 3116 3296 3177 ὧν
3325 3117 3514 3211 ,πολλά
3545 3117 3614 3169 τά
3650 3116 3801 3211 ttat}

2232 3200 2553 3281 Θεὸν-τέκνα
2586 3200 2848 3293 πλήθουσί
2872 3236 2931 3272 τε
2965 3217 3060 3271 καὶ
3107 3210 3591 3283 πληθυνθήσονται,
3619 3204 3682 3259 εὑ
3718 3200 3802 3257 οτ-

2233 3319 2319 3383 δα,
2360 3315 2454 3369 τοῦ
2509 3310 2874 3383 εὐλογημένου
2923 3307 3250 3376 σπέρματος.
3306 3296 3570 3360 Τοσοῦτος
3616 3297 3802 3367 ὀπῆς

2232 3411 2509 3477 ὁσιότητος
2538 3402 2773 3475 ἐραστὴς
2801 3401 2873 3465 ὼς
2906 3396 3143 3468 ἀληθῶς,
3176 3395 3267 3448 καὶ
3290 3388 3532 3445 τοιοῦτον
3554 3386 3712 3489 αὐτῶ
3739 3386 3806 3438 τὸ

2233 3498 2405 3563 τέλος,
2443 3496 2518 3559 ῶς
2565 3497 2624 3548 ὲν
2658 3489 2997 3562 σκιαγραφίᾳ
3040 3484 3414 3559 προσεύχρουν
3469 3484 3805 3550 χαρακτῆρα

2234 3595 2332 3662 τῆς
2362 3588 2625 3657 εὐμούσου
2668 3583 2966 3652 ὑποταγῆς.

579 3676 790 3722 amator
822 3669 1149 3734 sanctitatis,
1187 3679 1243 3724 et
1307 3670 1373 3724 ad
1421 3678 1628 3726 tantum
1674 3673 2024 3744 perfectionis
2079 3685 2304 3751 gradum
2384 3679 2650 3744 ascendit,
2701 3685 2761 3730 ut
2821 3671 3039 3730 nonnisi
3118 3668 3532 3726 adumbratione
3557 3663 3802 3736 quadam

578 3758 881 3827 exprimere
925 3760 1194 3826 potuerim
1250 3760 1620 3815 characterem
1671 3762 1933 3819 absolutae
1971 3766 2023 3819 in
2065 3783 2130 3823 eo
2167 3769 2504 3825 obedientie.

649 3850 737 3904 M.
771 3847 1065 3918 Postquam
1096 3855 1276 3903 autem
1309 3849 1568 3918 magister
1595 3850 1715 3919 ejus
1749 3852 1814 3906 ad
1843 3852 2131 3909 Dominum

578 3944 733 4008 abiit,
784 3943 898 4012 ipse
935 3941 990 3996 in
1015 3941 1136 4011 ejus
1195 3942 1384 3996 cellam
1427 3950 1588 4012 atque
1635 3943 1848 3999 vivendi
1910 3946 2132 4000 modum

580 4033 854 4098 transivit,
932 4032 1170 4102 legitime
1232 4031 1513 4101 amplexus
1581 4032 1965 4098 solitudinem;
2025 4050 2131 4089 non

579 4123 1037 4197 quemadmodum
1095 4136 1241 4176 nunc
1291 4123 1480 4188 multi,
1534 4125 1777 4179 eamdem
1834 4126 2134 4194 periculose

581 4216 987 4287 aggredientes;
1021 4214 1112 4283 qui
1162 4214 1476 4283 priusquam
1521 4215 1733 4283 spiritui
1761 4231 1979 4270 carnem
2003 4232 2129 4286 per-

581 4307 723 4362 fecte
757 4304 1111 4374 subjecerint,
1132 4303 1331 4358 audent
1354 4318 1449 4373 per
1467 4319 1527 4359 se
1557 4306 1702 4360 solos
1719 4305 1975 4375 congredi
2009 4323 2134 4362 cum

582 4395 868 4465 spiritibus
922 4394 1206 4464 nequitiae;
1241 4403 1368 4449 tunc
1419 4396 1654 4464 primum
1705 4396 1948 4452 exerceri
2003 4399 2134 4453 inci-

581 4489 815 4559 pientes,
856 4503 979 4543 cum
1002 4496 1215 4557 tempus
1235 4495 1316 4541 est
1348 4502 1574 4557 pugnae;
1603 4497 1655 4542 et
1677 4489 1988 4559 experiendi
2026 4507 2142 4558 gra-

2313 3859 2390 3911 ιδ’.
2435 3853 2653 3924 Ἐπειδὴ
2681 3853 2738 3906 δὲ
2762 3851 3128 3924 παραπέμπει
3157 3847 3295 3919 πρὸς
3339 3845 3430 3899 τὸν
3459 3844 3517 3897 ὲν
3545 3843 3809 3914 οὐρανοῖς

2240 3948 2516 4017 Δεσπότην
2562 3947 2654 4000 τδν
2699 3943 3050 4015 καθηγεμόνα
3076 3981 3094 4006 ,
3119 3939 3441 4010 καθίστησιν
3471 3937 3664 3992 ἑαυτὸν
3721 3937 3812 4001 είς

2238 4043 2328 4095 τὸν
2350 4042 2560 4095 ἐκείνου
2603 4042 2766 4093 τόπον
2804 4039 2898 4091 καὶ
2932 4034 3151 4106 τρόπον,
3179 4033 3275 4087 καὶ
3311 4032 3410 4103 τὴν
3443 4030 3675 4102 ἡσυχίαν
3702 4031 3810 4084 ἀσ-

2239 4133 2472 4198 πάζεται
2520 4133 2755 4201 ἐννόμως
2792 4147 2850 4184 τε
2905 4127 3000 4182 καὶ
3052 4124 3372 4195 ὲνθέσμωςο
3404 4122 3464 4176 οὐ
3510 4121 3652 4176 κατά
3674 4121 3810 4184 τοὺς

2238 4227 2463 4289 πολλοὺς
2520 4225 2628 4278 τῶν
2673 4224 2767 4276 νῦν
2803 4221 3089 4293 σφαλερῶς
3113 4219 3208 4273 ἰπὶ
3238 4217 3441 4287 ταύτην
3464 4213 3806 4287 ἐρχομένων,

2239 4320 2334 4373 καὶ
2367 4320 2498 4389 πρὶν
2548 4316 2812 4381 ὑποτάξαι
2861 4315 2962 4386 τὴν
3014 4314 3192 4384 σάρκα
3227 4310 3303 4380 τῷ
3330 4307 3626 4378 πνεύματι,
3685 4306 3811 4368 τοῖς

2239 4411 2338 4482 τῆς
2380 4409 2642 4480 πονηρίας
2677 4410 2984 4478 πνεύμασιν
3028 4403 3426 4476 μονομαχήσειν
3458 4395 3812 4469 τεθαρρηκὸ-

2240 4517 2371 4565 των,
2392 4500 2486 4554 καὶ
2505 4503 2560 4554 ὲν
2582 4499 2756 4569 καιρῷ
2777 4499 2875 4568 τῆς
2896 4497 3052 4566 νίκης
3075 4492 3327 4548 παλαίειν
3353 4487 3811 4561 εκμελετώντων,

582 4585 656 4637 tia
701 4591 1090 4651 praesumentes
1153 4580 1400 4636 obtinere
1453 4582 1760 4649 victoriam,
1818 4584 1980 4638 etiam
2032 4583 2129 4639 Der

2242 4592 2400 4645 ὁπότε
2461 4591 2550 4644 καὶ⁵
2576 4593 2769 4659 πεῖραν
2809 4588 3029 4642 οίόντων
3072 4583 3478 4652 δυστέκμαρτον
3516 4579 3614 4651 τὴν
3643 4579 3813 4650 νίκην

580 4676 825 4744 iuvante,
856 4672 1149 4728 dillicilem.
1174 4671 1278 4739 Qui
1312 4673 1456 4727 enim
1486 4675 1639 4743 prius
1667 4689 1772 4728 non
1805 4675 1992 4730 didicit
2014 4676 2129 4731 obe-

2248 4683 2344 4736 σὺν
2373 4681 2492 4752 Θεῷ
2525 4678 2856 4751 ποιήσασθαι
2882 4693 2896 4708 ·
2933 4678 2992 4741 ὃς
3021 4676 3128 4747 γὰρ
3165 4675 3232 4728 ἂν
3265 4675 3364 4727 οὐκ
3390 4671 3686 4741 ἐπαιδεύθη
3707 4671 3813 4742 τὴν

583 4766 721 4832 dire,
775 4763 1049 4835 quomodo
1102 4763 1350 4834 subjiciet
1398 4765 1500 4818 sibi
1551 4766 1879 4822 reluctantes
1923 4767 2129 4836 spiritui

2249 4771 2525 4841 ὑποταγὴν
2580 4769 2866 4841 πρότερον,
2898 4767 3013 4830 πῶς
3055 4762 3207 4829 οὗτος
3256 4763 3575 4828 ὑποτάξειεν
3610 4761 3682 4814 τὰ
3719 4779 3814 4815 πο-

583 4857 765 4914 carnis
790 4858 1104 4928 passiones?
1134 4857 1199 4911 Et
1223 4857 1315 4926 qui
1349 4873 1455 4911 non
1503 4858 1821 4913 custodierit
1848 4858 2129 4914 intemera-

2244 4865 2407 4936 λέμια
2461 4863 2642 4933 πάθη;
2677 4863 2773 4915 καὶ
2797 4860 2854 4924 ὃς
2883 4858 3015 4913 δ’ἃν
3053 4858 3128 4929 μὴ
3177 4856 3442 4926 ἐφύλαξεν
3492 4852 3665 4925 ἀγνὴν
3705 4852 3813 4924 τὴν

583 4960 698 5005 tam
729 4951 1152 5014 observantiam,
1186 4950 1460 5020 quomodo
1492 4949 1559 5003 ad
1595 4962 1832 5005 montem
1882 4951 2129 5008 solitaria

2247 4953 2577 5016 εὐπείθειαν,
2605 4950 2721 5014 πῶς
2747 4941 2902 5012 οὗτος
2928 4947 3292 5019 προσϐήσεται
3313 4945 3390 5017 τῷ
3404 4944 3520 5016 δρει
3543 4943 3642 5014 τῆς
3671 4945 3814 5015 ησυ-

583 5041 1011 5099 conversationis
1028 5043 1323 5097 ascendet?
1344 5041 1596 5112 Nunquid
1621 5043 1826 5097 clarum
1863 5054 1966 5107 est,
1997 5044 2142 5114 quod

584 5131 677 5201 qui
707 5132 858 5186 illum
877 5132 1526 5202 attigeritintempestive,
1574 5133 1844 5202 lapidibus
1883 5133 2142 5190 obruetur

585 5231 679 5277 aut
710 5224 1248 5293 conligeturjaculis,
1270 5233 1324 5278 et
1355 5236 1527 5278 morte
1552 5225 1822 5293 spirituali
1856 5226 2139 5292 morietur,

584 5325 748 5384 prout
769 5331 938 5371 sacra:
964 5317 1259 5387 loquuntur
1294 5316 1544 5371 Littera?
1576 5315 1693 5372 Non
1729 5321 1803 5371 ita
1833 5317 1879 5372 is
1935 5318 2002 5372 de
2033 5333 2143 5387 quo

588 5408 746 5463 nobis
779 5418 861 5463 est
886 5424 1063 5463 sermo
1090 5429 1101 5463 :
1128 5424 1249 5463 nam
1287 5409 1464 5463 verbis
1512 5425 1574 5464 ac
1609 5410 1853 5464 moribus
1883 5409 2141 5466 obedien-

655 5517 680 5549 ⁵
706 5517 749 5573 ll
774 5517 898 5573 Cor.
931 5534 991 5584 ιι,
1023 5517 1106 5572 15.

2250 5052 2409 5115 χίας;
2442 5045 2476 5116 ἢ
2520 5042 2762 5113 δηλονότι
2790 5044 2818 5095 ό
2859 5041 3011 5113 παρά
3060 5041 3249 5110 καιρὸν
3290 5038 3460 5108 αὐτῆς
3503 5035 3816 5107 ἁψάμενος,

2247 5136 2415 5198 λίθοις
2452 5133 2952 5206 λιθοϐοληθήσεται,
2987 5131 3020 5203 ἢ
3052 5131 3217 5203 βολίδι
3256 5128 3814 5198 κατατοξευθήσεται,

2248 5228 2340 5282 καὶ
2396 5228 2772 5298 τελευτήσειεν
2820 5225 2898 5298 τῷ
2949 5224 3089 5279 κατά
3134 5223 3311 5295 ψυχὴν
3358 5221 3591 5291 θανάτῳ,
3623 5219 3816 5284 καθώς

2250 5319 2349 5373 πού
2382 5337 2513 5390 φησι
2558 5319 2618 5373 τὸ
2651 5319 2793 5389 ἱερὸν
2820 5319 3058 5389 Γράμμα
3091 5315 3262 5383 ;’Δλλ’
3288 5313 3583 5386 οὐχ-οὑτως
3617 5311 3648 5363 ὁ
3680 5312 3817 5381 περὶ

2250 5405 2310 5466 οὑ
2340 5413 2368 5465 ό
2406 5411 2565 5479 λόγος
2591 5428 2603 5442 ο
2631 5411 2774 5480 λόγῳ
2803 5409 2910 5480 γὰρ
2934 5409 3029 5462 καὶ
3059 5407 3246 5479 τρόπῳ
3271 5405 3578 5476 θεαρέστως
3602 5401 3816 5456 ὑποτα-

659 5701 738 5774 (_8)
763 5702 820 5757 ω
845 5710 931 5756 est
960 5719 979 5754 r
1021 5699 1363 5758 sacerdotum
1390 5711 1444 5757 et
1465 5710 1745 5771 pastorum
1797 5610 2390 5774 principes
2416 5715 2497 5762 est
2527 5705 2672 5761 enim
2724 5703 2979 5762 clarioris
3015 5696 3382 5772 expressionis
3428 5709 3594 5753 causa
3621 5694 3815 5753 Graca

591 5771 751 5826 verba
783 5786 1018 5828 servare.
