3926 6490
151 433 256 503 817

817 443 1099 507 ORATIO
1133 447 1239 507 XI.
1267 472 1333 484 ’-
1367 446 1750 509 LAUDATIO
1803 448 1864 510 S.
1907 447 2284 509 PLATONIS
2321 449 2757 516 HEGUMENI.

3307 453 3415 520 818

153 541 287 609 γεὶς,
318 542 562 613 εὐλόγως
588 544 683 599 καὶ
713 545 1046 618 εὐαφόρμως
1074 547 1398 620 ὲπὶταύτην
1424 551 1730 622 πρόσεισιν,

1851 549 1989 614 iam,
2019 550 2096 604 ttti
2155 550 2265 606 Deo
2320 552 2574 622 placitum
2608 561 2748 622 erat,
2773 565 3062 628 sectatus;
3115 572 3422 632 Opportune

154 635 247 688 καὶ
273 635 368 690 τὸν
397 638 523 690 νοῦν
546 637 874 709 καθαίρεται
905 639 1139 709 ὲγγίζων
1165 641 1305 713 Θεῷ,
1347 644 1443 695 καὶ
1461 643 1582 705 ταῖς
1606 642 1744 712 πρὸς

154 727 316 781 αὑτὸν
348 727 610 800 θεωρίαις
639 728 995 798 γλυκαίνεται
1051 731 1481 804 μετεωροπυρῶν
1511 733 1590 804 τῷ
1619 733 1695 805 νῷ
1724 750 1740 764 ο

153 821 274 874 ἐπεὶ
317 820 454 893 μηδὲ
494 820 702 874 ἔνεστιν
758 823 1014 894 ἡδύτερόν
1046 842 1099 878 τι
1148 825 1241 878 τοῦ
1293 825 1425 878 Θεὸν
1479 825 1624 897 ἔχειν
1659 828 1744 886 ,ὲν

155 911 377 984 θεωρίᾳ,
407 913 468 976 ὃς
497 916 614 966 ἑστι
647 912 964 984 γλυκασμὺς
1006 917 1102 969 καλ⁵
1127 917 1250 980 ὅλος
1300 916 1573 986 ἐπιθυμία
1626 919 1742 982 τοῖς

156 1003 475 1072 γευομένοις
503 1004 669 1058 αὑτοῦ
702 1005 804 1073 τῆς
845 1008 1145 1076 ἀκορέστου
1175 1007 1420 1080 ἀγάπης,
1456 1009 1532 1073 ὡς
1568 1010 1741 1082 λήθην

155 1094 457 1165 λαμϐάνειν
502 1097 596 1149 καὶ
643 1097 816 1168 αὐτῆς
851 1099 1034 1169 σχεδὸν
1055 1100 1157 1170 ’τῆς
1183 1099 1486 1171 ὀρεκτικῆς
1508 1101 1735 1172 τροφῆς.

166 1187 277 1255 Ἐφ’
308 1187 492 1258 ἑαυτῷ
516 1188 618 1256 μὲν
643 1186 735 1242 οὖν
763 1188 937 1244 ταῦτα
959 1192 1054 1244 καὶ
1081 1192 1371 1262 ἐφέλκεται
1401 1192 1495 1245 καὶ
1521 1191 1740 1262 πορίζει

155 1295 261 1344 ται,
305 1281 406 1352 καλ
455 1280 742 1353 δυνάμεως
763 1284 860 1347 ἐίς
913 1283 1142 1355 δύναμιν
1194 1283 1615 1356 μετερχόμενος,
1646 1283 1742 1338 καὶ¹

156 1373 452 1436 ἀναϐάσεις
492 1376 705 1446 ἀρετῶν
741 1379 798 1430 ὲν
824 1377 1024 1450 καρδίᾳ
1051 1374 1454 1447 διατιθέμενος.

790 1578 1051 1632 ΚΕΦΑΛ.
1095 1577 1172 1631 Γ’.

1843 641 2229 712 auspicatoque
2260 645 2578 714 aggreditur
2594 646 2980 717 solitudinem;
3011 660 3065 706 et
3082 663 3317 710 mentem
3336 665 3421 711 at-

1845 730 2044 795 tolcns,
2076 732 2484 802 appropinquat
2508 732 2619 792 Deo
2645 752 2661 801 ;
2687 739 3242 808 contemplationibus
3273 745 3418 801 circa

1845 837 1970 877 cum
2003 822 2350 878 versantibus
2386 824 2711 893 oblectatur,
2745 827 2931 884 animo
2959 832 3177 887 excelsa
3197 849 3417 903 peram-

1844 911 2038 968 bulans
2070 914 2247 969 :nibil
2303 915 2448 970 enim
2490 917 2865 975 delectabilius
2905 930 2989 977 est
3027 938 3194 992 quam
3247 925 3418 981 Deum

1844 1002 2138 1072 speculari,
2183 1004 2277 1074 qui
2319 1014 2467 1060 totus
2500 1016 2585 1062 est
2614 1009 2909 1065 oblectatio
2946 1019 3000 1066 et
3038 1013 3289 1083 voluptas
3319 1031 3419 1070 eo-

1846 1109 1990 1158 rum,
2033 1095 2127 1164 qui
2157 1094 2336 1166 ipsum
2377 1096 2668 1168 degustant
2725 1116 2916 1157 amore
2981 1101 3299 1171 insatiabili,
3344 1107 3417 1162 ita

1847 1194 1905 1241 ut
1931 1201 2067 1256 pene
2092 1187 2146 1242 in
2176 1187 2505 1244 oblivionem
2534 1192 2754 1248 veniant
2777 1193 2950 1263 ipsius
2972 1196 3079 1252 cibi
3104 1200 3417 1267 appetendi.

1845 1276 2037 1348 Itaque
2059 1280 2163 1335 sibi
2193 1280 2295 1350 ipsi
2331 1281 2387 1336 in
2419 1281 2668 1338 futurum
2709 1285 2792 1340 sic
2825 1289 3110 1358 prospexit
3140 1289 3314 1355 Plato,
3351 1307 3418 1346 ex

1848 1369 2046 1426 virtute
2097 1373 2372 1428 transiens
2427 1373 2480 1427 iu
2517 1374 2878 1436 virtutem.et
2931 1381 3288 1437 ascensiones
3319 1398 3421 1438 suo

1845 1458 1901 1515 in
1923 1461 2088 1517 corde
2109 1462 2434 1532 disponens.

2461 1574 2695 1632 CAPUT
2726 1579 2818 1634 Ill.

711 1671 769 1725 S.
805 1671 960 1725 Plato
982 1671 1274 1740 pra'ﬁcitur
1298 1668 1616 1722 monasterio
1653 1665 2047 1738 Symbolorum,
2087 1667 2323 1720 excurrit
2350 1666 2888 1741 Constantinopolim.

225 1765 308 1821 ιε’.
353 1765 577 1837 Ἐπειδὴ
608 1765 665 1819 δὲ
685 1765 786 1819 οὐκ
806 1765 967 1837 ἢρκει
989 1765 1050 1818 τὸ
1067 1762 1400 1817 καθ’ὲαυτὸν
1430 1765 1592 1832 μόνον
1620 1779 1743 1816 σκο-

1920 1759 2009 1814 15.
2040 1758 2311 1825 Quoniam
2347 1776 2477 1815 vero
2512 1777 2858 1832 nequaquam
2910 1763 3112 1820 sufﬁcit
3141 1781 3238 1822 sua
3278 1767 3421 1824 dun-

159 1859 298 1921 πεῖν,
326 1855 604 1926 ζητούσης
626 1855 725 1926 τῆς
750 1855 990 1924 ἀγάπης,
1025 1857 1119 1907 καὶ
1153 1853 1213 1907 τὸ
1240 1855 1348 1907 τῶν
1389 1853 1565 1907 ἄλλων
1600 1869 1740 1921 συμ-

159 1951 323 2021 φέρον
355 1965 368 1978 ·
398 1947 642 2001 τέθειται
670 1946 801 2016 γοῦν
843 1948 938 2000 καὶ
977 1949 1035 2000 ἐν
1068 1946 1220 2010 τάξει
1261 1947 1499 2018 Πατρδς,
1535 1944 1740 2015 μᾶλλον

155 2044 208 2096 δὲ
262 2043 558 2113 φωστῆρος
589 2041 840 2111 δίκηντῇ
896 2040 1338 2112 μνημονευθείσῃ
1393 2039 1737 2110 ἀδελφότητι,

159 2135 298 2188 κατὰ
338 2133 595 2203 διαδοχὴν
653 2131 748 2184 τοῦ
791 2133 1092 2202 μακαρίτου
1143 2133 1488 2199 Θεοκτίστου,
1539 2133 1742 2208 ἐχούσῃ

157 2220 287 2280 ’ῐδιον
327 2226 424 2278 τὸν
471 2223 848 2295 καθηγεμόνα,
871 2225 937 2294 ἢν
960 2226 1056 2279 καὶ
1092 2227 1396 2299 ἀμφότεροι
1438 2246 1739 2298 πνευματι-

161 2316 269 2380 κῶς
296 2333 356 2368 τε
401 2315 498 2368 καὶ
558 2312 883 2383 σωματικῶς
914 2314 996 2367 ὅτι
1042 2316 1278 2386 μάλιστα
1320 2319 1402 2381 εἰς
1425 2317 1486 2370 τὸ
1511 2313 1650 2370 εἷναί
1679 2335 1738 2370 τε

162 2409 253 2460 καὶ
276 2404 650 2475 ὀνομάζεσθαι
684 2405 854 2476 μονὴν
882 2406 1258 2480 εὐαγεστάτην
1287 2410 1624 2480 προήγαγον.
1657 2412 1741 2464 Γί-

163 2515 310 2550 νεται
344 2497 403 2550 δὲ
435 2497 531 2548 καὶ
555 2495 698 2548 δυοῖν
728 2498 1000 2568 φοιτητῶν
1021 2499 1341 2572 καθηγητὴς
1391 2501 1739 2569 ἰδιοτρόπως,

163 2589 248 2657 ὑφ’
276 2584 354 2644 ὧν
385 2587 798 2657 ὲξυπηρετεῖτο,
836 2590 932 2641 καὶ
965 2588 1060 2652 οὓς
1095 2586 1207 2660 εἶχε
1262 2591 1592 2655 συνεστίους,
1626 2593 1739 2645 ἀλλ’

161 2682 278 2751 οὐχὶ
310 2681 625 2747 συσσίτους,
656 2675 732 2735 ὧν
758 2682 787 2734 ό
825 2674 906 2742 εἷς
942 2681 1022 2735 ἔτι
1051 2682 1297 2751 περίεστι
1336 2681 1578 2753 τοῦνομα
1620 2687 1741 2738 Ἀν-

163 2774 425 2839 τὼνιος,ὁ
487 2773 607 2842 μεθ’
644 2773 801 2845 ἡμῶν
848 2775 942 2827 καὶ
993 2775 1090 2828 σὺν
1143 2776 1275 2845 ἡμῖν
1325 2776 1487 2846 μέχρι
1536 2778 1743 2847 γήρους

163 2866 602 2937 ὑποταττόμενος
630 2883 642 2898 ·
680 2867 841 2932 αὐτὸς
881 2869 1015 2939 ἡμῖν
1059 2867 1346 2936 ὑφηγητὴς
1382 2869 1469 2937 εἴη
1506 2868 1741 2924 ἐνταῦθα

162 2959 265 3012 τῶν
286 2958 988 3030 ὲπιξητουμένων.¹’Δρτος,
1012 2960 1164 3028 φασὶ,
1181 2959 1257 3028 τῷ
1286 2960 1462 3031 Πατρὶ
1479 2960 1573 3014 καὶ
1604 2960 1743 3014 κύα-

168 3068 261 3120 μος
285 3049 428 3122 πρὸς
480 3051 733 3121 λαχάνοις
751 3053 843 3105 καὶ
865 3050 1192 3121 ἀκροδρύοις
1217 3051 1312 3122 (e),
1335 3053 1366 3122 ἡ
1386 3052 1507 3106 καθ’
1526 3053 1740 3125 ἡμέραν

163 3143 526 3207 εὖανθίζουσα
570 3143 820 3205 ἀνέλαιος
856 3142 1146 3214 διατροφὴ,
1191 3141 1333 3213 πλὴν
1356 3145 1647 3215 Κυριακῆς
1677 3161 1738 3197 τε

167 3235 252 3287 καὶ
309 3235 534 3305 ἑορτῆς,
596 3234 720 3289 καθ’
749 3233 815 3298 ἃς
859 3234 1042 3288 εἰώθει
1077 3236 1454 3306 ὁμοτράπεζος
1492 3233 1632 3290 εἶναι
1676 3241 1742 3309 τῇ

168 3328 314 3396 κοινῇ
354 3326 707 3395 ἀδελφότητι.
751 3325 940 3390 Ποτδν,
969 3325 999 3378 ὃ
1031 3324 1287 3395 βλύζουσι
1331 3326 1550 3396 κρῆναι,
1578 3326 1672 3378 καὶ
1701 3320 1745 3396 ᾧ

170 3419 466 3485 συνάγεται
504 3415 648 3479 νοῦς,
700 3415 760 3468 οὐ
805 3416 1063 3486 χεόμενος
1101 3416 1443 3484 οἰνοφλυγίας
1490 3417 1744 3487 ῥεύματι,

165 3508 267 3562 οὐδ’
326 3507 464 3562 αὐτὸ
511 3507 808 3577 ἡμερήσιον
829 3507 936 3571 ἀεὶ,
964 3505 1104 3560 ἀλλά
1135 3505 1210 3576 πῆ
1239 3506 1339 3575 μὲν
1372 3507 1548 3576 ὑπερη
1559 3523 1624 3575 με
1636 3510 1739 3578 ρή-

173 3616 298 3661 τιον,
324 3600 405 3667 πῆ
433 3597 494 3650 δὲ
530 3597 924 3667 δυσσευόμενον
949 3598 1015 3668 τῇ
1052 3595 1328 3667 ἑὸδομάδι,
1358 3600 1390 3666 ἦ
1427 3598 1521 3651 καὶ
1549 3597 1747 3652 δεκατ-

169 3693 371 3762 ήμερον
421 3689 836 3759 λαμϐανόμενον
887 3689 986 3758 τῆς
1032 3688 1442 3757 βραδυποσίας,
1480 3689 1547 3741 ἶν’
1576 3690 1749 3755 οὕτως

171 3784 306 3835 εἴπω
334 3781 432 3834 καὶ
476 3779 733 3841 ἀποσίας,
787 3779 924 3846 μετά
969 3779 1069 3848 τῆς
1119 3779 1424 3851 ἐγκρατοῦς
1481 3781 1745 3848 ἐφέσεως,

171 3876 261 3927 καὶ
305 3874 371 3926 ὲκ
426 3870 668 3942 φυσικῆς
703 3871 975 3940 κράσεως,
1008 3876 1088 3934 είς
1126 3872 1239 3939 ἕξιν
1288 3871 1439 3942 αὑτῴ
1474 3871 1722 3926 καθεστώ

175 3979 290 4033 σης.

237 4150 332 4208 ις’.
363 4142 565 4212 Ἐσθὴς
602 4142 826 4213 εὐτελὴς
854 4142 948 4195 καὶ
985 4141 1459 4213 βραχύτιμος,καὶ
1491 4142 1626 4214 πρὸς
1653 4142 1749 4211 μόο

173 4253 263 4304 νην
293 4235 492 4307 Θάλψιν
524 4235 895 4304 πεποιημένη,
934 4234 1050 4288 ἀλλ’
1078 4236 1200 4305 οὐχὶ
1246 4236 1462 4298 λεπτοῖς
1488 4237 1747 4306 ὑφάσμα-

174 4345 252 4381 σιν
283 4327 754 4397 ὲπιτετηδευμένη
779 4365 793 4389 ,
828 4328 948 4381 οὐδὲ
996 4327 1254 4398 βαφικαῖς
1288 4330 1501 4399 χροιαῖς
1535 4327 1748 4398 ἐξηνθι-

175 4421 361 4491 σμένη,
398 4421 466 4493 ἢν
492 4421 542 4472 oi
582 4418 985 4482 καλλωπισταὶ,
1012 4419 1127 4472 ἀλλ’
1151 4418 1212 4472 οὐ
1256 4421 1521 4489 μονασταλ¹
1573 4419 1747 4491 θηρᾷν
1781 4454 1824 4507 D

176 4514 432 4580 ἐφίενται.
464 4511 749 4582 Προσευχὴ
779 4513 873 4564 καὶ
903 4513 1208 4580 ἀνάγνωσις
1242 4513 1519 4579 ἐπίπονος,
1557 4513 1750 4583 ἀφορι-

179 4605 373 4675 ζομένη
405 4603 552 4657 κατὰ
580 4601 794 4673 καιρὸν,
825 4602 919 4654 καὶ
950 4605 1028 4664 εἰς
1053 4602 1260 4672 τροφὴν
1293 4601 1442 4672 αὑτῷ
1469 4604 1590 4656 ἀντὶ
1617 4621 1749 4674 τρυ-

179 4699 273 4768 φῆς
305 4695 750 4770 καρυχευομένη.
774 4693 1135 4746 Γονυκλισιῶν
1156 4697 1450 4765 πυκνότης,
1483 4696 1751 4764 πατρόθεν

176 4788 444 4859 ἠργμένη.
471 4785 533 4849 ἐξ
558 4779 627 4856 ἦς
655 4783 806 4837 τύλοι
830 4781 1026 4852 χειρῶν
1050 4799 1108 4835 τε
1137 4784 1231 4835 καὶ
1265 4782 1367 4852 γῆς
1395 4785 1480 4851 ἐφ’
1505 4779 1573 4855 ἧς
1627 4783 1748 4837 έδε-

177 4881 346 4950 δήκει,
393 4879 562 4950 μέχρι
588 4876 684 4929 τοῦ
717 4875 878 4945 δεῦρο
921 4875 1020 4946 τὴν
1059 4875 1261 4946 ἀρετὴν
1313 4876 1747 4943 στηλιτεύοντες.

179 4972 439 5044 Στρωμνὴ
471 4971 573 5041 οὐχ
599 4967 782 5038 ἁπαλὴ
810 4985 868 5020 τε
895 4968 988 5021 καὶ
1007 4967 1356 5039 διαρῤἐουσα,
1384 4967 1613 5037 ἀλλ’ὃση
1649 4967 1748 5020 καὶ

181 5063 501 5128 ὑπωπιάζειν
546 5060 608 5113 τδ
670 5060 830 5131 σῶμα
879 5059 1174 5130 δυναμένη,
1237 5060 1329 5112 καὶ
1379 5058 1750 5112 ἀταπείνωτον

181 5157 300 5209 αὐτο
333 5154 477 5226 πρὸς
519 5152 620 5217 τὰς
664 5153 1041 5221 πνευματικὰς
1083 5150 1429 5221 λειτουργίας
1454 5150 1749 5220 διαφυλάτ-

181 5263 282 5300 τειν
319 5247 608 5319 ἰσχύουσα.
641 5245 859 5318 Χειρῶν
892 5245 1123 5316 ἐργασία
1165 5245 1254 5298 διὰ
1293 5244 1530 5312 σπουδῆς
1552 5257 1567 5271 ⁸
1595 5242 1752 5296 τοῦτο

184 5343 280 5412 ’,ἀρ
308 5343 421 5394 τῶν
455 5339 667 5394 ἐκείνου
699 5339 1138 5410 κατορθωμάτων
1167 5339 1317 5408 παρὰ
1337 5339 1462 5402 τοὺς
1492 5338 1748 5401 πολλοὺς,

188 5432 264 5486 ἵνα
305 5434 380 5504 μὴ
411 5433 560 5498 λέγω
606 5431 732 5494 τοὺς
764 5431 992 5494 πάντας,
1016 5431 1076 5483 τὸ
1106 5429 1397 5500 ἐπίσημον,
1430 5430 1462 5499 ἢ
1506 5429 1742 5500 μᾶλλον,

188 5526 504 5597 οἰκειότερον
527 5525 723 5592 είπεῖν,
749 5523 934 5594 σὺντῷ
962 5522 1091 5594 ἱερῷ
1114 5522 1420 5592 Ἀποστῶῳ
1461 5523 1626 5592 φάναι
1656 5521 1750 5592 (Ῑ),

1847 1860 1998 1905 taxat
2024 1866 2237 1915 curare,
2264 1852 2356 1906 sed
2381 1861 2435 1906 et
2459 1853 2584 1910 aliis
2614 1853 2764 1908 utilia
2789 1856 2987 1924 quarit
3008 1857 3248 1925 perfecta
3279 1860 3417 1916 cha-

1847 1942 2002 2006 ritas,
2035 1941 2324 1997 ordinatus
2355 1941 2516 1998 Pater
2556 1959 2650 2000 seu
2697 1945 2880 2014 potius
2917 1945 3252 2003 illuminator
3283 1966 3422 2020 prte-

1847 2041 2162 2085 memurata:
2205 2030 2582 2099 fraternitatis,
2610 2036 2889 2104 proprium
2923 2038 3122 2093 habere
3157 2039 3420 2109 begume-

1847 2138 1977 2177 num
2009 2123 2204 2187 solita},
2240 2123 2398 2178 beato
2441 2123 2760 2183 Tlteoctisto
2805 2130 3047 2185 succedit
3079 2131 3132 2184 in
3161 2132 3282 2201 ejus
3313 2133 3416 2188 loci

1848 2212 2134 2282 regimine,
2195 2229 2358 2283 quem
2421 2217 2583 2270 ambo
2641 2218 2695 2271 in
2744 2219 3124 2288 spiritualibus
3173 2237 3327 2291 atque
3356 2239 3420 2277 ac

1847 2306 2241 2374 temporalibus
2269 2319 2655 2375 promoverant
2695 2311 2956 2378 maxime,
2993 2313 3130 2368 adeo
3173 2324 3233 2368 ut
3272 2328 3414 2371 esset

1847 2413 1911 2454 ac
1939 2399 2209 2454 diceretur
2231 2403 2621 2456 monasterium
2646 2404 2848 2474 optime
2867 2406 3246 2462 constitutum.
3268 2407 3416 2464 Duo-

1846 2490 1948 2546 bus
1978 2500 2156 2544 tamen
2186 2492 2454 2560 praecipue
2499 2507 2618 2548 sese
2646 2496 2873 2563 praebuit
2906 2497 3100 2553 ducem
3147 2500 3272 2554 vitae
3303 2501 3416 2570 spi-

1848 2580 2084 2642 ritualis.
2101 2596 2130 2636 a
2150 2581 2350 2651 quibus
2365 2582 2413 2638 ei
2437 2583 2868 2654 ministrabatur,
2884 2602 3136 2660 quosque
3161 2591 3416 2656 habebat,

1849 2687 1960 2727 non
2027 2684 2451 2740 comessatores,
2539 2675 2633 2730 sed
2697 2678 2976 2735 Convivas.
3020 2678 3227 2734 Horum
3276 2697 3419 2736 unus

1850 2762 2030 2817 adhuc
2079 2775 2330 2835 superest
2369 2764 2643 2823 Antonius
2703 2769 2943 2835 nomine,
2997 2771 3089 2840 qui
3132 2773 3419 2828 nobiscum

1851 2869 2022 2924 usque
2074 2856 2140 2910 ad
2187 2858 2399 2911 senium
2432 2858 2536 2912 sub
2579 2859 2886 2915 obedientia
2921 2861 3092 2929 vivit;
3127 2863 3239 2933 ipse
3263 2865 3424 2920 nobis

1851 2954 2128 3016 suggerat,
2158 2961 2280 3016 quae
2320 2947 2408 3001 hic
2463 2946 2865 3004 desiderantur.
2911 2950 3299 3018 Quotidianus,
3335 2954 3421 3007 in-

1849 3038 1988 3106 quit,
2019 3038 2174 3094 cibus
2225 3037 2374 3093 Patri
2427 3047 2546 3095 erat
2573 3042 2751 3111 panis,
2778 3058 2902 3098 cum
2944 3043 3066 3099 faba
3100 3054 3152 3100 et
3181 3045 3422 3101 oleribus

1849 3140 2012 3198 atque
2050 3129 2311 3183 arborum
2346 3129 2638 3195 fructibus,
2660 3134 2868 3203 absque
2896 3136 3036 3202 oleo,
3065 3147 3422 3207 praeterquam

1850 3219 2153 3275 Dominicis
2188 3220 2508 3291 festivisque
2559 3224 2773 3292 diebus,
2820 3226 3018 3296 quibus
3065 3240 3426 3282 consueverat

1848 3313 2126 3367 communi
2177 3328 2299 3366 cum
2354 3313 2615 3370 fratribus
2689 3332 2876 3373 mensa
2926 3319 3026 3372 uti.
3079 3319 3249 3375 Polus
3306 3330 3426 3374 erat

1849 3419 2012 3472 quem
2050 3402 2233 3458 fontes
2264 3413 2547 3473 pranstattt,
2579 3414 2635 3460 et
2667 3422 2775 3476 quo
2817 3422 2972 3464 mens
3006 3409 3300 3480 colligitur,
3333 3428 3426 3466 ue-

1848 3510 2121 3565 quaquam
2153 3498 2372 3565 capiens
2398 3496 2605 3551 ﬂuxum
2642 3498 2951 3554 vinolentia:
2974 3509 3061 3566 ;et
3091 3501 3178 3557 bic
3196 3501 3421 3572 quidem

1850 3604 1957 3642 non
1991 3604 2208 3658 semper
2237 3589 2612 3659 quotidianus,
2635 3591 2731 3645 sed
2753 3594 3079 3665 quandoque
3102 3597 3244 3651 ultra
3277 3598 3424 3653 diem

1850 3680 2076 3745 dilatus,
2106 3691 2198 3735 aut
2237 3681 2322 3736 bis
2354 3682 2408 3736 in
2449 3681 2789 3738 hebdomade
2846 3697 3120 3756 sumptus.
3166 3689 3425 3755 Quando-

1849 3787 1953 3842 que
1981 3772 2145 3826 etiam
2175 3772 2388 3827 decimo
2418 3773 2682 3830 duntaxat
2732 3777 2839 3842 die,
2865 3778 3060 3848 exigua
3088 3780 3177 3834 illa
3205 3798 3299 3836 seu
3330 3799 3427 3852 po-

1851 3864 1959 3918 tius
1991 3863 2134 3915 nulla
2166 3864 2419 3918 utebatur
2445 3864 2862 3933 refocillatione,
2898 3881 3119 3939 propter
3149 3887 3420 3928 summam

1850 3954 2175 4025 appetentiaz
2211 3955 2630 4024 continentiam,
2667 3973 2788 4028 quae
2817 3958 2895 4013 illi
2938 3961 3341 4029 quodammodo
3370 3964 3423 4018 in

1853 4057 2108 4102 naturam
2136 4047 2450 4102 transierat.

1923 4140 2011 4194 16.
2043 4138 2218 4193 Vestis
2253 4147 2306 4193 et
2336 4149 2511 4202 curta,
2543 4141 2610 4196 ad
2641 4140 2819 4197 solum
2852 4142 3088 4199 calorem
3127 4145 3290 4214 facta,
3319 4164 3426 4203 non

1851 4234 2030 4280 autem
2079 4226 2375 4282 subtilibus
2432 4227 2723 4285 fllameut'ts
2750 4238 2999 4286 contexta
3045 4241 3140 4288 aut
3183 4235 3426 4291 colorum

1852 4319 2101 4373 tincturis
2130 4318 2342 4382 florida,
2386 4320 2601 4389 qualem
2645 4323 2830 4378 viderc
2880 4333 3064 4379 amant
3094 4341 3199 4380 non
3241 4342 3430 4382 mona-

1853 4410 2072 4474 chi,sed
2103 4411 2496 4479 elegantiarum
2536 4412 2792 4468 studiosi.
2817 4412 3007 4470 Oratio
3041 4427 3094 4470 et
3117 4417 3279 4472 lectio
3309 4417 3430 4487 ejus

1856 4503 2127 4558 laboriosa
2160 4513 2297 4568 erat,
2331 4514 2383 4557 ct
2411 4506 2566 4560 statis
2608 4507 2947 4576 temporibus
2971 4507 3213 4574 definita,
3243 4509 3426 4564 cibum

1855 4612 2073 4667 quoque
2101 4595 2221 4665 ejus
2252 4596 2571 4652 deliciarum
2604 4599 2725 4654 loco
2749 4599 3056 4655 condiebat.
3104 4600 3429 4669 Frequentia

1853 4688 2311 4759 geuuﬂexionum,
2344 4703 2372 4741 a
2417 4689 2667 4745 Patribus
2737 4690 2970 4756 tradita,
3014 4700 3162 4746 tanta
3212 4703 3332 4748 erat
3369 4702 3431 4748 ut

1858 4781 2116 4835 manibus
2153 4781 2366 4850 ipsique
2404 4782 2456 4835 in
2490 4797 2597 4851 qua
2628 4781 2834 4837 fiebant
2858 4793 3016 4839 terrae
3054 4784 3227 4841 callos
3275 4785 3433 4839 indu-

1859 4881 2062 4936 cereut,
2094 4872 2146 4924 in
2179 4883 2596 4928 monumentum
2632 4875 2850 4930 virtutis
2879 4875 3022 4945 ejus.
3058 4875 3300 4931 Stratum
3334 4893 3434 4932 nec

1861 4963 2024 5017 molle
2073 4973 2212 5028 erat,
2265 4979 2368 5018 nec
2425 4964 2567 5019 lecto
2614 4965 2996 5022 circumfluum
3035 4985 3048 5021 :
3089 4967 3180 5023 sed
3217 4984 3327 5038 quo
3355 4968 3436 5022 af-

1857 5056 1966 5126 fligi
1994 5070 2215 5126 corpus,
2239 5066 2292 5110 et
2328 5059 2394 5110 ad
2444 5058 2747 5126 spiritualia
2776 5059 2948 5115 oflicia
3001 5059 3218 5114 firmum
3253 5069 3436 5130 posset

1858 5148 2088 5204 servari.
2146 5147 2406 5202 Manuum
2429 5151 2674 5218 operatio
2697 5152 2964 5223 diligens:
2999 5152 3108 5207 hoc
3164 5153 3311 5207 enim
3371 5169 3436 5207 ex

1860 5241 2135 5312 praeclaris
2196 5241 2340 5295 illius
2379 5241 2598 5297 dotibus
2636 5259 2803 5298 unum
2843 5259 2954 5314 prae
2994 5244 3203 5310 multis,
3240 5253 3436 5299 utnon

1858 5336 2036 5390 dicam
2074 5335 2351 5398 omnibus,
2397 5333 2574 5404 ipsum
2607 5334 2840 5392 faciebat
2892 5339 3327 5402 illustrem;aut
3381 5348 3440 5391 ut

1859 5426 2032 5497 magis
2055 5426 2273 5496 pr0prie
2310 5425 2520 5492 loquar,
2571 5427 2836 5496 Apostolo
2887 5429 3145 5494 similem,
3186 5429 3330 5498 quod
3359 5430 3441 5483 di-

1857 5535 1982 5574 cere
2045 5526 2267 5587 posset:
2319 5516 2402 5569 Αιί
2451 5533 2514 5571 ea
2568 5535 2685 5587 qua:
2745 5520 2872 5573 mihi
2919 5537 3048 5588 opus
3087 5528 3239 5574 erant
3273 5529 3321 5574 et
3358 5520 3437 5574 his

1691 5632 1924 5690 NOTAE.

257 5755 321 5823 (ε)
362 5752 674 5831 ’Λκρόδρυα
703 5769 936 5831 sunmtgs
963 5751 1151 5806 herbas
1185 5750 1570 5831 interpretatur
1616 5749 1743 5804 Sirlt

1883 5749 2024 5831 :_sed
2061 5746 2189 5818 quia
2220 5745 2404 5817 δρύον,
2431 5749 2598 5805 altera
2645 5749 2936 5821 compositi
2965 5765 3114 5821 pars,
3158 5749 3434 5819 signiﬁcat

201 5819 845 5901 mitissimami'arborum
880 5823 1118 5901 fructus,
1139 5833 1194 5876 et
1222 5822 1440 5901 quidem
1469 5821 1743 5901 silvestres

1856 5819 2116 5901 telligerc.
2275 5894 2285 5901 _
2731 5891 2742 5901 ‘
2773 5819 2786 5821 7
2822 5890 2853 5901 η
2907 5891 2915 5897 .

272 5897 333 5963 (ί)
368 5895 714 5964 Ecgrapluuu
748 5903 994 5949 nostrum
1020 5893 1207 5962 φαὲην·
1243 5889 1355 5947 scd
1382 5906 1574 5946 sensus
1599 5889 1810 5945 videtur
1842 5889 2168 5946 infinitivum
2202 5894 2436 5960 exigere,
2467 5906 2627 5960 quem
2662 5890 2940 5945 substitui.
