3926 6470
533 392 641 465 819

1733 403 1793 465 S.
1842 404 1939 462 ΤΗ
1951 402 2227 462 EODORI
2257 400 2599 463 δτυῡιΤΑι

3675 384 3772 449 820

533 506 623 575 qui
674 516 875 559 mecum
918 515 1058 569 sunt,
1092 506 1519 562 ministravertmt
1567 524 1753 564 manus
1816 511 1933 564 ista:
1966 527 1984 564 :
2016 526 2106 564 ne-

2231 528 2443 582 ηχοντος,
2477 510 2609 577 Ταῖς
2629 510 2853 578 χρείαις
2881 526 2998 578 μου
3024 506 3121 562 καί
3153 504 3273 572 τοῖς
3300 501 3441 560 οὖσι
3465 500 3609 570 ξμετ*
3634 501 3767 570 ἐμοὶ

532 612 630 665 que
675 598 841 667 gratis
864 615 1049 668 pauent
1081 600 1345 654 συνηθείίῆ
1408 600 1539 667 Quae
1568 601 1714 657 enim
1765 618 1958 658 manus
1995 603 2107 657 elo-

535 688 774 756 gantius,
808 705 972 758 quam
1001 690 1150 745 illitis
1192 690 1435 752 dextera.
1492 691 1799 745 litterarum
1841 691 2111 745 formabat

540 779 795 832 tractus?
822 788 916 833 aut
944 782 1068 849 quis
1096 779 1370 835 scribebat
1411 780 1733 847 studiosius,
1775 797 1899 836 cum
1937 782 2109 851 ipsius

538 869 792 925 alacritas
849 872 1229 940 qualecunque
1276 887 1414 942 opus
1476 872 1747 929 ferventer
1793 874 2111 944 aggredere-

541 960 823 1027 turiQuis
854 972 1032 1016 autem
1078 978 1399 1019 enumerare
1436 963 1613 1018 valeat
1652 978 1747 1019 eos
1784 964 1837 1017 in
1878 979 2105 1033 quorum

539 1036 790 1107 manibus
812 1064 937 1107 sunt
971 1053 1040 1107 ab
1076 1054 1194 1123 ipso
1235 1054 1423 1124 scripti
1456 1054 1619 1109 libelli
1653 1064 1706 1109 et
1735 1056 2020 1124 Opuscula,
2044 1072 2107 1109 ex

538 1144 766 1200 diversis
790 1145 992 1201 divinis
1026 1144 1278 1201 Patribus
1327 1146 1554 1202 collecta
1598 1155 1653 1201 et
1707 1148 1934 1201 multam
1992 1148 2112 1203 all‘e-

542 1235 718 1290 rentia
774 1236 1289 1294 utilitatem?Unde
1338 1255 1470 1294 vero
1524 1240 1872 1295 monasteriis
1915 1240 2113 1295 nostris

541 1327 645 1380 ista
683 1326 947 1383 librorum
982 1329 1178 1398 copia?
1205 1330 1456 1399 nunquid
1498 1331 1568 1386 ab
1595 1331 1741 1387 illius
1764 1332 1968 1386 sanctis
2000 1347 2115 1385 ma-

543 1417 704 1472 nibus
727 1428 781 1473 et
804 1412 1120 1475 laboribus?
1146 1421 1299 1491 Ipsos
1333 1423 1639 1477 volutantes
1681 1433 1735 1478 ct
1774 1424 2112 1479 illustranmr

541 1508 722 1576 quoad
778 1510 1044 1577 animum,
1084 1522 1139 1566 et
1200 1513 1525 1583 scripturam
1577 1514 1913 1569 admiramur
1949 1515 2109 1570 talem

2212 603 2600 672 ὑπηρέτησαν
2623 606 2683 657 al
2710 602 2903 672 χεῖρες
2919 597 3115 665 αὗται,
3142 600 3231 654 ὅτι
3253 597 3410 668 μηδὲ
3432 596 3665 664 δωρεὰν
3689 594 3772 661 ἀρ

2210 711 2317 749 τον
2338 694 2579 763 ἔφαγεν.
2606 693 2742 747 Ποία
2773 694 2879 764 γάρ
2900 693 3027 763 χεὶρ
3051 694 3152 762 τῆς
3186 690 3395 743 ἐκείνου
3431 687 3626 752 δεξιᾶς.
3656 702 3759 755 μου

2213 785 2507 857 σικὼτερον
2556 784 3135 856 ὲσυρμαιογράφησεν,
3180 780 3329 850 ἥτίς
3376 777 3781 844 ἐπιπονώτερον

2210 876 2309 943 τῆς
2338 876 2543 929 ἐκείνου
2574 875 2882 946 προθυμίας
2920 872 3531 942 ὲσπουδαιογράφησενς
3563 868 3663 922 καὶ
3680 868 3783 916 πᾶν

2212 967 2389 1019 ὁτιοῦν
2439 968 2747 1037 προσπεσὸν
2777 966 2937 1038 ἔργον
2984 964 3200 1037 θερμῶς
3245 960 3627 1035 διεχειρίσατο.
3665 957 3785 1017 Πῶς

2214 1057 2281 1111 ἄν
2333 1075 2417 1119 τις
2470 1057 2927 1130 ἐξαριθμὴσειεν,
2957 1058 3083 1121 τοὺς
3133 1056 3200 1109 τά
3250 1054 3462 1110 ἐκείνου
3491 1050 3783 1119 πονήματα

2219 1150 2317 1204 εἶτ’
2346 1150 2439 1203 οὖν
2465 1151 2773 1221 βιϐλιδάρια
2800 1150 3040 1221 ἔχοντας,
3070 1149 3135 1201 ὲκ
3164 1146 3434 1217 διαφόρων
3458 1142 3620 1197 θείων
3671 1142 3780 1193 Πα-

2218 1240 2393 1310 τέρων
2443 1240 2893 1313 ἀνθολογηθέντα,
2937 1238 3242 1311 καὶίκανὴν
3293 1235 3634 1306 ποριζόμενα
3679 1235 3789 1294 τοῖς

2222 1333 2582 1402 κεκτημένοις
2616 1332 2713 1404 τὴν
2738 1333 3005 1403 ὠφέλειαν
3033 1351 3048 1399 ;
3096 1333 3227 1395 Tati;
3268 1330 3387 1384 καθ’
3415 1330 3567 1399 ἡμᾶς
3603 1327 3660 1379 δὲ
3694 1343 3790 1395 μο-

2218 1423 2338 1485 ναῖς
2381 1421 2546 1477 πόθεν
2575 1423 2796 1479 ἄλλοθεν
2846 1425 2880 1495 ἡ
2924 1424 3032 1477 τῶν
3064 1423 3263 1478 δέλτων
3294 1418 3526 1490 εὐπορία
3556 1436 3572 1485 ;
3609 1418 3643 1488 ἦ
3672 1416 3792 1485 οὐχὶ

2215 1514 2280 1566 ὲκ
2307 1512 2413 1567 τῶν
2441 1515 2652 1571 ἐκείνου
2679 1517 2851 1585 ἁγίων
2884 1515 3085 1587 χειρῶν
3114 1515 3209 1569 καὶ
3235 1514 3446 1579 πόνων;
3475 1512 3542 1574 ἃς
3580 1512 3630 1564 oi
3664 1526 3793 1581 μετ-

543 1614 608 1653 ac
633 1610 860 1657 tantam.
905 1602 1007 1658 Sed
1064 1604 1312 1674 quaedam
1365 1606 1529 1660 tacita
1580 1607 1877 1675 ρταξιειίνίι
1902 1622 2106 1667 sermo.

2231 1612 2391 1677 ,ὀντες
2426 1612 2525 1666 καὶ
2552 1610 2649 1681 τὴν
2670 1609 2849 1681 ψυχὴν
2882 1606 3252 1678 φωτιζόμεθα,
3285 1606 3377 1659 καὶ
3402 1604 3501 1676 τὴν
3543 1601 3792 1673 γραιρίδα

540 1692 607 1748 ad
640 1708 760 1761 qua:
790 1698 1093 1749 enarranda
1124 1697 1462 1766 regrediatur
1488 1713 1711 1753 necesse
1742 1710 1842 1753 est.

2214 1705 2567 1775 θαυμάζομεν
2626 1702 2786 1756 ὁποία
2809 1718 2870 1754 τε
2900 1698 3199 1770 καὶ,ήλίκη.
3244 1696 3422 1752 "Alli
3460 1695 3566 1767 γάρ
3606 1711 3790 1765 παρα-

539 1781 762 1851 δραμὼν
806 1786 835 1837 ό
870 1785 1023 1853 λόγος
1073 1788 1401 1857 ἀνιστόρητά
1457 1805 1596 1853 τινα,
1623 1789 1780 1842 πάλιν
1812 1790 2180 1864 ύπονοστήσας
2218 1794 2607 1863 ἁπαγγελλέτω
2634 1793 2703 1847 τὰ
2742 1791 3198 1861 παραλειφθέντα.

614 1875 700 1929 l7.
734 1875 999 1946 Tempore
1043 1880 1133 1934 illo
1185 1881 1411 1935 invaluit
1442 1890 1733 1950 tempestas
1786 1882 2102 1951 impietatis,
2138 1894 2178 1948 Β

541 1970 954 2037 Constantinus,
972 1974 1216 2044 inquam,
1237 1975 1324 2030 ille
1349 1976 1671 2046 cogitatione
1689 1978 1883 2046 impius
1906 1980 1981 2047 (9)
2002 1995 2116 2034 ma-

544 2060 672 2115 litia.-
713 2066 893 2118 omnis
942 2065 1372 2133 receptaculum,
1409 2066 1697 2135 multiceps
1726 2068 1915 2133 draco,
1946 2069 2117 2124 luere-

544 2150 625 2205 sis
655 2153 1056 2210 iconoolasticae
1111 2156 1329 2221 ductor,
1364 2158 1647 2212 monastiei
1676 2159 1889 2214 ordinis
1929 2174 2116 2229 perse-

543 2246 704 2297 eutor
738 2242 992 2300 acerbus.
1029 2243 1200 2309 Quem
1259 2246 1348 2300 ille
1385 2255 1698 2300 nostrorum
1734 2245 2114 2302 Nazara'orum

546 2348 650 2385 non
683 2334 1101 2388 esttertninavit?
1132 2351 1291 2405 quem
1315 2336 1689 2391 absconditum
1725 2352 1833 2392 non
1863 2337 2120 2407 produxit

545 2427 598 2479 in
636 2426 1100 2498 mediumiquent
1143 2430 1243 2484 sibi
1285 2429 1527 2484 oblatum
1567 2443 1675 2482 non
1726 2428 1894 2483 traxit
1927 2429 1980 2483 in
2015 2429 2113 2483 ba-

546 2519 792 2572 rathru‘m
824 2518 1162 2589 impietatis?
1201 2520 1345 2576 Sane
1376 2521 1419 2576 si
1469 2520 1595 2591 quis
1632 2535 1698 2575 ex
1730 2519 2119 2575 illustrioribus

546 2607 723 2678 ipsum
758 2609 934 2677 latuit,
966 2620 1224 2681 tauquam
1261 2613 1499 2668 seintilla
1530 2613 1583 2667 in
1634 2611 1756 2666 loco
1791 2611 1994 2673 abdito,
2033 2613 2117 2666 in-

549 2707 632 2750 ter
686 2706 931 2753 mortuos
982 2701 1337 2769 reputabatur
1359 2701 1428 2756 ab
1454 2701 1521 2756 iis
1547 2700 1637 2770 qui
1666 2700 1919 2755 vivebant
1954 2715 2117 2770 super

547 2796 767 2841 terram.
795 2785 942 2844 Talis
968 2799 1148 2846 autem
1198 2793 1359 2846 etiam
1398 2804 1577 2847 noster
1603 2791 1746 2848 Elias
1782 2792 1903 2859 fuit,
1935 2804 2118 2849 custo-

548 2880 739 2936 ditnsa
776 2879 1005 2939 Domino
1036 2884 1090 2937 in
1124 2886 1323 2954 quibus
1357 2888 1714 2943 exercebatur
1739 2888 1897 2953 locis,
1924 2898 1985 2942 ut
2020 2905 2116 2943 ne-

549 2987 656 3041 que
683 2971 735 3026 in
788 2989 984 3029 manus
1036 2976 1160 3031 novi
1206 2977 1363 3032 istius
1406 2978 1591 3032 Achab
1632 2978 1918 3044 incideret,
1945 2993 2120 3048 neque

550 3064 827 3133 particeps
854 3064 1003 3120 lleret
1026 3065 1363 3136 impietatis;
1399 3071 1492 3124 sed
1543 3079 1664 3139 post
1698 3071 1987 3126 transitum
2020 3087 2119 3124 no-

552 3163 760 3210 cturnae
806 3156 953 3212 illius
1012 3158 1374 3224 conlusionis,
1426 3171 1710 3231 appareret
1762 3163 1918 3217 nobis
1974 3162 2119 3217 velut

2289 1887 2376 1952 ιζ’.
2416 1884 2671 1958 Ἤκμαζε
2716 1883 3019 1955 τηνικαῦτα
3049 1885 3077 1936 ό
3119 1880 3327 1955 χειμὼν
3377 1878 3479 1949 τῆς
3509 1876 3797 1944 ἀσεϐείας,

2223 1982 2629 2043 Κωνσταντϊνος
2664 1980 2693 2032 ό
2721 1977 2989 2048 δυσσεϐὴς
3013 1975 3271 2045 λογισμὸν
3290 2015 3304 2039 ,
3334 1972 3396 2025 τὸ
3438 1972 3538 2042 τῆς
3595 1972 3798 2034 κακίας

2221 2074 2449 2143 δοκεῖον,
2488 2074 2517 2126 ὁ
2558 2070 2937 2140 πολυκέφαλος
2982 2068 3219 2139 δράκων,
3252 2069 3280 2119 ὁ
3318 2066 3414 2134 τῆς
3447 2065 3798 2133 εἰκονομαχε-

2223 2166 2326 2234 κῆς
2350 2162 2615 2236 αἱρέσεως
2654 2162 2970 2232 τριστάτης,
3010 2163 3039 2213 ό
3070 2158 3164 2212 τού
3196 2155 3482 2227 μοναδικοῢ
3510 2157 3799 2224 τάγματος

2222 2258 2419 2324 πικρὸς
2459 2253 2714 2326 διώκτης,
2746 2253 2803 2317 ὃς
2854 2252 2975 2306 τίνα
3016 2252 3115 2323 μὲν
3155 2250 3263 2304 τῶν
3288 2248 3411 2303 καθ’
3446 2249 3595 2318 ἡμᾶς
3627 2248 3801 2310 Ναξι-

2227 2347 2396 2415 ραίων
2423 2347 2526 2399 ούκ
2554 2346 2877 2416 ὲξηςράνισεν
2902 2363 2918 2412 ;
2942 2344 3064 2396 τίνα
3092 2343 3149 2396 δὲ
3182 2342 3558 2412 κρυπτόμενον
3584 2338 3689 2391 οὐκ
3723 2339 3801 2399 είς

2228 2438 2391 2508 μέσον
2430 2437 2675 2507 ἦγαγεν;
2710 2438 2858 2489 ποίον
2878 2434 2935 2487 δὲ
2965 2432 3389 2503 άντιφερόμενον
3422 2430 3483 2482 ού
3518 2430 3803 2482 κατέσπα-

2226 2546 2318 2583 σεν
2351 2530 2430 2591 εἰς
2461 2528 2523 2580 τὸ
2552 2527 2646 2582 καὶ
2675 2525 2933 2589 ἀσεϐείας
2981 2524 3283 2595 βάραθρον;
3318 2520 3394 2581 ὼς
3439 2520 3493 2574 εί
3532 2519 3641 2573 πού
3678 2536 3803 2572 τινα

2223 2619 2678 2689 ὲναπολειφθέντα
2725 2619 2835 2672 τῶν
2882 2615 3196 2687 ἐπιφανῶν,
3246 2613 3435 2682 ὥσπερ
3482 2610 3607 2666 τινὰ
3639 2628 3802 2665 σπιν-

2226 2712 2367 2782 θῆρα
2405 2714 2461 2764 ἐν
2491 2709 2787 2780 ἀποδύστῳ
2820 2707 2969 2777 τόπῳ
3014 2706 3291 2775 κείμενον,
3324 2705 3381 2757 ὲν
3403 2703 3619 2773 νεκροῖς
3647 2700 3804 2753 λελο-

2226 2803 2402 2871 γὲναι,
2436 2801 2590 2869 παρὰ
2637 2800 2746 2854 τῶν
2792 2799 2875 2852 ἔτι
2919 2797 3059 2869 ὑπὲρ
3110 2796 3214 2867 γῆν
3263 2795 3450 2848 ὄντων.
3491 2791 3807 2857 Τοιοῦτοςὸ

2227 2894 2495 2965 ἡμέτερος
2536 2892 2743 2954 Ἦλίας,
2786 2890 2891 2944 ὑπὸ
2928 2888 3132 2959 Κυρίου
3161 2886 3571 2955 φυλαττόμενος
3633 2887 3694 2937 ἐν
3723 2879 3806 2947 οἷς

2224 2988 2445 3055 ἠσκεῖτο
2502 2984 2708 3048 τόποις,
2741 2982 2839 3037 καὶ
2882 2980 2957 3053 μὴ
2997 2981 3076 3045 είς
3108 2982 3295 3063 χεῖρας
3326 2979 3487 3042 ἁλοὺς
3526 2976 3623 3032 τοῦ
3674 2976 3807 3031 νέου

2238 3074 2467 3147 Ἀχαὰ6,
2513 3075 2652 3146 μηδέ
2696 3071 2986 3144 μετασχὼν
3023 3073 3122 3141 τῆς
3161 3071 3373 3123 ἐκείνου
3415 3068 3695 3133 ἀσεϐείας,
3739 3066 3807 3120 ἶν’

2227 3169 2477 3238 ἀναφανῇ
2514 3166 2649 3236 μετά
2688 3164 3021 3234 παρέλευσιν
3056 3163 3155 3233 τῆς
3184 3160 3576 3231 νυκτομαχίας,
3624 3159 3809 3230 ἀστὴρ

553 3247 707 3300 stella
761 3248 1026 3303 matutina
1057 3266 1071 3314 ;
1104 3250 1245 3319 quod
1273 3259 1328 3305 et
1374 3250 1570 3306 factum
1621 3253 1879 3307 vidimus.
1914 3253 2120 3307 Etenim

2231 3258 2449 3319 ἑωθινὸς
2479 3258 2631 3327 ἡμῖν,
2659 3258 2795 3325 ὅπερ
2821 3254 2919 3307 καὶ
2951 3254 3196 3322 γέγονεν.
3245 3250 3527 3306 Ἐντεῦθεν
3552 3250 3645 3304 διά
3680 3267 3810 3303 τινα

556 3340 879 3395 necessariis
922 3341 1249 3411 quibusdam
1281 3358 1344 3397 ex
1388 3345 1569 3398 causis
1599 3345 1880 3415 ingressus
1906 3358 1989 3402 est
2018 3344 2122 3416 By-

555 3432 833 3499 zantium;
868 3449 1101 3505 cumque
1135 3437 1170 3490 ii
1200 3435 1294 3506 qui
1330 3437 1382 3490 in
1416 3438 1549 3492 urbe
1588 3439 1779 3509 reliqui
1821 3451 1974 3493 erant
2007 3456 2123 3495 mo-

558 3522 739 3589 nachi,
791 3524 971 3580 denuo
1006 3526 1153 3580 velut
1181 3527 1471 3582 luminaria
1503 3531 1801 3598 cwpisscnt
1841 3531 2117 3600 conspici;

2230 3350 2502 3417 ἀναγκαία
2538 3348 2763 3401 εἴσεισιν
2803 3346 2883 3408 είς
2906 3346 2967 3398 τὸ
3004 3342 3317 3408 Βυζάντιον,
3349 3342 3473 3411 ἄρτι
3504 3340 3699 3411 ῶσπερ
3727 3359 3811 3395 τι-

2228 3437 2334 3494 νῶν
2367 3437 2670 3508 φωστήρων
2720 3432 3159 3505 ἐπιφαινομένων
3190 3431 3299 3485 τῶν
3331 3429 3813 3501 ὲπιλελειμμένων

2233 3529 2516 3601 μοναστῶν
2540 3531 2656 3593 τοῖς
2686 3531 2744 3583 ὲν
2774 3528 2951 3589 ἄστει.

558 3617 867 3685 comparuit
913 3624 1171 3687 tanquam
1206 3634 1235 3671 a
1284 3619 1518 3675 mortuis
1573 3620 1848 3676 redivivus
1910 3622 2123 3689 beatus,
2164 3636 2289 3677 nam
2345 3636 2445 3677 nec
2496 3618 2654 3677 nobis
2717 3618 2940 3690 quidem
2986 3617 3119 3687 ipsis
3160 3616 3471 3674 innotuerat
3526 3612 3666 3685 (l0),
3707 3631 3812 3683 ge-

562 3710 768 3768 nitricis
797 3725 928 3765 mea:
955 3710 1179 3770 fratrem
1222 3712 1400 3768 adhuc
1427 3716 1768 3785 superstitem
1804 3730 1947 3773 esse.

630 3872 718 3926 18.
754 3871 953 3927 Dili'usa
993 3884 1075 3927 est
1133 3884 1311 3929 autem
1349 3878 1617 3934 adventus
1661 3879 1780 3949 ejus
1821 3881 1981 3946 fama,
2022 3896 2127 3935 non

561 3976 770 4019 tantum
826 3968 966 4021 inter
1004 3978 1263 4038 cognatos
1291 3980 1344 4023 et
1385 3981 1565 4036 notos,
1598 3972 1692 4027 sed
1722 3989 1815 4042 per
1845 3982 2009 4028 totam
2038 3991 2130 4028 ur-

564 4059 681 4112 bem
720 4055 1112 4128 Byzantinam;
1160 4061 1282 4114 aliis
1343 4062 1451 4116 alio
1492 4064 1670 4131 ipsum
1707 4065 2047 4121 trahentibus
2077 4076 2131 4121 et

562 4148 792 4218 benigne
816 4150 1262 4217 suSripicntibus,
1289 4161 1449 4221 atque
1489 4154 1714 4208 salutari
1740 4154 1856 4222 ejus
1882 4157 2128 4212 doctrina

563 4238 665 4293 l’rui
711 4241 1076 4308 cupientibus.
1105 4240 1236 4297 Erat
1284 4247 1451 4309 enim,
1488 4255 1546 4300 ut
1576 4245 1670 4316 qui
1710 4248 1967 4315 maxime,
2003 4264 2128 4304 sua-

561 4331 644 4384 vis
708 4346 976 4398 sermone,
1038 4334 1256 4390 suavior
1299 4336 1559 4402 moribus,
1600 4354 1662 4393 ca
1706 4350 1884 4393 autem
1949 4340 2126 4395 forma

561 4438 681 4495 qua:
707 4424 1033 4479 monachum
1060 4429 1429 4493 commendat,
1456 4439 1510 4485 et
1536 4434 1591 4485 in
1625 4431 1871 4487 doctrina
1907 4434 2125 4499 varius;

562 4514 817 4570 omnibus
846 4517 1027 4573 omnia
1048 4515 1245 4582 factus,
1276 4522 1576 4578 secundum
1621 4522 1937 4591 Apostolum
1964 4540 2128 4592 ;con-

558 4608 767 4677 jugatis
827 4617 1019 4665 auctor
1066 4614 1459 4681 temperantia,
1509 4615 1813 4686 virginibus
1852 4615 2129 4682 defensor,

564 4700 885 4756 adhortator
912 4702 1335 4760 constitutorum
1378 4707 1431 4765 in
1471 4715 1759 4777 potestate,
1807 4709 2006 4778 Spiritu
2048 4710 2133 4764 in-

2305 3881 2395 3952 ιη⁶.
2429 3881 2541 3935 Καὶ
2569 3878 2800 3949 ἐπείπερ
2823 3878 2899 3943 ὡς
2926 3878 2989 3931 ὲκ
3019 3877 3230 3949 νεκρῶν
3265 3876 3376 3942 ζῶν
3424 3873 3812 3944 ἀνεγνωρίσθη

2230 3977 2258 4029 ὁ
2285 3976 2595 4047 μακαρίτης
2636 3972 2781 4041 (οὐδὲ
2845 3970 2954 4041 γὰρ
2982 3972 3063 4024 ὅτι
3098 3969 3242 4040 ὑπῆν
3281 3967 3438 4039 ἡμῶν
3484 3966 3583 4037 τῆς
3610 3965 3811 4018 τεκού-

2233 4086 2332 4139 σης
2391 4067 2647 4137 ὁμαίμων
2700 4063 3072 4134 ἐγνωρίξετο),
3108 4062 3319 4130 γίνεται
3371 4060 3695 4129 περιϐόητος
3746 4060 3815 4112 ού

2235 4160 2394 4230 μόνον
2422 4155 2958 4227 συγγενεῦσιν,“αλλα
2982 4154 3089 4225 γὰρ
3109 4154 3203 4207 καὶ
3222 4156 3371 4223 πάσῃ
3395 4155 3463 4221 τῇ
3497 4152 3814 4215 Βυζαντίδι,

2230 4252 2405 4305 ἄλλων
2439 4248 2673 4319 ἀλλαχοῦ
2702 4247 2966 4301 ἑλκόντων
2996 4247 3181 4311 αὑτὸν,
3202 4242 3519 4314 περιχαρῶς
3542 4258 3601 4294 τε
3625 4244 3815 4296 dana-

2233 4341 2499 4413 ζομένων,
2555 4341 2653 4395 καὶ
2704 4340 3039 4411 φιλοφρόνως
3096 4336 3478 4403 δεξιουμένων,
3530 4335 3624 4387 καὶ
3672 4335 3820 4388 ἀπο-

2234 4435 2505 4489 λαυόντων
2560 4431 2908 4495 διδασκαλίας
2968 4429 3374 4501 προσηκούσης.
3410 4422 3519 4480 Ἦν
3565 4427 3677 4498 γὰρ
3731 4428 3819 4481 ὅτι

2241 4528 2475 4600 μάλιστα
2503 4528 2532 4580 ό
2565 4527 2705 4596 ἀνὴρ
2740 4524 2873 4595 ἡδὺς
2919 4522 3009 4576 τὸν
3049 4522 3228 4590 λόγον,
3279 4520 3535 4590 ἡδύτερος
3561 4518 3655 4571 τὸν
3686 4520 3820 4587 τρό-

2239 4636 2359 4681 πον,
2391 4617 2691 4690 ἀσκητικὸς
2707 4616 2768 4669 τὸ
2797 4610 2959 4678 εἶδος,
2988 4612 3273 4681 πολυειδὴς
3299 4614 3397 4681 τὴν
3431 4608 3815 4670 διδασκαλίαν,

2236 4712 2348 4772 τοῖς
2365 4706 2582 4760 πᾶσιτά
2610 4706 2810 4769 πάντα,
2848 4701 3219 4764 ἁποστολικῶς
3237 4702 3431 4764 εἰπεῖν,
3460 4699 3816 4768 γιγνόμενος,

566 4792 849 4847 tirntorum
881 4794 1146 4852 medicus.
1176 4793 1428 4853 Patribus
1460 4797 1599 4852 ﬁlios
1660 4798 1959 4854 concordes
2016 4800 2122 4853 elli-

2238 4804 2344 4853 τῶν
2371 4802 2428 4852 ὲν
2460 4796 2742 4866 συζυγίαις
2777 4795 3169 4865 σωυρονιστὴς,
3207 4791 3315 4845 τῶν
3362 4790 3826 4861 παρθενευόντων

566 4880 764 4949 ciebat,
794 4894 848 4939 et
886 4886 1012 4941 liliis
1042 4896 1225 4955 patres
1258 4889 1647 4944 reconciliabat
1674 4909 1688 4956 ;
1723 4891 1900 4946 servis
1931 4892 2131 4946 suade-

2241 4888 2631 4957 συνασπιστὴς,
2664 4886 2773 4938 τῶν
2814 4886 2872 4937 ὲν
2929 4882 3201 4949 ἐξουσίαις
3244 4880 3678 4952 παρακλητικδς,
3703 4880 3819 4933 τῶν

568 4974 677 5037 bat,
732 4985 793 5030 ut
826 4977 1064 5035 dominis
1095 4993 1282 5038 essent
1312 4984 1567 5053 morigeri
1592 5000 1605 5049 ;
1628 4992 1682 5037 et
1712 4985 1812 5039 hos
1846 4984 2122 5039 inducebat

2234 4981 2601 5036 ἀσθενούντων
2633 4981 2713 5041 είς
2748 4977 2926 5047 ψυχὴν
2957 4976 3161 5047 ἰατρὸς,
3202 4975 3442 5044 πατράσι
3468 4974 3635 5026 τέκνα
3674 4989 3819 5043 συμ-

570 5078 627 5123 υι
656 5068 761 5123 illis
795 5068 1034 5133 l‘acerent
1081 5073 1235 5127 bene.
1267 5076 1338 5131 Ut
1365 5087 1557 5131 cmtera
1593 5092 1753 5147 porro
1785 5078 1989 5139 omnia,
2014 5092 2135 5145 qure

570 5158 648 5213 vir
680 5158 770 5213 Dei
805 5162 1035 5217 faciebat
1060 5164 1399 5236 dicebatque,
1420 5169 1670 5239 cognosci
1696 5169 1927 5237 possint,
1962 5185 2129 5228 unum

637 5270 656 5299 '
692 5272 809 5325 Act.
845 5289 933 5336 vv,
968 5275 1054 5327 54.

2236 5075 2493 5137 διδάξων,
2532 5070 2777 5137 πατέρας
2801 5070 3011 5131 τέκνοις
3060 5067 3449 5121 καταλλάσσων
3471 5108 3485 5130 ,
3520 5065 3819 5131 δεσπόταις

2239 5165 2456 5226 δούλους
2492 5163 2698 5215 εὐνοεῖν
2730 5158 3052 5225 ἀντιϐολῶν,
3081 5159 3175 5213 καὶ
3200 5158 3422 5221 τούτους
3460 5156 3692 5219 ἐκείνοις
3717 5157 3815 5209 εύ-

2090 5388 2321 5445 NOTAE.

644 5550 721 5621 (9)
752 5551 975 5621 Summa
998 5550 1291 5621 crudelitas
1339 5550 1670 5621 (Inpronvmi
1731 5550 1781 5603 in
1835 5548 2135 5603 monachos

572 5632 627 5677 ει
667 5636 854 5700 sacras
895 5620 1186 5700 reliquia§_
1209 5620 1442 5700 refertur
1468 5620 1893 5700 _ar"l'lieophane
1939 5622 2002 5671 ad
2034 5635 2137 5700 an-

576 5708 704 5749 num
748 5690 953 5757 imperti
980 5690 1097 5757 ejus
1131 5691 1216 5745 5|.
1240 5692 1436 5745 Christi
1468 5691 1591 5742 πυ.
1630 5691 1867 5742 Mortuus
1922 5700 1997 5742 est
2032 5690 2137 5740 Co-

583 5776 877 5831 pronymus
923 5761 980 5813 lvi
1005 5760 1335 5827 Septembris
1366 5762 1486 5816 enm
1528 5760 1648 5812 775.
1695 5763 1989 5814 Successor
2024 5760 2140 5825 ejus

2245 5547 2385 5602 lilins
2418 5547 2523 5601 Leo
2558 5547 2799 5615 regnavit
2832 5561 3005 5616 uSque
3033 5545 3099 5600 ad
3160 5559 3367 5600 annum
3399 5542 3520 5605 780,
3558 5555 3813 5602 mortuus

2244 5620 2276 5670 8
2309 5619 2663 5685 Srptcmbris.

2316 5684 2426 5753 (t0)
2467 5688 2804 5745 Indeﬁnitins
2860 5688 3089 5742 Sit-lctus
3121 5705 3131 5738 :
3162 5705 3179 5737 ι
3208 5684 3393 5756 Neque
3437 5684 3584 5740 enim
3644 5700 3676 5739 a
3713 5700 3810 5743 co-

2244 5760 2418 5825 gnatis
2445 5773 2730 5827 superesse
2764 5759 3085 5814 credebatur
3148 5774 3164 5807 ι
